4104 6350
191 347 257 404 ss
953 345 1312 402 MORALIUM
1354 338 1480 399 LIB.
1522 332 1708 399 XVIII.
1752 373 1785 385 -

1891 338 2080 397 :srur
2120 324 2310 392 XXVII
2351 338 2409 390 Β.
2451 336 2590 391 JOB.
3390 336 3458 390 9i

260 468 408 545 [νει.
432 467 593 525 XXX
600 458 794 543 71".]
824 467 911 525 89.
940 468 1039 522 Sin
1076 481 1206 524 vero
1231 483 1259 522 a
1304 466 1619 538 quibusdam
1676 479 1774 535 po-

1891 455 2011 509 dicit
2037 471 2051 507 :
2085 454 2239 508 Nunc
2258 454 2484 507 uidemus
2513 470 2602 523 per
2625 453 2887 515 speculum
2922 450 2975 503 in
3001 452 3290 522 mnigmate,
3343 460 3463 507 tunc

193 570 297 619 test
324 562 379 617 in
402 559 503 615 hac
524 560 698 614 adhuc
748 560 908 630 σοι
952 558 1285 628 corruptibili
1314 571 1475 613 carne
1496 564 1523 595 ι
1552 555 1773 610 viventi-

194 656 310 716 bus.
364 653 460 709 sed
513 663 691 708 tamen
732 651 1089 706 inmstimabili
1132 650 1329 705 virtute
1382 647 1769 710 crescentibus,

194 746 423 817 quodam
449 744 917 812 contemplationis
936 742 1183 797 acumine
1212 753 1410 797 :eterna
1439 741 1531 795 Dei
1557 739 1772 795 claritas

194 837 399 901 videri;
433 836 534 890 hoc
552 848 767 905 quoque
794 848 824 887 a
858 834 997 889 beati
1020 833 1121 889 Job
1149 833 1412 889 sententia
1443 848 1547 887 non
1574 831 1773 887 abhor-

194 937 299 989 ret,
331 925 422 995 qui
448 928 563 980 ait:
595 925 905 981 Abscondita
943 934 1017 979 est
1045 927 1108 981 ab
1147 926 1311 980 oculis
1337 926 1565 980 omnium
1607 926 1776 979 viven-

195 1019 356 1084 tium;
382 1018 630 1087 quoniam
661 1018 903 1087 quisquis
928 1017 1245 1084 sapientiam
1266 1059 1281 1083 ,
1330 1033 1448 1085 qua:
1493 1016 1631 1072 Deus
1669 1026 1772 1085 est,

195 1110 367 1174 videt,
396 1108 516 1162 huic
540 1108 665 1162 vita
695 1108 927 1162 funditus
949 1107 1197 1176 moritur,
1226 1122 1293 1164 ne
1318 1108 1428 1178 jam
1453 1110 1568 1177 ejus
1595 1122 1777 1163 amore

197 1210 462 1257 teneatur.
490 1200 677 1256 Nullus
702 1203 899 1271 quippe
935 1218 1051 1257 eam
1086 1202 1237 1267 vidit,
1266 1205 1357 1272 qui
1388 1203 1559 1257 adhuc
1584 1217 1776 1258 carna-

199 1294 325 1349 liter
346 1293 495 1359 vivit,
520 1293 642 1362 quia
672 1307 829 1347 nemo
853 1300 1028 1359 potest
1058 1293 1223 1347 Deum
1255 1293 1413 1348 simul
1448 1293 1701 1362 amplecti
1725 1302 1780 1347 et

199 1387 478 1440 caculam.
532 1383 633 1451 Qui
657 1384 801 1438 enim
852 1385 1018 1439 Deum
1063 1385 1230 1451 videt,
1290 1400 1355 1440 eo
1386 1385 1501 1453 ipso
1530 1386 1776 1453 moritur,

194 1491 303 1546 quo
329 1477 413 1530 vel
443 1475 736 1529 intentione
763 1476 962 1541 cordis,
979 1477 1063 1531 vel
1092 1476 1286 1531 ell'ectu
1317 1477 1495 1542 oneris
1524 1476 1592 1529 ab
1622 1475 1780 1543 hujus

196 1573 322 1626 vita:
369 1569 815 1625 delectationibus
870 1579 978 1623 tota
1039 1578 1217 1624 mente
1270 1578 1569 1637 separatur.
1630 1566 1779 1623 Unde

194 1664 371 1718 adhuc
419 1664 484 1716 ad
537 1662 784 1716 eumdem
833 1676 1046 1731 quoque
1097 1661 1315 1732 Moysen
1364 1662 1606 1716 dicitur:
1661 1658 1781 1714 Non

195 1753 328 1808 enim
348 1752 535 1806 videbit
559 1768 640 1804 me
661 1753 831 1816 homo,
860 1760 905 1804 et
932 1753 1056 1805 vit-et
1087 1752 1281 1822 (Exod.
1316 1766 1506 1815 xxxm,
1539 1749 1652 1822 21).
1704 1753 1781 1805 Ac

1876 556 2043 601 autem
2090 546 2221 615 {acie
2260 547 2328 598 ad
2360 545 2562 614 faciem.
2606 544 2659 598 Ν
2667 561 2761 598 unc
2784 559 3028 613 cognosco
3059 560 3122 597 ea:
3148 554 3311 615 parte,
3344 557 3464 600 tunc

1874 648 2046 692 autem
2067 650 2367 706 cognoscam
2386 637 2515 689 sicut
2536 645 2582 689 et
2608 637 2835 706 cognitus
2858 652 2965 689 sum
2992 636 3044 707 (ι
3064 634 3187 691 Cor.
3210 650 3327 702 xItt,
3346 637 3459 707 l2).

1946 726 2087 799 [Vet.
2120 724 2413 797 ΧΧΧΙΧ]
2450 726 2540 782 9i.
2584 726 2907 797 flefelluntur
2933 737 2979 781 et
3011 730 3099 795 qui
3134 731 3343 798 angelos
3382 729 3463 782 di-

1874 819 2003 873 vinis
2014 819 2220 873 visionis
2244 827 2473 885 expertes
2501 820 2859 872 somniant.—
2875 820 2979 875 Sed
2996 821 3118 889 quia
3140 823 3206 875 de
3231 820 3339 875 Deo
3370 836 3466 890 per

1876 908 2103 980 primum
2153 910 2412 964 Ecclesia:
2455 910 2859 976 praedicatorem
2914 910 3109 965 dicitur
3155 927 3170 969 :
3225 909 3290 965 In
3319 927 3464 981 quem

1878 1002 2166 1055 desiderant
2193 1003 2363 1073 angeli
2389 1003 2677 1073 prospicere
2705 1000 2757 1070 (l
2788 1000 2964 1066 Pet.t,
3004 1002 3112 1073 12),
3159 1013 3285 1058 sunt
3330 1018 3465 1057 non-

1882 1097 2016 1151 nulli
2042 1098 2128 1163 qui
2160 1111 2489 1165 nequaquam
2523 1096 2689 1149 Deum
2724 1095 2909 1150 videre
2939 1096 3016 1149 vel
3046 1097 3262 1166 angelos
3290 1097 3465 1165 suspi-

1886 1195 2097 1252 cantur,
2155 1194 2211 1239 et
2258 1194 2432 1239 tamen
2462 1185 2660 1239 dictum
2694 1200 2786 1254 per
2818 1184 3063 1239 Veritatis
3093 1188 3409 1241 sententiam
3435 1185 3463 1225 δ

1884 1277 2083 1332 scimus
2133 1293 2145 1330 :
2190 1278 2373 1345 Angeli
2411 1292 2584 1330 eorum
2609 1278 2663 1329 in
2699 1279 2837 1330 cretis
2859 1293 3058 1345 semper
3088 1278 3254 1331 vident
3279 1280 3466 1347 faciam

1886 1370 2061 1426 Patris
2082 1372 2181 1425 mei
2210 1372 2296 1439 qui
2316 1372 2370 1423 in
2393 1372 2529 1425 catis
2557 1378 2633 1424 est
2658 1368 2871 1442 (Matth.
2900 1384 3050 1437 xvut,
3079 1370 3190 1441 l0).
3222 1370 3467 1439 Nunquid

1883 1476 2013 1533 ergo
2036 1462 2178 1516 aliud
2208 1463 2426 1526 veritas,
2450 1462 2591 1516 aliud
2617 1463 2930 1530 praedicator
2955 1463 3165 1517 insonat
3183 1464 3420 1518 veritatis
3445 1462 3468 1517 ἲ

1882 1554 1987 1610 Sed
2021 1565 2044 1592 ι·
2071 1554 2115 1606 Si
2146 1554 2407 1610 sentcntia
2435 1562 2662 1622 utraque
2708 1552 3005 1621 confertur,
3062 1557 3181 1623 quia
3228 1555 3328 1609 sibi
3376 1571 3467 1610 ne-

1882 1659 2143 1713 quaquam
2184 1643 2456 1697 discordet
2498 1643 2825 1712 agnoscitur.
2880 1644 3046 1699 Deum
3075 1644 3238 1715 602
3268 1660 3462 1715 quippe

1883 1734 2055 1803 angeli
2087 1742 2143 1788 et
2162 1735 2365 1797 vident,
2392 1743 2447 1787 et
2475 1734 2658 1788 videre
2685 1735 3027 1802 desiderant;
3080 1746 3132 1791 et
3174 1742 3359 1792 sitiunt
3391 1738 3468 1791 in-

195 1845 238 1900 si
271 1851 456 1911 aperte
482 1844 788 1897 diceretur:
831 1842 1020 1897 Nullus
1049 1857 1281 1911 unquam
1321 1842 1487 1897 Deum
1516 1841 1771 1911 spiritali-

1891 1829 2011 1880 tueri
2039 1836 2094 1881 et
2121 1828 2413 1880 intuentur.
2444 1826 2497 1880 Si
2529 1827 2671 1880 enim
2712 1828 2790 1881 sic
2820 1827 2998 1881 videre
3045 1828 3353 1884 desiderant
3406 1838 3465 1884 ut
3506 1848 3509 1849 '

196 1945 280 1989 ter
307 1935 473 1995 videt,
525 1943 580 1989 et
633 1932 835 1986 mundo
864 1932 1152 1986 carnaliter
1191 1922 1365 2019 vivit]
1389 1931 1539 1987 Unde
1586 1931 1780 1985 Paulus

194 2039 408 2095 quoque
433 2025 726 2093 apostolus,
750 2026 840 2093 qui
863 2025 1038 2077 adhuc
1060 2024 1155 2078 Dei
1179 2023 1487 2089 invisibilia,
1509 2024 1647 2077 sicut
1669 2025 1782 2091 ipse

194 2126 442 2183 testatur,
470 2132 536 2172 ex
570 2126 717 2186 parte
745 2124 1074 2185 cognoverat
1129 2115 1176 2185 (l
1210 2114 1334 2170 Cor.
1363 2129 1479 2174 aut,
1516 2112 1628 2184 1'2),
1672 2113 1783 2181 jam

194 2208 323 2263 huic
347 2207 546 2263 mundo
574 2215 744 2262 totum
774 2220 834 2262 se
878 2216 1150 2261 mortuum
1180 2220 1302 2261 esse
1335 2207 1672 2274 perhibebat,
1703 2205 1785 2258 di-

193 2312 324 2353 cens
348 2316 362 2350 :
390 2299 521 2352 Mihi
544 2298 765 2352 mundus
785 2299 1068 2366 cruciﬁxus
1093 2307 1191 2363 est,
1217 2306 1266 2352 et
1286 2314 1376 2370 ego
1403 2300 1598 2352 mundo
1648 2297 1781 2368 (Ca-

192 2389 290 2443 ω.
321 2405 394 2455 vI,
422 2387 531 2458 14).
584 2389 733 2444 Sicut
763 2390 906 2443 enim
930 2389 1038 2456 jam
1067 2389 1221 2458 longe
1249 2388 1498 2453 superius
1522 2388 1781 2451 diximus,

186 2496 302 2533 non
343 2479 541 2533 sufficit
576 2487 633 2531 ut
673 2479 897 2541 diceret,
955 2477 1154 2532 Mundo
1175 2480 1453 2544 cruciﬁxus
1493 2494 1627 2543 sum,
1681 2477 1785 2532 nisi

187 2570 358 2647 etiam
382 2569 745 2639 praemitteret,
780 2568 913 2622 Mihi
942 2572 1161 2623 mundus
1185 2570 1464 2639 crucifixus
1481 2580 1575 2635 est,
1604 2579 1660 2623 ut
1681 2584 1786 2623 non

188 2661 371 2716 solum
399 2676 457 2715 se
489 2660 686 2715 mundo
714 2670 1005 2729 mortuum,
1052 2662 1147 2715 sed
1196 2663 1359 2716 etiam
1391 2664 1647 2717 mundum
1672 2663 1775 2718 sibi

187 2763 467 2817 mortuum
490 2769 609 2808 esse
631 2763 942 2817 testaretur,
968 2763 1229 2819 quatenus
1256 2768 1357 2807 nec
1377 2754 1490 2823 ipse
1506 2755 1786 2821 mundum,

189 2860 303 2901 nec
332 2846 501 2912 ipsum
523 2846 634 2916 jam
669 2846 897 2900 mundus
928 2856 1222 2915 appeteret.
1252 2846 1308 2903 Si
1346 2847 1487 2902 enim
1540 2847 1647 2901 duo
1683 2847 1792 2901 for-

189 2948 341 2991 tasse
371 2938 422 2991 itt
452 2954 563 2991 uno
584 2939 701 2993 loco
722 2940 848 3004 sint,
874 2954 1101 3009 quorum
1121 2955 1261 2994 unus
1289 2942 1461 3007 vivus,
1492 2941 1629 2994 alter
1660 2954 1791 2993 vero

187 3030 268 3089 sit
289 3038 553 3094 mortuus,
583 3032 683 3087 etsi
717 3041 958 3085 mortuus
982 3032 1250 3086 viventem
1285 3048 1388 3085 non
1415 3034 1579 3095 videt,
1631 3034 1787 3087 vivus

189 3129 380 3175 tamen
428 3131 694 3175 mortuum
757 3122 918 3176 videt.
979 3122 1306 3177 Praedicator
1358 3134 1532 3176 autem
1584 3122 1679 3176 Dei
1733 3129 1794 3175 ιιι

1891 1920 2085 1974 ellectu
2109 1920 2193 1974 sui
2221 1918 2475 1973 desiderii
2505 1919 2723 1973 minime
2752 1918 3111 1988 perfruantur,
3142 1921 3468 1977 desiderium

1884 2014 2001 2068 sine
2040 2012 2213 2067 fructu
2263 2013 2589 2067 anxietatem
2638 2013 2829 2078 habet,
2873 2021 2927 2068 et
2954 2016 3197 2069 anxietas
3232 2030 3469 2083 pmuam.

1887 2104 2033 2158 Beati
2059 2119 2186 2157 vero
2209 2104 2381 2173 angeli
2403 2104 2471 2156 ali
2487 2103 2631 2157 omni
2651 2118 2802 2172 paena
2832 2105 3115 2159 anxietatis
3146 2104 3300 2176 longe
3324 2117 3469 2175 sunt,

1885 2194 2005 2263 quia
2038 2209 2309 2263 nunquam
2339 2196 2493 2251 simul
2526 2208 2682 2262 paena
2703 2204 2758 2249 et
2803 2195 3075 2251 beatitudo
3118 2199 3471 2253 conveniunt.

1895 2289 2123 2343 Rursum
2153 2304 2272 2343 cum
2305 2304 2399 2345 eos
2428 2291 2653 2344 dicimus
2685 2290 2775 2344 Dei
2798 2290 3002 2345 visione
3032 2293 3237 2358 satiari,
3268 2293 3389 2362 quia
3418 2301 3475 2349 et

1888 2378 2172 2434 Psalmista
2195 2380 2270 2434 ait
2295 2398 2307 2433 :
2330 2380 2571 2435 Satiabor
2591 2381 2716 2433 dum
2742 2382 3152 2451 manifestabitur
3183 2384 3346 2452 gloria
3387 2395 3474 2438 tua

1890 2474 2056 2545 (Prol.
2087 2488 2194 2535 xvr,
2227 2473 2338 2539 45!,
2390 2473 2835 2528 considerandum
2886 2475 3040 2531 nobis
3094 2486 3176 2529 est
3222 2477 3471 2545 quoniam

1889 2569 2192 2621 satietatem
2217 2566 2351 2619 solet
2376 2565 2641 2619 fastidium
2666 2566 2937 2637 subsequi.
2963 2566 3030 2623 Ut
3050 2583 3178 2639 ergo
3207 2579 3352 2624 recte
3373 2568 3475 2625 sibi

1891 2666 2119 2728 utraque
2161 2658 2508 2726 conveniant,
2556 2660 2698 2714 dicat
2726 2660 2920 2714 veritas
2948 2678 2961 2714 :
2995 2660 3127 2725 Quia
3158 2679 3353 2733 semper
3395 2658 3473 2717 vi-

1892 2752 2011 2804 dent
2037 2767 2054 2812 ;
2084 2751 2225 2804 dicat
2257 2751 2578 2819 praedicator
2607 2755 2848 2820 egregius
2882 2770 2896 2806 :
2929 2754 3062 2819 Quia
3086 2770 3283 2823 88:”er
3310 2757 3478 2811 videre

1892 2840 2207 2896 desiderant.
2239 2842 2313 2895 Ne
2343 2839 2483 2896 enim
2512 2843 2581 2897 sit
2619 2844 2677 2898 in
2698 2842 2965 2899 desiderio
3015 2847 3279 2913 anxietas,
3338 2847 3477 2902 desi-

1894 2934 2145 2987 derantes
2190 2935 2480 2996 satiantur;
2532 2949 2597 2988 ne
2638 2946 2814 2990 autem
2848 2937 2918 2989 sit
2955 2936 3007 2991 in
3051 2937 3293 2991 satietate
3322 2937 3474 2993 fasti-

1891 3025 2058 3091 dium,
2112 3025 2288 3080 satiati
2337 3026 2663 3081 desiderant.
2716 3027 2779 3081 Et
2822 3028 3127 3082 desiderant
3176 3029 3337 3099 igitur
3361 3029 3475 3084 sine

1898 3118 2102 3183 labore,
2133 3118 2254 3185 quia
2285 3116 2607 3177 desiderium
2632 3117 2848 3171 satietas
2869 3119 3185 3183 comitatur;
3208 3127 3263 3173 et
3282 3119 3478 3173 satian-

187 3213 505 3268 ostenderet
525 3214 645 3281 quia
680 3213 1155 3283 per-ahjectionem
1202 3220 1305 3282 qua
1360 3228 1419 3269 se
1453 3213 1784 3267 Innniliando
1810 3213 1860 3278 (ζ
1896 3217 1982 3262 tur
2013 3212 2128 3263 sine
2154 3206 2386 3275 fastidio,
2417 3209 2540 3278 quia
2574 3211 2684 3279 ipsa
2712 3211 2926 3263 satietas
2953 3224 3017 3264 ex
3048 3208 3312 3264 desiderio
3334 3226 3479 3265 sem-

190 3304 490 3372 dejecerat,
526 3304 642 3357 talis
669 3303 776 3372 jam
804 3306 971 3358 l'actus
1019 3315 1179 3368 esset,
1239 3313 1295 3357 ut
1336 3319 1433 3359 nec
1462 3305 1574 3372 ipse
1618 3321 1776 3358 mun-

192 3393 353 3460 dum,
396 3408 497 3447 nec
543 3395 772 3447 mundus
800 3396 972 3460 ipsum
1004 3395 1410 3461 concupisceret
1433 3438 1446 3460 ,
1480 3410 1585 3449 non
1609 3395 1778 3450 solum

194 3485 277 3539 ait
302 3500 361 3538 se
383 3486 582 3538 mundo
600 3484 931 3548 crucifixum,
956 3494 1015 3538 ut
1046 3486 1158 3553 ip~c
1182 3485 1361 3540 mundi
1380 3486 1598 3556 gloriam
1623 3502 1781 3555 quam

197 3586 479 3644 appeteret
504 3588 752 3645 tanquam
794 3588 1037 3631 mortuus
1064 3594 1166 3630 non
1198 3578 1423 3642 videret,
1478 3578 1568 3631 sed
1622 3578 1780 3631 etiam

198 3668 462 3723 mundum
494 3667 594 3721 sibi
618 3666 844 3721 asseruit
872 3668 1208 3730 cruciﬁxum,
1262 3667 1313 3720 in
1372 3683 1478 3734 quo
1528 3675 1674 3720 tanta
1725 3680 1786 3720 se

202 3756 513 3811 humilitate
539 3755 829 3825 deiecerat,
861 3766 918 3809 ut
942 3766 997 3811 et
1025 3760 1138 3825 ipse
1186 3757 1414 3811 mundus
1438 3765 1688 3825 tanquam
1718 3755 1787 3810 ad

198 3862 326 3903 eum
350 3858 593 3903 mortuus
630 3847 850 3915 Paulum
886 3849 1141 3904 humilem
1165 3861 1321 3919 atque
1341 3850 1651 3918 despectum
1674 3850 1787 3921 jam

202 3938 385 3992 videre
413 3953 743 4007 nequaquam
778 3950 976 4008 posset.

276 4038 367 4093 90.
408 4037 730 4102 Refelluntur
755 4041 842 4108 qui
870 4040 1029 4093 Deum
1057 4056 1090 4094 α
1114 4041 1273 4095 beatis
1303 4042 1464 4095 videri
1507 4050 1705 4096 tantum
1733 4047 1789 4097 in

204 4127 468 4192 claritate,
518 4146 623 4182 non
667 4131 719 4183 in
754 4147 852 4184 sua
897 4140 1080 4185 natura
1118 4143 1374 4188 asserunt.
1406 4161 1476 4175 —-
1503 4134 1788 4190 Sciendum

210 4233 348 4272 vero
391 4229 475 4273 est
521 4219 659 4288 quod
701 4221 847 4275 fuere
891 4225 1131 4277 nonnulli
1185 4226 1273 4294 qui
1329 4226 1492 4280 Deum
1550 4228 1794 4282 dicerent

202 4312 372 4365 etiam
398 4314 450 4364 in
482 4313 568 4365 illa
594 4313 815 4377 regione
842 4314 1188 4371 beatitudinis
1220 4317 1270 4370 in
1298 4318 1540 4372 clartate
1576 4320 1789 4386 quidem

204 4417 307 4473 sua
335 4403 593 4470 conspici,
623 4404 715 4457 sed
745 4405 799 4459 in
831 4415 1021 4459 natura
1049 4407 1264 4462 minime
1284 4407 1474 4463 videri.
1526 4410 1672 4474 Quos
1701 4412 1793 4463 ni-

208 4495 406 4548 mirum
440 4496 613 4549 tninor
643 4496 1002 4565 inquisitionis
1039 4500 1304 4556 subtilitas
1350 4501 1554 4556 felellit.
1610 4502 1793 4573 Neque

1886 3315 1982 3369 per
2010 3301 2342 3356 accenditur.
2377 3301 2466 3355 Sic
2490 3315 2699 3371 quoque
2724 3310 2777 3355 ct
2802 3317 2900 3356 nos
2929 3302 3131 3355 erimus
3156 3302 3368 3371 quando
3409 3303 3483 3360 ad.

1884 3393 2059 3465 ipsum
2092 3396 2293 3450 fontem
2328 3396 2447 3450 vita:
2477 3397 2803 3452 venerimus.
2863 3395 2978 3451 Erit
3016 3397 3168 3451 nobis
3190 3395 3476 3451 delectabi-

1896 3487 2018 3541 liter
2048 3488 2307 3556 impressa
2331 3486 2449 3541 sitis
2494 3488 2650 3541 simul
2682 3500 2838 3556 atque
2878 3486 3116 3543 satietas.
3166 3487 3271 3543 Sed
3322 3486 3481 3555 longe

1891 3581 2047 3632 abest
2074 3580 2142 3632 ab
2174 3580 2272 3632 ista
2300 3579 2385 3632 siti
2416 3580 2727 3643 necessitas,
2761 3581 2915 3649 longe
2964 3594 2992 3632 a
3036 3581 3279 3632 satietate
3330 3578 3487 3633 fastis

1888 3670 2061 3737 dium,
2103 3672 2222 3739 quia
2261 3678 2317 3723 et
2359 3670 2604 3723 sitientes
2650 3670 2983 3735 satiabimur,
3018 3679 3072 3723 et
3111 3670 3286 3724 satiati
3331 3670 3482 3724 sitie-

1892 3775 2031 3815 mus.
2080 3757 2107 3798 ει
2155 3758 2462 3814 Videbimus
2488 3761 2647 3829 igitur
2677 3761 2865 3828 Deum,
2895 3760 3173 3831 ipsumque
3200 3764 3303 3816 erit
3348 3776 3484 3831 pra:-

1897 3857 2062 3911 miutn
2093 3853 2292 3909 laboris
2320 3855 2513 3921 nostri,
2545 3863 2605 3908 ut
2630 3862 2749 3925 post
2781 3855 3119 3909 mortalitatis
3149 3855 3305 3925 hujus
3334 3864 3484 3912 tene-

1893 3947 2041 4014 bras,
2070 3956 2095 3985 ο
2129 3959 2344 4002 accessa
2374 3947 2490 4015 ejus
2515 3947 2632 4001 luce
2661 3947 3007 4016 gaudeamus.

1967 4039 2061 4095 92.
2108 4040 2222 4107 Quo
2252 4054 2400 4093 sensu
2428 4037 2563 4092 Deus
2591 4038 2756 4092 lucem
2786 4038 2973 4092 habitet
2995 4038 3486 4095 inaccessibilem.—-

1894 4131 2000 4185 Sed
2049 4145 2169 4184 cum
2214 4130 2329 4197 ejus
2378 4129 2549 4183 lucem
2609 4129 2837 4184 dicimus
2877 4128 3225 4198 taccessam,
3272 4131 3487 4189 obsistit

1894 4224 2075 4278 animo
2104 4222 2245 4292 quod
2277 4223 2471 4277 Paulus
2495 4221 2626 4276 dicit
2657 4238 2672 4277 :
2707 4223 2809 4289 Qui
2835 4224 2994 4276 lucem
3025 4223 3217 4277 habitat
3255 4226 3483 4278 inacces-

1893 4316 2112 4380 sibilem,
2159 4331 2307 4383 quem
2344 4316 2467 4369 vidit
2508 4316 2679 4369 nullus
2717 4314 3002 4379 hominum,
3041 4319 3129 4369 sed
3176 4332 3265 4371 nec
3315 4318 3487 4373 videre

1896 4416 2058 4477 potest
2087 4405 2140 4476 (Ι
2162 4405 2298 4461 Tim.
2320 4421 2393 4470 vt,
2426 4404 2536 4476 lli).
2561 4406 2627 4459 Et
2651 4421 2859 4461 rursum
2880 4407 3039 4462 audio
3078 4411 3219 4477 quod
3252 4409 3479 4465 Psalmi-

1896 4507 1977 4553 sta
2008 4499 2082 4551 ait
2104 4514 2120 4555 ;
2148 4498 2384 4550 Accedite
2404 4498 2472 4550 ad
2494 4513 2631 4564 eum,
2648 4508 2697 4550 et
2718 4498 3086 4552 illuminamini
3101 4499 3274 4571 (Psal.
3296 4516 3484 4569 xxxut,

209 4587 356 4641 enim
386 4588 460 4641 illi
490 4589 714 4657 simplici
739 4599 792 4644 et
818 4591 1237 4646 incommutabili
1260 4594 1509 4648 essentia:
1538 4595 1681 4649 aliud
1711 4603 1795 4651 est
1822 4600 1877 4657 Ι)
1902 4587 1981 4660 6).
2010 4590 2289 4657 Ουοιηοάυ
2317 4604 2447 4657 ergo
2478 4589 2785 4644 accedendo
2810 4589 3201 4654 illulniﬂamur.
3247 4592 3289 4646 Si
3317 4591 3485 4660 ipsam

208 4678 426 4731 claritas
457 4686 513 4732 et
539 4679 681 4733 aliud
714 4692 923 4748 natura,
947 4682 1040 4736 sed
1070 4683 1181 4751 ipsa
1203 4682 1253 4737 ei
1285 4692 1467 4737 natura
1499 4698 1593 4737 sua
1629 4688 1798 4741 clari-

217 4780 327 4836 tas,
361 4775 469 4841 ipsa
498 4776 716 4830 claritas
744 4785 928 4830 natura
957 4785 1062 4832 est.
1106 4779 1237 4843 Quia
1261 4781 1402 4833 enim
1434 4779 1547 4833 suis
1571 4781 1798 4835 dilecto-

210 4862 365 4917 ribus
396 4863 512 4917 haec
542 4866 633 4920 Dei
682 4867 941 4933 sapientia
994 4884 1053 4922 se
1106 4870 1424 4940 quandoque
1468 4873 1795 4938 ostenderet,

212 4954 334 5019 ipse
368 4955 663 5022 pollicetur,
717 4958 902 5013 dicens
935 4975 948 5011 :
981 4959 1084 5024 Qui
1128 4959 1297 5031 diligit
1336 4976 1433 5025 me,
1476 4963 1717 5034 diligetur
1767 4980 1801 5017 α

212 5046 380 5100 Patre
420 5063 569 5110 meo;
617 5058 665 5102 et
706 5065 799 5119 ego
827 5050 1040 5119 diligam
1085 5067 1221 5118 eunt,
1268 5062 1314 5105 et
1354 5054 1687 5120 manifestabo
1722 5070 1801 5109 nte

210 5138 388 5205 ipsum
421 5138 499 5191 illi
539 5137 718 5204 (Joan.
745 5154 857 5205 xiv,
888 5139 1003 5210 21).
1036 5143 1112 5196 Ac
1138 5143 1182 5195 si
1217 5152 1458 5211 patenter
1478 5146 1616 5200 dicat
1653 5164 1664 5199 :
1699 5147 1801 5214 Qui

214 5230 269 5282 in
305 5242 477 5285 vestra
511 5245 599 5286 me
638 5232 883 5295 cernitis,
915 5242 1101 5296 restat,
1154 5244 1209 5288 ut
1244 5236 1297 5289 in
1345 5252 1460 5291 mea
1501 5252 1585 5292 me
1615 5251 1802 5295 natura

212 5321 461 5375 videatis.
509 5322 643 5379 Hinc
687 5339 875 5379 rursus
916 5323 991 5379 ait
1024 5341 1037 5377 :
1069 5323 1218 5378 Beati
1250 5329 1444 5381 mundo
1471 5332 1644 5396 corde,
1676 5346 1803 5399 quo-‘-

1907 4687 2080 4741 locem
2108 4700 2211 4756 qua
2242 4685 2531 4739 illuminari
2563 4698 2845 4755 possumus
2865 4700 2973 4739 non
2991 4686 3267 4742 videmus?
3288 4688 3342 4741 Si
3360 4698 3487 4745 vero

1908 4779 2214 4835 accedendo
2241 4778 2306 4832 ad
2337 4793 2457 4832 eum
2490 4778 2656 4846 ipsam
2689 4792 2791 4845 qua
2823 4778 3181 4831 illuminamur
3210 4778 3379 4833 lucem
3411 4782 3490 4834 vi-

1907 4891 2048 4941 mus,
2111 4874 2379 4944 quomodo
2429 4875 2813 4930 inaccessibilis
2848 4888 2969 4931 esse
2999 4878 3347 4947 perhibetur?
3374 4876 3489 4945 Qua

1906 4969 1960 5023 in
1992 4984 2049 5022 re
2082 4967 2415 5036 pensandum
2435 4977 2517 5022 est
2540 4969 2678 5037 quod
2711 4969 3140 5025 inaccessibilent
3170 4972 3303 5027 dixit
3325 4980 3352 5020 8
3378 4972 3511 5028 ised‘

1907 5060 2051 5115 omni
2080 5059 2279 5115 homini
2309 5059 2537 5114 humana
2569 5062 2816 5129 sapienti.
2858 5062 3130 5132 Scriptura
3179 5067 3373 5135 quippe
3400 5080 3489 5120 sa-

1901 5167 1990 5207 cra
2017 5166 2204 5207 omnes
2231 5153 2523 5207 carnalium
2547 5161 2864 5218 sectatores,
2896 5152 3243 5210 immanitatis
3275 5153 3491 5209 nomine

1904 5254 2092 5301 notare
2132 5243 2288 5298 solet.
2335 5242 2486 5299 Unde
2514 5242 2684 5297 isdem
2740 5246 3012 5311 apostolus
3046 5245 3359 5311 quibusdam
3406 5247 3488 5301 di-

1905 5335 2277 5391 scordantibus
2330 5334 2457 5389 dicit
2486 5350 2500 5387 :
2532 5335 2662 5388 Cum
2693 5337 2827 5390 enim
2857 5337 2920 5389 sit
2948 5338 3079 5391 inter
3126 5354 3210 5391 vos
3246 5336 3387 5392 zelus
3442 5349 3491 5393 et

212 5413 356 5465 niam
385 5416 481 5484 ipsi
507 5414 671 5470 Deum
694 5418 933 5471 uidebunt
963 5415 1186 5477 (Matth.
1216 5434 1268 5484 v,
1302 5419 1382 5488 8).
1424 5421 1559 5478 iiinc
1611 5421 1807 5480 Paulus
1907 5426 2182 5492 contentio,
2227 5442 2397 5481 nonne
2426 5427 2661 5481 carnales
2681 5430 2823 5492 estis,
2854 5435 2901 5482 et
2927 5428 3207 5483 secundum
3236 5432 3490 5486 hominem

295 5537 322 5564 ι·
346 5528 598 5591 Vindoc.,
630 5534 1041 5590 considentibus.

294 5596 322 5638 δ
345 5600 507 5654 (,‘orli.
546 5602 729 5656 Germ.
761 5616 813 5658 et
839 5607 1060 5669 Bellov.,
1094 5604 1354 5659 discimus.

256 5726 262 5731 ,
299 5680 320 5707 ε
352 5672 559 5737 Nomm,
591 5675 634 5727 si
663 5675 757 5726 sibi
784 5679 1044 5732 sententia.

294 5737 320 5776 ¹¹
350 5742 558 5823 Natum,
614 5743 937 5823 Videbimus
965 5752 1119 5815 igitur
1151 5747 1311 5823 Deum
1338 5748 1505 5823 ipsum
1532 5752 1801 5822 praemium

226 5810 433 5870 laboris.
454 5815 490 5867 ἓ
514 5810 703 5880 Laud.,
734 5816 895 5872 Deum
924 5810 1112 5889 ipsum,
1136 5818 1276 5889 quod
1302 5810 1395 5874 erit
1419 5810 1703 5888 prtcntium.

1979 5547 2003 5577 θ
2039 5538 2088 5592 1.
2124 5537 2316 5605 Laud.,
2346 5538 2581 5593 accensa.

1982 5607 2002 5648 ί
2039 5610 2178 5662 Idem
2191 5650 2203 5673 ,
2236 5626 2519 5664 accensam.

1980 5692 2005 5728 ις
2036 5681 2242 5745 Germ.,
2273 5683 2359 5734 sed
2390 5682 2525 5734 omni
2552 5680 2744 5733 homini
2757 5696 2776 5743 ;
2818 5681 2905 5734 scd
2934 5682 3181 5738 humana.
3214 5683 3394 5741 Norm.
3434 5700 3469 5744 ι

1906 5752 2067 5827 Corb.
2089 5751 2291 5827 (ierim,
2315 5753 2405 5827 sed
2422 5752 2616 5827 homini
2628 5766 2646 5814 ,'
2669 5750 3227 5827 ltomini,_setlgltumana
3248 5759 3486 5827 sapienti.

1910 5828 1933 5880 1
1970 5823 2160 5887 Laud.,
2195 5824 2282 5875 scd
2312 5821 2505 5875 homini
2528 5820 2751 5874 humana
2778 5824 3015 5889 sapienti.
