4044 6346
592 331 661 387 95
1815 333 2059 392 SANCTI
2095 332 2426 393 GREGORII
2461 333 2676 393 MAGNI
3805 343 3873 400 96

586 452 863 507 ambulans
890 450 947 522 (λι
975 452 1096 508 Cor.
1129 468 1211 517 ut,
1241 452 1298 515 3,
1327 452 1426 522 4)?
1456 452 1660 518 Quibus
1687 453 1846 523 paulo
1886 464 2007 522 post
2048 454 2180 508 sub-
2208 457 2263 517 Α
2286 456 2557 526 sicutipse
2571 455 2927 526 conspicitse,
2944 455 3204 511 sicutnon
3222 454 3296 511 ita
3311 455 3873 533 requiescimnsm3

586 544 701 615 jicit
724 565 735 599 :
760 544 948 599 Nonne
969 547 1197 599 homines
1222 546 1378 598 estis?
1405 545 1467 598 Et
1491 546 1630 599 unde
1656 545 1788 599 alius
1813 545 2178 600 testimonium

589 644 839 710 protulit,
877 642 1028 707 Quod
1058 642 1235 696 oculus
1261 660 1360 695 non
1388 644 1536 705 vidit,
1568 660 1658 698 nec
1679 645 1818 697 auris
1845 645 2060 704 audiuit.
2089 660 2180 698 nec

586 732 640 786 in
667 749 753 786 cor
798 734 1020 786 Itaminis
1046 735 1271 787 ascendit
1300 750 1415 801 qua:
1444 735 1751 804 pra’paravit
1783 734 1920 787 Deus
1950 736 2181 805 diligen-

588 827 724 880 tibus
750 843 803 880 se
828 826 883 892 (I
913 825 1034 880 Cor.
1060 841 1118 889 tl,
1147 827 1227 895 ἓ).
1261 828 1326 881 Et
1345 843 1467 881 eum
1495 828 1594 881 hoc
1624 827 1926 881 hominibus
1953 828 2180 883 dixisset

587 918 984 984 absconditum,
1034 933 1155 972 mox
1197 919 1431 973 subdidit
1462 937 1475 972 :
1502 928 1528 956 α
1556 917 1720 972 Nobis
1746 928 1917 972 autem
1939 920 2180 972 reuelauit

587 1007 729 1063 Deus
751 1025 842 1078 per
865 1009 1102 1078 spiritum
1129 1026 1280 1063 suum
1302 1008 1550 1081 (Ibidem)
1574 1028 1588 1075 ;
1624 1011 1793 1079 ipsum
1824 1025 1883 1065 se
1906 1012 1971 1065 ab
2000 1011 2177 1066 homi-

591 1100 677 1155 nis
717 1103 1000 1156 vocatione
1027 1103 1367 1168 discernens,
1395 1106 1482 1173 qui
1515 1114 1695 1174 raptus
1723 1119 1881 1174 supra
1907 1105 2177 1158 hominem

587 1191 768 1246 divina
796 1194 905 1261 jam
936 1204 1167 1263 saperet.
1205 1197 1276 1251 lta
1309 1198 1468 1251 etiam
1524 1197 1623 1251 hoc
1667 1196 1785 1250 loco
1829 1212 1948 1250 cum
2003 1198 2173 1251 lucem

589 1282 686 1338 Dei
721 1287 1161 1347 inaccessibilenL
1178 1289 1501 1356 perhiberet,
1534 1299 1591 1344 ut
1621 1290 1929 1344 ostenderet
1959 1290 2173 1359 quibus,

586 1377 823 1431 subdidit
859 1395 874 1433 :
912 1380 1073 1444 Quem
1101 1381 1222 1434 vidit
1250 1382 1424 1434 nullus
1449 1382 1731 1446 hominum,
1772 1383 1862 1435 sed
1891 1398 1982 1434 nec
2008 1381 2180 1435 ridere

587 1478 772 1535 potest.
826 1468 970 1524 More
1025 1486 1121 1525 suo
1174 1474 1421 1527 homines
1471 1488 1670 1527 vocans
1725 1487 1912 1527 omnes
1942 1474 2175 1528 humana

587 1557 880 1625 sapientes,
930 1562 1051 1629 quia
1101 1562 1190 1631 qui
1238 1564 1417 1617 divina
1472 1565 1706 1633 sapiunt,
1737 1564 1990 1618 videlicet
2014 1579 2175 1632 supra

592 1645 842 1702 homines
870 1659 1015 1705 sunt.
1046 1650 1359 1706 Videbimus
1385 1653 1544 1722 igitur
1595 1653 1785 1719 Deum,
1816 1655 1861 1708 si
1892 1669 1985 1723 per
2014 1656 2177 1709 etule-

584 1747 723 1792 stem
752 1742 1211 1797 conversationem
1237 1759 1397 1812 supra
1430 1744 1672 1798 homines
1701 1760 1821 1799 esse
1850 1760 2172 1801 mereamur.

585 1828 695 1885 Nec
741 1840 915 1887 tamen
958 1833 1032 1887 ita
1064 1834 1361 1889 videbimus
1388 1838 1524 1891 sicut
1564 1838 1707 1892 videt
1749 1840 1866 1907 ipse
1914 1841 2171 1909 scipsum.

586 1923 769 1993 Longe
833 1928 1029 1996 quippe
1074 1929 1399 1998 dispariliter
1447 1930 1591 1985 videt
1620 1941 1831 1987 creator
1880 1947 1959 2000 se,
2014 1949 2176 2002 quam

583 2016 727 2071 videt
758 2028 996 2073 creatura
1020 2030 1338 2075 creatorem.
1388 2020 1521 2074 Nam
1551 2030 1806 2090 quantum
1835 2022 1901 2074 ad
1944 2024 2176 2078 immen-

581 2106 794 2165 Sitatem
825 2110 939 2176 Dei,
970 2113 1185 2182 quidam
1224 2113 1379 2167 nobis
1419 2113 1610 2166 modus
1640 2113 1816 2182 [igitur
1840 2115 2177 2185 contempla-

584 2203 768 2268 tionis,
823 2205 945 2269 quia
984 2219 1051 2258 eo
1081 2205 1198 2273 ipso
1241 2204 1476 2273 pondere
1506 2204 2015 2271 eireumscribimur,
2068 2220 2178 2277 quo

583 2304 828 2350 creatura
853 2310 1059 2351 sumus.

653 2387 796 2459 (Vel.
828 2387 972 2459 XL.)
1013 2388 1040 2427 δ
1079 2390 1166 2445 96.
1209 2392 1335 2445 Non
1362 2392 1589 2445 videmus
1614 2391 1781 2445 Deum
1821 2391 1952 2445 sicut
1988 2393 2099 2460 ipse
2126 2407 2180 2446 se

583 2481 856 2547 conspicit.
880 2512 949 2522 —
971 2482 1078 2537 Sed
1110 2482 1348 2551 profecto
1383 2497 1489 2537 non
1518 2484 1587 2538 ita
1620 2483 1981 2553 conspicimus
2010 2484 2178 2539 Deum

657 2623 682 2650 ⁸
711 2616 731 2668 1
768 2614 959 2680 Laud.,
991 2617 1128 2670 robis
1157 2626 1349 2671 autem.

586 2756 616 2825 ί
656 2682 685 2807 ‘1'
712 2685 919 2751 Germ.,
952 2687 1178 2755 Bellum,
1225 2689 1384 2742 Corn.
1411 2686 1593 2742 Germ.
1630 2696 1685 2744 et
1715 2688 1923 2755 Norm.,
1949 2690 2023 2744 sic
2050 2692 2173 2760 p‘ro-

610 2771 663 2809 ec
689 2773 737 2809 0.

610 2771 737 2809 εειο.

664 2836 685 2863 ε
715 2827 790 2881 Ita
842 2826 971 2883 Mss.
1001 2827 1209 2891 Norm.,
1257 2828 1418 2882 Corb.
1452 2827 1635 2882 Germ.
1678 2839 1732 2883 et
1761 2830 1847 2883 alii
1871 2845 1976 2884 non
2000 2829 2175 2896 pati'ci,

588 2910 722 2967 quos
776 2910 1070 2967 sequuntur
1117 2908 1224 2954 vet.
1280 2899 1380 2953 Ed.
1432 2899 1486 2953 ln
1536 2910 1739 2970 poster.
1784 2901 2013 2971 vulgatis
2053 2914 2174 2954 cum

2286 550 2338 603 in
2372 548 2483 602 Deo
2510 550 2959 617 quemadmodum
2989 550 3104 618 ipse
3133 550 3419 620 requiescit
3447 552 3499 605 in
3526 566 3604 606 se.
3632 552 3762 608 Nam
3790 557 3876 609 vi-

2283 643 2364 693 sio
2390 653 2571 694 nostra
2621 641 2704 695 vel
2755 641 2972 711 requies
3020 641 3127 695 erit
3165 652 3431 713 utcunque
3456 644 3649 701 similis
3677 648 3871 704 visioni

2284 733 2368 785 vel
2399 733 2601 799 requiei
2631 734 2797 798 illius,
2831 733 2926 787 sed
2956 732 3177 801 :cqualis
3207 748 3312 787 non
3354 736 3478 792 erit.
3528 735 3605 790 Ne
3630 739 3773 793 enim
3789 739 3877 811 ja-

2283 839 2501 879 ceatnus
2525 825 2577 877 in
2601 825 2776 887 nobis,
2802 834 2855 878 ut
2886 827 2956 881 ita
2983 815 3177 891 dicam,
3202 830 3667 897 contemplationis
3694 846 3873 900 penna

2284 933 2381 972 nos
2399 917 2665 983 sublevat,
2688 926 2848 987 atque
2872 933 2900 971 a
2933 917 3088 973 nobis
3116 918 3184 972 ad
3214 919 3360 974 illum
3390 920 3645 991 erigimur
3665 922 3876 979 intuen-

2283 1009 2431 1074 dum,
2481 997 2751 1079 raptique'
2776 1010 3073 1064 intentione
3113 1010 3315 1075 cordis,
3345 1019 3401 1064 et
3428 1011 3709 1069 dulcedine
3738 1029 3872 1069 con-

2284 1102 2667 1170 templationis,
2699 1102 2879 1172 aliquo
2900 1102 3061 1156 modo
3083 1116 3112 1155 a
3150 1102 3306 1157 nobis
3338 1103 3474 1162 imus
3498 1104 3550 1158 in
3592 1106 3787 1174 ipsum,
3819 1113 3876 1162 et

2278 1193 2392 1263 jam
2424 1193 2528 1248 hoc
2557 1195 2727 1262 ipsum
2755 1194 2833 1248 ire
2850 1201 3091 1248 nostrum
3116 1194 3293 1248 minus
3316 1202 3402 1249 est
3426 1195 3785 1265 requiescere,
3813 1206 3874 1255 et

2283 1295 2461 1339 tamen
2509 1284 2587 1338 sic
2642 1286 2719 1338 ire
2769 1284 3004 1353 perfecte
3047 1284 3386 1353 requiescere
3414 1297 3515 1341 est.
3550 1288 3616 1342 Et
3644 1291 3877 1356 perlecta

2284 1389 2413 1444 ergo
2434 1375 2646 1445 requies
2671 1384 2772 1442 est,
2809 1386 2831 1414 ο
2858 1377 2982 1445 quia
3005 1375 3145 1430 Deus
3164 1377 3405 1431 cernitur
3427 1395 3441 1443 ;
3462 1387 3516 1432 et
3538 1388 3712 1434 tamen
3735 1381 3878 1437 adu:-

2282 1467 2492 1537 quauda
2529 1482 2634 1520 non
2665 1477 2748 1522 est
2776 1466 2976 1537 requiei
3006 1467 3171 1533 illius,
3212 1469 3304 1538 qui
3337 1484 3443 1523 non
3471 1485 3501 1523 a
3527 1484 3587 1525 se
3622 1470 3676 1524 in
3704 1473 3870 1527 alium

2286 1559 2481 1613 transit
2524 1559 2690 1630 604
2730 1570 2791 1614 ιιι
2839 1559 3100 1628 quiescat.
3127 1561 3217 1615 Est
3238 1561 3415 1630 itaque
3447 1564 3682 1632 requies,
3724 1573 3782 1616 ut
3806 1565 3876 1619 ita

2282 1653 2481 1720 dicam,
2502 1652 2693 1705 similis
2709 1660 2868 1720 atque
2890 1649 3187 1715 dissimilis,
3204 1652 3325 1720 quia
3344 1652 3483 1719 quod
3508 1652 3649 1706 illius
3662 1654 3878 1722 requies

2284 1752 2389 1807 est,
2415 1744 2518 1797 hoc
2538 1753 2721 1797 nostra
2741 1742 2997 1797 imitatur.
3016 1742 3149 1797 Nam
3167 1751 3226 1795 ut
3243 1744 3382 1798 beati
3409 1752 3570 1813 atque
3585 1747 3773 1802 arterei
3804 1747 3879 1801 si-

2283 1852 2405 1892 mus
2433 1836 2485 1889 in
2512 1846 2796 1899 aeternum,
2824 1820 3400 1890 imitamuraucrnum.
3426 1835 3698 1906 Etmagua
3722 1837 3880 1893 nobis

2281 1937 2369 1984 est
2396 1927 2692 1992 mternitas,
2718 1925 2947 1980 imitatio
2965 1927 3300 1983 :nternitatis.
3318 1926 3879 1985 Necexsortessumus

2280 2019 2399 2087 ejus
2420 2032 2578 2086 quem
2609 2016 2804 2072 imitari
2840 2031 3142 2086 possumus,
3172 2018 3295 2085 quia
3319 2030 3373 2072 et
3395 2017 3635 2073 videntes
3658 2016 3684 2054 ἀ
3717 2019 3877 2087 parti-

2281 2112 2543 2180 cipamur,
2576 2120 2631 2165 et
2660 2108 3067 2178 participantes.
3095 2111 3386 2165 imitamur.
3441 2111 3571 2177 Quae
3621 2111 3876 2169 nimirum

2281 2203 2419 2258 visio
2449 2217 2591 2256 nunc
2619 2202 2724 2257 lide
2750 2200 3056 2266 inchoatur,
3102 2202 3195 2257 sed
3227 2210 3352 2256 tunc
3381 2202 3432 2256 in
3454 2203 3633 2271 specie
3658 2203 3873 2270 perﬁci-

2287 2306 2392 2363 tur,
2416 2294 2631 2366 quando
2655 2303 2975 2349 coaeternam
3008 2294 3121 2350 Deo
3146 2296 3490 2365 sapientiam,
3528 2309 3687 2365 quam
3711 2297 3875 2353 modo

2286 2404 2383 2457 per
2407 2402 2503 2443 ora
2531 2386 2932 2456 praedicandum
2956 2385 3111 2456 quasi
3152 2401 3248 2456 per
3287 2385 3627 2441 decurrentia
3657 2387 3880 2445 ﬂumina

2288 2480 2572 2546 sumimus,
2592 2476 2646 2531 in
2665 2477 2784 2547 ipso
2801 2492 2902 2533 suo
2928 2477 3077 2533 fonte
3099 2477 3411 2533 biberimus.

2281 2614 2466 2670 Germ.
2498 2632 2595 2685 pro
2638 2618 2760 2687 quia
2806 2615 2945 2669 Deus
2986 2616 3181 2687 legitur
3218 2635 3321 2687 qua
3371 2618 3507 2675 Deus
3531 2623 3775 2677 cernitur.
3808 2621 3883 2681 Et

2282 2687 2419 2769 intra
2445 2690 2568 2757 quia
2595 2686 2696 2740 non
2722 2705 2754 2740 a
2782 2704 2855 2741 se.
2909 2686 3128 2742 Veteres
3148 2686 3357 2759 quoque
3376 2688 3521 2747 Editi
3542 2691 3739 2749 habent
3760 2693 3874 2762 hic,

2281 2774 2402 2823 quia
2427 2775 2529 2812 non
2553 2774 2585 2811 α
2611 2774 2687 2812 se.

2356 2826 2384 2864 ά
2416 2828 2561 2883 Plur.
2574 2869 2589 2893 ,
2620 2827 3011 2899 participantus.

2806 3069 3872 3099 _—————————

1483 3192 1834 3276 LIBER
1909 3192 2447 3281 DECIMUS
2524 3197 2960 3283 NONUS.

593 3378 686 3442 Ab
718 3382 994 3464 extrema
1017 3383 1199 3455 parte
1229 3394 1395 3464 uera.
1431 3377 1506 3437 21
1540 3394 1676 3455 cap.
1717 3396 1926 3464 xxvm
1956 3395 2148 3464 usque
2190 3377 2271 3438 ad
2305 3395 2466 3439 cers.
2514 3378 2596 3464 21
2654 3383 2963 3464 sequentis
3019 3396 3154 3462 cap.
3214 3360 3528 3449 ea'clusice
3572 3391 3890 3464 perducta

680 3456 1087 3539 capost'tionc,
1122 3457 1291 3519 varii
1322 3475 1536 3517 sensus
1576 3476 1705 3517 non
1750 3459 1953 3518 minus
1990 3456 2171 3518 docte
2223 3475 2407 3537 quam
2452 3459 2557 3538 pie
2621 3456 3023 3539 aperiuntur,
3076 3456 3343 3527 maxime
3399 3468 3472 3529 de
3522 3456 3765 3533 Christo
3824 3456 3890 3535 et

684 3537 988 3603 Ecclesia.

672 3688 811 3764 [γει.
842 3697 888 3742 et
922 3687 1043 3742 nec.
1069 3685 1119 3758 I]
1166 3686 1214 3741 l.
1256 3685 1395 3752 Quid
1422 3684 1618 3740 mirum
1666 3684 1711 3739 si
1748 3691 1945 3739 aeterna
1974 3683 2069 3739 Dei
2099 3697 2183 3737 sa-
2211 3679 2259 3745 C
2289 3682 2485 3738 dicitur
2516 3702 2527 3737 :
2566 3684 2757 3752 Vulpes
2788 3688 2958 3757 foveas
2986 3686 3190 3754 habent,
3219 3695 3266 3742 et
3297 3674 3528 3744 volucres
3554 3692 3668 3745 caeli
3695 3693 3893 3759 nidos;

594 3782 790 3851 pientia
822 3779 1058 3847 conspici
1082 3792 1186 3832 non
1215 3778 1377 3858 valet,
1409 3775 1623 3844 quando
1654 3775 1766 3844 ipsa
1789 3791 2000 3846 quoque
2031 3775 2171 3829 invi-

597 3872 770 3927 sibilia
794 3886 908 3939 quze
932 3885 1027 3937 per
1054 3884 1171 3924 eam
1195 3868 1406 3923 condita
1430 3877 1552 3921 sunt
1572 3867 1818 3922 humanis
1846 3869 2014 3922 oculis
2040 3884 2188 3923 com-

599 3962 858 4034 prehendi
882 3976 986 4014 non
1014 3960 1271 4028 possunt?
1301 3958 1356 4012 ln
1386 3958 1548 4012 rebus
1570 3973 1698 4028 ergo
1711 3958 1905 4012 creatis
1930 3958 2188 4013 discimus

600 4063 895 4111 creatorem
925 4051 1160 4105 outuium
1186 4059 1384 4119 quanta
1421 4050 1722 4104 humilitate
1754 4064 2098 4117 veneremur,
2132 4061 2191 4106 ut

600 4146 654 4203 in
686 4146 785 4200 hac
814 4145 920 4198 vita
949 4158 1205 4211 usurpare
1247 4143 1346 4196 sibi
1388 4142 1457 4196 de
1487 4143 1869 4211 omnipotentis
1892 4142 1986 4197 Dei
2009 4146 2190 4213 specie

601 4252 754 4294 mens
803 4238 1033 4292 humana
1065 4237 1140 4290 nil
1169 4236 1383 4301 audeat,
1431 4237 1571 4305 quod
1608 4236 1780 4291 solum
1837 4239 2025 4293 electis
2076 4240 2189 4295 suis

603 4332 881 4403 prtemium
910 4332 963 4386 in
989 4331 1334 4400 subsequenti
1357 4331 1787 4387 remuneratione
1810 4344 2010 4387 servat.
2037 4332 2189 4389 Unde

603 4423 741 4478 bene
773 4433 1048 4492 postquam
1086 4422 1284 4477 dictum
1319 4430 1404 4477 est
1437 4440 1450 4475 :
1492 4423 1803 4477 Abscondita
1832 4433 1903 4479 est
1933 4425 1995 4479 ab
2025 4425 2191 4480 oculis

605 4517 830 4589 omnium
852 4515 1142 4579 viventium,
1171 4513 1316 4568 illico
1335 4513 1663 4569 subinlertur
1695 4532 1712 4570 :

1116 4606 1343 4663 CAPUT
1383 4606 1667 4661 PRIMUM.

675 4700 802 4756 Car.
846 4715 1031 4765 xxvm,
1059 4713 1210 4753 vens.
1257 4700 1350 4753 2t.
1407 4729 1479 4739 —
1535 4699 1782 4755 Volucres
1827 4716 2028 4772 quoque
2079 4700 2191 4754 caeli

606 4791 747 4847 latet.

675 4882 733 4938 2.
785 4882 1026 4937 Volucres
1052 4882 1164 4937 cmli
1191 4882 1466 4953 aliquando
1496 4883 1549 4937 in
1578 4883 1769 4937 malam
1812 4892 2009 4954 partem
2055 4885 2191 4938 acci-

607 4975 842 5046 piuntur,
889 4975 1167 5044 aliquando
1206 4975 1259 5028 in
1290 4976 1493 5030 bonam.
1525 5005 1597 5017 —
1623 4977 1679 5031 In
1725 4976 1998 5045 Scriptura
2046 4978 2188 5030 enim

2290 3774 2462 3828 Filius
2475 3782 2647 3829 autem
2666 3777 2886 3831 hominis
2909 3793 3009 3832 non
3040 3779 3193 3833 habet
3218 3780 3302 3833 ubi
3326 3790 3476 3851 caput
3498 3799 3648 3835 suum
3672 3786 3894 3840 reclinet

2292 3865 2506 3934 (Matth.
2533 3883 2647 3933 vm,
2676 3868 2785 3933 20;
2820 3868 2948 3925 Luc.
2982 3887 3055 3937 Ix,
3089 3870 3203 3937 58).
3240 3872 3435 3942 Vulpes
3462 3874 3618 3928 valde
3664 3877 3897 3933 fraudu-

2292 3958 2435 4012 lenta
2490 3967 2615 4012 sunt
2663 3960 2934 4029 animalia,
2967 3977 3085 4032 qua:
3115 3962 3167 4016 in
3195 3962 3353 4019 fossis
3401 3965 3480 4019 vel
3526 3968 3794 4035 specubus
3828 3986 3899 4027 se

2292 4050 2658 4115 abscondunt;
2720 4068 2946 4123 cumque
2993 4056 3359 4124 apparuerint,
3406 4072 3672 4126 nunquam
3717 4064 3898 4120 rectis

2294 4144 2601 4213 itineribus,
2634 4148 2727 4201 sed
2760 4149 3014 4203 tortuosis
3043 4148 3373 4204 anfractibus
3429 4162 3671 4208 currunt.
3719 4153 3896 4212 Volu-

2292 4251 2415 4292 cres
2448 4252 2597 4303 vero,
2631 4248 2691 4294 ut
2719 4241 2983 4309 novimus,
3013 4244 3121 4297 alto
3156 4243 3331 4298 volatu
3360 4258 3420 4299 se
3451 4245 3504 4299 in
3534 4260 3658 4301 aera
3700 4248 3903 4304 suble-

2294 4337 2440 4383 vant.
2470 4328 2697 4385 Nomine
2718 4345 2846 4398 ergo
2866 4332 3101 4401 vulpium
3132 4333 3315 4389 dolosa
3336 4343 3497 4404 atque
3520 4334 3895 4407 fraudulenta,

2293 4422 2512 4477 nomine
2539 4431 2718 4477 autem
2739 4424 3038 4489 volucrum,
3071 4425 3185 4480 haec
3206 4427 3391 4481 eadem
3423 4429 3649 4497 superba
3679 4430 3898 4489 daemo-

2293 4512 2381 4567 nia
2409 4511 2779 4581 designantur.
2811 4515 2890 4567 Ac
2916 4514 2961 4568 si
2990 4515 3133 4567 dicat
3163 4531 3179 4569 :
3223 4515 3583 4572 Fraudulenta
3629 4529 3683 4573 et
3735 4523 3895 4579 elata

2292 4602 2558 4656 daemonia
2587 4601 2641 4656 in
2670 4603 2835 4660 eorde
2855 4614 3055 4671 vestro,
3079 4605 3130 4660 id
3152 4614 3236 4660 est
3258 4609 3308 4661 in
3338 4609 3658 4677 cogitatione
3687 4627 3894 4681 super-

2293 4693 2397 4749 biae
2426 4694 2705 4751 inveniunt
2752 4696 3135 4753 habitationem
3164 4712 3345 4761 suam;
3382 4699 3546 4755 Filius
3575 4710 3751 4757 autem
3782 4705 3896 4760 ho-

2296 4784 2461 4839 minis
2504 4785 2594 4840 ubi
2625 4796 2784 4854 caput
2828 4800 2981 4841 suum
3026 4787 3250 4842 reclinet
3294 4803 3400 4843 non
3441 4790 3622 4858 habet,
3678 4792 3728 4847 id
3779 4806 3897 4863 est,

2296 4873 2569 4931 humilitas
2600 4892 2715 4931 mea
2749 4878 2987 4944 requiem
3024 4878 3078 4932 in
3105 4880 3332 4948 superba
3365 4891 3543 4937 mente
3568 4892 3743 4938 vestra
3776 4903 3898 4946 non

2295 4968 2517 5023 invenit.
2538 4969 2700 5037 Quasi
2721 4970 2864 5025 enim
2882 4971 3114 5039 quodam
3135 4972 3314 5026 volatu
3343 4973 3574 5027 volucris
3595 4972 3682 5027 illa
3711 4978 3899 5041 prima

607 5080 760 5122 sacra
787 5066 1033 5121 volucres
1060 5066 1343 5136 aliquando
1376 5069 1426 5121 in
1456 5070 1615 5134 malo,
1653 5067 1941 5138 aliquando
1967 5069 2018 5121 in
2049 5067 2192 5122 bono
2218 5072 2271 5133 D
2299 5076 2358 5114 se
2384 5060 2593 5124 ϐιιυιὶι,
2624 5075 2742 5129 quae
2764 5076 2861 5130 per
2884 5061 3077 5115 elatam
3100 5063 3471 5129 cogitationem
3496 5062 3630 5117 dixit
3653 5079 3668 5119 :
3691 5061 3759 5117 In
3786 5082 3901 5120 ra-

606 5160 801 5214 dantur
830 5157 1075 5226 iuteliigi.
1132 5158 1232 5211 l’er
1266 5158 1514 5212 volucres
1559 5159 1753 5227 quippe
1804 5172 2182 5214 nonnunquam

608 5257 900 5319 potestates
950 5261 1122 5304 aerem
1160 5246 1530 5317 designantur,
1579 5248 2061 5317 bonorumstudiis
2090 5249 2183 5302 ad-

607 5356 799 5393 versm.
853 5338 1003 5394 Unde
1033 5338 1283 5393 Veritatis
1310 5354 1401 5392 ure
1432 5338 1625 5392 dicitur
1658 5354 1670 5390 :
1708 5338 1966 5405 Quoniam
2014 5356 2183 5393 senem

603 5431 739 5491 quod
763 5446 903 5483 secus
935 5430 1065 5483 viam
1095 5424 1297 5492 recidit,
1328 5438 1564 5484 venerunt
1593 5430 1841 5494 uolucres,
1886 5439 1933 5483 et
1954 5433 2185 5484 comede-

603 5529 720 5571 runt
743 5520 873 5574 illud
895 5519 1108 5591 (Matth.
1134 5535 1251 5584 xm,
1282 5517 1349 5581 ἅς
1375 5518 1501 5572 Luc.
1527 5535 1640 5584 vttt,
1671 5519 1756 5589 ii);
1784 5519 1904 5587 quia
1932 5522 2180 5576 nimirum

606 5609 821 5677 tnaligui
854 5611 1073 5679 spiritus
1118 5610 1376 5664 humanas
1428 5621 1637 5666 mentes
1684 5611 2017 5678 obsidentes,
2058 5613 2184 5669 dum

604 5701 959 5769 cogitationes
981 5703 1166 5757 noxias
1194 5704 1459 5773 ingerunt,
1484 5704 1702 5757 verbum
1730 5703 1851 5758 vita:
1875 5720 1905 5758 a
1928 5707 2185 5761 memoria

603 5793 859 5847 evellant.
891 5794 1022 5849 Hinc
1053 5807 1264 5849 rursum
1297 5797 1505 5851 cuidam
1534 5796 1685 5852 diviti
1717 5798 1942 5866 superba
1959 5800 2188 5868 sapienti

2285 5152 2390 5205 lum
2440 5154 2800 5215 conscendam,
2850 5168 3009 5221 super
3064 5163 3203 5206 astra
3253 5153 3366 5207 caeli
3410 5154 3645 5207 exaltabo
3697 5155 3903 5213 solium

2284 5258 2470 5309 meum,
2503 5243 2687 5296 sedebo
2714 5230 2768 5296 in
2791 5253 2960 5297 monte
2984 5247 3295 5311 testamenti,
3322 5247 3377 5299 in
3404 5248 3647 5300 lateribus
3668 5247 3902 5316 Aquilo-

2283 5336 2383 5401 nis,
2399 5337 2669 5390 ascendam
2684 5352 2840 5405 super
2850 5336 3177 5392 altitudinem
3194 5338 3426 5406 nubium,
3446 5349 3493 5391 et
3506 5355 3590 5392 ero
3605 5339 3788 5392 similis
3802 5342 3902 5396 Al-

2284 5428 2477 5481 tissimo
2496 5426 2649 5499 (lsai.
2673 5443 2780 5490 xtv,
2814 5428 2922 5494 1'5).
2942 5426 3080 5497 Ecce
3093 5444 3251 5499 quam
3271 5429 3377 5481 alta
3393 5444 3454 5482 su
3464 5428 3624 5496 perhe
3641 5427 3894 5486 volando

2297 5520 2467 5590 petiit.
2500 5520 2667 5587 Quem
2700 5521 2858 5574 etiam
2884 5522 3116 5577 volatum
3142 5531 3197 5576 et
3213 5522 3398 5590 primis
3432 5522 3736 5577 hominibus
3765 5538 3902 5591 per-

2293 5616 2480 5670 suasit.
2508 5615 2613 5684 lpsi
2640 5615 2839 5685 quippe
2867 5617 3095 5672 volando
3127 5617 3277 5686 quasi
3310 5631 3472 5686 super
3497 5632 3558 5671 se
3588 5618 3663 5670 ire
3704 5619 3901 5675 conati

2294 5718 2435 5775 sunt,
2465 5709 2678 5778 quando
2700 5711 2779 5766 eis
2807 5711 3006 5766 dictum
3046 5721 3149 5778 est,
3183 5719 3556 5782 utgnStarent,
3604 5721 3659 5766 et
3703 5724 3901 5772 essent

2293 5804 2431 5859 sicut
2480 5802 2550 5859 dii
2582 5800 2790 5870 (Cenes.
2832 5818 2911 5872 tu,
2948 5803 3003 5870 5,
3040 5802 3150 5873 t9).
3198 5802 3440 5873 Cumque
3480 5802 3899 5862 similitudinem
