4104 6350
258 350 325 406 97
1103 354 1463 413 MORALIUM
1504 354 1637 411 LIB.
1676 352 1822 411 XIX.
1860 383 1933 396 --
1970 352 2199 413 CAPUT
2240 355 2456 413 XXVIII
2494 358 2553 413 Β.
2598 357 2737 414 JOB.
3473 354 3545 413 98

257 458 554 521 divinitath
582 472 863 536 appetunt,
899 465 1317 523 immortalitatis
1348 483 1570 524 munera
1601 468 1851 537 perdide-
1880 471 1932 531 Α
1958 467 2116 522 etiam
2147 470 2288 537 quod
2321 486 2424 525 non
2464 473 2802 541 accepimus;
2852 481 2877 509 ο
2934 470 3132 528 habere
3174 486 3304 528 vero
3342 472 3541 531 nomen

257 564 382 607 runt
409 551 606 625 (lbid.,
636 554 751 625 19).
789 556 890 623 Qui
921 557 971 610 in
999 566 1195 612 terram
1230 559 1507 614 moriendo
1536 573 1642 614 non
1663 562 1854 627 issent,

261 644 310 700 si
342 661 506 715 super
528 656 724 702 terram
759 648 1027 705 humiliter
1046 660 1190 706 stare
1209 652 1524 707 voluissent.

335 740 389 793 3.
433 744 503 794 At
524 751 709 797 contra
737 743 789 798 in
820 744 960 799 bono
990 745 1236 800 volucres
1266 749 1386 815 poni
1418 749 1617 815 solent,
1641 749 1781 803 sicut
1801 748 1857 803 in

263 830 562 901 Evaugdio
587 832 840 889 Dominus
866 851 988 889 cum
1017 836 1419 893 similitudinem
1448 841 1598 908 regni
1618 840 1856 896 caelestis

261 941 328 979 es
379 940 552 995 grano
602 928 805 997 sinapis
852 930 1211 996 denuntiaret,
1251 932 1387 986 dixit
1422 949 1435 985 :
1466 931 1563 986 Cui
1589 931 1758 987 simile
1782 939 1859 985 est

261 1032 479 1083 regnum
511 1015 628 1084 Dei,
662 1028 707 1072 et
739 1019 824 1072 cui
843 1020 1010 1075 simile
1038 1023 1300 1077 aestimabo
1339 1024 1511 1077 illud?
1549 1024 1733 1079 Simile
1784 1033 1859 1079 est

260 1125 425 1178 grano
452 1118 480 1147 ι
511 1110 729 1181 sinapis,
751 1116 892 1183 quod
915 1127 1178 1186 acceptum
1204 1117 1355 1171 homo
1381 1119 1521 1171 misit
1549 1118 1623 1184 in,
1652 1117 1858 1171 hortum

218 1208 227 1217 '
262 1214 434 1267 suum,
484 1210 532 1254 et
565 1202 739 1269 crevit,
781 1214 830 1257 et
860 1209 1053 1275 factum
1080 1218 1154 1262 est
1175 1208 1231 1261 in
1262 1208 1494 1262 arborem
1520 1223 1781 1280 magnam,
1811 1216 1859 1262 et

260 1294 495 1348 uolucres
534 1295 647 1349 cali
678 1299 1033 1367 requieverunt
1079 1302 1133 1353 in
1170 1302 1326 1355 ramis
1356 1285 1468 1373 ejus
1496 1300 1711 1372 (Matth.
1738 1314 1855 1365 stu,

261 1382 379 1453 51).
400 1384 518 1454 Ipse
547 1390 741 1458 quippe
770 1400 854 1447 est
877 1408 1102 1461 granum
1132 1395 1336 1463 sinapis
1357 1392 1384 1432 ι’
1406 1396 1495 1465 qui
1529 1396 1581 1450 in
1608 1396 1748 1450 horti
1772 1408 1860 1450 se-

260 1477 482 1545 pultura
536 1480 825 1548 plantatus,
874 1482 1038 1537 arbor
1086 1499 1275 1553 magna
1316 1486 1573 1542 surrexit.
1620 1485 1858 1541 Granum

260 1585 497 1640 namque
525 1571 623 1627 fuit
647 1588 768 1628 cum
800 1585 1121 1641 moreretur,
1173 1579 1335 1632 arbor
1368 1592 1490 1632 cum
1522 1587 1856 1647 resurgeret.

259 1662 498 1718 Granum
523 1678 615 1734 per
633 1666 987 1722 humilitatem
1005 1668 1203 1734 carnis,
1227 1670 1389 1725 arbor
1410 1680 1434 1709 α
1453 1685 1550 1739 ρει·
1568 1670 1856 1739 potentiam

260 1751 582 1820 niajestatis.
637 1754 896 1823 Granum,
945 1759 1067 1828 quia
1106 1759 1327 1814 vidimus
1369 1776 1509 1825 eum,
1548 1770 1722 1814 etnon
1750 1772 1860 1814 erat

1960 574 2156 613 novum
2214 560 2268 614 in
2318 561 2527 616 calculo
2555 564 2831 629 scriptum,
2872 571 2954 619 est
2986 562 3040 617 iu
3088 573 3293 619 aeterno
3322 564 3547 634 pranuio

1960 652 2202 723 notitiam
2257 654 2350 708 Dei
2408 654 2657 708 humanis
2706 656 2953 711 sensibus
3002 656 3325 723 inusitatam,
3383 672 3542 725 quant

1960 744 2099 800 scire
2121 761 2225 800 non
2258 755 2431 814 potest
2461 747 2560 801 nisi
2586 746 2676 815 qui
2700 747 2908 815 accipit,
2938 747 3155 803 habere.
3186 748 3319 815 Quia
3342 748 3541 816 itaque,

1961 845 2022 887 ut
2052 835 2302 903 diximus,
2328 836 2512 891 videre
2542 836 2729 901 Deum,
2762 839 2860 891 hoc
2884 846 2967 891 est
3005 840 3144 904 quod
3177 838 3397 901 habere,
3422 838 3545 891 ideo

1960 926 2130 996 iniqui
2159 928 2380 996 spiritus
2411 929 2549 982 hanc
2578 929 2891 996 sapientiam
2924 943 3026 982 non
3058 928 3261 993 vtdent,
3309 929 3428 997 quia
3458 945 3546 985 re-

1963 1018 2104 1085 pulsi
2158 1032 2253 1085 per
2290 1019 2593 1085 superbiam
2623 1033 2952 1087 nequaquam
2980 1033 3098 1072 eam
3130 1018 3324 1073 habere
3353 1030 3548 1087 potue-

1962 1117 2111 1162 runt.
2144 1108 2225 1162 Ad
2250 1108 2422 1163 lucem
2447 1110 2641 1178 quippe
2662 1111 2780 1178 ejus
2799 1113 3106 1163 clauserunt
3135 1109 3319 1164 oculos
3344 1111 3548 1175 cordis,

1963 1200 2262 1267 superfusis
2306 1203 2423 1269 ejus
2476 1200 2637 1255 radiis
2687 1210 3043 1271 repugnantes
3073 1242 3087 1266 ,
3144 1200 3280 1255 sicut
3322 1201 3548 1269 intelligi

1961 1291 2122 1346 etiam
2148 1292 2215 1347 de
2237 1292 2437 1347 eisdem
2466 1292 2711 1362 malignis
2736 1293 3011 1362 spiritibus
3038 1302 3233 1362 potest,
3260 1294 3400 1362 quod
3423 1295 3551 1348 scri-

1963 1392 2111 1452 ptum
2152 1392 2272 1438 est:
2305 1380 2416 1453 Ipsi
2440 1382 2650 1438 rebelles
2689 1385 2896 1453 fuerunt
2948 1382 2967 1421 τ
3012 1384 3195 1437 lumini
3224 1384 3366 1453 (Job.
3401 1399 3549 1453 xxiv,

1965 1476 2075 1545 15).
2123 1477 2343 1530 Famam
2393 1491 2522 1547 ergo
2560 1478 2836 1543 sapientia:
2885 1476 3130 1546 malignis
3160 1478 3433 1546 spiritibus
3457 1492 3553 1531 au-

1962 1567 2129 1631 disse,
2155 1566 2249 1621 sed
2278 1568 2520 1622 eamdem
2544 1569 2858 1637 sapientiam
2893 1584 2996 1623 non
3010 1569 3227 1633 vidisse,
3260 1578 3411 1625 estet
3434 1570 3553 1638 ejus

1965 1660 2260 1726 potentiam
2292 1675 2356 1714 ex
2385 1661 2582 1715 virtute
2610 1660 2753 1716 illius
2777 1662 3114 1731 cognovisse,
3148 1671 3201 1716 et
3230 1671 3404 1716 tamen
3446 1660 3550 1717 sub

1962 1767 2023 1806 ea
2057 1752 2327 1807 humiliter
2348 1762 2489 1807 stare
2514 1752 2770 1807 noluisse.
2802 1753 2952 1808 Unde
2976 1764 3029 1808 et
3058 1753 3308 1808 Veritatis
3332 1767 3463 1806 voce
3483 1752 3553 1808 de

259 1855 498 1913 aspectus
528 1846 682 1917 (Isai.
714 1864 830 1916 un,
869 1850 966 1920 2);
1008 1852 1170 1907 arbor
1195 1861 1392 1918 autem,
1438 1852 1559 1920 quia
1602 1853 1862 1923 speciosus
1890 1850 1940 1910 B
1967 1846 2083 1914 ipso
2111 1844 2462 1913 malignorum
2493 1845 2779 1913 spirituum
2831 1847 3005 1915 capite
3053 1846 3249 1900 dicitur
3280 1862 3295 1898 :
3329 1843 3432 1899 Ille
3457 1844 3554 1901 ho-

259 1941 430 2009 forma
459 1956 569 2009 pra:
614 1942 736 2003 ﬁliis
770 1941 1033 1996 hominum
1064 1942 1240 2014 (Psal.
1272 1958 1417 2011 sur,
1446 1943 1525 2013 5).
1561 1942 1705 2017 [νει.
1737 1945 1851 2017 11.]

260 2028 434 2099 Hujus
458 2033 667 2087 arboris
699 2034 832 2089 rami
860 2038 1031 2090 sancti
1062 2037 1438 2105 praedicatores
1468 2047 1612 2093 sunt.
1675 2038 1741 2093 Et
1770 2038 1853 2092 vi-

261 2121 487 2177 deamus
515 2138 674 2192 quam
704 2125 811 2180 late
836 2126 1145 2181 tendantur.
1177 2128 1313 2195 Quid
1340 2129 1484 2183 enim
1513 2129 1580 2183 de
1608 2130 1687 2183 eis
1717 2128 1854 2184 dici-

262 2212 390 2267 tur?
419 2211 489 2266 In
518 2230 718 2268 omnem
747 2226 934 2270 terram
957 2218 1112 2271 exivit
1141 2235 1296 2273 sonus
1336 2236 1531 2286 eorum,
1562 2234 1610 2274 et
1639 2221 1694 2273 in
1723 2222 1856 2289 lines

263 2304 400 2359 orbis
423 2314 576 2359 terrae
600 2308 748 2360 verba
768 2324 945 2362 eorum
979 2307 1155 2378 (Psal.
1188 2325 1341 2376 svnt,
1368 2309 1444 2381 5).
1469 2312 1526 2365 ln
1551 2312 1665 2366 istis
1691 2313 1855 2367 ramis

264 2395 517 2451 volucres
548 2399 910 2467 requiescunt,
941 2400 1062 2468 quia
1087 2410 1284 2455 sancta:
1311 2402 1527 2470 animae,
1570 2418 1691 2473 qua:
1737 2404 1857 2472 qui-

264 2485 492 2542 husdam
515 2489 770 2545 virtutum
802 2491 990 2559 pennis
1010 2507 1039 2545 a
1068 2502 1278 2548 terrena
1302 2494 1623 2562 cogitatione
1649 2510 1710 2551 se
1730 2496 1856 2551 sub-

268 2580 470 2648 levant,
497 2582 552 2636 in
574 2597 759 2638 eorum
777 2584 933 2639 dictis
951 2593 1111 2655 atque
1132 2587 1585 2642 consolationibus
1608 2591 1675 2644 ab
1698 2589 1858 2655 hujus

276 2674 402 2728 vita:
457 2674 768 2745 fatigatione
809 2678 1096 2748 respirant.
1144 2678 1258 2734 lloc
1288 2681 1446 2749 igitur
1478 2680 1532 2735 in
1565 2681 1684 2736 loco
1711 2692 1858 2751 post-

273 2760 433 2838 quam
454 2768 524 2824 de
544 2770 803 2837 sapientia
828 2770 1029 2825 dictum
1050 2781 1132 2826 est
1156 2789 1168 2823 :
1189 2772 1502 2826 Abscondita
1522 2782 1594 2827 est
1615 2773 1679 2826 ab
1698 2775 1859 2828 oculis

274 2860 502 2913 omnium
532 2862 819 2928 viventium,
852 2872 1002 2918 recte
1030 2863 1367 2934 subjungitur
1396 2882 1411 2919 :
1451 2864 1690 2920 Volucres
1729 2883 1859 2937 quo-

272 2968 370 3022 que
393 2950 508 3007 caeli
531 2953 668 3018 latet,
694 2953 816 3023 quia
836 2954 889 3008 in
909 2954 1010 3009 hac
1034 2956 1366 3024 corruptibili
1388 2969 1549 3011 carne
1563 2956 1855 3026 constituti,

273 3056 478 3101 naturae
504 3047 622 3116 ejus
651 3047 941 3116 potentiam
971 3047 1073 3117 ipsi
1117 3063 1329 3119 quoque
1359 3050 1595 3105 videndo
1623 3066 1729 3107 non
1762 3066 1857 3121 pe-

273 3145 507 3201 netrant,
540 3138 630 3208 qui
654 3137 764 3207 jam
789 3153 885 3209 per
901 3139 1147 3195 meritum
1172 3150 1372 3198 sancta:
1392 3142 1859 3213 contemplationis

273 3230 476 3285 volant.
502 3229 602 3285 Ubi
635 3240 759 3301 apte
779 3232 1114 3304 subjungitur
1143 3252 1157 3289 :

742 3367 969 3425 CAPUT
1007 3368 1050 3426 ll
1089 3369 1238 3443 [ιιεε.
1281 3372 1389 3446 Il].

351 3503 493 3559 Vens
528 3503 621 3560 22.
654 3532 723 3545 —
754 3503 988 3558 Perditio
1029 3513 1076 3558 et
1124 3521 1259 3560 mors
1300 3505 1545 3560 dixerunt
1582 3523 1602 3561 :
1638 3509 1863 3563 Auribus

274 3599 459 3652 nostris
481 3597 775 3652 audivimus
800 3603 993 3669 famam
1013 3602 1147 3671 ejus.

345 3689 401 3744 4.
443 3680 881 3762 δηρετὸὶἀηςςιὶ
925 3692 1152 3745 divinam
1205 3695 1511 3763 sapientium
1543 3734 1558 3759 ,
1626 3696 1751 3763 quia
1803 3712 1868 3750 ea

275 3798 379 3835 non
401 3786 667 3853 fruuntur,
700 3784 905 3837 minime
933 3784 1125 3838 vident.
1158 3813 1226 3824 —
1248 3782 1275 3820 ά
1306 3785 1407 3851 Qui
1454 3786 1766 3853 perditionis
1812 3798 1867 3841 et

275 3873 469 3928 mortis
496 3874 713 3929 nomine
743 3874 847 3928 nisi
892 3873 1111 3945 maligni
1136 3874 1353 3943 spiritus
1374 3876 1755 3947 designantur?
1776 3879 1867 3948 qui

274 3963 589 4021 inventores
617 3966 804 4021 mortis
839 3975 894 4022 et
924 3967 1238 4036 perditionis
1257 3968 1597 4037 exstiterunt,
1630 3971 1771 4026 sicut
1799 3971 1867 4027 de

276 4054 399 4125 ipso
437 4071 625 4112 eorum
666 4058 910 4129 principe
957 4061 1057 4113 sub
1109 4059 1338 4114 ministri
1382 4060 1498 4129 ejus
1541 4064 1720 4127 specie
1775 4077 1869 4133 per

277 4144 543 4205 Joannem
570 4148 767 4204 dicitur
798 4166 814 4205 :
845 4149 912 4204 Et
947 4166 1131 4205 nomen
1168 4151 1248 4204 illi
1289 4167 1425 4205 mors
1467 4153 1653 4223 (Apoc.
1679 4169 1755 4221 v1,
1784 4154 1864 4223 8).

277 4243 383 4301 Cui
402 4242 627 4314 subjecti
654 4256 843 4297 omnes
867 4243 1132 4312 superbia:
1160 4244 1383 4312 spiritus
1398 4243 1466 4298 de
1486 4245 1585 4299 hac
1608 4244 1868 4313 sapientia

279 4354 402 4409 qua:
430 4338 574 4393 Deus
601 4345 686 4393 est
710 4336 872 4408 805
896 4338 1080 4391 dicunt
1103 4337 1356 4393 :Auribus
1375 4339 1565 4392 nostris
1584 4339 1872 4392 audivimus

281 4430 473 4499 famam
488 4433 635 4502 ejus;
664 4430 785 4499 quia
812 4428 1064 4482 nimirum
1080 4429 1338 4484 visionem
1357 4428 1501 4484 illius
1526 4428 1683 4498 plena
1706 4429 1874 4484 beati-

283 4522 468 4577 tudine
497 4521 700 4576 !tabere
726 4521 1101 4590 nequiverunt.
1155 4519 1354 4577 Videre
1405 4521 1602 4591 quippe
1638 4521 1872 4591 perfecte

1960 1935 2149 1990 micida
2171 1946 2278 1988 erat
2306 1936 2368 1990 ab
2387 1936 2555 2001 initio,
2573 1936 2687 1990 etin
2706 1938 2918 1991 veritate
2938 1953 3038 1992 non
3065 1939 3203 1992 stetit
3232 1936 3412 2008 (Joan.
3435 1951 3549 2006 vui,

1960 2029 2078 2099 44).
2110 2030 2366 2099 Sequitur
2399 2047 2411 2083 :

2413 2120 2639 2175 CAPUT
2669 2122 2733 2176 lll
2764 2121 2912 2194 [Rea
2941 2120 3082 2192 HI].

2032 2212 2198 2267 Vens.
2225 2211 2312 2264 25.
2334 2243 2406 2255 -
2436 2213 2574 2267 Deus
2601 2214 2838 2284 intelligit
2867 2216 3001 2269 viam
3029 2216 3172 2285 eius,
3203 2224 3252 2271 et
3279 2218 3388 2285 ipse
3414 2220 3552 2273 novit

1961 2302 2129 2357 locum
2158 2304 2319 2359 illius.

2116 2396 2367 2452 Homines
2388 2398 2761 2467 latuitqnando
2782 2414 2873 2467 per
2903 2412 3107 2451 carnem
3138 2398 3408 2469 Sapientia
3430 2415 3551 2454 ven-

1962 2498 2079 2542 tura
2124 2499 2247 2543 esset
2290 2491 2357 2542 ad
2396 2492 2660 2556 homines;
2695 2491 2772 2544 vel
2812 2492 3066 2561 quomodo
3116 2491 3243 2559 [oris
3296 2508 3553 2561 apparens

1961 2580 2228 2635 invisibilis
2257 2583 2397 2650 apud
2423 2582 2631 2636 Patrem
2668 2593 3006 2653 permaneret.
3035 2612 3106 2623 —-
3132 2583 3257 2638 Haec
3284 2596 3553 2640 coaeterna

1965 2674 2075 2727 Deo
2103 2675 2369 2743 sapientia
2404 2676 2561 2729 aliter
2590 2677 2726 2729 viam
2752 2675 2940 2737 habet,
2973 2685 3132 2745 atque
3168 2677 3321 2731 aliter
3350 2678 3550 2732 locum.

1963 2767 2162 2823 Locum
2192 2783 2323 2823 vero
2346 2769 2391 2823 si
2430 2771 2549 2839 quis
2578 2768 2858 2839 intelligat,
2889 2784 2993 2823 non
3027 2768 3274 2823 localem.
3309 2768 3441 2822 Nam
3467 2779 3551 2823 tc-

1963 2864 2080 2917 neri
2123 2863 2472 2931 corporaliter
2520 2878 2624 2917 non
2663 2870 2838 2931 potest
2883 2860 3057 2927 Deus;
3090 2862 3185 2916 sed
3211 2903 3225 2925 ,
3267 2870 3325 2916 ut
3352 2861 3552 2917 dictum

1962 2961 2067 3017 est,
2112 2952 2261 3007 locus
2300 2952 2615 3022 intelligitur
2651 2968 2755 3005 non
2803 2952 3025 3018 localis,
3070 2951 3245 3005 Locus
3275 2952 3554 3018 sapientiae

1963 3045 2119 3100 Pater
2141 3055 2243 3111 est,
2280 3044 2427 3108 locus
2452 3044 2625 3099 Patris
2664 3043 2949 3111 sapientia.
3005 3044 3145 3097 sicut
3182 3044 3296 3111 ipsa
3327 3043 3553 3111 Sapien-

1967 3137 2035 3192 tia
2059 3144 2349 3192 attestante
2388 3138 2583 3191 dicitur
2611 3154 2623 3191 :
2663 3136 2770 3205 Ego
2794 3137 2844 3189 in
2878 3134 3064 3199 Patre,
3098 3143 3144 3189 et
3171 3133 3333 3189 Pater
3373 3136 3551 3189 inme.

1885 3230 1932 3291 C
1966 3230 2138 3285 Aliter
2170 3243 2301 3299 ergo
2341 3228 2455 3298 ipsa
2504 3228 2762 3297 sapientia
2804 3228 2966 3282 habet
3000 3231 3139 3281 viam
3166 3266 3181 3292 ,
3214 3238 3371 3296 atque
3401 3228 3556 3281 aliter

1966 3324 2166 3376 locum.
2200 3320 2347 3375 Viam
2381 3336 2475 3387 per
2502 3320 2851 3373 humanitatis
2895 3319 3201 3383 transitum,
3228 3320 3401 3373 locum
3426 3333 3557 3373 vero

1969 3429 2061 3483 per
2082 3415 2263 3468 llatnm
2311 3414 2620 3468 divinitatis.
2684 3411 2830 3483 [Vet.
2880 3409 3025 3482 111.]
3077 3412 3201 3465 Inde
3256 3413 3397 3466 enim
3448 3427 3557 3467 non

1967 3508 2176 3561 transit.
2211 3515 2235 3553 8
2260 3506 2400 3560 unde
2448 3516 2647 3560 aeterna
2703 3513 2817 3571 est;
2848 3504 2940 3559 sed
2996 3504 3120 3559 inde
3164 3506 3375 3570 transit,
3407 3503 3552 3558 unde

1968 3610 2185 3669 pr0ptcr
2234 3614 2329 3653 nos
2384 3599 2631 3668 apparuit
2684 3596 3015 3664 temporalis.
3068 3596 3157 3649 Sic
3214 3612 3447 3664 namque
3503 3598 3554 3649 in

1970 3690 2259 3759 Evangelio
2295 3690 2552 3756 scriptum
2602 3696 2684 3741 est
2713 3704 2725 3738 :
2765 3687 2897 3750 Quia
2933 3685 3195 3756 egrediens
3230 3686 3293 3737 ab
3345 3685 3557 3738 Jericlto

1970 3781 2221 3833 Dominus
2270 3778 2555 3840 transibat;
2586 3778 2690 3831 duo
2740 3787 2908 3829 autem
2962 3777 3083 3829 cwci
3136 3776 3362 3830 sedentes
3399 3779 3560 3845 juxta

1969 3877 2100 3929 viam
2131 3875 2510 3936 clamauerunt,
2544 3874 2769 3926 dice:.tes
2801 3888 2820 3926 :
2853 3872 3101 3939 Domine,
3134 3876 3369 3929 mi'erere
3397 3875 3559 3929 nostri

1971 3967 2049 4038 ﬁli
2079 3966 2245 4019 David
2278 3963 2456 4036 (Joau.
2492 3980 2604 4029 xw,
2632 3965 2719 4027 ill,
2753 3964 2811 4015 il
2838 3979 2851 4028 ;
2882 3962 3068 4017 Matth.
3097 3981 3186 4028 xx,
3215 3963 3307 4028 29,
3332 3964 3445 4034 30).
3482 3965 3562 4019 Ad

1971 4074 2200 4129 quorum
2227 4071 2411 4110 vocem
2430 4097 2444 4120 ,
2478 4058 2616 4109 sicut
2646 4056 2755 4108 illic
2781 4055 3041 4124 scriptum
3070 4066 3172 4121 cst,
3201 4060 3348 4110 stetit
3367 4054 3557 4120 Jesus,

1972 4159 2026 4205 et
2048 4152 2224 4202 lumen
2249 4146 2495 4201 reddidit.
2528 4144 2664 4213 Quid
2692 4154 2774 4199 est
2799 4156 2973 4198 autem
3003 4146 3327 4200 transeundo
3348 4145 3559 4211 audire,

1974 4240 2167 4293 stando
2219 4237 2398 4293 lumen
2442 4237 2749 4299 restituere,
2784 4236 2885 4289 nisi
2926 4237 3066 4304 quod
3109 4252 3203 4305 per
3254 4237 3562 4290 humanita-

1974 4342 2082 4389 tem
2114 4348 2263 4387 suam
2289 4330 2441 4385 nobis
2470 4330 2719 4383 misertus
2748 4337 2850 4396 est,
2885 4330 2974 4396 qui
3012 4344 3104 4394 per
3129 4328 3424 4383 divinitatis
3450 4342 3565 4382 suie

1976 4426 2271 4497 potentiam
2301 4440 2329 4476 a
2360 4422 2515 4477 nobis
2551 4422 2747 4475 mentis
2789 4434 2985 4474 nosme
3018 4420 3269 4474 tenebras
3303 4417 3566 4473 exclusit?

1976 4520 2130 4587 Quod
2154 4518 2296 4572 enim
2326 4526 2545 4584 propter
2565 4527 2664 4565 nos
2689 4520 2845 4565 natus
2872 4520 2925 4564 et
2955 4524 3142 4578 passus
3178 4521 3280 4574 est,
3315 4510 3456 4580 quod
3483 4523 3566 4563 re-

285 4624 606 4671 cocternam
657 4613 767 4669 Deo
813 4611 1154 4682 sapientiam,
1186 4611 1288 4666 hoc
1331 4623 1415 4667 est
1456 4613 1601 4682 quod
1650 4614 1870 4668 habere.
1899 4608 2241 4674 Dsurrexit,
2296 4606 2538 4662 ascendit
2582 4605 2636 4657 in
2677 4603 2905 4664 emtum,
2957 4600 3110 4669 quasi
3156 4600 3343 4653 transit
3386 4600 3566 4664 Jesus,

287 4710 439 4767 Unde
464 4710 532 4764 ad
558 4708 815 4765 Joannem
844 4708 912 4764 de
938 4721 1161 4762 munere
1185 4707 1449 4764 vincentis
1469 4707 1664 4763 dicitur
1687 4726 1701 4761 :
1723 4707 1871 4763 Dabo

287 4802 364 4857 illi
391 4802 647 4857 calculum
677 4800 980 4865 candidum,
1019 4809 1065 4854 et
1106 4800 1163 4853 in
1198 4797 1398 4853 calculo
1453 4815 1635 4853 nomen
1690 4816 1875 4855 novum

289 4895 556 4963 scriptum,
586 4896 724 4966 quod
746 4909 892 4949 nemo
908 4894 1029 4963 scit,
1048 4894 1146 4948 nisi
1163 4893 1251 4965 qui
1273 4894 1458 4963 accipit
1474 4894 1658 4965 (Apoc.
1679 4908 1736 4960 tt,
1762 4893 1876 4964 l7).

290 4987 347 5044 ιιι
379 4988 485 5045 hac
510 4989 654 5045 enim
677 4989 784 5043 vita
810 4988 947 5043 scire
971 4986 1173 5058 aliquid
1215 4986 1303 5044 vel
1342 4986 1526 5043 videre
1569 5002 1874 5057 possumus,

363 5140 393 5168 ι
413 5128 619 5192 Norm.,
645 5124 836 5195 sinapi,
867 5134 919 5179 et
948 5123 1021 5179 ita
1053 5123 1216 5177 infra.

364 5198 396 5239 δ
420 5200 648 5263 Turon.,
674 5195 884 5266 quod...
915 5196 1224 5266 plantatum.

370 5281 395 5310 ο
422 5270 587 5334 Idem,
612 5265 700 5334 per
719 5265 1140 5335 omnipotentiam
1166 5265 1472 5336 majestatis.

366 5339 394 5378 ιι
419 5340 456 5393 2
482 5339 672 5403 Laud.,
702 5337 827 5405 quid
873 5336 1242 5409 perditionis...
1297 5336 1617 5409 designatur.
1648 5336 1675 5391 1
1708 5337 1881 5395 Laud.

202 5470 205 5471 ν
296 5421 577 5478 utramque
608 5410 895 5478 lectionem
924 5407 1139 5478 retinet.

373 5492 398 5520 ο
434 5476 629 5535 Locum
661 5483 799 5533 hunc
830 5476 974 5533 finde
1004 5485 1309 5542 corruptum
1328 5477 1396 5547 in
1427 5478 1596 5533 Editis
1619 5487 1675 5533 et
1697 5478 1887 5547 pleris-

297 5569 403 5622 que
430 5552 556 5607 Mss.
602 5549 932 5622 restituimus
979 5563 1079 5622 ope
1126 5547 1250 5622 διεδ.
1299 5546 1620 5622 Norm.,_sc.
1656 5550 1886 5622 duorum

299 5618 542 5687 Ebroic.,
583 5622 820 5687 Gemet.,
862 5618 1104 5683 Pratell.,
1140 5618 1421 5682 Beccens.,
1460 5619 1620 5681 Utic..
1668 5620 1791 5689 Sag.
1828 5619 1888 5674 In

302 5696 444 5750 Edit.
479 5704 681 5763 poster.
712 5692 789 5745 sic
821 5690 1047 5763 legitur:
1077 5688 1214 5763 quod
1242 5705 1342 5763 non
1374 5693 1653 5755 accipimus
1675 5688 1887 5745 habere.

305 5764 356 5820 Ν
363 5760 503 5819 omen
524 5779 642 5816 sero
665 5777 848 5813 novum
870 5763 923 5813 in
945 5761 1142 5813 calculo
1164 5760 1428 5828 scriptum,
1454 5763 1507 5815 id
1526 5774 1598 5815 est
1623 5763 1676 5815 in
1696 5774 1888 5816 interno

302 5837 512 5917 prsentia
542 5833 777 5891 notitiam
799 5830 894 5889 Dei
917 5831 1153 5889 humanis
1176 5831 1424 5888 utentibus
1447 5833 1744 5889 inusitatam
1761 5834 1891 5890 scire

1980 4705 2105 4777 quia
2130 4703 2245 4756 haec
2267 4700 2516 4753 nimirum
2536 4696 2674 4752 actio
2706 4691 3010 4762 temporalis
3037 4699 3140 4747 est.
3172 4691 3278 4747 Sed
3299 4700 3446 4746 stans
3474 4705 3570 4747 eos

1981 4798 2155 4867 tetigit
2180 4803 2237 4850 et
2273 4791 2618 4855 illuminavit,
2649 4787 2772 4857 quia
2800 4800 2903 4840 non
2946 4785 3087 4839 sicut
3126 4782 3212 4838 illa
3240 4782 3568 4853 dispensatio

1982 4887 2321 4960 temporalis,
2369 4884 2440 4937 ita
2477 4881 2627 4936 verbi
2667 4879 2938 4935 aeternitas
2975 4876 3195 4940 transit,
3242 4891 3361 4945 quae
3410 4876 3464 4929 in
3507 4888 3568 4930 se

1983 4995 2207 5042 manens
2233 4979 2451 5035 innovat
2490 4973 2690 5029 omnia.
2721 4972 2878 5028 Stare
2905 4970 3048 5025 enim
3088 4967 3210 5033 Dei,
3238 4976 3321 5023 est
3362 4968 3568 5022 incom-

1985 5134 2133 5177 nemo
2163 5125 2345 5184 potest,
2374 5112 2471 5166 nisi
2499 5111 2587 5184 qui
2609 5109 2740 5162 hanc
2762 5106 2916 5161 etiam
2931 5103 3185 5184 acceperit
3212 5101 3417 5154 habere.
3439 5097 3573 5163 Quis

1987 5173 2103 5248 hinc
2131 5173 2372 5251 (Ὲαινιὶε
2420 5173 2691 5251 explicare
2741 5176 2952 5247 potest?
2984 5173 3178 5227 Vitium
3229 5183 3401 5252 tamen
3435 5184 3573 5252 pene

1987 5241 2238 5316 Eritne}:
2267 5241 2582 5323 pttncwt‘itm
2612 5241 3392 5323 CIACQ‘HII‘nall-lm“allllQlaligﬂt!
3431 5241 3543 5291 deri
3564 5268 3574 5280 -

1990 5311 2410 5386 vii-turnlt‘a'vere
2440 5324 2646 5377 videtur
2678 5320 2796 5372 huic
2828 5314 3046 5390 lectioni
3074 5314 3255 5390 Godes
3276 5311 3334 5390 AS
3356 5325 3570 5390 εαειηιι.ε

1994 5381 2471 5466 sed—interpolatus
2503 5398 2609 5466 huc
2624 5394 2683 5466 in
2716 5392 2858 5466 loco,
2890 5396 2944 5440 et
2971 5381 3406 5466 obelis.Ctitilixtis
3434 5420 3454 5466 ,1
3481 5381 3575 5466 qui

1995 5451 2355 5539 corruptionis
2378 5474 2502 5519 sunt
2524 5464 2735 5539 indicia.
2756 5460 3000 5539 Nostris!!!
3029 5454 3311 5539 lect‘iongm
3339 5451 3577 5539 perlech

1996 5521 2383 5613 istas-emam
2541 5534 2641 5613 Et.
2667 5532 2822 5613 easn-
2850 5537 2906 5583 ει
2926 5521 3409 5613 _".=",E§:};?,'§x,"t‘i
3434 5521 3575 5613 «me

1998 5595 2094 5684 ini)
2115 5622 2188 5666 est
2218 5612 2268 5664 iu
2306 5609 2371 5661 iis
2405 5604 2685 5684 legitupid
2700 5611 2774 5655 est
2796 5638 2809 5663 ,
2843 5596 2983 5667 quod
3016 5595 3307 5648 discrimen
3336 5595 3401 5647 ad
3422 5609 3567 5648 etcr-

1998 5674 2742 5748 tendmnsensum'sul‘ticit.“
2813 5738 2825 5748 ι
2895 5733 2930 5748 η
3131 5735 3142 5748 ,
3238 5736 3305 5748 Η

2075 5733 2334 5815 {Geram
2364 5747 2399 5799 2
2428 5746 2593 5799 Laud.
2626 5750 2680 5795 et
2704 5733 3100 5815 Corb._Gertn.,
3123 5735 3352 5793 luminis.

2070 5835 2095 5874 κ
2128 5812 2360 5887 Gemet.,
2392 5818 2528 5873 unde
2548 5812 2917 5898 committis}:
