4044 6346
573 274 641 335 99
1810 268 2052 328 ssnon
2090 270 2416 345 caecos"
2458 267 2669 329 MAGNI

3762 269 3867 330 £00

496 398 503 401 “
572 389 810 449 mutabili
842 387 1162 460 cogitatione
1191 383 1465 441 mutabilia
1496 390 1684 439 cuncta
1707 382 2013 455 disponere.
2053 383 2156 452 Qui
2190 387 2475 448 Afuerant
2501 386 2566 455 ad
2600 400 2749 439 suam
2789 383 3014 455 gratiam
3047 381 3363 459 reformare.
3600 386 3863 467 scriptum

567 498 697 551 ergo
727 496 885 541 voces
917 479 1203 550 petentium
1238 476 1502 532 transiens
1532 476 1740 539 audivit
1760 517 1775 539 ,
1806 487 1954 530 stans
1981 475 2160 530 lumen

569 576 834 641 reddidit,
873 574 996 645 quia
1029 573 1129 627 etsi
1166 576 1387 641 propter
1424 583 1522 623 nos
1552 568 1871 637 temporalia
1910 567 2161 637 pertulit,

569 672 693 729 inde
724 681 903 726 tamen
933 668 1087 723 nobis
1118 667 1292 721 lucem
1328 664 1530 730 tribuit,
1566 664 1707 720 unde
1747 663 1950 720 habere
1981 672 2163 719 muta~

566 765 787 821 bilitatis
811 760 1090 817 transitum
1125 757 1320 814 nescit.
1351 756 1481 824 Quia
1511 756 1668 824 igitur
1689 754 1904 824 quando
1924 769 2016 823 per
2042 770 2164 808 car-

565 874 687 913 nem
708 863 991 924 sppareret
1020 851 1325 908 hominibus
1361 850 1628 905 incertum
1662 849 1793 911 fuit,
1822 848 1985 918 eos
2017 854 2161 901 recte

562 965 705 1005 nunc
728 948 920 1003 dicitur
952 964 964 999 :
1000 942 1135 998 Deus
1175 942 1413 1013 intell‘git
1452 943 1587 995 viam
1628 942 1773 1012 ejus,
1802 950 1851 993 et
1883 942 1990 1010 ipse
2018 939 2160 992 novit

470 1040 477 1041 7
564 1041 732 1096 locum
769 1038 931 1094 illius.
963 1038 1041 1093 Ac
1079 1035 1125 1091 si
1155 1047 1342 1105 aperte
1383 1035 1687 1089 diceretur:
1726 1031 1985 1086 llumanae
2014 1030 2157 1101 cogi-

563 1131 749 1186 tationi
771 1129 979 1186 occulta
1006 1137 1151 1196 sunt,
1186 1127 1270 1182 vel
1293 1126 1507 1197 quando
1528 1141 1623 1194 p--r
1650 1138 1866 1179 carnem
1887 1124 1953 1178 ad
1984 1124 2157 1177 nomi-

560 1240 653 1280 nes
684 1223 944 1289 sapientia
983 1220 1194 1284 veniat,
1228 1222 1313 1274 vel
1341 1217 1611 1289 quomodo
1654 1218 1794 1288 apud
1825 1216 2038 1272 Patrem
2075 1216 2157 1271 in-

560 1317 806 1380 visibilis,
833 1317 993 1369 etiam
1024 1328 1145 1370 cum
1178 1312 1310 1370 foris
1336 1314 1667 1382 apparuerit,
1699 1311 1969 1382 persistat.

629 1408 680 1462 6.
705 1406 956 1478 Ejusdem
991 1405 1241 1459 adventus
1280 1414 1327 1459 et
1368 1406 1565 1459 mansio
1608 1406 1662 1459 in
1702 1402 1942 1458 cordibus
1988 1404 2155 1458 homi-

559 1516 683 1554 num
720 1500 1049 1570 ignorantur.
1088 1528 1158 1539 —
1189 1498 1452 1565 Quamvis
1496 1498 1597 1551 hoc
1635 1496 1864 1566 intelligi
1903 1505 1957 1551 et
1996 1495 2153 1552 aliter

556 1602 751 1663 potest.
801 1591 935 1647 Nam
981 1592 1063 1645 via
1104 1592 1223 1660 ejus
1250 1606 1357 1644 non
1411 1590 1856 1645 inconvenienter
1889 1587 2151 1657 accipitur

556 1684 662 1741 hoc
692 1686 862 1755 ipsum
895 1685 1034 1755 quod
1063 1684 1211 1739 venit
1239 1684 1305 1737 ad
1334 1698 1462 1749 cor,
1497 1696 1727 1752 seseque
1762 1681 1916 1736 nobis
1955 1682 2149 1736 intrin-

2268 491 2354 534 est
2387 496 2403 534 :
2438 478 2547 533 Rex
2574 479 2662 551 qui
2692 478 2831 532 sedet
2862 479 2914 532 in
2938 480 3067 533 solio
3087 480 3308 549 judicii,
3336 478 3554 553 dissipat
3580 496 3729 537 omne
3752 496 3866 535 nta-

2267 571 2377 624 lum
2408 573 2594 624 intuitu
2630 587 2723 625 suo
2755 569 2937 641 (Prov.
2973 586 3063 636 xx,
3096 570 3177 643 8).
3235 570 3588 643 Respiciendo
3621 588 3858 645 namque

2268 663 2504 721 levitatis
2529 674 2728 720 nostra:
2755 665 2892 719 mala
2923 667 3179 730 coercuit,
3212 676 3265 721 et
3303 683 3495 739 magna
3517 669 3710 726 merita
3739 684 3856 723 ma-

2272 763 2509 820 turitatis
2532 762 2700 818 dedit.
2738 761 2896 817 Unde
2916 761 3089 815 adhuc
3111 760 3353 817 subditur
3384 777 3403 819 ε

2732 852 2966 910 CAPUT
2999 854 3037 908 ν
3070 854 3216 928 [ηπ.
3258 852 3385 929 1V].

2340 948 2502 1003 Vens.
2536 947 2628 1003 25.
2661 978 2731 991 —
2763 949 2859 1016 Qui
2888 946 3005 1015 fecit
3036 951 3197 1003 ventis
3224 949 3444 1019 pondus,

2334 1041 2387 1096 8.
2415 1041 2626 1096 Animas
2664 1057 2821 1111 vagas
2843 1041 2954 1110 ﬁgit
2983 1051 3031 1093 et
3064 1041 3312 1112 gravitate
3340 1042 3521 1094 donat.
3545 1070 3616 1081 —
3643 1039 3861 1097 Veloci-

2261 1140 2372 1187 tato
2408 1134 2549 1190 enim
2579 1148 2639 1187 ac
2667 1132 2965 1189 subtilitate
2994 1141 3275 1188 ventorum
3307 1131 3362 1185 in
3402 1131 3677 1201 Scriptura
3707 1146 3859 1187 Sacra

2259 1227 2439 1285 solent
2464 1223 2980 1294 anitnm‘designari,
3003 1223 3141 1282 sicut
3168 1239 3260 1295 per
3290 1222 3623 1281 Psalmistam
3649 1224 3714 1278 de
3749 1224 3858 1279 Deo

2259 1316 2453 1372 dicitur
2485 1336 2498 1371 :
2531 1326 2552 1355 ο
2590 1317 2691 1381 Qui
2731 1315 2961 1371 ambulat
2997 1333 3151 1381 super
3180 1332 3375 1389 pennas
3412 1327 3677 1389 ventorum
3709 1314 3858 1371 I‘sal.

2256 1425 2373 1477 ctu,
2404 1410 2497 1481 3);
2532 1396 2716 1476 ide-t,
2767 1410 2857 1479 qui
2880 1392 3268 1483 transgreditur
3298 1411 3523 1469 virtutes
3556 1402 3858 1481 animarum

2257 1502 2408 1558 Fecit
2432 1518 2561 1575 ergo
2592 1502 2768 1558 ventis
2797 1502 3029 1573 pondus,
3060 1503 3179 1573 quia
3211 1502 3338 1561 dum
3364 1517 3594 1571 superna
3633 1505 3858 1575 sapien-

2256 1596 2327 1651 tia
2353 1597 2527 1665 replet
2552 1596 2777 1659 animas,
2809 1611 2901 1651 eas
2926 1592 2950 1632 ἀ
3005 1596 3311 1651 maturitate
3331 1594 3497 1651 indita
3516 1610 3709 1667 graves
3726 1594 3860 1667 red-

2253 1688 2367 1756 dit;
2396 1703 2502 1742 non
2544 1688 2633 1741 illa
2685 1687 2945 1757 gravitate
2990 1702 3091 1755 qua
3131 1687 3324 1741 dicitur
3357 1703 3372 1740 :
3408 1684 3537 1747 Filii
3581 1686 3863 1741 licinium

554 1792 711 1835 secus
742 1777 997 1833 infundit.
1032 1776 1205 1832 Locus
1232 1790 1365 1830 vero
1395 1774 1513 1844 ejus
1542 1775 1600 1828 fit
1624 1789 1741 1840 cor,
1784 1773 1851 1828 ad
1879 1773 2019 1842 quod
2052 1788 2145 1830 ve-
2177 1776 2226 1841 Β
2253 1794 2513 1850 usquequo
2548 1787 2571 1815 ο
2603 1779 2746 1844 qravi
2782 1778 2936 1832 corde
2979 1776 3154 1849 (Psal.
3192 1792 3263 1842 tv,
3296 1776 3387 1845 δη
3419 1775 3576 1830 Aliud
3622 1791 3861 1847 namque

553 1868 708 1925 niens
745 1877 1040 1937 permanet.
1084 1868 1160 1924 De
1200 1866 1299 1922 hac
1338 1869 1537 1936 quippe
1582 1865 1666 1918 via
1716 1865 1860 1919 illius
1902 1864 2097 1920 dicitur
2133 1882 2147 1919 :

559 1958 678 2015 Van:
697 1960 966 2014 clamantis
984 1962 1034 2013 in
1051 1958 1268 2023 deserto,
1288 1968 1465 2029 parate
1488 1966 1511 1995 ει
1534 1957 1668 2010 viam
1689 1955 1909 2009 Domino
1931 1953 2146 2027 (Matth.

552 2056 630 2120 in,
656 2055 744 2123 5);
771 2053 821 2107 id
845 2061 950 2117 est,
979 2052 1031 2106 in
1062 2052 1226 2108 corde
1247 2058 1430 2105 vestro
1462 2048 1694 2103 venienti
1716 2048 2007 2113 Sapientia:
2031 2047 2144 2100 adi-

551 2156 663 2202 tum
692 2154 961 2212 reserate,
998 2146 1139 2200 sicut
1168 2145 1299 2198 alias
1334 2142 1528 2198 dicitur
1560 2159 1573 2195 :
1613 2141 1722 2195 lter
1768 2143 1922 2210 facile
1966 2142 2013 2195 ei
2061 2139 2148 2210 qui

550 2237 779 2292 ascendit
807 2253 959 2305 super
995 2252 1230 2290 occasum
1256 2233 1427 2304 (Psal.
1461 2249 1631 2298 van,
1661 2233 1748 2303 5).
1785 2233 1957 2303 Super
1989 2248 2148 2288 occa-

548 2343 668 2389 sum
693 2327 791 2385 fuit
814 2327 1143 2390 ascendere,
1178 2328 1350 2396 ipsam
1391 2334 1621 2381 mortem
1661 2340 1819 2393 quam
1856 2325 2148 2394 pertulerat

549 2422 882 2492 resurgendo
907 2436 1211 2491 superasse.
1235 2420 1322 2475 Ait
1350 2435 1477 2491 ergo
1505 2436 1520 2473 :
1552 2417 1617 2472 Ei
1633 2420 1720 2489 qui
1745 2420 2146 2490 aseenditsuper

548 2529 818 2579 occasum,
859 2514 954 2569 iter
992 2513 1181 2582 facite;
1213 2511 1266 2566 id
1305 2521 1422 2575 est,
1466 2512 1771 2581 resurgeuti
1811 2511 2038 2565 Domino
2087 2516 2140 2566 in

547 2608 743 2664 vestris
770 2606 1020 2661 cordibus
1047 2620 1141 2674 per
1166 2604 1323 2660 [idem
1345 2606 1484 2657 viam
1510 2604 1765 2673 praebete.
1787 2603 1923 2656 lliuc
1946 2603 2143 2658 Joanni

545 2716 642 2771 per
662 2700 907 2770 spiritum
942 2697 1137 2752 dicitur
1166 2715 1179 2750 :
1212 2694 1431 2750 Proribis
1456 2703 1571 2749 ante
1584 2694 1773 2765 [aciem
1812 2692 2019 2748 Domini
2048 2710 2145 2765 pa-

544 2807 660 2851 rare
698 2793 802 2848 vias
839 2793 952 2863 ejus
985 2788 1137 2862 (an.
1170 2803 1222 2853 ι,
1245 2787 1360 2857 76).
1407 2786 1663 2856 Quisquis
1702 2786 1900 2841 etenim
1933 2788 2130 2857 praedi-

545 2885 718 2941 cando
740 2900 770 2939 a
793 2883 1037 2939 sordibus
1059 2881 1309 2935 vitiorum
1333 2879 1496 2934 corda
1527 2878 1861 2933 audientium
1890 2880 2134 2942 mundat.

544 2976 782 3032 venienti
815 2975 1095 3043 sapientiae
1128 2974 1268 3028 viam
1302 2980 1591 3041 praeparat.
1628 2971 1801 3026 liabet
1829 2986 1958 3043 ergo
1997 2973 2138 3026 viam

543 3066 646 3123 ista
676 3066 969 3134 sapientia,
1000 3064 1162 3118 liabet
1187 3071 1242 3116 et
1282 3061 1457 3116 locum
1489 3079 1504 3117 :
1533 3060 1685 3117 Viam
1712 3077 1814 3130 qua
1843 3064 2022 3130 venit,
2057 3062 2138 3117 lo-

2252 1881 2335 1925 est
2362 1884 2578 1939 gravem
2612 1883 2733 1927 esse
2763 1884 2858 1938 per
2898 1870 3208 1935 consilium,
3234 1869 3377 1923 aliud
3412 1883 3503 1938 per
3528 1869 3689 1940 607
3723 1883 3854 1936 pec-

2250 1972 2458 2027 catum;
2489 1962 2631 2015 aliud
2661 1972 2743 2017 est
2766 1976 2981 2031 gravent
3005 1975 3125 2017 esse
3150 1958 3169 1997 ί
3195 1975 3288 2030 per
3314 1962 3688 2023 constantiam,
3709 1959 3854 2014 aliud

2253 2068 2348 2122 per
2366 2053 2605 2120 culpam.
2637 2052 2739 2107 Ista
2762 2052 2903 2107 enim
2938 2051 3172 2121 gravitas
3217 2052 3427 2122 pondus
3463 2051 3623 2104 habet
3650 2054 3853 2117 oneris,

2247 2145 2340 2199 illa
2363 2146 2596 2201 virtutis.
2623 2144 2836 2200 Pondus
2864 2161 2990 2217 ergo
3019 2146 3286 2216 accipiunt
3313 2146 3506 2199 animae
3531 2184 3546 2207 ,
3575 2155 3634 2199 ut
3660 2148 3729 2199 ab
3758 2148 3847 2200 itt-

2250 2240 2489 2296 tentione
2522 2241 2610 2296 Dei
2645 2257 2749 2295 non
2767 2240 2878 2312 jam
2911 2241 3012 2296 levi
3040 2250 3191 2297 motu
3232 2240 3504 2301 desiliant,
3539 2240 3634 2296 sed
3660 2239 3854 2292 ineunt

2260 2333 2364 2388 ﬁsa
2406 2344 2430 2382 8
2452 2335 2767 2389 constantia:
2790 2335 3051 2405 gravitate
3076 2334 3391 2389 consistant.
3411 2334 3600 2388 Adtmc
3632 2332 3723 2387 ille
3754 2346 3854 2400 po-

2249 2428 2405 2498 pulus
2432 2428 2619 2483 leviter
2650 2428 2982 2493 movebatur,
3018 2427 3084 2482 de
3111 2443 3217 2498 quo
3246 2443 3342 2499 per
3373 2425 3689 2495 prophetam
3713 2422 3853 2477 dici-

2245 2527 2334 2573 tur
2366 2536 2379 2572 :
2415 2520 2542 2574 Abiit
2567 2535 2723 2591 vagus
2750 2520 2805 2572 in
2837 2522 2971 2574 ciam
2994 2520 3176 2573 cordis
3205 2521 3282 2589 fui
3302 2538 3319 2584 ;
3343 2520 3475 2574 viam
3504 2520 3615 2591 ejus
3639 2518 3767 2581 vidi,
3803 2523 3853 2569 et

2247 2610 2419 2664 dimisi
2450 2627 2566 2665 eum
2608 2608 2766 2681 (lsai.
2810 2625 2938 2677 Lvtt,
2984 2610 3098 2679 17).
3133 2609 3310 2667 Grave
3345 2619 3527 2666 autem
3558 2608 3852 2665 consilium

2244 2703 2425 2759 cordis
2468 2718 2684 2758 omnem
2717 2704 3129 2759 inconstantiam
3165 2702 3462 2773 vagatiouis
3500 2701 3751 2773 expellLt.
3786 2701 3853 2755 Et

2242 2799 2495 2866 quoniam
2524 2806 2647 2851 sunt
2674 2798 2867 2850 animae
2896 2811 3015 2865 quae
3042 2795 3147 2851 levi
3176 2806 3325 2849 tnotu
3357 2810 3497 2849 nunc
3529 2795 3660 2860 ista,
3701 2806 3850 2847 nunc

2243 2885 2334 2940 illa
2372 2886 2713 2952 desiderant,
2740 2888 3081 2957 omnipotens
3127 2887 3305 2957 Deus,
3352 2887 3475 2956 quia
3517 2885 3661 2954 ipsas
3704 2885 3853 2954 leves

2242 2980 2619 3036 ﬂuctuationes
2643 2983 2900 3036 mentium
2924 2997 3027 3036 non
3055 2981 3241 3037 leviter
3265 2992 3475 3050 pensat,
3501 2982 3851 3049 vagationem

2242 3073 2422 3129 cordis
2465 3073 2819 3142 relinquendo
2853 3072 3129 3142 dijudieat.
3178 3071 3283 3128 Sed
3315 3086 3438 3127 cum
3479 3086 3573 3140 per
3613 3072 3848 3140 gratiam

543 3175 665 3216 eum
698 3172 804 3228 quo
845 3164 1063 3220 manet,
1104 3155 1243 3210 sicut
1274 3155 1386 3223 ipsa
1440 3154 1552 3207 ait:
1584 3152 1645 3208 Si
1672 3154 1786 3224 quis
1825 3154 1994 3223 diligit
2034 3170 2132 3221 me,

2247 3165 2460 3233 reSpicit
2500 3181 2687 3236 vagam
2720 3174 2988 3232 mentem,
3021 3164 3074 3221 in
3103 3165 3312 3221 consilii
3333 3165 3683 3220 stabititatmu
3710 3163 3850 3232 ﬁgit.

542 3266 821 3305 sermonem
868 3264 1036 3303 meum
1073 3246 1327 3312 servabit;
1366 3252 1415 3299 et
1447 3244 1605 3298 Pater
1632 3260 1772 3298 meus
1800 3244 1975 3314 diliget
1996 3261 2131 3311 eum,

542 3352 589 3397 et
612 3342 679 3396 ad
706 3359 823 3397 eum
850 3341 1139 3408 veniemus,
1166 3349 1213 3392 et
1248 3337 1562 3391 mansionem
1587 3337 1728 3402 apud
1756 3352 1867 3389 eum
1892 3336 2135 3407 faciemus

543 3434 722 3504 (Joan.
751 3430 1002 3503 xxv,25).
1050 3430 1144 3485 Via
1181 3430 1455 3498 estigitur
1496 3444 1600 3498 qua
1642 3428 1809 3491 venit,
1850 3427 2000 3483 locus
2029 3444 2133 3497 quo

540 3536 744 3584 manet.
772 3524 800 3564 δ
825 3525 931 3581 Sed
961 3540 1067 3593 quo
1104 3524 1279 3585 venit,
1306 3536 1425 3590 qua:
1463 3520 1658 3589 ubique
1696 3518 1814 3574 est?
1837 3520 1916 3573 An
1951 3519 2133 3574 venire

539 3619 920 3689 estsapientiac
949 3633 1044 3687 per
1075 3615 1522 3671 illuminationem
1539 3614 1733 3666 mentis
1766 3624 1963 3667 nosme
1990 3612 2124 3667 indi-

537 3724 659 3766 care
684 3710 1021 3779 prmseutiam
1050 3705 1346 3775 maiestatis
1386 3703 1533 3759 suae?
1569 3703 1634 3758 Et
1663 3701 1785 3773 quia
1827 3702 2130 3757 hominibus

537 3800 800 3854 incertmn
828 3807 910 3853 est
938 3796 1022 3851 vel
1042 3796 1099 3851 in
1128 3795 1279 3866 cujus
1307 3809 1401 3849 cor
1428 3794 1625 3856 veniat,
1652 3793 1735 3848 vel
1760 3792 1811 3846 in
1842 3808 1949 3860 quo
1979 3803 2122 3862 post.

539 3904 699 3961 quam
731 3890 941 3945 venerit
967 3888 1334 3957 permanendo
1364 3887 1686 3953 requiescat,
1708 3896 1851 3941 reete
1880 3902 2021 3940 nunc
2049 3888 2130 3941 di-

538 3983 679 4039 citur
707 3999 722 4034 :
755 3981 891 4035 Deus
917 3979 1157 4050 intelligit
1176 3979 1310 4032 viam
1332 3982 1467 4050 ejus,
1488 3986 1537 4032 et
1567 3978 1676 4045 ipse
1708 3979 1843 4032 novit
1870 3980 2037 4033 locum
2057 3980 2128 4032 il-

538 4074 661 4137 lius,
691 4073 811 4142 quia
839 4071 1004 4126 solius
1032 4070 1226 4125 divinae
1256 4070 1475 4123 visionis
1496 4077 1580 4124 est
1605 4083 1861 4138 cernere,
1886 4071 1968 4125 vel
2005 4073 2125 4141 qui-

538 4168 639 4225 bus
666 4166 838 4221 ntodis
879 4164 1185 4219 intellectus
1223 4162 1499 4231 sapientia:
1526 4162 1594 4216 ad
1635 4178 1729 4217 cor
1764 4163 2004 4220 hominis
2030 4179 2126 4220 ve-

540 4261 679 4325 niat,
712 4258 795 4313 vel
820 4256 975 4327 cujus
1006 4272 1158 4311 mens
1198 4256 1526 4311 intellectum
1556 4259 1712 4323 vitzc,
1745 4273 1902 4330 quem
1936 4274 2124 4326 perce-

541 4355 707 4424 perit,
740 4352 1028 4408 mortiferis
1055 4351 1469 4421 cogitationibus
1499 4366 1606 4406 non
1642 4355 1869 4407 amittat.
1903 4353 1967 4408 Et
2001 4355 2123 4424 quia

538 4448 654 4503 haec
695 4448 881 4504 eadem
912 4443 1170 4514 sapientia
1217 4459 1309 4511 per
1350 4442 1698 4500 humanitatis
1744 4447 1967 4516 gratiam
2011 4461 2123 4499 nta-

2239 3260 2408 3315 Recte
2433 3274 2563 3331 ergo
2595 3274 2735 3314 nunc
2762 3258 2955 3313 dicitur
2980 3277 2991 3312 :
3020 3258 3119 3326 Qui
3143 3260 3264 3327 fecit
3288 3256 3447 3311 ventis
3471 3256 3695 3326 pondus,
3720 3253 3851 3323 quia

2237 3365 2356 3406 cum
2388 3352 2532 3407 leves
2567 3363 2741 3405 motus
2770 3353 2931 3405 animi
2959 3349 3379 3405 misericordter
3406 3349 3657 3417 dignatur
3683 3348 3840 3415 aspi-

2236 3457 2380 3507 cere,
2416 3442 2555 3498 hnnc
2596 3442 2836 3509 protinus
2875 3441 2940 3496 ad
2974 3441 3288 3496 constantiae
3327 3440 3692 3495 maturitatem
3740 3440 3850 3493 lor-

2236 3547 2366 3591 mat.
2399 3534 2490 3590 Vel
2538 3544 2684 3589 certe
2716 3535 2888 3589 ventis
2937 3534 3145 3603 pondus
3175 3532 3355 3588 facere
3396 3542 3481 3589 est
3519 3546 3846 3588 concessam
3874 3594 3889 3603 ς

2236 3628 2324 3683 hic
2346 3625 2531 3681 electis
2558 3624 2626 3679 de
2654 3625 2936 3679 virtutibus
2964 3626 3212 3693 gloriam,
3240 3624 3495 3693 permista
3525 3624 3847 3680 inﬁrmitate

2236 3726 2556 3787 temperare.
2584 3713 2736 3772 Unde
2758 3724 2811 3770 et
2835 3715 3116 3771 subditur:

2864 3806 3093 3863 CAI’UT
3132 3806 3221 3863 Vl.

2302 3900 2430 3956 leto.
2462 3928 2534 3941 -
2563 3898 2627 3953 Et
2664 3915 2829 3969 aquas
2857 3899 3107 3968 appendit
3133 3915 3394 3959 mensura.

2304 3990 2358 4043 9.
2399 3988 2622 4045 Virtutes
2650 3992 2927 4046 electorum
2969 3992 3244 4060 permistis,
3274 4007 3335 4047 ne
3360 3991 3684 4047 extollantur
3703 4035 3720 4060 ,
3753 3994 3848 4048 in-

2230 4084 2471 4153 ﬁrmitate
2496 4093 2762 4153 temperat.
2795 4085 2958 4154 Aqua:
2987 4084 3041 4138 in
3065 4080 3338 4151 Scriptura
3358 4100 3507 4139 sacra
3545 4087 3850 4155 aliquando

2231 4176 2489 4246 Spiritum
2525 4185 2766 4231 sanctum
2790 4217 2805 4241 ,
2837 4175 3123 4245 aliquando
3159 4176 3439 4230 scientiam
3468 4189 3719 4245 sacram,
3745 4177 3849 4233 ali-

2231 4268 2446 4338 quando
2473 4266 2754 4323 scientiam
2789 4281 3007 4337 pravam
3031 4310 3047 4332 ,
3078 4266 3366 4335 altquando
3399 4267 3844 4337 tribulationem,

2229 4359 2516 4428 aliquando
2571 4359 2867 4415 delluentes
2932 4359 3188 4428 populos,
3226 4358 3277 4411 al
3297 4359 3512 4429 quando
3554 4355 3581 4395 ιι
3626 4373 3848 4419 ntetttes

2229 4453 2388 4508 fidem
2446 4454 2814 4521 sequentium,
2860 4451 2879 4490 ι
2930 4452 3216 4522 designare
3251 4453 3449 4507 solent.
3495 4452 3598 4509 l’er
3636 4468 3844 4523 aquam

540 4541 788 4597 nilestata
818 4540 873 4593 in
898 4537 1111 4593 cunctis
1145 4536 1326 4590 mutuli
1363 4536 1605 4605 partibus
1634 4538 1923 4594 electorum
1954 4539 2125 4596 fuerat
2153 4526 2206 4589 Β
2230 4548 2426 4614 quippe
2468 4544 2638 4611 sancti
2686 4545 2915 4612 Spiritus
2963 4544 3157 4598 inlusio
3192 4543 3506 4613 designatur
3531 4584 3547 4611 ,
3586 4544 3736 4600 sicut
3786 4547 3845 4600 in

538 4635 700 4691 corda
724 4633 1012 4703 repletura,
1039 4641 1184 4687 recte
1206 4630 1476 4684 subditur.

986 4721 1215 4778 CAPUT
1258 4721 1321 4775 tv
1365 4721 1509 4795 [νει.
1553 4720 1681 4794 IV].

614 4812 773 4870 Vens.
815 4813 909 4868 24.
936 4842 1008 4856 -
1051 4812 1175 4885 Ipse
1195 4814 1329 4868 enim
1380 4814 1507 4882 ﬁnes
1554 4814 1733 4868 mundi
1780 4816 2046 4882 intuetur,
2080 4824 2126 4869 et

536 4908 710 4962 omnia
730 4923 843 4978 qua
870 4906 959 4961 sub
981 4904 1107 4961 calo
1127 4916 1242 4960 sunt
1261 4906 1487 4976 respicit.

605 4997 748 5054 Deus
777 5014 869 5053 nos
916 4998 1230 5066 respiciendo
1274 5012 1363 5069 per
1410 4997 1629 5067 gratiam
1675 5000 1937 5068 reformat.
1969 5026 2039 5036 —
2069 4997 2120 5051 7.

534 5094 826 5163 Respicere
853 5091 1049 5161 quippe
1083 5089 1177 5145 Dei
1206 5098 1290 5146 est
1327 5105 1389 5146 ea
1435 5105 1553 5160 qua:
1598 5091 1791 5147 amissa
1821 5105 1884 5147 ac
1911 5089 2117 5162 perdita

607 5266 633 5295 ⁸
659 5256 842 5313 Germ.
869 5262 924 5309 et
949 5252 985 5305 2
1016 5252 1207 5318 Laud.,
1240 5251 1375 5304 viam
1394 5250 1619 5303 Domini.

604 5324 632 5367 δ
659 5329 731 5380 Ita
748 5327 870 5379 ωδε.
891 5327 960 5379 At
990 5324 1044 5377 in
1075 5332 1275 5390 poster.
1295 5321 1491 5383 Editis,
1518 5322 1606 5373 sed
1629 5317 1834 5387 quando
1852 5318 1984 5390 venit
2005 5333 2118 5385 qut:

533 5397 718 5466 ubique
756 5408 852 5451 est.
891 5396 960 5450 At
1003 5389 1334 5466 praeferenda
1380 5400 1463 5466 est
1500 5402 1685 5445 nostra
1739 5389 1930 5466 lectio,
1990 5404 2113 5466 nam

531 5459 741 5535 quando
772 5483 875 5520 non
916 5467 983 5520 ad
1005 5459 1188 5519 locum
1216 5462 1311 5519 sed
1352 5462 1420 5517 ad
1463 5469 1673 5529 tempus
1719 5460 1981 5526 pertinet;
2029 5459 2116 5514 liic

532 5536 753 5609 vero-de
784 5537 899 5591 loco
919 5537 1116 5609 agitur.

606 5616 630 5643 ε
664 5605 892 5671 Gemet.,
916 5605 1001 5674 qui
1030 5607 1279 5659 ambulas.

601 5676 628 5712 εί
660 5680 679 5728 t
719 5667 1249 5738 Lautl.,'ruaturifate
1295 5673 1449 5728 solita
1478 5687 1676 5743 graves.
1719 5667 1870 5724 Alter
1912 5668 2104 5737 Laud.,

530 5749 821 5802 maturitate
852 5744 926 5799 vel
951 5747 1177 5800 inditam
1196 5760 1397 5813 ames.

2233 4635 2517 4703 Evangelio
2541 4636 2735 4691 dicitur
2769 4653 2781 4687 :
2815 4634 2914 4701 Qui
2943 4636 3103 4695 credit
3135 4636 3190 4688 in
3218 4649 3295 4688 me
3317 4677 3331 4699 ,
3362 4636 3493 4687 sicut
3524 4636 3651 4690 dicit
3685 4636 3845 4692 Scri-

2228 4739 2404 4798 ptura,
2429 4728 2648 4798 ﬂumina
2674 4727 2737 4780 de
2759 4736 2934 4781 ventre
2975 4727 3090 4793 eius
3119 4728 3276 4796 ﬂuent
3304 4741 3450 4796 aqum
3479 4730 3605 4781 circ
3646 4726 3843 4799 (Joun.

2227 4836 2324 4886 vn,
2351 4821 2466 4889 38).
2492 4818 2588 4877 Ubi
2617 4818 2945 4888 evangelista
2972 4828 3187 4873 secutus
3202 4817 3449 4889 adiunxit
3480 4833 3492 4871 :
3521 4817 3641 4881 Hoc
3657 4831 3845 4875 aettem

2229 4910 2359 4967 dixit
2402 4910 2466 4963 de
2498 4909 2719 4977 Spiritu,
2759 4924 2906 4973 quem
2944 4909 3205 4979 accepturi
3272 4921 3419 4965 erant
3465 4912 3739 4965 credentes
3784 4914 3845 4966 in

2228 5017 2361 5055 eum.
2399 5000 2630 5054 Rursum
2676 5014 2770 5068 per
2799 5013 2993 5067 aquam
3030 5015 3183 5053 sacra
3222 5001 3446 5055 scientia
3487 5003 3841 5073 designatur,

2224 5091 2361 5145 sicut
2411 5089 2605 5143 dicitur
2656 5105 2671 5143 :
2716 5090 2861 5161 Aqua
2906 5089 3176 5159 sapientia:
3219 5091 3469 5148 salutaris
3508 5095 3709 5166 potabit
3753 5111 3844 5149 eos

2300 5254 2325 5313 9
2356 5244 2526 5298 Laud.
2558 5254 2611 5299 et
2632 5241 2839 5306 Gcrm.,
2867 5259 3045 5313 graves
3069 5252 3241 5300 corde.

2301 5312 2323 5352 ί
2354 5315 2579 5378 Turon.,
2612 5331 2699 5384 per
2730 5312 3110 5371 conscientiam.

2294 5394 2322 5432 α
2354 5386 2562 5439 Bellov.
2593 5393 2648 5439 et
2678 5385 2696 5436 l
2738 5386 2929 5447 Lattd.,
2962 5388 3261 5440 Constantia:
3283 5391 3561 5448 suavitate.

2298 5452 2325 5491 δ
2355 5456 2427 5529 ita
2457 5456 2617 5529 (geri).
2664 5454 2879 5529 Germ},
2927 5458 3152 5519 llellov"
3196 5456 3318 5509 Tum
3350 5476 3433 5527 n.,
3490 5460 3752 5529 \’indoc.,
3809 5466 3838 5521 ί

2220 5525 2389 5580 Laud.
2412 5525 2689 5588 InNorm.,
2708 5526 2828 5593 ﬁdei
2848 5528 3155 5579 documenta
3180 5525 3525 5593 sequentium.
3555 5531 3613 5585 lu
3638 5525 3837 5592 Germ.

2219 5607 2275 5652 et
2305 5598 2547 5672 lsigcusis,
2580 5598 2823 5672 bonorum
2844 5598 2976 5672 fidei
3001 5598 3410 5667 pradicamenta
3435 5607 3790 5672 sequentium.

2303 5665 2323 5701 ί
2354 5667 2561 5732 Gernt.,
2595 5668 2872 5738 designari.
