4104 6350
239 291 332 348 101
1068 281 1429 343 HORALIUM
1469 283 1600 342 LIB.
1643 285 1785 342 XIX.
1826 314 1899 328 —
1935 283 2164 346 CAPUT
2206 285 2419 342 X-XVll-l
2456 288 2517 344 Β.
2558 287 2680 344 JOB

3423 293 3518 350 l02

234 405 429 477 (Ereti.
453 419 542 470 xv,
572 403 650 473 ὅ).
681 403 784 460 Per
825 417 1015 473 aquam
1045 419 1258 475 quoque
1289 419 1450 471 prava
1487 403 1710 458 scientia
1737 418 1829 467 ape
1859 405 1912 469 Α
1940 401 2043 457 illis
2096 405 2379 483 virtutibus
2425 405 2739 462 ostendebat
2787 406 2914 475 quid
2968 418 3277 475 acceperat,
3308 410 3359 467 in
3403 413 3518 469 istis

234 497 430 569 pellari
473 497 650 562 solet,
689 496 832 551 sicut
872 496 1012 565 apud
1058 497 1402 553 Salomonem
1449 497 1668 559 mulier,
1707 510 1828 553 aute

237 603 425 662 typum
454 589 724 645 barreseos
750 598 926 654 tenet,
950 589 1158 644 callidis
1188 589 1524 644 suasionibus
1564 588 1830 642 blanditur

234 685 419 742 dicens
451 683 649 751 :Aqute
698 682 900 751 furtiva
947 683 1205 737 dulciores
1229 692 1345 735 sunt
1379 680 1559 752 (Prov.
1604 696 1678 746 Ix,
1711 680 1826 745 l7).

215 780 511 848 ‘Aquarum
547 774 706 828 etiam
746 772 963 829 nomine
992 789 1370 843 nonnunquam
1395 775 1566 828 solent
1603 773 1828 826 tribula-

235 868 411 920 tiones
433 867 680 934 intelligi,
707 867 844 918 sicut
868 882 964 935 per
990 865 1321 922 l’t‘mlmistam
1346 866 1539 921 dicitur
1570 883 1582 917 :
1616 865 1829 918 Salvum

252 972 313 1010 tte
343 961 450 1026 fac,
504 956 663 1020 Deus,
719 959 965 1024 quoniam
1012 958 1324 1010 intraverunt
1369 972 1518 1025 aqua:
1565 972 1722 1021 usque
1761 955 1828 1008 ad

228 1051 458 1104 animam
497 1066 662 1104 meum
703 1048 873 1120 (Paul.
931 1064 1117 1115 xum,
1151 1049 1228 1106 3i.
1278 1048 1382 1103 Per
1406 1063 1597 1116 aquam
1649 1047 1830 1116 populi

228 1143 606 1211 designantur,
647 1153 782 1197 sicut
819 1157 914 1209 per
949 1141 1211 1198 Joannem
1244 1141 1477 1194 dicitur:
1513 1140 1670 1206 Aqua:
1710 1154 1828 1197 vero

229 1245 349 1288 suat
377 1233 556 1301 populi
587 1234 770 1303 (Apoc.
808 1249 940 1298 xvu,
976 1232 1091 1302 ib).
1127 1233 1228 1287 Per
1257 1247 1447 1300 aquam
1475 1244 1687 1299 quoque
1723 1243 1828 1282 non

229 1327 405 1379 solum
446 1326 625 1379 ﬂuxus
674 1325 1074 1380 decurrentium
1119 1324 1435 1392 populorum
1465 1365 1480 1386 ,
1530 1321 1624 1376 sed
1664 1322 1828 1376 etiam

227 1416 494 1473 bonorum
544 1430 781 1486 mentes,
834 1420 956 1473 fidei
1006 1420 1418 1488 prtedicamenta
1457 1416 1827 1486 sequentium,

227 1509 603 1580 designantur,
638 1513 777 1566 sicut
823 1512 1080 1580 propheta
1113 1515 1184 1564 ait
1214 1529 1229 1564 :
1260 1510 1412 1564 Beati
1451 1512 1534 1578 qui
1567 1508 1830 1563 seminatis

229 1620 388 1673 super
425 1621 604 1659 omnes
630 1621 790 1672 aquas
838 1603 996 1674 (Isai.
1027 1621 1193 1667 χχιιι,
1221 1605 1316 1673 20)
1349 1605 1416 1658 Ει
1456 1619 1548 1672 per
1580 1602 1832 1656 Psalmis.

235 1703 344 1746 tam
376 1695 601 1750 dicitur:
642 1694 756 1750 Vos:
778 1694 985 1750 Domini
1013 1714 1169 1765 super
1223 1712 1383 1764 aquas
1433 1696 1606 1766 (Psaf.
1643 1710 1830 1761 xxvm,

1935 495 2336 552 infirmitatibus
2385 499 2486 552 hoc
2531 499 2672 568 quod
2720 510 3002 568 acceperat
3054 504 3408 560 custodiebat.
3461 505 3520 561 In

1932 588 2203 642 miraculis
2233 589 2629 644 monstrabatur
2660 590 2838 658 Elias,
2869 592 2921 646 in
2953 592 3355 651 infirmitatibus
3391 607 3521 650 ser-

1933 680 2181 735 vabatur.

2004 773 2092 828 H.
2137 774 2205 829 Et
2242 775 2398 830 Pauli
2429 786 2645 831 mortem
2673 778 3005 845 declinantis,
3036 789 3130 833 aut
3161 781 3371 836 Salaria
3411 794 3526 838 ten-

1933 867 2147 921 ta'ioncs
2194 869 2653 935 pauentia—Sic
2683 869 2904 924 Paulum
2941 871 3096 926 video
3142 872 3422 930 fluminum
3470 882 3527 930 et

1934 958 2221 1026 latronum,
2254 961 2486 1014 civitatis
2513 969 2568 1015 et
2596 961 2922 1024 solitudinis,
2960 965 3122 1017 maris
3148 978 3210 1018 ac
3240 973 3397 1020 terra:
3425 980 3526 1035 pe-

1934 1053 2104 1106 ricula
2135 1053 2484 1110 sustinentem
2507 1053 2597 1123 (ιι
2621 1053 2742 1109 Car.
2769 1071 2837 1119 xi,
2876 1055 2971 1124 26)
2997 1099 3010 1120 ,
3057 1057 3357 1113 frenantem
3386 1061 3530 1129 jeju-

1936 1143 2038 1197 niis
2068 1161 2130 1198 ac
2151 1144 2349 1215 vigiliis
2372 1161 2590 1215 corpus,
2614 1146 2970 1202 sustinentem
3000 1147 3209 1219 frigoris
3229 1159 3282 1204 et
3320 1151 3530 1205 nttditao

1936 1238 2004 1288 tis
2031 1251 2348 1301 :erumnam,
2394 1237 2460 1292 ad
2505 1239 2856 1293 ecclesiarum
2903 1241 3201 1294 custodiam
3243 1241 3531 1310 vigilanter

1936 1340 1997 1380 se
2041 1342 2103 1381 ac
2147 1327 2487 1396 pastoraliter
2517 1339 2541 1378 κ
2574 1340 2948 1393 exercentem,
2994 1331 3060 1385 ad
3091 1332 3302 1386 tertium
3333 1334 3530 1388 caelum

1936 1430 2168 1486 raptum,
2191 1436 2509 1489 rursumque
2533 1436 2654 1476 eum
2679 1423 2730 1475 in
2759 1422 3064 1491 paradisum
3096 1433 3303 1492 raptum
3334 1424 3528 1494 (lbid.,
3589 1414 3592 1417 ’

1940 1526 2034 1574 xu,
2072 1513 2148 1577 4),
2180 1519 2236 1566 et
2263 1513 2476 1568 audisse
2505 1529 2702 1568 arcana
2727 1515 2893 1570 verba
2916 1529 3033 1584 quae
3059 1530 3166 1570 non
3191 1516 3317 1571 licet
3349 1516 3528 1571 homi-

1937 1603 1992 1657 ni
2046 1604 2220 1673 loqui;
2275 1615 2331 1661 et
2388 1615 2566 1661 tamen
2613 1608 2829 1663 Satana:
2873 1610 3065 1679 angelo
3117 1612 3183 1664 ad
3218 1612 3531 1666 tentandum

1940 1696 2252 1750 conceditur
2284 1695 2448 1766 (Ibid.
2482 1714 2590 1764 xu,
2625 1698 2679 1766 ’7)
2709 1741 2724 1764 ,
2756 1711 2874 1756 orat
2923 1711 2980 1756 ut
3017 1701 3179 1754 eximi
3225 1702 3444 1768 debeat,
3477 1710 3533 1759 et

229 1783 290 1853 5)
321 1785 429 1839 lloc
458 1788 671 1855 ergoin
705 1790 821 1842 loco
851 1789 976 1856 quid
1009 1803 1270 1858 aquarum
1301 1787 1517 1842 nomine
1550 1787 1649 1840 nisi
1678 1787 1823 1840 elec-
1855 1805 1904 1866 Β
1944 1801 2049 1842 non
2074 1789 2376 1844 exauditur.
2409 1789 2574 1859 Cujus
2601 1805 2721 1846 cum
2764 1793 2878 1859 ipsa
2932 1792 3084 1848 initia
3138 1790 3166 1832 ¹ι
3212 1802 3528 1850 conversio-

231 1886 411 1934 torum
433 1880 596 1935 corda
622 1882 919 1950 signantur,
937 1897 1056 1951 quae
1073 1898 1166 1951 per
1189 1883 1520 1937 intellectum
1544 1880 1824 1949 sapientiae

230 1971 471 2025 auditum
503 1973 610 2040 jam
645 1989 894 2040 superna
927 1977 1076 2029 vocis
1115 1975 1473 2044 acceperunt?
1507 1973 1581 2028 De
1627 1974 1826 2043 quibus

230 2075 381 2118 recte
402 2065 634 2120 dicitur:
681 2063 746 2118 Et
790 2083 955 2136 aquas
1000 2069 1247 2136 appendit
1287 2081 1548 2120 mensura.
1581 2064 1726 2136 [νει.
1752 2074 1824 2120 et.

230 2153 362 2209 Res.
407 2153 507 2227 V].
555 2158 692 2224 Quia
741 2160 909 2213 sancti
949 2159 1048 2228 ipsi
1101 2161 1186 2229 qui
1221 2169 1245 2196 ο
1278 2168 1466 2214 sancto
1513 2160 1828 2212 sublevante

231 2244 435 2314 Spiritu
478 2249 544 2302 ad
587 2263 801 2304 summa
856 2252 1159 2320 rapiuntur,
1191 2251 1427 2320 quandiu
1457 2251 1512 2305 in
1565 2251 1664 2304 bac
1719 2251 1826 2305 vita

231 2347 380 2402 sunt,
413 2353 480 2394 ne
505 2340 678 2409 aliqua
709 2342 944 2398 elatione
974 2345 1305 2412 superbiant,
1333 2344 1653 2412 quibusdam
1711 2353 1828 2397 ten-

233 2431 526 2487 tationibus
550 2433 935 2504 reprimuntur,
968 2444 1026 2490 ut
1052 2452 1385 2506 nequaquam
1434 2446 1636 2491 tantum
1664 2437 1828 2504 proli-

232 2536 364 2578 cere
385 2523 589 2579 valeant
619 2535 874 2594 quantum
917 2530 1122 2594 volunt,
1155 2529 1248 2582 sed
1280 2544 1348 2584 ne
1378 2529 1705 2583 extollantur
1733 2543 1827 2582 su-

238 2617 451 2685 perbia,
494 2620 564 2672 sit
612 2617 665 2672 in
717 2622 798 2676 eis
829 2622 1062 2691 ipsnrum
1095 2621 1340 2691 quaedam
1375 2636 1628 2676 mensura
1663 2621 1828 2674 virtu-

231 2720 368 2765 ιυιη.

308 2803 395 2860 10.
444 2804 594 2870 Quod
626 2807 962 2872 conﬁrmatur
989 2807 1220 2877 exemplo
1253 2805 1384 2860 Elite
1412 2804 1702 2858 Iezabelem
1741 2805 1826 2870 [u-

232 2895 438 2962 gientis.
461 2925 533 2936 —
557 2897 689 2951 llinc
716 2908 799 2953 est
823 2899 965 2953 enim
997 2899 1140 2966 quod
1175 2900 1318 2952 Elias
1346 2898 1471 2951 dum
1511 2907 1586 2951 tot
1616 2895 1826 2950 virtuti-

232 2985 335 3039 bus
390 2986 556 3058 608
616 2989 669 3042 in
714 2990 818 3043 alta
872 2989 1229 3058 profecisset,
1289 2988 1518 3059 quadam
1577 3002 1827 3042 mensura

233 3092 529 3146 suspensus
575 3089 697 3145 est,
739 3081 863 3135 dum
916 3080 1135 3138 Jezabel
1186 3083 1524 3150 postmodum
1581 3080 1829 3150 quamvis

1930 1881 2013 1934 nis
2040 1881 2262 1949 aspicio,
2307 1882 2581 1950 perpendo
2629 1883 2772 1952 quod
2801 1884 2850 1937 ei
2881 1899 3110 1952 superna
3162 1888 3330 1952 pietas
3357 1888 3532 1944 cmlos

1929 1971 2128 2039 aperit,
2161 1986 2389 2041 seseque
2417 1972 2495 2028 illi
2525 1974 2685 2028 Jesus
2705 1975 2773 2030 de
2799 1975 3117 2032 sublimibus
3142 1979 3398 2032 ostendit.
3424 1979 3530 2046 Qui

1929 2062 2109 2116 lumen
2142 2066 2385 2132 corporis
2414 2065 2481 2118 ad
2514 2074 2723 2134 tempus
2755 2069 3010 2136 perdidit,
3045 2069 3224 2123 lumen
3258 2071 3437 2124 cordis
3461 2073 3518 2125 in

1932 2166 2249 2226 perpetuum
2273 2159 2498 2226 accepit.
2526 2160 2605 2212 Ad
2636 2161 2898 2213 Ananiam
2930 2162 3158 2215 mittitur
3180 2163 3316 2231 (Act.
3346 2177 3420 2225 tx,
3447 2162 3527 2232 7),

1931 2263 2026 2304 vas
2051 2251 2328 2306 electionis
2361 2262 2620 2316 vocatur;
2653 2259 2710 2305 et
2739 2264 2915 2307 tamen
2955 2254 3024 2309 de
3073 2253 3293 2309 civitate
3335 2255 3527 2310 eadem

1931 2355 2091 2410 quam
2124 2351 2243 2408 post
2264 2341 2522 2396 visionem
2555 2342 2682 2397 Jesn
2708 2344 2980 2413 ingressus
3005 2344 3181 2400 fuerat
3210 2346 3418 2414 fugiens
3444 2363 3530 2403 re-

1932 2433 2094 2497 cedit,
2124 2435 2262 2486 sicut
2292 2434 2408 2502 ipse
2440 2443 2668 2488 testatur
2689 2435 2874 2489 dicens
2901 2454 2912 2488 :
2948 2436 3194 2490 Damasci
3224 2440 3535 2509 pra’positus

1931 2527 2093 2592 gemis
2125 2527 2326 2580 Aret/iw
2361 2529 2493 2596 regis
2521 2528 2840 2583 custodiebat
2878 2531 3137 2584 civitatem
3173 2531 3532 2586 Damasceno-

1931 2633 2067 2682 rum,
2095 2627 2148 2670 ut
2180 2637 2256 2672 me
2279 2620 2764 2690 comprehenderet;
2788 2631 2834 2675 et
2863 2639 2952 2688 per
2972 2625 3253 2690 fenestram
3281 2625 3333 2676 in
3355 2636 3536 2692 sporta

1941 2711 2231 2766 idimissus
2273 2730 2389 2766 sum
2431 2731 2520 2780 per
2564 2731 2791 2780 murum,
2832 2726 2882 2768 et
2921 2718 2994 2769 sic
3022 2716 3182 2787 e/I'ugi
3212 2734 3394 2770 manus
3421 2721 3536 2790 ejus

1937 2799 2022 2872 (ΙΙ
2059 2801 2179 2857 Cor.
2220 2819 2273 2858 xl
2299 2847 2311 2870 ,
2345 2804 2460 2874 52).
2507 2805 2604 2858 Cui
2657 2806 2879 2861 licenter
2925 2808 3096 2861 diram
3124 2825 3136 2861 :
3169 2811 3212 2862 Ο
3262 2809 3446 2875 Paulo,
3481 2811 3538 2866 in

1935 2897 2072 2951 caelo
2097 2896 2206 2963 jam
2238 2898 2420 2951 Jesutu
2458 2899 2753 2966 conspicis,
2794 2908 2847 2952 et
2888 2899 2938 2953 in
2978 2909 3118 2954 terra
3149 2901 3324 2954 adhuc
3357 2901 3532 2954 homi-

1936 3003 2058 3043 nem
2092 2989 2268 3056 fugis?
2289 2989 2344 3043 ln
2375 2990 2682 3056 paradisum
2717 2990 2927 3046 duceris
2952 3036 2964 3056 ,
2998 3001 3205 3045 secreta
3241 2991 3332 3045 Dei
3365 2990 3527 3045 verba

1935 3081 2238 3148 cognoscis,
2268 3092 2320 3134 et
2348 3081 2522 3135 adhuc
2551 3098 2578 3134 a
2605 3081 2820 3136 Satanas
2857 3082 3049 3152 angelo
3082 3083 3340 3137 tentaris?
3373 3081 3528 3138 Unde

232 3170 495 3238 reginam,
531 3179 708 3227 tamen
743 3173 1108 3228 mulierculam
1139 3174 1271 3244 fugit
1292 3171 1415 3243 (Ill
1449 3173 1575 3244 Reg.
1605 3188 1716 3235 xu,
1738 3172 1820 3242 5).
1854 3185 1903 3251 ο
1933 3172 2014 3226 sic
2038 3170 2215 3239 fortis,
2245 3181 2301 3225 ut
2329 3173 2393 3226 ad
2421 3173 2662 3227 cmleSIia
2688 3174 2946 3242 rapiaris?
2971 3173 3126 3230 Unde
3147 3175 3223 3228 sic
3254 3173 3524 3240 infirmus,

231 3261 518 3331 Perpendo
563 3268 759 3334 quippe
799 3265 942 3320 hunc
972 3268 1124 3321 mira:
1157 3266 1370 3320 virtutis
1399 3267 1570 3320 virum
1592 3306 1608 3332 ,
1644 3266 1823 3337 ignem

232 3354 300 3410 de
328 3355 472 3410 caelo
502 3357 739 3420 trahere,
773 3359 797 3394 δ
827 3367 884 3413 et
912 3359 1148 3413 secundo
1179 3359 1670 3428 quinquagenarias
1700 3373 1825 3413 cum

234 3449 349 3504 suis
375 3449 626 3504 omnibus
652 3449 906 3518 petitione
933 3450 1108 3505 subita
1129 3466 1493 3516 concretnare,
1525 3450 1692 3505 verbo
1717 3465 1829 3506 etn-

234 3541 316 3594 los
345 3557 373 3594 a
408 3541 599 3608 pluviis
642 3543 892 3596 claudere
913 3586 928 3609 ,
959 3545 1121 3597 verbo
1149 3542 1320 3598 caelos
1347 3544 1414 3596 ad
1449 3543 1656 3610 pluvias
1687 3558 1827 3610 ape-

236 3633 365 3695 rire,
398 3631 744 3688 suscitantem
773 3645 1033 3698 mortuos,
1072 3644 1093 3672 ο
1121 3644 1342 3690 ventura
1373 3650 1600 3704 quaeque
1635 3635 1830 3702 prteri-

238 3709 483 3790 dentem;
516 3737 570 3780 et
599 3740 725 3781 ecce
755 3741 940 3781 rursus
967 3727 1148 3782 animo
1175 3729 1441 3791 occurrit,
1479 3743 1586 3795 quo
1629 3742 1830 3796 pavore

240 3825 364 3872 ante
405 3833 565 3871 unam
632 3818 1002 3873 mulierculam
1044 3818 1260 3888 fugerit.
1313 3818 1610 3874 Considero
1658 3819 1834 3875 virum

240 3904 476 3964 “timore
492 3911 792 3978 perculsum
822 3911 892 3965 de
923 3925 1084 3965 manu
1116 3911 1211 3966 Dei
1244 3923 1470 3966 mortem
1499 3921 1700 3979 petere,
1727 3925 1831 3966 nec

237 4001 518 4068 accipere;
549 4001 615 4056 de
643 4017 802 4056 manu
832 4002 1071 4057 mulieris
1101 4012 1331 4058 mortem
1364 4001 1611 4072 fugiendo
1638 4004 1828 4058 vitare.

237 4091 523 4160 Quaarebat
547 4094 689 4147 enim
714 4105 940 4148 mortem
962 4097 1086 4149 dum
1118 4095 1350 4163 fugeret,
1374 4095 1562 4150 dicens
1592 4114 1603 4147 :
1633 4095 1834 4164 Sufﬁcit

237 4184 397 4248 mihi,
429 4184 554 4238 tolle
593 4186 820 4237 animam
865 4201 1068 4251 meam;
1108 4201 1265 4254 neque
1313 4187 1447 4240 enim
1494 4188 1675 4240 metior
1719 4203 1834 4239 sum

237 4291 390 4344 quam
421 4286 588 4344 patres
619 4279 716 4331 mei
747 4277 910 4348 (Ibid.
937 4293 1046 4344 sta,
1072 4277 1150 4345 4).
1181 4279 1332 4334 Unde
1362 4294 1491 4350 ergo
1518 4281 1594 4332 sic
1619 4290 1831 4347 potens,

237 4377 296 4423 ut
328 4376 407 4421 tot
438 4370 554 4422 illas
579 4370 808 4424 virtutes
855 4370 1052 4424 faciat?
1083 4371 1224 4424 uttde
1255 4373 1332 4424 sic
1364 4371 1644 4436 inﬁrmus,
1675 4379 1732 4424 ut
1760 4371 1835 4424 ita

238 4460 496 4516 feminam
545 4464 919 4530 pertimescat,
950 4461 1054 4516 nisi
1095 4463 1219 4531 quia
1249 4477 1402 4532 aqua:
1451 4463 1834 4532 appenduntur

1937 3272 1993 3316 ut
2021 3265 2072 3317 in
2105 3272 2244 3318 terra
2278 3264 2546 3318 hominem
2580 3265 2750 3334 fugias
2776 3310 2790 3330 ,
2824 3275 2878 3320 et
2906 3265 3083 3319 adhuc
3123 3281 3152 3319 a
3179 3266 3392 3320 Satanae
3435 3281 3536 3320 att-

1934 3355 2057 3426 gclo
2085 3357 2307 3411 adversa
2339 3358 2569 3423 toleres,
2607 3357 2705 3412 nisi
2737 3343 2858 3428 quia
2895 3360 3009 3428 ipse
3056 3359 3143 3427 qui
3197 3368 3248 3412 te
3291 3357 3538 3413 sublevat

1938 3471 2152 3509 rursum
2180 3455 2529 3510 subtilissima
2577 3464 2628 3508 te
2659 3469 2911 3509 mensura
2942 3453 3274 3519 moderatur,
3308 3462 3364 3506 ut
3393 3463 3445 3506 et
3474 3454 3530 3506 in

1936 3548 2209 3601 miraculis
2233 3547 2338 3602 tuis
2361 3547 2514 3600 nobis
2539 3546 2795 3612 prtetlices
2816 3547 3064 3601 virtutem
3090 3546 3204 3609 Dei,
3228 3555 3281 3620 et
3306 3559 3520 3599 rursum

1939 3637 1993 3692 in
2021 3639 2215 3691 timore
2247 3646 2338 3690 tuo
2392 3637 2664 3689 reminisci
2713 3651 2811 3688 nos
2849 3637 3008 3689 faciat
3064 3636 3388 3689 infirmitatis
3431 3651 3537 3688 no-

1937 3725 2109 3780 strae?
2139 3727 2270 3790 Quae
2311 3734 2486 3778 tamen
2539 3724 2823 3778 infirmitas
2881 3739 2949 3778 ne
2996 3725 3049 3778 in
3101 3724 3536 3791 desperationem

1937 3833 2036 3871 nos
2081 3816 2357 3886 pertrahat
2405 3831 2525 3870 cum
2581 3816 2774 3884 pulsat,
2807 3815 2934 3870 dum
2973 3816 3042 3870 de
3083 3815 3393 3870 infirmitate
3443 3823 3532 3870 tua

1940 3909 2229 3965 Dominum
2262 3922 2504 3977 rogares,
2546 3907 2713 3978 609
2757 3908 2878 3978 quia
2913 3907 3128 3961 auditus
3174 3922 3279 3959 non
3312 3921 3392 3968 es,
3443 3920 3540 3959 no-

1938 4001 2021 4056 bis
2048 4017 2261 4070 quoqtte
2293 4003 2501 4055 locutus
2530 4015 2589 4054 es
2628 3999 2756 4070 quid
2782 3999 2977 4054 audisti
3005 4016 3018 4051 :
3050 3997 3248 4066 Sufﬁcit
3277 3997 3368 4049 tibi
3411 4013 3538 4066 gra-

1942 4094 2015 4146 tia
2044 4111 2176 4160 mea,
2226 4110 2350 4147 nam
2383 4096 2546 4148 virtus
2568 4093 2620 4145 in
2653 4092 2951 4161 inﬁrmitate
2998 4091 3260 4160 perﬁcitur
3305 4088 3392 4161 (II
3417 4089 3538 4146 Cor.

1945 4200 2040 4249 an,
2073 4184 2150 4253 9).

2016 4276 2163 4347 Wet.
2220 4273 2346 4344 γι.)
2390 4275 2458 4328 42
2492 4278 2506 4324 i
2544 4274 2730 4329 Custos
2779 4274 2977 4328 virtutis
3018 4283 3090 4327 est
3137 4273 3426 4340 inﬁrmitas.
3470 4298 3539 4314 -

1946 4372 2144 4437 Aperta
2173 4382 2300 4436 ergo
2343 4381 2474 4422 voce
2508 4368 2597 4421 Dei
2631 4366 2932 4422 ostenditur
2959 4368 3082 4435 quia
3108 4377 3291 4421 custos
3317 4375 3401 4420 cst
3427 4364 3538 4419 vir-

1947 4463 2076 4513 tutis
2106 4459 2415 4513 infirmitas.
2465 4458 2616 4512 Tunc
2643 4459 2840 4528 quippe
2886 4458 3022 4513 bene
3051 4460 3273 4513 interius
3305 4456 3540 4512 custodi-

239 4570 494 4610 mensura
517 4595 534 4622 ,
562 4568 617 4610 ut
647 4557 746 4623 ipsi
777 4557 944 4609 sancti
987 4554 1080 4610 Dei
1121 4556 1366 4609 homines
1395 4565 1450 4610 et
1483 4559 1708 4611 multum
1740 4572 1834 4610 va-
1947 4570 2088 4620 mur,
2132 4569 2251 4608 cum
2283 4569 2380 4623 per
2401 4553 2857 4620 dispensationem
2894 4553 2981 4607 Dei
3030 4552 3378 4607 tolerabiliter
3419 4563 3540 4606 ten-

240 4644 387 4699 leant
417 4659 512 4714 per
542 4646 833 4713 potentiam
861 4643 974 4709 Dei,
1001 4654 1053 4698 et
1078 4659 1286 4697 rursum
1322 4646 1550 4712 quadam
1585 4660 1838 4700 mensura

241 4736 506 4791 moderati
535 4738 643 4791 sint
690 4753 784 4807 per
826 4737 1191 4792 infirmitatem
1224 4739 1414 4791 suam?
1447 4737 1502 4792 In
1536 4738 1639 4792 illis
1666 4740 1839 4792 virtu-

242 4831 389 4886 tibus
417 4831 558 4885 Elias
579 4832 709 4901 quid
729 4831 796 4888 de
825 4832 936 4887 Deo
967 4841 1281 4903 acceperat,
1317 4831 1368 4885 in
1398 4833 1516 4887 istis
1555 4831 1840 4886 infirmita-

243 4925 388 4980 tibus
429 4934 452 4963 ο
485 4926 609 4996 quid
655 4927 723 4980 de
766 4941 825 4980 se
872 4941 992 4980 esse
1040 4935 1294 4996 poterat,
1345 4925 1688 4995 agnoscebat.
1743 4925 1840 4979 Illa

245 5020 486 5090 potentia
505 5021 671 5075 virtus
693 5018 792 5074 fuit
808 5060 821 5083 ,
843 5020 942 5074 ista
965 5019 1247 5074 infirmitas
1268 5028 1451 5074 custos
1469 5019 1702 5074 virtutis.
1735 5015 1751 5055 ῐ
1782 5018 1840 5072 ιιι

325 5171 349 5199 ἰ
381 5161 586 5227 Germ.,
610 5163 694 5226 qui
721 5176 814 5214 suo
839 5158 1032 5232 lerante
1046 5159 1266 5232 Spiritu.
1291 5160 1448 5215 Deest
1471 5159 1629 5214 etiam
1658 5168 1834 5213 sancto

249 5237 304 5288 in
339 5238 359 5286 ι
398 5233 560 5286 Laud.
585 5244 639 5287 et
658 5233 822 5286 Cori).
857 5231 1040 5284 Germ.

324 5304 349 5342 ι·
381 5305 434 5357 In
465 5305 668 5358 omttib.
712 5304 836 5356 Mss.
868 5300 1073 5366 Gerun,
1101 5302 1311 5365 Norm.,
1356 5300 1544 5364 Laud.,
1580 5299 1833 5366 Vindoc.,

248 5375 413 5429 Corb.
445 5373 651 5440 Germ.,
682 5383 810 5435 etc.,
848 5373 918 5426 ita
952 5375 1161 5442 legitur.
1190 5388 1292 5426 non
1323 5389 1334 5425 :
1361 5383 1407 5424 et
1439 5373 1661 5425 secando
1684 5374 1834 5437 quin-

246 5448 496 5517 quaginta
518 5447 719 5517 uiros...
739 5445 981 5513 petitione
1001 5442 1226 5506 subdita,
1245 5452 1300 5496 ut
1321 5456 1397 5496 est
1418 5444 1467 5497 in
1495 5443 1667 5517 Editis
1694 5452 1834 5511 post.

251 5520 309 5573 In
357 5515 468 5570 sola
519 5516 780 5570 Gussanv.
837 5517 1066 5569 habetur
1107 5517 1476 5585 quinquaginta
1524 5515 1682 5579 viros,
1741 5529 1838 5582 pro

250 5588 741 5658 quinquagenarias.

328 5670 350 5696 ε
389 5655 440 5712 ltt
473 5657 593 5711 aliis
627 5659 746 5724 Ed.,
778 5666 990 5712 ventura
1018 5671 1248 5726 quoque,
1274 5657 1412 5726 quod
1437 5658 1490 5710 in
1523 5655 1683 5710 nullis
1707 5656 1837 5711 Mss.

254 5731 577 5784 invenimus.

325 5799 357 5839 ά
386 5798 467 5856 Ita
495 5814 684 5856 (Ili
724 5798 851 5854 Mss.
893 5800 1092 5866 nostri;
1125 5815 1265 5865 non,
1300 5799 1480 5854 timore
1519 5814 1841 5871 percussum,

1947 4657 2124 4702 tamur
2145 4650 2404 4711 exterius,
2430 4647 2718 4716 aliquando
2742 4646 2904 4713 vitiis,
2930 4646 3218 4712 aliquando
3243 4643 3533 4714 pressaris.

1947 4739 2079 4794 Nam
2107 4739 2188 4792 eis
2211 4754 2425 4808 quoque
2459 4752 2592 4807 quos
2623 4738 2766 4790 viros
2795 4739 3038 4790 novimus
3069 4737 3234 4792 fuisse
3263 4737 3537 4802 virtutum,

1951 4831 2274 4885 teutationes
2307 4838 2466 4898 atque
2513 4830 2805 4884 certamina
2839 4846 2944 4884 non
2994 4830 3212 4883 defuere
3261 4829 3542 4882 vitiorum.

1949 4923 2085 4977 lliuc
2107 4933 2191 4977 est
2221 4923 2365 4977 enim
2389 4921 2528 4992 quod
2553 4922 2619 4975 ad
2647 4922 3074 4977 consolationem
3103 4929 3341 4976 nostram
3367 4921 3542 4976 isdem

1953 5014 2270 5085 praedicator
2301 5016 2552 5084 egregius
2577 5015 2645 5072 de
2667 5029 2727 5070 se
2765 5016 3010 5084 quasdam
3044 5015 3166 5069 talia
3201 5014 3430 5084 prodere
3461 5011 3544 5066 di-

1944 5166 1999 5209 ut
2029 5154 2278 5228 iniV'atic.
2305 5164 2361 5228 et
2385 5154 2653 5228 Gussanv.
2907 5224 2948 5228 __
2982 5225 2989 5228 Α
3175 5223 3184 5228 _
3213 5222 3224 5228 _
3277 5221 3288 5228 _
3489 5217 3499 5228 .

2020 5236 2051 5261 ο
2073 5227 2259 5287 Corb.,
2294 5223 2503 5290 Germ.,
2540 5227 2790 5279 lteccens.
2821 5232 2877 5278 et
2907 5224 3071 5288 Utic.,
3099 5222 3224 5292 quid
3253 5221 3457 5281 deesse;
3489 5221 3542 5272 in

1943 5297 2064 5350 aliis
2095 5301 2284 5352 melius
2312 5299 2433 5367 quid
2463 5302 2526 5351 de
2551 5313 2604 5350 se
2634 5306 2854 5362 poterat.

2021 5367 2040 5405 ί
2079 5368 2330 5432 Viutloc.,
2365 5370 2416 5420 in
2447 5370 2548 5421 illis
2576 5370 2884 5422 calestibus.

2017 5449 2043 5487 s
2075 5439 2294 5512 Vulgati
2318 5430 2714 5512 irecettttcutn
2764 5437 2970 5512 Germ”
3007 5443 3310 5487 exerentem.
3346 5430 3537 5512 §eq_ui-

1946 5527 2066 5567 mur
2095 5503 2220 5566 libs.
2255 5510 2482 5574 'l'uron.,
2538 5509 2721 5575 Vind,
2774 5509 2986 5571 Norm.,
3023 5517 3150 5568 etc.,
3185 5516 3240 5558 et
3269 5503 3548 5574 antiquio~

1948 5598 2038 5639 res
2067 5583 2327 5636 Excuses.

2022 5652 2052 5692 ιι
2086 5655 2269 5716 \'iud.,
2301 5652 2725 5707 conversationis.
2803 5697 2814 5707 .

2029 5728 2044 5764 ε
2080 5728 2103 5781 1
2141 5725 2307 5779 Laud.
2340 5734 2395 5779 et
2424 5725 2632 5787 Nortn.,
2667 5719 2936 5774 demissus.

2029 5802 2040 5847 t
2084 5797 2351 5866 Plerique,
2382 5803 2578 5863 aperte.
