4044 6346
528 275 631 331 103

1732 264 1977 322 S'ANCTI
2014 260 2342 321 GREGORII
2383 262 2595 320 MAGNI

3714 261 3818 322 104

524 398 737 460 gnatur,
768 386 986 442 dicens:
1025 382 1185 440 Video
1218 383 1378 437 aliam
1415 382 1578 452 legem
1616 380 1671 434 in
1697 379 1935 435 membris
1961 378 2108 442 meis,
2141 381 2189 440 Α
2214 378 2476 432 vocabitur
2502 379 2557 432 in
2582 394 2738 448 regno
2767 377 3030 433 cmlorum.
3065 378 3168 443 Qui
3197 387 3366 434 autent
3402 379 3596 449 fecerit,
3626 388 3677 434 et
3713 382 3849 436 do-'

524 489 894 549 repugnantem
916 476 1214 549 leyi'mentis
1232 489 1373 534 meat.
1400 482 1444 527 et
1469 482 1720 543 captivum
1745 488 1823 526 me
1853 472 2120 525 ducentem

526 572 580 626 in
603 571 712 642 lege
732 570 942 642 peccati,
971 583 1086 637 qua:
1104 574 1176 621 est
1199 569 1254 619 in
1273 564 1508 618 membris
1536 580 1661 618 mets
1684 563 1860 634 (llam.
1886 577 1977 627 vn,
2001 562 2119 629 ‘23).

532 662 614 727 Ad
664 664 769 716 ima
799 662 993 730 quippe
1021 657 1280 729 pertrahit
1312 672 1459 722 caro,
1502 672 1569 713 ne
1612 657 1835 713 extollat
1861 654 2119 725 spiritus:

530 764 560 793 ⁸
590 765 642 811 et
669 758 734 809 ad
767 769 973 807 summa
1022 751 1186 805 trahit
1227 750 1467 820 spiritus,
1512 767 1581 805 ne
1622 757 1925 817 prosternat
1973 761 2121 801 caro.

530 847 763 917 Spiritus
803 846 963 909 levat,
997 858 1061 896 ue
1085 843 1362 912 jaceatnus
1408 842 1461 895 iu
1509 840 1743 905 inﬁmis;
1778 854 1905 892 caro
1939 852 2128 906 aggra-

533 948 646 1004 vat,
679 954 745 993 ne
777 937 1105 992 extollantur
1141 950 1207 989 ex
1256 936 1503 990 summis.
1550 934 1607 987 Si
1652 946 1762 986 non
1809 930 2126 984 sublevante

532 1030 720 1098 spiritu
754 1043 850 1082 nos
880 1010 1006 1081 caro
1052 1030 1302 1090 tentaret,
1336 1024 1362 1062 ιι
1395 1024 1721 1093 perfectione
1750 1020 1931 1092 procul
1964 1018 2129 1074 dubio

533 1120 842 1176 teutationis
870 1134 982 1173 sum
1013 1118 1064 1172 iu
1098 1120 1202 1171 ima
1226 1116 1503 1188 dejiceret.
1532 1115 1762 1170 Rursum
1783 1129 1914 1169 vero
1935 1114 1979 1167 si
2023 1127 2130 1167 non

536 1220 775 1267 tentante
802 1225 967 1266 carne
997 1210 1062 1263 ad
1092 1225 1298 1264 summa
1329 1223 1426 1263 nos
1456 1207 1677 1276 spiritus
1707 1206 2040 1273 sublevaret,
2074 1204 2129 1257 iu

534 1302 804 1371 superbiae
825 1317 952 1355 casu
983 1302 1095 1371 ipsa
1122 1316 1219 1355 nos
1243 1299 1395 1369 pejus
1422 1298 1793 1354 sublevatione
1818 1306 2130 1366 prosterne-

535 1404 640 1451 ret.
673 1395 780 1450 Sed
812 1395 1037 1449 liteerto
1086 1392 1451 1448 moderamine
1480 1400 1537 1445 ut
1583 1392 1711 1445 dum
1769 1388 2133 1459 unusquisque

544 1500 856 1545 sanctorum
884 1488 991 1557 jam
1016 1486 1246 1555 quidem
1293 1486 1516 1540 interius
1556 1483 1623 1537 ad
1667 1497 1875 1537 summa
1907 1482 2132 1549 rapitur,

538 1584 632 1639 sed
666 1582 840 1636 adhuc
873 1588 1107 1636 tentatur
1136 1578 1400 1643 exterius,
1451 1592 1551 1632 nec
1578 1572 1970 1645 desperationis
2019 1574 2132 1642 lap-

540 1688 682 1739 sum,
714 1689 815 1728 nec
862 1670 1108 1727 elationis
1159 1671 1437 1735 incurrat,
1487 1669 1739 1738 quoniam
1782 1680 1881 1720 nec
1912 1664 2133 1720 teutatio

2226 470 2385 523 cuerit
2411 479 2435 508 ⁸
2467 471 2561 537 sic,
2594 486 2810 541 magnus
2829 470 3091 524 vocabitur
3115 471 3170 523 in
3196 485 3353 542 regno
3380 472 3623 526 calorum
3650 470 3825 544 (llat-

2226 567 2303 619 th.
2335 580 2386 629 v,
2447 564 2558 634 19).
2609 563 2847 633 Regnum
2903 573 3161 620 enatorum
3217 564 3468 619 Videlicet
3524 566 3827 622 Ecclesium

2229 663 2549 724 praesentem
2578 654 2831 724 appellat,
2866 654 2934 709 de
2978 670 3080 724 qua
3111 656 3369 723 scriptum
3402 666 3523 711 est:
3559 656 3624 712 Et
3665 658 3825 713 colli-

2223 757 2345 827 gent
2374 747 2438 800 de
2465 764 2620 817 regno
2663 749 2777 816 ejus
2804 748 2978 802 omnia
3017 749 3265 802 scandala
3312 749 3530 817 (Matth.
3559 766 3673 817 xui,
3704 751 3825 822 41).

2230 836 2288 892 lu
2317 851 2553 905 superno
2580 838 2777 893 etenim
2808 853 2975 908 regno
3006 837 3257 892 scandala
3301 855 3421 909 qua:
3451 856 3513 894 ex
3548 856 3614 896 eo
3644 841 3826 909 colligi

2250 929 2481 983 debeant
2510 943 2616 983 non
2649 929 2931 983 habentur.
2967 929 3067 996 Qui
3096 944 3223 998 ergo
3249 931 3410 985 solvit
3435 945 3618 999 Opere,
3652 941 3705 985 et
3746 931 3831 987 sic

2235 1020 2394 1077 docet
2416 1036 2572 1084 voce,
2594 1020 2648 1075 in
2669 1022 2770 1075 isto
2793 1037 2960 1090 regno
2981 1021 3238 1076 crelorum
3261 1021 3359 1077 erit
3383 1021 3655 1089 minimus,
3679 1023 3730 1077 iu
3760 1023 3835 1078 il-

2235 1112 2289 1167 lo
2318 1128 2421 1168 nec
2475 1113 2748 1168 minimus.
2795 1111 2947 1166 Viam
2993 1121 3170 1167 autem
3224 1113 3471 1182 procellis
3513 1114 3833 1168 sonantibus

2252 1203 2482 1273 posuit,
2540 1219 2662 1260 cum
2725 1204 3167 1273 prmdieatoribus
3220 1207 3340 1267 suis,
3385 1204 3451 1259 ad
3506 1206 3667 1259 corda
3733 1205 3835 1259 lio-

2235 1295 2441 1350 miuum
2473 1307 2680 1351 terrore
2711 1296 2919 1351 venturi
2945 1294 3136 1365 judicii
3165 1296 3409 1365 perculsa
3442 1296 3643 1351 aditum
3674 1296 3829 1352 fecit.

2239 1380 2395 1441 Prius
2458 1386 2638 1457 itaque
2706 1385 2789 1441 lex
2854 1389 3118 1455 ponitur,
3174 1396 3233 1441 ut
3290 1395 3409 1456 post
3462 1387 3677 1441 modum
3744 1387 3833 1442 via

2239 1474 2550 1543 paudatur,
2605 1476 2727 1540 quia
2785 1475 2876 1529 illa
2932 1491 3035 1529 vox
3089 1490 3183 1531 cor
3223 1474 3486 1531 audientis
3543 1485 3833 1547 penetrat,

2236 1580 2357 1636 quas
2416 1566 2519 1621 hoc
2567 1565 2708 1636 quod
2761 1564 2781 1604 ί
2836 1581 2931 1621 ore
2967 1569 3247 1634 senuerit,
3308 1582 3473 1637 opere
3526 1576 3834 1623 conservat.

2239 1656 2421 1729 μέτ.
2479 1655 2638 1728 νη]
2690 1657 2844 1713 Tunc
2899 1669 3077 1714 autem
3132 1674 3254 1714 cum
3305 1660 3478 1730 legem
3533 1661 3722 1729 pluviis
3775 1668 3837 1717 et

547 1768 786 1824 exterior
806 1767 1018 1835 culpam
1052 1752 2381 1835 perlicit,quiaiuteriorintcutiosursumBviam
2438 1752 2687 1821 procellis
2746 1752 3060 1808 sonantibus
3118 1764 3364 1822 poneret,
3424 1754 3561 1808 bane
3612 1756 3832 1825 sapien-

543 1861 749 1923 trabit;
802 1871 904 1912 nee
944 1870 1155 1911 rursum
1198 1855 1427 1910 intentio
1472 1854 1694 1907 interior
1741 1852 1794 1905 in
1828 1850 2135 1920 superbiam

543 1950 746 2017 elevat,
796 1951 918 2019 quia
951 1948 1175 2004 teutatio
1218 1947 1452 2002 exterior
1496 1944 1745 1999 humiliat
1771 1944 1899 1998 dum
1929 1950 2132 2012 gravat.

541 2040 736 2110 Sicque
782 2056 975 2110 magno
1003 2040 1191 2095 ordine
1219 2036 1596 2108 cognoscimus
1626 2034 1680 2088 in
1711 2036 1954 2089 interiori
2009 2047 2137 2101 pro-

544 2133 690 2188 fectu
719 2132 846 2202 quid
878 2131 1196 2199 accipimus,
1241 2131 1291 2182 iu
1336 2128 1590 2183 exteriori
1620 2127 1831 2181 delectu
1872 2126 2002 2195 quid
2048 2142 2139 2180 stt-

546 2241 687 2281 mus.
725 2226 788 2277 Et
834 2224 969 2278 miro
1001 2223 1162 2276 modo
1204 2222 1402 2292 agitur,
1434 2231 1494 2274 ut
1543 2234 1642 2274 nec
1670 2220 1739 2273 de
1768 2218 1965 2273 virtute
1995 2220 2139 2289 quis-

544 2332 705 2385 quam
746 2314 932 2369 extolli
972 2314 1184 2377 debeat,
1212 2326 1313 2367 nec
1341 2311 1409 2366 de
1440 2311 1738 2366 teutatione
1772 2321 1795 2350 ο
1829 2313 2136 2377 deSperare,

549 2409 673 2477 quia
713 2407 839 2460 dum
870 2406 1091 2474 spiritus
1122 2404 1303 2469 trahit,
1333 2417 1382 2459 et
1420 2419 1545 2460 caro
1575 2404 1818 2467 retrahit,
1850 2405 2135 2460 subtilissi-

550 2516 641 2555 mo
670 2499 855 2569 judicii
885 2499 1079 2553 interni
1109 2495 1494 2562 moderamine,
1539 2496 1675 2551 infra
1715 2510 1944 2560 summa,
1967 2506 2023 2550 et
2052 2511 2141 2549 su-

551 2608 651 2663 pra
680 2592 865 2646 inlinta
894 2591 947 2645 iu
995 2590 1225 2661 quodam
1273 2590 1451 2645 medio
1495 2589 1671 2643 anima
1704 2590 1950 2644 libratur.
1999 2588 2141 2643 Bene

547 2699 677 2754 ergo
721 2683 920 2739 dicitur
959 2699 973 2736 ;
1022 2679 1091 2735 Et
1138 2698 1299 2752 aquas
1350 2680 1595 2751 appendit
1642 2695 1901 2735 mensura.
1953 2679 2144 2750 Sequi-

550 2784 673 2832 tur:

1163 2842 1391 2900 CAPUT
1433 2843 1544 2898 VII.

623 2960 784 3015 Vsus.
814 2959 907 3026 26,
934 2958 1026 3015 27.
1051 2986 1120 2998 --
1147 2959 1366 3025 Quando
1409 2959 1625 3029 ponebat
1655 2957 1841 3025 pluviis
1868 2956 2054 3027 legem,
2088 2964 2141 3011 et

548 3052 682 3109 viam
724 3053 962 3123 procellis
987 3051 1305 3116 sonantibus,
1336 3060 1456 3102 tunc
1485 3050 1607 3103 vidit
1637 3048 1804 3118 illam,
1834 3058 1882 3103 et
1922 3064 2140 3102 enarra-

550 3146 643 3211 vit,
668 3155 718 3199 et
747 3144 1071 3215 prtepararit,
1094 3154 1139 3197 et
1160 3142 1497 3211 investigavit.

649 3240 737 3294 15.
820 3238 967 3294 Verbi
1025 3237 1121 3292 Dei
1163 3238 1479 3307 praeconibus
1517 3237 1602 3292 lea:
1643 3238 1843 3306 posita,
1903 3247 1960 3291 ut
1997 3253 2150 3307 opere

552 3335 801 3403 impleant
830 3333 965 3401 quod
1011 3332 1313 3399 priedicant.
1346 3328 1499 3384 Hanc
1545 3329 1705 3401 legem
1737 3330 2051 3383 servantibus
2082 3330 2148 3382 ad

554 3425 817 3479 hominum
846 3426 1003 3478 corda
1044 3424 1216 3477 aditus
1260 3430 1418 3492 patet.
1456 3451 1523 3464 --
1568 3421 1756 3476 Solent
1804 3436 1899 3491 per
1940 3421 2149 3490 pluvias

559 3517 961 3588 praedicandum
984 3515 1127 3569 dicta
1154 3515 1373 3583 signari.
1399 3512 1550 3569 Unde
1572 3527 1667 3582 per
1690 3513 1906 3584 Moysen
1925 3512 2146 3567 dicitur:

561 3606 893 3677 Easpectetur
933 3608 1063 3660 sicut
1093 3605 1267 3674 pluvia
1307 3606 1567 3675 eloquium
1597 3621 1763 3659 meum
1795 3604 1952 3675 (Deut
1983 3620 2148 3671 xxxii,

554 3702 640 3772 2).
672 3704 906 3768 Quorum
935 3700 1182 3754 videlicet
1224 3699 1383 3753 verba
1410 3714 1531 3753 cum
1577 3699 1771 3754 blande
1799 3700 2147 3767 persuadent,

559 3798 753 3864 pluvia:
779 3802 944 3858 sunt;
988 3807 1107 3848 cum
1136 3807 1266 3847 vero
1300 3792 1556 3846 terribilia
1595 3792 1663 3845 de
1693 3804 1918 3847 venturo
1946 3792 2150 3862 judicio

556 3889 823 3952 intOnant,
849 3898 1104 3940 sonantes
1133 3886 1405 3955 procellae.
1441 3885 1509 3939 Et
1540 3885 1828 3938 notandmn
1860 3888 2001 3953 quod
2035 3887 2152 3954 plu-

557 3980 657 4033 viis
700 3979 786 4031 lex
831 3976 1065 4045 ponitur,
1098 3988 1154 4029 ut
1181 3976 1268 4029 via
1319 3975 1569 4044 procellis
1600 3976 1917 4029 sonantibus
1942 3976 2154 4045 aperia-

559 4082 670 4128 tur.
717 4071 822 4125 Lex
864 4070 1059 4139 quippe
1090 4076 1173 4124 est
1204 4069 1331 4136 ipsis
1377 4067 1821 4137 praedicatoribus
1851 4069 2044 4136 posita,
2093 4078 2151 4122 ut

559 4163 788 4217 vivendo
834 4161 1095 4228 impleant
1141 4158 1283 4228 quod
1316 4158 1586 4227 loquendo
1615 4160 1841 4213 suadere
1871 4158 2148 4212 festinant.

560 4255 692 4311 Nam
726 4252 976 4321 loquendi
1005 4251 1299 4305 auctoritas
1331 4250 1589 4319 perditur,
1641 4251 1856 4319 quando
1886 4265 1986 4303 vox
2017 4263 2148 4318 ope-

559 4361 620 4401 re
643 4359 747 4398 non
774 4342 1077 4413 adjuvatur.
1105 4341 1239 4395 lline
1259 4345 1402 4395 cnim
1426 4356 1521 4409 per
1546 4340 1881 4394 Psalmistam
1912 4340 2146 4395 dicitur:

559 4435 826 4491 Peccutori
845 4447 1013 4489 autem
1039 4435 1169 4489 dixit
1201 4434 1373 4487 Deus:
1401 4434 1569 4500 Quare
1598 4443 1653 4486 tu
1685 4450 1893 4487 enarras
1913 4434 2151 4505 jnstitias

2241 1846 2369 1900 tiam
2430 1846 2570 1901 Deus
2620 1846 2778 1914 vidit,
2829 1846 3122 1912 enarravit,
3183 1849 3539 1916 praeparavit,
3589 1858 3644 1903 et
3675 1849 3832 1903 iuve-

2237 1938 2470 2008 stigavit.
2498 1936 2700 1992 Usitata
2732 1941 2872 1993 sacri
2916 1938 3113 2008 eloquii
3142 1938 3407 1993 locutione
3431 1948 3455 1985 Β
3482 1939 3661 1995 videre
3691 1940 3836 1997 Deus

2238 2030 2453 2095 dicitur,
2489 2031 2677 2086 videre
2707 2047 2806 2087 nos
2850 2033 3049 2102 facere,
3083 2041 3220 2087 sicut
3244 2032 3393 2101 justo
3423 2034 3538 2086 viro
3570 2030 3832 2089 Dominus

2239 2124 2401 2181 dicit:
2439 2124 2594 2179 Nunc
2621 2128 2833 2195 cognovi
2855 2127 2990 2196 quod
3018 2127 3196 2180 timeas
3239 2124 3404 2179 Deum
3446 2124 3654 2195 (Grues.
3694 2138 3833 2192 xxn,

2242 2216 2354 2287 12).
2384 2219 2448 2272 Ει
2492 2217 2745 2273 Israelita:
2792 2229 3226 2288 prtemonentur:
3262 2217 3443 2272 Tentat
3470 2234 3554 2272 vos
3582 2216 3839 2273 Dominus

2240 2309 2382 2363 Deus
2413 2319 2595 2375 vester,
2630 2319 2683 2363 ut
2712 2311 2838 2364 sciat
2865 2312 2909 2363 si
2954 2310 3170 2380 diligitis
3200 2327 3317 2365 eum
3358 2309 3538 2379 (Deut.
3590 2325 3708 2374 xm,
3739 2308 3837 2377 3);

2242 2402 2295 2457 id
2326 2410 2430 2467 est,
2462 2411 2521 2456 ut
2546 2406 2685 2457 scire
2707 2417 2802 2457 vos
2832 2403 3010 2456 iaciat.
3043 2401 3191 2456 Tunc
3217 2416 3345 2471 ergo
3377 2418 3498 2457 cum
3528 2403 3697 2470 legem
3726 2403 3840 2470 plu-

2243 2492 2341 2547 viis
2369 2505 2615 2561 poueret,
2644 2492 2747 2547 hoc
2775 2501 2860 2548 est.
2892 2494 3199 2547 mandatum
3230 2494 3487 2547 custodiae
3520 2494 3839 2563 praedicato-

2244 2585 2391 2640 ribus
2419 2584 2601 2653 daret,
2631 2584 2769 2639 hanc
2816 2587 3146 2640 inearnatam
3199 2586 3512 2654 sapientiam
3560 2585 3731 2640 videri
3779 2593 3839 2642 et

2244 2679 2485 2735 enarrari
2519 2694 2548 2733 a
2571 2680 3031 2749 praedicatoribus,
3055 2680 3341 2749 prteparari
3365 2691 3419 2734 et
3449 2680 3837 2750 investigartab

2245 2775 2581 2829 auditoribus
2613 2774 2755 2829 fecit.
2801 2775 2911 2829 Sibi
2943 2776 3135 2845 quippe
3165 2774 3308 2828 illam
3359 2784 3647 2843 prcharat,
3679 2776 3833 2844 quis-

2245 2868 2367 2936 quis
2394 2867 2536 2921 illam
2561 2864 2698 2922 bene
2721 2867 2949 2922 vivendo
2975 2867 3184 2921 iudiem
3221 2866 3405 2935 judicii
3437 2866 3715 2935 propitiam
3747 2882 3842 2936 pa-

2247 2969 2353 3016 rat.
2406 2961 2469 3014 Et
2500 2961 2792 3014 notandum
2827 2961 2969 3030 quod
3014 2961 3080 3014 de
3129 2975 3190 3015 ea
3233 2970 3462 3029 quatuor
3506 2960 3645 3014 dicta
3692 2968 3841 3021 sunt.

2250 3053 2337 3111 Ait
2362 3053 2505 3108 enim
2531 3070 2544 3105 :
2607 3051 2769 3117 Vidit,
2808 3052 3063 3105 enarravit
3089 3092 3103 3115 ,
3136 3051 3468 3121 praeparavit,
3498 3051 3839 3121 investigarit.

2179 3160 2226 3220 Β
2253 3144 2402 3199 Vidit
2422 3158 2677 3213 namque,
2708 3142 2831 3213 quia
2864 3142 3071 3211 species
3101 3152 3184 3197 est
3209 3158 3223 3207 ;
3255 3141 3543 3211 enarravit,
3572 3145 3693 3211 quia
3718 3157 3846 3197 ver-

2253 3240 2427 3305 bum;
2496 3241 2846 3309 przeparavit,
2907 3238 3032 3306 quia
3091 3238 3438 3303 remedium;
3507 3237 3846 3306 invesﬁgavit

2252 3334 2375 3403 quia
2443 3332 2734 3387 occultum.
2807 3329 2913 3385 Sed
2970 3330 3072 3385 hoc
3139 3332 3279 3399 quod
3338 3339 3538 3385 aeterna
3596 3330 3689 3385 Dei
3748 3343 3843 3384 sa-

2252 3426 2451 3496 pientia
2517 3426 2724 3493 species
2779 3424 2951 3478 Patris
3005 3432 3059 3479 et
3114 3422 3345 3492 Verbum
3399 3424 3611 3489 dicitur,
3672 3439 3845 3494 quau-

2253 3516 2718 3572 d0'abbumana
2777 3524 2959 3569 mente
3019 3517 3371 3585 penetratur?
3425 3516 3553 3582 Quis
3608 3530 3842 3586 uanique

2255 3610 2534 3679 intelligat,
2554 3609 2637 3662 vel
2665 3609 2883 3663 verbum
2914 3610 3027 3661 sine
3055 3617 3321 3678 tempore,
3352 3609 3433 3663 vel
3460 3610 3691 3677 speciem
3723 3609 3842 3663 sine

2254 3699 2791 3768 circumscriptione?
2842 3698 3133 3753 Dicendum
3166 3714 3295 3769 ergo
3323 3708 3441 3753 erat
3469 3699 3664 3768 aliquid
3697 3699 3842 3769 quod

2254 3792 2321 3849 de
2352 3793 2440 3847 illa
2470 3792 2632 3849 homo
2660 3802 3008 3857 cognosceret
3040 3792 3089 3844 iu
3112 3807 3200 3847 se.
3235 3792 3382 3848 Unde
3410 3802 3531 3862 apte
3560 3792 3843 3849 subditur:

2693 3883 2925 3940 CAPUT
2954 3886 3066 3939 vut
3098 3885 3245 3956 [ιιεε.
3287 3884 3408 3957 VI].

2327 3979 2489 4033 Vens.
2516 3977 2608 4032 28.
2639 4007 2710 4019 —
2733 3976 2801 4031 Et
2829 3978 2958 4031 dixit
2998 3979 3251 4033 homini:‘
3270 3978 3399 4032 Ecce
3428 3980 3580 4031 timor
3620 3976 3834 4031 Domini

2250 4074 2366 4142 ipsa
2397 4083 2467 4127 est
2486 4072 2763 4136 sapientia,
2791 4082 2839 4125 et
2867 4072 3099 4127 recedere
3127 4088 3159 4124 α
3189 4072 3321 4125 malo
3343 4070 3702 4138 intelligentia.

2325 4164 2415 4220 M.
2449 4164 2613 4219 Deum
2642 4164 2825 4218 timens
2853 4167 2965 4229 eius
3002 4164 3309 4231 sapientiam
3352 4164 3609 4232 possidere
3639 4161 3839 4230 incipit,

2252 4269 2298 4313 et
2324 4259 2377 4313 in
2401 4275 2454 4313 se
2472 4259 2754 4330 cognoscit,
2779 4274 2928 4327 quem
2957 4259 3009 4310 in
3031 4257 3193 4325 ipsius
3215 4265 3402 4310 natura
3422 4271 3721 4328 cognoscere
3741 4270 3848 4309 non

2254 4361 2438 4420 potest.
2468 4378 2538 4391 -—
2588 4354 2666 4404 Ac
2716 4349 2761 4403 si
2813 4360 2997 4417 aperte
3027 4348 3337 4403 dicaretur:
3369 4347 3451 4402 Δει
3502 4351 3847 4416 temetipsum

2253 4442 2416 4496 homo
2464 4451 2734 4496 revertere
2758 4481 2773 4506 ,
2818 4439 2995 4494 cordis
3029 4439 3102 4493 tui
3140 4449 3348 4494 secreta
3393 4448 3752 4508 perscrutare.
3784 4438 3844 4493 Si

556 4545 713 4593 unas,
748 4538 793 4579 et
820 4526 1039 4580 assumis
1069 4534 1423 4579 testamentum
1452 4541 1619 4578 meum
1658 4542 1749 4596 per
1770 4542 1824 4578 os
1855 4526 2042 4579 tuum?
2074 4524 2139 4577 Tu

2256 4535 2421 4588 Deum
2456 4542 2509 4588 te
2561 4534 2752 4587 timere
2782 4532 3161 4602 deprehendis,
3197 4532 3437 4600 profecto
3464 4541 3673 4587 constat
3717 4531 3845 4599 quia

565 4635 683 4673 vero
716 4619 867 4672 odisti
917 4618 1281 4685 disciplinam,
1327 4627 1370 4671 et
1410 4619 1667 4689 projecisti
1716 4633 1975 4671 sermones
2015 4632 2151 4671 meos

554 4710 582 4751 δ
611 4722 723 4782 post
768 4723 812 4767 te
836 4711 1008 4782 (Psal.
1040 4726 1184 4779 sus,
1215 4710 1324 4781 16).
1351 4710 1643 4766 Sermones
1670 4712 1867 4765 etenim
1913 4710 2001 4764 Dei
2032 4718 2153 4777 post

554 4821 618 4862 se
666 4805 987 4874 pra:dicator
1017 4802 1251 4873 projicit,
1297 4818 1418 4857 eum
1454 4803 1555 4857 hoc
1599 4802 1739 4872 quod
1788 4802 1917 4856 dicit
1969 4800 2150 4856 facere

554 4897 873 4955 contemnit.
904 4896 1127 4963 Quando
1167 4904 1347 4949 autem
1372 4893 1529 4949 dictis
1568 4892 1687 4964 ejus
1734 4893 1870 4947 alter
1910 4891 2149 4955 obediat,

554 4990 681 5045 dum
713 4990 826 5055 ipse
855 4987 1058 5057 respuit
1086 5001 1251 5055 Opere
1273 4986 1417 5055 quod
1464 4986 1719 5057 praedicat
1745 4999 1897 5049 voce,
1926 4992 1981 5037 et
2030 4981 2148 5038 dis-

555 5083 776 5139 simulat
816 5082 1007 5135 audire
1054 5080 1193 5151 quod
1223 5080 1440 5135 narrat?
1481 5081 1559 5135 De
1601 5080 1700 5133 ista
1750 5075 2148 5147 praedicationis

554 5177 671 5246 lege
695 5184 955 5245 scriptum
980 5186 1054 5231 est
1087 5192 1101 5229 :
1135 5177 1236 5244 Qui
1264 5175 1468 5231 solverit
1499 5190 1657 5230 unum
1686 5175 1748 5228 de
1786 5172 2044 5227 mandatis
2072 5171 2147 5225 is-

551 5270 619 5329 tis
650 5271 893 5337 minimis,
938 5271 1103 5343 διο
1131 5280 1175 5324 ct
1226 5269 1455 5324 docuerit
1500 5270 1573 5323 sic
1613 5268 1867 5332 Ιιοηιίηεδ,
1908 5266 2148 5319 minimus

636 5408 662 5436 ι
688 5401 757 5455 Ita
785 5406 988 5466 (vernn.
1016 5403 1223 5463 Norm.,
1265 5401 1458 5464 l.aud.,
1490 5400 1651 5456 Corb.
1685 5399 1893 5468 Germ.,
1920 5407 1976 5455 et
2007 5414 2143 5468 pene

556 5484 765 5526 omnes.
801 5475 852 5525 ln
885 5475 1005 5536 Ed.,
1030 5485 1075 5527 et
1103 5475 1171 5526 ad
1193 5474 1296 5526 altu
1323 5473 1564 5527 sustollit.

630 5541 655 5578 ¹³
693 5542 858 5599 Vatia.
888 5554 941 5598 et
966 5546 1255 5609 (iussauv.,
1289 5550 1579 5607 pondere...
1614 5543 1927 5610 tentationis,
1967 5542 2140 5597 reluc-

558 5621 645 5684 t_an
677 5612 793 5668 ilius
825 5616 949 5668 Mss.
998 5618 1204 5677 Gerttt.,
1245 5616 1403 5670 Corb.
1448 5614 1655 5675 ὕει-ιιι..
1689 5614 1899 5684 Noun.,
1945 5612 2139 5683 Laud.,

556 5680 783 5745 Torum,
812 5690 1001 5751 quibus
1022 5687 1368 5743 eoiisentiuut
1392 5687 1485 5745 alii
1510 5686 1673 5745 ωιιι.

625 5753 902 5811 “Plurimi
919 5754 1173 5825 desperet.

2259 4624 2358 4680 bac
2384 4624 2640 4693 sapientia
2689 4624 2879 4695 plenus
2905 4638 2986 4679 es.
3038 4624 3207 4692 Quam
3237 4626 3279 4678 si
3305 4624 3479 4678 adhuc
3507 4638 3843 4694 cognoscere

2259 4733 2364 4774 non
2399 4727 2551 4787 potes
2578 4718 2703 4787 quid
2735 4719 2803 4771 sit
2834 4719 2886 4772 in
2916 4732 2995 4782 se,
3022 4717 3133 4786 jam
3161 4718 3439 4787 cognoscis
3469 4716 3681 4772 interim
3711 4716 3841 4787 quid

2258 4810 2327 4862 sit
2359 4809 2410 4861 in
2465 4822 2535 4865 te.
2570 4808 2701 4874 Qua:
2748 4810 2890 4862 enim
2939 4808 3078 4878 apud
3110 4823 3169 4864 se
3194 4812 3261 4863 ab
3304 4809 3507 4879 angelis
3561 4810 3845 4876 metuitur,

2259 4900 2397 4968 apud
2440 4907 2492 4953 te
2537 4899 2695 4953 timor
2726 4899 2933 4954 Domini
2986 4910 3207 4954 vocatur
3240 4945 3255 4966 ,
3304 4900 3429 4969 quia
3462 4899 3603 4953 hanc
3648 4901 3852 4957 habere

2260 5001 2313 5046 te
2341 5001 2546 5047 certum
2575 5003 2677 5059 est,
2723 4993 2769 5047 si
2812 4994 3001 5047 timere
3026 5002 3079 5047 te
3110 4992 3273 5047 Deum
3307 4994 3568 5047 incertum
3597 5006 3701 5047 non
3743 5001 3848 5047 est.

2258 5081 2393 5137 Hﬁuc
2435 5084 2595 5139 etiam
2627 5100 2719 5152 per
2749 5084 3084 5139 Psalmistam
3122 5086 3353 5140 dicitur:
3386 5082 3602 5137 Initium
3633 5084 3850 5152 sapien-

2257 5177 2362 5243 tiae,
2384 5180 2533 5232 timor
2562 5177 2767 5232 Domini
2793 5177 2967 5249 (Psal.
2994 5194 3085 5244 cx,
3118 5177 3209 5249 10)
3236 5196 3249 5242 ;
3275 5179 3396 5249 quia
3422 5186 3545 5232 tunc
3570 5186 3855 5245 penetrare

2257 5284 2352 5324 cor
2381 5271 2617 5336 inchoat,
2659 5286 2779 5325 cum
2809 5272 2911 5326 hoc
2938 5272 3167 5327 extremi
3192 5271 3379 5341 judicii
3407 5284 3601 5338 pavore
3632 5274 3850 5337 pertur-

2324 5399 2350 5440 δ
2382 5405 2609 5471 Gemet.,
2642 5414 2946 5467 retrorsum.
2992 5405 3112 5458 aliis
3160 5404 3344 5459 Norm.
3388 5421 3510 5461 eum
3559 5404 3744 5460 Germ.
3793 5412 3856 5463 et

2253 5474 2418 5541 Carb,
2449 5478 2659 5539 tierm.,
2690 5486 2799 5537 post
2827 5486 2899 5541 te,
2928 5476 3299 5530 retinentibus.

2326 5557 2349 5616 εξ
2388 5548 2500 5599 Non
2532 5548 2817 5611 legitursic
2847 5548 2897 5600 in
2925 5549 3122 5601 uastris
3151 5546 3299 5616 3155.,
3335 5546 3436 5601 uisi
3460 5548 3513 5603 in
3540 5546 3727 5603 Germ.

2330 5614 2349 5653 ί
2382 5618 2541 5671 Deest
2564 5634 2651 5670 ore
2681 5619 2729 5669 in
2760 5618 2884 5671 MSS.
2919 5619 2990 5685 pi.

2330 5698 2355 5733 ις
2398 5690 2449 5740 In
2480 5698 2679 5741 ret-ent.
2719 5688 2960 5749 l‘lxcusis,
2990 5690 3159 5743 videre
3190 5688 3283 5743 Dei
3311 5704 3470 5757 quam
3500 5691 3787 5745 lectionem
3816 5705 3851 5746 e

2253 5758 2448 5832 quibus
2478 5758 2607 5818 Mss.
2638 5758 3072 5834 depronipserint
3102 5761 3374 5830 Editores,
3406 5762 3737 5834 ignoramus.
