4104 6350
325 391 424 451 105

1134 385 1495 447 MORALIUM
1533 384 1666 444 LIB.
1707 385 1851 443 XIX.
1890 416 1959 431 --
1996 385 2227 446 CAPUT
2266 384 2489 444 XXVIII
2527 384 2590 443 Β.
2632 384 2771 444 198.

3491 382 3596 439 106

315 505 423 563 bat.
449 500 527 558 Ad
561 500 880 571 parvitatem
910 500 1075 574 igitur
1117 510 1356 558 nostram
1386 501 1600 556 divinus
1629 516 1809 557 sermo
1840 516 1900 557 se
1927 510 1976 570 Α
2004 501 2274 571 cogitatio.
2309 501 2476 571 Aquas
2498 515 2626 569 ergo
2654 499 2818 554 maris
2849 498 2902 553 in
2934 504 3053 553 utre
3079 504 3417 566 congregatae
3443 504 3593 564 sunt,

313 595 566 652 attrahit:
606 602 630 631 ι
686 593 824 648 sicut
874 604 1026 663 pater
1078 608 1200 649 cum
1244 592 1464 664 parvulo
1486 592 1596 647 lilio
1641 593 1897 663 loquitur,

314 696 368 742 ut
398 688 464 739 ah
502 701 568 740 eo
597 685 768 755 possit
810 683 1060 753 intelligi,
1091 693 1283 751 sponte
1306 672 1559 739 balbutit.
1594 682 1728 749 Quia
1759 683 1901 737 enim

314 792 552 837 naturam
583 777 859 847 sapientia:
889 786 1170 846 penetrare
1196 791 1302 831 non
1345 790 1634 846 possumus
1661 777 1787 845 quid
1833 776 1905 830 sit

313 874 364 927 in
412 885 509 936 se,
540 885 607 927 ex
658 867 1116 924 condescensione
1166 868 1259 923 Dei
1312 867 1611 922 audivimus
1657 866 1783 938 quid
1836 866 1907 922 sit

313 961 363 1017 itt
396 962 571 1030 nobis,
623 976 744 1017 cum
790 960 1014 1016 dicitur:
1062 958 1196 1016 Ecce
1224 960 1377 1014 timor
1407 958 1635 1023 Domini,
1668 958 1787 1028 ipsa
1829 968 1904 1012 est

313 1055 584 1125 sapientia.
616 1053 723 1110 Sed
754 1053 878 1124 quia
908 1054 1004 1109 ille
1042 1053 1306 1108 veraciter
1335 1052 1443 1106 vim
1483 1051 1648 1107 divini
1696 1050 1905 1106 timoris

313 1148 581 1221 intelligit,
614 1148 704 1217 qui
734 1163 795 1202 se
825 1163 855 1201 a
899 1148 1111 1203 cunctis
1154 1145 1333 1216 pravis
1363 1143 1616 1214 operibus
1646 1144 1901 1214 custodit,

312 1252 461 1298 recte
487 1241 732 1297 subditur
757 1258 770 1295 :
806 1239 872 1292 Et
903 1238 1141 1294 recedere
1169 1255 1202 1292 ιι
1231 1237 1388 1305 malo,
1432 1236 1794 1307 intelligentia.
1829 1236 1902 1290 Ea

313 1335 473 1404 igitur
494 1348 617 1404 quae
658 1341 959 1403 sequuntur
983 1373 1000 1399 ,
1029 1331 1154 1401 quia
1187 1327 1481 1400 prophetia:
1506 1328 1699 1398 spiritu
1745 1326 1903 1397 plena

313 1438 460 1494 sunt,
489 1428 605 1498 ipsa
635 1442 802 1484 sacrae
834 1424 1072 1481 historiae
1103 1426 1268 1481 verba
1301 1432 1588 1489 testantur,
1618 1435 1738 1477 cum
1764 1421 1902 1477 dici-

314 1527 405 1575 tur
430 1538 444 1572 :

563 1611 789 1670 CAPUT
822 1612 892 1668 IX
924 1611 1068 1685 [Ven
1106 1607 1278 1676 VIII,
1312 1608 1433 1664 Rec.
1474 1605 1635 1678 VII].

380 1703 517 1774 Cap.
548 1720 699 1772 uix,
752 1719 906 1761 vens.
939 1705 990 1759 l.
1023 1733 1095 1745 —
1132 1702 1351 1757 Addidit
1379 1716 1577 1773 quoque
1606 1698 1731 1770 Job,
1759 1714 1908 1756 assu-

313 1794 456 1856 mens
487 1800 792 1870 parabolam
812 1817 981 1865 suam,
1016 1799 1042 1837 δ
1075 1810 1122 1857 et
1151 1800 1301 1854 dixit.

2009 609 2129 652 cum
2161 594 2460 649 amaritudo
2502 608 2771 665 perversae
2808 593 3002 648 mentis
3051 608 3153 648 non
3184 591 3413 660 erumpit
3441 599 3595 648 διιο-

2007 686 2119 741 rius
2143 687 2196 742 in
2226 701 2417 741 vocem
2449 701 2623 756 pravae
2648 686 2931 740 libertatis.
2979 683 3171 739 Veniet
3197 683 3437 751 proiecto
3461 692 3603 738 tem-

2007 793 2141 847 pus,
2196 778 2429 851 quando
2463 788 2649 835 contra
2680 779 2816 834 hanc
2868 778 3103 847 perversi
3151 786 3312 847 atque
3355 778 3600 835 carnales

2007 880 2193 936 aperta
2225 885 2357 926 voce
2382 872 2674 939 praedicent
2700 870 2841 941 quod
2872 886 3008 925 nunc
3036 871 3245 926 occulta
3277 870 3598 938 cogitatione

2007 963 2321 1019 moliuntur.
2360 962 2555 1018 Veniet
2597 973 2831 1033 tempus,
2878 962 3092 1034 quando
3134 962 3450 1018 catholicam
3492 961 3599 1017 Ec-

2008 1055 2228 1111 clesiam
2269 1072 2376 1111 non
2407 1056 2580 1111 solum
2629 1056 2843 1125 iniustis
2872 1055 3117 1125 vocibus,
3150 1056 3245 1112 sed
3283 1058 3447 1112 etiam
3475 1071 3597 1110 cru-

2008 1146 2218 1203 delibus
2248 1148 2421 1218 plagis
2452 1157 2724 1218 premant.

2078 1242 2165 1297 16.
2214 1242 2447 1322 Duobus,
2472 1244 2637 1298 modis
2687 1241 2920 1298 Ecclesia
2949 1245 3351 1314 persecutionem
3380 1246 3601 1315 patitur,

2007 1334 2170 1389 verbis
2191 1344 2241 1388 et
2271 1335 2480 1407 gladiis.
2513 1365 2583 1377 —
2614 1334 2696 1390 Ab
2722 1336 3051 1390 adversariis
3074 1350 3304 1405 namque
3331 1335 3443 1390 suis
3466 1335 3599 1389 duo-

2008 1428 2109 1483 bus
2156 1426 2329 1482 modis
2359 1427 2597 1484 Ecclesia
2643 1428 3075 1499 persecutionem
3119 1428 3317 1496 patitur
3343 1468 3357 1493 ,
3390 1427 3599 1483 scilicet

2008 1530 2097 1575 aut
2127 1520 2327 1589 verbis,
2367 1533 2458 1577 aut
2486 1522 2702 1593 gladiis.
2736 1522 2844 1577 Sed
2891 1537 3012 1577 cum
3042 1520 3223 1576 verbis
3272 1521 3599 1591 persecutio-

2009 1630 2131 1670 nem
2177 1615 2429 1682 sustinet,
2460 1624 2743 1672 exercetur
2780 1620 2898 1687 ejus
2947 1616 3250 1685 sapientia;
3303 1632 3425 1672 cum
3478 1629 3604 1671 vero

2007 1707 2241 1778 gladiis,
2296 1716 2581 1764 exercetur
2632 1709 2750 1777 ejus
2810 1708 3087 1778 patientia.
3149 1707 3257 1763 Sed
3315 1707 3604 1763 verborum

2011 1800 2412 1868 persecutiones
2477 1801 2545 1855 ab
2615 1800 2885 1855 haereticis
2951 1815 3094 1855 nunc
3148 1801 3310 1855 etiam
3371 1800 3609 1870 quotidie

385 1891 480 1949 15.
513 1890 615 1946 Job
657 1893 840 1947 ultima
873 1891 1119 1947 Ecclesia
1147 1902 1379 1960 tempora
1408 1889 1749 1961 pranuntiat,
1794 1889 1907 1960 qui-
1940 1923 1986 1983 Β
2011 1892 2323 1959 toleramus,
2353 1908 2476 1948 cum
2506 1894 2879 1982 ipskhazretici
2907 1893 3103 1963 linguis
3134 1892 3288 1947 nobis
3330 1891 3608 1957 subdolis,

316 1987 410 2042 bus
433 1988 666 2043 carnales
690 1998 737 2043 et
760 1988 1019 2043 Itwreticos
1042 2002 1259 2058 passura
1276 1994 1373 2039 est.
1394 2013 1464 2025 -
1480 1984 1615 2051 Quia
1648 1984 1790 2039 enim
1818 1998 1909 2051 pa-

314 2080 502 2134 rabola
531 2078 828 2135 similitudo
851 2078 1175 2145 nominatur,
1198 2086 1385 2147 aperte
1409 2085 1619 2132 constat
1646 2074 1789 2146 quod
1819 2088 1913 2143 per

315 2174 646 2229 exteriorum
672 2173 960 2230 verborum
986 2173 1210 2228 formam
1236 2172 1493 2243 mysteria
1528 2169 1786 2240 loquitur,
1818 2167 1910 2239 qui

314 2265 378 2320 ad
421 2266 754 2337 loquendum
797 2266 1105 2337 parabolam
1154 2263 1513 2333 assumpsisse
1560 2272 1910 2320 memoratur.

314 2353 454 2411 Cum
483 2357 683 2412 etenim
705 2370 801 2412 sua
833 2365 1035 2422 narrat,
1068 2368 1401 2426 quascunque
1426 2363 1552 2409 sunt
1575 2363 1775 2409 sanctze
1803 2353 1902 2408 Ec-

314 2449 503 2505 clesia:
533 2459 754 2506 ventura
783 2447 1104 2514 denuntiat;
1137 2458 1191 2504 et
1221 2462 1319 2518 per
1345 2449 1446 2504 hoc
1484 2447 1625 2517 quod
1670 2447 1786 2516 ipse
1814 2460 1912 2517 pa-

216 2610 217 2613 η
314 2538 486 2605 titur,
535 2539 736 2595 indicat
782 2540 911 2610 quid
944 2540 1037 2595 illa
1068 2541 1317 2609 patiatur.
1350 2538 1744 2608 Nonnunquam
1786 2551 1916 2593 vero

314 2632 391 2688 sic
426 2646 541 2686 sua:
570 2629 812 2689 historia:
842 2631 1008 2686 verba
1040 2632 1349 2701 permiscet,
1381 2638 1441 2685 ut
1469 2630 1544 2685 nil
1570 2630 1914 2701 allegoricum

314 2722 535 2781 insonet
557 2740 575 2790 ;
604 2739 985 2795 nonnunquam
1013 2739 1140 2780 vero
1156 2727 1234 2780 sic
1255 2739 1383 2779 suos
1404 2724 1621 2780 dolores
1649 2724 1910 2793 loquitur,

314 2831 377 2875 ac
403 2818 456 2872 si
486 2832 554 2873 ex
591 2834 722 2875 voce
747 2817 979 2874 dolentis
1011 2818 1266 2874 Ecclesia:
1296 2818 1565 2889 loquatur.
1601 2818 1659 2872 ln
1692 2816 1794 2872 hac
1819 2831 1916 2873 ven

314 2929 377 2973 ro
406 2916 601 2972 ultima
643 2916 724 2971 sui
755 2924 905 2986 parte
934 2916 1199 2970 sermonis
1252 2915 1498 2969 ultimum
1534 2921 1747 2983 tempus
1775 2912 1917 2969 desi~

316 3000 451 3082 gnat
478 3008 755 3075 Ecclesiae,
787 3007 1001 3079 quando
1040 3006 1382 3064 adversarios
1410 3021 1563 3075 suos,
1595 3007 1646 3062 id
1677 3016 1759 3062 est
1800 3020 1918 3061 car-

315 3101 478 3158 nales
515 3115 760 3171 quosque
782 3143 799 3168 ,
834 3102 919 3156 vel
971 3101 1252 3156 ltaareticos
1282 3109 1442 3171 atque
1491 3098 1739 3169 gentiles,
1783 3113 1917 3166 quos

316 3205 470 3249 nunc
509 3193 690 3249 studet
734 3193 1012 3262 sapientiae
1062 3194 1385 3249 auctoritate
1412 3192 1800 3261 comprimere,
1834 3190 1914 3247 ef-

2015 1996 2068 2042 et
2098 1985 2230 2042 falsa
2261 1986 2566 2042 humilitate
2616 1970 2984 2041 blandiuntur.
3039 1986 3450 2042 Persecutiones
3480 1996 3611 2041 vero

2015 2081 2309 2151 gladiorum
2330 2082 2483 2151 juxta
2508 2082 2668 2136 linem
2700 2082 2881 2135 mundi
2914 2091 3178 2135 secutura:
3206 2088 3351 2145 sunt,
3397 2088 3454 2134 ut
3480 2093 3611 2149 gra-

2017 2189 2085 2229 na
2106 2173 2418 2229 ctelesubus
2447 2172 2657 2229 horreis
2683 2172 3023 2229 recondenda
3052 2180 3202 2226 tanto
3231 2172 3408 2225 verius
3428 2184 3458 2223 a
3485 2183 3611 2238 pec-

2016 2282 2256 2328 catorum
2278 2270 2449 2343 paleis
2472 2280 2759 2335 exuantur,
2788 2278 2813 2317 8
2836 2280 3038 2339 quanto
3065 2268 3267 2322 arctius
3282 2264 3610 2335 allliguntur.

2016 2366 2169 2423 Tunc
2214 2366 2375 2422 electi
2430 2379 2620 2421 omnes
2667 2364 2757 2435 qui
2810 2364 2864 2418 in
2907 2362 2993 2417 illa
3026 2361 3224 2417 fuerint
3273 2361 3614 2416 tribulatione

2015 2460 2394 2531 comprehensi
2440 2457 2470 2497 ιι
2515 2459 2934 2515 reminiscuntur
2981 2457 3169 2513 horum
3222 2464 3522 2525 temporum
3559 2455 3612 2509 in

2016 2556 2211 2625 quibus
2249 2570 2391 2609 nunc
2421 2553 2666 2609 Ecclesia
2695 2552 2820 2608 lidei
2866 2566 3054 2623 pacem
3096 2559 3264 2616 tenet,
3299 2560 3351 2605 et
3383 2549 3613 2620 superba

2018 2646 2397 2702 haereticorum
2425 2646 2564 2702 colla
2594 2646 2922 2715 comprimit,
2972 2660 3076 2701 non
3112 2652 3391 2715 potentatu
3422 2644 3615 2698 culmi-

2019 2741 2123 2803 nis.
2142 2740 2237 2794 sed
2250 2742 2377 2810 iugo
2394 2739 2637 2795 rationis.
2666 2738 3103 2795 Reminiscuntur
3121 2737 3310 2803 nostri,
3330 2737 3417 2804 qui
3438 2735 3617 2806 quieta

2020 2832 2143 2886 lidei
2173 2840 2416 2901 tempora
2447 2831 2726 2897 ducimus;
2759 2831 2929 2902 612
2954 2829 3046 2900 qui
3074 2830 3170 2884 etsi
3206 2829 3258 2881 in
3284 2826 3437 2882 bellis
3464 2842 3618 2881 coar-

2019 2934 2229 2979 ctamur
2254 2924 2517 2995 gentium,
2550 2939 2659 2981 non
2691 2934 2870 2980 tamen
2901 2922 2919 2961 ί
2953 2924 3003 2977 in
3047 2922 3204 2976 dictis
3249 2935 3619 2990 expugoamnr

2020 3025 2253 3088 patrum.
2284 3017 2479 3073 Beatus
2504 3031 2635 3087 ergo
2661 3015 2764 3071 Job
2792 3023 2991 3071 sanctae
3020 3012 3277 3068 Ecclesiae
3320 3020 3503 3083 typum
3536 3018 3619 3065 te-

2023 3125 2177 3177 nens,
2209 3126 2328 3181 quae
2352 3120 2477 3166 tunc
2498 3110 2550 3165 in
2579 3109 2688 3165 illis
2716 3108 2975 3179 angustiis
3006 3105 3275 3161 invenitur
3302 3120 3316 3169 ;
3343 3113 3398 3160 et
3428 3113 3610 3159 tamen

2024 3209 2243 3267 nostrae,
2277 3208 2334 3255 ut
2374 3200 2525 3266 dixi,
2557 3198 2758 3271 quietis
2802 3198 3189 3264 reminiscitur,
3221 3211 3312 3251 sua
3347 3204 3619 3252 transacta

316 3286 530 3342 frenata
554 3286 806 3355 iactantia
828 3286 996 3342 elatos
1018 3286 1226 3356 cogitur
1253 3295 1276 3324 ο
1305 3285 1458 3340 irrisa
1488 3284 1739 3340 tolerare.
1769 3283 1920 3340 Unde
1950 3321 1999 3390 Ο
2027 3303 2231 3361 narrat,
2260 3304 2314 3350 et
2341 3293 2461 3349 aliis
2495 3303 2720 3349 ventura
2752 3293 3053 3355 denuntiat,
3086 3290 3300 3348 dicens;

318 3379 377 3438 in
421 3383 527 3434 hoc
572 3395 789 3451 quoque
820 3394 1074 3437 sermone
1104 3379 1337 3435 dicitur:
1390 3377 1543 3433 Nunc
1571 3386 1743 3432 autem
1786 3376 1927 3432 deri-

322 3479 453 3535 dent
472 3493 552 3532 me
570 3477 808 3549 juniores
831 3484 1077 3545 tempore,
1108 3488 1324 3546 quorum
1344 3490 1449 3528 non
1480 3473 1730 3544 dignabor
1756 3482 1926 3544 patres

323 3586 524 3643 ponere
552 3586 667 3624 cum
697 3570 910 3625 canibus
939 3569 1107 3640 gregis
1148 3568 1249 3623 mei
1278 3568 1400 3638 (Job
1430 3582 1558 3633 xxx,
1596 3566 1672 3636 l).
1716 3566 1784 3620 Et
1812 3567 1927 3635 ipsa

322 3663 541 3721 ordinis
582 3664 720 3719 ratio
761 3663 1011 3733 estposcit
1040 3672 1096 3716 ut
1125 3677 1219 3732 per
1248 3660 1409 3716 verba
1438 3659 1585 3716 beati
1612 3658 1716 3714 Job
1741 3659 1927 3715 ultima

2473 3384 2705 3443 CAPUT
2736 3385 2780 3439 x
2818 3384 2968 3457 [Rec.
3006 3381 3200 3454 VIII].

2102 3479 2265 3537 Vens.
2294 3480 2350 3534 ‘2.
2381 3508 2453 3523 —
2503 3480 2630 3545 Quis
2679 3478 2804 3532 mihi
2836 3478 3044 3542 tribuat,
3078 3484 3133 3529 ut
3160 3476 3258 3529 sim
3305 3474 3455 3541 iuxta
3482 3487 3623 3529 inen-

2028 3585 2105 3624 ses
2138 3571 2380 3640 pristinos
2403 3571 2428 3623 ?

2102 3662 2190 3717 Π.
2223 3661 2336 3716 Etsi
2361 3660 2536 3733 gravia
2548 3662 2662 3729 jam
2700 3676 2855 3730 passa
2875 3660 2941 3714 sit
2967 3657 3219 3723 Ecclesia,
3249 3658 3398 3729 longe
3423 3661 3626 3726 gravio-

324 3756 560 3814 extretni
587 3764 789 3811 sancta:
828 3754 1089 3811 Ecclesiae
1118 3753 1472 3824 designentur
1498 3750 1637 3821 dies,
1688 3752 1926 3819 quando,
2029 3770 2090 3809 ra
2129 3771 2349 3827 passura
2392 3762 2488 3811 est.
2516 3785 2586 3831 τ-
2615 3753 2779 3809 Multa
2830 3754 2972 3809 enim
3004 3752 3130 3807 talia
3165 3761 3348 3807 sancta
3387 3752 3623 3808 Eccnesia

322 3850 709 3922 persecutione
749 3859 1054 3915 crescente,
1102 3855 1317 3917 apertas
1358 3845 1732 3901 haereticorum
1773 3858 1930 3899 voces
2031 3848 2311 3904 doloribus
2339 3862 2526 3919 pressa
2555 3846 2762 3903 dictura
2788 3853 2891 3902 est.
2922 3846 3111 3901 Tantis
3143 3844 3339 3915 quippe
3366 3844 3510 3899 illam
3540 3844 3625 3899 l’u-

326 3945 573 4001 tolerare
624 3939 991 4011 compellitur,
1027 3956 1148 3996 cum
1190 3948 1368 3995 motus
1417 3937 1595 3993 cordis
1646 3936 1749 4004 sui,
1799 3950 1931 4007 quos
2034 3948 2211 3995 turum
2255 3947 2341 3996 est
2370 3937 2801 3995 tribulationibus
2847 3936 3141 4008 angustari,
3184 3943 3243 3991 ut
3274 3935 3387 3990 haec
3418 3943 3626 4006 tempo-

328 4048 485 4095 nunc
503 4033 644 4089 intra
671 4034 1054 4105 cogitationum
1084 4033 1235 4087 sinus
1258 4038 1573 4101 contegunt,
1603 4038 1729 4086 tunc
1758 4029 1813 4085 in
1838 4044 1930 4085 vo-
2033 4047 2095 4087 ra
2122 4048 2244 4088 cum
2276 4047 2469 4103 magno
2500 4030 2734 4101 suspirio
2773 4029 3046 4086 desideret
3074 4043 3193 4101 quae
3235 4042 3333 4085 nos
3361 4044 3483 4085 cum
3514 4044 3627 4084 ma-

326 4139 397 4182 ce
426 4123 753 4179 mattil‘estati
785 4122 988 4178 erroris
1009 4123 1278 4192 aperiunt.
1303 4119 1455 4177 Nunc
1477 4121 1642 4189 enim,
1673 4122 1816 4176 sicut
1840 4137 1934 4191 per
2034 4140 2143 4197 gno
2183 4126 2368 4183 dolore
2397 4126 2710 4182 toleramus.
2744 4123 2901 4181 Dicat
2942 4138 3092 4194 ergo,
3136 4122 3275 4179 dicat
3318 4138 3414 4194 per
3443 4138 3629 4181 vocem

329 4215 603 4275 Joannem
634 4214 830 4270 dicitur
854 4214 1040 4288 (Apoc.
1072 4228 1162 4281 xx,
1190 4210 1273 4284 5),
1302 4212 1465 4267 draco
1497 4212 1550 4266 in
1582 4213 1774 4283 abysso
1795 4214 1936 4267 clau-

2035 4218 2179 4276 beati
2201 4219 2336 4288 Job;
2370 4220 2497 4288 Quis
2520 4220 2648 4275 mihi
2671 4219 2859 4274 tribuat
2881 4228 2938 4274 ut
2961 4219 3222 4290 simjuxta
3244 4233 3437 4273 menses
3458 4220 3629 4290 pristi-

328 4323 431 4367 sus
463 4318 696 4377 tenetur,
724 4309 845 4380 qttia
874 4307 1139 4364 diabolica
1170 4306 1370 4362 malitia
1399 4306 1451 4361 in
1476 4320 1662 4361 eorum
1692 4305 1931 4361 subdolis
2037 4318 2171 4370 nos?
2204 4315 2336 4383 Quia
2366 4316 2507 4370 enim
2537 4322 2770 4370 statutus
2788 4315 2995 4370 dierum
3023 4327 3280 4368 numerus
3298 4326 3515 4368 menses
3542 4324 3629 4366 vo.

331 4402 594 4460 cordibus
622 4402 939 4458 occultatur.
963 4400 1068 4457 38d
1097 4400 1236 4454 sicut
1264 4400 1375 4455 illic
1398 4399 1424 4437 ά
1448 4398 1650 4455 dictum
1672 4407 1776 4464 εει,
1806 4400 1937 4455 edn-
2039 4417 2249 4476 cantur,
2281 4407 2409 4476 quid
2437 4407 2582 4463 aliud
2614 4407 2832 4463 nomine
2860 4407 3037 4477 signa;
3067 4405 3354 4474 mensium,
3386 4403 3487 4460 nisi
3516 4405 3630 4461 cui-

335 4504 497 4554 cetur
524 4496 688 4552 draco
714 4494 783 4551 de
826 4504 988 4567 puteo
1018 4493 1220 4565 abyssi,
1275 4492 1396 4563 quia
1446 4493 1587 4562 quod
1620 4491 1783 4547 modo
1828 4506 1939 4561 prae
2041 4500 2298 4556 lectiones
2325 4501 2624 4556 animarum
2650 4500 2673 4554 ?
2700 4500 2823 4555 Dies
2845 4501 3044 4570 quippe
3066 4497 3191 4553 dum
3221 4497 3548 4566 colliguntur
3576 4498 3626 4552 in

339 4589 539 4645 ιὶιιιοτθ
569 4589 785 4658 tegitur.
817 4597 943 4643 ιυηο
986 4593 1176 4641 contra
1230 4583 1525 4640 ΕοεΙθθίθη)
1576 4584 1785 4655 Publice
1811 4584 1881 4640 de
1912 4594 1935 4623 °
2040 4593 2334 4656 mensibus,
2362 4589 2770 4658 subtrahuntur,
2795 4591 2917 4662 quia
2949 4599 3004 4646 et
3031 4588 3085 4645 in
3114 4590 3216 4646 hoc
3245 4598 3485 4660 tempore
3510 4606 3631 4647 san-

240 4738 247 4747 .
338 4681 650 4754 iniquorum
678 4679 930 4735 cordibus
969 4692 1129 4734 οωηθ
1172 4676 1542 4787 εθτρθέιιίηυηι
1588 4677 1735 4733 Virus
1763 4676 1937 4745 πρωί·
1966 4726 2017 4787 D
2041 4694 2125 4742 cla
2158 4685 2420 4753 Ecclesia,
2453 4684 2580 4740 dum
2612 4685 2853 4741 veritatis
2891 4684 3010 4741 luce
3038 4683 3384 4755 splendentes
3424 4684 3633 4741 animas

344 4782 454 4829 tur.
484 4773 638 4827 Nunc
668 4772 812 4827 enim
844 4768 1129 4827 abscondit
1172 4783 1233 4825 se
1261 4767 1362 4823 sub
1394 4767 1703 4824 blandiente
1732 4768 1935 4839 lingua,

2043 4778 2265 4849 colligit,
2301 4777 2354 4832 in
2387 4777 2591 4832 intimis
2620 4777 2925 4832 abscondit.
2959 4776 3265 4847 Aliquando
3290 4776 3453 4832 etiam
3484 4792 3633 4833 nien-

340 4869 574 4922 saviens
597 4865 944 4929 conscientia,
973 4873 1028 4920 et
1047 4861 1249 4918 malitia
1276 4860 1605 4926 calliditatis,
1628 4861 1781 4931 quasi
1810 4875 1935 4931 qua-
2042 4870 2118 4927 sis
2151 4885 2246 4940 pro
2292 4867 2625 4940 perfectione
2658 4870 2893 4937 ponitur,
2924 4868 3067 4924 sicut
3098 4867 3355 4937 propheta
3381 4870 3492 4924 ait:
3524 4868 3635 4923 Erit

344 4957 472 5013 (Iam
512 4972 573 5013 se
602 4958 731 5029 legit
778 4958 974 5028 abyssu
1038 4954 1437 5019 Simulalionisi
1486 4969 1629 5009 nunc
1658 4954 1939 5021 Dominus,
2042 4961 2230 5015 mensis
2260 4976 2326 5014 ea:
2357 4975 2527 5014 mense
2556 4958 2713 5033 (Isai.
2744 4946 2890 5021 ixvt,
2930 4958 3025 5029 23)
3050 4976 3066 5026 ;
3099 4959 3361 5029 perfectio
3390 4960 3635 5017 videlicet

345 5055 491 5110 sicut
512 5045 808 5110 Psalmista:
830 5069 964 5110 voce
986 5053 1203 5119 dicitur,
1249 5049 1536 5122 Congregat
1556 5052 1687 5107 sicut
1709 5050 1728 5092 ί
1754 5053 1809 5107 in
1831 5062 1943 5107 utre
2043 5054 2126 5109 eis
2154 5056 2207 5108 in
2238 5054 2444 5124 requie,
2488 5053 2681 5124 quibus
2710 5070 2853 5110 nunc
2884 5053 3141 5123 perfectio
3167 5052 3330 5110 fuerit
3358 5053 3410 5108 in
3440 5068 3636 5124 Opera-

349 5165 514 5219 aquas
542 5149 698 5205 maris
723 5147 900 5209 (Ptol.
933 5162 1101 5214 nxn,
1140 5146 1221 5211 7).
1248 5144 1590 5217 Uterquippe
1610 5145 1944 5202 carnalisest
2044 5148 2212 5202 tione.
2245 5143 2389 5215 [νει.
2420 5142 2505 5199 IX
2511 5144 2550 5215 .]
2581 5143 2971 5202 Reminiscatur
2996 5162 3125 5216 ergo
3154 5144 3496 5217 perlectionis
3524 5144 3636 5217 pri-

2124 5333 2151 5375 s
2184 5326 2256 5381 Ita
2287 5327 2496 5392 Germ.,
2527 5328 2713 5396 Corb.,
2743 5331 2955 5395 Germ.,
3003 5330 3382 5386 Lattounenses
3417 5334 3469 5380 et
3500 5341 3633 5395 pene

2052 5414 2239 5454 omnes
2268 5399 2422 5453 Mss..
2454 5415 2590 5471 quos
2616 5411 2911 5471 sequuntur
2933 5413 3043 5455 vet.
3089 5399 3190 5471 Ed.
3239 5396 3638 5471 Posterioribus

2049 5480 2233 5542 autem
2267 5464 2571 5542 Editoribus
2601 5464 2769 5542 magis
2802 5474 2999 5541 placuit
3025 5464 3221 5540 acrius,
3248 5468 3391 5541 quod
3430 5467 3631 5540 legitur

2048 5541 2103 5596 in
2135 5541 2324 5606 Gilot.,
2352 5540 2544 5606 Vatic.,
2581 5540 2844 5597 Gussanv.

2120 5610 2149 5649 ιι
2205 5612 2405 5672 Turon.
2430 5658 2444 5684 ,
2501 5614 2887 5670 reminiscentur
2913 5655 2928 5684 ,
2969 5625 3023 5670 et
3063 5612 3203 5670 infra
3245 5612 3633 5670 reminiscatqu

2058 5683 2237 5738 nostri.

2127 5752 2143 5794 ί
2183 5754 2360 5824 Vittd.,
2392 5756 2444 5811 in
2470 5756 2694 5821 iudiciis.

430 5341 457 5370 ι
482 5332 664 5387 Germ.
717 5340 771 5387 et
815 5331 1023 5403 Vulgati
1071 5340 1296 5403 poster.,
1328 5331 1466 5403 sicut
1503 5346 1620 5385 cum
1658 5338 1802 5402 pater
1829 5346 1947 5384 cum

356 5406 572 5475 parvulo
610 5404 723 5472 ﬁlia
771 5401 937 5471 loq...‘
978 5404 1214 5456 balbutit.
1250 5401 1665 5475 lletlundantem
1701 5403 1942 5456 voculam

356 5471 473 5526 cum
502 5471 859 5542 expunxitntts
890 5474 1019 5528 Mss.
1056 5488 1191 5543 pene
1219 5473 1466 5529 omnibus
1510 5471 1849 5529 adharentes

437 5544 464 5584 δ
496 5548 657 5601 Abest
686 5556 731 5597 et
761 5546 890 5597 dixit
922 5561 949 5596 a
983 5544 1226 5613 plurimis
1253 5543 1381 5599 Mss.

438 5627 459 5655 ε
494 5617 608 5671 Duo
638 5615 829 5677 Lattd.,
861 5616 915 5670 in
939 5617 1043 5670 risu
1071 5616 1310 5669 tolerare.

437 5684 463 5724 ἀ
499 5688 663 5748 Etliti.
692 5686 871 5741 invitis
895 5687 1023 5742 Mss.
1056 5687 1307 5754 scriptum
1335 5694 1427 5741 est.

440 5766 464 5826 ἑ
492 5757 720 5823 'I'uron.,
752 5758 1039 5826 iniquorum
1059 5771 1166 5813 ore.

442 5825 460 5869 ‘
488 5828 525 5886 2
551 5828 745 5895 Laud,
780 5825 1028 5883 in'ulrem.

647 5924 917 5986 ΡΑτιιοι..
966 5906 1198 5984 LXXV
1210 5925 1248 5985 I.
1782 5956 1787 5962 -
1897 5938 1908 5954 δ

2022 5938 2030 6007 ῖ
2204 6004 2205 6007 χ
2740 5921 2745 5927 ’
3158 5920 3195 5984 ἢ
