4044 6346
461 473 562 528 107

459 693 554 734 sua
585 675 824 732 collectis
845 667 1123 725 animabus
1156 661 1460 731 reportabat
1488 660 1652 723 lucra,
1686 662 2039 725 etangustata

461 768 890 833 tribulationibus
915 763 1085 818 dicat:
1123 758 1250 825 Quis
1268 757 1395 809 mihi
1427 754 1648 817 tribuat,
1679 762 1733 805 ut
1761 752 1857 804 sim
1889 749 2048 819 juxta

462 884 660 925 menses
686 857 965 936 pristinos?
990 855 1046 910 ln
1088 850 1281 924 quibus
1312 846 1551 919 profecto
1577 843 1849 901 mensibus
1875 839 2047 912 qualis

462 959 647 1029 fuerit,
678 947 1043 1013 enumerando
1072 943 1361 1013 subiungit,
1394 940 1617 996 dicens:

1090 1076 1318 1136 CAPUT
1349 1074 1442 1131 XI.

534 1230 698 1286 Vnus.
714 1228 771 1296 ἓ,
788 1225 927 1278 5.-
943 1219 1237 1278 Secundum
1258 1217 1386 1281 dies,
1420 1211 1605 1282 quibus
1630 1202 1769 1265 Deus
1799 1208 2053 1262 custodie-

466 1322 551 1379 bat
578 1338 694 1387 me,
728 1314 936 1388 quando
982 1308 1281 1383 splendebat
1311 1309 1517 1361 lucerna
1556 1307 1667 1378 ejus
1697 1319 1852 1373 super
1896 1307 2052 1369 caput

465 1430 657 1482 meum,
682 1421 731 1466 et
759 1408 825 1463 ad
854 1407 1026 1461 lumen
1058 1405 1171 1476 ejus
1200 1398 1527 1455 ambulabam
1557 1397 1611 1450 in
1643 1394 1879 1449 tenebris.

528 1530 618 1585 l8.
630 1555 703 1570 ——
715 1526 859 1580 Tunc
874 1521 1023 1576 multi
1045 1516 1237 1587 inﬁrmi
1252 1514 1457 1580 cadent,
1475 1510 1690 1579 fortibus
1702 1510 1763 1563 ob
1776 1524 1950 1564 eorum
1967 1523 2053 1561 ca-

468 1641 580 1683 sum
601 1620 889 1677 dolentibus
906 1657 919 1671 .
947 1614 1095 1669 Tunc
1122 1611 1318 1681 quippe
1343 1607 1488 1662 videt
1511 1621 1579 1661 es
1612 1621 1690 1674 se,
1727 1602 2052 1675 persecutio-

469 1734 540 1776 ne
567 1724 814 1787 cogente,
844 1709 1178 1766 inlirmorum
1202 1702 1399 1756 multos
1425 1698 1641 1765 cadere,
1660 1711 1795 1767 quos
1827 1711 1968 1750 nunc
1999 1704 2054 1747 ut

469 1819 639 1870 mater
684 1808 822 1862 intra
863 1801 1008 1873 pacis
1054 1800 1229 1852 sinum
1278 1793 1531 1862 parvulos
1578 1791 1742 1856 fovet,
1774 1798 1828 1844 et
1857 1787 1884 1827 δ
1916 1789 2055 1843 intra

470 1900 785 1974 tratiquillas
807 1895 929 1952 ﬁdei
951 1906 1116 1948 cunas
1136 1888 1394 1952 continet,
1417 1885 1539 1958 quia
1563 1882 1778 1938 admisti
1804 1881 2053 1946 fortibus,

1676 452 1916 512 SANCTI
1954 440 2280 510 GREGORII
2320 441 2533 501 MAGNl

459 586 636 649 stinaa,
686 576 903 638 relucat
951 576 1016 631 ad
1050 570 1361 630 memoriam
1389 576 1584 638 quanta
1618 576 1643 604 ι
1676 566 2050 639 praedicatione
2078 562 2130 625 Α

3632 434 3733 493 108

2607 546 2836 606 CAPUT
2875 542 2971 604 xu
3009 545 3161 620 [Rec.
3203 544 3318 617 IX].

2222 670 2384 726 Vsus.
2419 668 2470 722 ὁ.
2519 698 2590 712 -
2614 666 2764 722 Sicut
2793 662 2871 735 fui
2901 665 2954 717 in
2998 662 3175 717 diebus
3203 658 3565 715 adolescentia:
3590 673 3739 728 nec,

2171 764 2375 835 quando
2405 770 2599 818 secreto
2630 760 2766 814 Deus
2794 767 2903 814 erat
2929 758 2982 810 in
3012 754 3337 810 tabernaculo
3368 769 3501 807 meo.

2222 877 2308 933 t9.
2348 874 2518 929 Varia
2548 871 2793 927 Ecclesite
2816 878 3013 925 states.
3064 865 3323 938 Infantia,
3355 865 3723 931 adolescentia,

2149 968 2367 1022 senium.
2399 965 2467 1020 In
2495 965 2597 1034 ﬁne
2625 970 2796 1018 tamen
2830 960 3020 1016 multos
3047 968 3351 1029 susceptura
3390 965 3464 1012 est
3495 957 3654 1027 ﬁlios.
3678 985 3745 998 —

2151 1059 2303 1117 Sicut
2331 1057 2752 1127 uniuscujusque
2796 1053 3051 1119 hominis,
3106 1052 3187 1107 sic
3235 1058 3437 1106 sancta
3486 1048 3743 1105 Ecclesiae

2154 1162 2284 1209 artas
2332 1151 2673 1208 describitur.
2706 1149 2933 1206 Parvula
2979 1146 3177 1218 quippe
3211 1153 3339 1201 tunc
3364 1152 3506 1212 erat,
3562 1158 3688 1198 cum
3717 1158 3747 1198 α

2153 1246 2428 1301 nativitate
2454 1259 2641 1301 recens
2659 1242 2881 1300 verbum
2903 1242 3027 1297 vitae
3054 1239 3349 1311 pmdicare
3376 1251 3483 1293 non
3509 1243 3746 1305 peteret.

2155 1338 2291 1394 Hinc
2314 1341 2456 1394 enim
2499 1339 2567 1395 de
2595 1339 2680 1393 illa
2712 1336 2905 1392 dicitur
2940 1354 2954 1389 :
2989 1334 3154 1392 Soror
3182 1339 3361 1387 nostra
3388 1330 3606 1401 parvulo
3642 1338 3747 1393 est,

2157 1436 2205 1481 et
2228 1429 2382 1483 ubera
2411 1446 2512 1483 non
2542 1429 2691 1484 habet
2722 1428 2898 1499 (Cant.
2926 1442 3047 1493 rut,
3076 1426 3152 1495 ὃ),
3197 1426 3322 1495 quia
3350 1422 3602 1478 nimirum
3630 1436 3753 1476 san-

2157 1531 2247 1578 cta
2296 1523 2538 1579 Ecclesia
2572 1524 2881 1592 priusquam
2934 1522 3219 1589 proliceret
3272 1532 3367 1585 per
3414 1517 3751 1571 incrementa

2161 1615 2394 1681 virtutis,
2427 1614 2656 1670 inﬁrmis
2684 1615 2983 1685 quibusque
3011 1609 3345 1666 auditoribus
3374 1607 3618 1678 praebere
3642 1620 3745 1660 non

2161 1707 2331 1779 pomit
2360 1709 2523 1763 ubera
2561 1706 2978 1776 praedicationis.
3011 1703 3206 1758 Addita
3236 1715 3370 1757 vero
3397 1698 3643 1755 Ecclesia
3672 1698 3748 1750 tli.
3836 1716 3844 1722 -

2162 1801 2324 1867 citur,
2379 1802 2595 1868 quando
2628 1798 2719 1854 Dei
2774 1799 2936 1854 verbo
2982 1794 3252 1866 copulata,
3308 1801 3494 1848 sancto
3540 1788 3751 1859 repleta

2165 1890 2389 1960 Spiritu,
2424 1904 2518 1959 per
2560 1888 2958 1959 pradicationis
3011 1885 3365 1942 ministerium
3412 1882 3466 1937 in
3521 1881 3755 1937 ﬁliorum

469 2000 587 2069 ipsa
611 1971 743 2051 lidei
792 1987 1171 2060 tranquillitate
1211 1981 1540 2037 nutriuntur.
1571 1975 1724 2031 Tunc
1751 1990 1878 2029 vero
1924 1973 2056 2027 tales

2181 1985 2515 2053 :onoeptione
2561 1984 2591 2019 ιι
2646 1981 2865 2048 letatur,
2916 1996 3048 2050 quos
3096 1977 3432 2035 exhortando
3486 1976 3757 2045 parturit,

469 2064 627 2148 multi
657 2084 837 2143 casuri
862 2087 1010 2147 sunt,
1038 2085 1093 2133 et
1114 2090 1209 2146 per
1237 2073 1446 2127 viscera
1471 2067 1769 2133 charitatis,
1798 2064 2057 2135 quidquid

470 2184 527 2239 in
557 2181 755 2238 damno
806 2173 1144 2245 parvulorum
1194 2167 1459 2228 sustinet.
1506 2177 1565 2216 se
1594 2159 1799 2230 perpeti
1850 2158 2060 2212 animus

472 2273 835 2347 perfectorem
888 2266 1057 2320 dolet.
1110 2258 1457 2315 'lnlirmorum
1506 2256 1705 2310 etenim
1754 2251 1947 2306 damna
1994 2249 2059 2303 ad

474 2338 636 2423 corda
665 2361 878 2417 fortium
935 2369 1031 2426 per
1077 2348 1502 2420 compassionem
1552 2353 1846 2399 transeunt.
1907 2338 2061 2396 Unde

476 2473 570 2531 per
600 2454 824 2512 Paulum
856 2448 1087 2504 dicitur:
1122 2444 1247 2512 Quis
1282 2442 1577 2509 inﬁrmatur
1605 2447 1759 2508 etego
1788 2451 1888 2489 non
1918 2434 2064 2502 inﬁr-

475 2524 623 2607 mor?
651 2546 763 2618 quis
794 2540 1199 2603 scandalizatur,
1229 2544 1277 2589 et
1305 2550 1397 2605 ego
1426 2549 1525 2587 non
1558 2546 1679 2585 uror
1708 2526 1763 2599 (1
1771 2524 1796 2582 Ι
1828 2526 1949 2583 Cor.
1989 2544 2063 2595 XI,

477 2641 617 2712 29)?
648 2639 821 2694 Tanto
849 2633 990 2689 enim
1019 2628 1246 2701 quisque
1276 2622 1546 2695 perfectus
1574 2631 1676 2689 est,
1706 2628 1907 2691 quanto
1947 2634 2067 2687 per-

476 2710 617 2791 fecte
642 2729 806 2787 sentit
833 2725 1047 2781 dolores
1071 2719 1292 2775 alienos.
1328 2715 1479 2772 Unde
1504 2725 1687 2770 sancta
1726 2710 1959 2767 Ecclesia
1989 2712 2070 2764 in-

480 2826 648 2883 ﬁrmis
679 2832 805 2878 tunc
848 2814 1161 2873 cadentibus
1188 2824 1207 2849 ε
1233 2810 1531 2880 angustiata
1554 2848 1569 2873 ,
1606 2822 1727 2860 cum
1763 2804 1952 2860 horum
1986 2819 2070 2857 re—

481 2917 778 2977 tui‘niscitur
830 2923 1151 2980 temporum,
1193 2905 1314 2974 jure
1355 2901 1561 2955 dictura
1602 2907 1723 2954 est:
1775 2896 2071 2952 Secundum

483 3012 589 3065 dies
630 3005 809 3079 quibus
843 3001 980 3056 Deus
1000 2994 1318 3059 custodiebat
1348 3008 1448 3056 me,
1480 2990 1602 3061 quia
1632 3004 1689 3044 se
1720 2998 1845 3043 tunc
1875 2988 1926 3041 in
1969 2985 2073 3042 illis

484 3076 715 3158 aestimat
743 3093 955 3159 cadere,
985 3104 1105 3161 qua:
1137 3102 1195 3141 se
1228 3100 1369 3139 nunc
1399 3080 1450 3137 in
1502 3078 1620 3136 istis
1644 3076 1668 3117 δ
1704 3078 1923 3149 respicit
1951 3094 2073 3133 cus-

486 3190 665 3249 todiri.
697 3188 838 3242 Bene
859 3191 1036 3238 autem
1063 3178 1261 3234 dicitur
1286 3192 1297 3229 :
1334 3174 1557 3243 Quando
1586 3170 1880 3242 splendebat
1911 3168 2075 3224 lucer-

488 3300 554 3338 na
583 3284 692 3353 ejus
722 3293 873 3347 super
902 3282 1058 3343 caput
1088 3283 1278 3333 meum,
1311 3276 1357 3321 et
1400 3264 1466 3318 ad
1505 3262 1673 3317 lumen
1703 3264 1815 3333 ejus
1845 3261 2076 3314 ambula-

2165 2078 2530 2133 eonvertendo
2568 2075 2727 2145 parit.
2764 2074 2839 2129 De
2872 2073 2972 2128 hac
3010 2072 3128 2142 ejus
3156 2078 3313 2126 anate
3351 2067 3582 2123 Domino
3625 2064 3760 2122 dici-

2168 2181 2295 2228 tur:
2349 2169 2752 2226 Adolescentulae
2797 2169 3086 2222 dilexerunt
3133 2175 3179 2219 te
3208 2162 3387 2235 (Cant.
3423 2178 3463 2230 ι,
3492 2159 3574 2231 5).
3628 2158 3759 2215 Uni-

2165 2278 2337 2327 versae
2379 2264 2577 2333 quippe
2608 2261 2886 2325 Ecclesiae,
2917 2276 3037 2328 quae
3087 2273 3244 2313 unam
3298 2255 3623 2311 catholicam
3679 2250 3758 2306 fa-

2168 2358 2338 2419 ciunt,
2395 2352 2813 2409 adulescentulas
2864 2361 3158 2414 vocantur,
3219 2364 3326 2403 non
3368 2348 3479 2418 jam
3534 2352 3764 2400 vetusta

2175 2466 2270 2521 per
2319 2449 2554 2519 culpam,
2604 2448 2698 2501 sed
2752 2446 2975 2500 novellae
3007 2461 3100 2509 per
3144 2444 3404 2514 gratiam;
3456 2455 3562 2495 non
3597 2440 3763 2507 senio

2168 2544 2404 2610 steriles,
2434 2541 2529 2597 sed
2554 2549 2713 2595 aetate
2742 2538 2936 2594 tuentis
2976 2540 3041 2591 ad
3072 2535 3371 2608 spiritalem
3401 2547 3657 2601 congrua:
3689 2530 3767 2585 lci

2170 2633 2519 2690 cunditatem.
2546 2631 2697 2685 Tunc
2724 2645 2873 2701 ergo,
2905 2642 3028 2684 cum
3057 2628 3111 2679 in
3143 2626 3336 2681 diebus
3365 2624 3469 2678 illis
3498 2621 3768 2686 Ecclesia,

2171 2727 2321 2797 quasi
2364 2724 2595 2795 quodam
2640 2724 2792 2778 senio
2840 2718 3135 2785 debilitata,
3179 2733 3274 2787 per
3322 2715 3770 2786 praedicationem

2172 2818 2314 2873 ﬁlios
2339 2832 2529 2887 parere
2559 2828 2662 2870 non
2688 2814 2851 2878 valet,
2882 2806 3245 2867 reminiscitur
3266 2807 3647 2865 fmcunditatis
3670 2821 3769 2861 ene

2176 2910 2334 2981 tique
2363 2910 2549 2965 dicens
2576 2926 2590 2961 :
2645 2908 2795 2962 Sicut
2838 2907 2911 2975 {ui
2932 2905 2988 2960 in
3026 2905 3205 2958 diebus
3233 2904 3593 2957 adolescentia:
3621 2915 3772 2955 metu.

2174 3004 2431 3071 Quamvis
2469 3013 2589 3072 post
2615 3001 2832 3057 eosdem
2863 3000 2981 3055 dies
3029 2998 3222 3068 quibus
3273 2996 3615 3067 deprimitur,
3656 2993 3773 3065 jam

2177 3105 2356 3150 tamen
2402 3098 2549 3150 circa
2581 3094 2757 3163 ipsum
2806 3093 2964 3148 linem
3000 3101 3299 3161 temporum
3329 3089 3519 3159 grandi
3571 3086 3775 3157 praedi-

2177 3184 2404 3239 cationis
2436 3185 2636 3240 virtute
2659 3184 2964 3239 roboretur.
2994 3180 3129 3236 Nam
3159 3179 3424 3249 susceptis
3453 3177 3519 3233 ad
3549 3178 3776 3249 plenum

2179 3278 2446 3347 gentibus,
2481 3290 2695 3332 omnem
2727 3274 3077 3330 lsraeliticum
3104 3272 3380 3342 populum,
3409 3270 3497 3341 qui
3531 3279 3663 3324 tunc
3690 3269 3777 3323 iu-

491 3379 604 3431 bam
632 3375 685 3427 in
706 3367 942 3424 tenebris.
972 3362 1228 3419 Lucerna:
1251 3358 1393 3414 enim
1423 3357 1657 3420 nomine,
1684 3355 1870 3435 lumen
1900 3355 2077 3423 signa-
2103 3350 2149 3414 Γ
2182 3381 2372 3426 vomas
2396 3369 2577 3439 fuerit,
2608 3369 2662 3424 in
2708 3368 2827 3424 ﬁdei
2859 3368 3035 3423 sinum
3060 3365 3240 3421 trahit.
3276 3365 3548 3434 Scriptum
3572 3364 3779 3434 quippe

492 3479 577 3523 tur
618 3478 784 3521 sacra:
832 3458 1142 3527 Scripturaz,
1173 3450 1241 3507 de
1288 3464 1393 3521 qua
1444 3450 1556 3519 ipse
1588 3447 1849 3502 Ecclesiae
1896 3455 2078 3515 pastor

492 3560 619 3617 dicit
644 3575 656 3611 :
691 3532 953 3609 Habemus
972 3547 1251 3620 ﬁrmiorem
1268 3541 1631 3613 propheticum
1662 3556 1964 3606 sermonem,
1997 3540 2081 3593 cui

494 3656 615 3710 bene
662 3649 834 3723 facitis
872 3643 1217 3707 attendentes,
1259 3638 1407 3710 quasi
1446 3636 1666 3690 lucerna:
1696 3635 1884 3689 lucenti
1917 3635 1970 3688 in
1996 3651 2083 3688 ca-

494 3746 711 3816 liginoso
755 3739 886 3803 loco,
917 3736 1075 3789 donec
1119 3731 1227 3785 dies
1255 3729 1538 3795 illucescat,
1583 3739 1630 3781 et
1673 3728 1857 3796 lucifer
1886 3731 2083 3781 oriatur

494 3841 548 3894 in
578 3836 815 3891 cordibus
856 3829 1030 3884 vestris
1061 3822 1151 3899 (ΙΙ
1185 3822 1297 3878 Pet.
1334 3820 1514 3894 1,19).
1550 3821 1618 3875 Ει
1643 3818 1925 3877 Psalmis“,
1963 3825 2077 3877 ait:

495 3930 733 3985 Lucerna
772 3922 983 3994 pedibus
1039 3921 1163 3973 meis
1204 3916 1408 3970 uerbum
1438 3923 1601 3979 tuum,
1651 3911 1868 3967 Domine
1905 3913 2080 3985 (Psal.

496 4035 679 4085 cxvnt,
724 4014 873 4088 105).
899 4012 1035 4080 Quia
1066 4017 1241 4062 autem
1271 4016 1293 4044 °
1324 4004 1618 4075 principale
1661 4014 1899 4058 nostrum
1934 4020 2083 4060 mens

497 4124 602 4180 εει,
653 4107 1011 4178 appellatione
1058 4099 1245 4170 capitis
1293 4115 1444 4153 mens
1492 4107 1732 4151 vocatur.
1789 4098 1941 4154 Unde
1991 4114 2086 4170 per

498 4202 838 4264 Psalmistam
867 4194 1061 4254 dicitur
1089 4214 1099 4247 :
1132 4190 1477 4263 Impinguasti
1509 4192 1563 4246 in
1594 4192 1706 4246 oleo
1738 4202 1890 4260 caput
1917 4210 2086 4247 meum

498 4292 674 4373 (Psal.
729 4290 974 4365 xxn,5).
1018 4293 1095 4345 Ac
1147 4288 1309 4360 613
1362 4288 1403 4342 si
1454 4296 1636 4358 aperte
1684 4287 1825 4342 dicat
1876 4288 2086 4345 :‘Cha-

497 4389 671 4449 ritatis
695 4385 1012 4458 pinguedine
1058 4380 1274 4451 replesti
1317 4388 1549 4435 mentem
1591 4396 1787 4436 meam.
1820 4380 1969 4435 Nunc
1996 4398 2083 4438 er-

498 4499 566 4557 go
595 4484 807 4538 lucerna
840 4493 999 4547 super
1026 4486 1182 4546 caput
1218 4472 1468 4528 Ecclesiae
1497 4475 1759 4543 splendet,
1786 4475 1909 4544 quia
1935 4490 2085 4530 sacra

505 4566 714 4644 eloquia
744 4570 990 4626 tenebras
1021 4577 1217 4624 nostrae
1266 4567 1460 4621 mentis
1490 4565 1763 4632 irradiant,
1790 4577 1845 4621 ut
1890 4569 1942 4621 in
1988 4565 2088 4623 hoc

498 4668 789 4738 caliginoSO
819 4663 942 4716 vitae
985 4658 1263 4731 praesentis
1308 4660 1458 4721 loco,
1503 4656 1627 4713 dum
1678 4658 1958 4715 verborum
1993 4661 2088 4717 Dei

2185 3468 2304 3515 est:
2336 3459 2509 3514 Donec
2554 3457 2822 3529 plenitudo
2863 3457 3089 3530 gentium
3117 3456 3372 3520 introiret,
3416 3462 3464 3509 et
3504 3454 3579 3509 sic
3608 3451 3781 3527 omnis

2187 3553 2351 3609 Israel
2372 3555 2543 3609 salvus
2575 3554 2716 3621 ﬁeret
2746 3551 2927 3624 (Rom.
2960 3568 3038 3618 χι,
3067 3548 3185 3620 25).
3218 3549 3325 3605 Sed
3352 3557 3475 3604 ante
3502 3547 3593 3603 illa
3636 3557 3783 3601 tem—

2187 3662 2317 3717 pora
2341 3654 2502 3701 erunt
2528 3644 2642 3700 dies
2687 3644 2741 3699 in
2786 3644 2980 3715 quibus
3027 3642 3093 3697 ab
3138 3640 3459 3697 adversariis
3499 3639 3784 3710 paululum

2188 3738 2454 3793 videbitur
2504 3751 2787 3807 oppressa,
2819 3751 2936 3790 cum
2968 3742 3022 3789 et
3054 3733 3241 3787 horum
3291 3732 3444 3788 dieru
3470 3749 3497 3783 u
3551 3729 3787 3789 ι’θωὶηἰτ-

2188 3831 2373 3897 scitur,
2408 3830 2594 3884 dicens
2621 3846 2634 3881 :
2665 3829 2814 3884 Sicut
2846 3828 2921 3898 fui
2951 3827 3004 3880 in
3034 3824 3211 3880 diebus
3242 3823 3601 3877 adolescentia
3632 3834 3785 3887 mea,

2187 3922 2391 3992 quando
2418 3928 2605 3975 secreto
2633 3918 2773 3974 Deus
2803 3928 2909 3972 erat
2932 3918 2985 3971 in
3015 3916 3347 3971 tabernaculo
3376 3930 3506 3967 meo.

2258 4034 2346 4089 20.
2368 4032 2510 4105 [νει.
2528 4031 2617 4104 X].
2639 4032 2741 4101 Qui
2754 4032 2995 4086 mandata
3013 4029 3106 4085 Dei
3121 4029 3421 4091 meditatur,
3442 4026 3591 4081 habet
3611 4023 3791 4087 Deum

2188 4126 2573 4181 inltabitantem.
2608 4124 2789 4181 Sancti
2817 4141 2871 4178 se
2914 4123 3042 4194 [oris
3066 4122 3307 4192 intusque
3335 4117 3792 4189 circumspiciunt»

2189 4248 2255 4261 -
2288 4221 2425 4287 Quid
2480 4222 2582 4274 hoc
2619 4219 2739 4273 loco
2777 4216 3203 4283 tabernaculum,
3253 4213 3357 4269 nisi
3390 4211 3792 4268 habitationem

2191 4314 2381 4369 mentis
2426 4311 2763 4382 accipimus?
2792 4310 2925 4378 Quia
2972 4324 3067 4378 per
3116 4322 3275 4363 omne
3304 4307 3445 4377 quod
3491 4306 3797 4375 cogitando

2188 4405 2415 4473 agimus,
2448 4404 2498 4457 in
2545 4401 2773 4457 consilio
2804 4400 2974 4454 nostri
3004 4398 3185 4454 cordis
3236 4397 3565 4452 habitamus.
3622 4395 3799 4462 Quis—

2189 4503 2309 4570 quis
2340 4510 2519 4555 autem
2549 4498 2799 4551 mandata
2827 4498 2923 4552 Dei
2954 4495 3144 4549 tacitus
3179 4496 3409 4563 cogitat,
3444 4500 3666 4546 secreto
3716 4489 3799 4545 illi

2195 4596 2331 4650 Deus
2363 4596 2413 4647 in
2448 4591 2790 4648 tabernaculo
2836 4602 2939 4645 est.
2980 4587 3377 4643 Habitationein
3423 4584 3626 4639 ctenim
3669 4597 3801 4640 cor-

2191 4689 2274 4742 dis
2301 4686 2385 4742 sni
2413 4695 2535 4740 ante
2566 4684 2662 4740 Dei
2707 4699 2828 4740 esse
2876 4683 3059 4737 oculos
3105 4680 3332 4743 viderat,
3382 4679 3475 4749 qui
3504 4676 3735 4731 dicebat
3786 4694 3801 4729 :

500 4762 675 4816 lucem
707 4757 1044 4828 peicipimns,
1078 4770 1191 4823 quae
1222 4761 1345 4807 sunt
1375 4751 1579 4822 agenda
1608 4751 1902 4811 videamus.
1939 4754 2072 4808 Nunt

2198 4780 2264 4834 Et
2314 4780 2576 4834 meditatio
2627 4777 2797 4831 cordis
2860 4778 2957 4829 mei
3009 4776 3065 4828 in
3117 4780 3389 4840 conspectu
3449 4781 3537 4826 tuo
3579 4784 3805 4836 semper

496 4854 566 4911 ad
590 4854 765 4909 lumen
794 4850 813 4889 ί
844 4851 959 4919 ejus
987 4842 1038 4903 in
1074 4846 1307 4903 tenebris
1341 4846 1597 4913 ambulat,
1622 4850 1870 4918 quoniam
1900 4859 2082 4904 sancta

498 4936 814 5004 universalis
846 4942 1104 5005 Ecclesia,
1150 4940 1252 4995 etsi
1293 4939 1479 4995 alienzu
1508 4939 1718 4995 occulta
1746 4942 2084 5011 cogitationis

495 5059 602 5099 non
638 5047 903 5111 penetrat,
931 5047 953 5084 ε
1003 5034 1123 5105 quia
1156 5035 1305 5105 quasi
1352 5034 1541 5089 faciem
1588 5050 1694 5090 non
1725 5037 1999 5103 cognoscit
2030 5037 2079 5091 in

494 5144 672 5204 nocte,
710 5144 888 5189 tamen
936 5130 1085 5201 ponit
1113 5143 1326 5197 gressus
1357 5128 1479 5183 boni
1520 5130 1719 5199 operis,
1752 5122 1952 5185 directa
2005 5134 2082 5186 luo

440 5246 458 5297 λ
498 5229 643 5286 mine
669 5238 916 5297 supernae
948 5221 1255 5279 locutionis.
1283 5220 1575 5291 Sequitur:

434 5313 445 5337 1

574 5480 601 5509 ι
632 5471 849 5526 Plurimi
876 5486 996 5527 cum
1028 5470 1209 5525 Germ.
1241 5480 1287 5525 et
1321 5468 1479 5524 Corb.
1514 5469 1723 5538 Germ.,
1755 5476 2083 5543 prtedieatio.

496 5559 576 5596 ηις
603 5558 727 5597 suae.

490 5660 493 5667 ,
570 5613 597 5653 δ
623 5613 857 5687 Tyrum,
875 5615 927 5667 in
951 5612 1230 5687 tranquilla
1256 5612 1389 5687 ﬁdei
1406 5627 1558 5687 cuna.

573 5695 594 5758 ξ
624 5678 866 5758 Plurimi,
902 5698 1024 5758 cum
1056 5678 1510 5758 lierm.’et_Cor_b.
1545 5679 1755 5758 Germ,
1786 5697 2081 5758 angustata.

567 5752 595 5792 ἀ
630 5755 812 5809 Norm.
843 5753 1092 5825 ,respirit
1124 5762 1272 5805 stare.
1303 5751 1514 5825 _Laud.,
1561 5757 1762 5825 respicit
1807 5751 2081 5815 ειῖειοάίνρ,

497 5825 724 5880 "induc.
752 5868 764 5889 ,
790 5824 908 5897 quia
938 5831 1059 5897 tunc
1086 5839 1137 5897 se
1168 5825 1216 5873 in
1254 5823 1606 5897 illis‘testimat
1643 5823 1843 5891 eadem,
1884 5845 1998 5897 qum
2037 5848 2088 5886 se

496 5911 632 5950 nunc
669 5898 723 5948 in
753 5891 864 5945 istis
886 5892 1169 5943 wstimabat
1201 5891 1487 5956 custodiri;
1512 5894 1737 5949 obscure
1763 5891 1926 5964 sane';
1955 5911 2005 5955 et
2032 5912 2091 5957 ut

2190 4870 2362 4940 (Psal.
2418 4885 2568 4930 svnt.
2624 4869 2737 4939 15).
2771 4867 3049 4922 Exteriore
3098 4879 3333 4935 namque
3380 4879 3544 4933 opera
3596 4871 3807 4933 patent

2190 4963 2358 5017 oculis
2389 4962 2691 5026 hominum,
2717 4962 2874 5030 longe
2898 4974 3027 5016 vero
3047 4959 3539 5029 incomparabiliter
3557 4957 3807 5014 interio—

2190 5069 2277 5109 res
2318 5066 2380 5107 ac
2414 5053 2792 5107 subtilissima:
2824 5051 3177 5121 cogitationes
3205 5062 3409 5106 nostra
3447 5058 3641 5119 patent
3666 5064 3811 5105 ocu-

2188 5147 2255 5200 lis
2305 5145 2419 5200 Dei.
2464 5146 2653 5198 Omnia
2699 5147 2857 5210 enim,
2910 5145 3048 5198 sicut
3093 5145 3354 5213 scriptum
3399 5154 3505 5209 est,
3553 5144 3714 5197 nuda
3758 5152 3811 5200 et

2192 5245 2365 5307 aperta
2392 5247 2508 5290 sunt
2534 5235 2695 5290 oculis
2718 5238 2827 5307 ejus
2854 5234 3040 5307 (Hebr.
3071 5251 3144 5302 Iv,
3176 5234 3290 5307 l3).
3321 5236 3388 5291 Et
3414 5249 3558 5305 stupe
3599 5235 3663 5290 in
3697 5252 3813 5293 ex-

2197 5323 2377 5383 teridri
2398 5342 2570 5397 opere
2599 5337 2726 5382 ante
2767 5327 2954 5383 oculos
2986 5328 3263 5383 hominum
3294 5327 3589 5384 inordinati
3620 5344 3814 5400 appa-

2193 5497 2495 5547 censemus.
2535 5484 2809 5539 mendose.

2268 5564 2291 5637 f
2315 5554 2396 5637 ita
2430 5552 2965 5637 quoqueappxellatur
2989 5569 3169 5637 supra,
3196 5557 3373 5637 ἰλιιιι,
3399 5572 3545 5613 num.
3571 5557 3635 5637 β.

2194 5624 2475 5749 alii‘sDeest
2505 5622 2616 5695 ejus
2646 5622 2713 5679 in'
2740 5622 2950 5693 Germ.,
3002 5622 3165 5683 Corb.
3206 5622 3391 5685 Germ.
3436 5637 3490 5685 et
3534 5628 3820 5696 plurimis

2271 5774 2298 5813 ε
2321 5764 2596 5819 Omittitur
2618 5767 2737 5834 quia
2769 5766 2822 5822 in
2845 5767 3011 5823 duob.
3038 5768 3204 5823 Laud.

2270 5834 2393 5889 hlta
2435 5836 2641 5903 Germ.,
2689 5836 2852 5893 Corb.
2903 5838 3111 5901 Germ.,
3170 5839 3361 5904 Laud.,
3406 5840 3615 5908 Norm.,
3680 5844 3820 5901 Bel-

2202 5908 2332 5971 lov.,
2369 5920 2497 5971 ριν..
2540 5909 2626 5963 ubi
2662 5910 2798 5961 Editi
2832 5911 3025 5965 habent
3054 5911 3384 5977 fecundatur.
