4104 6350
298 420 434 503 τωο

1155 414 1516 537 atomum
1556 448 1682 505 LIB.
1730 446 1869 503 XIX.
1909 474 1981 486 -
2018 441 2244 500 CAPUT
2287 439 2499 498 xxvm
2543 438 2603 495 Β.
2646 436 2784 494 tua.

3510 428 3610 486 1ῐύ

334 576 455 621 rere
483 562 793 629 metuimus,
823 570 878 619 et
914 560 966 617 in
994 560 1239 620 interiori
1277 565 1602 637 cegitatione
1648 563 1789 621 illius
1833 578 1921 619 re-
1947 567 1998 627 Α
2030 574 2158 615 vero
2210 556 2531 614 invisibilem
2563 564 2812 625 tanquam
2846 550 3034 607 videns
3063 549 3334 637 sustinuit,
3369 546 3495 637 quia
3539 545 3608 637 ab
3684 578 3695 617 1.

334 664 576 722 spectum
640 669 746 710 non
801 654 1132 726 metuimus,
1197 672 1355 723 quem
1408 659 1682 715 videntem
1743 656 1921 714 omnia

334 767 442 809 non
492 751 755 807 videmus.
811 748 974 807 Multo
1028 752 1170 807 enim
1223 755 1393 825 magis
1442 755 1763 810 intrinsecus
1811 753 1922 809 Deo

333 858 494 914 quam
545 842 885 898 extrinsecus
916 841 1220 898 [nominibus
1266 844 1655 915 conspicabiles
1712 860 1919 901 sumus.

336 935 486 992 Unde
532 944 587 991 et
635 934 807 990 sancti
855 948 1043 991 omnes
1073 935 1205 993 l‘oris
1246 935 1409 1010 614
1438 951 1495 993 se
1524 937 1777 1009 intusque
1814 938 1919 993 cir-

332 1027 709 1098 cumspiciunt,
743 1036 798 1083 et
830 1026 914 1082 vel
946 1026 1393 1097 reprehendendo
1426 1045 1482 1085 se
1534 1030 1796 1096 exterius,
1835 1028 1921 1086 vel

334 1121 549 1193 iniquos
579 1135 640 1177 se
669 1121 895 1177 interius
923 1121 1090 1177 videri
1145 1121 1487 1179 invisibiliter
1516 1124 1727 1181 timent.
1785 1123 1922 1181 Hinc

332 1224 414 1270 est
439 1213 583 1285 quod
611 1213 862 1269 animalia
894 1228 1014 1284 quae
1046 1229 1140 1285 per
1194 1217 1509 1286 pr0phetam
1541 1217 1819 1282 videntur,
1868 1216 1919 1271 in

332 1307 559 1362 circuitu
615 1316 668 1362 et
722 1308 865 1362 intus
924 1308 1077 1376 plena
1136 1308 1309 1364 oculis
1376 1324 1496 1366 esse
1552 1323 1919 1365 memorantur

331 1398 546 1471 (Eucti.
575 1416 613 1466 ι,
647 1400 748 1467 18;
780 1418 840 1470 x,
899 1401 1004 1471 1'2).
1034 1401 1287 1473 Quisquis
1331 1405 1472 1460 enim
1505 1403 1772 1460 exteriora
1824 1420 1919 1460 sua

333 1494 558 1549 honeste
585 1492 843 1564 disponit,
878 1494 972 1549 sed
1006 1496 1265 1552 interiora
1311 1498 1556 1569 negligit,
1610 1501 1663 1552 in
1693 1498 1920 1553 circuitu

331 1590 513 1643 oculos
539 1588 721 1655 habet,
751 1588 846 1645 sed
879 1588 1025 1645 intus
1054 1605 1159 1646 non
1192 1592 1374 1647 habet.
1429 1592 1609 1647 Sancti
1638 1608 1767 1647 vero
1807 1608 1922 1647 om-

302 1678 446 1744 nes,
478 1680 604 1749 quia
633 1688 687 1735 et
714 1682 981 1736 exteriora
1022 1697 1117 1737 sua
1168 1683 1631 1753 circumSpiciunt,
1687 1694 1742 1738 ut
1780 1685 1921 1739 bona

328 1772 397 1828 tle
423 1787 483 1827 se
508 1772 757 1842 exempla
807 1772 1063 1830 fratribus
1109 1774 1403 1846 praebcant,
1434 1784 1489 1831 et
1536 1776 1787 1831 interiora
1824 1792 1921 1832 sua

329 1864 615 1935 vigilanter
643 1866 951 1931 attendunt,
984 1868 1105 1937 quia
1132 1882 1253 1923 sese
1275 1868 1691 1936 irreprobabiles
1723 1868 1921 1924 interni

2027 645 2422 720 ejusdtimoris
2472 643 2668 700 intuitu
2716 642 2910 698 mentis
2960 636 3170 695 oculum
3216 651 3323 693 non
3366 633 3610 690 deﬂexit.
3688 678 3693 693 τ

2025 742 2219 801 Sancta
2252 745 2430 815 itaque
2460 741 2699 798 Ecclesia
2754 739 2811 795 in
2851 736 3059 809 magnis
3094 745 3223 791 tunc
3251 730 3616 789 tribulationi-
3692 736 3698 763 τ

2024 834 2123 892 bus
2152 835 2509 906 deprehensa,
2559 848 2682 890 cum
2714 830 2911 887 multos
2940 843 2971 885 ι
3013 822 3123 884 Deo
3154 832 3420 895 conspicit
3448 838 3616 892 prava

2024 926 2346 999 cogitatione
2375 925 2686 992 discedere,
2734 921 2884 978 videt
2928 917 3170 993 profecto
3198 916 3394 974 mentis
3423 928 3615 971 eorum

2026 1018 2392 1075 habitaculum
2424 1014 2736 1074 discedente
2784 1014 2893 1069 Deo
2924 1026 3152 1068 vacuum
3192 1023 3507 1073 remanere,
3559 1013 3614 1060 ct

2018 1112 2140 1183 jure
2166 1110 2451 1182 deplorans
2481 1110 2611 1167 dicit
2636 1127 2648 1163 ε
2686 1106 2906 1177 Quando
2936 1116 3125 1161 secreto
3155 1104 3293 1159 Deus
3324 1101 3509 1159 eratin
3533 1109 3617 1167 ta:

2026 1226 2298 1281 bernaculo
2328 1242 2459 1303 meo.
2491 1214 2639 1298 [νει.
2667 1220 2801 1293 XL]
2827 1220 3029 1290 Quibus
3074 1220 3251 1275 verbis
3275 1233 3378 1274 non
3426 1217 3618 1270 imme-

2027 1321 2130 1373 ritu
2159 1320 2320 1373 etiam
2373 1319 2650 1374 simulatio
2685 1315 2959 1385 religionis
3002 1311 3291 1384 plangitur,
3320 1308 3445 1380 quia
3478 1322 3618 1363 non-

2025 1409 2154 1465 nulli
2202 1413 2363 1466 etiam
2395 1423 2536 1463 nunc
2564 1407 2854 1463 Christiani
2886 1420 3007 1461 esse
3050 1419 3155 1459 non
3184 1408 3476 1473 appetunt,
3519 1398 3619 1455 sed

2027 1500 2221 1557 videri.
2268 1501 2362 1555 His
2393 1500 2640 1556 videlicet
2669 1498 2808 1553 Deus
2837 1496 2890 1553 in
2924 1496 3138 1566 publico
3166 1504 3271 1560 est,
3303 1509 3409 1548 non
3452 1490 3508 1546 in
3534 1505 3622 1546 se-

2027 1607 2199 1650 creto.
2236 1594 2341 1651 Sed
2385 1602 2567 1649 sancta
2614 1593 2851 1649 Ecclesia
2886 1590 3050 1647 Deum
3072 1590 3135 1657 in
3166 1597 3376 1643 secreto
3416 1580 3622 1642 habere

2027 1685 2321 1755 desiderat,
2354 1686 2478 1757 quia
2526 1685 2647 1741 illos
2682 1700 2807 1740 vere
2857 1683 3044 1737 ﬁdeles
3093 1680 3337 1750 respicit,
3374 1693 3509 1747 quos
3553 1675 3626 1733 ad

2029 1780 2152 1834 lidei
2187 1780 2353 1834 vitam
2399 1776 2564 1833 corde
2607 1778 2769 1847 pleno
2796 1790 3117 1846 permanere
3146 1770 3439 1843 cognoscit.
3490 1770 3624 1837 Quae

2025 1878 2174 1943 juxta
2230 1876 2556 1929 exteriorem
2610 1885 2822 1941 quoque
2869 1869 3066 1939 vigoris
3099 1868 3184 1923 sui
3239 1865 3625 1921 rectitudinem

330 1956 518 2028 iudicis
547 1957 822 2013 obtutibus
856 1968 1067 2029 parant,
1114 1969 1166 2014 et
1196 1962 1383 2015 oculos
1415 1960 1465 2014 in
1498 1964 1723 2016 circuitu
1756 1972 1808 2017 et
1843 1963 1922 2016 iu-
1949 1949 1999 2010 Β
2028 1968 2155 2023 dicit
2190 1985 2202 2021 :
2240 1967 2461 2035 Quando
2491 1977 2600 2020 erat
2627 1963 2960 2035 Omnipotens
2989 1975 3207 2027 mecum,
3240 1969 3288 2013 et
3319 1961 3372 2013 in
3403 1962 3624 2012 circuitu

332 2059 415 2106 tus
443 2050 640 2115 habere
669 2051 1047 2121 perhibentur;
1081 2052 1357 2122 magisque
1389 2067 1465 2115 se,
1502 2070 1609 2122 quo
1642 2053 1752 2108 Deo
1797 2055 1913 2123 pla-

331 2155 509 2213 ceant,
545 2144 595 2200 in
628 2159 716 2200 sua
754 2147 965 2201 interna
999 2156 1347 2216 comprinuut,
1383 2147 1523 2203 sicut
1555 2163 1646 2215 per
1687 2145 1915 2200 Psalmi-

329 2243 468 2291 stam
522 2253 738 2307 quoque
785 2237 854 2293 de
903 2245 1087 2293 sancta
1147 2238 1387 2293 Ecclesia
1445 2238 1690 2293 dicitur:
1745 2236 1923 2291 Omnis

328 2328 498 2401 gloria
528 2331 638 2401 ejus
660 2336 685 2367 λ
714 2330 840 2399 ﬁlice
879 2332 1011 2403 regis
1033 2332 1096 2385 ab
1117 2331 1254 2386 intus
1285 2328 1457 2401 (Psal.
1500 2346 1643 2393 xLiv,
1677 2328 1788 2400 14).
1818 2328 1923 2385 Sed

331 2434 435 2490 qua
468 2422 736 2476 exteriora
774 2434 869 2476 sua
899 2420 1058 2476 etiam
1109 2420 1604 2492 irreprehensibilla
1656 2419 1918 2485 custodit,

331 2510 450 2583 iure
479 2512 546 2567 de
585 2526 649 2567 ea
681 2512 915 2573 subdidit
947 2530 960 2567 :
997 2510 1064 2567 In
1096 2514 1309 2582 ﬁmbriis
1337 2497 1513 2568 aureis
1544 2513 1925 2567 circumamicta

331 2601 362 2643 δ
388 2605 652 2673 varietate,
685 2614 739 2658 ut
771 2615 824 2661 et
847 2606 1068 2675 pulchra
1099 2606 1199 2660 sibi
1231 2604 1373 2662 intus
1396 2605 1486 2673 sit,
1511 2613 1566 2661 et
1594 2605 1714 2660 aliis
1745 2602 1923 2671 foras;

333 2704 388 2751 et
415 2711 475 2753 se
502 2698 803 2767 provehens
845 2712 938 2767 per
971 2699 1237 2753 internam
1266 2698 1519 2769 gloriam,
1560 2706 1613 2753 et
1639 2697 1775 2752 alios
1801 2715 1923 2752 eru-

334 2789 488 2846 diens
516 2802 611 2861 per
644 2792 914 2846 exteriora
945 2808 1167 2863 operum
1215 2793 1485 2864 exempla.
1520 2792 1714 2848 Beatus
1764 2794 1925 2863 igitur

335 2879 436 2937 Job
467 2882 607 2936 dicat
637 2898 699 2937 ex
730 2897 809 2949 se,
841 2883 983 2939 dicat
1013 2898 1079 2940 ex
1107 2898 1335 2954 persona
1369 2885 1693 2941 universalis
1734 2884 1922 2939 Eccle-

335 2976 467 3030 siae:
511 2974 732 3043 Quando
780 2985 968 3031 secreto
1002 2975 1140 3031 Deus
1172 2986 1281 3031 erat
1328 2979 1385 3031 in
1418 2976 1744 3032 tabernaculo
1790 2993 1919 3031 meo.

333 3060 405 3122 Ut
434 3065 575 3122 enim
611 3066 944 3124 demonstret
989 3076 1247 3140 quintum
1289 3068 1435 3124 intus
1466 3068 1755 3139 profecerit
1781 3112 1795 3138 ,
1843 3083 1926 3125 se-

337 3165 483 3211 creto
514 3158 678 3213 Deum
727 3154 892 3215 fuisse
921 3160 976 3215 iu
1029 3177 1128 3216 suo
1160 3161 1509 3217 tabernaculo
1556 3162 1822 3231 perhibet.
1858 3160 1926 3219 Ut

336 3248 495 3302 etiam
526 3249 772 3303 ostendat
803 3250 1143 3307 rectitudinis
1174 3266 1336 3319 opera
1364 3261 1627 3322 quantum
1657 3252 1924 3309 extrinse-

340 3358 430 3400 cus
451 3344 762 3411 custodivit,
795 3346 1061 3416 adjuugit.

912 3435 1152 3495 CAPUT
1188 3434 1326 3492 XIII.

411 3529 575 3585 Vsus.
608 3529 658 3584 5.
691 3532 760 3577 ~4-
789 3530 1013 3597 Qntsndo
1039 3541 1147 3587 erat
1180 3532 1519 3603 Omnipotens
1549 3546 1767 3598 mscunt,
1793 3524 1841 3587 et
1872 3534 1924 3587 in

312 3626 315 3629 ’
336 3624 551 3677 circuitu
581 3638 690 3678 meo
712 3626 857 3695 pueri
878 3626 996 3679 inci.

405 3717 496 3773 21.
532 3719 740 3774 Sanctis
788 3721 926 3773 intus
956 3718 1066 3774 Deo
1119 3719 1439 3784 vacantibus,
1472 3717 1596 3771 mali
1627 3717 1739 3771 sola
1785 3727 1925 3772 exte-

341 3811 477 3865 riora
526 3821 782 3880 quarunt.
838 3811 1157 3883 Religionem
1212 3826 1310 3865 non
1363 3810 1573 3875 habent,
1624 3810 1714 3864 sed
1766 3810 1927 3864 simu-

340 3902 469 3956 lent.
527 3930 598 3944 --
646 3903 847 3959 Omnes
885 3913 1064 3957 autem
1113 3905 1201 3973 qui
1248 3902 1429 3958 divina
1492 3911 1757 3973 praceptn
1816 3918 1929 3958 me-

318 4002 516 4064 tuunt,
552 3995 648 4050 Dei
679 3996 1081 4051 tabernaculum
1116 3997 1271 4052 ﬁunt.
1317 3996 1489 4063 Unde,
1545 4006 1602 4051 ut
1632 4012 1788 4066 supra
1817 3996 1923 4065 jam

336 4087 576 4142 diximus
607 4086 795 4157 (Nam.
829 4088 884 4159 6)
904 4128 917 4154 ,
949 4104 1041 4158 per
1071 4090 1419 4158 semetipsam
1458 4088 1663 4143 Veritas
1694 4088 1823 4143 dicit
1861 4085 1929 4141 de

324 4195 405 4237 σεο
431 4182 524 4253 qui
550 4181 691 4237 illius
718 4183 966 4237 mandata
994 4183 1235 4237 custodit
1262 4198 1276 4235 :
1307 4181 1420 4253 Ego
1442 4190 1488 4236 et
1528 4181 1682 4236 Pater
1707 4190 1733 4220 ο
1764 4181 1929 4235 venie-

342 4288 472 4341 mus,
490 4284 538 4327 et
566 4275 884 4330 mansionem
906 4276 1048 4347 apud
1072 4291 1184 4329 eum
1210 4275 1459 4346 faciemus
1479 4272 1658 4346 (Joan.
1689 4288 1795 4341 xiv,
1814 4272 1929 4343 25).

342 4367 493 4433 Quod
522 4374 707 4422 contra
740 4368 980 4438 perversi
1008 4370 1205 4440 quique
1235 4370 1361 4424 dum
1391 4370 1602 4423 lnterna
1631 4382 1736 4423 non
1767 4380 1929 4437 appe-

346 4467 483 4524 tunt,
519 4462 570 4514 in
616 4462 726 4515 suis
754 4475 815 4515 se
853 4462 1265 4531 cogitationibus
1296 4461 1442 4518 foras
1490 4462 1740 4518 fundunt.
1780 4462 1933 4519 Unde

344 4552 421 4607 eis
447 4569 542 4623 per
572 4555 885 4624 prophetam
914 4546 1112 4611 dicitur
1142 4574 1157 4611 :
1196 4558 1378 4611 Redite
1408 4561 1832 4629 prmoaricatores
1865 4558 1933 4610 ad

346 4661 431 4699 cor
475 4645 626 4718 (lsai.
676 4662 818 4715 xui,
875 4651 953 4721 8).
1010 4651 1075 4704 Et
1101 4666 1311 4704 rursum
1365 4668 1379 4706 :

1440 4650 1531 4704 Vm
1562 4652 1648 4720 qui
1700 4650 1934 4721 cogitatis
1972 4696 1975 4697 ν

2024 2076 2135 2115 meo
2166 2062 2307 2128 pueri
2340 2059 2463 2112 mei.
2510 2056 2666 2113 Pueri
2693 2055 2901 2112 scilicet
2926 2063 3206 2118 vocantur,
3248 2053 3335 2122 qui
3382 2050 3620 2106 caelesti-

2025 2153 2127 2210 bus
2142 2151 2406 2207 mandatis
2437 2151 2753 2206 inserviunt.
2785 2146 2936 2204 Unde
2964 2161 3058 2216 per
3087 2144 3400 2215 prOphetam
3430 2141 3621 2197 Domi-

2028 2260 2128 2298 nus
2174 2245 2303 2298 dicit
2355 2261 2367 2297 :
2420 2241 2555 2296 Ecce
2585 2257 2676 2311 ego
2729 2247 2777 2293 et
2807 2240 2952 2309 pueri
2994 2238 3093 2291 mei
3139 2252 3264 2304 quos
3308 2234 3435 2288 mihi
3480 2233 3621 2288 dedit

2025 2336 2190 2409 6-15
2232 2345 2255 2374 °
2288 2336 2423 2389 Deus
2476 2331 2611 2406 (Isa.
2642 2347 2759 2398 vttt,
2798 2329 2906 2400 18).
2948 2329 3016 2385 Et
3044 2344 3231 2385 rursus
3276 2328 3330 2382 in
3366 2327 3623 2413 Evange-

2030 2427 2101 2481 liu
2137 2447 2148 2480 :
2184 2425 2361 2491 Pueri,
2397 2425 2627 2496 nunquid
2679 2421 2699 2463 ί
2748 2423 3157 2496 pulmentarium
3196 2418 3388 2474 habetis
3436 2416 3621 2487 (Joan.

2029 2534 2140 2584 xxi,
2168 2518 2267 2588 5)?
2300 2517 2449 2572 Nunc
2478 2532 2608 2587 ergo
2641 2516 2693 2570 in
2724 2515 2956 2570 circuitu
2987 2512 3105 2584 ejus
3134 2522 3258 2566 sunt
3292 2509 3461 2580 pueri,
3490 2509 3613 2578 quia

2030 2612 2082 2668 in
2128 2614 2335 2668 cunctis
2387 2610 2501 2666 fere
2546 2610 2793 2683 gentibus
2843 2607 3185 2680 reperiuntur
3234 2605 3327 2676 qui
3381 2602 3623 2660 caelestia

2030 2705 2281 2761 mandata
2326 2704 2658 2769 custodiunt,
2714 2712 2770 2759 et
2790 2702 3046 2773 Spiritalis
3078 2700 3377 2770 disciplinae
3421 2696 3623 2768 regulis

2028 2799 2416 2869 obsequuntur.
2449 2797 2549 2865 Qui
2583 2794 2822 2865 profecto
2852 2804 2975 2849 tunc
3004 2793 3072 2849 ad
3108 2788 3426 2865 obsequium
3466 2790 3621 2861 pueri

2029 2890 2275 2955 deerunt,
2308 2888 2527 2959 quando
2552 2887 2705 2958 pravi
2735 2886 2827 2958 qui
2884 2886 3077 2956 reperti
3110 2882 3308 2941 fuerint
3358 2880 3622 2952 spiritalia

2030 2987 2148 3053 ejus
2179 2983 2430 3037 mandata
2454 2989 2827 3037 contemnunt.
2863 2977 3117 3048 Sequitur
3146 2997 3158 3029 :

2475 3070 2704 3128 cxpur
2741 3069 2860 3127 xw
2903 3067 3052 3141 (Rea.
3093 3063 3191 3138 x1.

2104 3168 2267 3225 Vsus.
2302 3166 2355 3222 6.
2385 3198 2455 3209 —
2490 3166 2711 3234 Quando
2736 3164 2973 3219 lavabam
2995 3162 3145 3235 pedes
3172 3177 3309 3216 meos
3337 3162 3537 3231 butyro.

2103 3262 2192 3318 22.
2236 3260 2402 3316 Pedes
2432 3258 2641 3315 Domini
2673 3258 3058 3330 praedicatores,
3090 3272 3219 3327 quos
3247 3256 3391 3328 ungit
3418 3263 3465 3308 et
3484 3268 3624 3308 mun-

1952 3336 1998 3406 C
2030 3354 2377 3423 dtu.—Quia
2415 3353 2685 3409 Christum
2733 3361 2788 3407 et
2830 3351 3119 3407 Ecclesiam
3152 3364 3310 3404 unam
3352 3362 3471 3404 esse
3503 3360 3625 3418 per-

2010 3444 2216 3506 sonam
2266 3449 2457 3503 crehro
2509 3446 2621 3517 jam
2668 3446 2940 3509 diximus,
2973 3443 3122 3499 illum
3181 3442 3426 3497 videlicet
3469 3438 3626 3510 hujus

2029 3544 2273 3610 corporis
2320 3549 2512 3609 caput,
2553 3539 2689 3593 hanc
2745 3546 2923 3592 autem
2971 3534 3113 3591 illius
3163 3534 3355 3603 capitis
3407 3546 3624 3601 corpus,

2030 3633 2185 3689 aliter
2238 3637 2352 3687 haec
2404 3631 2567 3686 verba
2612 3631 2759 3700 juxta
2794 3642 2979 3683 vocem
3018 3626 3210 3694 capitis
3250 3625 3437 3693 accipi,
3469 3632 3627 3693 atque

2030 3725 2182 3781 aliter
2220 3725 2367 3792 juxta
2414 3737 2599 3778 vocem
2657 3721 2895 3789 corporis
2937 3719 3155 3775 debent.
3198 3717 3341 3784 Quos
3372 3730 3500 3784 ergo
3537 3729 3628 3797 pe-

2031 3808 2128 3872 des
2176 3816 2420 3882 Domini,
2452 3815 2552 3870 nisi
2617 3824 2831 3869 sauctns
2879 3811 3256 3883 praedicatores
3300 3807 3626 3879 accipimus!

2036 3909 2111 3965 De
2141 3909 2332 3980 quibus
2360 3909 2527 3964 dicit:
2560 3916 2585 3956 ι
2623 3906 2685 3963 Et
2710 3905 3040 3961 inambulabo
3064 3904 3119 3957 in
3150 3904 3220 3957 eis
3252 3902 3441 3972 (Levii.
3478 3916 3626 3968 xxvr,

2036 4004 2151 4073 12).
2187 4001 2384 4073 Butyro
2412 4015 2542 4073 ergo
2574 3999 2734 4071 pedes
2762 4000 3009 4055 lavantur
3030 4044 3044 4067 ,
3079 3998 3199 4067 quia
3238 3995 3619 4066 praedicatores

2032 4094 2202 4150 sancti
2220 4093 2481 4149 bonorum
2502 4108 2723 4163 operum
2743 4091 3063 4161 pinguedine
3077 4090 3373 4159 replentur.
3390 4086 3623 4154 Etenim,

2033 4198 2092 4243 ut
2118 4203 2276 4257 supra
2306 4188 2414 4257 jam
2449 4185 2685 4243 diximus
2725 4185 2867 4258 (Lib.
2908 4202 2947 4252 ι,
2993 4201 3045 4239 n.
3081 4183 3196 4255 30),
3226 4183 3310 4237 vix
3345 4183 3458 4251 ipsa
3488 4196 3626 4251 pra:-

2035 4280 2233 4336 dicatio
2263 4280 2378 4336 sine
2418 4284 2595 4351 aliquo
2630 4280 2888 4334 transitur
2936 4276 3194 4333 admisso.
3229 4274 3361 4331 Nam
3404 4275 3628 4344 quilibet

2038 4377 2354 4447 praedicans,
2403 4384 2493 4429 aut
2541 4375 2609 4429 ad
2639 4375 3165 4445 quantulamcunque
3209 4368 3624 4439 indignationem

2040 4468 2287 4535 trahitur,
2312 4468 2356 4523 si
2386 4469 2786 4533 contemnitur;
2819 4476 2910 4520 aut
2932 4466 2998 4519 ad
3028 4448 3628 4543 aliquantulamcunque

2038 4560 2281 4630 gloriam,
2310 4561 2351 4614 si
2389 4561 2457 4613 ah
2497 4560 2837 4615 audientibus
2867 4567 3171 4612 veneratur.
3223 4553 3374 4611 Unde
3417 4562 3471 4609 et
3501 4567 3629 4619 apo-

2042 4653 2191 4707 stolis
2221 4652 2379 4721 pedes
2412 4650 2503 4707 loti
2534 4662 2678 4717 sunt,
2709 4658 2818 4705 uta
2847 4647 3141 4719 quamlibet
3182 4661 3345 4715 parvo
3381 4644 3628 4713 contagio

346 4738 528 4793 inutile
553 4736 785 4807 (uicum.
814 4756 873 4808 Il,
908 4741 985 4812 1).
1020 4743 1077 4797 ln
1106 4743 1409 4798 actionibus
1454 4744 1651 4812 quippe
1680 4743 1792 4796 suis
1841 4756 1933 4796 ve-
1969 4726 2019 4787 Ῑ)
2046 4744 2098 4799 in
2142 4743 2254 4813 ipsa
2298 4743 2678 4811 praedicatione
2703 4748 3000 4806 contracto,
3032 4738 3186 4811 quasi
3218 4752 3246 4791 a
3279 4736 3507 4807 quodam
3538 4736 3625 4790 iti-

347 4843 534 4888 rentur
563 4835 829 4903 homines,
875 4852 1011 4907 quos
1050 4835 1406 4906 corporaliter
1436 4834 1640 4901 vident,
1686 4844 1739 4889 et
1771 4835 1935 4889 Deum

347 4926 448 4980 sibi
482 4938 802 4996 prasentem
851 4944 959 4984 non
1008 4933 1279 4985 mstimant
1325 4943 1469 4997 esse,
1501 4942 1661 4999 quem
1706 4941 1811 4982 non
1863 4928 1938 4980 vi-

338 5018 497 5074 dent.
528 5014 681 5088 Quod
707 5030 894 5077 contra
924 5024 976 5076 in
1010 5022 1165 5077 laude
1190 5021 1321 5093 justi
1353 5021 1569 5086 dicitur,
1600 5022 1725 5075 dum
1768 5019 1937 5090 JEgy-

352 5110 427 5179 pti
470 5127 645 5181 regem
696 5123 1089 5183 contemneret,
1125 5125 1179 5169 et
1230 5115 1321 5169 Dei
1355 5115 1619 5167 mandatis
1650 5114 1894 5168 obediret
1925 5130 1937 5165 :

356 5205 491 5269 Quia
524 5208 830 5267 inuisibilem
859 5210 1101 5278 tanquam
1158 5208 1331 5263 videns
1361 5208 1600 5261 sustinuit
1630 5205 1815 5277 (Hebr.
1849 5222 1901 5261 χι
1921 5245 1935 5271 ,

342 5296 469 5367 ‘27).
502 5296 817 5356 Perversum
864 5300 1059 5371 quippe
1090 5304 1247 5356 terra»
1301 5302 1596 5371 principem
1629 5301 1778 5372 quasi
1832 5316 1938 5354 non

346 5382 508 5455 vidit,
556 5406 714 5461 quem
765 5394 833 5448 ab
874 5393 1046 5448 oculis
1097 5395 1178 5447 sui
1227 5394 1406 5449 cordis
1457 5391 1671 5462 abiecit.
1737 5393 1936 5461 Regem

433 5560 455 5584 η
482 5548 644 5604 Corb.
663 5550 869 5615 Germ..
892 5552 999 5607 duo
1022 5551 1217 5619 Laud.,
1240 5548 1721 5615 Germ.,Norman.
1737 5563 1943 5613 omnes,

346 5622 639 5693 ueni/ilia:
662 5637 857 5693 regum.
906 5624 958 5679 ln
993 5622 1215 5693 Vulgata
1240 5628 1294 5676 et
1321 5628 1466 5693 {textu
1501 5620 1869 5693 llebr.,1egis.
1896 5656 1931 5693 4-

430 5690 456 5728 b
492 5692 561 5746 lta
596 5688 736 5746 cum'
766 5692 967 5746 Bellov.
1001 5703 1053 5747 et
1094 5688 1281 5747 laudat
1320 5690 1490 5746 Codd.
1526 5698 1631 5745 vet.
1691 5688 1816 5759 Ed.,
1856 5690 1943 5745 ubi

358 5771 566 5818 ret-ent.
596 5763 790 5817 habent
821 5765 1164 5819 varietatibus.

438 5842 462 5871 ε
500 5833 639 5888 Editi
665 5834 1047 5889 addunt‘mens.
1082 5834 1136 5888 In
1163 5834 1409 5888 omnibus
1436 5831 1560 5888 Mss.
1603 5834 1821 5900 nostris,
1844 5833 1941 5887 nisi

364 5908 417 5963 in
443 5903 626 5959 Germ.
661 5915 713 5959 et
735 5905 895 5961 Corb.
920 5907 1127 5974 Germ.,
1162 5904 1380 5961 minime
1408 5906 1618 5974 legitur.

2034 4828 2170 4891 nere
2196 4835 2423 4890 collecto
2454 4834 2671 4903 pulvere
2721 4837 3127 4888 mundarentur.
3158 4830 3224 4885 Et
3253 4831 3441 4885 beatus
3471 4827 3628 4883 Jaco-

2041 4928 2142 4982 bus
2172 4926 2303 4980 dicit
2353 4945 2367 4982 :

2040 5018 2185 5091 (Jac.
2234 5035 2315 5085 ιιι,
2351 5020 2428 5091 1).
2462 5019 2527 5074 Ει
2556 5018 2709 5085 paulo
2740 5026 2859 5089 post
2890 5035 2901 5071 :
2938 5014 3006 5071 In
3036 5016 3212 5070 multis
3253 5017 3385 5069 enim
3414 5013 3630 5080 offendi-

2038 5132 2158 5175 mus
2185 5131 2357 5168 omnes
2387 5112 2576 5185 (Ibid.,
2617 5112 2697 5183 2).
2734 5111 2900 5168 Pedes
2937 5127 3066 5180 ergo
3113 5111 3357 5165 lavantur
3405 5108 3629 5175 butyro.

2049 5198 2172 5279 quia
2222 5207 2546 5277 pinguedine
2574 5207 2701 5262 boni
2728 5208 2909 5277 operis
2939 5204 3236 5261 infunditur
3270 5214 3432 5272 atque
3464 5217 3631 5255 mun-

2045 5298 2202 5352 datur
2246 5300 2500 5355 collectus
2543 5298 2718 5369 pulvis
2748 5298 2818 5353 de
2863 5298 3034 5368 gloria
3076 5294 3490 5367 praedicationis.
3535 5291 3627 5347 Vel

2047 5402 2192 5448 certe
2216 5393 2410 5465 butyro
2438 5392 2602 5463 pedes
2634 5393 2899 5459 lavantur,
2927 5392 3053 5447 dum
3084 5389 3285 5444 sanctis
3312 5386 3630 5458 pradicato-

2422 4924 2600 4981 Nolite
2655 4926 2823 4994 plures
2858 4922 3087 4995 magistri
3116 4924 3249 4992 fieri,
3296 4922 3481 4993 fratres
3529 4919 3629 4974 mei

2052 5616 2055 5619 λ
2129 5548 2151 5583 ·¹
2186 5547 2437 5619 Vindoc.,
2466 5552 2653 5605 amoris
2680 5550 2898 5605 intuitu.

2129 5628 2152 5657 ο
2182 5617 2395 5687 Norm.,
2438 5619 2709 5676 Dominus.

2131 5690 2147 5727 τ
2176 5689 2403 5757 Turon.,
2436 5690 2773 5761 pulmentum.

2127 5770 2150 5803 α
2197 5761 2269 5815 lta
2321 5757 2510 5829 Laud.,
2542 5764 2744 5825 Germ.,
2782 5758 2944 5815 Corb.
2979 5757 3192 5828 Germ.,
3227 5758 3411 5814 Nortu.
3439 5767 3490 5814 et
3526 5759 3613 5816 :ziéi

2057 5832 2196 5887 Edit.
2232 5841 2457 5902 poster.,
2480 5845 2526 5888 et
2550 5831 2835 5887 ambulabo.

2486 6023 2571 6045 κεν,
