4044 6346
534 368 622 422 Ill

1754 368 1995 427 SANCTI
2035 368 2359 427 GBEGORII
2401 368 2610 428 MAGM

3707 370 3813 431 “2

525 482 666 537 sibus
696 481 871 539 debita
901 482 968 537 ab
995 482 1335 540 audientibus
1357 482 1622 554 stipendia
1648 484 2017 551 conferuntur,
2047 496 2100 541 et
2127 485 2179 548 Α
2205 492 2353 551 cant,
2385 485 2578 556 butyro
2606 485 2803 556 eloquii
2837 485 3003 555 pedes
3032 486 3235 541 lavant.
3276 483 3468 540 Solent
3514 483 3681 541 etiam
3714 501 3812 555 pe-

523 590 656 646 quos
704 575 887 643 fatigat
932 577 1204 647 injunctus
1236 576 1637 647 praedicationis
1671 578 1821 634 labor
1866 578 2104 634 exhibita

524 685 550 723 a
582 669 858 741 discipulis
904 672 1167 742 pinguedo
1216 673 1340 729 boui
1390 674 1567 743 operis
1600 674 1763 742 fovet,
1812 689 1918 728 non
1961 675 2137 761 quodI

526 765 644 821 ideo
672 767 965 836 praedicent
988 777 1047 824 ut
1072 768 1303 834 alantur,
1334 769 1429 824 sed
1460 769 1582 825 ideo
1611 771 1823 824 alantur
1866 778 1926 823 ut
1973 784 2108 839 pra:-

524 859 729 924 dicent;
776 861 828 915 id
857 868 961 927 est,
992 871 1018 899 ι
1044 870 1099 915 ut
1125 862 1420 931 praedicare
1462 862 1754 918 subsistant
1779 903 1792 925 ,
1822 876 1929 917 non
1966 869 2025 916 ut
2054 861 2106 915 in

526 951 871 1007 intentionem
915 953 1160 1009 sumendi
1192 953 1366 1009 victus
1396 961 1635 1008 transeat
1663 950 1690 991 ιι
1742 954 1882 1007 actio
1913 950 2108 1021 praedi-

522 1046 741 1111 catoris,
796 1046 890 1101 sed
935 1046 1003 1102 ad
1052 1046 1334 1103 utilitatem
1377 1045 1771 1117 praedicationis
1802 1044 2109 1101 deserviant

524 1136 816 1191 ministeria
848 1139 1276 1195 sustentationis.
1310 1138 1463 1195 Unde
1492 1154 1519 1192 a
1549 1139 1704 1195 bonis
1738 1137 2102 1209 praedicatori-

522 1227 620 1282 bus
666 1244 770 1283 non
819 1243 981 1284 causa
1026 1231 1194 1285 victus
1240 1229 1550 1299 praedicatio
1609 1228 1959 1297 impenditur,
2011 1226 2109 1283 sed

519 1335 678 1377 causa
705 1322 1101 1391 prtedicationis
1125 1322 1384 1391 accipitur
1412 1321 1606 1377 victus.
1635 1320 1701 1375 Et
1728 1319 1941 1391 quoties
1971 1333 2109 1389 prae-

519 1413 819 1471 dicanlibus
835 1414 1135 1471 necessaria
1160 1415 1228 1469 ab
1247 1414 1589 1471 audientibus
1611 1412 1982 1476 conferuntur,
2000 1427 2103 1465 non

520 1511 697 1566 solent
742 1510 811 1565 de
862 1524 1043 1565 rerum
1087 1523 1327 1575 munere,
1385 1519 1406 1545 ο
1438 1507 1531 1563 sed
1582 1506 1652 1562 de
1708 1504 2104 1562 conferentium

517 1601 752 1675 gaudere
794 1600 1061 1658 mercede.
1098 1600 1249 1657 Unde
1282 1616 1374 1670 per
1421 1599 1643 1656 Paulum
1693 1599 1889 1654 dicitur
1930 1614 1943 1653 :
1977 1597 2099 1651 Non

518 1711 691 1765 qurere
716 1696 911 1764 datum,
943 1696 1032 1749 sed
1060 1694 1263 1764 requiro
1295 1693 1515 1764 fructum
1547 1690 1717 1761 (Phil.
1758 1706 1831 1756 tv,
1863 1690 1976 1759 17).
2008 1690 2111 1744 Da-

518 1796 630 1843 tum
658 1787 855 1858 quippe
901 1796 984 1842 est
1025 1802 1112 1842 res
1158 1784 1274 1855 ipsa
1322 1800 1442 1857 qua:
1492 1781 1857 1854 impenditur;
1903 1782 2108 1836 fructus

2214 581 2311 635 des
2343 579 2455 650 ipsa
2482 580 2691 636 itineris
2725 582 3015 649 aSperitate
3046 581 3293 636 lacerari.
3320 577 3474 635 Unde
3512 588 3565 632 et
3586 578 3807 635 omnino

2207 671 2428 729 difﬁcile
2482 680 2568 728 est
2615 675 2667 729 in
2719 676 2952 730 terrenis
2996 674 3297 729 actionibus
3340 670 3497 741 hujus
3539 671 3661 726 vitae
3703 672 3808 727 iter

2207 782 2388 838 agere,
2434 775 2490 823 et
2530 768 2672 823 nulla
2715 784 2779 824 ex
2817 769 3002 824 labore
3030 767 3238 823 itineris
3260 766 3480 822 vulnera
3507 766 3798 821 susunere.

2207 863 2341 917 Cum
2384 876 2511 931 ergo
2552 862 2834 932 vigilantes
2876 861 3169 931 praepositi,
3225 860 3498 914 auditores
3529 873 3657 913 suos
3699 873 3799 913 cu-

2210 955 2285 1010 ris
2316 954 2672 1009 exteﬂoribns
2721 954 2956 1009 intentos
3003 954 3070 1008 ad
3122 967 3215 1009 cor
3254 960 3535 1015 revocant.
3583 960 3640 1006 ut
3682 966 3804 1019 quae
3872 1024 3877 1027 ῆ

2211 1045 2351 1102 inter
2391 1045 2503 1113 ipsa
2541 1045 2684 1101 licita
2717 1062 2884 1115 opera
2913 1045 3233 1102 admiserint
3264 1045 3404 1101 mala
3442 1051 3805 1114 cognoscant,

2210 1147 2266 1193 et
2304 1153 2423 1209 quae
2463 1140 2823 1209 cognoverint
2869 1138 3122 1205 defleant,
3166 1137 3329 1208 pedes
3371 1138 3564 1209 butyro
3592 1138 3799 1203 lavant,

2210 1229 2334 1299 quia
2363 1245 2549 1285 eorum
2595 1230 2908 1286 vulneribus
2955 1230 2975 1269 ί
3013 1231 3342 1301 paenitentia:
3371 1240 3638 1300 unguenta
3669 1233 3804 1287 sub-

2213 1320 2542 1377 ministrant.
2599 1323 2990 1379 Reminiscatur
3047 1325 3212 1391 igitur
3262 1332 3388 1380 tunc
3437 1324 3671 1379 Ecclesia
3717 1338 3808 1379 ve-

2215 1412 2740 1484 hementer'afllicta,
2792 1416 3061 1487 quomodo
3105 1418 3250 1485 pacis
3278 1431 3391 1472 suat
3423 1424 3664 1485 tempore
3705 1431 3802 1486 per

2216 1508 2616 1563 exhortationis
2644 1509 2891 1571 verbum,
2938 1511 3175 1564 membra
3206 1510 3257 1564 in
3286 1524 3345 1565 se
3371 1510 3534 1565 etiam
3561 1519 3804 1564 extrema

2217 1599 2527 1666 mundabat,
2558 1609 2615 1656 et
2640 1599 2780 1654 dicat
2805 1618 2817 1652 :
2853 1600 3077 1668 Quando
3102 1601 3336 1655 lauabam
3365 1602 3519 1672 pedes
3549 1616 3685 1654 meos
3706 1601 3806 1655 bu-

2217 1699 2351 1761 tyro.
2377 1690 2530 1758 Quod
2576 1691 2645 1747 de
2681 1691 2835 1747 beato
2865 1690 2966 1746 Job
2996 1688 3384 1747 admirabiliter
3427 1691 3556 1746 libet
3582 1690 3803 1757 intueri,

2214 1783 2308 1853 qui
2354 1783 2495 1839 inter
2525 1792 2605 1839 tot
2633 1799 2789 1839 curas
2821 1800 3024 1850 rerum,
3066 1783 3208 1840 inter
3250 1794 3325 1839 tot
3362 1783 3591 1840 affectus
3622 1785 3808 1855 pigne-

519 1895 646 1936 vero
690 1880 798 1936 dati
838 1889 941 1947 est,
992 1880 1037 1935 si
1082 1879 1311 1949 benigna
1355 1886 1536 1935 mente
1589 1876 1783 1933 futuras
1838 1875 2106 1932 mercedis
2141 1871 2187 1930 Β
2215 1890 2354 1942 rum,
2401 1874 2543 1930 inter
2584 1884 2662 1931 tot
2707 1875 2884 1932 studia
2924 1877 3343 1945 sacrificiorum,
3395 1876 3651 1946 subjectis
3691 1877 3806 1931 suis

516 1974 694 2031 studio
723 1973 925 2043 aliquid
956 1973 1319 2040 impendatur.
1353 1970 1496 2042 Ergo
1524 1972 1705 2027 datum
1738 1972 1791 2026 in
1821 1985 1880 2026 re
1910 1969 2107 2041 accipi-

487 2052 661 2137 imus,
716 2065 947 2123 fructum
979 2067 1032 2122 in
1062 2067 1246 2123 corde.
1281 2066 1349 2121 Et
1378 2067 1499 2134 quia
1542 2064 1927 2135 discipulorum
1978 2079 2107 2119 suo-

516 2176 637 2217 rum
662 2160 954 2230 Apostolus
983 2159 1235 2215 mercede
1268 2159 1444 2228 p0tius
1470 2172 1628 2227 quam
1670 2172 1893 2211 munere
1916 2170 2107 2227 pasce-

515 2252 693 2318 batur,
742 2266 1080 2323 nequaquam
1125 2251 1329 2317 datnm,
1380 2250 1473 2306 sed
1507 2250 1736 2305 fructum
1777 2264 1837 2305 se
1866 2263 2110 2320 qumrere

523 2346 743 2402 fatetur.
809 2344 960 2401 Unde
998 2355 1052 2401 et
1082 2345 1319 2400 subdidit
1368 2344 1635 2416 protinus,
1679 2345 1863 2400 dicens
1911 2361 1925 2399 :
1987 2343 2106 2397 Ha-

516 2436 607 2492 beo
638 2447 806 2493 autem
834 2439 1026 2507 omnia,
1069 2448 1117 2492 et
1146 2437 1351 2492 abundo
1383 2435 1572 2506 (Ibid.,
1598 2424 1711 2508 18).
1747 2437 1946 2509 Butyro
1978 2451 2107 2506 ergo

514 2528 759 2586 lavantur
806 2532 988 2601 pedes,
1021 2546 1142 2586 cum
1192 2530 1571 2610 praedicatores
1618 2532 1810 2600 sancti,
1864 2540 1925 2586 ut
1966 2530 2108 2587 dixi-

513 2637 655 2689 mus,
690 2623 801 2693 ipsa
837 2623 1217 2693 praedicatione
1266 2621 1493 2691 fatigati,
1546 2622 1851 2677 auditorum
1884 2636 2104 2677 suorum

509 2714 669 2773 bonis
722 2717 977 2788 operibus
1007 2715 1279 2773 foveatur.
1321 2715 1516 2771 Fessos
1548 2731 1779 2786 namque
1816 2716 1979 2785 pedes
2011 2716 2107 2770 bu-

512 2819 635 2884 tyro
681 2821 904 2866 unxerat
944 2811 1033 2866 ille
1063 2818 1156 2882 qui
1186 2810 1483 2866 audiebat:
1549 2809 1759 2866 Viscera
1808 2819 2107 2866 sanctorum

513 2906 866 2977 requieverunt
896 2923 984 2976 per
1032 2917 1101 2973 te,
1131 2910 1290 2977 frater
1342 2905 1592 2979 (Philem.
1646 2906 1724 2977 7).
1754 2905 1866 2961 Hoc
1912 2906 2107 2976 butyro

512 3011 705 3057 unctus
738 3001 905 3057 fuerat
940 3015 1031 3069 pes
1057 3002 1146 3071 qui
1193 3003 1243 3055 in
1290 3013 1479 3057 catena
1531 3001 1835 3067 tenebatur,
1870 3000 2056 3056 dicens
2088 3019 2102 3054 :

515 3092 613 3149 Det
641 3095 1045 3149 misericordiam
1079 3094 1333 3150 Dominus
1379 3095 1687 3167 Onesiphori
1734 3097 1940 3162 domui;
1981 3097 2104 3167 quia

513 3200 644 3253 stupe
671 3201 750 3240 me
779 3186 1117 3256 refrigeravit,
1149 3195 1197 3242 et
1247 3197 1479 3243 catenam
1527 3205 1695 3243 meam
1747 3205 1849 3244 non
1897 3189 2100 3243 erubuit

2217 1969 2514 2040 quamlibet
2534 1971 2813 2040 extremis,
2839 1972 2976 2027 bona
3002 1970 3277 2042 sequentis
3310 1970 3428 2025 vitre
3456 1970 3804 2042 praedicabat,

2214 2070 2272 2117 ut
2296 2077 2390 2118 eos
2438 2063 2507 2118 de
2536 2064 2851 2120 coelestibus
2904 2066 3189 2133 imbueret,
3239 2065 3330 2137 qui
3359 2066 3463 2120 sibi
3493 2064 3559 2120 ad
3591 2074 3806 2122 terrena

2212 2170 2377 2226 opera
2421 2157 2777 2215 deservirent.
2811 2158 2949 2227 Quid
2998 2157 3066 2214 ad
3098 2161 3212 2215 haec
3259 2172 3356 2215 nos
3385 2158 3627 2228 episcopi
3672 2158 3808 2213 dici-

2212 2261 2356 2315 mus,
2385 2247 2476 2319 qui
2529 2248 2833 2304 commissis
2866 2249 3021 2305 nobis
3068 2250 3292 2305 verbum
3340 2252 3465 2304 vitae
3494 2234 3807 2319 impendere

2212 2355 2318 2396 non
2349 2355 2622 2410 curamus,
2669 2341 2885 2413 quando
2924 2342 3269 2412 coniugatum
3298 2341 3473 2396 virum
3517 2340 3807 2412 prohibere

2212 2449 2317 2487 non
2370 2433 2537 2489 valuit
2567 2442 2592 2481 8
2621 2433 2690 2488 ab
2737 2432 2914 2490 officio
2950 2432 3350 2504 praedicationis
3396 2433 3481 2489 vel
3528 2431 3805 2488 saecularis

2209 2526 2446 2593 habitus,
2478 2528 2561 2583 vel
2590 2543 2798 2599 magna:
2826 2529 3107 2597 occupatio
3148 2528 3457 2589 facultatisl
3490 2526 3639 2602 [Rec.
3682 2522 3802 2597 XI].

2216 2618 2324 2675 Sed
2372 2629 2587 2676 servata
2631 2620 2858 2675 veritate
2892 2620 3151 2685 historias,
3194 2621 3262 2675 ad
3304 2630 3507 2675 sancta:
3554 2618 3806 2674 Ecclesiae

2203 2728 2318 2784 1am
2367 2714 2531 2768 verba
2573 2712 2880 2784 redeamus,
2931 2728 3050 2785 qua:
3080 2729 3176 2784 per
3220 2713 3433 2769 beatum
3466 2710 3591 2778 Job,
3627 2711 3679 2765 id
3720 2717 3807 2765 est

2208 2822 2305 2878 per
2327 2822 2389 2863 os
2414 2807 2641 2864 membri
2664 2809 2744 2864 sui
2771 2809 3030 2880 loquitur,
3063 2819 3261 2879 quanta
3284 2808 3391 2887 sint
3418 2822 3537 2878 quae
3559 2814 3804 2876 tempore

2207 2910 2450 2956 extremo
2493 2902 2746 2972 patietur,
2792 2917 2912 2956 cum
2960 2910 3353 2957 transactorum
3394 2914 3610 2955 suorum
3642 2899 3802 2955 remi-

2207 2996 2455 3063 niscitur,
2482 3011 2604 3053 cum
2644 3012 2741 3067 per
2778 3012 2896 3053 eam
2940 2998 3193 3053 videlicet
3236 2997 3383 3054 verbi
3429 2995 3803 3068 pinguedinem

2205 3090 2543 3158 operantium
2595 3087 2619 3125 ια
2685 3088 2791 3144 vita
2848 3089 3136 3145 lavaretur.
3179 3090 3309 3156 Qua:
3364 3088 3534 3158 ipsam
3595 3101 3806 3158 quoque

2207 3180 2617 3250 praedicatorum
2697 3194 2917 3238 suorum
2989 3180 3319 3253 vigilantiam
3382 3180 3591 3251 plenius
3644 3193 3805 3238 esse-

513 3273 569 3345 (I
611 3275 747 3334 Tim.
780 3292 835 3341 ll,
872 3276 985 3348 16).
1018 3278 1071 3334 Si
1104 3292 1233 3347 ergo
1260 3292 1327 3334 ex
1382 3293 1514 3335 voce
1555 3279 1744 3349 capitis
1785 3280 1901 3335 haec
1940 3279 2104 3335 verba
2133 3258 2180 3323 (ἶ
2211 3287 2403 3344 quens,
2436 3273 2661 3330 subdit:

510 3382 825 3438 pensamus,
858 3370 1022 3441 616
1047 3379 1192 3427 recte
1221 3371 1407 3441 pedes,
1436 3372 1571 3428 sicut
1596 3371 1797 3427 dictum
1827 3380 1930 3439 est,
1968 3387 2104 3442 prte-

490 3450 784 3518 ‘dicatores
812 3463 1126 3534 accipimus.

582 3552 726 3625 [Vet.
756 3554 892 3627 ΧΙΙ.]
918 3554 1010 3609 25.
1047 3552 1214 3609 Pedes
1247 3553 1492 3613 Ecclesia:
1517 3566 1633 3613 sunt
1660 3558 1927 3629 inferiores
1951 3557 2103 3613 mini-

486 3649 619 3721 stri,
650 3648 736 3719 qui
758 3657 963 3704 terrena
991 3660 1193 3705 curant.
1227 3681 1297 3692 —-
1328 3652 1383 3708 Si
1415 3662 1595 3708 autem
1644 3652 1846 3708 sentire
1895 3653 1996 3707 ista
2030 3667 2097 3707 ex

504 3757 635 3799 voce
662 3744 826 3800 solius
848 3746 1087 3816 corporis
1113 3745 1395 3814 debemus,
1421 3745 1671 3801 nimirum
1704 3746 1867 3815 pedes
1898 3746 2098 3800 Eccle-

503 3835 599 3893 sia:
627 3845 751 3892 sunt
795 3838 1107 3893 inferiorum
1154 3854 1375 3908 operum
1423 3839 1676 3906 ministri,
1720 3842 1811 3909 qui
1862 3841 1991 3895 dum
2029 3840 2097 3895 ad

502 3942 632 3984 usus
660 3932 994 3986 necessarios
1023 3946 1084 3985 ea
1113 3947 1233 4002 qua:
1276 3941 1400 3986 sunt
1427 3933 1666 3988 exterius
1694 3943 1967 3998 exercent,
2001 3947 2100 4003 per

502 4031 807 4079 extremum
840 4022 1199 4078 ministerium
1232 4025 1379 4079 velut
1422 4024 1586 4093 pedes
1620 4032 1775 4079 terrm
1805 4024 2094 4080 inhaerent.

500 4113 609 4172 Sed
648 4113 844 4170 debent
871 4113 923 4168 hi
950 4115 1329 4185 qui‘przesunt,
1365 4115 1454 4184 qui
1499 4116 1758 4172 dustrinm
1798 4115 1977 4171 studio
2012 4117 2096 4173 in-

500 4206 745 4277 vigilant,
786 4206 970 4262 solerti
1000 4222 1127 4263 cura
1158 4215 1538 4277 occupatorum
1570 4207 1732 4262 corda
1785 4209 2091 4279 requirere,

500 4301 687 4370 eisque
715 4315 835 4356 eam
868 4315 1027 4372 quam
1067 4299 1168 4371 ipsi
1201 4297 1227 4337 ἀ
1264 4302 1504 4356 vacando
1533 4303 1854 4372 percipiunt,
1891 4304 2095 4360 crebrae.

499 4393 885 4449 admonitionis
936 4408 1103 4459 voce,
1158 4391 1481 4448 inlusionem
1538 4394 1879 4463 pinguedinis
1931 4396 2093 4450 mini-

497 4495 695 4542 strare.
746 4486 879 4540 Nam
909 4486 1033 4556 quia
1080 4485 1134 4542 in
1179 4501 1285 4542 uno
1335 4502 1560 4555 corpore
1609 4488 1836 4542 invicem
1885 4503 1980 4557 pro
2032 4502 2094 4544 se

502 4577 747 4633 membra
809 4578 1039 4634 sollicita
1099 4586 1256 4645 sunt,
1319 4578 1458 4634 sicut
1506 4578 1715 4634 illorum
1778 4580 2090 4636 ministeriis

2821 3364 3049 3424 CAPUT
3088 3365 3201 3424 XV.

2276 3481 2403 3537 Iam.
2439 3481 2503 3536 Et
2534 3492 2677 3553 petra
2705 3484 2948 3556 fundebat
2971 3486 3099 3540 mihi
3132 3486 3267 3540 rivos
3296 3484 3413 3541 olei.

2281 3573 2373 3629 24.
2407 3572 2473 3629 1η
2502 3574 2735 3633 Ecclesia
2764 3578 2859 3632 rivi
2882 3578 2982 3632 olei
3010 3586 3126 3633 sunt
3156 3578 3234 3634 vel
3257 3594 3408 3633 sacra
3430 3577 3694 3649 dogmata,
3722 3578 3800 3634 vel

2204 3667 2371 3721 sancti
2414 3666 2646 3736 Spiritus
2670 3672 2860 3743 gratia.
2889 3700 2962 3711 —
2989 3670 3125 3738 Quia
3184 3684 3348 3740 petrae
3401 3673 3617 3728 nomine
3641 3671 3799 3728 Citri-

2203 3768 2319 3815 stus
2348 3760 2626 3830 accipitur,
2664 3763 2985 3830 praedicator
3030 3763 3278 3833 egregius
3306 3764 3522 3830 fatetur,
3551 3763 3740 3820 dicens
3772 3777 3789 3819 :

2207 3850 2362 3906 Petra
2383 3862 2552 3907 autem
2580 3863 2686 3908 erat
2708 3854 2941 3910 Christus
2968 3853 3023 3927 (1
3046 3853 3168 3911 Cor.
3201 3869 3252 3923 x,
3279 3855 3359 3925 4).
3391 3857 3522 3924 Quae
3549 3857 3799 3913 videlicet

2200 3952 2353 4013 petra
2383 3959 2526 3999 nunc
2556 3944 2621 4000 ad
2651 3960 2805 4001 usum
2837 3955 3039 4002 sancte
3072 3947 3329 4003 Ecclesia:
3355 3948 3461 4005 olei
3498 3949 3653 4004 rivos
3674 3948 3795 4005 fun-

2200 4033 2317 4101 dit,
2373 4036 2495 4106 quia
2551 4038 2604 4092 in
2647 4052 2710 4093 ea
2752 4038 2974 4109 loquens
3023 4038 3313 4104 Dominus,
3371 4041 3787 4110 praedicamenta

2199 4126 2463 4184 unetionis
2525 4128 2731 4184 intimas
2786 4140 3019 4186 emanat.
3078 4130 3156 4187 De
3213 4131 3315 4188 hac
3369 4134 3681 4203 petra.olei
3717 4135 3789 4190 ri-

2199 4234 2295 4274 vus
2320 4219 2476 4285 exiit,
2522 4221 2659 4277 liber
2688 4221 2945 4289 Mattlnei,
2967 4223 3103 4278 liber
3126 4222 3309 4291 Marci,
3336 4224 3476 4279 liber
3502 4224 3662 4280 Lucra
3679 4266 3694 4292 ,
3737 4232 3795 4282 et

2195 4312 2330 4367 liber
2354 4311 2595 4368 Joannis.
2624 4312 2679 4367 In
2708 4312 2941 4369 diversis
2968 4314 3129 4383 hujus
3150 4316 3335 4370 mundi
3372 4316 3616 4384 partibus
3647 4317 3790 4388 quod

2197 4407 2610 4475 medicamenta
2636 4407 2829 4474 edidit,
2855 4417 2933 4463 tot
2956 4417 3104 4476 petra
3138 4407 3253 4464 haec
3279 4424 3377 4480 per
3398 4424 3494 4465 ora
3523 4412 3792 4480 apostolo-

2199 4514 2318 4554 rum
2340 4500 2583 4555 omnium
2612 4500 2717 4557 olei
2752 4500 2902 4555 rivos
2928 4500 3083 4556 fudit.
3113 4498 3296 4557 Toties
3336 4502 3514 4559 adhuc
3543 4503 3611 4558 de
3642 4516 3788 4572 petra

2202 4590 2302 4647 hac
2334 4591 2437 4648 olei
2480 4592 2629 4648 rivus
2674 4590 2948 4660 funditur,
2997 4592 3208 4664 quaties
3260 4608 3291 4649 a
3345 4603 3533 4649 sancto
3581 4594 3788 4665 Spiritu

501 4681 527 4711 ο
556 4681 737 4728 nostra
757 4681 999 4728 extrema
1024 4670 1331 4738 fulciuntur,
1351 4671 1421 4725 ita
1453 4686 1671 4728 necesse
1698 4680 1778 4727 est
1808 4682 1865 4726 ut
1893 4673 2089 4728 nostris
2123 4651 2179 4715 D
2203 4685 2463 4756 ungendis
2489 4686 2760 4742 mentibus
2810 4651 3114 4742 ευάίὶοιῖυπη
3143 4700 3206 4743 εει
3236 4701 3353 4757 quas,
3382 4686 3433 4741 ίη
3465 4651 3789 4744 ιίδι-ίε’νειθ-

496 4764 692 4820 studiis
737 4765 949 4821 illorum
980 4764 1236 4819 interiora
1284 4765 1616 4834 repleantur.
1655 4766 1880 4832 Quando
1929 4766 2087 4837 igitur

495 4859 668 4915 sancti
716 4858 967 4915 doctores
1009 4857 1328 4928 quibusdam
1383 4857 1448 4913 ad
1504 4868 1745 4913 extrema
1786 4859 2083 4915 ministeria

494 4951 717 5021 deditis,
748 4952 1074 5016 unetionem
1125 4950 1409 5007 dominicae
1459 4952 1845 5007 incarnationis
1891 4955 2084 5024 praedi-

566 5124 594 5153 ει
621 5113 645 5168 1
694 5113 963 5180 Laudun.,
996 5121 1051 5167 ut
1080 5112 1439 5182 praedicatores
1462 5111 1763 5165 subsistant.
1807 5111 1992 5183 Alter,
2023 5125 2080 5171 ut

492 5186 1138 5259 pradinationijnsistant.

568 5258 597 5297 δ
627 5259 790 5313 Corb.
840 5257 1048 5323 Germ.,
1081 5257 1106 5312 1
1139 5254 1302 5311 Laud.
1330 5261 1385 5309 et
1414 5253 1593 5309 Norm.
1615 5295 1628 5319 ,
1660 5254 1795 5308 actio
1816 5257 2076 5325 praedica-

492 5331 663 5384 tionis.

563 5411 588 5439 ο
626 5400 853 5455 Vindoc.
892 5409 946 5455 et
972 5399 1006 5453 2
1028 5397 1224 5464 Laud.,
1249 5397 1338 5452 sed
1368 5398 1430 5451 de
1452 5396 1827 5466 conﬁtentium.

559 5468 588 5508 δ
618 5472 641 5523 1
673 5472 862 5534 Laud.,
885 5472 1134 5525 vocando.

564 5552 590 5579 ⁸
612 5540 862 5597 Nonnulli
895 5542 1056 5605 Editi,
1087 5549 1261 5595 nostra
1282 5551 1515 5606 externa,
1550 5540 1688 5609 quod
1746 5540 1938 5596 melius
1982 5558 2069 5600 re-

488 5615 718 5683 spondet
746 5615 1115 5685 sequentibus,
1142 5614 1353 5666 itlorum
1381 5613 1648 5685 iiqeriora,
1679 5613 1935 5685 sedMss.
1981 5630 2070 5669 se—

488 5686 704 5755 quimur
725 5699 790 5739 ac
810 5693 1020 5739 veteres
1042 5684 1209 5749 Edit.,
1238 5698 1343 5739 non
1361 5683 1687 5751 coniecturis
1710 5683 2068 5754 indulgemus.

487 5755 815 5828 Lectionem
849 5763 1086 5811 nostram
1119 5754 1404 5810 confirmat
1432 5769 1555 5824 vox,
1601 5763 1846 5824 extrema,
1875 5757 2074 5828 saepius

486 5826 624 5885 infra
650 5826 896 5898 repetita.

2194 4777 2343 4834 ribus
2371 4779 2439 4834 de
2468 4778 2683 4835 Christo
2705 4779 2845 4835 dicta
2875 4789 3002 4835 sunt
3029 4781 3405 4849 esplanantur.
3453 4779 3524 4835 Et
3566 4781 3665 4836 rivi
3691 4796 3786 4838 vo-

2193 4880 2382 4928 cantur
2402 4873 2525 4941 olei,
2556 4873 2717 4945 617
2751 4873 2874 4944 quia
2918 4873 3213 4928 decurrunt
3251 4883 3306 4929 et
3327 4881 3555 4945 ungunt.
3587 4873 3644 4929 In
3667 4873 3787 4943 qui-

2192 4964 2294 5020 bus
2318 4964 2335 5005 ί
2373 4965 2615 5037 quisquis
2660 4964 2885 5035 tingitur
2913 4965 3151 5035 ungitur,
3180 4964 3423 5036 quisquis
3448 4965 3669 5036 ungitur
3697 4964 3784 5021 in-

2272 5119 2292 5159 ί
2325 5120 2560 5191 Gemet.,
2585 5121 2890 5194 paenitentia:
2913 5122 3155 5179 lamenta.

2266 5223 2291 5261 8
2316 5214 2392 5289 ita
2417 5229 2604 5289 omnes
2655 5218 2780 5289 bjss.
2830 5214 3015 5289 qum.
3048 5224 3115 5289 et
3124 5224 3233 5272 vet.
3278 5213 3476 5289 Ed._ln
3514 5214 3550 5272 2
3582 5216 3777 5289 Laud.,

2190 5301 2223 5339 a
2244 5285 2395 5364 uerbo
2423 5287 2633 5364 praedic.
2656 5284 2863 5364 Germ.,
2883 5287 3046 5343 Corb.
3078 5286 3265 5345 Germ.
3296 5297 3351 5345 et
3373 5287 3511 5344 Editi
3536 5284 3774 5364 recent.,

2189 5373 2222 5411 a
2242 5358 2422 5428 butyro
2451 5358 2854 5429 prwdicationis.

2262 5447 2288 5493 δ
2329 5451 2561 5518 Bellov.,
2604 5451 2707 5505 vita
2737 5450 3015 5508 laberetur.

2178 5560 2220 5617 '9
2261 5541 2278 5580 ί
2315 5543 2388 5598 lla
2416 5541 2885 5617 Germ..ﬂGemet.,
2913 5559 3031 5600 cum
3060 5545 3177 5600 aliis
3204 5544 3414 5613 Norm.,
3441 5548 3547 5604 duo
3573 5547 3779 5617 Laud.,

2180 5614 2382 5691 Turon.
2409 5624 2467 5691 et
2485 5624 2594 5670 vet.
2622 5614 2834 5691 Excusi.
2860 5617 2915 5671 In
2940 5617 3223 5687 posterior.
3247 5619 3512 5675 outittitur
3535 5614 3773 5691 prnnuui

2179 5687 2402 5772 ungitur.
2431 5686 2630 5769 Operae
2649 5689 2878 5756 pretium
2906 5698 3117 5771 nonest
3143 5703 3363 5771 monere
3390 5691 3445 5747 in
3470 5686 3597 5749 Mss.
3628 5692 3772 5764 legi,

2182 5767 2446 5828 tinguitur,
2470 5767 2751 5829 unguitur;
2776 5774 2872 5830 pro
2901 5767 3136 5831 tingitur,
3162 5767 3389 5833 ungitur.
