4104 6350
290 426 420 495 113

1134 433 1494 497 mensuum
1533 436 1665 495 LIB.
1708 436 1854 494 χιιι.
1893 465 1963 481 -
2002 437 2230 495 CAPUT
2254 418 2483 496 ‘xxvm
2523 438 2584 496 Β.
2624 438 2760 498 ιυιι.
3486 439 3576 496 ill

312 556 480 613 terius
511 551 874 623 impinguatur
920 550 1066 625 [γει.
1124 548 1325 623 XIII].
1372 552 1449 608 De
1493 567 1598 623 qua
1645 550 1897 607 nimirum
1928 558 1981 619 Α
2009 553 2302 624 magisterii
2332 552 2550 609 exhibet
2580 553 2900 609 libertatem.
2935 550 3063 619 Quae
3106 536 3248 608 enim
3295 561 3434 608 recta
3466 552 3581 624 qua-

312 645 635 720 pinguedine
665 644 943 700 Psalmista
984 644 1054 699 ait
1086 660 1101 699 :
1142 643 1291 700 Sicut
1318 645 1470 716 adipe
1508 655 1557 701 et
1586 644 1899 717 pinguedine

308 738 573 808 repleatur
611 735 782 788 anima
816 749 932 789 mea
971 733 1146 806 (Psal.
1177 751 1309 802 an,
1355 734 1435 807 6).
1465 735 1652 792 Potest
1683 737 1901 793 nomine

309 830 418 887 olei
439 830 551 900 ipsa
581 828 753 883 sancti
781 828 1018 897 Spiritus
1049 828 1231 883 unctio
1262 828 1557 901 designari,
1590 829 1658 884 de
1679 842 1780 901 qua
1802 845 1902 901 per

310 922 624 1004 prophetam
653 923 851 978 dicitur
899 940 914 979 :
946 921 1327 991 Campntrescit
1359 924 1548 995 jugum
1575 940 1607 977 a
1636 924 1769 994 facie
1801 922 1901 979 olei

313 1012 470 1079 (Issi.
504 1029 558 1077 ι,
589 1012 702 1084 27).
744 1013 937 1085 iugum
968 1015 1165 1083 quippe
1186 1029 1215 1068 a
1261 1013 1398 1068 facie
1426 1013 1529 1068 olei
1562 1021 1902 1085 computres-

311 1106 555 1177 t‘it,'quia
582 1105 708 1161 dum
735 1106 903 1161 sancti
944 1105 1179 1176 Spiritus
1222 1105 1391 1177 gratia
1428 1106 1697 1178 ungimur,
1746 1122 1778 1162 a
1820 1120 1902 1161 ca-

311 1202 574 1274 ptivitatis
607 1210 805 1257 nostra:
833 1202 1093 1257 servitute
1144 1200 1473 1256 liberamur;
1504 1200 1742 1270 dumque
1786 1214 1901 1255 ma-

316 1295 447 1367 ligni
494 1296 718 1365 spiritus
771 1294 1069 1350 dominatio
1094 1293 1325 1364 superba
1379 1294 1683 1363 repellitur,
1706 1292 1899 1365 jngum

307 1386 638 1452 conteritur,
677 1401 782 1456 quo
810 1394 836 1423 ⁸
869 1385 1133 1442 libertatis
1182 1395 1382 1442 nostra:
1410 1386 1545 1441 colla
1576 1387 1902 1457 premeban-

311 1489 419 1535 tur.
459 1481 536 1536 De
567 1479 668 1536 hoc
707 1494 898 1535 rursus
927 1479 1050 1535 oleo
1078 1481 1337 1549 scriptum
1395 1486 1516 1534 est:
1571 1477 1737 1533 Vinea
1765 1478 1904 1550 facta

307 1586 382 1633 est
408 1576 595 1630 dilecto
615 1574 645 1614 δ
677 1591 785 1631 meo
814 1576 867 1629 in
894 1590 1054 1629 cornu
1085 1574 1194 1643 [ilio
1225 1574 1323 1628 olei
1348 1572 1507 1643 (lsui.
1539 1587 1591 1638 ν,
1626 1574 1702 1641 l).
1732 1571 1904 1628 Filius

307 1667 509 1739 quippe
554 1666 682 1735 olei,
708 1667 883 1735 ﬁdelis
927 1665 1154 1737 populus
1180 1665 1398 1732 dicitur,
1437 1676 1458 1703 ο
1494 1664 1586 1735 qui
1620 1665 1686 1719 ad
1740 1664 1902 1720 ﬁdem

313 1762 410 1818 Dei
444 1764 659 1818 interna
682 1761 852 1817 sancti
879 1761 1112 1831 Spiritus
1134 1762 1389 1817 unctione
1417 1772 1731 1832 generatur.
1767 1760 1903 1817 Mul-

310 1854 377 1908 tis
408 1869 539 1924 crgo
568 1863 695 1908 tunc
718 1860 904 1908 sancta
930 1853 1167 1910 Ecclesia
1194 1853 1639 1910 tribulationibus
1666 1852 1895 1923 depres-

2004 647 2169 702 sentit
2214 646 2423 725 pgblica
2455 661 2586 701 voce
2627 647 2907 716 przedicat,
2942 647 3093 716 quasi
3142 646 3193 702 in
3242 649 3415 717 platea
3447 657 3469 685 θ
3497 665 3586 703 ca-

2008 739 2253 796 thedram
2302 740 2482 806 sedet,
2534 754 2654 795 omn
2708 740 2909 795 nullum
2958 740 3025 796 de
3070 757 3161 795 sua
3213 741 3583 811 prmdicationu

2003 836 2220 899 metuit,
2270 832 2470 889 nullius
2511 847 2693 903 pressa
2748 832 3061 899 terroribus,
3106 848 3164 888 se
3213 832 3314 887 sub
3363 833 3579 888 silentio

2002 923 2299 981 abscondit.
2328 923 2409 979 An
2441 939 2546 980 non
2571 924 2621 979 in
2654 924 2864 994 publico
2885 926 2948 977 ad
2972 925 3271 981 docendum
3301 927 3550 995 praesidet
3569 967 3581 991 ,

2001 1034 2162 1090 quam
2193 1017 2353 1073 simul
2386 1028 2439 1072 et
2471 1017 2737 1072 sentiendi
2770 1017 2984 1079 veritas.
3014 1026 3067 1072 et
3093 1019 3321 1074 docendi
3353 1029 3588 1088 potestas

2002 1111 2185 1167 lulcitl
2215 1110 2319 1168 Sed
2350 1125 2473 1167 cum
2503 1110 2568 1165 ad
2601 1120 2805 1181 portam
2841 1110 3184 1179 procederet,
3216 1121 3269 1166 et
3316 1114 3366 1165 in
3413 1110 3585 1180 platea

2003 1202 2315 1259 cathedram
2344 1203 2591 1270 sederet,
2618 1201 2744 1271 quid
2769 1215 2799 1254 a
2824 1200 3048 1265 levibus,
3074 1199 3269 1271 quidve
3288 1216 3318 1257 ι
3341 1201 3589 1272 gravibus

2003 1308 2275 1371 ageretur,
2304 1297 2546 1370 adjungit
2576 1296 2760 1353 dicens
2786 1314 2799 1350 :

2582 1429 2812 1488 CAPUT
2849 1426 3013 1488 XVII.

2078 1564 2242 1620 Vsus.
2266 1562 2404 1620 8.—
2436 1562 2686 1619 Videbunt
2712 1578 2792 1617 me
2805 1564 3038 1635 juvenes,
3061 1568 3110 1617 et
3129 1559 3590 1632 abscondebantur,

2007 1667 2055 1713 et
2079 1674 2222 1713 senes
2247 1665 2575 1728 assurgentes
2600 1657 2821 1713 stabant.

2076 1772 2242 1843 618
2269 1770 2362 1825 26.
2413 1768 2658 1823 Ecclesia:
2702 1770 2963 1842 vigorem,
3007 1780 3053 1825 et
3094 1769 3453 1826 rectitudinem
3496 1769 3597 1824 int.

2008 1865 2216 1935 perfecti
2263 1864 2583 1935 formidant;
2622 1863 2845 1935 diligunt
2894 1865 3125 1935 perfecti.
3155 1893 3223 1905 -
3254 1865 3309 1921 Si
3357 1865 3598 1922 historia

313 1959 395 2009 sa,
431 1944 570 1998 dona
603 1943 856 2014 Spiritus,
900 1954 953 2000 et
983 1943 1117 1999 mira
1155 1959 1273 2015 quc
1324 1959 1466 1999 nunc
1507 1943 1669 2000 habet
1699 1943 1900 2014 praedi-

2013 1957 2351 2025 iutendimus,
2386 1973 2503 2026 qua:
2530 1956 2668 2012 dixit
2711 1957 3012 2024 credimus;
3060 1960 3105 2012 si
3146 1957 3440 2029 allegoriae,
3467 1973 3589 2032 qua:

310 2048 582 2105 camenta,
628 2036 692 2092 ad
721 2037 1035 2092 memoriam
1078 2045 1318 2104 revocet,
1354 2046 1411 2093 et
1445 2050 1603 2092 suum
1626 2036 1900 2093 silentium

307 2130 577 2201 deploret,
628 2129 815 2184 dicens
858 2145 870 2182 :
922 2125 1082 2184 Petra
1128 2126 1375 2199 fundebat
1427 2128 1558 2183 mihi
1605 2129 1742 2184 rivos
1769 2128 1893 2185 olei.

305 2222 517 2290 Quibus
544 2218 720 2275 verbis
749 2233 987 2291 congrue
1025 2217 1243 2289 subiicit
1272 2237 1287 2273 ε

895 2348 1118 2407 CAPUT
1160 2349 1300 2407 XVI.

377 2468 551 2525 Vens.
575 2463 725 2522 7-l0.
749 2495 821 2507 —
851 2465 1071 2534 Quando
1097 2463 1433 2537 procedebam
1456 2465 1523 2518 ad
1552 2471 1754 2535 portam
1777 2462 1909 2516 civi-

304 2562 455 2630 tatis,
483 2570 526 2615 et
556 2562 609 2614 in
639 2558 813 2631 platea
846 2556 1098 2630 parabunt
1137 2558 1262 2611 mihi
1291 2556 1607 2612 cathedram.
1657 2554 1909 2610 Videbunt

305 2672 384 2710 me
425 2656 674 2724 juvenes,
717 2663 763 2707 et
812 2650 1275 2716 abscondebantur,
1308 2661 1356 2704 et
1398 2664 1542 2704 senes
1588 2658 1909 2719 assurgentes

280 2748 536 2821 stabant.
576 2746 850 2817 Principes
878 2744 1143 2799 cessabant
1180 2743 1350 2813 loqui,
1389 2751 1437 2798 et
1475 2743 1696 2815 digitum
1724 2756 1909 2811 super-

303 2840 567 2909 ponebant
587 2838 664 2893 ori
687 2855 800 2894 suo.
834 2836 1023 2892 Vocem
1045 2852 1191 2891 suum
1218 2836 1514 2890 cohibebant
1541 2837 1714 2900 duces,
1741 2844 1790 2889 et
1815 2831 1913 2888 lin-

303 2951 407 3009 gua
432 2950 612 2989 eorum
638 2933 837 3005 gutturi
863 2948 958 2987 suo
985 2930 1305 2986 udluerebat.

372 3026 472 3084 25.
501 3026 649 3082 Bona
682 3043 838 3098 opera
861 3034 910 3080 et
952 3024 1202 3079 doctrinm
1230 3022 1504 3087 cathedra,
1537 3021 1782 3077 Ecclesia:
1821 3021 1909 3076 in-

303 3122 478 3196 signia
506 3130 643 3177 sunt.
666 3150 737 3161 —
765 3117 881 3175 Mos
903 3126 1147 3174 veterum
1181 3116 1279 3171 fuit
1306 3126 1364 3171 ut
1394 3116 1637 3171 seniores
1669 3114 1723 3169 in
1756 3121 1907 3183 porta

304 3211 696 3279 consisterent,
719 3218 772 3267 et
799 3224 990 3267 causas
1019 3208 1402 3265 introeuntium
1422 3207 1751 3278 judicarent.
1776 3221 1910 3275 qua-

305 3313 479 3362 tenus
522 3312 671 3358 tanto
699 3313 843 3360 esset
872 3300 1124 3374 paciﬁcus
1153 3301 1300 3355 urbis
1333 3300 1582 3369 populus,
1611 3305 1814 3368 quanto
1842 3295 1908 3351 ad

305 3394 454 3455 hanc
483 3396 759 3452 discordes
806 3396 1011 3467 ingredi
1056 3408 1162 3449 non
1197 3391 1398 3449 liceret.
1430 3390 1536 3447 Sed
1567 3404 1666 3447 nos
1695 3403 1907 3447 sacram

307 3489 596 3547 historiam
642 3496 984 3555 venerantes,
1024 3484 1143 3541 haec
1186 3486 1361 3557 egisse
1408 3483 1620 3540 beatum
1668 3481 1771 3537 Job
1809 3496 1911 3552 pro

310 3583 466 3639 cultu
491 3582 717 3652 justitiae
745 3589 956 3636 certum
1005 3587 1270 3646 tenemus,
1305 3586 1463 3646 atque
1491 3574 1557 3630 ad
1609 3573 1911 3644 indaganda

308 3678 585 3746 allegoriae
614 3676 865 3748 mysteria
909 3673 1177 3730 ducimur.
1209 3670 1348 3739 Quid
1376 3683 1507 3738 ergo
1537 3682 1632 3737 per
1676 3666 1912 3722 civitatis

309 3780 568 3843 portam,
620 3769 722 3825 nisi
773 3769 913 3823 bona
962 3779 1192 3836 quicque
1245 3761 1389 3817 actio
1436 3759 1768 3827 designatur,
1817 3771 1914 3826 per

310 3878 480 3934 quam
504 3860 683 3916 anima
706 3859 771 3916 ad
796 3865 1116 3915 conventum
1146 3854 1296 3924 regni
1322 3850 1561 3910 caelestis
1585 3847 1914 3919 ingreditur!

311 3956 475 4014 Unde
500 3963 556 4011 et
585 3953 847 4024 Propheta
878 3953 986 4007 ait:
1023 3949 1123 4019 Qui
1153 3947 1353 4003 exultas
1383 3944 1554 4001 made
1581 3944 1743 4016 portis
1777 3958 1915 3998 mor-

312 4050 406 4115 tis,
434 4056 488 4101 ut
516 4046 813 4101 annuntiem
833 4060 1004 4100 omnes
1034 4042 1360 4096 laudationes
1383 4049 1497 4093 tuas
1522 4038 1577 4091 in
1606 4036 1766 4108 portis
1789 4036 1915 4105 ﬁliae

314 4139 453 4195 Sion
480 4136 659 4210 (Ρειιι.
687 4152 761 4201 tx,
792 4134 904 4207 l5).
931 4134 1106 4190 Porta:
1134 4133 1331 4202 quippe
1361 4129 1551 4184 mortis
1577 4134 1707 4183 sunt
1738 4127 1910 4183 actio-

314 4246 417 4288 nes
446 4243 649 4300 prava,
683 4244 799 4300 quae
829 4226 897 4283 ad
944 4225 1219 4281 interitum
1268 4222 1505 4278 trahunt.
1549 4221 1685 4288 Quia
1733 4229 1914 4276 autem

315 4325 449 4381 Sion
476 4322 770 4395 speculatio
797 4321 1014 4385 dicitur,
1047 4327 1230 4392 portas
1258 4317 1386 4375 Sion
1404 4358 1419 4383 ,
1451 4316 1694 4372 actiones
1736 4316 1906 4370 bonas

315 4417 633 4487 accipimus,
666 4431 763 4487 per
787 4429 919 4486 quas
956 4426 1241 4483 supernam
1277 4409 1500 4480 patriam
1549 4405 1904 4477 ingredimur,

317 4518 383 4564 ut
421 4508 584 4579 Regis
624 4507 793 4564 nostri
845 4505 1067 4578 gloriam
1116 4503 1563 4572 contemplemur.
1599 4497 1737 4567 Quid
1785 4513 1915 4554 vero

319 4618 423 4675 per
447 4601 755 4658 cathedram
771 4643 787 4670 ,
814 4600 918 4656 nisi
943 4598 1236 4670 magisterii
1258 4596 1545 4652 auctoritas
1566 4593 1917 4665 designatur?

322 4694 511 4750 Graeca
541 4702 720 4750 autem
746 4690 774 4730 ἀ
806 4708 938 4750 voce
976 4692 1162 4761 platea
1194 4704 1290 4760 pro
1342 4687 1625 4742 latitudine
1674 4687 1912 4755 ponitur.

324 4790 483 4846 Nunc
512 4805 642 4861 ergo
682 4798 864 4845 sancta
908 4786 1151 4843 Ecclesia
1181 4785 1247 4840 ad
1293 4782 1525 4840 civitatis
1558 4791 1763 4852 portam
1795 4795 1918 4851 pro-

321 4884 500 4952 cedit,
534 4883 657 4955 quia
689 4892 747 4939 ut
790 4882 992 4939 aditum
1037 4880 1273 4937 caelestis
1322 4876 1473 4947 regni
1524 4875 1815 4946 percipiat,
1863 4874 1917 4929 in

324 4977 526 5036 sanctis
552 4992 612 5034 se
653 4975 953 5032 actionibus
998 4975 1189 5031 exerit.
1231 4969 1329 5026 Cui
1380 4971 1432 5024 in
1477 4967 1648 5039 platea
1696 4975 1920 5037 paratur

326 5070 605 5141 cathedra,
640 5070 762 5142 quia
791 5068 844 5124 in
876 5082 1082 5140 magna:
1126 5063 1461 5122 auctoritatis
1504 5059 1785 5118 latitudine
1829 5060 1911 5115 sui

403 5243 429 5272 ⁸
461 5234 519 5289 In
549 5230 687 5289 Utic.
710 5229 838 5285 olim
866 5229 1138 5300 legebatur
1158 5222 1487 5299 captivitatis.

404 5304 430 5343 δ
458 5303 620 5360 Deest
646 5317 759 5357 meo
787 5302 840 5356 in
873 5300 1010 5365 pler.

408 5389 431 5416 ε
462 5375 499 5431 2
524 5375 717 5440 Laud.,
741 5363 1021 5444 quia-fides
1050 5370 1148 5427 Dei
1175 5370 1240 5426 de
1266 5370 1471 5424 interna
1495 5366 1659 5423 sancti
1690 5363 1922 5437 Spiritus

334 5454 569 5507 unctione
591 5454 885 5529 generatur.
998 5515 1011 5527 .
1041 5514 1055 5527 .

405 5517 430 5558 ἀ
466 5520 638 5583 Editt,
670 5519 874 5588 lingua,
904 5514 1087 5588 ἱιινιιιε
1114 5512 1241 5588 Mss.

407 5599 432 5629 ⁸
462 5589 541 5647 Ita
563 5579 772 5652 Germ;
793 5579 955 5643 Corn.
979 5586 1228 5649 Germ.,l
1256 5579 1920 5649 Laud.,BeIlov.,Norm..

336 5673 438 5723 etc.
470 5662 526 5718 In
562 5659 801 5731 Vulgatis
825 5657 1235 5731 additurgsuper,
1268 5652 1795 5731 quod_supplendum
1816 5666 1925 5731 pu-

340 5722 585 5791 taverunt
610 5722 702 5801 qu'i
753 5729 839 5785 his
868 5728 1091 5801 edendis
1126 5722 1355 5801 cperam
1395 5724 1681 5781 dederunt.
1713 5724 1783 5779 At
1813 5722 1923 5801 iam

343 5794 669 5867 monuimus,
697 5801 736 5856 l.
760 5816 807 5869 I,
836 5816 890 5857 ιι.
917 5799 1008 5865 25,
1041 5799 1109 5854 ab
1137 5794 1368 5867 antiquis
1394 5805 1705 5869 usurpatum
1746 5794 1925 5869 cathe-

343 5879 488 5935 dram
524 5864 719 5933 sedere.
748 5864 807 5931 In
832 5874 868 5926 2
911 5864 1079 5929 Laud.
1108 5864 1356 5938 habetur,
1384 5864 1632 5924 cathedra
1664 5866 1825 5925 sedet.
1859 5864 1923 5918 li-

2005 2048 2251 2120 praedixit
2295 2048 2561 2105 videmus.
2593 2048 2822 2105 iuvenes
2865 2064 3097 2118 namque
3142 2050 3247 2104 dici
3289 2050 3463 2105 solent
3498 2053 3597 2122 qui

2008 2140 2154 2196 nulla
2203 2139 2413 2195 consilii
2449 2138 2758 2210 ‘gravitate
2801 2140 3193 2210 deprimuntur.
3242 2141 3413 2197 Senes
3462 2156 3597 2198 vero

2008 2247 2115 2288 non
2148 2246 2242 2287 eos
2271 2230 2547 2301 Scriptura
2587 2246 2738 2288 sacra
2765 2246 2958 2288 vocare
2999 2233 3312 2303 consuevit,
3344 2232 3436 2304 qui
3481 2231 3598 2289 sola

2008 2325 2303 2399 quantitate
2334 2335 2631 2395 temporum
2653 2365 2669 2395 ,
2694 2327 2788 2381 scd
2817 2341 3029 2381 morum
3064 2325 3450 2396 grandaevitate
3479 2341 3597 2383 ina-

2010 2420 2112 2475 turi
2139 2428 2283 2473 sunt.
2310 2414 2465 2475 Unde
2490 2433 2582 2489 per
2606 2418 2889 2489 quemdam
2917 2418 3215 2488 sapientem
3242 2418 3475 2473 dicitur:
3504 2416 3598 2473 Ss-

2011 2522 2182 2569 nectus
2218 2513 2350 2567 enim
2387 2511 2689 2566 venerabilis
2719 2521 2823 2578 est,
2856 2526 2959 2565 non
2999 2512 3275 2578 diuturna,
3305 2527 3466 2583 neque
3500 2528 3600 2566 nu-

2010 2620 2149 2659 rnero
2195 2619 2450 2658 annorum
2500 2612 2821 2674 computata.
2864 2601 2993 2658 Cani
3042 2615 3211 2657 autem
3257 2612 3373 2657 sunt
3423 2617 3602 2659 sensus

2013 2701 2258 2765 hominis,
2288 2712 2335 2755 et
2365 2712 2490 2756 unus
2519 2701 2791 2756 senectutis
2818 2701 2919 2753 vita
2965 2700 3298 2755 immaculata
3344 2698 3500 2772 (Sup.
3522 2713 3600 2769 tv,

2015 2794 2098 2866 8).
2136 2794 2288 2852 Unde
2317 2808 2464 2851 recte
2502 2810 2717 2866 quoque
2766 2794 3023 2849 Dominus
3064 2795 3130 2848 ad
3177 2795 3392 2865 Moysen
3432 2795 3601 2851 dicit:

2016 2886 2284 2961 Congrega
2312 2888 2441 2942 mihi
2468 2890 2791 2959 septuaginta
2820 2888 2953 2940 viros
2993 2887 3057 2940 de
3089 2887 3372 2940 senioribus
3403 2883 3600 2952 Israel,

2015 2999 2141 3052 quos
2171 2993 2224 3036 tu
2251 2982 2386 3035 nosti
2414 2981 2555 3053 quod
2594 2997 2740 3035 senes
2776 2980 2953 3051 papuli
2989 2986 3106 3033 sunt
3128 2966 3339 3049 ’(Νιιιιι.
3368 2994 3454 3041 ιιι,
3493 2976 3601 3048 I6).

2018 3075 2075 3131 lu
2111 3076 2305 3145 quibus
2330 3075 2457 3145 quid
2489 3072 2631 3128 aliud
2673 3089 2832 3142 quam
2878 3082 3126 3128 senectus
3156 3070 3334 3127 cordis
3381 3070 3602 3140 requiri~

2018 3177 2124 3233 tur,
2156 3182 2277 3223 cum
2310 3166 2446 3220 tales
2472 3164 2727 3235 juhentur
2756 3165 2876 3235 eligi
2908 3165 2995 3235 qui
3029 3174 3053 3212 ες
3077 3180 3235 3219 senes
3272 3177 3391 3218 esse
3420 3163 3603 3216 sciun-

2019 3262 2139 3316 tur?
2165 3260 2223 3316 Si
2264 3260 2405 3315 enim
2437 3269 2686 3313 senectus
2715 3257 2767 3312 in
2795 3259 2873 3314 eis
2904 3258 3145 3326 corporis
3182 3266 3539 3328 quaereretur,
3569 3272 3603 3310 ιι

2016 3353 2177 3408 tantis
2205 3352 2331 3407 sciri
2363 3360 2637 3421 poterant,
2669 3366 2699 3405 a
2731 3352 2943 3422 quantis
2968 3350 3156 3404 videri.
3194 3349 3326 3403 Dum
3358 3362 3485 3403 vero
3518 3346 3604 3402 di-

2016 3444 2156 3499 citur
2182 3460 2193 3493 :
2230 3442 2367 3508 Quos
2398 3451 2452 3495 tu
2484 3442 2621 3495 nosti
2646 3442 2782 3511 quod
2812 3456 2954 3495 senes
2985 3442 3163 3511 populi
3188 3449 3334 3506 sunt,
3366 3438 3605 3509 profecto

2020 3532 2349 3603 liquet'quia
2394 3542 2643 3588 senectus
2677 3531 2890 3599 mentis,
2927 3546 3033 3585 non
3072 3529 3331 3600 corporis,
3364 3530 3607 3599 eligenda

2024 3629 2320 3680 nuntiatur.
2353 3621 2498 3695 [Vet.
2521 3621 2708 3689 XlV.l
2736 3622 2985 3676 Sanctam
3029 3636 3156 3691 ergo
3204 3620 3495 3675 Ecclesium
3527 3622 3609 3677 vi-

2020 3719 2150 3773 dent
2190 3732 2330 3771 nunc
2372 3719 2620 3785 juvenes,
2654 3724 2711 3771 et
2760 3715 3184 3779 absconduntur,
3214 3729 3373 3768 senes
3404 3730 3530 3769 vero
3556 3714 3610 3771 ei

2020 3818 2365 3881 assurgentes
2392 3808 2684 3874 assistunt,
2714 3806 2834 3877 quia
2866 3807 3103 3876 vigorem
3132 3807 3247 3876 ejus
3276 3817 3432 3877 atque
3460 3808 3611 3865 recti-

2020 3904 2258 3959 tudinem
2308 3904 2574 3957 immaturi
2618 3900 2935 3967 formidant,
2966 3901 3237 3969 grandaevi
3285 3900 3608 3970 gloriticaut.

2021 3994 2046 4033 ιι
2079 3996 2250 4052 Leves
2294 3996 2492 4065 quique
2538 4004 2697 4059 sunt,
2749 3992 2987 4063 fugiunt;
3029 4007 3221 4062 graves
3273 4009 3403 4048 vero
3454 3992 3615 4062 atque

2020 4088 2244 4160 perfecti
2280 4088 2414 4140 hanc
2442 4085 2571 4140 vita:
2600 4101 2711 4141 suae
2760 4086 2962 4141 meritis
2992 4086 3325 4155 assurgendo
3354 4102 3615 4143 veneran-

2020 4189 2126 4235 tur.
2160 4179 2504 4249 Disciplinam
2538 4178 2733 4247 quippc
2763 4177 2904 4232 illius
2938 4175 3164 4247 perfecti
3210 4177 3472 4247 diligunt,
3507 4178 3613 4232 ἰηι-

2024 4272 2247 4344 perfecti
2290 4270 2708 4341 reprehendunt.
2740 4270 2936 4325 Vident
2980 4284 3108 4339 ergo
3146 4272 3283 4326 hanc
3308 4269 3533 4340 juvenes
3561 4278 3617 4327 et

2020 4365 2449 4429 absconduntur,
2484 4363 2606 4432 quia
2652 4360 2980 4430 deprehendi
3027 4362 3078 4413 in
3112 4361 3222 4415 suis
3253 4360 3477 4414 occultis
3520 4376 3615 4414 ac-

2023 4458 2255 4513 tionibus
2286 4464 2547 4511 metuunt.
2574 4455 2743 4509 Senes
2769 4468 2897 4507 vero
2921 4463 3260 4519 assurgentes
3286 4462 3459 4518 stant,
3488 4452 3617 4522 quia

2025 4550 2244 4622 perfecti
2274 4550 2469 4619 quique
2497 4563 2562 4602 ex
2614 4544 2912 4599 humilitate
2955 4546 3220 4610 indicant,
3255 4554 3511 4615 quantum
3564 4544 3620 4601 itt

2022 4641 2161 4698 bona
2192 4639 2506 4709 operatione
2537 4636 2900 4707 profecerunt.
2938 4635 3043 4691 Sed
3076 4635 3196 4705 quia
3239 4636 3354 4690 hinc
3400 4636 3467 4691 de
3504 4635 3619 4690 suis

1946 4735 2287 4808 Dloquitur,
2348 4741 2528 4788 narret
2593 4746 2807 4802 quoque
2874 4730 3100 4801 qualiter
3158 4729 3224 4784 ab
3285 4731 3485 4786 exteris
3546 4729 3619 4786 ti-

2027 4838 2234 4886 meatur
2259 4844 2273 4882 ἶ

2594 4915 2819 4972 CAPUT
2859 4912 3044 4969 XVIII.

2104 5057 2264 5113 Vsus.
2293 5056 2347 5123 9,
2381 5055 2469 5111 I0.
2494 5082 2563 5095 --
2590 5050 2857 5122 Principes
2896 5049 3156 5104 cessabant
3200 5049 3368 5120 loqui,
3400 5058 3448 5103 et
3488 5047 3621 5117 digi-

2032 5219 2156 5272 dem
2187 5216 2318 5273 Mss.
2351 5214 2511 5282 paulo
2541 5211 2677 5270 inira
2710 5210 2909 5268 habent
2951 5208 3253 5265 cathedram
3282 5208 3509 5274 sederet,
3538 5206 3624 5263 vel

2032 5288 2279 5343 cathedra
2303 5287 2519 5343 sederet.
2628 5284 2635 5288 ’

2106 5358 2125 5398 ί
2166 5358 2360 5414 Excusi
2408 5372 2528 5411 cum
2577 5356 2787 5418 Germ.,
2834 5355 3078 5425 gravitate
3119 5351 3423 5425 rlulgiuntur,
3474 5352 3621 5425 relu-

2031 5430 2298 5558 tétantihus
2316 5428 2442 5485 Mss.
2466 5427 2677 5493 Norm.,
2706 5420 2956 5491 Vind'oc.,
2987 5424 3176 5490 l.aud.,
3200 5420 3430 5489 Turon.,
3454 5423 3620 5479 (λοι-ι).

2081 5518 2215 5558 erm.

2081 5518 2215 5559 erm.

2106 5584 2130 5620 ε
2164 5572 2416 5637 Vindoc.,
2440 5572 2485 5627 si
2510 5588 2670 5625 senes.

2106 5644 2131 5681 ιι
2165 5645 2371 5699 Postcr.
2402 5634 2545 5698 Editi
2584 5657 2703 5695 cum
2750 5638 2958 5703 Germ.,
2991 5637 3112 5691 levis
3150 5639 3355 5707 quique.
3387 5635 3517 5701 Alii,
3548 5634 3628 5692 ls-

2031 5734 2112 5772 ves
2133 5717 2319 5787 quique
2344 5727 2494 5787 sunt,
2519 5722 2610 5769 aut
2639 5714 2768 5787 leves
2793 5710 2988 5787 guippg
3012 5717 3128 5787 sunt
3146 5711 3231 5787 qui
3263 5708 3490 5779 fugiunt.
3522 5708 3624 5764 56-

2034 5779 2245 5859 quimur
2274 5788 2400 5843 Mss.
2427 5779 2635 5849 Norm.,
2661 5782 2925 5846 Laudun.,
2949 5779 3113 5839 Corh.
3137 5779 3346 5847 Germ.,
3368 5789 3472 5835 etc.
