4104 6350
1270 326 1278 342 ‘
1330 326 1397 364 ⁵⁵³9

514 409 613 464 M5
680 438 683 441 λ

1718 400 1961 459 SANCTI
2005 376 2329 465 cudone“
2368 401 2589 460 MAGNI

3680 400 3791 459 1ιὸ

510 535 616 579 tum
654 523 1058 595 superponebant
1096 523 1173 576 ori
1212 537 1324 577 suo.
1374 519 1562 575 Vocem
1604 534 1752 576 suam
1795 518 2090 575 cohibebant
2114 520 2171 580 Α
2201 517 2487 587 premitur,
2521 516 2697 587 pravis
2735 514 3039 587 quibusque
3083 514 3526 585 praedicatoribus
3570 514 3789 573 licentia

511 620 683 683 duces,
715 626 762 671 et
788 616 965 685 lingua
991 631 1165 670 eorum
1191 615 1386 685 gutturi
1410 629 1500 667 suo
1528 613 1841 668 adhwrebat.

578 711 668 766 27.
704 708 951 765 Ηωνειὶοί
992 709 1143 763 silere
1188 707 1351 761 coacti
1393 706 1452 761 S.
1485 704 1720 780 Gregorii
1762 703 2089 774 temporibus.

509 802 754 859 Παντιιὶσὶ
782 804 837 855 in
862 801 1014 872 culpa
1041 798 1387 864 concordant,
1417 799 1469 851 in
1495 797 1753 852 sententiis
1781 798 2091 867 discrepant.

508 895 573 950 In
599 895 842 951 Ecclesia:
866 895 1112 958 adversis,
1136 892 1361 947 hwretici
1387 892 1541 947 libere
1569 891 1874 961 pradicant.
1896 919 1965 931 -—
1993 889 2092 955 Qui

506 987 610 1042 hoc
629 986 746 1041 loco
765 985 854 1040 alii
882 985 1043 1040 duces
1066 983 1289 1054 intelligi
1319 983 1402 1037 vel
1435 981 1703 1052 principes
1737 989 1960 1051 possunt
1990 978 2093 1034 nisi

506 1078 772 1134 haeretica.-
814 1078 1094 1146 pravitatis
1144 1076 1423 1130 auctores?
1464 1073 1540 1129 De
1572 1074 1764 1144 quibus
1805 1088 1898 1144 per
1945 1073 2093 1128 Psal-

503 1172 716 1227 mistam
761 1168 997 1224 dicitur:
1030 1166 1218 1235 Eﬁusa
1247 1176 1319 1221 est
1356 1168 1607 1221 contentio
1645 1182 1798 1236 super
1839 1166 2094 1236 principes

504 1280 709 1331 eorum,
735 1272 781 1316 et
812 1261 1126 1316 seduxerunt
1147 1276 1232 1312 eos
1252 1260 1305 1313 in
1330 1260 1485 1325 invio,
1518 1268 1564 1313 et
1596 1276 1696 1313 non
1720 1259 1771 1312 in
1808 1258 1890 1311 via
1917 1255 2089 1329 (Psal.

503 1372 618 1421 ενι,
650 1355 772 1423 40).
805 1355 905 1423 Ipsi
938 1353 1135 1409 etenim
1177 1352 1302 1406 dum
1352 1351 1806 1420 dispensationem
1841 1349 1936 1403 Dei
1968 1364 2090 1417 per-

503 1464 659 1503 verse
687 1446 1031 1517 interpretari
1057 1458 1161 1501 non
1191 1452 1462 1511 metuunt,
1496 1443 1735 1513 profecto
1766 1444 1952 1512 plebes
1979 1444 2095 1496 sul:-

504 1634 649 1687 vium
684 1632 923 1686 trahunt.
954 1632 1130 1700 Super
1159 1646 1295 1700 quos
1341 1640 1488 1687 recte
1527 1645 1739 1700 quoque
1769 1630 1935 1684 elIusa
1965 1643 2091 1684 con-

484 1722 670 1799 .tentio
707 1722 921 1789 dicitur,
951 1721 1075 1791 quia
1105 1723 1216 1775 suis
1260 1721 1361 1774 sibi
1403 1720 1641 1775 vicissim
1684 1721 2091 1790 allegationibus

484 1815 895 1889 contradicunt.
921 1814 1078 1868 Arius
1101 1814 1296 1883 quippe
1322 1822 1429 1868 tres
1455 1826 1710 1881 personas
1735 1812 1786 1865 in
1814 1812 2093 1867 divinitate

482 1898 818 1981 “suscipiens,
864 1915 971 1961 tres
1011 1906 1170 1961 etiam
1222 1906 1351 1960 deos
1399 1906 1648 1962 credidit.
1689 1906 1859 1974 Quem
1907 1916 2094 1962 contra
2130 1898 2175 1956 B

500 1998 760 2055 Sabellius
788 2015 951 2054 unum
984 2000 1148 2054 Deum
1180 1998 1501 2068 suscipiens,
1532 2015 1690 2053 unam
1719 1999 1943 2054 credidit
1970 2015 2089 2053 esse

484 2090 808 2165 personam.
841 2090 981 2146 Inter
1012 2106 1145 2160 quos
1186 2102 1369 2145 sancta
1420 2091 1661 2146 Ecclesia
1708 2102 1912 2146 rectum
1956 2098 2090 2162 prse-

478 2166 786 2253 fdicationis
814 2197 925 2237 suae
978 2184 1244 2237 tramitem
1294 2182 1745 2237 indeclinabiliter
1795 2193 2001 2248 tenens,
2035 2192 2089 2238 et

499 2290 663 2329 unum
697 2274 861 2329 Deum
896 2273 1215 2344 praedicans,
1253 2283 1357 2329 tres
1387 2288 1641 2343 personas
1669 2282 1853 2327 contra
1905 2274 2089 2330 Sabel-

482 2352 632 2439 ζιίυιιι
665 2366 887 2430 asserit,
919 2376 974 2419 et
1003 2375 1110 2421 tres
1139 2380 1393 2434 personas
1422 2380 1689 2430 asserens,
1724 2382 1885 2420 unum
1923 2367 2086 2420 Deum

501 2468 685 2513 contra
708 2458 891 2512 Arium
921 2458 1225 2513 confitetur.
1245 2458 1381 2526 Quia
1411 2466 1589 2512 autem
1616 2457 1666 2510 in
1692 2473 1845 2512 sacro
1872 2460 2091 2527 eloquio

478 2551 823 2624 'ltlanichaeus
855 2551 1209 2621 virginitatem
1252 2550 1455 2605 laudari
1499 2551 1801 2619 comperit,
1847 2550 2087 2621 conjugia

478 2632 791 2696 ‘damnavit.
816 2642 885 2697 At
913 2651 1098 2696 contra
1122 2651 1148 2678 ι
1166 2641 1480 2697 Jovinianus
1512 2642 1633 2711 quia
1661 2641 1878 2696 concedi
1905 2641 2091 2710 conju-

480 2742 582 2811 gia
609 2737 889 2809 cognovit,
924 2737 1237 2808 virginitatis
1279 2735 1593 2791 munditiam
1626 2735 1891 2802 deSpexit.
1927 2734 2080 2790 Unde.

478 2830 556 2884 ’ﬁt
579 2840 631 2885 ut
654 2846 867 2899 semper
890 2830 1159 2885 haereticis
1184 2845 1436 2900 perversa
1459 2830 1805 2900 intelligentia
1828 2832 2086 2895 confusis,

480 2924 733 2978 ‘vicissim
765 2923 864 2978 sibi
895 2938 1081 2978 eorum
1128 2921 1368 2991 nequitia
1397 2930 1451 2977 et
1481 2922 1531 2975 in
1579 2922 1733 2991 culpa
1765 2923 2084 2987 concordet,

480 3014 553 3069 'et
574 3016 627 3068 in
647 3016 908 3070 sententia
926 3015 1213 3084 discrepet.
1233 3014 1300 3067 At
1318 3025 1500 3067 contra
1526 3022 1707 3069 sancta
1729 3014 1966 3068 Ecclesia
1995 3029 2088 3083 per

476 3091 707 3160 'medias
731 3116 1073 3173 utrarumque
1105 3107 1333 3173 partium
1365 3105 1485 3160 lites
1507 3106 1670 3177 619
1692 3106 1932 3160 ordinata
1964 3121 2091 3176 pace

501 3196 761 3267 graditur,
793 3206 846 3252 et
868 3198 943 3250 sic
973 3196 1071 3251 scit
1103 3198 1382 3265 superiora
1415 3198 1553 3253 bona
1582 3198 1879 3265 suscipere,
1910 3207 1963 3251 ut
1997 3214 2092 3251 no-

504 3291 637 3343 verit
666 3290 824 3344 etiam
856 3288 1106 3344 inferiora
1138 3292 1413 3350 venerari,
1444 3301 1707 3361 quatenus
1744 3307 1840 3345 nec
1881 3307 2088 3346 summa
2115 3301 2164 3367 ρ

480 3370 678 3450 ’τιξιιυθι
699 3379 920 3445 inlimis,
944 3394 1043 3435 nec
1066 3396 1275 3435 rursum
1301 3383 1399 3435 ima
1425 3382 1715 3452 despiciat,
1735 3397 1853 3437 cum
1879 3398 2086 3438 summa
2178 3426 2181 3427 ν

476 3470 808 3525 ‘veneratur.
829 3471 979 3525 Nunc
1002 3486 1130 3543 ergo
1152 3472 1521 3529 hzereticarum
1548 3476 1777 3544 plebium
1806 3478 2088 3546 principes,

480 3564 872 3620 ’auctoritatem
904 3574 1104 3620 sanctae
1145 3566 1400 3622 Ecclesia:
1433 3570 1846 3638 perpendentes,
1880 3580 2094 3626 cessant

474 3646 481 3651 ’
501 3655 664 3724 loqui,
682 3666 731 3709 et
755 3656 908 3726 quasi
931 3657 1009 3710 ori
1029 3672 1127 3711 suo
1140 3659 1358 3728 digitum
1374 3654 1771 3732 superponunt,
1793 3664 1918 3718 dum
1942 3665 2090 3720 falsis

502 3747 731 3816 querelis
774 3764 880 3803 non
926 3750 1129 3805 ratione
1169 3752 1313 3807 vocis
1354 3769 1413 3807 se
1461 3754 1708 3823 reprimi,
1740 3754 1834 3810 sed
1880 3753 2092 3809 virtutis

471 3828 659 3896 ‘manu
691 3844 1010 3913 signiﬁcant.
1039 3843 1236 3901 Vocem
1268 3861 1415 3901 suam
1449 3848 1612 3903 duces
1643 3849 1932 3914 cohibent,
1966 3851 2089 3920 quia
2176 3882 2181 3887 -

502 3934 751 3988 nimirum
784 3935 835 3989 hi
866 3936 954 4005 qui
996 3946 1114 4006 post
1143 3952 1201 3991 se
1229 3950 1470 3995 errantes
1500 3941 1722 4010 populos
1755 3941 1966 3996 trahere
1994 3958 2089 3997 co-

470 4016 721 4093 nantur,
764 4043 830 4083 ne
874 4029 1014 4099 loqui
1048 4045 1298 4099 perversa
1344 4048 1485 4088 nunc
1528 4034 1790 4099 audeant,
1822 4044 1877 4090 et
1903 4045 2090 4091 aucto-

500 4119 678 4173 ritatis
716 4119 991 4173 frenentur
1034 4122 1291 4190 pondere,
1325 4132 1381 4177 et
1418 4124 1613 4180 virtute
1662 4127 1906 4183 rationis.
1950 4129 2090 4194 Quo-

502 4230 621 4269 rum
655 4215 829 4285 lingua
862 4229 960 4269 suo
990 4217 1186 4285 gutturi
1233 4216 1498 4282 adliceret,
1528 4220 1649 4288 quia
1700 4220 1798 4275 etsi
1840 4236 2090 4290 perversa
2168 4256 2175 4259 τ

480 4296 645 4380 loqui
679 4310 843 4365 libera
872 4324 1005 4365 voce
1036 4324 1137 4362 non
1169 4311 1427 4375 audeant,
1462 4312 1603 4366 intus
1650 4321 1827 4368 tamen
1860 4314 1997 4383 apud
2030 4329 2092 4370 se

500 4409 790 4470 contegunt
820 4410 1011 4456 cuncta
1058 4417 1175 4471 qum
1217 4401 1450 4457 contrab
1475 4419 1650 4458 veram
1695 4406 1850 4461 fidem
1893 4421 2092 4477 propo-

500 4507 632 4547 nere
682 4493 809 4548 falsa
861 4493 1172 4548 moliuntur.
1218 4495 1417 4550 Horum
1464 4512 1593 4569 ergo
1644 4509 1973 4569 temporum,
2005 4516 2090 4555 se-

501 4586 684 4655 quenti
727 4585 1073 4641 tribulatione
1114 4587 1469 4657 deprehensa,
1505 4591 1854 4647 reminiscens
1901 4593 2086 4649 Eccle-

466 4664 580 4757 Lsia
612 4676 885 4746 deplorat,
914 4678 1099 4734 dicens
1127 4698 1137 4730 :
1177 4681 1397 4747 Quando
1421 4685 1748 4753 procedebam
1791 4687 1858 4737 ad
1883 4697 2087 4756 portam
2115 4664 2557 4788 Β»

504 4768 740 4831 civitatis,
765 4778 811 4821 et
840 4770 892 4821 in
923 4772 1089 4839 platea
1121 4773 1371 4841 parabant
1400 4774 1695 4829 cathedram
1737 4777 1881 4830 mihi.
1930 4776 2083 4831 Vide-

503 4861 624 4913 bant
653 4877 732 4913 me
750 4861 981 4931 juvenes,
1011 4870 1058 4915 et
1086 4862 1541 4929 abscondebantur,
1571 4876 1615 4919 ct
1645 4884 1786 4921 senes
1813 4886 2087 4938 assurgen-

503 4962 578 5004 tes
616 4952 839 5005 stabant.
885 4952 1149 5024 Principes
1177 4956 1437 5011 cessabant
1467 4959 1637 5024 loqui,
1672 4969 1718 5011 et
1750 4961 1966 5028 digitum
2002 4979 2088 5014 su-

462 5068 475 5079 -
502 5046 847 5115 perponebant
884 5049 962 5100 ori
1001 5063 1114 5104 suo.
1152 5048 1336 5105 Vocem
1385 5068 1535 5103 suam
1570 5052 1722 5105 duces
1758 5050 2086 5119 cohibebant,

466 5204 473 5210 Ι
500 5144 547 5189 et
577 5135 753 5205 lingua
780 5152 956 5191 eorum
985 5141 1180 5210 gutturi
1224 5157 1315 5193 suo
1358 5141 1666 5195 adltwrebat.
1694 5142 1773 5197 Ac
1816 5144 1862 5198 si
1906 5154 2090 5211 aperte

464 5226 644 5282 'dicat
680 5246 692 5280 :
734 5229 865 5283 Cum
918 5231 1209 5298 praedicare
1258 5234 1385 5285 mihi
1418 5243 1438 5270 ο
1473 5248 1603 5289 voce
1649 5235 1857 5303 publica
1908 5237 2086 5303 licuit,

464 5376 469 5381 ,
503 5322 682 5376 οιὴιιίε
713 5338 798 5377 me
822 5324 911 5393 qui
937 5324 1144 5379 veritati
1176 5339 1277 5378 non
1312 5324 1409 5379 fuit
1432 5328 1704 5395 subjectus
1729 5332 1964 5395 expavit.
1995 5332 2089 5389 lllo

468 5426 733 5477 .nainque
784 5422 1023 5484 tempore
1061 5430 1182 5471 cum
1232 5427 1418 5473 sancta
1471 5418 1716 5476 Ecclesia
1764 5424 2087 5485 adversitate

573 5601 601 5668 ξ
633 5594 883 5668 Lissum,
910 5596 1181 5652 Iovianus.
1209 5598 1415 5668 Germ.,
1437 5600 1713 5657 Jobianus.

572 5662 601 5702 ι’
631 5664 779 5740 lilii,
799 5681 928 5740 cum
944 5668 1106 5740 Coris.
1138 5669 1346 5736 Germ.,
1372 5662 1528 5740 fidem
1553 5683 1763 5729 rectam.

581 5745 604 5774 ο
634 5734 886 5805 Plerique
912 5737 1065 5802 Mss.,
1088 5755 1205 5795 voce
1235 5734 1413 5798 libera.

580 5806 605 5841 ‘
640 5805 845 5861 Censet.
872 5818 923 5861 et
955 5809 1073 5875 alii,
1100 5816 1235 5878 quod
1260 5831 1313 5868 os
1342 5816 1579 5884 loquitur.

2197 609 2482 667 locutionis
2521 610 2699 677 datur.
2728 606 2872 683 [νει.
2896 608 3050 681 Πα]
3090 609 3243 675 Quod
3276 610 3434 681 longe
3460 619 3586 665 ante
3632 610 3788 667 lere-

2197 703 2333 758 mias
2379 702 2612 768 intuens,
2658 704 2768 757 ait:
2801 702 3007 758 Sedet
3045 703 3218 767 tandm
3260 704 3577 760 nudaverant
3622 719 3788 759 mont-

2174 811 2369 859 .mam,
2413 795 2733 851 iactaverunt
2779 795 2979 850 catulos
3023 811 3145 849 suos
3194 793 3408 866 (Tarsa.
3437 811 3509 860 tv,
3533 795 3614 865 5).
3647 795 3785 863 Quid

2180 903 2431 963 namque
2465 888 2677 954 lamias,
2716 888 2818 944 nisi
2867 888 3151 944 haereticos
3199 888 3462 958 appellat,
3500 888 3787 945 humanam

2172 982 2415 1053 .quidem
2446 982 2671 1047 faciem,
2701 982 2797 1039 sed
2845 981 3082 1037 belluina
3114 998 3207 1050 per
3248 981 3576 1051 impietatem
3627 980 3791 1036 corda

2194 1077 2502 1147 gestantes?
2524 1075 2627 1145 Qui
2659 1084 2784 1131 tunc
2813 1090 3103 1131 mammam
3131 1075 3362 1141 nud..nt,
3390 1090 3512 1130 cuiu
3542 1088 3787 1130 errorem

2176 1182 2355 1226 -suum
2384 1168 2552 1225 libere
2593 1167 2906 1239 praedicant.
2950 1167 3100 1225 Tune
3144 1168 3357 1222 catulos
3406 1167 3638 1231 lactant,
3668 1165 3794 1235 quia

2180 1263 2339 1331 .male
2386 1275 2648 1331 sequaces
2704 1259 3051 1328 parvulorum
3101 1259 3309 1315 animas
3359 1258 3492 1313 dum
3542 1269 3793 1325 perversa

2178 1354 2501 1422 insinuant,
2534 1354 2602 1410 ad
2631 1354 2963 1424 impietatem
2999 1353 3287 1417 nutriendo
3313 1351 3658 1411 conﬁrmant.
3690 1349 3793 1409 Se-

2175 1448 2378 1515 .nuitur
2406 1464 2420 1501 :

494 1541 643 1607 ditas
673 1554 778 1596 non
808 1540 863 1595 in
891 1554 1012 1595 eali
1038 1539 1178 1594 viam
1223 1553 1344 1609 quae
1372 1536 1616 1593 Christus
1653 1548 1766 1602 est,
1800 1536 1892 1591 sed
1927 1536 1985 1590 in
2012 1536 2091 1589 in-
2172 1598 2179 1603 ,

2611 1537 2841 1596 CAPUT
2882 1539 3002 1596 XIX
3035 1538 3184 1607 [Rea
3211 1537 3377 1594 ΧΙΠ.

2274 1653 2439 1708 Vens.
2466 1653 2526 1709 Η
2541 1682 2631 1708 .-
2647 1653 2801 1707 Auris
2827 1653 3047 1706 audiens
3070 1652 3396 1721 beatiﬁcabat
3422 1668 3524 1717 me,
3547 1660 3594 1707 et
3614 1651 3793 1708 oculus

2196 1750 2372 1803 ridens
2399 1748 2749 1803 testimonium
2774 1746 3024 1801 reddebat
3054 1745 3199 1800 mihi.

2275 1860 2365 1913 ‘28.
2401 1859 2649 1917 Ecclesia:
2687 1861 3026 1915 testimonium
3058 1860 3274 1914 reddere
3308 1858 3545 1912 debemus
3573 1858 3696 1911 bene
3721 1857 3794 1910 vi.

2202 1952 2388 2006 vendo.
2414 1981 2485 1993 —
2516 1952 2651 2006 Dum
2686 1952 2977 2007 beatificari
3008 1966 3067 2005 se
3097 1951 3164 2005 ab
3194 1949 3553 2015 audientibus,
3588 1948 3797 2017 sibiqua

2200 2048 2587 2107 testimonium.
2615 2047 2762 2100 reddi
2793 2061 2821 2099 a
2856 2045 3161 2099 videntibus
3212 2043 3409 2098 fatetur
3453 2043 3640 2097 beatus
3671 2040 3793 2107 Job,

2195 2137 2374 2205 qualis
2401 2138 2456 2191 in
2484 2150 2754 2201 sermone,
2786 2135 2961 2205 qualis
2989 2135 3041 2188 in
3067 2148 3231 2203 Opere
3261 2134 3448 2195 fuerit,
3474 2131 3795 2187 ostenditur.

2195 2228 2378 2297 Neque
2401 2227 2542 2281 enim
2569 2236 2659 2281 aut
2685 2228 2737 2281 iu
2764 2240 2928 2295 opere
2948 2225 3056 2294 jam
3085 2224 3355 2291 perfectus
3378 2231 3479 2285 est,
3504 2223 3588 2276 cui
3617 2221 3796 2276 adhuc

2196 2319 2392 2388 linguas
2424 2318 2659 2387 pravitas
2688 2316 3041 2381 contradicit;
3072 2324 3169 2369 aut
3217 2315 3270 2368 in
3311 2327 3564 2368 sermone
3611 2311 3795 2366 lauda-

2196 2410 2336 2474 bilis,
2366 2408 2454 2480 qui
2484 2409 2585 2464 hoc
2610 2406 2638 2445 ἀ
2664 2408 2805 2478 quod
2836 2408 3072 2477 loquitur
3100 2420 3262 2475 opere
3291 2419 3398 2459 non
3429 2403 3686 2461 ostendit.
3720 2402 3794 2459 Ut

2197 2502 2359 2573 igitur
2391 2504 2580 2557 beatus
2608 2500 2711 2556 Job
2740 2501 3036 2554 amicorum
3068 2512 3285 2550 suorum
3336 2495 3792 2567 increpationibus

2206 2607 2423 2650 exactus
2457 2604 2681 2665 utraque
2729 2608 2787 2648 se
2839 2591 3091 2646 habuisse
3122 2590 3433 2663 perhibeat,
3463 2603 3583 2643 sese
3614 2598 3668 2643 et
3698 2603 3795 2641 au-

2200 2688 2469 2743 dientibus
2491 2696 2545 2742 et
2573 2686 2878 2741 videntibus
2905 2681 3236 2752 venerationi
3268 2682 3433 2736 fuisse
3460 2680 3792 2736 manifestat.

2194 2782 2347 2850 Quod
2380 2781 2424 2836 si
2456 2781 2521 2836 ad
2566 2795 2750 2835 vocem
2800 2786 2999 2834 sancta:
3050 2776 3303 2831 Ecclesim
3351 2775 3671 2839 referamus,
3706 2773 3795 2828 ille
3834 2828 3839 2833 ,

2195 2876 2310 2942 ejus
2355 2871 2522 2927 verba
2570 2871 2868 2936 beatiticat,
2910 2868 3033 2938 quia
3081 2883 3143 2922 ea
3188 2882 3309 2936 quae
3356 2864 3590 2920 audierit
3630 2877 3794 2933 opere

2196 2974 2559 3021 consummat.
2586 2962 2677 3019 Ille
2700 2962 2753 3019 si
2781 2960 3145 3017 testimonium
3177 2958 3384 3025 reddit,
3412 2957 3501 3029 qui
3529 2956 3794 3025 exemplis

2201 3066 2224 3094 ε
2248 3058 2368 3112 vita:
2400 3056 2477 3111 illi
2526 3055 2662 3111 bene
2696 3054 2924 3109 vivendo
2966 3052 3277 3122 respondet.
3311 3050 3564 3106 Sanctam
3593 3050 3793 3104 etenim

2197 3150 2493 3206 Ecclesiam
2543 3148 2631 3204 ille
2679 3147 2944 3203 veraciter
2993 3147 3171 3212 videt,
3218 3143 3369 3213 cujus
3416 3150 3637 3198 testatur
3686 3141 3795 3197 vita

2198 3243 2322 3313 quia
2352 3242 2516 3297 videt.
2550 3241 2630 3296 Ad
2664 3242 2766 3296 hoc
2800 3254 3029 3311 namque
3062 3240 3321 3293 bonorum
3365 3239 3504 3291 intra
3554 3251 3671 3289 eam
3705 3251 3794 3289 re-

2196 3332 2400 3389 ctitudo
2446 3336 2707 3402 cernitur,
2756 3342 2814 3388 ut
2866 3335 3059 3403 quique
3112 3332 3247 3386 hanc
3297 3330 3565 3397 viderint,
3606 3344 3635 3381 a
3680 3328 3794 3384 suis

2202 3427 2557 3497 pravitatibus
2585 3426 2940 3497 corrigantur.
2967 3424 3203 3479 Necdum
3229 3439 3358 3497 ergo
3390 3422 3526 3477 intra
3551 3430 3794 3478 sanctam

2199 3518 2489 3573 Ecclesiam
2517 3519 2661 3574 videt
2693 3519 2883 3584 bonos,
2911 3517 2997 3588 qui
3029 3531 3134 3571 non
3166 3524 3247 3570 est
3274 3514 3593 3571 emendatus
3620 3530 3645 3564 a
3679 3528 3793 3567 uia-

2196 3610 2282 3665 lis.
2304 3611 2407 3666 Sed
2433 3612 2575 3667 unde
2595 3609 2643 3665 ei
2664 3611 3024 3667 testimonium
3053 3609 3325 3676 reddatur,
3345 3607 3645 3665 ostenditur
3664 3621 3790 3663 cum

2196 3708 2473 3777 subiungit
2498 3726 2511 3761 :
2756 3766 2761 3777 _
2908 3704 2911 3707 ’

2804 3797 3033 3857 CAPUT
3070 3798 3192 3853 XX.

2272 3891 2431 3946 Vens.
2465 3892 2555 3959 12,
2590 3893 2675 3946 l5.
2701 3922 2769 3931 —
2799 3889 2878 3945 Eo
2905 3891 3042 3962 quod
3072 3891 3363 3945 liberassem
3396 3906 3668 3961 pauperem
3698 3905 3790 3946 vo-

2192 3984 2521 4052 ciferantem,
2560 3994 2605 4038 et
2644 3985 2897 4056 pupillum
2938 3987 3021 4039 cui
3053 4002 3152 4039 non
3194 3996 3299 4039 erat
3349 3986 3572 4057 adjutor.
3624 3984 3792 4040 Βεηεξσ⁸

2194 4076 2347 4130 dictio
2389 4078 2602 4145 perituri
2626 4093 2778 4147 super
2806 4095 2884 4131 me
2916 4078 3176 4143 veniebat,
3210 4087 3256 4131 et
3285 4093 3372 4130 cor
3406 4077 3575 4132 vidua:
3612 4094 3791 4132 consov

2197 4168 2332 4223 latus
2358 4185 2494 4223 sum.

2264 4261 2354 4316 ‘29.
2387 4258 2626 4315 Ecclesia
2657 4259 2793 4329 ﬁlios
2822 4276 2939 4315 suos
2967 4269 3015 4314 et
3048 4261 3205 4331 pascit
3234 4270 3281 4315 et
3309 4261 3546 4332 protegit.
3572 4288 3640 4299 -—
3671 4260 3791 4314 llis-

2196 4368 2313 4422 gnte
2366 4348 2751 4407 misericordia:
2800 4352 2896 4405 ista
2948 4360 3073 4406 sunt
3118 4366 3305 4421 opera,
3356 4350 3585 4405 liberare
3625 4351 3787 4423 620

2195 4445 2577 4500 vociferantem
2628 4460 2954 4514 pauperem,
3002 4445 3202 4515 pupillo
3251 4442 3577 4514 adjutoriuni
3631 4445 3790 4499 minio

2195 4542 2386 4599 strare,
2424 4535 2713 4603 periturum
2746 4535 2976 4606 eripere,
3010 4550 3103 4589 cor
3131 4535 3313 4589 vidum
3359 4534 3653 4590 consolari.
3685 4536 3788 4589 Su-

2192 4624 2373 4696 perius
2401 4626 2543 4680 enim
2575 4626 2773 4681 dictum
2803 4636 2883 4680 est
2914 4625 3039 4696 quid
3068 4625 3310 4680 exhibuit
3340 4641 3434 4696 per
3461 4627 3785 4683 doctrinam.

2851 4720 3066 4774 audiens
3119 4719 3441 4788 beatiﬁcabat
3488 4736 3585 4773 me.
3636 4719 3787 4776 Nunc

2194 4819 2371 4865 autem
2403 4818 2583 4864 narrat
2629 4826 2747 4879 quae
2777 4825 2869 4878 per
2915 4809 3336 4865 misericordiam
3380 4810 3661 4879 impendit,
3695 4811 3777 4864 di-

2172 4910 2359 4955 cens:
2398 4901 2471 4954 Eo
2506 4900 2643 4969 quod
2683 4901 2973 4954 liberassem
3007 4918 3280 4970 pauperem
3316 4904 3705 4973 vociferantem,
3738 4913 3789 4958 et

2180 4990 2499 5064 ‘pupillum'
2542 4994 2625 5045 cui
2678 5010 2778 5046 non
2827 5004 2933 5047 erat
2982 4996 3213 5067 adjutor.
3261 4995 3618 5067 Voxgquippe
3663 5008 3786 5052 cum

2197 5100 2361 5153 opere
2392 5084 2493 5139 sibi
2543 5088 2849 5142 necessario
2879 5088 3192 5142 concordat.
3228 5088 3353 5142 "1‘ch
3388 5089 3573 5144 beatus
3604 5089 3705 5144 Job
3733 5100 3787 5145 et

2197 5174 2438 5229 exhibuit
2469 5177 2719 5246 subditis,
2753 5189 2807 5234 et
2838 5187 3019 5235 tamen
3063 5195 3158 5248 per
3195 5191 3436 5243 sanctam
3489 5181 3785 5239 Ecclesiam

2197 5268 2493 5322 exhibenda
2546 5271 2795 5339 signavit.
2849 5280 2873 5319 ε
2919 5273 3048 5340 Quae
3106 5283 3398 5344 utrumque
3443 5275 3785 5333 nuncinccs.

2194 5367 2439 5422 sabiliter
2465 5379 2715 5433 exercet,
2754 5380 2810 5424 ut
2839 5370 3088 5426 videlicet
3119 5371 3256 5427 filios
3282 5386 3409 5426 suos
3436 5380 3489 5425 et
3520 5372 3788 5442 loquendo

2199 5469 2412 5527 pascat,
2456 5470 2511 5516 et
2560 5462 2895 5521 defendendo
2948 5475 3227 5538 protegat,
3276 5476 3541 5539 quatenus
3588 5474 3643 5523 et
3692 5481 3787 5535 per

2276 5634 2299 5661 ο
2331 5622 2539 5677 Gemet.
2564 5631 2618 5676 et
2643 5623 2848 5689 Germ.,
2874 5626 2985 5681 vita:
3010 5627 3175 5685 illius.

2274 5691 2293 5729 ί
2329 5691 2494 5749 Laud.
2518 5701 2575 5748 et
2596 5695 2803 5760 Nora»,
2828 5698 2909 5750 cui
2936 5714 3038 5753 non
3063 5704 3211 5757 esset.

2168 5754 2169 5757 “
2267 5771 2293 5810 ε
2325 5762 2497 5831 Plan,
2527 5780 2640 5835 quis
2670 5754 2902 5837 utraque.
