4104 6350
410 291 524 384 ,ιιι

1248 292 1608 349 MORALIUM
1652 294 1783 357 LIB.
1825 294 1970 353 XIX.
2003 328 2071 338 —
2111 299 2335 359 CAPUT
2374 301 2586 365 XXVIII
2622 304 2681 357 Β.
2716 303 2851 358 ΙΟΒ.

3581 307 3678 359 iis

409 403 574 477 verba
595 404 977 475 bpnossatiet,
1001 412 1054 458 et
1081 417 1176 474 per
1205 403 1501 483 patrocinia
1532 413 1743 458 tueatur
1766 422 1795 459 a
1820 408 1993 463 malis.
2023 419 2079 476 Α
2110 411 2341 466 tionibus
2373 430 2401 467 a
2430 393 2597 482 culpa:
2638 416 2784 467 lutea
2814 417 3038 470 reducit.
3076 417 3226 473 Unde
3268 422 3523 488 scriptum
3558 432 3683 477 est:

409 494 553 555 Bene
581 507 760 557 autem
796 499 1049 571 scriptum
1066 498 1161 551 est
1188 515 1199 547 2
1230 494 1491 551 Gcrminet
1527 506 1664 552 terra
1690 500 1895 554 herbam
1923 504 1998 556 vi-

407 599 629 659 rentem,
666 600 717 645 et
761 592 1027 662 facientem
1068 606 1266 660 semen,
1303 602 1347 645 et
1389 592 1583 663 lignum
1614 603 1640 630 ι
1673 593 1998 671 fructiferum

406 683 599 750 faciens
624 686 852 754 fructum
868 686 1024 759 juxta
1047 700 1203 756 genus
1226 701 1374 742 suum
1399 684 1606 759 (Cenes.
1630 700 1676 755 1,
1704 686 1817 757 ii).
1844 687 1995 759 Quod

406 772 485 827 Sic
515 785 598 833 est
626 775 889 830 veraciter
916 776 1109 830 factum
1133 820 1148 845 ,
1179 785 1237 831 ut
1264 776 1588 848 signiﬁcaret
1616 779 1812 851 aliquid
1842 795 1998 835 vera-

404 866 542 935 citer
570 865 895 925 faciendum.
927 868 1030 925 Per
1061 878 1258 923 terram
1292 869 1488 943 quippe
1522 871 1778 945 tiguratur
1808 871 1997 927 Eccle-

406 958 508 1037 sia,
543 973 662 1029 qua:
702 966 756 1013 et
793 959 941 1017 verbi
991 974 1089 1015 nos
1136 960 1330 1031 pabulo
1376 961 1579 1027 reiicit,
1610 971 1663 1017 et
1707 963 1993 1031 patrocinii

408 1049 721 1105 Umbraculo
748 1053 1004 1121 custodit;
1037 1068 1156 1125 quae
1186 1062 1241 1108 et
1270 1054 1537 1131 loquendo
1566 1054 1768 1124 pascit,
1797 1065 1852 1111 et
1881 1057 1995 1125 opi-

411 1142 632 1197 tulando
676 1144 945 1217 protegit,
979 1152 1167 1199 utnon
1201 1146 1373 1200 solum
1426 1145 1643 1205 herbam
1687 1149 1993 1205 refectionis

408 1230 673 1302 proferat,
707 1233 801 1288 sed
841 1243 895 1288 et
924 1249 1043 1289 cum
1083 1234 1255 1291 fructu
1304 1238 1482 1309 operis
1526 1238 1769 1295 arborem
1816 1250 1995 1311 prote-

411 1326 626 1379 ctionis.

480 1414 623 1486 [Vet.
653 1414 841 1489 XVI.)
886 1417 974 1473 ὅθ.
1010 1417 1078 1472 1η
1124 1416 1367 1474 Ecclesiae
1404 1422 1682 1476 rectoribus
1719 1439 1811 1477 nec
1852 1424 1996 1497 vigor

407 1510 473 1563 sit
511 1511 728 1585 rigidus,
759 1528 849 1565 nec
888 1514 1220 1567 mansuetudo
1260 1513 1531 1568 dissoluta.
1560 1545 1631 1555 —
1655 1515 1993 1586 Perpenden-

407 1603 533 1657 dum
559 1602 586 1649 δ
611 1619 824 1675 quoque
845 1604 1000 1659 video
1027 1604 1110 1659 his
1130 1606 1218 1673 qui
1253 1605 1484 1673 plebium
1515 1606 1992 1679 gubernationibus

406 1703 676 1771 praesunt,
710 1696 851 1765 quod
896 1698 1141 1766 superius
1181 1698 1406 1753 dicens:
1451 1698 1699 1753 Videbunt
1726 1717 1804 1754 me
1842 1703 1994 1775 juve-

407 1803 516 1850 nes,
547 1796 593 1840 et
621 1787 1094 1853 abscondebantur;
1119 1804 1260 1843 nunc
1288 1788 1479 1844 astruit
1504 1805 1519 1844 :
1548 1788 1647 1844 Cor
1676 1792 1843 1847 uiduae
1873 1810 1991 1846 con-
2020 1806 2071 1868 Β
2110 1808 2115 1815 ·

410 1881 599 1933 solatus
646 1897 780 1934 sum.
831 1881 1038 1949 Quanta
1083 1880 1364 1951 disciplina
1413 1880 1710 1951 regiminis,
1762 1892 1821 1937 ut
1867 1894 1991 1940 ante

410 1985 530 2035 eum
557 1974 782 2041 juvenes
810 1973 1237 2038 abscondantur;
1270 1983 1467 2044 quanta
1497 1976 1850 2031 mansuetudo
1882 1980 1991 2048 pie-

412 2063 552 2129 tatis,
588 2073 644 2119 ut
673 2080 768 2137 per
794 2080 914 2122 eum
946 2066 1228 2122 viduarum
1261 2068 1423 2123 corda
1452 2070 1826 2129 consolentur!
1856 2072 1992 2128 Sunt

404 2152 637 2225 namque
684 2156 847 2228 (Dist.
890 2156 980 2223 45,
1025 2174 1142 2213 can.
1187 2169 1303 2213 sunt
1346 2160 1603 2232 namque)
1631 2161 1870 2217 nonnulli
1920 2164 1987 2217 ita

406 2234 653 2317 districti,
688 2260 742 2303 nt
765 2264 976 2305 omnem
1016 2251 1176 2306 etiam
1208 2261 1229 2289 ο
1256 2238 1719 2308 mansuetudinem
1746 2254 1992 2325 benigni-

404 2340 533 2395 tatis
561 2342 837 2408 amittant,
867 2350 919 2395 et
946 2352 1070 2397 sunt
1097 2343 1338 2397 nonnulli
1366 2345 1436 2398 ita
1465 2348 1755 2415 mansueti,
1784 2357 1841 2401 ut
1873 2365 1992 2418 per-

404 2433 534 2489 dant
561 2435 790 2490 districti
817 2434 939 2508 )ura
964 2439 1264 2509 regimtms.
1291 2437 1441 2493 Unde
1464 2440 1670 2495 cunctis
1692 2444 1989 2499 rectoribus

409 2535 634 2598 utraque
676 2542 1018 2599 summopere
1056 2537 1182 2591 sunt
1221 2532 1475 2601 tenenda,
1504 2541 1563 2588 ut
1589 2548 1687 2589 nec
1736 2536 1788 2589 in
1830 2536 1991 2592 disci—

402 2620 569 2697 plina:
600 2618 784 2695 vigore
822 2621 1203 2689 benignitatem
1245 2626 1689 2696 mansuetudinis,
1728 2644 1824 2683 nec
1874 2647 1989 2685 rur—

404 2728 520 2769 sum
563 2713 614 2766 in
659 2715 1067 2771 mansuetudine
1097 2715 1486 2772 districtionem
1534 2718 1788 2775 deserant
1832 2721 1990 2777 disci-

404 2787 587 2876 plinas,
618 2815 881 2875 quatenus
910 2822 1011 2862 nec
1038 2823 1068 2861 a
1098 2811 1469 2878 compassione
1511 2811 1721 2878 pietatis
1763 2814 1988 2869 obdure-

403 2905 586 2963 scant,
637 2912 757 2952 cum
810 2907 1155 2955 contumaces
1203 2901 1510 2971 corrigunt;
1559 2916 1657 2957 nec
1698 2903 1991 2973 disciplinae

403 2976 665 3060 vigorem,
692 2992 960 3063 molliant,
993 3008 1114 3048 cum
1162 2994 1495 3049 infirmorum
1545 2996 1754 3052 animos
1797 3012 1990 3053 conso-

400 3082 600 3137 lantur.
632 3083 801 3155 Rogat
828 3099 959 3156 ergo
985 3086 1283 3155 disciplinm
1315 3087 1465 3156 vigor
1492 3089 1985 3157 mansuetudinem,

2108 506 2208 571 Qui
2229 507 2450 567 converti
2472 508 2640 576 fecerit
2666 520 2981 577 peccatorem
3003 512 3063 562 ab
3078 516 3259 564 'errore
3274 512 3536 583 viteﬁzl
3556 520 3683 579 suae,

2102 590 2129 630 ἀ
2151 597 2363 649 salvabit
2394 597 2617 650 animum
2648 599 2756 668 ejus
2787 617 2817 650 α
2850 609 3028 665 morte,
3053 601 3077 624 '
3102 610 3149 654 et
3180 602 3370 669 aperiet
3399 604 3687 655 multitudi-

2101 703 2216 740 nem
2243 696 2565 757 peccatorum
2595 687 2735 760 (Jac.
2762 705 2813 755 v,
2836 689 2950 761 ‘20).
2985 691 3041 747 Si
3071 693 3213 746 enim
3245 708 3447 762 magna
3477 709 3683 747 merce~

2100 777 2182 831 dis
2208 788 2290 831 est
2321 795 2347 831 a
2382 790 2553 832 morte
2594 781 2809 848 eripere
2838 795 3052 836 carnem
3094 784 3412 853 quandoque
3454 786 3675 838 moritu-

2098 882 2243 933 ram,
2277 872 2460 938 quanti
2503 881 2584 925 est
2612 872 2789 925 meriti
2814 886 2843 925 a
2875 884 3044 927 morte
3074 875 3303 928 animam
3352 875 3601 940 liberare,
3633 876 3685 928 in

2100 961 2304 1016 caslesti
2344 963 2510 1030 patria
2540 964 2655 1016 sine
2685 966 2788 1017 line
2829 963 3125 1019 victuram?
3165 965 3271 1020 Cor
3301 975 3481 1021 autem
3514 968 3685 1020 viduas

2098 1055 2425 1116 consolatur,
2472 1053 2597 1108 dum
2644 1053 2793 1110 ﬁdeli
2840 1055 3028 1124 cuique
3078 1058 3269 1112 anima:
3315 1060 3404 1128 qui
3456 1068 3685 1112 aeternas

2100 1146 2312 1202 Domini
2359 1148 2741 1203 retributiones
2787 1157 3000 1215 narrat,
3030 1152 3182 1221 quasi
3211 1152 3311 1205 viri
3339 1153 3417 1206 sui
3452 1154 3584 1205 bona
3618 1151 3686 1206 ad

2101 1240 2417 1294 memoriam
2442 1250 2679 1296 revocat.
2704 1241 2805 1296 Cui
2827 1242 2947 1311 quia
2975 1243 3283 1312 spiritaliter
3302 1245 3476 1298 anima
3498 1244 3681 1314 juncta

2100 1340 2211 1396 est,
2242 1346 2306 1385 eo
2356 1341 2568 1386 mortuo
2597 1332 2751 1387 vidua
2798 1332 3012 1398 dicitur,
3043 1335 3135 1389 sed
3181 1345 3381 1391 sanctae
3425 1337 3681 1390 Ecclesiae

2098 1423 2317 1479 vocibus
2367 1440 2434 1479 ex
2483 1425 2600 1493 ejus
2653 1427 3050 1481 resurrectione
3098 1424 3387 1482 relevetur.
3438 1429 3687 1497 Magnam

2099 1529 2229 1584 ergo
2253 1516 2669 1571 consolationem
2691 1531 2785 1571 cor
2807 1517 2979 1572 viduae
3000 1519 3252 1587 suscipit,
3277 1519 3490 1587 quando
3515 1520 3691 1571 tidelis

2100 1607 2275 1660 anima
2316 1608 2368 1660 in
2414 1607 2589 1661 verbis
2623 1608 2874 1663 Ecclesia:
2906 1610 2972 1663 de
2999 1610 3233 1664 adventu
3280 1610 3423 1664 illius
3453 1611 3679 1679 aliquid,

2100 1696 2183 1750 cui
2209 1696 2521 1764 spiritaliter
2550 1705 2634 1751 est
2659 1698 2965 1767 conjuncta,
2993 1700 3287 1769 cognoscit.
3313 1699 3566 1769 Sequitur
3596 1719 3607 1753 :

2672 1830 2896 1885 CAPUT
2955 1829 3095 1886 XXI.

2169 1966 2336 2021 Vrsas.
2374 1963 2461 2019 14.
2485 1962 2788 2021 -—Justitia
2816 1966 3027 2027 indutus
3065 1983 3208 2034 sum,
3245 1968 3262 2005 τ
3294 1978 3341 2023 et
3385 1969 3557 2024 aestivi
3604 1985 3680 2024 ms

2095 2060 2222 2113 sicut
2243 2060 2555 2114 vestimento.

2160 2152 2252 2206 ‘52.
2285 2150 2453 2205 Nulla
2475 2153 2606 2206 bona
2630 2168 2784 2223 opera
2804 2162 2944 2219 sunt,
2968 2153 3011 2206 si
3032 2154 3201 2215 pratis
3231 2154 3536 2222 quibusdam
3564 2172 3675 2209 ma-

2093 2245 2347 2299 culentur.
2363 2272 2432 2287 --
2448 2244 2781 2300 Vestimenta
2803 2244 2984 2313 utique
3001 2259 3122 2299 cum
3142 2246 3420 2311 vestiatur,
3439 2262 3506 2301 ex
3525 2248 3674 2301 omni

2094 2342 2244 2408 parte
2266 2338 2682 2392 circumdamur.
2711 2338 2799 2393 Ille
2821 2353 2950 2409 ergo
2968 2338 3172 2408 justitia
3196 2341 3332 2394 sicut
3358 2341 3675 2396 vestimento

2092 2431 2339 2495 vestitur,
2369 2431 2455 2500 qui
2487 2445 2547 2485 se
2578 2430 2812 2498 undique
2836 2429 2974 2484 bono
3002 2445 3166 2498 opere
3199 2432 3450 2500 protegit,
3476 2440 3529 2486 et
3558 2430 3675 2484 uul-

2094 2521 2199 2575 Iam
2230 2531 2433 2590 partem
2475 2520 2701 2576 actionis
2732 2537 2840 2575 sua:
2887 2533 3102 2589 peccato
3154 2523 3348 2578 nudam
3401 2522 3668 2593 relinquit.

2093 2617 2227 2672 Nam
2258 2616 2346 2688 qui
2392 2618 2443 2671 iu
2493 2617 2609 2670 aliis
2639 2614 2934 2671 actionibus
2954 2616 3132 2685 justus
3159 2626 3271 2682 est,
3304 2616 3356 2672 in
3388 2616 3506 2671 aliis
3532 2616 3668 2685 inju-

2096 2717 2246 2775 stus;
2278 2707 2427 2777 quasi
2458 2710 2555 2763 hor
2589 2708 2725 2767 latus
2753 2707 3057 2777 conparuit,
3104 2707 3233 2761 illud
3284 2707 3528 2770 nudavit,
3577 2723 3674 2763 nec

2087 2799 2199 2870 jam
2231 2799 2367 2855 bona
2394 2808 2517 2857 sunt
2550 2813 2747 2868 opera,
2780 2814 2893 2867 qua:
2927 2798 3163 2855 subortis
3195 2798 3315 2853 aliis
3346 2800 3518 2866 pravis
3550 2814 3673 2865 upc~

2091 2892 2238 2949 ribus
2268 2892 2629 2961 inquinamur.
2667 2893 2802 2949 liinc
2830 2893 2971 2946 enim
3027 2908 3120 2960 per
3149 2892 3491 2947 Salomouem
3531 2893 3666 2946 dici-

2092 2994 2177 3040 tur
2204 3002 2218 3042 :
2252 2985 2353 3052 Qui
2384 2987 2435 3038 in
2464 3002 2564 3039 uno
2594 2986 2888 3054 o/fenlerit,
2920 2985 3081 3038 multa
3110 2985 3239 3037 bona
3268 2985 3441 3053 perdet
3473 2982 3671 3056 (Eccle.

2091 3084 2164 3145 lx,
2202 3080 2312 3147 18).
2344 3079 2472 3132 Ilinc
2506 3088 2529 3127 8
2563 3079 2793 3135 Jacobus
2816 3076 2979 3133 dicit:
3013 3079 3314 3143 Quicunque
3340 3088 3494 3132 totant
3514 3079 3673 3145 legem

400 3183 458 3230 et
486 3175 841 3232 mansuetudo
868 3187 1026 3235 ornet
1055 3181 1325 3249 vigorem,
1355 3189 1407 3235 et
1445 3181 1526 3237 sic
1572 3182 1800 3237 alterum
1836 3197 1983 3236 com-
2013 3178 2058 3241 C
2087 3171 2375 3235 εενυαυετὶι,
2411 3168 2636 3236 οΙΤεηιίαι
2669 3181 2835 3227 autem
2863 3172 2915 3227 ίη
2947 3185 3082 3233 ιιηον
3113 3172 3280 3238 [σειιιε
3328 3178 3402 3223 εδτ
3445 3185 3673 3220 ("mltum

398 3270 680 3324 mendetur
724 3285 789 3324 ex
829 3270 1003 3326 altero
1066 3281 1127 3326 ut
1171 3287 1268 3327 nec
1317 3272 1470 3340 vigor
1513 3274 1586 3329 sit
1629 3273 1852 3337 rigidus,
1889 3288 1985 3329 nec

400 3362 757 3417 mansuetudo
779 3364 1058 3419 dissoluta.

412 3470 413 3473 ‘
470 3452 560 3509 5|.
591 3452 807 3508 Pietatis
845 3470 999 3525 opera
1036 3457 1371 3527 corporaliter
1412 3465 1458 3511 et
1498 3457 1801 3526 spiritaliter
1842 3456 1986 3512 eishi—

398 3546 579 3600 bentur
604 3547 665 3599 ab
697 3546 945 3602 Ecclesia.
963 3577 1033 3587 —
1057 3547 1184 3604 Htec
1212 3556 1388 3604 autem
1419 3564 1539 3618 qua
1566 3564 1728 3619 supra
1754 3550 1987 3606 diximus

398 3639 619 3710 pietatis
641 3654 803 3709 opera
827 3648 1008 3695 sancta
1034 3640 1275 3696 Ecclesia
1297 3650 1353 3695 et
1373 3641 1724 3710 corporaliter
1746 3642 1985 3705 exhibet,

398 3741 454 3785 et
500 3731 810 3801 spiritaliter
839 3732 1101 3787 exhibere
1134 3747 1239 3787 non
1282 3740 1481 3787 cessat.
1516 3732 1646 3786 Nam
1698 3748 1983 3802 pauperem

396 3823 782 3881 ‘voeil’erantem
829 3824 1050 3892 liberat,
1081 3840 1202 3881 cum
1244 3826 1509 3895 peecatori
1556 3826 1762 3881 veniam
1794 3826 1985 3893 depre-

398 3920 542 3973 canti
574 3932 667 3973 eas
697 3932 831 3988 quas
859 3917 1199 3973 commiserat
1229 3920 1412 3987 culpas
1441 3919 1661 3973 relaxat.
1692 3919 1768 3973 De
1797 3916 1987 3977 talibus

399 4010 597 4080 quippe
643 4009 971 4078 pauperibus
1015 4010 1211 4065 dicitur
1245 4029 1257 4063 ε
1290 4008 1438 4065 Beati
1479 4027 1730 4083 pauperes
1765 4012 1985 4081 spiritu,

401 4104 646 4173 quoniam
692 4104 919 4171 ipsorum
950 4112 1023 4156 est
1052 4119 1267 4173 regnum
1297 4103 1537 4158 caelorum
1582 4104 1799 4175 (Matth.
1829 4120 1876 4169 v,
1907 4103 1983 4171 '5).

392 4194 469 4249 iit
508 4194 692 4248 talium
726 4207 1016 4263 pauperum
1047 4194 1251 4248 clamor
1288 4202 1368 4248 est
1410 4194 1709 4249 Psalmistae
1746 4208 1881 4248 voce
1909 4194 1990 4247 di-

394 4285 635 4341 centium
669 4301 683 4337 :
724 4284 837 4338 Cito
877 4300 972 4338 nos
1013 4287 1253 4355 anticipet
1304 4285 1657 4340 misericordia
1705 4294 1823 4349 tua,
1869 4286 1989 4346 quia

392 4391 654 4445 pauperes
682 4375 808 4447 facti
837 4391 1012 4430 sumus
1046 4377 1197 4430 nimis
1229 4375 1408 4445 (Psal.
1434 4392 1635 4435 Lxxvm
1654 4418 1668 4443 ,
1698 4377 1776 4447 8).
1812 4376 1993 4446 Pupil—

409 4466 514 4521 lum
537 4482 671 4523 vero
694 4468 780 4522 cui
811 4481 919 4522 non
945 4478 1028 4522 est
1062 4468 1273 4537 adjutor
1300 4469 1521 4534 liberat,
1550 4468 1676 4523 dum
1710 4470 1992 4537 unusquisv

2094 3279 2211 3316 reus
2241 3262 2382 3331 (Jac.
2415 3278 2473 3330 ιι,
2512 3264 2623 3331 10).
2656 3263 2823 3331 Quam
2868 3262 3121 3321 videlicet
3164 3260 3483 3317 sententiain
3523 3276 3673 3316 suam

2092 3353 2206 3423 ipse
2250 3354 2538 3423 diligenter
2573 3355 2855 3423 exposuit,
2898 3369 3018 3411 cum
3058 3354 3371 3422 subjuuxit:
3410 3352 3509 3419 Qui
3539 3356 3675 3405 enim

2092 3448 2245 3514 dixit,
2275 3446 2396 3501 Non
2423 3450 2772 3511 mtecltaberis,
2794 3448 2927 3501 dixit
2953 3457 3023 3509 et.
3058 3446 3182 3501 Non
3208 3448 3425 3502 occides.
3462 3448 3610 3510 Quod
3630 3448 3674 3498 si

2092 3555 2195 3595 non
2215 3538 2559 3605 moechaberis,
2592 3539 2793 3593 occidas
2822 3548 3017 3603 autem,
3049 3539 3215 3607 factus
3246 3554 3299 3592 es
3325 3546 3674 3605 transgressor

2094 3629 2220 3699 legis
2251 3628 2435 3692 (tua,
2471 3630 2581 3699 ιι).

2166 3739 2306 3812 [Vet.
2332 3738 2552 3811 XVII.)
2581 3740 2670 3795 35.
2700 3739 2839 3794 Hinc
2863 3740 3156 3794 adhibenda
3186 3739 3409 3808 undique
3442 3739 3677 3792 custodia

2092 3842 2138 3889 st
2164 3832 2449 3902 vigilantia.
2465 3829 2687 3891 Frustra
2708 3832 2903 3887 munita
2929 3841 3046 3887 sunt
3074 3842 3278 3895 caetero,
3302 3848 3417 3889 sum
3443 3829 3519 3884 vel
3545 3847 3679 3884 unus

2091 3923 2227 3979 hosti
2258 3923 2503 3991 panditur
2527 3921 2723 3977 aditus.
2745 3949 2817 3962 —
2842 3921 3032 3976 Cordis
3080 3936 3209 3989 ergo
3251 3922 3421 3975 oculis
3448 3922 3679 3975 circum-

2090 4028 2301 4083 quaque
2327 4014 2608 4081 porrectis,
2637 4014 2873 4083 undique
2913 4013 3066 4067 nobis
3098 4012 3399 4071 adhibenda
3432 4011 3676 4066 custodia

2094 4113 2195 4157 est.
2225 4102 2375 4158 Unde
2399 4115 2546 4160 recte
2565 4119 2775 4175 quoque
2805 4120 2897 4171 per
2918 4103 3255 4161 Salomone".
3278 4103 3501 4158 dicitur:
3527 4102 3681 4157 Omni

2095 4194 2333 4249 custodia
2376 4210 2523 4248 serva
2567 4210 2657 4248 cor
2688 4206 2859 4259 tuum,
2889 4196 3009 4264 quia
3048 4211 3109 4253 sa:
3152 4194 3265 4263 ipso
3306 4194 3409 4249 vita
3455 4193 3682 4263 procedit

2091 4284 2275 4355 (Prov.
2326 4300 2401 4347 tv,
2440 4284 2556 4355 25).
2590 4284 2840 4343 Dicturus
2880 4286 3019 4341 enim
3046 4285 3072 4321 ιι
3100 4286 3335 4343 custodia
3356 4323 3374 4349 ,
3428 4282 3681 4352 praemisit

2094 4377 2258 4445 omni,
2287 4386 2339 4432 ut
2377 4377 2628 4432 videlicet
2657 4377 3022 4447 unusquisque
3049 4379 3171 4431 hinc
3214 4376 3338 4437 inde
3368 4391 3427 4429 se
3456 4375 3677 4443 diligen-

2097 4479 2178 4525 ter
2204 4469 2476 4539 inspiciat,
2508 4477 2562 4527 et
2590 4468 2826 4539 quandiu
2866 4469 2920 4524 in
2952 4469 3051 4523 hac
3074 4471 3179 4523 vita
3208 4477 3322 4535 est,
3351 4478 3538 4523 contra
3571 4467 3681 4534 spi-

409 4573 537 4628 que,
568 4568 785 4615 mortuo
816 4560 1038 4629 antiquo
1078 4568 1231 4631 patre
1269 4561 1501 4625 diabolo,
1534 4562 1600 4615 ad
1644 4570 1845 4616 sanctae
1895 4562 1992 4615 Εε-
2020 4579 2073 4640 ι)
2099 4560 2279 4621 ritales
2309 4559 2555 4617 inimicos
2582 4558 2634 4612 in
2665 4558 2779 4613 acie
2806 4573 2865 4611 se
2894 4558 3122 4627 positum
3165 4557 3326 4624 sciat,
3371 4573 3437 4612 ne
3479 4574 3681 4612 merce-

409 4654 588 4709 clesias
609 4653 785 4708 sinum
812 4667 1059 4719 currens,
1092 4654 1144 4707 in
1177 4668 1235 4707 ea
1262 4652 1649 4707 exhortationis
1672 4653 1994 4721 adiutorium

411 4746 644 4809 invenit,
676 4744 767 4813 qui
789 4742 899 4815 jam
928 4745 1193 4800 desideria
1216 4744 1403 4799 mundi
1435 4746 1808 4813 persequentis
1836 4742 1996 4815 fugit.

362 4908 365 4909 ν
411 4831 592 4892 P0test
638 4836 822 4907 pupilli
869 4838 1082 4893 nomine
1123 4837 1301 4891 ﬁdelis
1329 4838 1556 4907 quisque
1583 4835 1743 4890 etiam
1778 4848 1995 4905 propter

409 4937 636 4983 mortem
658 4928 785 4983 boni
817 4929 979 4998 patris
1007 4928 1261 4999 intelligi,
1283 4927 1436 4997 cujus
1459 4926 1526 4981 ad
1554 4937 1762 4996 tempus
1786 4928 1991 4983 visione

410 5023 693 5079 destitutus
738 5034 853 5089 est,
883 5025 1127 5094 quamvis
1174 5024 1367 5077 solatio
1408 5023 1692 5077 destitutus
1742 5040 1848 5078 non
1885 5035 1987 5080 est.

410 5113 718 5170 Benedictio
740 5115 900 5169 etiam
930 5117 1148 5184 perituri
1176 5130 1337 5185 super
1363 5131 1481 5171 eam
1512 5126 1690 5185 venit,
1720 5132 1841 5171 cum
1872 5132 1996 5187 pec-

412 5207 606 5262 catoris
646 5206 920 5262 interitum
960 5210 1243 5277 praevenit,
1275 5218 1329 5264 et
1363 5224 1484 5265 cum
1516 5210 1716 5265 sanctis
1746 5210 1997 5265 exhorta-

481 5423 511 5486 ξ
539 5415 749 5481 Horon,
781 5416 1108 5486 pomiferum.

480 5484 509 5525 δ
540 5488 621 5554 Al.
634 5528 649 5552 ,
674 5488 878 5554 quippe.

484 5568 508 5628 ξ
541 5550 784 5612 Nonnulli
796 5550 816 5622 ⁷,
846 5556 1224 5610 mansuetudini
1248 5558 1621 5628 benignitatem.

480 5625 510 5667 ει
533 5628 561 5684 1
596 5628 786 5691 Laud.,
817 5628 1046 5682 saluauit.

487 5709 512 5738 ⁸
532 5700 716 5756 Germ.
742 5708 796 5753 et
818 5699 1024 5764 Νοιίιι..
1053 5708 1099 5753 et
1123 5699 1306 5766 operit.

2099 4651 2219 4705 dem
2249 4666 2408 4720 quam
2436 4666 2529 4718 per
2549 4652 2641 4703 bas
2664 4649 2905 4704 actiones
2927 4649 3147 4719 colligit,
3180 4665 3273 4719 per
3293 4650 3425 4704 alias
3448 4650 3679 4713 amittat,

2101 4760 2167 4798 ne
2198 4743 2321 4797 hinc
2346 4743 2485 4795 hosti
2519 4743 2663 4803 iores
2689 4742 2958 4809 obstruat,
2992 4752 3045 4795 et
3077 4742 3293 4796 aliunde
3319 4742 3518 4796 aditum
3553 4757 3683 4811 pau-

2099 4839 2210 4892 dat.
2236 4837 2293 4893 Si
2320 4853 2419 4907 qua
2443 4838 2639 4891 etenim
2666 4836 2860 4891 civitas
2886 4845 3074 4891 contra
3097 4837 3405 4890 insidiantes
3438 4837 3682 4890 inimicos

2103 4945 2292 5000 magno
2322 4928 2547 4984 valletur
2571 4942 2783 4999 aggere.
2817 4926 3043 4983 fortibus
3070 4929 3313 4997 cingatur
3332 4930 3524 4990 muris,
3561 4927 3577 4966 ί
3614 4942 3683 4982 ex

2100 5024 2245 5079 omni
2278 5032 2426 5092 parte
2456 5022 2686 5078 insomni
2712 5021 2978 5083 muniatur
3029 5021 3312 5088 custodia,
3348 5036 3515 5083 unum
3554 5035 3681 5074 vero

2104 5116 2157 5170 in
2187 5130 2249 5169 ea
2281 5114 2521 5168 foramen
2563 5114 2935 5173 tantummodo
2985 5115 3327 5175 immupitum
3366 5128 3463 5182 per
3508 5110 3679 5181 negli-

2104 5210 2337 5279 gentiam
2365 5207 2739 5277 relinquatur;
2769 5207 2896 5265 inde
2934 5209 3120 5278 procul
3164 5208 3326 5265 dubio
3372 5207 3545 5269 hostis
3592 5206 3683 5269 in-

2178 5412 2196 5451 ΐ
2227 5414 2409 5469 Germ.
2452 5413 2561 5467 et2
2588 5411 2782 5476 Laud.,
2826 5421 2875 5465 et
2903 5414 3097 5469 vestivit
3134 5427 3214 5465 nte
3255 5410 3385 5465 sicut
3411 5412 3679 5467 vestimen—

2100 5496 2246 5548 tum;
2278 5496 2331 5537 et
2352 5482 2427 5537 sic
2461 5483 2616 5537 infra.

2171 5565 2196 5626 β
2225 5553 2362 5611 Utic.
2395 5562 2448 5626 et
2474 5552 2773 5626 aliiLlacob
2790 5552 2932 5618 dicit,
2952 5554 3042 5626 qui
3073 5562 3230 5608 totam
3253 5555 3429 5626 legem.

2084 5664 2085 5667 η
2171 5624 2242 5697 ιιι
2286 5625 2449 5683 μηδ.
2481 5636 2536 5678 et
2567 5623 2764 5697 Turon.
2788 5662 2804 5687 ,
2839 5624 3134 5697 custodiam
3163 5623 3411 5697 preemisit
3463 5639 3678 5681 omnem.

2174 5695 2194 5743 ἱ
2223 5698 2380 5751 Deest
2402 5713 2466 5750 es
2488 5696 2621 5749 omni
2653 5702 2796 5760 parte
2835 5694 2887 5747 in
2920 5695 3052 5763 pler.
