4044 6346
456 318 550 374 119

1664 314 1909 374 SANCTI
1945 313 2277 373 GREGORII
2296 274 2528 374 Quaem

3631 324 3736 382 120

446 434 707 509 greditur,
740 435 829 505 qui
859 434 1093 503 undique
1122 430 1372 488 exclusus
1402 430 1699 487 videbatur.
1726 430 2030 488 Pharisreus
2061 439 2108 496 Α
2135 430 2315 499 beant,
2346 432 2575 489 solerter
2603 433 2891 505 aspiciunt,
2917 446 3079 510 atque
3126 438 3196 492 ad
3240 434 3448 509 agenda
3491 436 3637 500 bona
3675 455 3736 498 se

444 543 673 599 nutuque
705 528 817 594 ille,
848 529 936 598 qui
971 528 1021 582 in
1050 527 1303 596 templum
1336 534 1586 580 oraturus
1608 527 1867 592 ascendit,
1899 528 2032 583 civi-

443 632 604 681 tatem
637 623 835 679 mentis
862 636 972 675 suze
994 630 1190 689 quanta
1222 619 1520 674 munitione
1566 620 1880 685 vallaverit,
1928 636 2030 675 au-

440 715 686 770 diamus:
719 713 933 785 Jejuno,
976 710 1177 780 inquit,
1211 710 1287 764 bis
1332 710 1387 764 in
1433 710 1664 776 sabbato,
1698 710 1925 765 decimas
1962 711 2030 766 do

438 809 668 864 omnium
696 822 809 875 qum
836 804 1071 877 possideo
1103 802 1257 875 (Luc.
1287 819 1434 870 mn,
1457 804 1570 873 12).
1594 804 1697 872 Qui
1730 804 1987 872 praemisit
2010 822 2025 859 :

439 900 643 956 Gratias
666 917 760 970 ago
787 899 896 962 tibi,
927 911 1118 966 magna
1141 905 1286 951 certe
1314 897 1604 952 munimina
1632 896 1892 952 adhibuit.
1918 895 2026 953 Sed

437 994 711 1049 videamus
744 993 828 1046 ubi
877 990 1149 1045 insidianti
1200 988 1341 1044 hosti
1388 990 1729 1045 immunitum
1781 989 2024 1046 foramen

436 1085 648 1155 reliquit
677 1103 689 1137 :
729 1084 864 1150 Quia
914 1100 1015 1138 non
1059 1098 1174 1136 sum
1201 1084 1331 1137 sicut
1380 1085 1683 1152 publicanus
1711 1084 1805 1139 iste
1833 1082 2022 1154 (Ibid.,

434 1177 545 1247 11).
580 1177 717 1231 Ecce
747 1176 1020 1232 civitatem
1050 1179 1230 1232 cordis
1251 1176 1331 1231 sui
1362 1176 1743 1232 insidiantibus
1773 1177 2017 1233 hostibus

432 1284 525 1341 per
546 1268 830 1325 elationem
856 1270 1065 1337 aperuit
1091 1311 1104 1335 ,
1129 1285 1288 1341 quam
1323 1268 1518 1324 frustra
1551 1283 1646 1338 per
1669 1267 1931 1338 jejunium
1965 1277 2023 1323 et

430 1365 803 1436 eleemosynas
832 1366 1043 1419 clausit.
1075 1365 1345 1421 Incassum
1387 1363 1589 1418 munita
1621 1371 1746 1418 sunt
1782 1373 1978 1418 caetera
2001 1402 2019 1433 ,

429 1472 549 1514 cum
576 1458 726 1514 locus
755 1475 910 1527 Illllh‘,
944 1459 1011 1514 de
1037 1475 1143 1530 quo
1175 1458 1313 1513 hosti
1343 1467 1490 1528 patet
1517 1458 1693 1513 aditus
1715 1498 1729 1522 ,
1779 1459 2017 1513 munitus

431 1568 536 1609 non
569 1564 670 1609 est.
701 1553 912 1610 Gratias
943 1565 1091 1609 recte
1128 1554 1266 1625 egit,
1307 1550 1403 1608 sed
1457 1566 1710 1622 perverse
1748 1565 1809 1606 st:
1858 1565 2022 1621 super

430 1648 780 1718 publicanum
808 1646 1021 1701 extulit.
1054 1646 1335 1700 Civitatem
1368 1644 1546 1700 cordis
1593 1644 1675 1697 sui
1709 1642 2018 1698 extollendo

426 1740 691 1804 prodidit,
738 1754 897 1806 quam
949 1738 1272 1793 abstinendo
1322 1747 1376 1793 et
1431 1735 1710 1805 largiendo
1759 1736 2013 1791 servavit.

2141 523 2493 581 vehementer
2520 527 2838 595 accendunt,
2854 540 2905 586 et
2936 530 3004 587 de
3022 530 3339 602 perpetratis
3370 530 3522 586 titulis
3550 531 3735 589 distri-

2137 624 2225 668 Cte
2274 615 2620 685 redarguunt.
2657 616 2809 673 Unde
2862 619 3000 675 bene
3026 636 3238 691 quoque
3266 637 3361 689 per
3383 621 3733 680 Salomonem

2135 704 2332 762 dicitur
2364 724 2377 760 :
2411 708 2753 778 Cogitationes
2793 713 3057 784 justorum
3088 716 3291 785 judicia
3320 713 3503 784 (Prov.
3532 731 3626 778 XII,
3651 716 3729 788 ὅ).

2137 806 2159 835 ο
2198 798 2343 853 Intus
2370 800 2567 869 quippe
2589 801 2657 856 ab
2674 802 2819 856 omni
2843 806 3068 874 strepitu
3091 805 3335 861 saeculari
3355 806 3419 860 ad
3447 806 3608 863 corda
3633 823 3729 866 sua

2139 888 2385 953 redeunt,
2410 890 2588 962 ibique
2613 892 2911 948 ascendunt
2937 893 3166 949 tribunal
3191 894 3402 962 mentis,
3419 905 3577 964 atque
3601 908 3730 954 ante

2132 983 2316 1039 oculos
2347 998 2407 1039 se
2460 994 2513 1039 et
2571 986 2870 1055 proximum
2925 997 3185 1056 statuunt,
3211 989 3485 1045 deducunt
3511 991 3576 1044 ad
3609 1006 3728 1047 me-

2130 1074 2279 1130 dium
2309 1078 2544 1146 regulam
2570 1080 2901 1147 testamenti,
2930 1096 3030 1150 qua
3060 1082 3255 1136 dicitur
3282 1101 3295 1136 :
3332 1083 3458 1149 Quae
3486 1083 3640 1137 uultis
3670 1092 3728 1137 ut

2128 1170 2323 1240 faciant
2351 1173 2487 1225 vobis
2519 1171 2768 1240 homines,
2798 1184 2842 1229 et
2865 1190 2951 1229 uos
2973 1178 3150 1231 eadem
3176 1178 3329 1248 facite
3364 1178 3471 1232 iilis
3504 1178 3721 1247 (Matth.

2125 1278 2219 1330 vn,
2245 1262 2355 1332 12).
2383 1263 2410 1301 ά
2443 1264 2799 1321 Transierunt
2840 1270 2894 1323 in
2942 1285 2999 1325 se
3054 1285 3334 1339 personam
3378 1273 3639 1340 proximi,
3668 1281 3724 1328 et

2126 1355 2353 1411 sollicite
2398 1358 2686 1415 attendunt
2736 1360 2863 1431 quid
2910 1360 3012 1419 sibi
3052 1365 3096 1419 si
3125 1364 3197 1419 ita
3245 1374 3427 1421 essent
3477 1364 3593 1421 ﬁeri
3627 1367 3715 1423 vel

2129 1465 2233 1505 non
2268 1450 2382 1507 fieri
2410 1455 2559 1523 juste
2585 1454 2905 1526 voluissent,
2939 1459 3121 1529 sicque
3150 1458 3391 1514 districto
3414 1461 3535 1528 jure
3564 1471 3724 1529 atque

2124 1539 2329 1611 judicio
2355 1558 2571 1599 causam
2602 1560 2754 1601 suam
2780 1557 2831 1602 et
2859 1550 3089 1618 proximi
3115 1550 3264 1620 juxta
3295 1552 3497 1606 tabulas
3528 1552 3724 1611 divinas

2131 1635 2264 1706 legis
2315 1637 2366 1691 in
2402 1637 2519 1694 loro
2548 1640 2725 1695 cordis
2777 1644 3107 1699 examinant.
3137 1644 3280 1700 Bene
3323 1661 3455 1716 ergo
3478 1645 3672 1701 dicitur
3706 1665 3719 1701 :

2125 1725 2469 1798 Cogitationes
2479 1734 2742 1802 justorum
2760 1735 2985 1805 judicia,
3009 1736 3133 1805 quia
3162 1739 3276 1806 ipse
3292 1752 3477 1793 eorum
3504 1740 3722 1795 intimul

425 1829 576 1886 Victa
623 1839 707 1886 est
752 1845 847 1899 per
885 1830 1265 1887 abStinentiam
1311 1829 1466 1897 gula,
1499 1828 1773 1883 destructa
1807 1829 2015 1886 ventris
2046 1842 2094 1902 Β
2125 1830 2301 1875 motus
2355 1822 2533 1878 cordis
2564 1863 2579 1888 ν
2609 1826 2759 1894 quasi
2809 1826 3052 1895 quaedam
3107 1828 3242 1884 libra
3283 1837 3368 1885 est
3418 1829 3720 1900 iudiciariae

424 1924 709 1995 ingluvies,
740 1934 985 1995 superata
1016 1936 1099 1979 est
1128 1925 1293 1996 622
1324 1922 1570 1993 largitate
1605 1922 1847 1989 tenacia,
1885 1936 2013 1978 ava-

422 2016 542 2073 ritia
564 2017 838 2087 depressa.
858 2016 1066 2086 Quibus
1089 2016 1193 2073 hoc
1212 2017 1484 2072 laboribus
1508 2025 1685 2072 actum
1707 2016 2012 2074 credimus?

421 2110 526 2164 Sed
560 2127 591 2163 ο
618 2121 747 2181 quot
782 2112 991 2167 labores
1040 2127 1147 2166 uno
1187 2112 1317 2167 vitio
1365 2112 1604 2182 percussi
1655 2112 2008 2180 ceciderunt,

420 2215 616 2271 quanta
642 2204 780 2259 bona
817 2204 976 2258 unius
1006 2204 1177 2273 culpa:
1208 2203 1386 2274 gladio
1412 2213 1538 2259 sunt
1568 2205 1874 2272 perempta!
1904 2204 2013 2260 Un-

420 2298 487 2353 de
515 2313 837 2368 magnopere
866 2306 1079 2369 oportet
1120 2307 1175 2354 et
1220 2300 1359 2353 bona
1391 2303 1819 2369 semper‘agere,
1854 2297 2008 2354 etab

422 2392 554 2459 Ipsis
594 2406 693 2445 nos
726 2391 880 2445 bonis
910 2389 1161 2461 operibus
1197 2397 1353 2446 caute
1383 2390 1437 2445 in
1479 2388 1799 2460 cogitatione
1828 2400 2009 2445 custo-

421 2484 560 2552 dire,
594 2500 660 2541 ne
692 2486 734 2539 si
765 2496 998 2540 mentem
1030 2484 1259 2551 elevant,
1293 2484 1432 2540 bona
1462 2499 1570 2540 non
1602 2483 1732 2551 sint,
1759 2499 1880 2554 qua:
1902 2499 2009 2540 non

421 2581 625 2634 auctori
661 2582 910 2650 militant,
943 2582 1037 2639 sed
1067 2581 1309 2639 elationi.

489 2695 635 2768 illeo.
663 2697 711 2751 Χ
722 2697 744 2751 1
754 2695 863 2769 11].
896 2697 985 2752 Si.
1021 2697 1249 2752 Maxime
1272 2698 1557 2752 cauendum
1582 2713 1614 2751 a
1649 2696 1907 2769 superbia.
1934 2725 2010 2738 —

417 2790 493 2847 De
522 2806 624 2861 qua
656 2809 712 2847 re
738 2808 840 2846 nun
870 2793 1174 2848 inordinate
1200 2795 1432 2863 agimus,
1462 2794 1505 2848 si
1534 2807 1600 2848 ex
1630 2792 1797 2859 libris,
1821 2802 1847 2831 ι
1883 2792 2009 2849 licet

418 2900 523 2940 non
555 2887 848 2953 canonicis,
883 2886 976 2940 sed
1009 2895 1185 2940 tamen
1210 2886 1275 2940 ad
1298 2886 1710 2942 aediﬁcationem
1744 2884 2004 2941 Ecclesia:

418 2978 596 3037 editis,
634 2979 996 3032 testimonium
1027 2977 1383 3047 proferamus.
1418 2977 1645 3033 Eleazar
1683 2993 1916 3046 namque
1947 2976 1999 3030 in

417 3070 599 3140 pra-lio
627 3070 963 3138 elephantem
990 3070 1183 3126 feriens
1214 3072 1424 3137 stravit,
1449 3071 1542 3126 sed
1566 3070 1667 3125 sub
1696 3072 1811 3141 ipso
1838 3084 1997 3139 quem

417 3163 676 3218 exstinxit
722 3163 975 3217 occubuit
1009 3162 1058 3232 (Ι
1092 3162 1271 3218 Much.
1300 3179 1381 3228 Vl,
1412 3160 1529 3232 46).
1560 3164 1704 3229 Quos
1734 3177 1861 3232 ergo
1899 3160 2000 3215 iste

2123 1913 2423 1982 potestatis.
2459 1914 2662 1982 Quibus
2693 1919 2945 1985 peractis,
2974 1920 3098 1987 quia
3129 1921 3532 1978 retributionem
3574 1923 3716 1981 infe-

2115 2005 2225 2060 rius
2256 2022 2363 2061 non
2419 2008 2719 2079 requirunt,
2752 2022 2903 2067 recte
2949 2026 3135 2069 eorum
3178 2014 3376 2083 judicia
3413 2016 3710 2074 diademati

2119 2108 2516 2169 comparantur.
2552 2100 2801 2156 Diadt-ma
2826 2103 3022 2174 quippe
3050 2105 3102 2159 iu
3128 2106 3391 2175 superiori
3424 2116 3573 2176 parte
3594 2122 3717 2163 cor-

2119 2190 2265 2259 poris
2302 2201 2325 2227 °
2359 2194 2593 2260 ponitur.
2620 2192 2894 2250 Justorum
2923 2211 3051 2267 ergo
3070 2181 3328 2265 judicium
3352 2198 3597 2254 diadema
3627 2198 3715 2254 di-

2121 2281 2282 2349 citur,
2315 2285 2436 2353 quia
2484 2300 2578 2356 per
2628 2286 2731 2344 hoc
2761 2305 2866 2343 non
2917 2290 2968 2343 in
2997 2291 3219 2345 terrenis
3249 2298 3303 2345 et
3355 2290 3584 2361 inlimis,
3615 2289 3715 2350 sed

2113 2390 2322 2433 sursqu
2355 2381 2691 2435 remunerari
2723 2382 3128 2452 concupiscunt.
3156 2384 3411 2455 Sequitur

2487 2514 2719 2573 CAPUT
2770 2516 2943 2574 xxnt
2975 2517 3123 2590 (ﬂeo.
3150 2517 3335 2590 XIV].

2188 2649 2349 2706 Vens.
2371 2650 2457 2719 15,
2482 2651 2848 2709 ill—Oculus
2868 2654 2945 2724 [ui
2966 2671 3121 2723 cwco,
3144 2665 3189 2711 et
3203 2672 3289 2724 pes
3310 2655 3517 2713 claudo.
3553 2654 3711 2714 Pater

2108 2757 2247 2796 eram
2276 2760 2582 2812 pauperum,
2607 2756 2657 2801 et
2686 2762 2889 2802 causam
2916 2765 3072 2819 quam
3098 2749 3400 2818 nesciebam,
3422 2749 3711 2822 diligentis-

2107 2835 2235 2891 sime
2254 2839 2641 2910 inuestigabam.

2178 2950 2267 3007 56.
2303 2951 2447 3007 Βοηα
2476 2971 2631 3022 opera
2668 2956 2762 3010 etsi
2791 2956 3079 3013 humilitate
3119 2960 3451 3028 occultanda,
3483 2962 3710 3019 necessi-

2114 3052 2212 3099 ‘ate
2250 3059 2415 3101 tamen
2445 3049 2726 3119 aliquando
2775 3051 3112 3123 publicanda.
3137 3083 3207 3095 —
3230 3055 3371 3112 Inter
3398 3057 3513 3113 haec
3543 3058 3711 3114 lecto-

2110 3138 2181 3193 ris
2202 3139 2411 3196 animus
2444 3141 2664 3197 forsitan
2697 3155 2903 3214 quaerat
2930 3161 3025 3200 cur
3058 3148 3247 3204 beatus
3294 3147 3395 3204 Job
3438 3165 3563 3207 suas
3592 3160 3708 3206 tam

415 3251 682 3323 signiﬁcat
709 3270 868 3325 quem
917 3228 1027 3308 sua
1054 3255 1275 3309 victoria
1314 3228 1618 3323 oppressit,
1655 3254 1756 3307 nisi
1785 3228 1881 3308 eos
1910 3253 2001 3322 qui

2118 3233 2383 3288 subtiliter
2411 3236 2637 3291 virtutes
2666 3248 2964 3293 enumeret.
2994 3239 3158 3312 623
3192 3240 3514 3298 Sanctorum
3547 3243 3708 3313 quip-

417 3347 544 3402 vitia
572 3358 865 3418 superant,
910 3348 1004 3402 sed
1036 3348 1136 3402 sub
1167 3348 1279 3416 ipsa
1322 3362 1444 3418 qua:
1489 3345 1778 3417 subigunt,
1812 3361 2001 3415 super-

415 3438 611 3493 biendo
663 3440 1052 3495 succumbunt?
1099 3440 1261 3507 Quasi
1317 3439 1459 3495 enim
1512 3439 1613 3494 sub
1659 3437 1815 3493 hoste
1844 3453 2003 3508 quem

416 3534 706 3599 prosternit
741 3534 987 3599 moritur,
1015 3535 1102 3603 qui
1134 3534 1201 3588 de
1231 3533 1386 3602 culpa
1414 3546 1577 3603 quam
1626 3541 1847 3602 superat
1893 3532 2004 3585 ele-

412 3637 580 3681 vatur.
619 3625 953 3682 Pensaudum
1006 3642 1138 3697 ergo
1185 3641 1513 3696 magnOpere
1564 3634 1648 3681 est
1693 3626 1818 3696 quia
1861 3625 2000 3681 bona

411 3717 670 3785 prodesse
696 3727 989 3789 nequeunt,
1022 3720 1069 3774 si
1104 3719 1241 3773 mala
1270 3734 1389 3790 qua:
1418 3718 1717 3788 subrepunt
1760 3733 1863 3773 non
1912 3732 2003 3774 ca-

410 3819 621 3864 ventur.
657 3809 801 3865 l’erlt
828 3825 987 3865 omne
1015 3811 1157 3879 quod
1204 3812 1400 3882 agitur,
1450 3811 1499 3865 si
1542 3827 1649 3866 non
1682 3810 1917 3867 sollicite
1947 3812 2001 3866 in

409 3901 715 3957 humilitate
762 3904 1083 3958 custoditur.
1130 3904 1283 3959 Unde
1323 3906 1460 3959 bene
1498 3918 1711 3974 quoque
1762 3903 1829 3959 de
1886 3905 2004 3973 ipso

410 3998 584 4068 primo
614 4005 838 4066 parente
864 3996 1060 4051 dicitur
1087 4014 1100 4049 :
1133 3995 1315 4051 Posuit
1346 4013 1461 4051 eum
1496 3996 1743 4052 Dominus
1766 3997 1820 4051 in
1847 4013 2005 4068 para-

409 4090 521 4145 diso
547 4090 844 4162 uoluptatis,
878 4101 932 4145 ut
963 4103 1261 4161 operaretur
1289 4100 1338 4146 et
1376 4091 1651 4146 custodiret
1686 4089 1899 4163 (Genes.
1932 4108 1999 4160 tt,

409 4185 524 4244 15).
555 4185 819 4253 Operatnr
850 4184 1045 4253 quippe
1074 4184 1164 4255 qui
1194 4186 1305 4254 agit
1336 4184 1535 4239 bonum
1563 4186 1704 4254 quod
1751 4185 1999 4257 praeeipi-

408 4286 515 4341 tur,
546 4278 640 4336 sed
672 4278 811 4348 quod
843 4288 1101 4348 operatus
1146 4277 1307 4333 fuerit
1336 4294 1441 4334 non
1475 4280 1747 4345 custodit,
1780 4280 1866 4334 cui
1897 4281 2000 4335 hoc

407 4370 649 4438 subrepit
677 4370 820 4440 quod
851 4368 1187 4441 prohibetur.
1221 4372 1418 4427 Beatus
1446 4372 1607 4442 igitur
1627 4372 1749 4436 Job,
1782 4372 1904 4442 quia
1935 4386 2002 4426 ex

407 4464 553 4519 omni
590 4474 737 4533 parte
761 4465 900 4520 bono
930 4480 989 4520 se
1019 4481 1181 4536 opere
1213 4474 1440 4532 texerat,
1472 4466 1655 4522 dicat:
1689 4465 1903 4521 Iustitia
1923 4466 2004 4519 in-

407 4555 564 4609 dutus
591 4572 726 4624 sunt,
756 4566 803 4611 et
830 4557 1006 4613 uestiui
1028 4574 1106 4612 me
1132 4559 1261 4613 sicut
1284 4558 1599 4614 vestimento.
1628 4558 1727 4615 Ubi
1755 4557 1999 4627 protinus

408 4646 656 4703 subditur
680 4666 691 4701 :

756 4760 983 4818 CAPUT
1022 4761 1166 4819 χχιι
1206 4762 1350 4836 [γει.
1392 4759 1646 4835 XVIII].

478 4872 606 4929 Isto.
634 4872 775 4928 —Et
797 4875 1104 4943 diademate,
1118 4875 1320 4948 judicio
1336 4891 1463 4930 meo.

476 4990 570 5048 35.
592 4988 629 5045 Ι
634 4991 733 5046 usti
770 4990 990 5046 sollicite
1017 4991 1450 5063 attendunt,quid
1466 4990 1594 5055 Deo,
1610 4990 1735 5061 quid
1764 4989 1997 5059 proximo

406 5081 1202 5151 debeant.-Ju.~torumjudicia
1219 5093 1363 5139 recte
1381 5082 1668 5139 diademati
1688 5095 1998 5149 comparan-

405 5185 515 5242 tur,
543 5178 668 5246 quia
697 5192 792 5247 per
814 5177 990 5248 magni
1012 5178 1193 5246 operis
1239 5177 1463 5246 gloriam
1511 5176 1578 5231 ad
1625 5175 1998 5232 retributionis

406 5266 436 5308 δ
461 5269 663 5325 ducunt
681 5284 957 5325 coronam.
986 5269 1118 5336 Quae
1147 5270 1397 5324 nimirum
1424 5268 1623 5338 judicia
1654 5284 1835 5324 secum
1866 5285 2001 5339 quo-

407 5361 536 5418 tidie
566 5363 832 5419 introrsus
889 5370 1074 5433 agunt,
1104 5362 1231 5433 quid
1262 5362 1394 5428 Deo,
1426 5360 1551 5431 quid
1606 5364 1851 5431 proximo
1903 5362 1999 5418 de-

484 5534 509 5563 ι
532 5524 643 5579 Hoc
672 5534 771 5588 eSI,
809 5521 1002 5579 canoni
1043 5520 1378 5576 hebrteorum
1413 5531 1519 5569 non
1565 5518 1805 5583 insertis,
1837 5519 1980 5587 quod

404 5612 513 5654 non
537 5597 641 5649 sint
675 5594 934 5649 Heliraire
964 5592 1170 5663 scripti.
1194 5590 1308 5663 Qua
1330 5589 1398 5663 de
1443 5602 1501 5641 re
1531 5590 1753 5663 consule
1779 5589 1991 5663 prietes.

405 5684 611 5738 gener.“
645 5666 735 5721 tibi
764 5666 830 5719 de
861 5657 1100 5738 doctrina
1130 5661 1300 5717 sancti
1335 5657 1573 5730 Gregorii
1602 5660 1902 5715 disseritur.

480 5740 505 5783 ι’
536 5739 716 5793 Nurtn.
753 5747 805 5791 et
831 5735 902 5804 pl.
933 5735 1219 5797 ducuntur.

482 5819 506 5847 ο
540 5808 746 5870 Germ,
783 5799 987 5863 Nam...
1018 5804 1209 5869 Laud.,
1242 5801 1467 5869 Turon.,
1489 5810 1619 5866 etc.,
1653 5800 1724 5856 ita
1751 5799 1993 5868 habent;

2119 3338 2182 3391 pe
2221 3327 2456 3380 virorum
2488 3336 2570 3381 est
2592 3328 2725 3383 bona
2749 3345 2869 3400 qua:
2900 3330 3125 3386 iecerint
3161 3334 3459 3400 occultare,
3487 3350 3554 3391 ne
3575 3350 3707 3391 con-

2113 3417 2278 3488 tingat
2307 3433 2402 3475 eos
2454 3419 2659 3490 lapsum
2689 3420 2936 3477 elationis
2979 3424 3274 3482 incurrere.
3306 3423 3460 3482 Unde
3496 3442 3594 3497 per
3619 3442 3707 3483 se-

2111 3510 2395 3580 metipsam
2417 3510 2622 3568 Veritas
2645 3512 2775 3570 dicit
2802 3532 2815 3569 :
2842 3516 3100 3572 Attendite
3130 3534 3192 3572 ne
3216 3519 3463 3586 justitiam
3488 3529 3707 3575 uestram

2110 3603 2316 3674 faciatis
2362 3621 2538 3658 coram
2566 3606 2877 3675 hominibus,
2909 3620 2966 3662 ut
2989 3609 3264 3665 videamini
3293 3612 3356 3666 ab
3385 3610 3457 3665 eis
3486 3610 3704 3679 (Matth.

2111 3710 2185 3762 vt,
2221 3698 2298 3766 1).
2337 3697 2469 3753 llinc
2490 3709 2571 3752 est
2593 3699 2754 3754 etiam
2784 3702 2924 3771 quod
2973 3701 3110 3758 duos
3151 3718 3324 3759 caecos
3366 3703 3523 3773 juxta
3563 3705 3705 3761 viam

2109 3789 2362 3846 sedentes
2392 3791 2718 3861 illuminans,
2754 3797 3007 3866 praecepit
3034 3796 3218 3852 dicens
3249 3814 3263 3853 :
3306 3796 3479 3853 Videte
3504 3800 3706 3872 nequis

2107 3881 2232 3936 sciat
2257 3878 2471 3954 (Matth.
2492 3897 2567 3947 Ix,
2591 3880 2707 3952 30).
2735 3882 2811 3938 De
2830 3886 3023 3954 quibus
3049 3886 3191 3942 illico
3206 3886 3464 3958 scriptum
3478 3899 3559 3944 est
3581 3891 3706 3959 quia

2109 3975 2186 4031 illi
2214 3975 2475 4032 abeuntes
2500 3974 3049 4034 diﬂ‘amaverunteum
3084 3995 3179 4050 per
3208 3990 3373 4036 totam
3399 3992 3596 4036 terram
3630 3983 3699 4038 il-

2107 4066 2233 4121 lam.
2266 4067 2369 4122 Sed
2409 4067 2753 4137 quaerendum
2799 4070 2953 4126 nobis
3006 4081 3088 4125 est
3131 4072 3258 4142 quid
3307 4074 3376 4127 sit
3425 4072 3528 4128 hoc
3559 4073 3705 4145 quod

2107 4159 2223 4228 ipse
2248 4158 2624 4228 Omnipotens,
2649 4161 2735 4215 cui
2761 4160 2861 4217 hoc
2885 4170 2967 4218 est
2987 4164 3126 4218 velle
3148 4164 3290 4233 quod
3321 4179 3502 4233 posse,
3535 4175 3591 4219 et
3623 4175 3704 4220 ta-

2106 4253 2216 4307 ceri
2242 4253 2468 4308 virtutes
2489 4266 2614 4308 suas
2644 4255 2831 4321 voluit,
2858 4264 2913 4311 et
2940 4265 3114 4313 tamen
3151 4258 3219 4314 ab
3267 4258 3348 4313 his
3377 4259 3471 4328 qui
3505 4259 3703 4313 illumi-

2107 4344 2217 4401 nati
2265 4354 2395 4401 sunt
2437 4350 2590 4416 quasi
2642 4348 2844 4404 invitus
2899 4349 3186 4417 iudicatur,
3218 4352 3317 4407 nisi
3358 4352 3499 4422 quod
3529 4353 3703 4409 servis

2105 4437 2219 4491 suis
2241 4439 2668 4507 sesequentibus
2707 4442 3010 4509 exemplum
3065 4443 3228 4507 dedit,
3265 4452 3323 4497 ut
3354 4444 3452 4512 ipsi
3481 4445 3703 4515 quidem

2105 4528 2329 4584 virtutes
2369 4542 2494 4583 snas
2533 4531 2790 4585 occultari
2833 4532 3164 4597 desiderent,
3196 4546 3250 4590 et
3280 4544 3479 4603 tamen,
3514 4548 3569 4591 ut
3606 4536 3701 4592 alii

2024 4634 2077 4694 ι)
2105 4635 2291 4677 eorum
2314 4621 2561 4691 exemplo
2590 4623 2893 4692 proliciant,
2927 4626 3216 4693 prodantur
3249 4628 3425 4695 inviti,
3454 4638 3508 4685 et
3556 4629 3699 4685 facta

2109 4714 2325 4781 quidem
2354 4730 2448 4769 sua
2475 4716 2794 4771 occultando
2829 4718 3039 4788 seipsos
3070 4721 3396 4789 custodiant,
3428 4722 3524 4777 sed
3573 4723 3702 4778 dum

2110 4808 2407 4877 produntur
2452 4808 2625 4872 inviti,
2657 4809 2792 4866 bona
2838 4811 2903 4865 ad
2960 4812 3233 4880 proximos
3281 4829 3409 4870 suos
3451 4816 3701 4881 exempla

2109 4902 2493 4955 transmittant.
2521 4900 2866 4957 Occultentur
2919 4919 3047 4975 ergo
3101 4906 3317 4972 studio,
3375 4908 3702 4963 necessitate

2106 4991 2473 5060 publicentur;
2505 5004 2559 5048 et
2613 5009 2799 5049 eorum
2856 4996 3145 5051 occultatio
3198 4998 3268 5052 sit
3294 4984 3535 5055 custodia
3575 5014 3702 5070 pro-

2108 5085 2242 5154 pria,
2272 5101 2563 5157 eorumque
2589 5088 2877 5157 publicatio
2908 5090 2978 5143 sit
3011 5090 3215 5145 uLIitas
3235 5091 3430 5148 aliena.
3468 5093 3701 5149 Rursum

2103 5178 2225 5247 quia
2249 5178 2504 5245 scriptum
2535 5187 2619 5235 est
2642 5194 2657 5236 :
2694 5178 2875 5247 Neque
2897 5182 3184 5236 accendunt
3221 5184 3506 5251 lucernam,
3530 5195 3576 5237 et
3604 5202 3697 5245 po-

2108 5278 2238 5325 nunt
2270 5288 2382 5325 eam
2413 5270 2432 5309 τ
2454 5274 2546 5327 sub
2582 5274 2776 5339 modio,
2812 5276 2901 5329 sed
2931 5293 3087 5345 super
3113 5278 3503 5340 candelabrum,
3536 5291 3591 5331 ut
3623 5281 3701 5331 Iu-

2108 5370 2218 5417 ceat
2243 5363 2475 5418 omnibus
2512 5365 2600 5434 qui
2641 5365 2694 5419 in
2722 5366 2874 5419 domo
2896 5376 3032 5421 sunt.
3060 5366 3149 5422 Sic
3178 5366 3345 5422 luceat
3392 5370 3485 5423 lua:
3534 5381 3702 5423 uestra

2096 5527 2151 5574 at
2175 5516 2445 5593 i_n_Editis,
2477 5536 2572 5593 pro
2593 5522 2733 5575 intus
2755 5521 2947 5590 legitur
2964 5523 3120 5593 justi,
3151 5534 3243 5578 aut
3264 5524 3370 5577 ists.

2166 5586 2194 5627 δ
2218 5586 2589 5667 ρμίψὶιιιζεά.
2624 5586 2941 5663 transferunt
2964 5586 3031 5649 'se
3054 5598 3104 5649 in
3132 5610 3404 5662 personam
3449 5597 3699 5667 proximi.

2171 5670 2195 5733 ξ
2224 5659 2469 5733 Yindoc.,
2501 5674 2752 5733 portatur.

2173 5729 2193 5769 ί
2226 5731 2263 5785 2
2290 5729 2601 5802 Lattd.,sub
2640 5734 2884 5791 modiuin.
