4104 6350
265 413 364 470 ιιι

1076 403 1437 463 MORALIUM
1477 400 1606 460 LIB.
1650 400 1792 459 XIX.
1831 428 1901 445 —
1928 397 2155 457 CAPUT
2194 397 2410 458 XXVIII
2442 399 2504 459 Β.
2544 400 2683 460 IOB.

3426 403 3593 461 I23.

261 536 438 578 coram
461 504 1058 583 hominibvsmtvideant
1085 532 1241 588 opera
1260 526 1423 572 vestra
1446 517 1598 581 bona,
1621 522 1665 570 et
1685 516 1849 585 glori-
1878 517 1922 575 Α
1955 515 2221 581 tenderet,
2244 515 2417 571 errori
2451 515 2626 571 locum
2651 515 2909 574 dedisset.
2940 515 3075 574 Miro
3104 517 3265 591 igitur
3289 517 3450 575 modo
3484 527 3540 575 et

263 617 416 686 [irent
449 611 661 667 Patrem
711 621 931 665 vestrum
956 611 1043 681 qui
1062 609 1115 663 in
1145 610 1283 664 caelis
1311 618 1382 664 est
1407 607 1622 678 (Matth.
1646 624 1700 675 v,
1736 607 1849 679 15).

265 704 571 775 Aliquando
598 702 767 757 sancti
798 702 896 756 viri
925 712 977 755 et
1016 715 1196 757 coram
1255 700 1563 757 hominibus
1615 698 1853 770 compel-

216 781 228 795 ’
266 799 449 854 luntur
478 799 619 850 bona
647 793 847 859 facere,
872 805 963 847 aut
993 792 1181 848 eadem
1228 791 1537 847 hominibus
1587 806 1679 847 sua
1710 789 1850 846 facta

266 904 524 955 narrare;
550 888 644 943 sed
671 887 737 941 ad
763 901 885 941 eum
911 886 1070 940 linem
1098 884 1274 939 omnia
1306 882 1626 950 referentes,
1657 893 1715 939 ιιι
1744 900 1851 940 ηοιι

263 984 368 1056 ipsi
390 981 592 1037 eisdem
621 978 896 1048 operibus,
928 976 1020 1032 sed
1052 974 1210 1030 Pater
1240 989 1424 1030 eorum
1452 975 1542 1043 qui
1591 974 1644 1028 in
1700 974 1850 1030 ctelis

262 1089 345 1134 est
390 1076 585 1132 debeat
631 1071 939 1143 gloriﬁcari.
982 1070 1116 1124 Dum
1158 1068 1300 1124 enim
1326 1078 1507 1124 sancta
1536 1066 1847 1139 praedicant,

261 1172 365 1240 ipsi
417 1167 729 1240 praedicatio
774 1179 960 1221 eorum
1008 1163 1239 1221 fortasse
1277 1162 1594 1232 despicitur,
1623 1177 1848 1233 quorum

262 1266 370 1320 vita
397 1264 654 1321 nescitur.
686 1264 1090 1334 Compelluutur
1115 1279 1244 1335 ergo
1275 1265 1438 1319 vitam
1467 1277 1617 1318 suam
1646 1263 1846 1328 dicere,

265 1369 326 1415 ut
346 1358 654 1414 auditorum
688 1373 906 1414 suorum
930 1358 1144 1415 valeant
1171 1358 1331 1413 vitam
1357 1367 1584 1413 mutare.
1615 1355 1681 1412 Et
1712 1356 1849 1412 facta

262 1465 361 1507 sua
387 1452 648 1515 relerunt,
672 1458 732 1506 ut
756 1450 1086 1507 venerationi
1117 1449 1257 1515 sint;
1287 1449 1535 1504 venerari
1569 1457 1848 1518 appetunt,

262 1559 322 1606 ut
349 1560 667 1608 reverenter
692 1551 995 1608 audiantur.
1040 1550 1311 1621 Scriptum
1341 1549 1538 1621 quippe
1566 1558 1649 1604 est
1677 1565 1693 1604 :
1721 1546 1849 1603 Cum

258 1645 579 1700 elevarentur
601 1644 850 1699 animalia
878 1646 944 1699 de
966 1652 1124 1710 terra,
1144 1645 1471 1699 elevabantur
1486 1644 1678 1715 pariter
1702 1652 1748 1697 et
1774 1659 1852 1698 ro-

259 1747 327 1794 ta
351 1735 566 1809 (Bacch.
592 1753 631 1802 ι,
665 1737 774 1807 ID),
796 1738 918 1808 quia
945 1736 1194 1794 videlicet
1219 1752 1341 1794 cum
1373 1736 1673 1792 auditorum
1698 1751 1848 1792 men-

259 1839 347 1886 tes
374 1827 774 1898 prmdicantium
807 1837 835 1867 ι
862 1829 1026 1884 vitam
1053 1829 1373 1899 suspiciunt,
1407 1828 1718 1885 necessario
1752 1828 1844 1882 uti-

259 1938 367 1995 que
395 1923 550 1978 etiam
584 1921 693 1977 vim
720 1921 1114 1989 praedicationis
1136 1923 1489 1978 admirantur.

333 2010 478 2086 [Vet.
507 2010 688 2084 XIX].
714 2012 803 2067 ‘57.
834 2012 987 2081 Quod
1015 2021 1218 2067 sanctus
1248 2011 1450 2067 Paulus
1493 2025 1726 2081 exempto
1748 2026 1843 2066 suo

263 2104 619 2174 comprobavit.
656 2101 758 2169 Qui
784 2119 899 2158 eum
932 2104 1198 2158 imitantur
1220 2118 1323 2157 non
1342 2101 1554 2158 elationi
1602 2104 1848 2169 serviunt,

265 2195 353 2250 sed
380 2195 767 2250 humilitati.—
811 2196 946 2251 Hinc
989 2204 1075 2252 est
1102 2210 1230 2266 ergo
1277 2196 1420 2266 quod
1474 2194 1853 2266 praadicatores

266 2286 396 2343 boni
421 2296 479 2343 et
499 2287 757 2344 honorem
784 2296 1005 2359 propter
1032 2288 1321 2345 elationem
1346 2287 1572 2358 fugiunt,
1601 2297 1659 2344 et
1687 2291 1852 2345 bono-

265 2378 376 2433 rari
400 2388 576 2434 tamen
609 2388 823 2448 prapter
855 2380 1206 2435 imitationem
1230 2379 1436 2436 volunt.
1466 2380 1556 2436 Sic
1601 2381 1854 2437 nimirum

270 2470 467 2527 Paulus
486 2473 760 2543 apostolus
783 2472 1062 2541 discipulis
1087 2474 1330 2543 loquens,
1344 2481 1399 2528 et
1420 2474 1675 2531 honorem
1697 2472 1852 2544 fugit,

269 2572 324 2619 et
352 2571 529 2619 tamen
552 2575 806 2631 quantum
853 2573 1001 2621 esset
1051 2564 1391 2621 honorandus
1437 2566 1688 2622 ostendit.
1720 2566 1854 2623 Nam

270 2669 388 2710 cum
408 2654 979 2712 Thessalonicensibus
1007 2655 1238 2712 diceret:
1257 2655 1438 2724 Neque
1462 2658 1594 2712 enim
1621 2660 1858 2731 aliquan-

270 2747 332 2801 do
381 2746 572 2817 fuimus
614 2747 669 2802 in
719 2763 949 2802 sermone
995 2748 1331 2816 adulationis,
1346 2750 1479 2803 sicut
1501 2750 1667 2817 scitis,
1698 2767 1857 2821 neque

271 2841 320 2895 in
350 2834 613 2897 occasione
660 2842 907 2905 avarities,
942 2841 1080 2896 Deus
1110 2843 1249 2897 testis
1274 2853 1347 2897 est
1374 2840 1440 2913 (I
1476 2842 1653 2898 Thess.
1683 2860 1739 2910 tt,
1773 2846 1854 2916 5),

273 2941 485 2988 secutus
538 2932 815 3002 adjuusit:
844 2931 872 2970 δ
904 2931 1082 3003 Neque
1128 2943 1410 3004 quarentes
1462 2934 1525 2986 ab
1569 2935 1857 2991 hominibus

273 3030 506 3103 gloriam,
532 3047 693 3097 neque
716 3047 749 3085 α
793 3033 951 3095 vobis,
977 3048 1136 3101 neque
1183 3032 1246 3085 ab
1270 3030 1416 3099 aliis,
1449 3048 1564 3085 cum
1607 3031 1861 3100 possimus

276 3134 298 3163 ε
325 3125 470 3179 oneri
498 3124 636 3180 vobis
671 3141 797 3192 esse,
823 3136 877 3179 ut
924 3124 1114 3179 Christi
1140 3124 1384 3194 apostoli,
1413 3123 1504 3179 sed
1533 3125 1654 3194 facti
1683 3140 1858 3182 sumus

276 3214 548 3286 parvuliin
579 3218 744 3271 medio
773 3227 993 3271 vestrum
1035 3216 1225 3288 (Ibid.,
1251 3217 1305 3284 6,
1334 3217 1411 3283 7).
1445 3216 1647 3272 Rursus
1670 3215 1859 3271 Corin-

275 3309 425 3377 thiis,
456 3310 714 3365 honorem
737 3309 969 3381 fugiens,
992 3310 1123 3366 dicit
1150 3327 1165 3369 :
1202 3309 1325 3366 Non
1352 3311 1483 3365 enim
1522 3310 1858 3382 nosmetipsos

278 3402 638 3474 prmdicamus,
665 3401 754 3455 sed
778 3400 954 3456 Iesum
988 3400 1249 3457 Christum
1287 3400 1562 3456 Dominum
1609 3411 1861 3472 nostrum,

278 3511 377 3549 nos
422 3506 594 3549 autem
613 3510 783 3550 seruos
810 3503 1001 3549 vestros
1026 3510 1115 3566 per
1136 3492 1313 3549 Iesum
1338 3494 1596 3551 Christum
1615 3493 1704 3567 (II
1742 3494 1865 3552 Cor.

281 3599 357 3652 Iv,
386 3585 465 3658 5).
498 3586 645 3655 Quos
676 3598 848 3642 tamen
864 3587 1050 3642 videns
1081 3586 1343 3642 falsorum
1372 3589 1731 3658 apostolorum
1757 3603 1869 3656 per-

284 3678 623 3734 suasionibus
650 3695 679 3732 a
712 3694 852 3733 vera:
878 3679 1000 3733 ﬁdei
1027 3682 1239 3733 tramite
1267 3680 1503 3746 deviare,
1528 3681 1609 3735 eis
1637 3695 1697 3735 se
1725 3696 1871 3736 sum-

285 3785 511 3841 mopere
537 3779 795 3841 quantum
830 3781 975 3827 esset
998 3771 1337 3827 venerandus
1362 3773 1614 3840 ostendit,
1642 3774 1825 3829 dicens
1854 3791 1869 3829 :

286 3863 356 3920 In
393 3882 492 3936 quo
534 3866 651 3937 quis
696 3866 882 3932 audet,
903 3867 959 3920 in
1002 3866 1296 3937 insipientia
1321 3867 1457 3929 dico.
1488 3871 1649 3921 audeo
1680 3876 1727 3922 et
1758 3884 1869 3939 ego.

288 3960 494 4016 Hebrtei
521 3971 659 4029 sunt,
690 3970 736 4015 et
760 3977 872 4031 ego.
912 3960 1162 4017 Israelita:
1190 3972 1330 4029 sunt,
1353 3963 1519 4036 624.
1548 3973 1594 4018 et
1638 3981 1753 4038 ego.
1778 3965 1874 4022 Se-

288 4069 402 4107 men
433 4054 653 4109 Abrahae
681 4063 818 4118 sunt,
842 4063 888 4106 et
918 4069 1030 4123 ego.
1054 4054 1279 4109 Ministri
1304 4055 1494 4110 Christi
1520 4065 1661 4121 sunt,
1680 4066 1725 4112 et
1756 4075 1871 4130 ego.

294 4143 365 4201 Ut
392 4146 563 4200 minus
581 4147 787 4211 sapiens
816 4146 954 4213 dico,
978 4147 1093 4217 plus
1139 4163 1231 4217 ego
1261 4148 1282 4217 (
1309 4145 1370 4199 Il
1409 4148 1526 4203 Cor.
1562 4165 1636 4218 at,
1662 4150 1873 4221 2I-23).

295 4237 501 4305 Quibus
540 4238 699 4293 etiam
749 4238 1024 4309 subiungit
1064 4238 1206 4305 quod
1257 4239 1307 4293 ei
1335 4256 1548 4311 quoque
1585 4242 1727 4296 tertii
1754 4244 1877 4300 cteli

293 4340 501 4388 secreta
534 4333 823 4401 patuerint,
850 4330 990 4400 quod
1019 4344 1202 4402 raptus
1222 4333 1385 4387 etiam
1417 4335 1648 4404 paradisi
1687 4351 1880 4393 arcana

292 4425 607 4493 penetrarit.
633 4421 775 4478 Ecce
825 4421 1083 4477 honorem
1113 4424 1321 4494 fugiens
1368 4439 1583 4482 servum
1628 4443 1686 4483 se
1715 4428 1879 4484 disci-

295 4516 540 4586 palorum
563 4514 837 4584 praedicat.
855 4514 991 4570 Ecce
1014 4517 1269 4571 honorem
1288 4533 1383 4587 pro
1407 4518 1635 4575 utilitate
1660 4522 1884 4578 audien-

300 4606 430 4663 tium
454 4621 702 4678 quaerens
728 4605 875 4662 falsis
910 4606 1166 4676 apostolis
1195 4608 1317 4664 vitae
1345 4624 1456 4665 suae
1478 4614 1668 4667 merita
1696 4628 1883 4682 super-

298 4706 466 4773 ponit.
484 4703 606 4776 Egit
627 4704 825 4773 quippe
845 4703 1034 4759 doctor
1061 4703 1307 4774 egregius
1333 4712 1393 4759 ut
1420 4705 1545 4759 dum
1572 4706 1685 4773 ipse
1708 4709 1882 4777 qualis

299 4806 442 4853 esset
470 4794 497 4832 ἀ
526 4795 855 4864 agnoscitur,
884 4805 937 4850 et
960 4796 1070 4850 vita
1113 4803 1169 4851 et
1213 4794 1391 4865 lingua
1420 4798 1555 4851 male
1586 4798 1884 4868 praedican-

300 4888 454 4955 tium,
503 4886 621 4957 ejus
670 4887 1067 4957 comparatione
1111 4887 1414 4945 vilesceret.
1466 4888 1589 4944 Illos
1640 4891 1889 4950 videlicet

299 4978 720 5048 commendaret,
751 4978 798 5034 si
819 4993 878 5035 se
897 4980 1278 5038 absconderet:
1306 4995 1534 5053 cumque
1572 4997 1633 5041 se
1676 5000 1782 5042 non
1804 5000 1892 5043 os-

420 5150 634 5224 Germ.l
654 5147 846 5224 Laud.,
869 5144 1079 5224 Norm._,
1110 5145 1269 5224 φοι-1).
1305 5146 1487 5205 Germ.
1540 5158 1595 5206 et
1624 5151 1882 5224 plerique,

300 5236 422 5279 cum
458 5230 566 5277 vet.
596 5219 721 5282 Ed..
764 5219 919 5290 vitam
938 5219 1235 5290 suscipiunt.

375 5292 402 5332 δ
430 5292 637 5358 Nomm,
667 5290 827 5347 Curh.
860 5288 1041 5343 Germ.
1066 5288 1116 5344 et
1141 5290 1302 5360 plur.,
1326 5307 1419 5346 nec
1447 5294 1777 5360 requirentes.

379 5375 402 5404 ο
432 5366 710 5429 secretis"
740 5359 903 5427 Utic.,
947 5360 1090 5415 Prat.
1141 5371 1197 5415 et
1248 5361 1410 5417 Corb.
1445 5363 1651 5431 Germ,
1705 5367 1891 5423 honori

304 5451 435 5501 esse,
457 5444 515 5489 ut
539 5436 697 5507 etiam
722 5432 915 5507 legitur
957 5431 1007 5486 in
1042 5431 1178 5507 plur.
1201 5433 1388 5488 Editis.
1423 5434 1732 5507 Inh’ulgata
1764 5440 1891 5507 legi-

308 5521 429 5565 mus
444 5505 587 5561 oneri
618 5520 743 5570 esse,
768 5504 854 5558 cui
912 5503 1201 5571 respondet
1245 5513 1426 5559 textus
1474 5503 1709 5569 Graccus.
1735 5503 1892 5565 alteri

305 5586 489 5635 tamen
551 5575 760 5630 lectioni
807 5590 911 5629 nun
960 5572 1179 5629 omnino
1230 5576 1555 5643 contrarius,
1595 5594 1697 5634 vox
1746 5582 1892 5635 enim

305 5648 493 5724 Grmca
521 5648 702 5724 pépsg.
731 5645 992 5715 significat
1021 5660 1124 5724 non
1153 5647 1326 5724 solu_m
1356 5663 1504 5710 anus,
1538 5652 1767 5724 pondus,
1798 5650 1895 5707 sed

309 5722 471 5777 etiam
495 5718 819 5791 g’raettatem,
845 5719 1215 5791 auctoritatem.
1247 5718 1505 5776 Erasmus
1536 5722 1699 5778 vertit
1726 5738 1742 5777 :
1779 5738 1897 5778 cum

305 5788 569 5865 possemus
589 5791 645 5844 in
662 5788 963 5865 auctoritate
981 5804 1108 5845 esse.

381 5862 412 5901 ⁸
439 5862 565 5927 Alii,
592 5858 897 5917 ostenditur.

1956 603 2269 662 humilitatis
2315 606 2536 662 exhibet
2596 608 2841 679 gratiam,
2866 618 2923 666 et
2978 609 3221 666 utilitatis
3242 611 3541 682 quaritin-

1954 707 2248 764 crementa,
2278 707 2335 753 ut
2354 707 2409 753 et
2428 713 2641 755 servum
2674 715 2734 757 se
2760 701 3144 771 discipulorum
3172 703 3446 772 praedicet,
3484 711 3542 761 et

1959 790 2288 846 adversariis
2313 794 2576 862 potiorem
2607 793 2959 850 demonstret.
2992 796 3238 851 Ostendit
3268 796 3543 867 discipulis

1952 883 2079 953 quid
2125 884 2441 941 humilitatis
2465 887 2752 956 acceperit,
2782 887 3020 943 ostendit
3055 888 3383 945 adversariis
3411 888 3538 960 quid

1951 974 2309 1033 sublimitatis.
2354 989 2379 1015 υ
2410 979 2698 1035 lnnotescit
2723 988 2907 1036 contra
2932 981 3269 1037 adversarios
3289 980 3417 1053 quid
3447 981 3540 1037 ba-

1953 1067 2079 1122 bent
2116 1083 2182 1123 ex
2219 1085 2462 1138 munere,
2487 1071 2774 1127 innotescit
2806 1072 3079 1143 discipulis
3106 1073 3276 1143 qualis
3312 1074 3451 1144 apud
3477 1088 3539 1131 se

1953 1174 2167 1219 maneat
2213 1166 2263 1218 in
2302 1166 2622 1236 cogitatione
2644 1208 2660 1233 ,
2691 1166 2976 1222 innotescit
3011 1167 3338 1222 adversariis
3364 1167 3540 1237 qualis

1950 1256 2080 1313 foris
2131 1267 2385 1327 appareat
2434 1258 2488 1312 in
2533 1261 2866 1329 operatione.
2900 1258 3078 1314 Sancti
3113 1273 3244 1329 ergo
3291 1259 3390 1314 viri
3418 1273 3539 1314 cum

1951 1362 2208 1423 coguntur
2238 1352 2373 1407 bona
2404 1367 2627 1408 narrare
2650 1368 2771 1423 quae
2796 1351 3010 1414 faciunt.
3039 1365 3144 1405 non
3176 1350 3391 1406 elationi
3425 1366 3540 1407 ser-

1951 1444 2125 1508 viunt,
2157 1444 2249 1499 sed
2287 1443 2521 1499 utilitati.
2547 1443 2700 1499 Unde
2741 1445 2930 1499 beatus
2976 1442 3081 1499 Job
3108 1442 3293 1496 amicis
3323 1442 3433 1497 suis
3482 1456 3542 1498 se

1950 1534 2150 1606 injuste
2180 1536 2776 1605 increpantibus,atque
2798 1536 2997 1591 idcirco
3024 1534 3380 1590 nescientibus
3400 1533 3541 1589 bona

1950 1644 2067 1695 sua,
2094 1628 2358 1699 loquendo
2380 1630 2572 1698 aperit,
2607 1638 2663 1682 ut
2684 1630 2936 1683 nimirum
2974 1627 3245 1683 discerent
3273 1641 3377 1682 non
3403 1641 3537 1682 con-

1951 1728 2031 1775 tra
2062 1719 2177 1790 ejus
2206 1722 2371 1774 vitam
2406 1719 2423 1759 ῐ
2461 1721 2800 1791 increpantes
2827 1721 2981 1789 erigi,
3013 1720 3105 1776 sed
3139 1721 3275 1774 hanc
3302 1728 3539 1775 tacentes

1953 1810 2170 1875 imitari,
2206 1812 2471 1882 quamvis,
2503 1820 2560 1867 ut
2600 1827 2759 1882 supra
2799 1812 2909 1881 jam
2958 1812 3232 1879 diximus,
3277 1812 3418 1867 hunc
3470 1810 3542 1867 ad

1874 1904 1925 1967 Β
1961 1905 2275 1961 memoriam
2323 1906 2458 1959 facta
2489 1920 2585 1960 sua
2614 1905 2895 1972 reducere,
2926 1905 3138 1963 invecta
3160 1904 3227 1959 ab
3251 1905 3536 1971 increpan-

1964 1998 2106 2053 tibus
2129 1997 2435 2066 desperatio
2465 1997 2838 2067 compellebat.
2869 1993 3000 2051 Nam
3035 1995 3172 2050 inter
3203 2004 3283 2050 tot
3326 1996 3542 2052 dolores

1956 2091 2196 2147 vulneris
2248 2100 2303 2146 et
2326 2090 2487 2145 verba
2523 2088 2930 2160 desperationis,
2958 2103 3077 2143 cum
3109 2089 3246 2143 bona
3267 2101 3387 2158 quae
3412 2086 3539 2141 fecit

1955 2191 2157 2248 narrat,
2192 2182 2343 2252 quasi
2371 2182 2662 2252 collapsum
2694 2182 2873 2238 verbis
2890 2191 2942 2236 et
2969 2181 3279 2236 verberibus
3296 2181 3360 2234 ad
3390 2194 3541 2250 spem

1956 2276 2191 2330 animum
2225 2274 2499 2331 reformat.
2531 2274 2686 2329 Dicat
2712 2288 2840 2344 ergo
2869 2273 3007 2329 bona
3028 2287 3146 2342 qua:
3175 2272 3318 2339 fecit,
3354 2279 3411 2327 ut
3436 2286 3544 2326 non

1956 2379 2179 2439 cogatur
2224 2368 2365 2423 inter
2395 2376 2473 2423 tot
2518 2368 2655 2423 mala
2685 2366 2752 2422 de
2777 2383 2837 2424 se
2880 2369 3164 2438 desperare
3212 2381 3333 2438 qua:
3371 2365 3543 2422 audit.

1960 2461 2151 2516 Oculus
2175 2462 2255 2531 fui
2273 2477 2423 2527 cteco,
2454 2470 2500 2516 et
2518 2477 2605 2532 pes
2621 2458 2825 2516 claudo.

2028 2574 2118 2632 58.
2144 2573 2377 2629 Iustitia:
2406 2591 2564 2644 opera
2594 2574 2839 2645 prtemitti
2866 2573 3045 2628 debent
3086 2573 3322 2641 aperibus
3350 2572 3546 2627 miseri-

1958 2667 2170 2721 cordite.
2204 2666 2306 2732 Qui
2352 2666 2698 2737 eleemosynas
2729 2666 2979 2738 largitur,
3005 2680 3095 2719 nec
3128 2664 3347 2719 abstinet
3374 2681 3406 2718 α
3434 2680 3548 2734 ροσε

1960 2769 2093 2829 cato,
2117 2775 2222 2814 rem
2252 2775 2399 2813 suam
2429 2758 2536 2814 Deo
2558 2760 2821 2825 tribuit,et
2847 2762 3070 2829 seipsum
3099 2755 3541 2829 peccato.—-Cum

1961 2852 2132 2907 sancti
2190 2851 2367 2921 operis
2422 2851 2663 2921 exempla
2692 2866 3004 2922 pensamus,
3028 2850 3339 2906 intuendum
3395 2848 3551 2908 nobil

1964 2950 2111 3018 prius
2132 2954 2234 3013 est,
2250 2964 2408 3019 quam
2436 2957 2613 3005 rectus
2636 2949 2885 3004 narrandi
2904 2949 3037 3005 ordo
3063 2960 3327 3012 servetur,
3348 2956 3403 3003 ut
3420 2956 3547 3002 ante

1958 3040 2182 3112 justitia:
2207 3082 2223 3107 ,
2255 3052 2310 3096 et
2349 3050 2469 3111 post
2498 3041 2881 3097 misericordiae
2936 3054 3106 3110 opera
3158 3038 3551 3096 describantur.

1970 3135 2063 3191 Ille
2083 3135 2281 3205 quippe
2306 3136 2440 3192 bene
2468 3134 2577 3205 agit
2600 3150 2717 3206 qua:
2746 3135 2833 3207 pia
2862 3143 3006 3201 sunt,
3028 3134 3117 3205 qui
3143 3136 3245 3190 scit
3272 3134 3419 3201 prius
3438 3146 3555 3189 ser-

1972 3245 2100 3284 vare
2129 3244 2247 3300 qua:
2271 3230 2429 3299 iusta,
2460 3239 2515 3284 ut
2542 3228 2771 3285 collatus
2808 3229 2861 3284 in
2896 3228 3166 3299 proximos
3207 3227 3355 3282 rivus
3394 3226 3557 3281 mise-

1967 3321 2211 3377 ricordia:
2250 3322 2315 3377 de
2342 3322 2559 3392 iustitia;
2605 3321 2751 3376 lente
2780 3320 3023 3376 ducatur.
3055 3319 3195 3393 [Vet.
3220 3315 3375 3389 ΧΧ.]
3421 3316 3556 3373 Nam

1968 3414 2117 3471 multi
2146 3413 2399 3485 proximis
2425 3413 2576 3483 quasi
2599 3429 2759 3485 opera
2790 3413 3174 3469 misericordiae
3218 3410 3557 3481 impendunt,

1970 3509 2064 3565 sed
2112 3508 2389 3578 iniustitiae
2441 3506 2579 3563 facta
2626 3522 2731 3562 non
2777 3506 3049 3562 deserunt.
3084 3504 3187 3573 Qui
3221 3504 3266 3559 si
3298 3504 3558 3560 veraciter

1974 3598 2232 3669 proximis
2282 3597 2705 3653 misericordiam
2754 3595 2940 3652 facere
2987 3596 3242 3660 student,
3271 3594 3371 3649 sibi
3430 3592 3561 3662 ipsis

1977 3693 2126 3761 prius
2148 3689 2602 3759 debuerautjuste
2624 3688 2858 3745 vivendo
2890 3687 3157 3743 misereri.
3191 3684 3345 3741 Unde
3385 3683 3561 3753 scrip-

1976 3792 2086 3838 tum
2138 3790 2265 3838 est:
2302 3781 2546 3835 Miserere
2595 3782 2784 3834 animi:
2831 3789 2931 3834 tua:
2968 3779 3173 3849 placens
3227 3772 3562 3845 Deo(Eccli.

1978 3893 2106 3944 xxx,
2137 3876 2255 3946 24).
2281 3877 2381 3942 Qui
2430 3889 2559 3946 ergo
2591 3874 2835 3930 misereri
2869 3872 2983 3929 vult
3014 3873 3282 3942 proximo,
3311 3884 3341 3923 a
3367 3882 3428 3925 se
3456 3876 3564 3924 tra-

1979 3974 2071 4029 hat
2095 3986 2319 4029 necesse
2352 3979 2434 4026 est
2471 3970 2734 4040 originem
2765 3965 3073 4023 miserendi.
3107 3963 3374 4033 Scriptqu
3415 3975 3566 4018 natu-

1980 4081 2081 4136 que
2105 4073 2221 4119 est:
2243 4062 2442 4132 Diliges
2468 4061 2759 4133 proximum
2777 4070 2920 4114 tuum
2948 4060 3079 4114 sicut
3101 4059 3320 4128 teipsum
3347 4052 3565 4125 (Matth.

1980 4174 2092 4224 six,
2129 4157 2241 4227 19).
2272 4155 2553 4224 Quomodo
2582 4168 2711 4224 ergo
2754 4151 2907 4208 alteri
2951 4150 3256 4207 miserendo
3311 4149 3429 4217 pius
3460 4154 3566 4217 est,

1982 4250 2070 4321 qui
2120 4249 2295 4305 adhuc
2342 4248 2540 4317 injuste
2578 4246 2803 4301 vivendo
2868 4245 2929 4299 fit
2976 4243 3171 4315 impius
3214 4236 3567 4309 sibimetipsii

1982 4337 2136 4395 Unde
2162 4355 2257 4410 per
2285 4337 2572 4410 quemdam
2603 4338 2903 4408 sapientem
2932 4333 3128 4390 dicitur
3156 4348 3171 4387 :
3212 4331 3314 4397 Qui
3340 4329 3437 4385 sibi
3479 4344 3570 4383 ne-

1984 4448 2135 4504 quam
2162 4440 2257 4497 est,
2294 4433 2378 4485 cui
2406 4430 2565 4485 bonus
2590 4432 2685 4483 erit
2714 4427 2909 4501 (Eccli.
2936 4441 3048 4491 stv,
3081 4424 3174 4495 5)?
3204 4422 3283 4477 Ad
3314 4422 3570 4477 exhiben-

1985 4527 2108 4583 dam
2127 4526 2324 4597 quippe
2345 4523 2765 4580 misericordiam
2790 4531 2847 4577 ut
2870 4519 3228 4591 indigentibus
3247 4517 3403 4588 plene
3420 4524 3572 4570 exte-

1989 4621 2099 4676 rius
2112 4619 2283 4675 valeat
2303 4616 2558 4688 impendi,
2584 4615 2692 4671 duo
2713 4615 2815 4671 sibi
2838 4610 3145 4669 necessaria
3167 4617 3488 4679 congruunt,
3516 4603 3572 4662 id

1991 4723 2074 4771 est
2118 4712 2279 4769 homo
2303 4709 2394 4782 qui
2446 4709 2706 4782 praebeat,
2735 4718 2791 4765 et
2818 4721 2903 4764 res
2954 4721 3071 4775 qua
3113 4703 3432 4773 praebeatur.
3466 4697 3574 4756 Sed

1994 4806 2148 4875 longe
2194 4801 2684 4872 incomparabiliter
2725 4798 2917 4855 melior
2961 4805 3046 4853 est
3091 4795 3252 4851 homo
3274 4807 3431 4863 quam
3466 4803 3574 4845 res.

1995 4899 2095 4965 Qui
2118 4897 2297 4967 itaque
2316 4894 2570 4965 indigenti
2596 4892 2841 4964 proximo
2871 4889 3194 4947 exteriorem
3225 4884 3576 4943 substantiam

2000 4990 2222 5064 praebet,
2248 4986 2344 5045 sed
2374 4986 2537 5043 vitam
2567 5000 2767 5043 suama
2785 4983 3021 5055 nequitia
3049 4996 3155 5039 non
3182 4978 3437 5045 custodit,
3460 4987 3576 5030 rem

2072 5166 2096 5195 ε
2123 5153 2199 5210 ita
2228 5155 2421 5220 Laud.,
2441 5154 2667 5225 Bellov,
2682 5144 3305 5225 fl'urgn.,Corb.§ern1..
3326 5141 3577 5225 Ὶζῑηρθρμ

1996 5243 2131 5296 quos
2160 5209 2455 5295 sequuntur
2474 5234 2584 5281 vet.
2619 5209 2763 5280 E'dit.
2795 5209 2962 5276 Paris.
2990 5215 3208 5296 illiset
3232 5213 3394 5296 Basil.
3417 5209 3578 5265 1514.

1998 5290 2054 5353 1ἰι
2107 5290 2277 5352 Paris.
2308 5296 2465 5359 1518,
2493 5297 2682 5365 legitur
2713 5314 2725 5348 :
2759 5290 3029 5348 innotescit
3082 5290 3581 5365 adversariisﬂuam

1997 5371 2147 5438 fortis
2175 5377 2419 5441 appareat
2451 5354 2504 5421 in
2526 5354 2854 5441 operatione;
2884 5358 3150 5441 innotescit
3173 5354 3581 5441 discipuli'saquia

2001 5424 2147 5495 habet
2168 5424 2258 5495 es.
2279 5424 2638 5512 genere,un
2663 5424 3072 5512 Δνίιιοὲιιιιιέξδι.
3100 5428 3382 5512 Inlrecent.
3410 5424 3581 5512 Ed‘it?

2003 5513 2213 5573 melius.
2250 5498 2530 5565 innotescit
2547 5509 2812 5580 discipulis
2838 5504 3005 5580 qualis
3034 5498 3171 5580 apud
3197 5514 3250 5580 se
3277 5507 3500 5579 .maneat
3529 5498 3582 5580 in

2003 5567 2326 5653 cogitatione,
2352 5582 2621 5653 innotescit
2672 5567 2977 5653 aduersariis
2998 5567 3163 5653 qualis
3183 5568 3314 5653 Loris
3336 5573 3583 5653 appareat

2000 5641 2389 5727 in‘operatione.
2411 5651 2718 5707 Leotionem
2741 5649 2875 5702 lianc
2895 5641 3148 5701 exhibent
3179 5641 3386 5708 Gertn.,
3420 5642 3580 5701 Utic.,

2000 5727 2195 5795 aliique
2228 5727 2408 5779 Norm.

2074 5796 2097 5834 ί
2129 5798 2281 5853 Deest
2316 5797 2636 5863 increpantes
2664 5793 2717 5849 in
2746 5791 2928 5851 Norat.
