4044 6346
778 206 817 233 τ

531 301 655 379 res,

1744 305 1988 373 SANCTI
2026 305 2356 375 GBEGOBU
2398 308 2611 379 usam
2696 370 2699 371 ,

3704 317 3800 381 124

528 388 679 477 suam
707 420 818 475 Deo
848 418 1049 489 tribuit,
1080 428 1136 483 et
1163 434 1222 475 se
1251 428 1482 490 peccato.
1522 418 1634 476 Hoc
1661 422 1802 495 quod
1826 425 1999 477 minus
2026 432 2111 477 est
2139 426 2192 487 Α
2216 425 2269 475 in
2309 427 2553 487 tenebris,
2587 427 2708 478 vidit
2750 427 2916 478 lucem
2942 443 3180 497 magnam
3214 430 3232 496 (
3260 425 3466 491 lsai.1x
3493 470 3505 491 ,
3532 428 3567 480 2
3592 430 3631 496 ).
3664 428 3800 499 Rur-

529 511 717 566 obtnlit
748 512 978 579 auctori,
1003 512 1176 567 ethoc
1203 513 1340 581 quod
1368 512 1539 583 majus
1560 522 1642 569 est
1668 515 2109 585 servaviliniqni-

530 606 647 661 tati.
670 607 832 681 625
864 606 1005 660 Bene
1062 605 1240 671 itaque
1297 622 1390 677 per
1419 606 1627 661 beatum
1679 607 1781 665 Job
1810 610 1953 679 prius
1981 611 2113 664 dici-

529 702 654 753 tur:
684 696 897 753 Iustitia
942 697 1149 751 indutus
1200 714 1331 765 sum,
1361 705 1388 734 ⁸
1412 708 1459 752 et
1504 700 1678 753 uestiui
1714 717 1791 753 me
1819 701 1947 754 sicut
1966 703 2114 761 vesti-

527 803 727 858 mento;
753 800 801 845 et
829 792 958 845 sicut
980 791 1290 847 diademate.
1312 791 1512 860 judicio
1532 809 1660 845 meo.
1680 794 1755 846 Ae
1782 794 1973 851 deinde
1986 796 2112 850 sub-

522 884 794 957 iungitur:
825 883 1019 936 Oculus
1042 884 1122 960 [ui
1168 899 1318 948 careo,
1351 895 1398 936 et
1440 900 1527 959 pes
1573 884 1782 954 claudo.
1814 885 1946 955 Quia
1986 894 2112 944 tunc

526 962 602 1031 est
636 978 773 1047 apud
810 976 974 1031 Deum
1006 975 1206 1033 oblatio
1230 992 1367 1031 vera:
1393 978 1745 1045 rectitudinis,
1770 994 1888 1033 cum
1930 980 1996 1034 de
2027 995 2111 1034 ra-

525 1066 644 1126 dice
666 1068 883 1140 justitiae
915 1068 1176 1139 prodeunt
1199 1070 1329 1123 rami
1356 1071 1581 1140 pictatis.
1612 1071 1715 1126 Sed
1747 1074 1867 1145 quia
1917 1073 1967 1127 in
1995 1073 2111 1143 ipso

528 1150 912 1218 misericordiae
943 1178 1106 1232 opere
1152 1163 1267 1233 plus
1306 1164 1443 1217 solet
1488 1164 1627 1237 apud
1660 1165 1928 1225 internum
1965 1164 2110 1235 judi-

526 1246 642 1309 cent
670 1254 881 1308 animus
936 1254 1148 1323 pensari
1191 1270 1347 1322 quam
1392 1255 1610 1319 factmn,
1646 1257 1936 1311 nmandum
1968 1259 2107 1329 quod

525 1328 557 1421 δέ
593 1361 737 1401 croco
758 1347 970 1402 oculmn
1005 1348 1167 1407 fuisse
1190 1364 1247 1403 se
1274 1351 1485 1420 asserit,
1520 1350 1958 1425 pedem'claudo.
1983 1353 2107 1410 Huic

521 1434 719 1495 etenim
751 1439 954 1505 dicens,
980 1439 1219 1510 proiecto
1246 1440 1446 1497 indicat
1478 1444 1596 1509 quia
1627 1453 1678 1497 et
1704 1444 1777 1497 illi
1801 1460 1897 1515 per
1922 1455 2111 1501 semet—

522 1526 695 1597 ipsum
728 1545 944 1583 tuanum
979 1529 1300 1601 prmbuerat,
1326 1541 1380 1585 et
1415 1531 1555 1586 hunc
1591 1533 1853 1605 portando
1883 1537 2110 1593 sustine-

520 1608 628 1675 bat.
662 1619 745 1673 Ex
775 1637 875 1689 qua
936 1637 995 1678 re
1039 1622 1325 1693 colligitur,
1354 1640 1515 1693 super
1559 1641 1757 1696 egenos
1802 1643 1864 1682 ac
1900 1630 2107 1687 debiles

522 1724 777 1781 quantum
829 1716 1210 1771 misericordia:
1285 1718 1425 1773 illius
1477 1720 1682 1774 viscera
1727 1720 2105 1781 fundebantur.

522 1803 675 1861 Unde
707 1817 759 1860 et
782 1808 1027 1863 subditur
1061 1826 1073 1862 :
1112 1807 1268 1863 Pater
1290 1826 1429 1864 eram
1456 1828 1764 1881 pauperum.

550 1960 553 1967 _
591 1895 679 1948 59.
712 1896 944 1952 Ecclesia
989 1914 1146 1952 cteros
1176 1899 1469 1968 illuminat,
1502 1901 1718 1957 claudos
1742 1913 2009 1959 sustentat.
2042 1936 2113 1946 —

519 1982 649 2053 Quae
690 1989 939 2044 videlicet
968 1992 1126 2045 verba
1158 1993 1200 2045 si
1253 1992 1317 2046 ad
1367 2007 1552 2047 vocem
1602 2004 1803 2050 sanctae
1852 1996 2110 2055 Ecclesia:

519 2081 695 2163 typica
756 2081 1199 2152 interpretatione
1247 2084 1565 2149 referamus,
1623 2085 1737 2154 ipsa
1790 2094 1874 2141 est
1922 2088 2109 2144 oculus

515 2166 684 2237 cieco,
717 2172 839 2242 quia
868 2189 961 2249 per
992 2174 1211 2229 verbum
1245 2175 1406 2240 lucet,
1437 2174 1549 2244 ipsa
1604 2190 1698 2245 pes
1725 2176 1918 2233 claudo
1940 2219 1955 2243 ,
1986 2180 2108 2249 quia

516 2278 614 2334 per
658 2264 983 2333 adiutorium
1034 2266 1295 2320 continet.
1344 2264 1530 2321 Czrcos
1576 2268 1717 2321 enim
1769 2268 2110 2337 praedicando

516 2354 799 2424 illuminat,
833 2360 1052 2413 claudos
1076 2374 1203 2413 vero
1244 2359 1552 2428 opitulando
1580 2368 1868 2415 sustentat.
1922 2363 2110 2421 Caecus

515 2449 714 2519 quippe
740 2459 824 2503 est
853 2449 942 2518 qui
977 2450 1152 2505 adhuc
1180 2465 1287 2519 quo
1317 2461 1502 2523 pergat
1534 2466 1638 2505 non
1670 2452 1853 2518 videt;
1886 2453 2104 2509 claudus

517 2552 695 2598 autem
721 2552 825 2607 est,
859 2543 949 2612 qui
983 2559 1088 2597 non
1116 2551 1288 2612 potest
1315 2544 1394 2597 ire
1418 2558 1524 2612 quo
1546 2544 1709 2598 videt.
1733 2543 1936 2600 Crebro
1960 2561 2109 2599 nam-

515 2638 621 2706 que
653 2644 925 2703 peccatum
956 2645 1049 2689 aut
1098 2636 1395 2705 ignorantia
1426 2644 1516 2690 aut
1562 2635 1872 2692 inﬁrmitate
1921 2652 2110 2706 perpe-

518 2736 711 2793 tratur,
740 2738 798 2783 ut
826 2729 904 2784 vel
930 2731 1132 2786 nesciat
1161 2735 1319 2783 homo
1343 2729 1469 2798 quid
1495 2729 1631 2784 velle
1653 2729 1869 2794 debeat,
1890 2730 1972 2784 vel
1999 2744 2107 2783 non

515 2833 678 2876 omne
705 2820 844 2889 quod
876 2820 1106 2875 voluerit
1152 2819 1341 2889 pnssit.
1400 2820 1519 2885 Quo
1575 2830 1763 2873 contra
1818 2830 1964 2876 recte
2012 2836 2107 2889 per

514 2908 850 2965 Psalmistam
875 2911 1071 2967 dicitur
1096 2931 1110 2967 :
1136 2910 1388 2964 Dominus
1412 2910 1724 2964 illuminatio
1752 2926 1865 2965 mea
1890 2921 1936 2965 et
1966 2913 2107 2965 salus

516 3018 624 3056 mea
654 3002 824 3075 (Psal.
860 3019 1004 3069 xxvr,
1040 3003 1114 3075 i).
1146 3005 1281 3070 Quia
1339 3004 1481 3057 enim
1524 3003 1783 3059 Dominus
1832 3013 1887 3059 et
1926 3005 2106 3060 scien-

519 3080 730 3153 tiam'et
754 3098 1006 3154 virtutem
1040 3099 1259 3166 prabet,
1296 3107 1352 3153 et
1379 3106 1566 3153 contra
1598 3098 1951 3168 ignorantiam
1985 3100 2107 3155 illu—

2220 530 2338 571 sum
2368 517 2411 569 si
2463 516 2779 577 Israeliticus
2836 518 3060 585 populus
3109 533 3138 570 a
3190 522 3326 573 bOno
3374 535 3535 586 opere
3581 522 3799 577 minime

2218 607 2611 675 claudicasset,
2677 624 3011 677 nequaquam
3072 626 3201 665 voce
3257 612 3466 665 Domini
3520 613 3796 669 Psalmista

2218 686 2486 759 dixisset:
2528 697 2656 755 Filii
2703 702 2855 754 alieni
2904 703 3099 756 mentiti
3152 716 3268 756 sunt
3314 703 3470 770 mihi,
3505 705 3601 773 ﬁlii
3642 704 3799 761 alieni

2222 800 2245 827 θ
2272 791 2532 844 inveterati
2553 801 2690 855 sunt,
2708 801 2755 847 et
2781 793 3192 849 claudicaverunt
3215 813 3245 847 a
3279 796 3470 850 semitis
3492 798 3599 849 suis
3621 796 3795 866 (Psal.

2217 896 2349 950 xvu,
2384 881 2500 953 46).
2547 880 2647 955 Qui
2676 884 2923 937 nimirum
2957 887 3185 955 pupuius
3214 886 3437 941 claudus
3468 886 3671 942 idcirco
3704 903 3799 943 no-

2218 972 2471 1036 minatur,
2503 973 2591 1047 qui
2618 987 2807 1027 sanum
2852 989 3094 1044 gressum
3124 977 3177 1030 in
3221 978 3536 1049 operatione
3562 995 3667 1032 non
3704 980 3798 1033 ha-

2218 1062 2353 1127 buit,
2382 1064 2581 1134 quippe
2607 1065 2695 1133 qui
2725 1074 2949 1141 utroque
2982 1068 3118 1139 pede
3152 1068 3222 1121 uti
3256 1069 3454 1135 noluit,
3481 1068 3606 1124 dum
3632 1084 3793 1124 unum

2218 1150 2620 1207 Testamentum
2667 1156 2890 1224 recepit,
2924 1156 3064 1211 aliud
3096 1160 3315 1226 Sprevit.
3362 1159 3530 1227 Quem
3578 1175 3699 1215 cum
3729 1161 3795 1215 ad

2214 1258 2275 1301 se
2297 1249 2598 1300 venientem
2631 1258 2817 1303 sancta
2867 1250 3116 1304 Ecclesia
3146 1251 3392 1320 suscipit,
3425 1254 3543 1321 quia
3592 1252 3641 1308 ei
3685 1256 3795 1322 jam

2215 1336 2380 1392 Vetus
2413 1339 2648 1405 tenenti,
2676 1339 2839 1393 etiam
2870 1339 3077 1395 Novum
3125 1343 3530 1399 Testamentum
3573 1345 3793 1409 inserit,

2214 1429 2279 1483 ad
2330 1429 2641 1500 dirigendos
2690 1446 2907 1500 gressus
2935 1432 3099 1497 illius,
3132 1434 3283 1503 quasi
3336 1435 3560 1489 alterum
3607 1438 3794 1506 pedem

2200 1522 2407 1599 jungit.
2434 1522 2537 1589 Qui
2576 1522 2751 1578 ﬁdelis
2798 1532 3001 1578 sanetae
3046 1524 3303 1579 Ecclesia:
3352 1528 3580 1594 populus
3625 1528 3798 1582 adhuc

2212 1622 2358 1670 recte
2380 1615 2652 1684 subiungit
2704 1632 2718 1669 :
2752 1613 2912 1669 Pater
2954 1632 3093 1670 erant
3140 1633 3444 1686 pauperum,
3470 1620 3635 1690 623
3677 1619 3847 1689 quia"

2212 1704 2465 1760 videlicet
2496 1705 2755 1774 humiles,
2786 1708 2874 1776 qui
2902 1721 3161 1776 pauperes
3194 1710 3382 1777 spiritu
3409 1709 3536 1763 dicti
3562 1722 3704 1775 sunt,
3732 1727 3796 1765 ex

2141 1822 2189 1887 Β
2216 1798 2332 1865 ejus
2359 1796 2745 1866 praedicatione
2770 1808 3117 1866 generantur.
3149 1799 3278 1854 Sed‘
3303 1804 3514 1869 oportet
3552 1813 3609 1855 ut
3637 1803 3691 1856 in
3720 1803 3799 1856 his

2200 1887 2465 1942 omnibus
2489 1891 2603 1954 ipsa
2625 1889 2864 1945 historia
2890 1890 3162 1946 subtiliter
3190 1891 3350 1947 verba
3380 1907 3685 1962 pensemus.
3712 1896 3798 1949 Ait

2216 1992 2405 2032 eauti:

2787 2087 3014 2147 CAPUT
3036 2090 3229 2148 XXIV.

2290 2228 2454 2291 uas,
2486 2228 2572 2287 16.
2599 2227 2832 2287 -Ραων
2849 2244 2990 2293 erant
3014 2238 3390 2299 mamma
3416 2245 3626 2295 suum
3646 2246 3799 2302 quem

2215 2323 2499 2385 nesciebam
2546 2323 2935 2394 diligentissime
2976 2325 3365 2396 inuestigabam,

2285 2435 2373 2489 M.
2410 2437 2632 2490 Prwstat
2662 2438 2844 2490 bonum
2867 2454 2996 2505 opus
3024 2453 3088 2491 ea:
3112 2436 3299 2504 alfectu
3331 2438 3517 2507 facere,
3540 2454 3695 2509 quam
3739 2457 3800 2494 es

2215 2538 2491 2597 pracepto.
2524 2557 2573 2568 -
2621 2528 2941 2597 Plerumque
2964 2530 3107 2583 enim
3140 2529 3302 2583 multa
3327 2528 3573 2585 homines
3598 2545 3799 2601 paupe-

2212 2622 2362 2676 ribus
2392 2622 2717 2692 largiuntur,
2746 2638 2851 2675 non
2873 2622 2997 2691 quia
3023 2622 3240 2678 eosdem
3264 2637 3528 2692 pauperes
3547 2623 3793 2693 diligunt,

2211 2716 2307 2771 sed
2335 2717 2457 2785 quia
2490 2718 2532 2771 si
2590 2716 2813 2770 minime
2860 2716 3129 2782 tribuant,
3164 2716 3297 2769 iram
3343 2717 3538 2784 iudicis
3580 2717 3796 2785 superni

2212 2807 2539 2874 formidant;
2563 2808 2651 2876 qui
2689 2809 2732 2863 si
2763 2808 2927 2861 Deum
2964 2822 3069 2861 non
3098 2819 3419 2873 metuerent,
3452 2822 3574 2878 qua
3598 2806 3798 2863 habent

2209 2901 2341 2955 dare
2365 2900 2681 2955 noluissent.
2708 2900 2772 2953 Et
2799 2900 3015 2969 quidem
3045 2900 3099 2955 in
3132 2904 3275 2954 bono
3299 2915 3464 2969 opere
3488 2900 3693 2969 primus
3714 2900 3797 2954 in-

2212 2991 2525 3061 sipientium
2552 2990 2750 3060 gradus
2780 2995 2863 3042 est
2890 2997 2950 3043 ut
2976 2990 3062 3058 qui
3095 2988 3273 3043 adhuc
3302 2989 3606 3057 proximum
3654 2990 3798 3049 sicut

2214 3098 2275 3139 se
2303 3084 2475 3139 nescit
2505 3083 2752 3152 diligere,
2785 3083 2895 3150 jam
2924 3090 3101 3136 tamen
3128 3081 3345 3152 incipiat
3374 3082 3569 3151 judicia
3600 3097 3797 3151 supera

516 3192 762 3258 minatio,
788 3203 838 3245 et
865 3200 1050 3246 contra
1100 3191 1461 3246 inﬁrmitatem
1504 3192 1648 3246 salus
1678 3200 1919 3247 vocatur.
1971 3192 2105 3248 Hine

2214 3190 2279 3230 na
2311 3175 2620 3229 lormidare.
2662 3173 2795 3241 Quia
2830 3173 2990 3240 igitur
3019 3173 3163 3226 aliud
3191 3184 3276 3227 est
3318 3174 3515 3228 bonum
3554 3189 3689 3243 opus
3732 3189 3799 3235 es

515 3282 673 3338 etiam
704 3283 772 3338 de
801 3284 997 3352 iniquis
1019 3284 1217 3338 dicitur
1249 3301 1261 3335 :
1300 3281 1459 3338 Fiant
1487 3284 1583 3337 vita
1612 3282 1822 3337 illorum
1861 3285 2098 3350 tenebris,

517 3386 561 3431 st
591 3375 841 3431 lubricum
869 3378 885 3448 (
910 3376 1055 3431 Psat.
1085 3393 1273 3441 xxxiv,
1299 3377 1376 3446 6),
1412 3385 1470 3430 ut
1497 3378 1695 3433 scilicet
1728 3393 1825 3448 per
1850 3380 2102 3434 tenebras

519 3466 547 3507 δ
572 3482 678 3538 quo
706 3468 783 3523 ire
812 3468 1010 3524 debent
1034 3483 1140 3523 non
1166 3468 1400 3534 videant,
1422 3470 1510 3538 qui
1534 3470 1633 3523 etsi
1664 3477 1810 3525 recta
1834 3471 2098 3539 viderent,

516 3550 569 3615 in
603 3562 680 3615 eis
712 3569 889 3616 tamen
919 3575 1014 3630 per
1038 3560 1300 3615 lubricum
1350 3571 1494 3616 stare
1525 3575 1629 3614 non
1680 3571 1921 3630 possent.
1951 3561 1979 3602 ⁴
2013 3565 2102 3619 Isti

515 3651 694 3722 itaque
735 3666 831 3719 per
875 3653 1140 3707 lubricum
1189 3654 1327 3707 inter
1374 3653 1510 3708 bona
1540 3653 1869 3722 ciaudicant,
1903 3655 1978 3710 illi
2008 3670 2105 3725 per

516 3742 766 3797 tenebras
790 3758 911 3812 quae
938 3743 1078 3799 bona
1099 3754 1391 3813 sequantur
1410 3745 1679 3817 ignorant.
1704 3746 1897 3801 Sancta
1924 3747 2105 3816 itaque

515 3831 755 3890 Ecclesia
786 3836 1045 3889 extremis
1098 3836 1531 3892 tribulationibus
1570 3837 1930 3907 deprehensa,
1961 3842 2105 3895 anti-’

517 3942 744 3997 quorum
776 3928 1140 3983 reminiscitur
1168 3940 1493 3999 temporum,
1527 3932 1745 3999 quando
1773 3942 1828 3986 et
1854 3933 2101 3991 docendo

514 4017 824 4074 illuminare
877 4028 1346 4088 consueverat,“
1397 4020 1699 4088 adjuvantio
1756 4022 2019 4089 ﬁrmare,
2052 4036 2107 4081 et

514 4110 873 4182 praecedentis
900 4112 1128 4167 membri
1174 4112 1256 4166 sui
1287 4127 1381 4166 (πο
1410 4112 1668 4183 loquitur,
1700 4114 1887 4173 dicens
1921 4133 1936 4170 :
1970 4115 2108 4171 Ocu-

513 4190 596 4257 lus
621 4203 699 4276 fui
731 4217 891 4270 circa,
919 4211 973 4257 et
1000 4218 1091 4272 pes
1120 4203 1335 4258 claudo.

508 4306 517 4315 ’
586 4312 741 4387 [νει.
777 4311 971 4386 XXI.]
1003 4313 1091 4370 40.
1141 4314 1275 4369 Πίεσὶ
1324 4324 1443 4370 sunt
1492 4317 1728 4387 gentiles,
1760 4318 1936 4372 claudi
1986 4335 2106 4374 vero

510 4400 707 4465 'Judtei.
736 4440 805 4451 —
827 4410 957 4478 Quae
986 4409 1105 4479 quia
1139 4412 1271 4464 duos
1300 4411 1353 4465 in
1399 4425 1457 4465 se
1488 4412 1708 4483 populos
1755 4413 1988 4484 collegit,
2016 4413 2107 4468 Ju-

510 4504 733 4581 daicutn
765 4504 969 4560 scilicet
1011 4514 1171 4575 atque
1198 4505 1475 4575 gentilem,
1525 4514 1669 4560 recte
1719 4506 1878 4561 etiam
1928 4517 2108 4578 potest

2213 3278 2501 3340 praecepto,
2534 3267 2675 3322 aliud
2703 3281 2831 3321 vero
2862 3266 3022 3322 etiam
3053 3282 3120 3322 ex
3143 3268 3333 3322 aﬁ'ectu
3358 3272 3552 3331 facere,
3579 3279 3798 3329 sanctus

2209 3363 2289 3417 vir
2318 3370 2376 3415 ut
2403 3368 2637 3415 mentem
2662 3359 2817 3413 nobis
2843 3374 2957 3413 suae
2976 3360 3306 3428 operationis
3330 3359 3748 3426 insinuet,dicat
3778 3378 3795 3415 :

2209 3455 2369 3509 Pater
2398 3470 2538 3508 eram
2569 3468 2872 3523 pauperum.
2909 3449 2928 3490 ί
2955 3451 3069 3511 Non
3100 3452 3243 3508 enim
3293 3461 3573 3520 patronum
3600 3468 3684 3512 se.
3710 3454 3797 3509 vel

2209 3548 2535 3616 proximum,
2594 3545 2677 3603 vel
2729 3545 3029 3612 adiutorem
3086 3547 3538 3613 pauperum,sed
3590 3553 3797 3612 patrem

2210 3635 2377 3693 fuisse
2406 3637 2777 3705 testatur,quia
2803 3635 3050 3688 nimirum
3084 3642 3112 3683 ι
3160 3649 3357 3703 magno
3384 3634 3659 3690 charitatis
3678 3635 3797 3689 θαι.

2209 3729 2294 3785 cio
2318 3730 2556 3784 studium
2582 3726 2968 3783 misericordiae
2996 3726 3154 3782 vertit
3200 3728 3257 3782 in
3280 3726 3533 3783 adiectum
3567 3734 3796 3792 natium,

2211 3832 2271 3879 ut
2298 3840 2391 3879 eos
2416 3823 2566 3893 quasi
2600 3823 2738 3877 ﬁlios
2766 3831 3017 3876 cerneret
3038 3836 3134 3888 per
3162 3821 3622 3889 amorem,quibns
3642 3821 3797 3892 quasi

2208 3924 2362 3986 pater
2390 3924 2617 3987 praeerat
2651 3928 2746 3986 per
2776 3914 3188 3984 protectionem.
3216 3913 3350 3980 Quia
3382 3914 3545 3983 igitur
3587 3913 3667 3968 vis
3696 3911 3798 3969 mi-

2208 4008 2527 4067 sericordiae
2555 4010 2696 4063 illius
2748 4019 2991 4063 naturam
3037 4006 3213 4063 fuerat
3243 4006 3469 4065 imitata.
3500 4016 3705 4076 patrem
3737 4022 3799 4063 se

2208 4117 2503 4174 pauperum
2536 4100 2701 4156 fuisse
2732 4110 3136 4157 commemorat.
3170 4100 3268 4156 Ubi
3296 4101 3456 4155 etiam
3487 4100 3669 4156 subdit
3702 4116 3717 4129 '

2783 4241 3008 4300 CAPUT
3056 4243 3214 4298 XXV.

2282 4382 2412 4438 Isto.
2434 4410 2506 4425 —~
2531 4382 2594 4436 Et
2619 4397 2826 4436 causam
2866 4396 3026 4453 quam
3069 4380 3353 4436 nesciebam
3404 4380 3798 4452 diligentissima

2209 4477 2593 4544 inuestigabam.

508 4612 657 4655 casco
678 4596 924 4667 gentilis,
957 4596 1153 4652 claudo
1201 4605 1378 4651 autem
1424 4596 1677 4653 ludaicus
1708 4600 1933 4668 populus
1961 4599 2102 4654 desi-
2130 4592 2187 4663 D
2286 4592 2374 4646 42-
2412 4589 2522 4644 Εεδί
2547 4590 2693 4644 "ulla
2736 4591 2869 4644 bona
2908 4606 3062 4659 ορενα
3110 4594 3431 4663 ηεθίιθεηααν
3467 4593 3666 4646 mino”
3711 4602 3794 4647 τα·

516 4688 690 4761 gnari.
720 4686 947 4743 Gentilis
975 4689 1172 4757 quippe
1200 4687 1347 4756 quasi
1377 4687 1561 4742 oculos
1589 4703 1695 4742 non
1726 4689 1910 4743 habuit
1934 4730 1947 4754 ,
1980 4691 2103 4760 quia

506 4778 617 4838 non
640 4791 856 4852 accepta
872 4782 989 4851 lege
1007 4795 1110 4835 non
1129 4780 1258 4835 vidit
1283 4796 1386 4849 quo
1404 4781 1483 4835 ire
1503 4780 1799 4838 debuisset.
1830 4784 1894 4837 At
1916 4793 2101 4839 contra

506 4866 768 4932 "Iudaicus
800 4875 1001 4931 habens
1032 4875 1237 4943 oculos,
1262 4874 1483 4931 claudus
1512 4875 1629 4942 t‘uit,
1654 4876 1776 4945 quia
1794 4876 1961 4946 legem
1986 4878 2102 4946 qni-

504 4966 639 5024 dem
672 4967 891 5023 sciendo
921 4969 1121 5036 tenuit,
1145 4967 1237 5022 sed
1270 4967 1321 5022 In
1350 4982 1412 5022 ea
1444 4981 1688 5037 gressum
1740 4970 1872 5023 recti
1920 4970 2100 5037 operis

515 5077 619 5119 non
653 5061 900 5123 tetendit.
928 5061 984 5127 Si
1012 5063 1153 5118 enim
1181 5061 1394 5131 gentilis
1419 5059 1644 5129 populus
1672 5074 1846 5119 caecus
1876 5060 2097 5131 minime

498 5132 723 5223 luisset,
755 5156 1017 5227 prapbeta
1057 5170 1164 5212 non
1194 5154 1441 5213 diceret:
1476 5153 1712 5223 Populus
1754 5154 1844 5227 qui
1896 5152 2101 5209 sedebat

496 5346 525 5403 ν.
586 5329 611 5357 ι
636 5321 659 5374 1
684 5317 882 5403 Μυός)
908 5325 958 5403 et
986 5316 1184 5373 vestivit
1210 5330 1290 5372 me
1316 5313 1447 5369 sicut
1469 5312 1841 5369 uestimentum.
1883 5312 1939 5371 In
1980 5312 2102 5369 Bel-

511 5391 641 5456 lov.,
675 5401 720 5445 et
749 5391 922 5445 vestiri
939 5406 1040 5443 me.

513 5460 825 5588 dﬂigam.
844 5506 858 5531 ,
893 5461 1095 5516 Beilov.
1123 5466 1179 5515 et
1207 5457 1418 5525 Nomm,
1449 5460 1568 5515 caeci
1596 5458 1893 5515 oculum...
1924 5458 2101 5527 pedem

513 5548 706 5588 ειαηιη.

498 5636 501 5643 -
589 5614 610 5643 ε
642 5604 823 5660 Germ.
860 5604 883 5657 i
922 5603 1090 5658 Laud.
1119 5610 1177 5658 et
1221 5599 1383 5657 Corb.
1427 5601 1636 5670 Germ,
1667 5614 1793 5670 quo;
1822 5599 1857 5653 2
1904 5598 2097 5663 Laud.,

510 5692 611 5748 qua
638 5676 710 5729 ire
738 5692 837 5748 non
866 5675 1196 5748 videant,_qui
1222 5674 1315 5727 etsi
1345 5683 1481 5729 recta
1510 5674 1800 5729 viderint...
1832 5681 1968 5727 stare
1994 5685 2095 5724 non

513 5744 730 5805 bossint.
763 5746 839 5803 Ita
863 5759 1077 5815 quoque
1097 5744 1281 5800 Nom.

2210 4704 2325 4742 men
2352 4688 2635 4761 potioribus
2666 4687 2900 4758 postponi
2928 4687 3126 4742 debent.
3162 4718 3229 4730 -—
3254 4686 3308 4742 In
3336 4687 3527 4758 quibus
3548 4688 3797 4746 videlicet

2214 4781 2392 4835 verbis
2422 4781 2697 4851 pensanda
2731 4790 2855 4835 sunt
2885 4779 3063 4835 omnia
3095 4796 3255 4851 quam
3288 4781 3537 4836 distincte
3569 4795 3795 4838 narren-

2210 4881 2314 4939 tur,
2343 4874 2483 4943 (ιωιά
2513 4873 2656 4927 nulla
2679 4872 2746 4927 ab
2775 4887 2839 4927 eo
2884 4887 3090 4928 merces
3132 4873 3574 4944 pratermittitnr.
3609 4872 3797 4929 Justus

2209 4968 2405 5036 quippe
2433 4975 2514 5021 est
2545 4965 2596 5019 in
2627 4965 2927 5020 actionibus
2955 4964 3089 5030 suis,
3122 4966 3244 5033 pius
3295 4965 3347 5018 in
3401 4963 3797 5019 inﬁrmitatibus

2212 5057 2855 5135 proximorum,streuuus
2875 5057 2926 5109 in
2944 5054 3172 5126 negotiis
3190 5069 3503 5125 pauperum.
3528 5055 3629 5123 Qui
3650 5055 3797 5110 enim

2210 5164 2424 5208 ueterum
2456 5150 2820 5207 retributionis
2846 5149 2987 5209 bona
3016 5149 3252 5224 cogitat,
3282 5163 3504 5207 necesse
3533 5157 3613 5209 est
3642 5157 3700 5207 ut
3730 5147 3798 5209 ad

2214 5308 2308 5395 md
2362 5310 2524 5394 iidem
2577 5310 2738 5376 Mss.,
2788 5317 2981 5379 praeter
3029 5308 3250 5372 Germ.
3296 5308 3463 5369 iste...
3512 5306 3793 5376 claudicat,

2207 5383 2362 5439 ille...
2395 5386 2618 5453 ignorat.

2278 5464 2303 5493 ³
2330 5454 2515 5511 Germ.
2535 5494 2549 5517 ,
2583 5454 2689 5508 duo
2711 5451 2904 5519 Laud,
2929 5451 3088 5509 Corb.
3120 5451 3306 5509 Germ.
3332 5459 3389 5511 et
3412 5450 3626 5517 Nnrm..
3658 5450 3778 5509 inae

2204 5537 2512 5583 teraverttnt.

2278 5596 2299 5636 ί
2331 5599 2446 5654 Duo
2462 5597 2653 5660 Laud.,
2692 5596 2856 5653 Corb.
2899 5594 3082 5651 Genu.
3112 5602 3173 5650 et
3200 5593 3411 5663 Nam».
3440 5609 3548 5651 non
3574 5609 3722 5665 σου.

2276 5677 2303 5721 ο
2332 5669 2565 5738 Gemet.,
2593 5684 2792 5740 magna
2814 5667 3082 5725 charitatis
3112 5666 3311 5739 ofﬁcio.
