4104 6350
342 391 445 446 iiii

1168 386 1527 445 MORALIUM
1566 387 1701 455 LIB.
1742 385 1888 449 XIX.
1933 415 1997 425 -
2033 382 2268 455 CAPUT
2304 382 2522 463 XXVill
2562 383 2620 439 Β.
2661 383 2800 441 JOB.

3525 383 3629 443 126

340 518 561 564 onmem
586 517 646 561 se
676 517 895 560 causam
918 511 1184 563 secutura:
1215 502 1481 558 mercedis
1507 478 1779 557 extendat.
1799 499 1930 555 Hinc
1963 509 2012 573 Α
2038 501 2207 565 viuut,
2248 512 2267 539 ο
2302 501 2405 571 alia
2434 516 2553 573 qua:
2577 517 2606 555 a
2631 511 2788 557 terrte
2815 508 2960 555 tactu
2982 500 3203 556 minime
3223 500 3625 575 disiunguntur.

342 602 487 661 enim
521 613 620 670 per
645 597 990 654 Salomenem
1023 594 1219 651 dicitur
1251 613 1262 647 :
1299 596 1399 663 Qui
1428 594 1592 651 Deum
1614 596 1775 658 timet,
1808 593 1939 647 nihil

344 692 560 764 negligit
590 690 790 764 (Eccle.
818 688 1038 757 vn,l‘.l).
1058 687 1194 742 llinc
1214 690 1373 742 etiam
1395 686 1587 741 Paulus
1600 685 1672 740 ait
1693 704 1703 738 :
1727 685 1807 743 Ad
1830 703 1938 738 om-

346 802 410 849 ne
430 800 563 853 opus
583 783 771 837 bonum
792 781 960 851 parati
986 779 1004 849 (
1029 776 1082 831 11
1115 776 1248 832 Tim.
1286 779 1421 849 ψει
1446 780 1488 849 ).
1520 779 1624 835 Sed
1652 778 1788 835 inter
1824 779 1939 831 haec

347 878 627 939 sciendum
640 882 719 929 est
734 873 857 943 quia
870 871 1157 941 aliquando
1171 871 1223 925 in
1243 871 1542 926 actionibus
1558 872 1754 927 nostris
1770 870 1938 923 mino-

346 984 409 1031 ra
441 968 581 1022 bona
616 963 1067 1037 praetermittenda
1101 971 1228 1019 sunt
1265 977 1361 1032 pro
1393 964 1622 1017 utilitate
1650 962 1933 1033 majorum.

344 1059 481 1123 Nam
503 1058 625 1127 quis
648 1058 853 1128 ignoret
875 1068 993 1110 esse
1022 1054 1148 1111 boni
1174 1057 1357 1123 aperis
1380 1054 1651 1118 meritum,
1670 1063 1935 1107 mortuum

344 1150 616 1222 sepelire?
656 1157 709 1203 et
763 1160 943 1203 tamen
975 1146 1185 1203 cuidam
1218 1147 1308 1216 qui
1338 1147 1400 1198 ad
1434 1146 1803 1217 sepeliendum
1844 1159 1928 1215 pa-

346 1248 489 1323 trem
513 1258 573 1303 se
601 1241 797 1299 dimitti
826 1250 1150 1313 poposcerat
1178 1240 1380 1295 dictum
1404 1249 1485 1294 est
1516 1258 1529 1293 :
1566 1239 1690 1295 Sine
1717 1249 1772 1292 ut
1797 1254 1935 1290 mor-

346 1338 425 1409 tui
452 1336 701 1409 sepeliant
731 1344 959 1390 mortuos
985 1350 1128 1402 suos,
1170 1341 1225 1387 tu
1250 1342 1423 1386 autem
1453 1332 1583 1385 vade
1610 1339 1657 1382 et
1687 1331 1938 1383 annuntio

344 1444 559 1503 regnum
588 1424 685 1483 Dei
724 1424 876 1497 (Luc.
934 1440 1016 1493 Ix,
1062 1422 1177 1493 60).
1210 1422 1647 1493 Postponendum
1709 1434 1938 1487 namque

338 1532 465 1580 erat
485 1519 807 1591 obsequium
834 1518 991 1587 huius
1014 1516 1300 1573 ministerii
1326 1515 1502 1569 ofﬁcio
1521 1512 1933 1585 praedicationis,

346 1616 471 1686 quia
502 1614 592 1669 illo
640 1626 803 1669 carne
851 1617 1092 1665 mortuos
1121 1616 1147 1645 ι
1178 1609 1231 1662 in
1288 1616 1485 1662 terram
1517 1607 1806 1671 conderet,
1834 1606 1937 1660 isto

342 1684 523 1767 autem
578 1706 755 1763 anima
808 1711 1049 1758 mortuos
1099 1701 1164 1755 ad
1214 1701 1377 1755 vitam
1439 1699 1799 1755 resuscitaret.
1838 1699 1937 1752 Per

340 1810 666 1873 prophetam
717 1810 928 1866 quoque
979 1793 1298 1865 primatibus
1354 1806 1638 1865 synagogre
1693 1791 1932 1846 dicitur:

2043 592 2243 647 Oculus
2272 593 2468 661 quippe
2490 591 2593 646 luci
2628 591 2945 659 intenditur,
2977 601 3033 647 et
3059 608 3125 647 ne
3152 586 3344 648 caecari
3364 584 3629 660 valeant

2032 686 2262 756 .pulvere
2292 684 2612 739 custoditur.
2648 686 2746 740 Pes
2779 700 2911 740 vero
2941 695 3067 741 tunc
3094 701 3249 741 suum
3274 685 3510 743 elﬁciqu
3534 701 3631 745 re.-

2039 766 2123 838 cte
2154 783 2378 854 peragit,
2401 797 2520 835 cum
2548 781 2943 848 suscipiendum
2977 792 3138 837 terra:
3188 783 3467 851 pulverem
3512 794 3629 839 non

2041 874 2255 945 refugit.
2288 876 2417 940 Quae
2469 882 2645 926 tamen
2671 872 2915 939 corporis
2958 874 3200 930 membra
3240 858 3473 928 vicissim
3525 873 3627 929 sibi

2041 976 2133 1021 Sua
2165 966 2337 1020 ofﬁcia
2364 964 2721 1033 impartiendo
2748 965 3091 1033 copulantur,
3118 976 3175 1020 ut
3199 981 3289 1035 pes
3312 967 3484 1022 oculis
3507 981 3631 1021 cur-

2041 1068 2141 1125 rat,
2179 1069 2231 1115 et
2263 1059 2456 1113 oculus
2488 1059 2606 1128 pedi
2637 1060 2947 1129 prospiciat.

2044 1154 2047 1157 ‘
2110 1152 2200 1205 Μ.
2249 1149 2484 1203 Membra
2532 1149 2806 1215 Ecclesia,
2839 1151 2933 1205 etsi
2978 1150 3151 1220 ofﬁcio
3201 1152 3477 1213 distincta.
3510 1161 3631 1206 sunt

2039 1243 2289 1297 charitate
2314 1246 2606 1313 conjuncta.
2638 1270 2710 1285 —-
2729 1242 2819 1299 Sic
2847 1246 3024 1312 itaque
3045 1245 3123 1298 sic
3143 1253 3344 1301 sanetae
3372 1245 3629 1302 Ecclesia)

2043 1335 2281 1391 membra
2313 1334 2511 1390 debent
2535 1345 2592 1390 et
2622 1334 2802 1390 ofﬁcio
2829 1350 2951 1390 esse
2981 1336 3253 1402 distincta,
3276 1346 3332 1391 et
3369 1337 3631 1396 ebaritate

2040 1428 2347 1497 conjuncta,
2378 1440 2438 1483 ut
2467 1428 2661 1483 summi
2693 1429 2790 1482 viri
2820 1443 3005 1484 eorum
3033 1425 3062 1465 ⁴
3105 1430 3244 1482 viam
3291 1431 3627 1499 provideant,

2039 1521 2129 1592 qui
2179 1521 2231 1574 in
2286 1521 2515 1577 terrenis
2563 1521 2795 1591 negotiis
2831 1529 3067 1587 vacant,
3099 1531 3367 1592 quatenus
3391 1521 3532 1577 velut
3563 1522 3629 1575 ad

2038 1612 2217 1669 lumen
2247 1615 2525 1670 oculorum
2562 1628 2654 1684 pes
2705 1615 2977 1681 ambulet,
3008 1626 3061 1669 et
3117 1629 3329 1668 rursum
3374 1613 3631 1684 quidquid

2040 1710 2267 1764 terrenis
2301 1709 2527 1777 negotiis
2579 1708 2837 1777 implicati
2888 1716 3072 1780 agunt,
3102 1709 3203 1761 hoc
3254 1707 3321 1762 ad
3369 1705 3631 1775 majorum

2040 1803 2337 1857 utilitatem
2358 1802 2615 1867 referant,
2651 1811 2711 1855 ut
2739 1816 2832 1871 pes
2861 1799 3016 1869 cujus
3044 1802 3124 1852 via
3158 1799 3501 1868 prospicitur,
3526 1813 3632 1853 non

338 1894 576 1962 .Qmerite
588 1891 870 1964 judicium,
894 1890 1149 1944 subvenite
1177 1904 1423 1959 oppresso
1457 1886 1611 1959 (lsai.
1641 1903 1691 1955 ι,
1726 1886 1837 1953 l7).
1874 1885 1941 1940 Et
1968 1883 2015 1943 ll
2043 1892 2142 1946 sibi
2195 1892 2592 1957 tantummodo,
2617 1892 2712 1946 sed
2760 1890 2920 1946 etiam
2961 1891 3128 1945 oculis
3173 1890 3467 1958 gradiatur.
3499 1892 3632 1946 Dum

350 1996 527 2044 tamen
577 1986 774 2040 Paulus
824 1982 1100 2054 apostolus
1148 1982 1275 2037 dicit
1321 2000 1336 2035 :
1384 1979 1799 2049 Contemptibiles
1854 1995 1939 2048 qut

334 2090 463 2149 ιειυιε
483 2080 537 2133 in
560 2077 812 2141 Ecclesia,
831 2076 949 2131 illos
970 2074 1262 2129 constituite
1282 2074 1351 2127 ad
1366 2073 1712 2144 judicandum
1738 2070 1796 2144 (Ι
1816 2072 1934 2127 Cor.

348 2172 529 2242 vt,4).
554 2170 844 2229 Auditores
866 2168 1068 2226 etenim
1101 2182 1229 2223 suos
1260 2166 1325 2223 ad
1357 2167 1611 2221 virtutem
1635 2165 1937 2231 sapienti-.13,

334 2268 413 2325 ad
439 2267 737 2337 linguarum
758 2262 1060 2337 genera,ad
1078 2262 1372 2332 prophetiae
1397 2274 1611 2330 quoque
1641 2258 1937 2328 indaganda

332 2359 607 2430 mysteria
649 2356 1034 2421 succendebat,
1062 2354 1250 2409 dicens
1289 2371 1303 2408 :
1334 2352 1361 2391 δ
1396 2352 1744 2430 ίΕιηιιΙᾳηιὶηἰ
1786 2352 1937 2416 spiri-

332 2428 491 2525 talia,
516 2458 679 2527 magis
697 2464 869 2511 autem
905 2463 962 2509 ut
987 2452 1299 2524 praphetetis
1323 2453 1341 2522 (
1365 2449 1393 2502 Ι
1417 2450 1536 2507 Cor.
1572 2428 1676 2513 xiv,
1710 2450 1730 2502 i
1760 2448 1801 2519 ).
1834 2447 1938 2505 Sed

330 2550 468 2620 .quia
500 2548 766 2621 spiritalia
793 2547 934 2601 dona
967 2559 1072 2599 non
1102 2552 1382 2611 caperent,
1415 2543 1459 2594 si
1494 2550 1702 2595 terrena
1730 2554 1822 2594 eos
1848 2556 1942 2593 ne-

333 2642 491 2714 gotia
547 2639 974 2710 depressissent,
1027 2636 1184 2707 longe
1241 2643 1365 2689 ante
1394 2633 1672 2701 prtemisil,
1704 2632 1889 2685 dicens
1924 2650 1936 2683 ι

328 2728 763 2804 ιεοκιεηιριὶὁὶια
785 2730 873 2802 qui
895 2738 1014 2785 sunt
1042 2729 1096 2782 in
1124 2727 1381 2793 Ecclesia,
1410 2727 1527 2779 illos
1562 2726 1851 2780 constituite
1873 2726 1941 2778 ad

326 2828 692 2903 .fudicaitdunt
743 2822 811 2889 ll
842 2823 960 2881 Cor.
992 2838 1079 2889 vr,
1110 2822 1141 2879 4
1165 2819 1205 2892 ).
1241 2821 1315 2876 Ac
1364 2820 1407 2875 si
1439 2830 1621 2889 aperte
1648 2818 1819 2882 dicat,
1851 2821 1940 2887 qui

324 2918 573 2981 .Ininoris
600 2916 777 2975 meriti
805 2924 928 2973 sunt
960 2916 1011 2973 in
1040 2912 1306 2980 Ecclesia,
1332 2920 1386 2967 et
1423 2912 1584 2967 nullis
1621 2926 1939 2981 magnorum

345 3010 612 3069 donorum
639 3008 924 3065 virtutibus
952 3006 1179 3077 pollent,
1215 3003 1316 3076 ipsi
1345 3002 1413 3059 de
1452 3004 1681 3059 terrenis
1711 3002 1941 3073 negotiis

322 3103 606 3175 judicent,
642 3110 912 3173 quatenus
938 3114 1031 3172 per
1077 3112 1213 3171 quos
1256 3112 1445 3169 magna
1478 3106 1767 3166 nequeunt,
1803 3096 1939 3149 bona

325 3197 558 3265 ,minora
614 3197 987 3265 suppleantur.
1026 3194 1173 3261 Quos
1217 3201 1270 3248 et
1299 3188 1735 3261 contemptibiles
1768 3188 1939 3242 nomi-

2046 1987 2223 2053 itaque
2271 1984 2370 2039 sibi
2419 1983 2646 2038 invicem
2678 1984 2884 2038 alterna
2924 1983 3388 2038 administratione
3435 1998 3635 2039 conve-

2038 2077 2223 2143 niunt,
2260 2079 2398 2131 miro
2429 2076 2590 2130 modo
2619 2079 2816 2144 agitur,
2845 2086 2902 2130 ut
2926 2076 3046 2144 quia
3072 2074 3229 2130 electi
3258 2075 3457 2145 quique
3478 2075 3634 2130 vicis-

2031 2172 2141 2225 ‘sim
2164 2171 2385 2225 sibimet
2416 2169 2780 2239 impcndendo
2808 2169 2950 2238 quod
2979 2170 3159 2224 valent
3191 2167 3425 2235 faciunt,
3446 2183 3631 2225 eorum

2046 2262 2169 2315 fiant
2192 2278 2352 2330 opera
2378 2262 2536 2315 etiam
2570 2276 2690 2329 qua:
2722 2259 2902 2316 facere
2927 2262 3024 2329 ipsi
3054 2276 3161 2314 non
3190 2268 3435 2329 possunt.

2116 2352 2202 2406 45.
2234 2352 2549 2406 Necessitale
2570 2352 2837 2420 suadente,
2853 2351 3216 2420 contemplatio
3230 2351 3631 2417 intermittenda,

2034 2454 2096 2497 ut
2120 2445 2341 2514 proximi
2369 2444 2578 2497 utilitati
2608 2444 2879 2499 serviatur.
2912 2471 2983 2485 —-
3005 2443 3108 2499 Sed
3140 2443 3281 2498 inter
3309 2444 3424 2498 base
3453 2444 3631 2499 scien-

2042 2536 2166 2589 dum
2197 2548 2277 2590 est
2306 2538 2425 2606 quia
2459 2552 2577 2590 cum
2612 2536 2977 2603 proximorum
3032 2538 3211 2591 causis
3261 2537 3630 2591 exterioribus

2052 2629 2141 2698 qui
2168 2639 2293 2697 apte
2343 2628 2649 2683 deserviant
2693 2628 2909 2693 desunt,
2941 2628 3142 2683 debent
3188 2628 3243 2682 bi
3289 2643 3504 2698 quoque
3547 2627 3636 2699 qui

2045 2723 2376 2793 spiritalibus
2399 2725 2554 2777 donis
2605 2724 2749 2792 pleni
2780 2733 2905 2778 sunt
2935 2739 3124 2779 eorum
3157 2725 3451 2779 inﬁrmitati
3498 2739 3634 2780 eon-

2043 2815 2375 2872 descendere
2431 2818 2769 2885 terrenisque
2822 2818 3036 2871 illorum
3088 2819 3541 2885 necessitatibus,
3578 2818 3636 2875 in

2044 2919 2299 2977 quantum
2331 2908 2583 2964 decenter
2604 2909 2838 2975 valeant,
2866 2910 3143 2965 charitatis
3173 2911 3634 2968 condescensione

2044 3000 2270 3055 servire.
2304 3000 2410 3056 Nec
2444 3000 2640 3056 tmdere
2677 3002 2916 3057 animum
2967 3002 3156 3069 debet,
3185 3002 3230 3057 si
3282 3018 3474 3058 sensus
3520 3006 3640 3073 ejus

2044 3091 2487 3161 contemplationi
2512 3092 2835 3162 spiritalium
2859 3108 3074 3163 semper
3092 3095 3330 3149 intentus
3352 3095 3640 3165 aliquando

2044 3185 2416 3254 dispensandis
2448 3187 2607 3240 rebus
2638 3186 2877 3240 minimis
2905 3187 3059 3257 quasi
3084 3187 3384 3242 minoratus
3413 3187 3641 3244 inﬁceti-

326 3263 463 3358 .ttat.
490 3263 554 3350 et
575 3263 754 3347 tamen
808 3290 1082 3357 sapientes
1133 3294 1324 3349 vocat,
1352 3299 1472 3339 cum
1505 3284 1631 3337 dicit
1665 3300 1679 3338 :
1715 3282 1804 3336 Sic
1834 3297 1937 3336 non
1965 3263 2010 3326 Β
2046 3287 2150 3344 tur,
2184 3278 2398 3349 quando
2429 3278 2557 3333 illud
2592 3278 2826 3333 Verbum
2863 3296 2955 3348 per
2997 3280 3136 3350 quod
3168 3289 3419 3335 constant
3459 3280 3639 3337 omnia

348 3399 417 3442 est
438 3402 643 3455 sapiens
666 3388 795 3437 inter
810 3399 896 3436 vos
921 3397 1217 3452 quisquam,
1234 3378 1325 3450 qui
1344 3382 1499 3448 possit
1514 3379 1757 3451 judicare
1777 3376 1937 3448 627

349 3480 482 3532 inter
499 3478 709 3548 fratrem
738 3491 887 3529 suum
916 3472 1100 3543 (ΗΜΛ,
1129 3472 1221 3543 Si)?
1253 3472 1368 3539 Qua
1397 3486 1461 3525 ex
1499 3486 1555 3525 re
1582 3470 1706 3539 quid
1736 3470 1942 3540 colligi-

351 3580 459 3637 tur,
492 3570 597 3623 nisi
624 3576 687 3622 ut
708 3567 767 3621 bi
798 3579 1040 3621 terrenas
1066 3579 1257 3619 causas
1307 3564 1637 3627 examinem,
1668 3561 1757 3630 qui
1787 3569 1936 3615 exte-

322 3664 786 3719 rriormnrerum
828 3656 1146 3728 sapientiam
1195 3653 1592 3723 perceperunt?
1630 3653 1730 3719 Qui
1763 3661 1941 3706 autem

358 3752 693 3824 spiritalibus
722 3750 878 3805 donis
921 3748 1075 3807 ditati
1122 3756 1271 3814 sunt,
1303 3743 1546 3813 proiecto
1575 3744 1802 3799 terrenis
1837 3758 1940 3796 non

326 3848 558 3907 rdebem
588 3844 819 3916 negotiis
858 3840 1142 3911 implicari,
1176 3848 1235 3895 ut
1272 3838 1398 3895 dum
1436 3853 1543 3893 non
1572 3846 1837 3906 coguntur
1864 3837 1944 3891 in-

316 3940 550 4003 :ieriora
582 3939 718 3992 bona
749 3935 1066 4006 disponere,
1097 3932 1376 3993 exercitati
1418 3931 1630 3987 valeant
1660 3931 1814 3987 bonis
1856 3947 1943 3989 su.

336 4032 656 4106 periorihus
687 4029 982 4087 deservire.

316 4162 325 4173 ι
420 4124 564 4198 [γει.
598 4120 819 4193 XXI”
855 4119 944 4187 45.
980 4118 1081 4188 Qui
1119 4133 1209 4193 per
1234 4133 1289 4175 te.
1314 4132 1415 4171 non
1442 4125 1679 4186 possunt,
1703 4133 1791 4188 per
1816 4116 1946 4171 alios

312 4220 514 4291 militia
542 4216 805 4273 charitatis
832 4229 1068 4271 exercere
1096 4220 1349 4269 tenentur.
1394 4240 1464 4251 —
1500 4209 1603 4265 Sed
1649 4210 1947 4265 curandum

316 4325 679 4383 .magnopere
708 4321 791 4366 est
823 4317 881 4367 ut
923 4307 977 4369 ω
1020 4307 1111 4379 qui
1139 4306 1298 4363 donis
1328 4302 1659 4377 spiritalibus
1711 4304 1949 4361 emicant

314 4440 319 4447 -
353 4416 689 4474 nequaquam
724 4401 1092 4472 proximorum
1118 4395 1505 4453 infirmantium
1532 4398 1740 4466 negotia
1772 4395 1950 4450 fundi-

355 4508 442 4553 tus
466 4497 735 4559 deserant,
754 4493 846 4553 sed
870 4496 987 4549 haec
1013 4490 1134 4549 aliis
1151 4489 1342 4561 quibus
1367 4487 1581 4565 dignum
1606 4498 1688 4543 est
1719 4498 1949 4544 tractan-

355 4590 423 4644 da
445 4587 805 4651 committant.
830 4583 987 4641 Unde
1031 4582 1244 4653 Moyses
1268 4596 1480 4652 quoque
1507 4599 1568 4640 ac
1591 4582 1841 4654 populum
1872 4582 1951 4635 vi-

2046 3387 2248 3437 creata,
2294 3380 2350 3427 ut
2380 3372 2664 3443 prodesset
2693 3374 3029 3442 hominibus,
3062 3386 3333 3445 assumpta
3388 3375 3637 3431 immani-

2047 3471 2172 3523 tate.
2209 3463 2375 3518 voluit
2414 3464 2752 3533 paulominus
2792 3473 2813 3502 ο
2847 3466 2915 3521 ab
2956 3466 3157 3535 angelis
3189 3467 3465 3521 minorari.
3500 3466 3640 3532 Quid

2048 3569 2176 3624 ergo
2204 3556 2398 3609 mirum
2429 3556 2472 3610 si
2502 3557 2665 3610 homo
2704 3572 2765 3611 se
2815 3564 3035 3625 prepter
3060 3558 3331 3612 hominem
3379 3560 3637 3625 attrahit,
3736 3558 3743 3565 ’

2050 3646 2179 3699 dum
2207 3654 2421 3700 creator
2443 3647 2719 3701 hominum
2742 3655 2795 3702 et
2818 3650 3128 3718 angelorum
3156 3648 3383 3703 formam
3404 3650 3642 3706 hominis

2051 3746 2270 3806 propter
2298 3737 2574 3794 hominem
2633 3739 2902 3808 suscepit?
2954 3739 3062 3793 Nec
3110 3749 3290 3793 tamen
3345 3738 3643 3797 minoratur

2048 3844 2241 3885 sensus
2272 3845 2391 3885 cum
2421 3832 2499 3886 sic
2527 3831 2832 3898 attrahitur,
2866 3833 2988 3902 quia
3013 3840 3162 3887 tanto
3187 3832 3437 3887 subtilius
3466 3849 3628 3902 supe-

2050 3926 2189 3981 riora
2225 3935 2490 3995 penetrat,
2516 3936 2713 3993 quanto
2742 3927 2996 3981 humilius
3023 3942 3119 3997 pro
3139 3942 3324 3982 amore
3346 3927 3644 3985 conditoris

2050 4032 2151 4073 nec
2176 4016 2431 4073 inferiora
2489 4019 2808 4072 contemnit.
2843 4017 2982 4085 Quid
3034 4018 3309 4088 indignum
3364 4020 3519 4073 nobis
3555 4018 3643 4077 vel

2051 4110 2272 4165 difﬁcile
2300 4118 2403 4177 est,
2432 4110 2476 4164 si
2510 4125 2669 4180 supra
2696 4109 2941 4181 infraque
2970 4112 3206 4167 animum
3246 4112 3521 4180 ducimus,
3550 4112 3643 4183 qui

2050 4202 2238 4259 eadem
2283 4218 2443 4258 manu
2494 4206 2735 4273 corporis
2790 4204 3032 4259 lavamus
3083 4203 3297 4267 faciem,
3328 4221 3432 4275 qua
3479 4206 3643 4261 etiam

2054 4294 2355 4349 calceamus
2381 4294 2616 4364 pedem?
2649 4295 2843 4351 Beatus
2875 4293 3036 4365 igitur
3060 4293 3163 4351 Job
3183 4296 3349 4369 628
3376 4297 3498 4366 quia
3522 4310 3644 4352 cum

2053 4399 2243 4453 magna
2272 4393 2456 4455 ageret
2485 4384 2705 4440 minima
2767 4402 2875 4441 non
2933 4386 3206 4456 despexit,
3255 4388 3402 4441 dicat
3441 4404 3452 4439 :
3499 4385 3643 4459 [νει.

2055 4477 2258 4531 XXIII
2274 4478 2311 4548 ,ι
2364 4478 2427 4532 Et
2478 4495 2688 4533 causam
2734 4496 2886 4549 quam
2926 4480 3209 4535 nesciebam
3262 4480 3647 4550 diligentissime

2054 4571 2438 4645 inuestigabam.
2910 4563 2917 4567 ’
3107 4566 3114 4573 ’

358 4695 446 4738 ros
476 4694 574 4750 pro
602 4692 662 4735 se
687 4676 1027 4747 septuaginta
1074 4652 1387 4741 C(tDSlillIil.
1420 4686 1476 4732 ιιι
1525 4652 1726 4749 quanto
1767 4690 1826 4731 Se
1878 4673 1947 4728 ab
1971 4652 2027 4714 Β
2122 4686 2209 4739 46.
2248 4683 2310 4738 In
2328 4686 2543 4757 judiciis
2570 4704 2669 4741 non
2699 4689 2857 4742 simus
2886 4687 3189 4757 praecipites.
3226 4686 3433 4765 Μικίωνα
3459 4687 3637 4741 crimi-

359 4772 717 4829 exterioribus
744 4770 923 4826 causis
947 4768 1335 4831 absconderet,
1363 4777 1511 4824 tanto
1550 4767 1824 4825 ardentius
1865 4767 1945 4821 in-

314 4898 315 4901 η
361 4876 510 4923 terna
540 4872 864 4935 penetraret.
907 4861 1101 4933 Sicque
1133 4862 1189 4917 ﬁt
1216 4870 1272 4916 ut
1316 4863 1510 4919 summi
1541 4860 1638 4915 viri
1668 4860 1834 4931 magis
1881 4859 1947 4915 ad

361 4958 616 5026 spiritalia
640 4956 781 5015 dona
806 4955 1105 5026 proﬁciant,
1125 4954 1249 5009 dum
1277 4968 1462 5010 eorum
1486 4963 1693 5009 mentes
1720 4969 1804 5009 res
1830 4953 1951 5007 inﬁ-
2020 4962 2025 4973 ‘

2016 5058 2021 5063 '
2057 5067 2197 5119 mus,
2225 5066 2291 5106 ne
2319 5060 2523 5107 temere
2562 5053 2864 5107 indiscussa
2895 5053 3238 5122 judicemus,
3273 5071 3341 5107 ne
3390 5052 3644 5122 qumlibel

2013 5152 2021 5159 '
2055 5144 2194 5199 male
2221 5143 2403 5197 audita
2429 5158 2526 5198 nos
2551 5154 2833 5211 moveant,
2868 5160 2936 5200 ne
2966 5143 3165 5213 passim
3195 5145 3336 5197 dicta
3368 5143 3486 5197 sine
3516 5156 3641 5209 pro-

311 5096 321 5104 .
364 5067 463 5107 nne
493 5066 600 5107 non
628 5050 978 5115 conculcant;
1004 5057 1056 5103 et
1076 5063 1290 5115 rursum
1317 5048 1414 5105 viri
1436 5049 1485 5102 in
1513 5047 1749 5104 Ecclesia
1776 5047 1950 5102 ultimi

363 5145 481 5200 sine
508 5142 649 5199 bono
674 5155 839 5211 opere
878 5155 983 5194 non
1016 5140 1217 5204 vivant,
1248 5140 1373 5195 dum
1426 5140 1477 5193 in
1525 5140 1684 5197 rebus
1709 5140 1948 5207 extr-rio-

365 5237 515 5293 ribus
543 5234 819 5291 inveniunt
847 5240 990 5287 recta
1024 5247 1141 5300 quae
1167 5240 1347 5303 agant.
1381 5229 1575 5285 Sancta
1606 5230 1803 5302 quippe
1850 5230 1948 5284 Ec-

312 5374 317 5397 ,
362 5330 525 5386 clesia
547 5329 629 5383 sic
656 5325 903 5383 consistit
927 5325 1134 5381 unitate
1163 5326 1423 5394 ﬁdelium,
1456 5327 1594 5380 sicut
1631 5342 1823 5395 corpus
1852 5341 1948 5381 no-
2012 5326 2015 5329 ’

363 5431 531 5477 strum
549 5423 753 5475 unitum
781 5427 1141 5489 estcompage
1170 5421 1555 5474 membrorum.
1579 5420 1690 5473 Alia
1722 5435 1951 5490 namque

360 5525 490 5571 sunt
511 5515 748 5570 membra
774 5517 825 5569 in
854 5527 1083 5583 corpore
1124 5528 1241 5583 quae
1286 5513 1559 5571 intuendae
1614 5514 1716 5568 luci
1765 5515 1948 5571 deser-

440 5639 465 5669 ι
497 5630 523 5684 1
562 5629 728 5686 Laud.
752 5671 767 5695 ,
795 5629 849 5685 in
890 5638 1078 5684 terram
1123 5630 1434 5685 concederet.
1470 5628 1653 5685 Germ.
1680 5671 1693 5696 ,
1726 5640 1954 5686 mortuos

362 5702 742 5840 Ὕξῖῗᾶοο..
765 5772 1079 5828 temulamini
1108 5772 1243 5826 dona
1276 5773 1507 5826 meliora.

440 5852 466 5885 ⁸
496 5840 680 5899 Germ.
710 5850 763 5899 et
784 5853 985 5912 poster.
1021 5843 1177 5910 Editi,
1208 5842 1312 5896 alia
1341 5859 1453 5913 quw
1480 5861 1509 5896 a
1564 5854 1764 5897 terreno
1808 5854 1946 5901 actu.

2054 4796 2117 4832 na
2146 4776 2346 4831 tardius
2378 4779 2662 4842 credenda;
2696 4779 2785 4831 sed
2812 4795 2926 4833 cum
2950 4787 3316 4849 agnoscuntur,
3346 4780 3498 4834 citius
3540 4795 3642 4851 pu-

2054 4869 2263 4923 nienda.
2295 4898 2363 4908 —
2384 4870 2498 4935 Qua
2526 4870 2576 4923 in
2608 4884 2667 4925 re
2697 4868 2991 4924 notandum
3021 4869 3179 4924 video
3228 4884 3296 4925 ne
3346 4870 3411 4925 ad
3457 4872 3639 4940 profe-

2056 4960 2276 5016 rendam
2308 4962 2631 5015 sentcntiam
2665 4976 2901 5031 unquam
2939 4961 3238 5031 praecipites
3289 4977 3409 5017 esse
3442 4962 3640 5015 debea-
3696 4963 3715 5017 Ξ

2060 5237 2281 5291 batione
2308 5238 2613 5292 credamus.
2647 5238 2801 5306 Quod
2848 5238 3089 5309 profecto
3134 5245 3445 5307 perpetrare
3479 5234 3641 5303 pertic

2066 5331 2378 5397 mescimus,
2395 5331 2436 5384 si
2459 5331 2688 5385 auctoris
2712 5331 2881 5385 nostri
2901 5331 3149 5385 subtilius
3172 5329 3307 5381 facta
3336 5340 3645 5396 pensamus.

2057 5421 2176 5493 Ipse
2201 5423 2395 5492 quippe
2425 5432 2481 5476 ut
2510 5438 2606 5478 nos
2632 5439 2661 5478 a
2685 5423 3014 5495 praecipitata
3040 5419 3323 5478 sententia:
3349 5410 3649 5489 prolatione

2054 5528 2446 5587 compesceret,
2479 5534 2601 5575 cum
2633 5520 2811 5575 omnia
2843 5519 2981 5575 nuda
3014 5526 3069 5573 et
3098 5523 3282 5585 aperta
3314 5515 3421 5570 sint
3466 5513 3641 5573 oculis

2062 5630 2309 5686 Nostram
2342 5631 2466 5687 lect.
2494 5634 2810 5688 conlirmant
2839 5633 2965 5687 Mss.
2993 5630 3403 5699 Corb.,Germ.,
3435 5630 3645 5702 Norm.,

2065 5702 2172 5757 duo
2203 5702 2393 5768 Laud.,
2422 5704 2668 5767 Vindoc.,
2702 5705 2905 5759 Turon.
2934 5715 2985 5758 et
3018 5716 3123 5760 vet.
3158 5705 3298 5760 Edit.

2133 5773 2161 5815 τι
2186 5773 2423 5845 Gemet.,
2456 5776 2599 5845 Utic.
2631 5785 2684 5828 et
2716 5776 2996 5845 Beccens.,
3028 5791 3205 5833 eorum
3232 5777 3410 5833 vitant.

2134 5854 2158 5883 ⁸
2187 5844 2478 5916 Omittitur,
2511 5844 2597 5913 ab,
2629 5845 2682 5901 in
2712 5847 2847 5918 pler.
2984 5844 2987 5845 ⁷
3060 5862 3061 5865 ‘
