4044 6346
515 398 609 456 121

1660 392 1661 395 ‘
1721 410 1967 472 SANC'I'I
1996 410 2326 471 oasconu
2367 412 2584 471 usam

3690 417 3788 473 128

506 522 645 596 ejus,
680 524 823 582 mala
845 532 1024 582 tamen
1072 526 1323 584 Sodoma
1369 528 1539 585 noluit
1589 528 1769 587 audita
1823 529 2095 602 judicare,
2121 530 2433 601 Adiripuit.
2464 530 2596 601 Quis
2642 546 2878 603 namque
2930 533 3145 604 iniquus
3189 531 3374 589 verius
3415 531 3519 588 dici
3569 542 3793 605 potest,

504 619 592 690 qui
616 618 723 674 ait:
748 615 956 675 Clamor
975 618 1320 677 Sodomorum
1333 630 1381 677 et
1404 631 1428 660 ι
1453 621 1902 679 Gomorrlusorum
1921 627 2099 682 multi-
2199 637 2358 692 quam
2380 623 2663 679 diabolus?
2686 623 2848 696 Cujus
2877 626 3047 682 molas
3074 626 3427 693 conterimus,
3446 627 3653 693 quoties
3676 627 3786 682 dis-

504 712 725 782 plicatus
744 722 841 778 est,
870 723 918 767 et
958 723 1223 783 peccatum
1252 729 1426 770 eorum
1454 725 1786 789 aggravatum
1813 723 1888 772 est
1907 717 2096 784 nimis;

502 802 808 857 descendam
836 813 884 858 et
915 804 1092 858 videbo
1118 814 1291 859 utrum
1319 807 1591 862 clamorem
1620 808 1711 880 qui
1740 809 1872 863 venit
1919 811 1988 864 ad
2014 826 2095 866 me

503 908 654 964 opere
681 894 1059 965 compleverint,
1091 914 1161 951 an
1184 912 1283 951 non
1334 909 1403 953 est
1433 901 1529 969 ita,
1562 910 1618 954 ut
1657 901 1814 954 scium
1866 900 2092 972 (Cenes.

502 1000 653 1053 svtu,
681 986 751 1042 90
775 984 817 1056 ).
851 986 1205 1059 Omnipotens
1236 991 1417 1061 itaque
1458 991 1717 1048 Dominus
1759 992 1837 1064 (2,
1867 1011 1919 1065 q.
1959 994 2009 1060 l,
2040 1010 2088 1051 c.

502 1081 645 1137 Deus
667 1085 1030 1155 omnipotens)
1062 1094 1117 1140 et
1142 1088 1323 1143 omnia
1363 1088 1560 1158 sciens,
1587 1105 1684 1146 cur
1731 1102 1857 1147 ante
1901 1092 2091 1163 proba-

501 1175 701 1233 tionem
723 1180 876 1248 quasi
907 1180 1134 1248 dubitat,
1167 1181 1271 1237 nisi
1299 1191 1354 1237 ut
1379 1184 1659 1254 gravitatis
1693 1185 1849 1241 nobis
1898 1200 2088 1242 exem-

500 1269 643 1339 plum
670 1279 952 1340 pr0pnnat,
986 1287 1053 1327 ne
1078 1272 1216 1327 mala
1247 1273 1522 1330 hominum
1546 1285 1671 1332 ante
1695 1291 2085 1345 praesumamus

505 1362 729 1418 credere
755 1377 913 1433 quam
938 1364 1205 1432 probare?
1239 1365 1377 1421 Ecce
1403 1382 1495 1437 per
1526 1368 1749 1438 angelos
1786 1369 1853 1424 ad
1884 1385 2087 1441 cogno-

498 1452 696 1508 scenda
715 1454 849 1507 mala
866 1453 1166 1522 descendit,
1188 1472 1422 1528 moxque
1447 1459 1781 1517 facinorosos
1809 1463 2043 1532 percutit
2065 1478 2081 1528 ;

496 1552 657 1618 at’que
686 1547 776 1602 ille
798 1549 1028 1617 patiens,
1062 1550 1153 1606 ille
1206 1552 1374 1620 mitis,
1401 1554 1490 1609 ille
1545 1554 1611 1610 de
1671 1571 1777 1625 quo
1823 1558 2082 1626 scriptum

496 1649 618 1696 est:
663 1638 745 1693 Tu
792 1652 964 1697 auum
1018 1640 1258 1713 Domine,
1292 1661 1411 1698 cum
1470 1647 1841 1714 tranquillitate
1875 1650 2085 1721 judicas

495 1730 672 1803 (Sap.
704 1748 800 1800 xu,
835 1733 968 1804 l8),
1003 1734 1089 1789 ille
1131 1735 1199 1791 de
1249 1752 1355 1808 quo
1385 1738 1647 1809 scriptum
1698 1751 1780 1795 est
1818 1757 2030 1798 rursum
2064 1760 2079 1799 :

493 1820 746 1878 Dominus
775 1827 970 1897 patiens
996 1840 1069 1881 est
1099 1829 1329 1884 redditor
1356 1830 1547 1901 (Eccli.
1579 1848 1638 1898 ν,
1672 1831 1766 1900 4),-
1799 1842 1946 1890 tanto
1972 1836 2080 1892 cri-

2196 713 2428 771 serendo
2454 725 2644 771 contra
2667 716 2784 785 ejus
2806 716 3030 772 insidias
3072 720 3279 772 occulta
3311 718 3455 772 illius
3505 720 3783 775 machina-

2196 814 2376 861 menta
2423 807 2588 879 629
2634 818 3123 875 nionstramus;ac
3166 810 3209 865 si
3258 810 3327 865 de
3375 809 3491 879 ejus
3540 810 3795 868 dentibus

2196 897 2429 966 praedam
2464 898 2724 963 tollimus,
2753 902 2876 969 quia
2906 911 3140 956 mentem
3168 892 3328 971 quam
3357 903 3467 969 jam
3495 903 3563 958 ad
3596 920 3786 974 pecca-
3814 970 3815 973 η

2203 995 2313 1042 tum
2345 987 2639 1059 frangendo
2659 992 3047 1055 momorderat,
3074 993 3138 1047 ad
3164 993 3388 1049 salutem
3414 995 3534 1050 vitae
3561 1011 3785 1053 conver—
3810 1026 3823 1062 ,-

2193 1079 2355 1135 tendo
2375 1096 2707 1138 revocamus.
2723 1081 2741 1155 [
2759 1082 2867 1137 νει.
2893 1082 3033 1138 XXI
3047 1082 3136 1155 V.]
3157 1085 3259 1141 Per
3283 1086 3451 1143 molas
3470 1088 3668 1159 quippe
3695 1105 3785 1145 oc-

2190 1176 2351 1231 culta:
2380 1177 2498 1248 cjus
2528 1176 2758 1246 insidiae,
2788 1194 2881 1248 per
2906 1180 3094 1235 dentes
3123 1195 3249 1236 vero
3273 1193 3456 1250 aperta
3480 1183 3588 1254 jam
3611 1186 3784 1254 culpa

2192 1270 2523 1338 perpetratio
2562 1270 2987 1341 demonstratur.
3022 1273 3097 1328 De
3124 1273 3316 1341 quibus
3344 1276 3594 1331 nimirum
3626 1278 3782 1334 molis

2187 1374 2251 1416 ac
2278 1360 2527 1417 dentibus
2555 1377 2651 1432 per
2676 1362 3013 1418 Psalmistani
3044 1365 3302 1435 scriptum
3333 1374 3415 1421 est
3447 1382 3462 1420 :
3498 1366 3634 1423 Deus
3659 1384 3777 1425 vero

2189 1448 2216 1489 ἀ
2244 1462 2465 1508 conteret
2488 1453 2665 1509 dentes
2694 1470 2867 1508 eorum
2895 1456 2949 1510 in
2997 1473 3084 1509 ore
3112 1458 3358 1526 ipsorum,
3384 1458 3547 1513 molas
3577 1459 3781 1515 leonum

2187 1545 2471 1619 confringet
2504 1544 2758 1602 Dominus
2787 1548 2806 1619 (
2831 1546 2979 1602 Psal.
3022 1564 3149 1616 Lm,
3183 1547 3215 1603 7
3236 1550 3278 1622 ).
3309 1550 3416 1606 Sed
3453 1562 3667 1607 sanctus
3696 1553 3780 1609 vir

2186 1650 2312 1695 ante
2340 1653 2399 1695 se
2426 1642 2622 1696 asserit
2650 1643 2821 1697 molas
2849 1650 3151 1711 conterere,
3188 1651 3247 1697 ut
3285 1655 3406 1713 post
3432 1644 3503 1701 de
3525 1646 3777 1703 dentibus

2185 1732 2326 1788 illius
2352 1733 2585 1803 pradam
2620 1735 2877 1803 potuisset
2918 1733 3152 1803 auferre,
3183 1737 3306 1807 quia
3347 1747 3473 1795 tunc
3512 1740 3777 1796 veraciter

2188 1822 2422 1901 praedam
2451 1825 2519 1880 de
2548 1824 2667 1895 ejus
2698 1826 2947 1882 dentibus
2982 1827 3239 1895 tollimus,
3268 1843 3392 1882 cum
3425 1828 3573 1899 prius
3604 1831 3775 1886 molas

494 1914 641 1971 mine
666 1916 942 1973 ίηνοιυιοε
969 1919 1270 1987 inveniens,
1301 1922 1455 1989 quasi
1498 1924 1808 1990 patientiam
1853 1937 2077 1997 prater.
2110 1936 2158 1997 Β
2187 1915 2332 1971 illius
2361 1924 2645 1972 conterere
2670 1918 2891 1973 scimus.
2935 1919 3091 1973 Prius
3116 1920 3257 1974 enim
3290 1934 3512 1976 necesse
3559 1930 3644 1976 est
3684 1936 3778 1977 oc-

492 2012 656 2075 mistt,
702 2020 757 2065 et
801 2010 942 2067 diem
984 2014 1211 2069 extremi
1265 2014 1449 2087 judicii
1504 2026 1818 2087 exspectare
1864 2021 1930 2076 ad
1964 2024 2082 2078 vin-

488 2100 684 2159 dictam
740 2105 947 2172 noluit,
1003 2107 1099 2162 sed
1154 2124 1247 2163 eos
1303 2109 1424 2181 igne
1484 2110 1707 2181 judicii,
1765 2123 1886 2170 ante
1934 2115 2082 2187 judi-

488 2194 557 2248 cii
600 2196 740 2250 diem
797 2197 1075 2265 praevenit.
1130 2198 1269 2255 Ecce
1318 2200 1514 2256 malum
1554 2205 1705 2273 quasi
1759 2220 1879 2261 cum
1926 2208 2080 2262 ditii-

488 2286 689 2342 cultate
717 2288 947 2344 credidit
977 2304 1099 2346 cum
1136 2292 1363 2358 audivit,
1387 2303 1440 2348 et
1469 2302 1645 2351 tamen
1669 2296 1787 2352 sine
1829 2299 2078 2355 tarditate

490 2379 777 2448 percussit,
808 2396 928 2436 cum
963 2396 1152 2438 verum
1186 2385 1565 2455 cognoscendo
1589 2389 1808 2455 reperit,
1838 2398 1895 2444 ut
1919 2391 2076 2448 nobis

490 2471 742 2527 videlicet
765 2472 917 2529 daret
945 2476 1286 2545 exemplum,
1316 2479 1457 2548 quod
1490 2478 1695 2550 majora
1746 2480 1971 2538 crimina
2022 2493 2077 2541 et

488 2561 638 2617 tarde
658 2563 923 2620 credenda
954 2575 1081 2621 sunt
1107 2581 1228 2622 cum
1249 2568 1559 2638 audiuntur,
1589 2580 1644 2627 et
1667 2574 1825 2629 citius
1848 2576 2075 2644 punien-

485 2654 551 2708 da
580 2664 704 2711 sunt
728 2672 849 2713 cum
878 2661 1142 2714 veraciter
1187 2673 1570 2732 agnoscuntur.
1623 2665 1789 2735 Hujus
1827 2682 1957 2740 ergo
1985 2670 2072 2725 tli-

485 2744 713 2815 ligentia:
767 2749 956 2805 beatus
1009 2750 1113 2806 Job
1167 2752 1581 2810 sollicitudinem
1612 2773 1825 2825 gerens,
1849 2761 1923 2815 ait
1955 2777 1970 2815 :
2002 2759 2073 2816 Et

482 2854 687 2893 causam
726 2856 883 2910 quam
931 2843 1645 2916 nesciebam,diligentissime
1689 2849 2065 2920 inuestigabam.

481 2930 609 2998 Quae
630 2931 834 2988 scilicet
857 2934 1015 2989 verba
1048 2938 1208 2991 etiam
1239 2952 1331 3007 per
1362 2953 1547 2996 vocem
1574 2941 1833 2998 Ecclesiae
1879 2944 1947 2999 ad
1976 2947 2062 3000 in-

482 3028 922 3096 terpretationem
954 3029 1183 3101 typicam
1227 3047 1515 3102 possumus
1546 3050 1650 3090 non
1684 3037 2068 3095 inconvenien-

481 3126 561 3172 ter
593 3118 808 3175 referre.
840 3120 959 3190 Ipsa
979 3124 1176 3193 quippe
1198 3122 1225 3163 ιι
1252 3141 1347 3194 per
1399 3127 1602 3184 electos
1627 3143 1754 3185 suos
1781 3146 1901 3187 cum
1925 3134 2065 3188 mala

480 3207 772 3264 carnalium
799 3209 1028 3281 judicat,
1060 3214 1159 3269 hoc
1189 3218 1331 3286 quod
1377 3221 1551 3275 nescit
1605 3221 1913 3294 investigat,
1939 3241 2061 3295 quia

477 3304 612 3359 mala
644 3320 762 3375 qua:
812 3308 982 3364 nescit
1036 3311 1308 3379 operando
1342 3312 1625 3383 investigat
1681 3330 1774 3386 per
1797 3316 2057 3386 judicium
2086 3332 2135 3398 ο

475 3396 812 3468 corrigendo.
843 3399 1034 3457 Sancta
1068 3402 1247 3473 itaque
1279 3405 1514 3462 Ecclesia
1563 3422 1686 3463 cum
1736 3409 2057 3480 injustorum

475 3484 635 3544 fuerit
666 3490 732 3545 ad
766 3500 973 3561 tempus
1000 3493 1345 3564 improbitate
1382 3513 1724 3570 compressa,
1755 3503 2055 3560 reminisci-

475 3587 561 3635 tur
580 3580 766 3638 dicens
791 3600 805 3637 :
837 3581 1060 3639 Causam
1086 3603 1241 3657 quam
1268 3591 1550 3645 nesciebam
1574 3593 1963 3665 diligentissime
1985 3599 2057 3653 in-

474 3675 802 3745 uestigabam.
832 3678 910 3730 Ac
934 3676 980 3731 si
1002 3687 1186 3747 aperte
1213 3679 1356 3736 dicat
1384 3698 1397 3737 :
1433 3682 1570 3739 Mala
1600 3699 1719 3755 qua:
1762 3687 1818 3741 in
1866 3688 2057 3746 electis

473 3764 605 3821 tneis
628 3766 836 3836 agendo
857 3783 963 3823 non
996 3785 1271 3839 noveram,
1303 3774 1355 3829 in
1385 3776 1580 3847 iniquis
1622 3776 1930 3837 hominibus
1969 3781 2054 3838 di-

471 3859 654 3913 stricte
671 3859 966 3928 judicando
997 3864 1317 3931 plectebam.
1365 3867 1431 3922 Et
1481 3871 1603 3939 quia
1662 3886 1803 3927 nunc
1855 3875 2055 3931 virtute

472 3950 870 4019 praedicationis
894 3969 1007 4010 suae
1037 3957 1312 4013 diabolum
1344 3962 1593 4026 conterit,
1643 3974 1803 4035 atque
1832 3981 1897 4021 ex
1939 3968 2057 4036 ejus

470 4059 567 4101 ore
593 4045 1008 4121 uniuscujusque
1030 4067 1187 4122 quem
1232 4054 1456 4123 suscipit
1498 4055 1732 4112 animam
1781 4058 1939 4129 rapit,
1972 4075 2055 4117 se-

468 4137 651 4209 quitur
671 4138 856 4196 dicens
882 4157 895 4195 :

854 4271 1085 4332 CAPUT
1111 4276 1281 4334 xxvr
1309 4279 1459 4354 [Rem
1504 4280 1657 4354 XV].

542 4383 696 4443 Vens.
724 4386 810 4443 ΓΙ.
835 4419 906 4430 -
932 4389 1263 4449 Conterebam
1284 4396 1448 4451 molas
1472 4397 1651 4468 iniqui,
1670 4409 1717 4455 et
1738 4399 1800 4455 de
1821 4401 2056 4458 dentibus

461 4477 601 4535 illius
626 4483 916 4553 auferebam
945 4489 1193 4553 praedam.

534 4596 621 4652 47.
654 4596 887 4655 Ecclesia
915 4602 1121 4657 diabolo
1148 4604 1378 4674 prwdam
1408 4608 1578 4676 eripit,
1595 4625 1711 4663 cum
1741 4610 1962 4676 aliquem
1987 4612 2055 4665 ab

2185 2007 2326 2063 culta
2366 2008 2713 2065 consiliorum
2764 2010 2906 2066 illius
2955 2012 3384 2067 machinamenta
3437 2012 3686 2080 prodere,
3718 2023 3778 2070 ut

2185 2097 2446 2155 auditoris
2477 2101 2648 2154 nostri
2701 2100 2934 2155 animam
2993 2101 3270 2158 valeamus
3318 2105 3657 2173 postmodum
3710 2105 3779 2163 ab

2183 2198 2369 2257 aperto
2401 2189 2554 2259 lapsu
2579 2203 2858 2245 revocare.
2890 2189 3060 2261 Hujus
3087 2192 3249 2262 iniqui
3281 2194 3454 2247 molas
3484 2194 3599 2263 ipse
3623 2209 3777 2249 sum-

2184 2297 2303 2337 mus
2330 2293 2513 2353 pastor
2542 2283 2794 2339 Ecclesiae
2823 2285 3162 2354 praedicando
3187 2288 3521 2355 conterebat,
3541 2303 3660 2343 cum
3692 2289 3775 2344 di-

2180 2385 2328 2430 ceret
2356 2393 2369 2430 :
2401 2374 2578 2431 Sobrii
2606 2383 2765 2429 estote
2793 2386 2841 2429 et
2866 2377 3088 2449 vigilate,
3116 2379 3236 2447 quia
3263 2378 3588 2433 adversarius
3614 2387 3775 2458 vester

2179 2469 2416 2523 diabolus
2446 2478 2690 2539 tanquam
2736 2471 2815 2523 leo
2857 2471 3065 2540 rugiens
3112 2471 3313 2536 circuit,
3342 2488 3579 2542 quwrens
3620 2488 3775 2543 quem

2178 2562 2417 2627 devoret;
2441 2562 2523 2615 cui
2545 2563 2763 2616 resistite
2789 2566 2943 2633 fortes
2969 2564 3024 2616 in
3052 2563 3155 2631 ﬁde
3184 2562 3240 2632 (Ι
3269 2562 3416 2620 Petr.
3443 2580 3497 2631 v,
3518 2563 3597 2637 8).
3631 2565 3774 2621 Con-

2180 2661 2258 2707 tra
2290 2654 2433 2707 hunc
2461 2653 2672 2709 leonem
2702 2662 2883 2708 sancta
2913 2653 3171 2720 Ecclesia,
3204 2655 3327 2726 quia
3368 2655 3489 2727 ejus
3537 2656 3766 2714 insidias

2176 2746 2461 2815 conSpicit,
2490 2745 2608 2799 ﬁdei
2628 2746 2811 2799 caulas
2830 2744 3020 2799 munit.
3045 2745 3212 2818 Cujus
3240 2748 3399 2804 toties
3428 2748 3597 2804 molas
3617 2748 3773 2804 fran-

2175 2837 2274 2909 git,
2308 2835 2516 2907 quoties
2547 2838 2917 2892 haereticorum
2947 2849 3260 2909 argumenta
3290 2841 3549 2910 destruit;
3580 2843 3773 2899 toties-

2174 2945 2278 2999 que
2327 2930 2391 2983 ab
2438 2930 2554 2998 ejus
2601 2928 2849 2985 dentibus
2899 2931 3133 3000 praedam
3184 2932 3398 3005 diripit,
3439 2934 3649 3005 quoties
3699 2935 3772 2993 ab

2174 3035 2359 3076 errore
2386 3024 2690 3092 quempiam
2727 3022 3071 3092 praedicando
3098 3026 3380 3082 convertit.
3415 3025 3483 3082 Et
3503 3028 3623 3098 quia
3654 3028 3770 3099 ple-

2173 3115 2324 3186 rique
2348 3116 2616 3187 justorum
2649 3129 2772 3172 tunc
2800 3123 2955 3173 erunt
2990 3120 3083 3194 qui
3113 3135 3173 3176 se
3211 3122 3586 3180 ecclesiastica)
3617 3125 3768 3195 pacis

2178 3216 2420 3277 tempore
2448 3207 2516 3262 ab
2544 3208 2645 3263 lioc
2696 3208 2895 3263 mundo
2941 3212 3180 3268 exituros
3226 3226 3347 3268 esse
3393 3214 3762 3284 crediderunt,

2171 3299 2358 3356 beatus
2399 3299 2500 3356 Job
2530 3301 2659 3356 dum
2686 3316 2780 3357 sua
2825 3311 3026 3371 narrat,
3064 3318 3226 3361 voces
3252 3320 3465 3377 quoque
3490 3306 3762 3379 justorum

2164 3402 2501 3464 sequentium
2535 3394 2755 3465 indicat,
2789 3396 2975 3453 dicens
3007 3415 3021 3451 :

2514 3530 2740 3590 CAPUT
2786 3532 2973 3590 XXVII
3020 3533 3170 3608 [Rec.
3220 3534 3404 3610 XVI].

2237 3648 2399 3705 Vens.
2446 3648 2534 3705 18.
2568 3681 2638 3691 -
2665 3650 3009 3723 Dicebamque
3035 3668 3055 3707 :
3083 3652 3151 3709 In
3180 3654 3365 3710 nidulo
3392 3670 3505 3710 meo
3540 3655 3760 3728 moriar,

2160 3748 2207 3796 et
2235 3750 2259 3779 ε
2302 3743 2433 3797 sicut
2454 3744 2628 3814 palma
2650 3744 3004 3816 multiplicabo
3026 3748 3157 3806 dies.

2231 3853 2318 3910 48.
2360 3853 2490 3926 Ejus
2515 3855 2633 3924 ﬁlii,
2658 3856 2705 3910 si
2734 3873 2856 3925 pace
2879 3859 2983 3928 frui
3009 3860 3325 3928 desiderant,
3357 3862 3411 3916 in
3459 3865 3574 3935 ejus
3620 3863 3751 3920 nido

2160 3955 2207 4000 et
2226 3948 2345 4000 sinu
2383 3958 2696 4003 remaneant.
2732 3979 2804 3991 —
2830 3950 2968 4019 Quid
3016 3950 3116 4007 boc
3145 3952 3263 4009 loco
3290 3968 3384 4023 per
3417 3954 3528 4011 nidi
3560 3970 3759 4017 nomen

2159 4041 2488 4110 esprimttur,
2513 4041 2609 4096 nisi
2640 4042 2924 4113 tranquilla
2953 4044 3104 4115 quies
3136 4045 3277 4112 ﬁdei,
3311 4063 3412 4116 qua
3443 4049 3740 4119 unusquis-

2162 4147 2266 4202 que
2297 4131 2539 4188 inﬁrmus
2571 4133 2841 4189 nutritur?
2882 4136 3164 4193 Multitudo
3204 4140 3402 4210 quippe
3446 4140 3537 4196 illa
3582 4139 3757 4197 bono-

2161 4240 2303 4293 rum,
2346 4242 2464 4297 qua:
2496 4228 2925 4298 persecutionum
2976 4232 3306 4301 temporibus
3361 4232 3525 4289 fuerit
3563 4232 3760 4305 deprev

2161 4322 2347 4390 beusa,
2373 4324 2827 4378 nutrimentorum
2848 4338 3066 4379 suorum
3096 4324 3211 4380 dies
3236 4327 3384 4395 quasi
3416 4328 3472 4380 in
3496 4326 3642 4391 nido,
3668 4325 3755 4383 sic

2158 4419 2213 4472 in
2246 4417 2362 4471 loco
2390 4417 2605 4486 quietis,
2635 4418 2853 4487 explere
2873 4433 2933 4474 se
2971 4419 3223 4473 credidit.
3257 4418 3390 4474 Nam
3439 4420 3539 4475 nisi
3564 4429 3754 4479 sancta

2158 4508 2395 4565 Ecclesia
2438 4509 2680 4564 inﬁrmos
2706 4525 2949 4580 quosque
2996 4512 3134 4566 ﬁlios
3182 4526 3324 4566 nunc
3372 4512 3424 4565 in
3450 4511 3577 4567 nido
3605 4512 3754 4580 pacis

2158 4602 2439 4669 enutriret,
2480 4600 2761 4657 Psalmista
2794 4617 2900 4657 non
2930 4602 3175 4660 diceret:
3213 4602 3422 4658 Etenim
3449 4620 3628 4674 passer
3658 4604 3749 4658 in-

457 4704 628 4744 errare
655 4702 745 4781 aut
774 4703 975 4762 peccato
996 4705 1214 4750 revocat.
1242 4727 1313 4737 —
1339 4698 1384 4753 0
1409 4700 1621 4771 qualem
1645 4702 1712 4757 de
1733 4717 1827 4757 ore
1851 4704 2045 4760 diaboli

2174 4695 2285 4749 'enit
2306 4696 2402 4750 sibi
2435 4696 2664 4762 domum,
2694 4705 2739 4751 et
2761 4705 2928 4750 turtur
2951 4696 3152 4763 nidum,
3200 4696 3288 4751 ubi
3317 4707 3529 4768 reponat
3576 4696 3751 4765 pullos

457 4783 690 4854 praedam
750 4788 904 4856 tulit,
973 4791 1186 4860 quando
1266 4794 1437 4864 ipsum
1498 4805 1765 4866 raptorem
1824 4798 2043 4855 Saulum

454 4877 823 4933 convertendo
853 4880 1027 4948 rapuit
1056 4883 1269 4952 quando
1298 4885 1472 4941 adhuc
1498 4888 1705 4957 spirans
1736 4889 1999 4947 minarum
2018 4934 2034 4961 ,

454 4968 690 5037 acceptis
738 4970 1016 5040 epistolis,
1072 4975 1325 5045 pergebat
1392 4977 1747 5048 Damascum,
1812 4994 1866 5040 et
1915 4985 2042 5042 dum

453 5065 831 5135 persequendo
859 5065 1045 5125 ﬁdeles
1080 5080 1103 5108 ο
1135 5083 1484 5144 congregaret
1512 5078 1747 5146 prtedam
1799 5077 2038 5146 diabolo,

451 5158 829 5227 cognoscendo
855 5158 1013 5216 ﬁdem
1060 5162 1175 5233 ipse
1201 5176 1520 5237 aggregatus
1543 5179 1624 5224 est
1657 5167 1871 5227 Cbrism
1899 5171 2036 5243 (Act.

448 5248 639 5319 is,‘2)!
674 5250 857 5307 Tmies
899 5266 966 5308 es
1020 5254 1183 5327 iniqui
1234 5256 1483 5314 dentibus
1532 5259 1770 5316 Ecclesia
1806 5262 2036 5331 praedam

451 5341 589 5410 tulit,
622 5346 834 5415 quoties
859 5360 925 5405 ex
954 5349 1156 5407 erroris
1196 5364 1379 5408 morsu
1410 5353 1642 5409 animam
1693 5354 2039 5425 praedicando

518 5507 541 5573 ξ’
573 5498 783 5573 gemet.
814 5517 878 5557 ac
917 5506 1050 5573 plur.
1086 5505 1374 5573 Norman.,
1406 5515 1453 5562 et
1481 5504 1800 5564 Gomorrlue.

517 5566 544 5608 δ
573 5569 828 5646 _Vind_oc.,
862 5566 950 5646 per
976 5579 1217 5643 prwlatos
1245 5566 1382 5634 suos.

520 5651 542 5722 ξ’
572 5643 803 5722 lta_M.:s._
829 5643 1038 5717 Anglic.
1062 5660 1116 5705 et
1140 5652 1330 5717 nostri,
1377 5661 1569 5719 praeter
1591 5652 1752 5709 Corb.
1805 5652 2016 5722 Germ.,

445 5713 532 5767 ubi
563 5723 616 5768 ut
648 5715 698 5772 in
729 5716 842 5798 Ed.
876 5713 984 5798 μῐιιι
1041 5733 1147 5778 vet.
1205 5713 1327 5778 tum'
1364 5713 1774 5783 recentioribus
1803 5713 2024 5798 legitur,

441 5799 767 5914 δουρί-εἵαται
785 5791 1003 5873 plebem.
1220 5852 1227 5861 ,
1312 5870 1315 5871 ν
1562 5870 1568 5879 ἢ

511 5854 538 5894 ⁸
583 5855 621 5909 l’
645 5860 800 5917 urlmt
829 5861 979 5927 Mss...
1013 5864 1315 5922 contrivit...
1360 5868 1631 5938 confregit.

2150 4806 2270 4844 suos
2301 4787 2473 4862 (Psal.
2511 4805 2734 4855 Lxxxiu,
2778 4791 2856 4859 4).
2887 4791 3006 4847 Jam
3037 4792 3233 4863 quippe
3278 4792 3495 4847 domum
3544 4794 3751 4848 invenlt

2150 4882 2251 4937 sibi
2277 4898 2481 4950 passer,
2531 4883 2653 4952 quia
2684 4891 2947 4939 aeternum
2993 4886 3118 4939 coeli
3168 4886 3528 4941 habitaculum
3563 4894 3750 4942 noster

2149 4975 2478 5046 Redemptor
2508 4975 2742 5031 intravit.
2779 4976 2841 5031 Et
2888 4985 3063 5031 turtur
3112 4979 3317 5033 invenit
3363 4977 3572 5045 nidum,
3617 4979 3748 5048 quia

2147 5079 2331 5125 sancta
2368 5068 2605 5124 Ecclesia
2632 5083 2817 5125 amore
2846 5069 3143 5125 conditoris
3174 5069 3384 5137 aﬁ‘ecta,
3409 5070 3619 5126 crebris
3639 5086 3747 5143 ge-

2148 5160 2365 5218 mitibus
2395 5162 2581 5231 utitur,
2608 5171 2662 5217 et
2685 5164 2833 5219 velut
2866 5163 3049 5218 nidum
3081 5162 3204 5226 sibi.
3247 5165 3298 5219 id
3333 5176 3417 5219 cst
3450 5166 3743 5237 pacatissi-

2147 5270 2287 5311 mam
2316 5255 2439 5312 ﬁdei
2466 5256 2700 5327 quietem
2730 5257 3015 5326 construit,
3043 5257 3228 5327 inqua
3264 5268 3569 5315 crescentes
3600 5259 3746 5317 ﬁlios

2146 5350 2302 5422 quasi
2360 5351 2759 5423 plumescentes
2790 5350 2986 5422 pullos,
3041 5366 3321 5424 quousque
3365 5353 3429 5408 ad
3462 5356 3744 5425 superiora

2213 5522 2238 5550 ο
2280 5495 2687 5572 Hebraice'rm
2721 5511 2857 5582 sicut
2882 5526 3067 5568 arena.
3101 5512 3348 5566 Attamen
3377 5515 3473 5573 ’ππ
3513 5512 3741 5582 quibus-

2137 5585 2259 5639 dam
2295 5584 2534 5657 Hebraeis
2563 5580 2777 5657 phoenix
2800 5594 2923 5657 gest.
2959 5585 3021 5637 Et
3053 5586 3177 5650 quia
3228 5586 3385 5657 φοῖνιξ
3434 5580 3620 5639 Graece
3661 5586 3738 5639 si,

2136 5657 2348 5728 gniﬁcat
2377 5655 2623 5728 palmam,
2649 5653 2773 5709 biuc
2799 5655 3120 5725 interpretes
3146 5653 3426 5728 verterunt
3464 5657 3594 5728 sicut
3616 5657 3738 5728 pal-

2136 5725 2239 5784 ma.
2271 5725 2407 5799 Aliis
2438 5726 2610 5797 placet
2639 5741 2703 5782 eo
2726 5728 2826 5783 loci
2859 5728 3187 5784 mentionem
3232 5727 3484 5796 injeciam
3517 5725 3735 5799 phasin-

2135 5801 2216 5859 cis
2238 5801 2357 5858 avis
2378 5796 2782 5871 famosissima,
2811 5800 2905 5857 sed
2945 5799 3372 5858 fabulosissime.
