4104 6350
350 372 451 430 H9

1176 367 1539 426 MORALll-JM
1575 368 1701 424 LIB.
1742 367 1886 424 XIX.
1930 396 1999 407 —-
2034 364 2261 425 CAPUT
2303 365 2516 425 XXVI"
2556 367 2618 425 Β.
2658 366 2796 427 JUB.

3520 372 3629 433 150

347 485 586 563 evolent,
636 478 914 538 charitatis
962 480 1172 552 gremio
1224 479 1513 537 calefactos
1552 480 1715 537 fovet.
1775 480 1944 551 Igitur
1970 482 2021 542 Α
2050 494 2218 549 mem,
2254 495 2350 549 pro
2375 483 2713 553 acquirendis
2739 482 2939 539 divitiis
2982 491 3143 556 atque
3173 484 3466 544 honoribus
3496 490 3639 548 tole-

347 579 469 647 quia
501 585 628 630 tune
656 584 814 630 erunt
840 574 928 644 qui
962 575 1113 643 pacis
1136 583 1378 642 tempore
1408 588 1467 629 se
1494 572 1561 628 ad
1582 587 1816 643 superna
1843 573 1938 627 mi-

346 683 524 737 grare,
561 666 611 720 id
644 676 727 722 est
752 681 781 720 a
823 665 949 720 nido
979 666 1199 722 evolare
1229 664 1600 732 crediderunt,
1624 679 1808 719 eorum
1834 679 1935 719 vox

348 758 491 813 beati
522 758 625 813 Jbb
654 771 785 813 voce
827 756 1178 827 praevenitur,
1213 771 1338 811 cum
1386 757 1464 811 ait
1494 773 1510 811 :
1558 754 1933 826 Dicebamque:

348 852 415 909 In
438 852 619 907 nidulo
644 868 756 906 meo
784 852 996 905 moriar.
1033 851 1166 918 Quia
1197 864 1327 906 vero
1367 850 1470 905 hoc
1499 850 1671 919 ipsum
1695 847 1803 904 sibi
1834 862 1935 917 pa-

346 946 425 1001 cis
449 944 616 1000 otium
645 960 711 1000 es
742 945 1031 999 multorum
1062 943 1269 998 dierum
1294 940 1628 1011 longitudine
1656 940 1934 1010 promitte-

345 1040 497 1109 bant,
527 1050 676 1095 recto
704 1038 999 1110 subjungit,
1031 1037 1255 1094 dicens:
1288 1037 1355 1091 Et
1386 1038 1518 1091 sicut
1550 1038 1724 1107 palma
1765 1034 1937 1090 multi-

346 1130 545 1203 plicabo
570 1132 701 1185 dies.
732 1130 915 1184 Palma
962 1131 1104 1185 enim
1155 1130 1306 1185 tarde
1337 1128 1563 1198 proﬁcit,
1613 1127 1709 1184 sed
1752 1127 1840 1183 diu
1882 1126 1936 1182 in

343 1222 625 1297 viriditate
647 1223 907 1277 subsistit.
932 1220 1065 1277 Cum
1097 1223 1276 1277 multis
1305 1234 1483 1277 autem
1524 1220 1937 1277 difﬁcultatibus

342 1325 529 1371 sancta
551 1314 787 1371 Ecclesia
814 1315 880 1369 ad
897 1314 1019 1371 ﬁdei
1038 1324 1235 1370 statum
1254 1315 1420 1383 venit,
1436 1324 1489 1369 et
1510 1329 1603 1384 pro
1624 1314 1937 1370 collectione

330 1409 692 1481 plurimorum
715 1408 766 1463 in
795 1408 1034 1479 ejusdem
1059 1408 1185 1464 ﬁdei
1205 1407 1376 1477 gloria
1401 1406 1605 1462 diutius
1636 1416 1783 1462 stare
1808 1420 1937 1463 con-

344 1502 592 1572 cupiscit.
621 1502 786 1573 630
814 1502 963 1557 Sicut
990 1502 1161 1570 palma
1190 1515 1317 1572 ergo
1346 1500 1700 1569 multiplicare
1732 1514 1790 1557 se
1816 1499 1935 1556 dies

328 1594 590 1669 credidit,
621 1610 758 1664 qnte,
790 1602 1098 1664 emergente
1123 1594 1317 1649 subitas
1341 1591 1652 1648 tentationis
1674 1591 1929 1666 articulo,

341 1688 493 1760 pacis
515 1703 630 1743 sua:
657 1690 882 1758 gratiam
931 1699 984 1744 et
1015 1689 1168 1743 tarde
1196 1702 1225 1742 a
1272 1688 1522 1743 ﬁdelibus
1552 1686 1826 1758 adeptam,
1880 1695 1938 1745 et

341 1781 499 1837 citius
523 1780 593 1835 ab
618 1780 928 1837 inﬁdelibus
957 1782 1305 1850 interceptam
1341 1779 1509 1837 dolet.

2039 582 2181 638 rant,
2205 583 2263 628 et
2282 587 2465 629 earum
2496 590 2675 631 rerum
2706 591 2765 632 se
2794 576 3112 633 abstinentia
3144 579 3385 635 cruciant
3414 581 3478 635 ad
3496 597 3634 653 quas

2040 665 2416 737 atlipisccndas
2438 666 2727 737 festinant;
2751 686 2980 741 superna
3000 682 3175 729 autem
3194 673 3462 731 laboriose
3485 691 3633 746 quas-

2040 772 2160 814 rere
2190 768 2339 815 tanto
2369 761 2536 832 magis
2560 760 2921 830 dissimulant,
2955 774 3151 835 quanto
3181 779 3242 819 ea
3275 766 3497 822 retribui
3523 778 3632 823 tar-

2046 851 2169 907 dius
2203 861 2411 924 putant.
2466 854 2529 908 lli
2563 853 2742 924 itaque
2769 856 2917 925 quasi
2945 856 3168 912 aliarum
3206 857 3456 914 arborum
3486 874 3635 915 more

2038 941 2287 998 deorsum
2317 944 2447 999 vasti
2474 953 2620 1013 sunt,
2648 960 2861 1000 sursum
2905 948 3138 1017 angusti,
3188 948 3311 1018 quia
3365 950 3535 1006 fortes
3576 949 3632 1007 in

2040 1031 2297 1090 inferiora
2326 1036 2645 1103 subsistunt,
2676 1036 2772 1092 sed
2818 1037 2884 1093 ad
2926 1040 3202 1109 superiora
3248 1040 3523 1097 deﬁciunt.
3570 1042 3639 1099 At

2039 1136 2224 1182 contra
2245 1142 2311 1182 ex
2352 1129 2607 1199 qualitate
2657 1129 2954 1199 palmarum
2993 1131 3306 1204 designatur
3344 1135 3636 1201 proﬁciens

2040 1213 2150 1270 vita
2174 1216 2462 1286 justorum,
2496 1219 2587 1289 qui
2628 1235 2962 1291 nequaquam
2990 1230 3114 1277 sunt
3160 1222 3213 1277 in
3243 1226 3474 1280 terrenis
3514 1233 3634 1280 stu-

2040 1308 2143 1367 diis
2170 1310 2356 1379 fortes,
2386 1322 2441 1368 et
2470 1314 2522 1369 in
2552 1314 2864 1370 coelestibus
2906 1314 3148 1382 debiles;
3180 1317 3275 1373 sed
3308 1318 3517 1388 longius
3546 1327 3632 1373 at-

2039 1418 2144 1474 que
2167 1404 2451 1461 distantius
2477 1406 2749 1462 studiosos
2778 1422 2839 1463 se
2872 1408 2985 1463 Deo
3013 1409 3273 1463 exhibent
3321 1425 3478 1479 quam
3532 1426 3636 1467 sa:-

2044 1498 2171 1554 culo
2200 1498 2367 1555 fuisse
2412 1501 2793 1556 meminerunt.
2829 1499 2962 1557 Nam
3010 1516 3132 1556 cum
3180 1502 3496 1571 quibusdam
3548 1517 3641 1573 per

2040 1590 2445 1661 praedicatorem
2470 1601 2714 1647 nostrum
2746 1592 2940 1647 dicitur
2968 1611 2980 1647 :
3014 1591 3322 1647 Humanum
3348 1592 3483 1659 dico,
3512 1611 3632 1664 pro-

2039 1694 2153 1753 pter
2181 1685 2535 1753 inﬁrmitatem
2562 1688 2731 1741 carnis
2757 1697 2966 1754 vestrm;
3007 1688 3137 1741 sicut
3178 1685 3207 1726 δ
3246 1687 3381 1742 enim
3409 1688 3642 1744 exhibui

2040 1775 2133 1830 stis
2157 1778 2379 1831 membra
2409 1787 2575 1831 vestra
2598 1779 2788 1833 seruire
2828 1779 3169 1833 immunditiis:
3196 1787 3244 1833 et
3279 1778 3541 1850 iniquitati
3570 1778 3640 1832 ad

328 1954 329 1957 η
414 1893 559 1967 [νει.
588 1893 691 1949 XX
703 1893 794 1967 V.]
825 1894 916 1951 49.
957 1896 1060 1950 Cur
1070 1897 1201 1968 justi
1243 1895 1429 1963 palma:
1454 1902 1838 1967 comparantur.
1860 1921 1931 1935 —

2043 1867 2380 1938 iniquitatem,
2404 1872 2475 1924 ita
2497 1888 2631 1925 nunc
2652 1872 2880 1925 exhibete
2918 1872 3144 1925 membra
3184 1882 3351 1927 vestra
3387 1883 3409 1910 ο
3455 1874 3642 1928 servire

343 1988 456 2046 Nec
481 1989 745 2045 immerito
769 1988 1033 2059 iustorum
1059 1990 1162 2043 vita
1193 1988 1385 2059 palmus
1410 1997 1772 2057 comparatur,
1802 1988 1929 2058 quia

344 2081 551 2137 scilicet
578 2080 752 2151 palma
773 2080 997 2137 inferius
1028 2090 1172 2136 tactu
1198 2096 1387 2151 aspera
1413 2089 1514 2149 est,
1547 2092 1602 2137 et
1630 2082 1785 2152 quasi
1813 2079 1928 2135 ari-

349 2173 433 2229 dis
455 2172 745 2228 corticibus
766 2173 1051 2239 obvoluta;
1085 2174 1331 2243 superius
1362 2188 1489 2229 vero
1515 2182 1569 2229 et
1598 2174 1716 2228 visu
1748 2172 1939 2228 fructi-

326 2267 449 2323 bus
471 2268 723 2336 pulchra;
776 2268 999 2324 inferius
1050 2270 1310 2324 corticum
1344 2284 1562 2324 suarum
1590 2268 1940 2324 involutioni-

346 2362 448 2420 bus
475 2372 809 2433 angustatur,
839 2362 933 2419 sed
957 2363 1202 2433 superius
1230 2362 1583 2432 amplitudine
1606 2361 1841 2432 pulchrae
1857 2362 1941 2443 yi-

345 2456 581 2513 r'tditatis
607 2456 949 2526 expanditur.
999 2458 1088 2512 Sic
1131 2456 1329 2526 quippe
1364 2464 1445 2509 est
1486 2455 1780 2509 electorum
1812 2450 1937 2518 vita,

346 2546 599 2615 despecta
622 2547 867 2614 inferius,
892 2547 1137 2616 superius
1161 2548 1417 2614 pulchra;
1443 2548 1497 2602 in
1523 2547 1629 2601 imo
1651 2545 1752 2601 ista
1783 2544 1937 2615 quasi

347 2639 535 2693 multis
556 2640 846 2694 corticibus
875 2639 1196 2704 obvolvitur,
1230 2638 1358 2693 dum
1390 2639 1691 2693 innumeris
1717 2635 1938 2693 tribula-

348 2732 582 2788 tionibus
616 2741 947 2806 angustatur,
983 2732 1037 2788 in
1068 2748 1278 2788 summo
1310 2721 1438 2789 vero
1487 2734 1572 2788 illa
1620 2734 1771 2803 quasi
1826 2732 1942 2803 pul-

347 2823 493 2879 chraa
520 2824 806 2879 viriditatis
859 2823 1002 2880 foliis
1044 2826 1403 2896 amplitudine
1446 2824 1820 2882 retributionis
1848 2840 1943 2880 ex-

349 2916 625 2987 panditur.
656 2917 827 2971 liabet
878 2917 1093 2987 quidem
1141 2917 1281 2972 aliud
1334 2918 1515 2987 palma
1547 2931 1652 2987 quo
1681 2930 1711 2969 a
1739 2917 1942 2972 cunctis

349 3007 602 3063 arborum
626 3010 919 3081 generibus
944 3009 1143 3065 differt.
1199 3011 1388 3065 Omnis
1433 3025 1663 3080 namque
1693 3009 1854 3064 arbor
1885 3012 1937 3065 in

329 3114 449 3183 suo
476 3102 833 3171 roborejuxta
864 3111 1059 3157 terram
1085 3113 1235 3159 vasta
1263 3104 1528 3172 subsistit,
1562 3104 1657 3159 sed
1686 3117 1937 3160 crescen-

349 3194 421 3248 do
451 3190 701 3264 superius
747 3204 1077 3265 angustatur,
1113 3205 1168 3251 et
1215 3196 1427 3267 quando
1470 3197 1746 3267 paulisper
1774 3197 1942 3252 subli-

2032 1959 2255 2030 justitite
2280 1962 2333 2015 in
2353 1962 2807 2029 sanctificationem
2837 1961 3018 2031 (Rom.
3052 1977 3125 2028 vt,
3155 1961 3279 2033 l9);
3303 1978 3489 2019 eorum
3519 1979 3641 2033 pro-

2042 2052 2130 2108 cul
2161 2052 2321 2108 dubio
2354 2054 2653 2110 inﬁrmitati
2680 2054 3156 2121 condescenditur,
3205 2067 3269 2109 ac
3298 2054 3343 2108 si
3371 2056 3449 2109 eis
3474 2070 3632 2125 aper-

2045 2144 2149 2201 tius
2176 2145 2447 2201 diceretur
2474 2163 2488 2201 :
2520 2144 2581 2202 Si
2619 2160 2952 2216 nequaquam
2981 2144 3208 2215 amplius
3246 2145 3494 2215 potestis,
3528 2145 3640 2202 sal-

2045 2246 2156 2295 tem
2204 2238 2337 2294 tales
2368 2248 2542 2295 estote
2568 2239 2619 2293 in
2668 2239 2842 2294 fructu
2889 2238 3149 2294 bonorum
3180 2252 3425 2308 operum,
3454 2238 3639 2309 quales

2041 2327 2215 2386 fuistis
2241 2329 2441 2386 dudum
2468 2330 2522 2386 in
2543 2332 2753 2386 actione
2780 2329 3051 2397 vitiorum,
3082 2325 3109 2368 ἀ
3144 2345 3212 2387 ne
3228 2329 3516 2386 debiliores
3543 2345 3639 2387 vos

2042 2420 2436 2478 habeatsancta
2469 2422 2687 2480 libertas
2717 2422 3017 2486 charitatis,
3051 2438 3187 2494 quos
3216 2425 3269 2478 in
3301 2437 3464 2481 carne
3491 2423 3628 2479 vali-

2041 2510 2139 2568 dos
2162 2512 2348 2569 habuit
2368 2528 2500 2571 usus
2522 2523 2754 2570 terrena:
2783 2513 3092 2584 voluptatis.

2115 2624 2258 2697 [Vet.
2282 2624 2381 2680 XX
2397 2625 2523 2698 V1,]
2561 2627 2651 2681 50.
2695 2623 2819 2680 Non
2864 2642 2982 2681 vero
3036 2625 3222 2696 palmi:
3274 2638 3641 2697 comparantur

2043 2716 2131 2788 qui
2169 2732 2287 2770 cum
2318 2716 2439 2772 bene
2478 2718 2745 2786 caperint,
2789 2718 3000 2773 minime
3046 2731 3383 2787 perseverant.
3411 2751 3481 2761 -—
3509 2719 3641 2779 Sunt

2043 2824 2172 2866 vero
2202 2811 2442 2866 nonnulli
2487 2812 2575 2881 qui
2607 2826 2728 2866 cum
2774 2811 3018 2868 coelestia
3049 2823 3329 2883 appetunt,
3363 2814 3521 2886 631
3552 2823 3640 2870 at-

2044 2918 2149 2976 que
2181 2903 2341 2972 hujus
2373 2904 2555 2960 mundi
2602 2906 2759 2960 noxia
2810 2905 2947 2960 facta
3002 2906 3403 2977 derelinquunt,
3454 2909 3521 2962 ah
3558 2908 3642 2964 in-

2043 2996 2329 3052 choatione
2367 3011 2459 3052 sua
2492 2996 2730 3067 quotidie
2786 2998 3157 3053 inconstantiae
3205 3000 3643 3070 pusillanimilate

2047 3087 2325 3144 deﬁciunt.
2368 3088 2574 3156 Quibus
2617 3088 2715 3143 hos
2747 3090 2847 3144 nisi
2903 3091 3135 3145 arbustis
3192 3091 3408 3162 reliquis
3439 3092 3642 3150 similes

2047 3179 2270 3235 dixerim
2300 3180 2389 3248 qui
2421 3193 2755 3251 nequaquam
2787 3182 2920 3237 tales
2963 3186 3212 3253 superius
3248 3195 3476 3255 surgunt
3502 3202 3636 3256 qua-

349 3286 507 3351 mior,
541 3296 686 3341 tanto
714 3288 766 3342 in
799 3288 960 3343 altqu
992 3290 1239 3344 subtilior
1272 3290 1532 3347 redditur.
1589 3292 1771 3347 Palma
1807 3300 1938 3348 vero

2043 3275 2121 3330 les
2147 3274 2367 3332 inferius
2396 3274 2683 3330 oriuntur?
2714 3276 2775 3330 lli
2796 3278 3012 3350 .quippe
3040 3285 3065 3314 ο
3109 3277 3176 3331 ad
3224 3278 3636 3334 conversionem

351 3385 381 3417 ι
405 3378 628 3433 minoris
657 3378 1022 3448 amplitudinis
1061 3380 1128 3437 ab
1176 3381 1295 3436 imis
1317 3381 1556 3449 inchoat,
1599 3391 1653 3438 et
1673 3381 1823 3454 juxta
1855 3398 1939 3439 ra-

352 3484 470 3525 mos
502 3485 564 3526 ac
591 3471 796 3526 fructus
817 3471 1061 3539 ampliori
1092 3472 1286 3529 robore
1313 3474 1590 3544 exsurgit;
1625 3485 1678 3530 et
1708 3492 1825 3546 qua:
1858 3484 1940 3532 te-

355 3564 478 3619 nuis
502 3564 570 3619 ab
612 3562 734 3619 imis
784 3564 1015 3632 proﬁcit,
1044 3565 1249 3621 vastior
1288 3567 1354 3621 ad
1387 3582 1594 3623 summa
1626 3569 1937 3624 succrescit.

356 3656 561 3724 Quibus
590 3657 771 3726 itaque
818 3657 923 3711 alia
973 3658 1188 3713 arbusta
1239 3658 1342 3713 nisi
1395 3660 1626 3715 terrenis
1673 3660 1941 3716 mentibus

352 3746 694 3805 inveniuntur
724 3764 843 3806 esse
871 3749 1088 3817 similia,
1112 3748 1335 3806 inferius
1364 3762 1533 3818 vasta,
1563 3753 1811 3822 superius
1840 3769 1937 3808 an-

352 3840 547 3911 gusta?
576 3843 697 3913 quia
725 3842 976 3898 nimirum
1011 3858 1199 3899 omnes
1228 3842 1387 3914 hujus
1413 3845 1598 3900 saeculi
1645 3845 1933 3902 dilectores

355 3934 409 3988 in
440 3934 670 3991 terrenis
710 3936 869 3991 rebus
903 3935 1063 3991 fortes
1092 3945 1215 3991 sunt
1246 3934 1404 4009 (οῖσι.
1442 3937 1534 4002 47,
1562 3953 1609 3998 c.
1635 3935 1716 4008 5),
1748 3937 1803 3992 in
1832 3952 1944 3994 cos-

353 4026 578 4086 lestihus
618 4030 844 4087 debiles.
881 4031 1011 4085 Nam
1043 4046 1139 4100 pro
1170 4031 1449 4101 temporali
1478 4030 1648 4101 gloria
1676 4046 1843 4101 usque
1874 4030 1943 4087 ad

352 4132 577 4178 mortem
618 4122 880 4179 desudare
905 4132 1181 4192 appetunt,
1220 4132 1273 4179 et
1315 4138 1411 4195 pro
1443 4138 1539 4193 spe
1570 4131 1830 4194 perpetua
1877 4139 1945 4179 ne

353 4228 543 4285 parum
564 4215 778 4285 quidem
811 4215 865 4270 in
891 4215 1072 4272 labore
1112 4216 1430 4273 subsistunt.
1464 4215 1569 4272 Pro
1611 4215 1842 4272 terrenis
1865 4216 1944 4271 lu-

328 4308 459 4375 ⁹(ιι-ῖς
479 4309 750 4381 quaslibet
774 4308 994 4379 injurias
1025 4309 1275 4376 tolerant,
1323 4317 1379 4365 et
1424 4324 1522 4379 pro
1554 4308 1762 4366 cmlesti
1801 4324 1946 4365 mer—

353 4403 488 4458 cede
513 4403 593 4459 vel
626 4402 920 4459 tenuissimi
948 4402 1099 4458 verhi
1122 4402 1260 4457 ferre
1284 4402 1639 4457 contumelias
1669 4408 1941 4467 recusant;

330 4503 572 4573 terreno
596 4495 759 4565 judici
788 4502 900 4552 toto
929 4485 1092 4550 etiam
1116 4494 1203 4549 die
1230 4480 1481 4551 assistere
1512 4496 1679 4551 fortes
1704 4504 1850 4559 sunt,
1882 4493 1939 4550 in

356 4590 597 4646 oratione
624 4604 752 4646 vero
799 4603 980 4645 coram
1024 4589 1255 4644 Domino
1285 4590 1370 4643 vel
1423 4589 1580 4645 unius
1629 4590 1777 4645 horas
1830 4605 1945 4646 mo-

2042 3370 2326 3423 venientes
2368 3381 2476 3422 non
2506 3366 2640 3439 tales
2670 3368 2856 3438 quales
2885 3376 3175 3439 cmperuut
3198 3379 3565 3439 perseverant,
3588 3377 3643 3428 et

2043 3459 2193 3530 quasi
2232 3474 2381 3516 more
2405 3459 2657 3516 arborum
2687 3460 3029 3517 inchoatione
3060 3462 3197 3517 vasti
3228 3472 3377 3531 sunt,
3418 3463 3516 3519 sed
3552 3473 3636 3520 te-

2046 3565 2177 3609 nues
2199 3560 2472 3618 crescunt,
2503 3552 2624 3622 quia
2659 3552 2935 3621 paulisper
2977 3568 3071 3622 per
3110 3565 3393 3625 augmenta
3426 3562 3634 3624 tempo-

2044 3658 2163 3697 rum
2197 3641 2471 3711 patiuntur
2495 3642 2818 3698 detrimenta
2865 3643 3142 3697 virtutum.
3192 3645 3405 3699 Sensim
3445 3648 3642 3714 quippe

2048 3735 2100 3790 in
2123 3735 2202 3791 eis
2232 3734 2506 3790 desideria
2545 3749 2778 3805 superna
2808 3736 3188 3806 languescunt;
3224 3744 3279 3790 et
3299 3737 3389 3807 qui
3419 3737 3640 3793 robusta

2046 3839 2110 3880 ac
2131 3824 2285 3879 fortia
2308 3835 2717 3897 proposuerant,
2743 3826 2939 3882 debilia
2966 3834 3126 3897 atque
3152 3826 3361 3882 inﬁrma
3383 3842 3637 3885 consum-

2045 3927 2227 3983 mant;
2270 3917 2502 3987 dumque
2553 3920 2729 3975 astatis
2775 3929 3061 3991 augmento
3118 3919 3427 3989 proﬁciunt,
3479 3921 3632 3993 quasi

2045 4012 2308 4068 ﬂexibiles
2346 4020 2616 4068 crescunt.
2670 4013 2850 4068 Palma
2882 4027 3036 4083 vero,
3089 4012 3229 4068 sicut
3264 4012 3467 4069 dictum
3512 4022 3635 4083 est,

2054 4105 2071 4144 τ
2092 4104 2338 4160 vastioris
2357 4105 2409 4160 in
2439 4104 2746 4161 summitate
2774 4113 2858 4161 est
2882 4119 3041 4176 quam
3070 4118 3192 4161 esse
3213 4104 3439 4175 cmperit
3466 4120 3640 4177 quan-

2047 4199 2210 4256 titatis
2235 4214 2302 4255 ex
2328 4198 2533 4268 radice,
2556 4199 2683 4270 quia
2711 4214 2858 4270 saepe
2886 4198 3185 4255 electorum
3212 4201 3494 4256 conversio
3515 4201 3637 4270 plus

2047 4290 2282 4347 ﬁniendo
2326 4294 2532 4361 peragit
2555 4307 2715 4362 quam
2746 4291 2995 4362 proponit
3026 4291 3357 4360 inchoando;
3388 4302 3441 4349 et
3470 4294 3515 4349 si
3559 4301 3641 4349 te-

2047 4381 2220 4452 pidius
2249 4383 2418 4454 prima
2477 4383 2713 4449 inchoat,
2746 4382 3044 4438 ferventius
3092 4393 3331 4439 extrema
3382 4398 3638 4440 consum-

2045 4490 2178 4550 mat,
2209 4482 2458 4539 videlicet
2473 4496 2688 4552 semper
2712 4480 2967 4537 inchoare
2991 4495 3050 4537 se
3079 4482 3329 4550 aestimat,
3355 4491 3413 4539 et
3434 4482 3640 4541 idcirco

2045 4584 2388 4654 infatigabilis
2419 4584 2472 4640 in
2502 4583 2740 4639 novitate
2770 4582 3047 4653 perdurat.
3093 4582 3240 4638 Hanc
3294 4585 3499 4640 scilicet
3549 4584 3641 4655 jn-

328 4668 329 4675 “
357 4690 540 4738 mento
592 4681 881 4738 lassantur.
924 4682 1079 4752 Scopa
1110 4681 1425 4751 nuditatem,
1450 4680 1827 4750 dejectionem,
1862 4679 1946 4737 fa-
1971 4667 2024 4730 Ι)
2051 4688 2258 4736 storum
2288 4678 2643 4736 constantiam
2672 4676 2931 4755 propheta
2961 4677 3199 4744 intuens,
3227 4679 3305 4730 ait
3331 4695 3345 4732 :
3381 4677 3482 4744 Qui
3522 4693 3643 4734 conv

433 4849 460 4877 ι
499 4837 575 4893 lla
613 4852 733 4893 cum
775 4838 900 4894 Mss.
933 4838 1143 4904 Norm.,
1182 4836 1377 4903 Land.,
1424 4837 1654 4905 Turon.,
1692 4837 1942 4905 Vindoc.,

360 4909 591 4975 Bellov.,
613 4919 725 4965 vet.
770 4909 892 4975 Ed.,
920 4910 1070 4978 cujus
1097 4910 1345 4966 lectionis
1373 4909 1492 4964 loco
1524 4910 1574 4963 in
1604 4906 1787 4964 Germ.
1815 4919 1870 4963 et
1890 4910 1944 4964 in

364 4981 463 5035 Ed.
489 4990 694 5036 recent.
730 4980 953 5034 habetur
980 4980 1150 5048 palma
1172 4997 1287 5035 vero
1328 4981 1496 5035 minor
1523 4981 1588 5035 ab
1620 4981 1758 5035 imis.
1781 4980 1945 5037 Corb.

362 5052 544 5109 Germ.
578 5051 736 5105 habet
770 5052 984 5105 minoris
1010 5051 1319 5106 altitudinis.

438 5142 465 5184 δ
509 5143 670 5200 Deest
697 5144 833 5197 enim
866 5141 919 5196 in
945 5142 1231 5214 plerisque.

436 5248 459 5277 ο
527 5235 736 5292 Gemet.
764 5276 780 5302 ,
834 5234 1022 5289 servire
1064 5238 1285 5307 justitiae
1308 5235 1419 5294 Deo
1470 5239 1525 5294 in
1577 5239 1947 5310 sanctiﬁcatio-

364 5325 494 5363 nem.

328 5412 339 5419 ’
434 5397 461 5437 τι
505 5398 598 5454 llic
626 5400 852 5456 multum
882 5400 1092 5456 variant
1117 5398 1342 5457 Codices
1383 5416 1515 5458 mss.
1551 5411 1603 5458 et
1643 5401 1806 5457 Editi.
1839 5394 1947 5456 Tu-

362 5487 480 5526 ron.
508 5470 703 5527 habet:
733 5489 795 5527 ne
848 5472 1115 5528 debiliores
1139 5488 1224 5526 vos
1268 5472 1448 5526 habeat
1496 5483 1674 5529 sancta
1715 5473 1943 5537 libertas,

361 5560 507 5611 quas,
530 5550 636 5615 etc.
665 5541 915 5615 Norman.
944 5558 1064 5599 eum
1108 5543 1131 5597 l
1164 5541 1354 5615 Laud.,
1390 5560 1548 5615 new.
1579 5544 1784 5598 libertas
1812 5545 1945 5598 aeris

362 5630 509 5683 quos.
557 5612 717 5667 Corb.
769 5612 973 5678 Germ.,
1024 5629 1116 5667 nec
1162 5612 1525 5669 debiliores”;
1572 5615 1780 5669 libertas
1810 5617 1945 5669 aeris

364 5701 512 5756 quos.
548 5684 794 5751 Vindoc.,
838 5703 899 5741 ne
928 5684 1198 5741 debiliores
1238 5687 1532 5756 vroshabeat
1576 5696 1755 5741 sancta
1796 5685 1951 5739 liber-

330 5774 335 5781 ι
366 5766 466 5820 tas,
495 5755 566 5809 eis
594 5771 722 5826 quos
751 5772 803 5809 ιη
825 5774 975 5812 carne
1010 5756 1211 5811 validos
1254 5755 1435 5811 habent
1458 5773 1582 5812 usus
1615 5767 1828 5813 terrena:
1864 5770 1953 5810 vo-

366 5825 807 5886 iuniatis.Codex
838 5829 1039 5886 Bellov.
1072 5827 1156 5885 hic
1185 5834 1267 5885 est
1303 5838 1607 5899 corruptus.
1640 5828 1806 5885 Vetus
1850 5827 1949 5884 Ed.

2052 4834 2251 4901 Parim,
2268 4850 2331 4890 ne
2344 4831 2886 4905 debiliores....sancti
2907 4832 3038 4889 libra
3063 4850 3250 4905 opem,
3274 4848 3423 4904 quos.
3452 4835 3641 4895 Germ.

2051 4916 2107 4963 et
2133 4905 2279 4961 Etlit.
2307 4906 2495 4969 Basil.,
2522 4915 2698 4959 sancta
2720 4903 2926 4960 libertas
2957 4903 3183 4960 hwredes
3212 4903 3359 4969 quas.
3391 4905 3637 4963 Gilot.ita

2053 4977 2235 5032 habet.
2269 4978 2322 5031 In
2357 4976 2606 5047 omnibus
2634 4976 2761 5031 Mss.
2808 4976 3003 5047 legitur
3030 4993 3182 5047 quos,
3234 4991 3341 5032 non
3381 4993 3558 5047 quam,
3591 4987 3645 5035 ut

2052 5048 2108 5104 in
2137 5047 2235 5103 Ed.
2258 5048 2518 5119 Gussanv.
2543 5046 2831 5119 Gratianus
2851 5046 3013 5102 etiam
3043 5046 3175 5119 legit
3198 5062 3349 5117 quos,
3384 5046 3441 5102 nt
3462 5049 3646 5103 videre

2052 5120 2220 5191 liquet
2245 5117 2373 5173 dist.
2410 5117 2502 5186 47,
2525 5131 2576 5172 c.
2614 5116 2822 5174 Omnes.

2130 5220 2154 5249 ε
2193 5209 2399 5275 Germ.,
2429 5208 2537 5263 duo
2569 5210 2762 5277 Laud.,
2796 5208 3027 5276 Gemet.,
3075 5208 3273 5277 aliique
3322 5208 3535 5275 Norm.,
3584 5210 3641 5267 in

2053 5282 2432 5365 conversatione
2456 5282 2735 5338 venientes.
2766 5281 2927 5337 Corb.
2959 5280 3144 5338 Germ.
3173 5291 3227 5335 et
3243 5279 3485 5347 Prat.,in
3514 5295 3641 5337 eon-

2053 5362 2408 5409 versationem.

2032 5460 2037 5463 '
2127 5446 2150 5487 ί
2192 5448 2281 5504 Sic
2301 5448 2407 5503 duo
2431 5447 2625 5513 l.aud.,
2646 5446 2810 5503 Corb.
2837 5444 3045 5511 Germ.,
3069 5444 3277 5509 Norm.,
3308 5452 3414 5501 etc.
3448 5443 3642 5501 Edito-

2052 5533 2170 5576 rttm
2201 5535 2330 5575 vero
2360 5534 2465 5574 non
2516 5519 2704 5576 eadem
2737 5526 2821 5572 est
2869 5517 3048 5571 lectio.
3086 5516 3141 5570 lu
3174 5524 3285 5570 vet.
3324 5524 3383 5571 ut
3430 5515 3484 5572 in
3540 5529 3648 5573 ms.

2055 5589 2237 5673 Germ.
2265 5590 2461 5673 legitur
2489 5609 2503 5643 :
2533 5590 2727 5673 vastior
2755 5590 2805 5641 in
2809 5588 3215 5673 :ummitateest
3242 5602 3396 5673 quam
3422 5603 3535 5673 esse
3558 5602 3650 5642 ca-

2024 5676 2029 5677 ’
2054 5664 2185 5734 perit
2205 5656 2467 5733 qualitatis
2493 5658 2778 5734 exqradice.
2809 5657 3017 5734 Poster.
3037 5656 3229 5734 eadem
3260 5658 3482 5734 habent,
3504 5657 3646 5714 dem-

2056 5727 2147 5804 pta
2176 5727 2312 5791 voce
2338 5732 2627 5805 qualitatis,
2650 5743 2809 5799 (tuam
2834 5727 2999 5786 Corb.
3027 5728 3215 5788 Germ.
3246 5730 3498 5788 servavit.
