4044 6346
442 403 461 449 ἵ
511 407 602 467 151

1707 400 1952 463 SANCTI
1994 404 2327 464 GREGORII
2367 405 2581 463 MAGNI

3681 399 3784 469 152

501 525 667 595 ﬁdunt
688 524 741 578 in
774 521 1019 597 Domino,
1043 520 1308 575 mutabunt
1354 518 1707 589 fortitudinem
1734 538 1901 588 suam,
1931 539 2083 577 assu—
2110 516 2165 584 Α
2192 519 2345 592 (Luc.
2375 536 2529 588 χχιιι,
2564 521 2695 593 5t)?
2724 520 2950 593 Lignum
2979 536 3108 594 ergo
3134 535 3290 581 secus
3321 522 3579 582 decursus
3600 518 3774 600 aqua?

501 625 635 668 ment
662 629 853 682 pennas
875 602 930 666 ut
958 611 1163 678 aquilae,
1197 619 1396 664 current
1426 620 1473 664 et
1492 626 1593 665 non
1614 611 1941 679 laborabunt,
1971 631 2086 667 ani-

505 703 747 758 bulabunt
774 713 820 758 et
842 720 943 758 non
966 699 1365 773 deﬁcient(lsai.
1404 718 1493 766 ιι,
1522 704 1637 771 3t).
1660 702 1866 759 Mutaut
1889 705 2088 777 quippe

505 795 887 862 fortitudinem,
936 795 1058 865 quia
1105 796 1267 850 fortes
1320 793 1538 850 student
1586 810 1704 850 esse
1759 796 1811 851 in
1865 796 2087 867 spiritali

504 904 687 958 opere,
716 889 802 958 qui
834 887 1032 943 dudum
1064 885 1275 942 fuerant
1305 886 1471 943 fortes
1494 888 1544 941 in
1574 904 1758 944 carne.
1789 885 2089 945 Assumunt

505 993 682 1039 autem
716 998 918 1053 pennas
943 992 1001 1037 ut
1029 982 1241 1052 aquilaa,
1275 983 1397 1051 quia
1446 983 1857 1051 contemplando
1884 984 2085 1038 volant.

503 1077 735 1133 Currunt
756 1085 937 1130 etnon
968 1075 1226 1138 laborant,
1265 1075 1386 1142 quia
1416 1074 1685 1129 velocibus
1716 1089 1905 1147 magna
1936 1076 2082 1132 cele-

482 1148 662 1224 ritate
689 1166 995 1237 praedicant.
1025 1166 1310 1219 Ambulant
1336 1176 1388 1219 et
1413 1181 1513 1218 non
1536 1166 1812 1232 deﬁciunt,
1845 1168 1969 1236 quia
2004 1168 2084 1223 in,-

490 1261 748 1323 tellectus
779 1260 860 1314 sui
890 1258 1222 1313 velocitatem
1256 1258 1507 1324 retinent,
1534 1269 1591 1313 ut
1615 1259 1936 1315 tardioribus
1959 1275 2090 1315 cou-

503 1350 854 1409 descendant.
914 1350 968 1404 ln
1018 1351 1228 1404 cunctis
1283 1365 1408 1405 vero
1457 1350 1595 1405 bona
1652 1366 1771 1421 qua:
1821 1352 2090 1421 accipiunt

474 1455 701 1515 .quanto
724 1443 841 1499 aliis
866 1444 1092 1499 libenter
1122 1444 1548 1510 accommodant,
1577 1453 1721 1500 tanto
1753 1445 1853 1514 ipsi
1884 1446 2087 1501 incom-

503 1537 784 1591 mutabiles
814 1537 867 1592 in
893 1536 1130 1591 novitate
1168 1536 1488 1605 perdurant;
1519 1546 1573 1591 et
1600 1537 1689 1605 qui
1725 1548 1910 1592 tenues
1934 1554 1964 1591 a
1996 1553 2083 1592 ra-

499 1630 621 1687 dice
650 1633 1001 1695 incboatiouis
1032 1643 1250 1699 exeunt,
1289 1634 1453 1688 fortes
1497 1634 1550 1687 in
1597 1633 1849 1688 culminis
1901 1639 2083 1702 perle-

498 1722 674 1778 ctioue
704 1724 1109 1780 convalescunt.
1143 1723 1291 1779 Dicat
1312 1726 1491 1793 itaque
1524 1727 1710 1779 beatus
1737 1723 1839 1780 Job
1867 1741 1933 1781 ex
1963 1741 2085 1803 per-

470 1829 631 1869 .sona
660 1831 775 1881 sua,
808 1815 951 1869 dicat
979 1832 1042 1870 ex
1096 1831 1227 1870 voce
1260 1824 1460 1870 sanctie
1513 1816 1765 1872 Ecclesiae
1798 1826 1823 1854 ι
1872 1832 1968 1887 pro
2002 1820 2081 1871 his

2192 627 2309 667 rum
2344 622 2446 679 est,
2471 615 2593 683 quia
2625 614 2853 670 fructum
2876 623 2932 670 et
2965 618 3352 685 protectionem
3374 618 3458 673 sui
3484 618 3636 675 nobis
3659 636 3781 677 um-

2190 703 2398 765 braculi
2441 704 2739 777 proterens,
2772 703 3022 777 apparuit
3050 716 3259 764 creator
3290 708 3343 764 in
3372 724 3560 777 carne,
3589 720 3649 768 ut
3675 712 3779 769 ltu-

2195 812 2411 853 manum
2466 813 2636 870 genus
2668 795 2688 836 ‘
2741 814 2838 868 per
2893 800 3342 856 resurrectionem
3396 801 3607 873 ﬁgeret,
3637 804 3785 875 quod

2192 906 2289 962 per
2317 893 2582 950 detectum
2610 892 2855 966 quotidie
2880 893 2991 950 ibat
3013 893 3068 950 in
3098 906 3349 956 mortem.
3378 896 3671 971 Sequitur:

2751 1026 2979 1085 CAPUT
3018 1027 3213 1087 XXIX.

2265 1160 2391 1217 luto.
2408 1194 2477 1203 —
2502 1164 2569 1219 Et
2595 1180 2679 1220 vos
2701 1164 2986 1219 morabitur
3020 1163 3075 1220 in
3116 1160 3363 1223 messione
3390 1184 3521 1224 mea.

2265 1250 2350 1306 52.
2413 1253 2542 1324 Ejus
2580 1258 2763 1311 messio
2790 1256 2897 1310 rori
2934 1257 3118 1328 gratia:
3138 1258 3426 1313 tribuenda.
3475 1291 3546 1302 —
3569 1258 3784 1316 Subau-

2194 1340 2299 1410 dis,
2331 1344 2581 1399 dicebam.
2625 1344 2819 1401 Messio
2850 1346 2991 1401 enim
3036 1356 3235 1402 sancta}
3266 1346 3521 1405 Ecclesia:
3553 1363 3661 1405 non
3703 1348 3785 1405 in-

2190 1433 2577 1490 convenientor
2608 1435 2887 1507 accipitur,
2934 1452 3055 1493 cum
3088 1438 3337 1507 perfectae
3372 1441 3565 1497 animae
3594 1456 3622 1495 a
3666 1453 3784 1498 cor-

2197 1528 2413 1596 poribus
2440 1528 2745 1594 abstractae.
2779 1531 2923 1586 velut
2949 1540 3171 1587 matura:
3208 1541 3418 1602 segetes
3449 1547 3479 1588 a
3508 1541 3649 1590 terra
3678 1532 3774 1590 de-

2188 1622 2339 1687 eism,
2375 1621 2439 1676 ad
2492 1622 2732 1679 coelestia
2789 1626 2985 1679 horrea
3035 1632 3061 1673 ι
3111 1625 3441 1697 demigrant;
3491 1626 3631 1700 quod
3661 1630 3783 1699 quia

2189 1728 2295 1768 non
2325 1722 2505 1769 nostra
2540 1715 2758 1782 virtute,
2808 1716 2903 1771 sed
2944 1716 3151 1773 coeleSti
3193 1718 3361 1788 gratia
3394 1718 3655 1790 largiente
3677 1710 3783 1793 agi

2188 1814 2293 1873 tur,
2326 1806 2461 1862 bene
2490 1808 2563 1862 ait
2595 1824 2608 1859 :
2642 1804 2707 1861 Et
2732 1822 2818 1862 ros
2850 1809 3131 1864 morabitur
3160 1810 3215 1865 in
3244 1811 3490 1867 messione
3513 1827 3644 1867 mea.
3674 1811 3783 1870 R08

496 1921 630 1975 quos
661 1908 804 1974 pacis
849 1918 1089 1975 tempore
1114 1909 1178 1961 ad
1208 1924 1265 1961 se
1294 1923 1585 1964 conversos
1616 1908 1895 1977 habuerat,
1921 1920 2073 1977 atque

2188 1911 2418 1968 namque
2446 1899 2676 1970 desuper
2723 1902 2887 1969 cadit,
2950 1903 3143 1960 messis
3190 1892 3445 1961 deorsum
3490 1906 3780 1978 colligitur.

496 1996 548 2050 in
582 1996 733 2051 bonis
756 1998 991 2052 moribus
1022 2009 1460 2068 perseveratums
1485 2002 1736 2055 credebat
1763 2020 1773 2052 :
1812 2002 2079 2073 Dicebam.-

492 2103 631 2153 que:
664 2088 728 2142 In
760 2090 938 2144 nidulo
968 2106 1079 2144 meo
1126 2092 1339 2155 morior,
1385 2102 1431 2146 et
1479 2094 1607 2147 sicut
1630 2093 1801 2162 palma
1827 2096 2080 2165 multipli-

493 2181 615 2234 cabo
650 2181 778 2235 dies.
810 2180 837 2218 δ
881 2182 1040 2249 Quasi
1072 2182 1212 2236 enim
1249 2184 1420 2249 palma
1453 2185 1806 2253 multiplicare
1858 2202 1917 2242 se
1964 2186 2080 2243 dies

492 2275 738 2339 credidit,
774 2290 892 2345 qua:
918 2287 1128 2335 mentes
1159 2277 1394 2334 ﬁdelitun
1445 2276 1513 2332 ad
1560 2288 1860 2335 extremum
1911 2295 2079 2351 usque

491 2366 820 2422 robustiores
848 2381 1137 2437 exsurgere
1176 2370 1412 2436 putabat.
1444 2370 1574 2424 Cum
1614 2372 1755 2425 enim
1789 2372 2076 2431 multorum

490 2455 650 2509 corda
683 2465 707 2492 ο
738 2456 1195 2524 persecutiouibns
1226 2458 1490 2527 cceperint
1513 2459 1703 2513 lassata
1737 2461 2075 2531 mollescere,

460 2616 465 2621 ἡ
492 2546 637 2601 dolct
663 2549 773 2616 jam
806 2547 856 2600 iu
888 2564 948 2602 se
994 2549 1144 2617 quasi
1184 2550 1249 2602 ad
1282 2549 1613 2605 debilitatem
1646 2552 1885 2619 tendere,
1946 2572 2076 2624 quos

493 2635 780 2690 mirabatur
827 2637 980 2692 fortia
1014 2640 1371 2708 pr0p05uissc.
1406 2642 1468 2695 Et
1512 2641 1537 2679 ά
1570 2645 1691 2713 quia
1723 2654 1900 2699 mente
1930 2662 2074 2701 sem-

462 2736 465 2741 ’
498 2743 593 2799 per
621 2728 849 2798 spiritali
889 2731 1125 2786 scientia:
1160 2731 1405 2799 intendit,
1440 2744 1583 2789 recte
1622 2733 1962 2806 subiungitur

1028 2865 1252 2923 CAPUT
1296 2869 1526 2926 ΧΧνιιι.

454 2996 461 3023 ⁵
560 2996 721 3055 Vnus.
765 2998 849 3055 19.
875 3031 945 3043 ——
972 3000 1143 3057 Radix
1166 3020 1273 3058 mea
1304 3016 1485 3074 aperta
1507 3016 1581 3059 est
1612 3022 1757 3062 secus
1783 3025 1967 3079 aquas.

558 3090 645 3144 51.
690 3090 927 3163 Spiritali
954 3094 1179 3149 scientia
1218 3112 1417 3165 semper
1458 3096 1675 3152 intendit
1712 3097 1961 3156 Ecclesia.
2004 3133 2069 3146 —

487 3178 644 3239 quta
671 3198 832 3253 aquas
857 3186 999 3240 enim
1050 3188 1200 3241 radix
1245 3192 1503 3257 aperitur,
1538 3194 1751 3259 quando
1780 3195 1844 3248 ad
1893 3198 2065 3264 perci-

454 3277 676 3359 pienda
701 3276 941 3333 veritatis
972 3279 1167 3335 ﬂuenta
1196 3282 1424 3338 latenter
1465 3285 1716 3355 cogitatio
1749 3291 1941 3343 mentis
1980 3304 2066 3345 ex-
2091 3302 2140 3369 ρ

452 3366 749 3439 'pandltur.
786 3364 855 3426 Ut
881 3373 1023 3427 enim
1068 3372 1118 3427 iu
1172 3379 1434 3444 superiori
1493 3376 1632 3433 libro
1677 3380 1785 3450 jam
1835 3384 2069 3440 diximus

484 3457 621 3530 (Lib.
655 3475 770 3528 vm,
813 3474 869 3515 η.
902 3460 1017 3531 8i),
1049 3464 1189 3519 solet
1216 3464 1268 3519 in
1314 3480 1466 3522 sacro
1507 3470 1721 3540 eloquio
1750 3472 1942 3529 radicis
1976 3492 2068 3531 no-

481 3543 625 3605 mine
664 3548 870 3607 occulta
890 3555 1145 3626 cogitatio
1172 3556 1465 3628 designari.
1496 3561 1747 3618 Radicem
1780 3566 1939 3637 igitur
1975 3584 2069 3622 no-

448 3652 641 3698 ‘stram
679 3656 833 3701 secus
862 3662 1026 3717 aquas
1055 3653 1340 3717 aperimus,
1387 3667 1507 3707 cum
1561 3654 1808 3711 inlusioni
1868 3660 2067 3715 iutimze

478 3740 859 3808 Cogitationcm
887 3742 1027 3795 taciti
1053 3744 1231 3798 cordis
1250 3746 1591 3802 intendimus.
1618 3745 1761 3821 [νει.
1786 3750 1888 3805 XX
1909 3752 2066 3827 Vl1.]
2156 3774 2159 3777 ν

452 3827 607 3896 'Qua:
636 3826 840 3887 scilicet
865 3832 1028 3887 verba
1064 3842 1086 3871 θ
1118 3836 1161 3888 si
1217 3837 1280 3890 ad
1334 3854 1515 3893 vocem
1563 3852 1758 3897 sancta:
1813 3846 2065 3903 Ecclesia:

478 3917 738 3987 ducimus,
767 3923 919 3976 radix
950 3920 1095 3978 illius
1140 3926 1252 3995 ipsa
1283 3927 1445 3984 debet
1489 3931 1779 3987 iucaruatio
1830 3936 2063 3993 Redem-

452 4012 647 4079 ‘ptoris
675 4010 919 4082 intelligi.
969 4013 1097 4082 Quae
1122 4014 1276 4086 juxta
1331 4034 1494 4090 aquas
1549 4036 1730 4094 aperta
1783 4038 1885 4099 est,
1938 4034 2062 4087 dum

448 4100 617 4158 'Dous
646 4103 930 4160 invisibilis
976 4123 1069 4176 per
1096 4110 1516 4181 assumptionem
1568 4118 1909 4176 humanitatis
1952 4139 2063 4180 sua:

474 4199 647 4269 patuit
677 4205 978 4269 aSpectibus
1011 4202 1231 4262 visionis
1265 4220 1479 4267 uostrre.
1506 4215 1727 4273 Creator
1756 4221 1949 4293 quippe
1971 4226 2060 4294 qui
2140 4236 2143 4237 '

448 4286 525 4347 in
558 4295 834 4352 divinitate
865 4298 1032 4354 videri
1077 4301 1236 4375 632
1288 4320 1390 4360 non
1440 4318 1667 4379 poterat,
1714 4286 2003 4388 assum-psil
2030 4337 2059 4376 a

472 4384 629 4439 nobis
652 4387 792 4443 unde
823 4386 1097 4446 videretur
1128 4408 1156 4446 a
1185 4396 1361 4453 nobis.
1397 4398 1711 4473 Radixergo
1728 4420 1881 4461 secus
1897 4384 2062 4479 aquas

442 4472 729 4561 'aporitur,
764 4483 885 4549 quia
926 4496 1112 4540 auctor
1138 4486 1357 4542 humani
1386 4495 1597 4561 generis
1637 4472 1731 4563 per
1756 4472 2059 4555 bunum-ita-

442 4557 574 4624 ‘tetn
598 4584 747 4627 suam
783 4577 1086 4632 numinibus
1114 4557 1529 4641 demonstratur.
1561 4557 1715 4644 Unde
1745 4605 1890 4649 recte
1922 4573 2058 4666 quo-

437 4674 570 4731 'que
600 4680 693 4731 per
724 4667 1056 4724 Psalmistam
1084 4672 1314 4727 dicitur:
1354 4674 1417 4731 Et
1459 4678 1552 4732 erit
1586 4690 1827 4751 tanquam
1858 4687 2049 4757 lignum
2085 4694 2136 4757 ι)
2160 4700 2291 4756 inter
2313 4720 2392 4757 οη,

464 4773 545 4824 συν
568 4760 600 4810 d
628 4758 912 4827 plautatum
938 4774 1010 4816 est
1055 4782 1198 4820 secus
1241 4769 1485 4839 decursus
1526 4790 1773 4840 aquarum
1796 4776 1976 4847 ,(Psal.
2010 4797 2050 4847 ι,

439 4847 545 4918 ⁸5).
582 4850 846 4908 Decursus
873 4855 1069 4927 quippe
1092 4877 1348 4929 aquarum
1379 4877 1505 4920 sunt
1531 4870 1827 4936 quotidiani
1860 4876 2052 4931 transi-

430 4964 437 4998 ;
466 4956 546 4998 tus
566 4947 929 5005 deﬁcientium
962 4955 1404 5022 populornm.Et
1426 4961 1491 5012 de
1522 4964 1809 5030 semetipsa
1840 4966 2048 5022 Veritas

460 5036 586 5091 dicit
613 5057 625 5095 :
660 5038 792 5095 Si'in
826 5040 964 5113 ligno
987 5046 1140 5100 viridi
1180 5047 1290 5101 luec
1317 5050 1534 5120 faciunt,
1568 5050 1619 5108 in
1642 5054 1789 5110 arido
1812 5060 1937 5127 quid
1961 5060 2048 5122 fiet

432 5200 443 5229 τ
532 5184 554 5210 ⁸
596 5174 657 5229 In
692 5186 892 5230 recent.
942 5179 1038 5234 Ed.
1082 5183 1337 5238 omissam

431 5243 723 5324 diiunge;
755 5247 881 5324 Mss.
912 5262 963 5324 ei
989 5254 1092 5324 iret.
1124 5254 1273 5324 vnlg.
1370 5243 1382 5255 '
1707 5243 1718 5258 ι
1745 5243 1750 5244 ί
1832 5243 2011 5309 --ιντ-ἶ

532 5314 556 5403 ξ’
605 5316 803 5403 Vitiose
852 5321 901 5373 in
927 5321 1116 5403 Gilot.,
1154 5314 1359 5403 Velio”,
1408 5326 1699 5403 Gussanv.,
1724 5337 1873 5403 quasi
1902 5342 2038 5394 enim

427 5386 704 5467 palmam.
743 5390 965 5444 Emend.
988 5409 1077 5447 [ex
1106 5386 1273 5465 antiq.
1321 5386 1451 5451 Cod.
1488 5400 1600 5455 sive
1631 5386 2041 5466 misistis}?

456 5469 619 5510 CUSIS.

423 5524 431 5593 ξ
529 5535 553 5608 ξ
596 5528 706 5608 μ,
739 5533 1100 5608 persecutionis
1132 5545 1375 5608 tempore.

1369 5186 1681 5255 particulam
1707 5206 1800 5258 pro
1831 5197 2045 5265 supple-

524 5594 552 5634 ά
592 5594 822 5688 Gemet.,
873 5604 989 5673 quia
1014 5594 1459 5675 setnper'mentcm
1488 5612 1767 5688 spirituml,
1797 5632 1903 5680 etc.
1936 5624 2042 5683 Tu-
2124 5624 2125 5645 ³

421 5656 598 5734 ’τοίη
644 5656 851 5737 mentes,

526 5739 835 5813 f‘Yitid00.,
869 5745 968 5796 sia
999 5763 1116 5800 voce
1137 5760 1329 5804 sancta:
1360 5748 1626 5813 Ecclesiae.

527 5807 548 5852 Ι
596 5811 618 5866 ι
658 5812 849 5877 Laud.,
876 5831 965 5880 per
994 5822 1410 5879 resurrectionem

2186 1990 2328 2061 Ergo
2374 2005 2464 2046 ros
2507 1998 2746 2048 moratur
2771 1995 2826 2048 in
2873 1996 3162 2062 messione,
3193 1997 3319 2066 quia
3344 1999 3511 2069 gratia
3546 1998 3781 2069 desuper

2180 2085 2400 2139 veniens
2447 2085 2555 2155 agit
2582 2092 2640 2138 ut
2668 2085 2810 2155 digni
2842 2087 3008 2141 simus
3036 2088 3125 2158 qui
3173 2088 3241 2143 de
3281 2088 3629 2145 interiorum
3658 2090 3781 2146 eol-

2180 2175 2573 2245 ligamur.lpsa
2625 2176 2828 2247 quippe
2868 2190 2967 2233 nos
3015 2178 3246 2248 desuper
3297 2179 3626 2244 inlumlente,
3676 2181 3779 2237 τηι-

2180 2278 2325 2325 ctum
2354 2270 2619 2326 bonorum
2649 2284 2874 2340 operum
2923 2271 3166 2327 ferimus.
3210 2270 3362 2328 Unde
3392 2280 3538 2329 recte
3566 2288 3780 2346 quoque

2182 2375 2278 2431 per
2300 2360 2521 2416 Paulum
2570 2360 2767 2416 dicitur
2800 2377 2814 2416 :
2847 2361 3031 2417 Gratia
3060 2361 3159 2418 Dei
3185 2378 3300 2418 sum
3345 2364 3403 2418 id
3450 2366 3588 2433 quod
3638 2380 3776 2435 sum,

2180 2462 2235 2510 ει·
2249 2458 2418 2527 gratia
2439 2457 2550 2527 ejus
2577 2458 2630 2511 in
2658 2473 2736 2511 me
2764 2472 2921 2511 vacua
2942 2473 3043 2512 non
3067 2459 3168 2526 luit
3197 2455 3251 2528 (ι
3292 2455 3413 2512 Cor.
3445 2473 3535 2525 xv,
3571 2458 3681 2529 10).
3712 2457 3776 2516 Si

2182 2550 2326 2604 enim
2361 2548 2386 2584 ιι
2414 2556 2686 2618 quaeratur
2712 2548 2837 2618 quid
2869 2550 2938 2603 sit
2968 2562 3057 2604 ros
3096 2549 3329 2619 desuper
3354 2550 3595 2612 veniens,
3648 2550 3726 2605 ait
3757 2566 3773 2606 :

2179 2637 2362 2692 Gratia
2400 2638 2497 2693 Dei
2538 2654 2650 2693 sum
2672 2639 2726 2693 id
2771 2640 2912 2709 quod
2954 2655 3089 2694 sum.
3122 2640 3176 2696 Si
3209 2641 3511 2698 intueamur
3541 2655 3771 2697 messem

2178 2729 2279 2783 sub
2310 2742 2431 2784 rore
2458 2738 2815 2795 crescentem,
2848 2730 2920 2783 ait
2952 2746 2966 2783 :
3021 2729 3091 2784 Et
3138 2732 3308 2803 gratia
3332 2732 3444 2803 ejus
3482 2734 3535 2786 in
3580 2748 3661 2787 me
3684 2744 3772 2787 νος

2177 2834 2275 2873 eua
2304 2835 2405 2873 non
2430 2820 2550 2889 fuit,
2574 2821 2665 2875 sed
2710 2821 3051 2877 abundantius
3094 2822 3199 2877 illis
3242 2824 3475 2879 omnibus
3519 2825 3769 2881 laboravi.

2176 2909 2432 2981 Sequitur
2465 2929 2477 2965 :

2748 3003 2975 3061 CAPUT
3015 3004 3187 3061 XXX.

2255 3134 2412 3191 Vnus.
2444 3132 2534 3190 20.
2564 3166 2632 3176 —
2656 3134 2835 3191 Gloria
2870 3155 2979 3193 mea
3000 3155 3198 3211 semper
3236 3141 3579 3214 innovabitur,
3610 3155 3658 3201 et
3677 3124 3768 3201 ar-

2178 3245 2265 3282 cus
2298 3245 2437 3281 meus
2468 3230 2519 3281 in
2542 3244 2699 3282 manu
2727 3246 2838 3283 mea
2864 3230 3257 3288 instaurabitur.

2243 3322 2332 3374 55.
2362 3317 2594 3374 Ecclesia
2622 3321 2776 3392 deﬂet
2813 3322 2949 3391 ﬁlios
2991 3341 3120 3394 quos
3146 3325 3215 3378 ad
3243 3334 3456 3381 veterem
3499 3324 3653 3383 vitam
3684 3346 3765 3385 re.

2176 3412 2287 3466 dire
2318 3415 2597 3482 cognoscit.
2614 3414 2967 3471 —Subaudis
2990 3416 3244 3473 dicebam.
3275 3418 3547 3490 Superiori
3570 3423 3767 3496 quippe

2174 3508 2453 3559 sententiae
2483 3505 2823 3576 conjungitur
2852 3508 2994 3578 quod
3018 3510 3289 3566 locutione
3310 3513 3559 3571 continua
3585 3515 3767 3589 subin-

2171 3592 2360 3661 fertur,
2383 3612 2502 3651 cum
2534 3599 2643 3652 ait:
2695 3596 3086 3668 Dicebamque:
3130 3600 3197 3656 In
3253 3604 3433 3659 nidulo
3487 3623 3596 3660 meo
3654 3625 3766 3663 mo-

2170 3689 2293 3751 riar,
2320 3698 2367 3742 et
2401 3692 2533 3743 sicut
2564 3691 2737 3757 palma
2777 3680 3128 3764 multiplicabo
3151 3694 3278 3749 dies.
3314 3697 3389 3749 Ac
3416 3695 3609 3753 deinde
3637 3698 3765 3755 sub-

2168 3779 2404 3850 juugitur
2438 3800 2446 3832 :
2480 3776 2652 3834 Radix
2676 3800 2786 3836 mea
2817 3793 2996 3852 operta
3036 3794 3108 3838 est
3156 3801 3301 3839 secus
3354 3802 3532 3856 aquas,
3580 3799 3627 3843 et
3678 3806 3765 3847 ros

2168 3875 2451 3928 morabitur
2479 3876 2531 3928 in
2555 3876 2797 3930 messione
2826 3893 2957 3931 mea.
2993 3876 3171 3933 Gloria
3191 3895 3302 3934 mea
3325 3896 3523 3953 semper
3542 3883 3761 3938 innova-

2169 3965 2322 4028 bitur,
2353 3974 2397 4017 ct
2420 3982 2568 4019 arcus
2590 3984 2728 4020 meus
2759 3967 2811 4020 in
2843 3985 2999 4021 manu
3024 3986 3134 4024 mea
3172 3972 3568 4028 instaurabitur.‘
3611 3971 3758 4035 Cun-

2168 4058 2265 4110 cuis
2295 4072 2417 4111 vera
2450 4058 2742 4113 scientibus
2774 4060 2940 4131 liquet.
2990 4062 3129 4131 quod
3172 4066 3236 4119 ad
3287 4074 3548 4120 vetustam
3588 4068 3756 4125 vitam

2166 4150 2290 4204 vitia
2326 4156 2615 4220 pertinent,
2646 4154 2870 4209 virtutes
2893 4154 2958 4209 ad
2984 4170 3195 4212 novam.
3231 4156 3365 4214 Hinc
3388 4161 3531 4215 enim
3557 4161 3758 4219 Paulus

2166 4239 2293 4295 dicit
2324 4259 2335 4294 :
2371 4239 2631 4299 Exuentes
2662 4259 2746 4299 uos
2776 4254 2991 4299 veterem
3014 4244 3266 4303 hominem
3280 4268 3394 4305 cum
3420 4252 3755 4325 actibussuis,

2165 4342 2211 4387 et
2244 4333 2512 4389 induentes
2542 4353 2727 4390 novum
2759 4336 2978 4409 (Coloss.
3023 4356 3104 4407 ιιι,
3149 4343 3227 4413 9).
3262 4345 3393 4401 lliuc
3424 4362 3611 4403 rursus
3640 4350 3758 4410 ait:

2169 4421 2328 4478 Vetus
2354 4426 2504 4480 homo
2527 4438 2691 4483 noster
2740 4431 2897 4484 simul
2922 4431 3197 4503 cruciﬁxus
3237 4448 3312 4490 est
3354 4438 3532 4509 (Rom.
3566 4457 3639 4507 Vl,
3674 4438 3756 4513 ϐ).

2166 4517 2303 4571 Hinc
2333 4516 2612 4574 Psalmista
2655 4538 2719 4575 ex
2746 4532 2871 4593 typo
2900 4524 3117 4581 humani
3148 4528 3361 4599 generis
3392 4531 3635 4602 loquens,
3668 4538 3756 4591 in-

2165 4618 2246 4663 ter
2277 4611 2536 4682 malignos
2585 4616 2803 4683 spiritus
2832 4618 3199 4688 deprehensus
3249 4624 3418 4682 dicit:
3468 4616 3756 4687 lnveteraui

2400 4722 2484 4759 nes
2515 4706 2751 4762 inimicos
2777 4724 2917 4767 meos
2942 4711 3113 4783 (Psal.
3170 4724 3238 4783 vi,
3296 4718 3373 4791 8).
3436 4722 3477 4777 Α
3529 4704 3747 4781 fervore

2136 4801 2356 4871 reteuiin
2382 4804 2578 4857 mentis
2612 4805 2691 4858 vel
2723 4805 2862 4861 inter
2899 4807 3167 4876 Spiritales
3197 4813 3463 4882 inimicos,
3488 4819 3571 4874 vel
3604 4819 3749 4877 inter

2152 4892 2399 4946 carnales
2434 4890 2451 4928 ί
2498 4908 2737 4964 quosque
2769 4901 3063 4965 proximos,
3105 4904 3223 4973 ipso
3249 4906 3428 4978 aliquo
3476 4911 3638 4967 modo
3666 4912 3749 4970 vi-

2154 4982 2313 5036 'endi
2346 4996 2444 5037 usu
2473 4989 2488 5036 ι
2522 4990 2927 5055 veterascimus,
2952 5002 3004 5047 et
3032 5004 3320 5066 assumpta
3349 5004 3596 5061 novitatis
3626 5023 3752 5075 spe-

2151 5071 2289 5127 ciem
2321 5074 2607 5131 foscamus.
2642 5084 2683 5133 Α
2710 5097 2815 5140 qua
2849 5091 3026 5139 tamen
3058 5097 3323 5146 vetustate
3365 5096 3605 5150 uuotidie
3630 5071 3671 5151 ί
3701 5101 3748 5154 si

2126 5258 2131 5261 .
2290 5207 2457 5298 Coris.
2492 5212 2698 5279 Gerun,
2721 5228 2775 5271 et
2803 5219 2909 5273 duo
2941 5220 3132 5298 Laud.,
3164 5225 3537 5298 demigrantttr.
3624 5254 3627 5255 '

2227 5276 2276 5376 ιιι
2308 5280 2514 5376 ΝξῃιηἾ
2567 5276 2825 5376 ιιςιιξιπηιν
2870 5307 2956 5371 vos
3010 5276 3225 5375 desuper
3279 5276 3744 5376 vinienz'gratia.

2153 5349 2314 5437 (Sorb.
2351 5349 2531 5435 Germ.
2566 5349 2619 5410 et
2649 5358 2855 5427 Germ.,
2889 5362 2937 5416 si
2961 5364 3097 5418 enim

2153 5435 2246 5497 per
2274 5436 2494 5497 ueniens.
3137 5435 3143 5437 ⁷
3702 5494 3705 5497 .

2227 5490 2241 5569 ἕ
2283 5494 2780 5569 l_Laud.,_quoque.

2230 5567 2242 5647 ξ
2281 5563 2489 5647 Garum,
2513 5563 2975 5647 C_orb.'_Germ.et
3007 5576 3197 5647 Laud.,
3230 5588 3599 5647 veterescimus.

2222 5636 2243 5735 tt
2551 5639 2947 5735 baudsmmrb.
2985 5636 3739 5735 Germz;Bellovu-c.v:l‘icrm.,

2147 5714 2281 5796 ctc.,.
2310 5708 2499 5796 quibus
2528 5716 2891 5796 “consentiunt
2935 5708 3194 5796 vetsEd:
3248 5708 3740 5796 aliaeaitiKn'tiiii

2145 5779 2583 5871 [litigii-play)“.
2609 5783 2765 5867 lectio
2799 5802 2954 5871 quam
2985 5792 3205 5852 exhibet
3234 5779 3737 5871 cerui'ffi'fiii‘ég

2143 5861 2611 5917 circumspectiont’s
2654 5861 3004 5929 inuigilamus,
