4104 6350
513 419 613 468 too

1710 425 1960 486 SANCTI
1997 425 2324 485 GREGORII
2367 425 2579 485 MAGNI

3691 419 3797 476 1'56

510 538 858 613 Wulﬁplicabo
880 545 1003 600 dies.
1041 544 1211 598 Radix
1239 559 1349 597 mea
1378 551 1556 611 aperta
1597 550 1666 596 est
1710 558 1852 596 secus
1893 559 2078 612 aquas,
2113 543 2165 604 Α
2189 542 2466 597 dicationis
2497 542 2718 613 gratiam
2761 549 3086 595 restaurare.
3135 537 3263 605 Qua:
3295 544 3473 590 tamen
3522 542 3760 600 tempora

509 648 556 693 et
584 654 667 691 ros
689 636 968 689 morabitur
997 638 1048 688 in
1072 635 1320 688 messione
1360 650 1492 690 mea.
1545 631 1726 686 Gloria
1754 649 1867 688 mea
1894 649 2093 701 semper

509 728 861 791 innovabitur.
893 737 940 782 et
994 741 1144 780 arcus
1201 742 1339 779 meus
1391 727 1446 777 in
1513 741 1669 778 manu
1731 741 1844 778 mea
1897 726 2094 778 instau-

509 823 722 877 rabitur.
754 821 882 890 Quae
913 821 1159 875 videlicet
1193 830 1383 875 cuncta
1420 818 1791 881 considerans,
1821 827 1846 856 ι
1889 833 2093 886 nequa-

511 926 664 985 quam
695 927 788 984 spe
817 927 966 968 cassa
990 912 1290 969 fallebatur.
1322 913 1450 965 Nam
1482 911 1700 981 perfecti
1735 917 1934 981 quique
1959 910 2097 964 mul-

510 1019 590 1064 los
618 1025 756 1062 nunc
785 1008 901 1078 ejus
947 1007 1284 1078 conSpiciunt
1312 1007 1339 1046 δ
1373 1005 1647 1075 adjutores
1675 1045 1688 1068 ,
1743 1004 1835 1059 sed
1867 1014 2097 1072 pensant

510 1100 690 1168 procul
720 1098 879 1154 dubio
908 1099 1048 1168 quod
1078 1107 1384 1168 emergente
1417 1096 1803 1164 persecutionis
1832 1096 2092 1159 articulo,

510 1205 569 1246 ex
597 1191 678 1246 his
709 1192 949 1262 plerique
979 1192 1159 1246 hostes
1177 1191 1319 1246 illius
1346 1190 1496 1256 tiunt,
1520 1190 1610 1260 qui
1638 1205 1761 1245 esse
1786 1190 1930 1259 pacis
1957 1199 2092 1243 tem-

510 1293 637 1349 pore
667 1282 782 1344 ejus
806 1281 952 1338 cives
982 1283 1245 1338 videntur.
1280 1280 1394 1334 Non
1427 1290 1610 1334 autem
1637 1279 1705 1333 de
1731 1279 1985 1332 omnibus
2025 1279 2095 1332 ita

511 1372 814 1441 desperant,
845 1373 938 1428 sed
968 1382 1144 1428 tamen
1196 1373 1507 1441 plerumque
1549 1371 1812 1439 contingit
1842 1378 1900 1423 ut
1948 1370 2000 1426 hi,
2032 1370 2098 1422 de

511 1462 699 1534 quibus
732 1466 1038 1533 c-majorem
1068 1465 1190 1521 tidei
1222 1465 1468 1519 ﬁduciam
1494 1463 1811 1528 habuerant,
1838 1463 1936 1531 ipsi
1955 1463 2097 1530 ejus-

509 1553 634 1609 dem
667 1555 788 1610 fidei
822 1556 1004 1611 hostes
1055 1555 1082 1594 ἀ
1127 1558 1422 1611 atrociores
1453 1557 1604 1623 tiant,
1637 1565 1695 1608 ut
1723 1569 1817 1610 eos
1865 1562 1992 1607 tunc
2021 1552 2103 1606 vi-

513 1644 674 1701 deant
701 1658 888 1703 contra
919 1661 1070 1703 sacra
1092 1649 1304 1718 eloquia
1333 1665 1516 1720 agere,
1534 1665 1603 1705 ex
1631 1661 1858 1737 quorum
1887 1661 1946 1702 se
1975 1662 2106 1714 0pc-

533 1736 714 1820 atione
735 1741 1075 1797 crediderant
1096 1741 1210 1798 haec
1231 1742 1419 1798 eadem
1443 1757 1595 1797 sacra
1619 1724 1834 1811 eloquia
1857 1740 1924 1796 ad
1955 1755 2102 1810 praa-
2138 1721 2188 1780 Β

583 1908 609 1937 ³
643 1901 665 1952 l
695 1899 888 1968 Laud.,
919 1915 1073 1969 neque
1097 1916 1151 1953 se
1181 1916 1412 1966 peccasse
1440 1899 1733 1966 fallebatur.

583 1969 610 2007 δ
642 1969 754 2042 Duo
786 1970 973 2033 Laud.,
1026 1973 1322 2036 auditores;
1353 1972 1494 2040 quod
1546 1973 1673 2026 olim
1731 1973 1992 2042 scriptum
2046 1971 2098 2026 in

517 2035 654 2095 Utic.
687 2040 775 2096 Sic
798 2042 959 2096 etiam
994 2042 1190 2096 habent
1221 2035 1326 2096 vet.
1357 2035 1456 2097 Ed.

586 2122 608 2149 ε
640 2111 833 2167 Pratel.
858 2153 872 2179 ,
901 2114 1111 2168 Gemet.
1147 2122 1202 2167 et
1242 2113 1508 2179 nonnulli,
1538 2113 1789 2178 maiorem
1835 2115 1945 2185 spei
1996 2114 2094 2181 ﬁd.

2192 635 2301 703 jam
2337 650 2476 688 nunc
2500 632 2782 687 inchoasse
2813 631 3231 700 ingemiscitnus,
3263 644 3383 680 cum
3416 627 3612 681 multm
3645 627 3789 679 intra

2202 726 2503 780 Ecclesiam
2539 723 2739 794 positus
2770 725 3060 786 cernimus,
3093 720 3182 789 qui
3216 729 3306 774 aut
3353 719 3540 773 ltolttut
3568 720 3789 786 operari

2199 819 2338 889 quod
2370 818 2692 888 intelligunt,
2721 827 2814 869 aut
2844 816 2944 869 hoc
2977 814 3150 882 ipsum
3183 826 3395 882 quoque
3423 825 3637 864 sacrum
3663 813 3780 863 elo-

2199 910 2379 980 quium
2429 910 2722 977 intelligere
2753 921 2813 960 ac
2845 920 3004 961 nosse
3048 911 3422 959 contemnunt.
3477 904 3524 956 Α
3555 902 3792 956 veritate

2201 1003 2400 1058 etenim
2427 1011 2729 1057 avertentes
2759 999 3020 1065 auditum,
3045 998 3109 1052 ad
3137 996 3345 1051 fabulas
3371 1003 3793 1057 convertuntur,

2202 1093 2330 1148 dum
2362 1111 2533 1148 antnes
2561 1109 2671 1162 qua
2690 1110 2787 1146 sua
2816 1103 2934 1146 sunt
2955 1101 3214 1163 quterunt,
3243 1106 3346 1143 non
3386 1104 3499 1158 qua:
3517 1096 3637 1141 sunt
3667 1085 3800 1141 Iesu

2205 1186 2390 1241 Christi
2452 1187 2673 1257 (Philip.
2702 1204 2758 1253 ιι,
2785 1187 2899 1256 21).
2933 1186 3143 1254 Scripta
3180 1185 3272 1239 Dei
3325 1183 3523 1250 ubique
3572 1191 3796 1249 reperta

2203 1288 2546 1346 Opponuntur
2603 1279 2806 1345 oculis,
2865 1277 2959 1332 sed
3003 1279 3117 1331 haec
3159 1287 3487 1345 cognoscere
3546 1270 3801 1324 homines

2205 1369 2576 1438 dedignantur.
2605 1369 2747 1423 Pene
2771 1370 2946 1423 nullus
2976 1369 3168 1437 quaerit
3195 1368 3333 1421 scire
3365 1363 3507 1435 quod
3540 1362 3802 1419 credidit.

2210 1463 2486 1516 Multitudo
2514 1477 2642 1532 ergo
2673 1462 2933 1516 bonorum
2967 1461 3386 1530 przecedentium
3417 1473 3602 1512 areum
3630 1469 3798 1512 suum

2212 1553 2414 1608 destrui
2447 1564 2471 1591 ε·
2503 1554 2715 1619 doleat,
2763 1569 2882 1623 qua:
2918 1568 3126 1607 sacrum
3168 1553 3442 1622 eloquium
3495 1547 3797 1606 restaurari

2214 1661 2426 1717 semper
2459 1662 2554 1717 per
2583 1647 2818 1703 studium
2854 1646 3294 1717 subsequentium
3318 1644 3573 1702 credebat

2207 1898 2843 1984 fit-legen‘diim‘videtur
2875 1900 3018 1969 ﬁdei,
3069 1900 3190 1968 quia
3223 1899 3382 1970 paulo
3429 1907 3544 1968 post
3576 1895 3803 1968 legitur,

2203 1971 2305 2038 ipsi
2330 1972 2561 2042 ejusdem
2588 1971 2729 2040 ﬁdei.

2280 2039 2305 2077 ἀ
2343 2041 2598 2108 Vindoc.,
2633 2044 2880 2098 acriores.

2219 2151 2233 2167 .
2283 2121 2305 2149 ε
2332 2113 2406 2167 Ita
2441 2113 2566 2169 Mss.
2592 2123 2647 2168 et
2670 2123 2776 2169 vet.
2802 2114 2904 2170 Ed.
2936 2113 2997 2170 In
3019 2123 3250 2180 recent.,
3277 2114 3500 2170 dolebat.

519 2295 3806 2322 “mp—mm“

1595 2447 1941 2536 LIBER
2018 2451 2709 2538 VIGESIMUS.

610 2658 1044 2740 Explicantur
1068 2658 1272 2738 fusius
1301 2674 1588 2743 qumque
1625 2661 1840 2743 ultimi
1867 2676 2076 2720 versus
2131 2672 2268 2743 cap.
2326 2678 2489 2743 xxix
2530 2661 2660 2743 _Iib.
2712 2662 2836 2722 Job
2868 2706 2884 2735 ,
2921 2680 3057 2724 cum
3094 2664 3339 2742 integro
3375 2682 3511 2743 cap.
3552 2683 3718 2742 xxx,

1169 2740 1436 2801 maxime
1464 2737 1536 2799 de
1565 2738 1870 2800 haereticis
1902 2750 1960 2800 et
1989 2737 2347 2802 carnalibus
2385 2740 2734 2802 Ecclesiam
2766 2743 3158 2804 vexantibus.

1043 2927 1272 2985 CAPUT
1311 2927 1596 2985 PRIMUM.

593 3026 753 3099 635
775 3025 822 3077 l.
839 3023 1110 3094 Scriptura
1123 3038 1270 3076 sacra
1287 3021 1479 3074 cwteris
1495 3019 1634 3074 libris
1649 3018 2023 3088 anteponenda.
2041 3049 2112 3059 —

527 3118 782 3188 Quamvis
812 3130 1024 3171 omnem
1055 3115 1331 3169 scientiam
1353 3125 1514 3182 atque
1539 3113 1839 3168 doctrinam
1869 3113 2113 3183 Scriptu-

525 3228 582 3271 ra
613 3227 762 3268 sacra
811 3212 926 3266 sine
972 3211 1149 3278 aliqua
1189 3207 1590 3275 comparatione
1640 3205 2005 3271 transcendat,
2062 3213 2118 3257 ut

2215 2928 2334 2984 illos
2364 2930 2594 3009 stillabat
2625 2934 2886 3002 eloquium
2916 2950 3103 2989 meum.
3156 2933 3542 3002 Exspectabam
3572 2953 3652 2990 me
3678 2938 3814 2992 sicut

2215 3025 2465 3095 pluviam,
2489 3035 2533 3081 et
2561 3041 2618 3080 os
2638 3042 2787 3079 suum
2811 3028 3126 3098 aperiebant,
3153 3029 3297 3097 quasi
3324 3030 3391 3081 ad
3418 3028 3632 3082 imbrem
3660 3045 3804 3084 sero-

2219 3116 2401 3171 tinum.

2289 3208 2343 3260 2.
2370 3206 2578 3262 Fideles
2606 3208 2888 3264 Ecclesium
2937 3211 3195 3266 docentem
3227 3213 3465 3279 audiunt,
3497 3217 3610 3285 ejus
3660 3215 3814 3269 verba

525 3315 731 3364 taceam
760 3305 899 3375 quod
947 3318 1071 3358 vera
1102 3301 1376 3370 praedicat,
1409 3299 1550 3370 quod
1581 3299 1648 3354 ad
1708 3301 1981 3355 caalestem
2029 3314 2117 3369 pa-
2145 3279 2190 3342 (ἶ
2223 3303 2467 3368 secuturi,
2488 3319 2590 3356 non
2604 3305 2916 3373 judicaturi.
2958 3335 3025 3344 —
3047 3305 3194 3360 llauc
3216 3306 3412 3360 etenim
3437 3279 3574 3377 apud
3596 3307 3811 3362 beatum

536 3399 692 3454 triarn
720 3405 903 3460 vocat;
953 3393 1094 3464 quod
1123 3408 1152 3446 a
1185 3393 1414 3448 terrenis
1467 3391 1747 3448 desideriis
1777 3393 1840 3447 ad
1885 3408 2115 3462 superna

531 3486 900 3559 amplectenda
921 3501 1016 3540 cor
1033 3483 1260 3555 legentis
1283 3485 1556 3550 immutat;
1585 3484 1725 3553 quod
1750 3484 1905 3538 dictis
1928 3485 2120 3538 obscu-

528 3580 760 3637 rioribus
781 3586 997 3635 exercet
1026 3577 1212 3643 fortes,
1265 3585 1319 3632 et
1349 3576 1582 3646 parvulis
1632 3576 1820 3632 humili
1869 3592 2119 3633 sermone

527 3674 812 3742 blanditur,
845 3673 983 3744 quod
1013 3687 1111 3728 nec
1138 3671 1216 3727 sic
1247 3671 1424 3726 clausa
1456 3680 1539 3726 est
1561 3679 1619 3725 ut
1647 3671 1860 3740 pavesci
1893 3669 2117 3738 debeat,

529 3786 630 3826 nec
659 3769 735 3824 sic
782 3779 926 3838 patet
957 3778 1012 3822 ut
1042 3768 1282 3832 vilescat,
1327 3767 1466 3836 quod
1509 3783 1604 3822 usu
1635 3767 1904 3821 fastidium
1936 3767 2117 3834 tollit,

531 3873 586 3918 et
617 3870 763 3916 tanto
792 3861 1020 3930 amplius
1042 3858 1276 3929 diligitur
1300 3868 1500 3929 quanto
1530 3858 1759 3926 amplius
1791 3858 2112 3923 meditatur;

531 3953 672 4024 quod
701 3953 924 4023 legentis
949 3952 1184 4006 animum
1215 3951 1501 4005 humilibus
1546 3949 1727 4004 verbis
1769 3950 2006 4019 adjuvat,
2034 3967 2122 4005 su-

532 4045 783 4102 blimibus
811 4045 1056 4101 sensibus
1087 4046 1251 4109 levat,
1285 4044 1426 4112 quod
1471 4043 1650 4112 aliquo
1682 4042 1839 4097 modo
1871 4058 1992 4096 cum
2042 4044 2119 4097 le-

537 4140 788 4212 gentibus
808 4141 1030 4203 crescit,
1059 4137 1200 4207 quod
1234 4153 1260 4189 a
1285 4137 1510 4191 rudibus
1535 4136 1824 4191 lectoribus
1857 4135 2010 4204 quasi
2041 4150 2124 4190 re-

535 4233 895 4300 cognoscitur,
927 4239 981 4284 et
1013 4237 1192 4283 tamen
1219 4227 1390 4283 doctis
1415 4241 1630 4296 semper
1653 4242 1786 4282 nova
1819 4227 2122 4295 reperitur;

535 4331 590 4378 ut
623 4336 751 4391 ergo
777 4320 844 4375 de
878 4335 1052 4375 rerum
1102 4317 1338 4388 pondere
1382 4325 1586 4372 taceam
1610 4361 1624 4386 ,
1661 4319 1913 4373 scientias
1946 4328 2125 4372 tamen

541 4429 732 4470 omnes
763 4423 921 4482 atque
948 4409 1219 4466 doctrinas
1249 4410 1367 4478 ipso
1387 4411 1548 4464 etiam
1571 4410 1854 4464 locutionis
1872 4426 1982 4464 sua:
2007 4426 2122 4464 mo-

549 4522 608 4562 re
641 4503 1004 4571 transcendit,
1039 4502 1160 4572 quia
1208 4515 1313 4556 uno
1355 4501 1653 4572 eodemque
1704 4517 1954 4557 sermone
2002 4501 2126 4556 dum

543 4605 727 4654 narrat
754 4606 980 4661 textum,
1005 4593 1181 4664 prodit
1201 4591 1535 4663 mysterium,
1556 4601 1610 4647 et
1636 4593 1712 4647 sic
1743 4593 1841 4649 scit
1862 4595 2126 4662 prreterita

2220 3395 2321 3451 Job
2345 3395 2504 3450 luisse
2528 3395 2888 3466 subjectorum
2918 3401 3274 3453 reverentiam
3302 3399 3662 3454 indubitanter
3691 3413 3813 3458 cro-

2219 3489 2418 3545 dimus.
2450 3490 2577 3555 Sed,
2601 3493 2734 3545 sicut
2747 3491 2856 3560 jam
2872 3507 3013 3561 saepe
3041 3492 3296 3561 diximus,
3328 3502 3509 3548 sancta
3550 3493 3811 3560 Ecclesia,

2221 3581 2693 3651 haereticorumivel
2711 3583 3004 3639 carnalium
3021 3584 3450 3640 tribulationibus
3462 3600 3816 3654 pressa,pra2-

2224 3675 2498 3730 teritorum
2514 3675 2876 3729 reminiscitur
2892 3685 3189 3744 temporum
3201 3676 3273 3741 ,in
3286 3676 3480 3746 quibus
3494 3692 3651 3730 omne
3669 3679 3816 3746 quod

2223 3767 2291 3821 ab
2316 3782 2378 3822 ea
2408 3768 2602 3823 dicitur
2625 3782 2743 3822 cum
2770 3776 2913 3822 metu
2933 3783 2961 3820 a
2982 3767 3816 3834 lidelibus'auditur,etadversa-

2226 3863 2425 3917 riorum
2456 3875 2673 3916 suorum
2698 3860 3016 3930 proterviatu
3042 3860 3346 3930 deplorans,
3364 3860 3490 3914 dicit
3507 3877 3520 3912 :
3537 3859 3683 3932 [Rea
3704 3856 3817 3930 11.]

2230 3955 2330 4020 Qui
2345 3971 2422 4008 me
2433 3953 3101 4023 audiebant,exspectabant
3119 3954 3441 4020 sententiam,
3463 3964 3508 4007 et
3529 3954 3708 4007 intenti
3737 3962 3819 4006 ta-

2229 4047 2406 4099 cebant
2429 4048 2497 4100 ad
2525 4047 2798 4100 consilium
2824 4063 3009 4100 meum.
3027 4047 3104 4102 Ac
3115 4046 3161 4101 si
3177 4055 3359 4115 aperte
3374 4047 3545 4102 dicat:
3562 4046 3676 4101 Non
3691 4045 3818 4102 uthi

2230 4143 2461 4213 protervi
2484 4157 2546 4197 ac
2569 4141 2776 4208 tumidi,
2817 4141 3046 4212 quidam
3068 4141 3310 4196 veritatis
3350 4141 3515 4196 verba
3544 4141 3819 4210 suscipere

2228 4243 2476 4300 renuunt,
2511 4232 2906 4302 przedicationis
2935 4247 3068 4288 meae
3095 4232 3392 4289 sententias
3421 4232 3579 4304 quasi
3606 4233 3813 4288 docen-

2230 4324 2298 4380 do
2325 4335 2676 4393 praecurrunt.
2704 4325 2868 4394 Cujus
2916 4340 3058 4379 nunc
3084 4324 3331 4395 discipuli
3363 4326 3551 4381 intenti
3585 4324 3650 4378 ad
3703 4324 3820 4394 ejus

2232 4417 2515 4472 consilium
2544 4428 2743 4482 tacent,
2777 4417 2901 4486 quia
2931 4419 3094 4474 verba
3121 4417 3240 4488 ejus
3273 4433 3376 4473 non
3405 4418 3604 4474 audent
3636 4418 3814 4487 impu-

2233 4521 2419 4576 gnare,
2452 4509 2546 4562 scd
2578 4508 2822 4563 credere.
2863 4509 2930 4562 Ut
2955 4510 3100 4563 enim
3135 4509 3405 4578 proticere'
3434 4525 3496 4564 ex
3530 4509 3660 4579 ipsis
3689 4522 3816 4577 pos-

2233 4600 2359 4667 sint,
2389 4614 2452 4655 ea
2504 4601 2684 4670 procul
2727 4600 2892 4656 dubio
2921 4617 3026 4654 non
3070 4600 3381 4670 judicaturi,
3434 4601 3527 4656 sed
3580 4599 3819 4657 secuturi

542 4687 747 4751 dicere,
779 4694 837 4740 ut
864 4701 929 4741 eo
956 4685 1073 4755 ipso
1112 4684 1320 4739 noverit
1365 4683 1539 4738 futura
1573 4685 1885 4753 praedicare,
1937 4695 1991 4740 et
2020 4699 2125 4739 non
2158 4674 2208 4734 D
2233 4675 2472 4746 auaium,

536 4781 817 4844 immutata
841 4777 1051 4834 dicendi
1091 4775 1280 4832 ordine
1307 4815 1324 4842 ,
1374 4775 1575 4831 eisdem
1615 4778 1747 4848 ipsis
1790 4778 2126 4832 sermonibus

538 4873 686 4928 novit
713 4878 1072 4926 “etauteacta
1106 4868 1444 4932 describere,
1479 4877 1534 4924 et
1560 4870 1766 4940 agenda
1825 4870 2074 4924 nuntiare
2109 4909 2124 4934 ,

535 4965 676 5019 sicut
701 4963 817 5018 haec
843 4962 1029 5018 eadem
1058 4960 1196 5016 beati
1227 4960 1329 5014 Job
1383 4960 1539 5015 verba
1571 4970 1711 5027 sunt,
1762 4961 1850 5030 qui
1883 4961 2007 5015 dum
2037 4976 2130 5015 sua

537 5057 686 5120 dicit,
719 5063 898 5110 nostra
933 5053 1209 5124 praedicit;
1244 5053 1478 5122 dumque
1508 5055 1737 5109 lamenta
1771 5054 1988 5123 pr0pria
2037 5069 2132 5124 per

539 5160 846 5202 sermonem
903 5143 1120 5208 indicat,
1150 5153 1349 5199 sancta:
1397 5145 1650 5202 Ecclesia:
1697 5159 1886 5202 causas
1918 5159 2012 5215 per
2050 5145 2132 5200 in-

541 5238 814 5294 tellectum
845 5245 1022 5292 sonat.
1051 5236 1143 5291 Ait
1174 5238 1347 5292 enim:

1168 5349 1395 5406 CAPUT
1437 5349 1498 5404 ll.

613 5442 743 5498 CAP.
769 5459 922 5508 uix,
957 5443 1118 5499 Vens.
1154 5443 1423 5498 2-1-23.—-
1450 5445 1550 5509 Qui
1589 5459 1667 5497 me
1694 5443 1988 5509 audiebant,
2040 5461 2127 5498 ex-

541 5537 833 5606 spectabant
857 5540 1178 5607 sententiam,
1208 5548 1253 5592 et
1274 5538 1460 5592 intenti
1484 5538 1712 5591 tacebant
1759 5540 1827 5593 ad
1857 5539 2128 5592 consilium

541 5643 731 5684 meum.
774 5625 950 5684 Verbis
990 5633 1113 5686 meis
1153 5632 1341 5686 addere
1371 5631 1501 5686 nihil
1549 5631 1832 5696 audebant,
1863 5643 1912 5686 et
1968 5646 2126 5697 super

618 5814 641 5841 "
671 5804 874 5870 Gcrm.,
916 5806 1077 5865 Corb.
1126 5810 1310 5866 Germ.
1343 5818 1395 5864 et
1441 5808 1572 5864 Cod.
1622 5823 1724 5865 ms.
1754 5809 1922 5864 Vallis
1949 5809 2123 5868 Clarae

547 5877 610 5934 ad
634 5893 790 5948 quem
815 5890 1099 5950 sequentes
1128 5882 1289 5937 libros
1327 5881 1516 5937 Moral.
1565 5881 1975 5954 recognovimus
1996 5923 2011 5948 ,
2066 5891 2118 5939 et

2306 4787 2359 4841 5.
2391 4785 2523 4857 Ejus
2553 4787 2802 4842 doctrina:
2833 4787 2964 4842 nihil
2990 4788 3207 4843 addunt.
3264 4788 3422 4844 Secus
3467 4787 3717 4843 haeretici.
3752 4813 3821 4828 --

2235 4877 2312 4932 De
2333 4879 2526 4948 quibus
2553 4889 2698 4935 recte
2724 4880 3060 4951 subjungitur
3099 4899 3111 4935 :
3155 4879 3331 4935 Verbis
3358 4881 3482 4934 meis
3505 4881 3695 4935 addere
3741 4880 3822 4932 ni-

2237 4972 2310 5025 hil
2333 4974 2609 5039 audebant,
2663 4977 2790 5043 quia
2823 4977 3072 5029 nimirum
3108 4985 3232 5030 tunc
3262 4976 3499 5031 lncretici
3533 4991 3653 5029 cum
3688 4989 3818 5029 cun-

2239 5073 2319 5120 tra
2353 5066 2490 5120 hanc
2540 5067 2784 5122 libertate
2833 5068 3062 5137 pessima
3112 5067 3307 5123 iuerint
3351 5067 3621 5133 ellrenati,
3670 5065 3822 5120 dictis

2239 5161 2355 5230 ejus
2384 5161 2582 5216 addere
2603 5161 2801 5231 aliquid
2832 5172 3185 5230 prasumunt,
3218 5178 3339 5219 cum
3371 5162 3812 5232 pradicamnnto-

2241 5271 2356 5309 rum
2407 5255 2524 5324 ejus
2552 5257 2925 5311 rectitudinem
2957 5259 3111 5326 quasi
3163 5257 3454 5313 emendare
3505 5257 3816 5321 moliuntur,

2237 5351 2366 5417 Quae
2408 5349 2582 5406 adhuc
2609 5350 2676 5404 de
2721 5350 2878 5405 bonis
2924 5353 3257 5409 auditoribus
3303 5351 3528 5407 subdit:
3567 5350 3632 5405 Et
3673 5367 3821 5421 super

2233 5443 2352 5498 illos
2371 5443 2594 5497 stillabat
2619 5443 2873 5514 eloquium
2899 5460 3087 5499 meum.

2310 5535 2363 5587 4.
2407 5535 2786 5590 Prtedicatores
2832 5536 2900 5589 ad
2950 5538 3242 5591 auditorum
3302 5548 3509 5609 captant
3551 5537 3732 5591 debent
3777 5550 3822 5590 st

2238 5632 2554 5686 contrahere.
2603 5660 2673 5670 —
2702 5630 2757 5685 ln
2791 5631 2888 5686 hac
2939 5633 3233 5688 stillatione
3279 5631 3476 5703 eloquii
3505 5631 3634 5702 quid
3687 5627 3830 5687 aliud

2232 5811 2323 5868 alii
2349 5811 2567 5881 habent,
2584 5822 2633 5868 et
2653 5825 2786 5871 acta.
2806 5814 3098 5872 Laudatum
3113 5815 3367 5874 Codicem
3394 5816 3494 5873 hac
3515 5823 3640 5873 nota
3668 5812 3824 5874 deiu-

2223 5897 2356 5956 ceps
2385 5884 2785 5957 designabimus
2824 5905 2834 5941 :
2866 5887 2984 5944 Val.
3016 5885 3160 5946 Clar.
