4104 6350
341 378 444 436 I57

1190 381 1550 441 IIORALIUM
1592 383 1721 439 LIB.
1756 381 1884 439 XX.
1913 411 1981 426 -ε
2019 383 2249 442 CAPUT
2289 386 2499 444 XXVIII
2537 388 2600 444 Β.
2639 388 2780 447 JOB.

3496 400 3599 459 158

339 516 501 574 quam
532 514 783 556 mensura
810 505 1007 555 sancta:
1033 498 1434 568 praedicationis
1461 500 1759 571 accipitur?
1790 498 1911 568 quia
1941 503 1995 562 Α
2016 500 2152 567 buit,
2183 501 2303 571 quia
2332 503 2606 574 praedicari
2632 502 2821 560 diebus
2845 502 3043 579 ultimis
3071 504 3453 565 incarnationis
3481 524 3597 568 sua:

339 603 556 666 oportet
584 595 748 667 636
771 601 827 649 ut
872 594 1270 650 exhortationis
1298 596 1471 666 gratia
1523 595 1747 665 singulis
1767 595 1920 664 juxta

341 688 693 757 capacitatem
723 686 933 758 ingenii.
973 686 1301 743 conferatur.
1336 688 1438 743 Per
1467 687 1567 743 hoc
1624 701 1752 757 ergo
1778 686 1921 757 quod

282 832 287 843 _
340 780 536 835 dicitur
567 797 580 832 :
624 779 795 834 Verbis
821 780 945 834 meis
967 781 1157 835 addere
1178 781 1310 835 nihil
1324 781 1604 846 audebant,
1623 783 1921 836 reverentia

339 871 586 927 laudatur
610 856 954 927 audientium.
1006 873 1106 928 Per
1156 874 1258 928 hoc
1288 887 1415 928 vero
1460 873 1600 943 quod
1630 871 1919 927 subditur:

340 968 409 1024 Et
439 986 593 1039 super
619 971 736 1024 illos
758 970 983 1035 stillabat
1006 971 1270 1040 eloquium
1296 988 1486 1039 meum,
1525 972 1791 1027 indicatur
1811 971 1923 1026 dis—

340 1064 588 1134 pensatio
627 1064 1028 1133 magistrorum.
1086 1064 1256 1120 Debet
1285 1066 1427 1120 enim
1457 1064 1728 1120 subtiliter
1758 1065 1802 1118 is
1832 1064 1924 1134 qui

340 1151 498 1208 docet
522 1154 850 1222 perspicere,
891 1170 958 1208 ne
988 1155 1109 1225 plus
1137 1156 1348 1211 studeat
1376 1172 1536 1227 quam
1566 1155 1633 1211 ab
1674 1155 1925 1211 audiente

324 1247 552 1313 capitur
582 1247 889 1316 praedicare.
918 1248 1085 1304 Debet
1130 1250 1274 1305 enim
1312 1251 1379 1305 ad
1420 1251 1782 1307 infirmitatem
1831 1266 1929 1304 au-

340 1340 599 1395 dientium
648 1344 991 1409 semetipsum
1033 1343 1402 1398 contrahendo
1446 1341 1827 1407 descendere”
1858 1357 1926 1398 ne

340 1432 464 1486 dum
498 1431 675 1499 parvis
715 1431 991 1498 sublimia,
1046 1441 1101 1487 et
1130 1431 1332 1488 idcirco
1361 1447 1467 1487 non
1516 1432 1793 1502 profutura
1845 1431 1928 1486 lo-

339 1526 537 1594 quitur,
568 1538 629 1578 se
658 1527 825 1593 magis
853 1532 1002 1579 curet
1040 1525 1325 1581 ostendere
1371 1540 1531 1595 quam
1580 1525 1913 1580 auditoribus

340 1616 616 1686 prodesse.
668 1614 822 1688 [Vet.
852 1614 978 1687 11.]
1026 1615 1255 1672 lubente
1302 1626 1478 1672 autem
1532 1615 1778 1683 Domino,
1813 1632 1919 1670 non

339 1711 512 1764 solum
539 1710 732 1780 phialze
754 1709 820 1764 ad
846 1725 1086 1764 mensam
1116 1710 1468 1778 tabernaculi,
1500 1708 1597 1765 sed
1611 1710 1773 1766 etiam
1794 1725 1921 1781 cya-

302 1788 307 1791 Α
340 1804 418 1859 thi
439 1814 806 1875 praeparantur
831 1802 1028 1875 (Exod.
1061 1819 1267 1868 xxxvn,
1298 1802 1409 1874 I6).
1460 1802 1600 1871 Quid
1631 1803 1780 1858 enim
1824 1818 1922 1872 per

2026 593 2339 663 mysterium
2368 595 2508 649 fecit.
2540 595 2690 662 Quod
2724 596 2847 666 quia
2876 588 3055 651 sancta
3089 596 3325 654 Ecclesia
3356 602 3597 670 quotidie

2026 687 2346 742 aununtiare
2374 702 2482 742 non
2512 688 2732 756 desinit,
2759 703 2853 744 ora
2884 690 3061 745 cordis
3095 692 3425 749 audientium
3450 694 3606 751 velut

2028 790 2092 831 ex
2124 778 2297 833 imbre
2316 779 2558 834 sorotino
2588 780 2839 836 infundit.
2866 782 3118 853 Sequitur
3145 802 3159 840 :

2461 871 2689 929 CAPUT
2725 873 2790 929 III
2831 873 2978 948 [Rec.
3020 875 3165 950 III].
3242 892 3245 897 '

2100 960 2262 1019 Veiis.
2283 962 2370 1021 24.
2404 996 2474 1007 -
2501 966 2564 1022 Si
2588 970 2789 1037 quando
2814 971 3038 1025 ridebam
3063 975 3129 1027 ad
3160 989 3265 1040 eos,
3293 972 3396 1031 non
3435 978 3606 1032 crede-

2011 1055 2170 1122 .bant,
2190 1068 2238 1112 et
2260 1058 2349 1112 tua:
2365 1059 2534 1113 vultus
2557 1061 2654 1113 mei
2690 1078 2794 1115 non
2833 1064 3043 1117 cadebat
3063 1063 3118 1119 in
3144 1074 3353 1121 terram.

2098 1150 2258 1221 637
2297 1152 2350 1206 ϐ.
2391 1150 2651 1207 Ρνωιαωε
2675 1156 2749 1207 sic
2768 1171 2821 1209 se
2844 1171 3047 1227 gravem
3069 1158 3318 1226 exhibeat,
3342 1170 3397 1215 ut
3422 1178 3522 1216 non
3544 1162 3610 1216 sit

2030 1242 2271 1307 odiosus;
2305 1242 2378 1296 sic
2412 1243 2653 1311 hilarem,
2686 1255 2743 1298 ut
2772 1226 2885 1300 ritis
2912 1226 3019 1301 itan
3048 1250 3131 1303 sit.
3158 1279 3225 1290 —
3249 1251 3359 1306 Iloc
3386 1253 3430 1306 si
3460 1253 3612 1321 juxta

2030 1332 2265 1388 historiae
2291 1335 2449 1390 verba
2472 1337 2817 1406 percipimus,
2846 1339 2993 1394 credi
3024 1356 3243 1398 necesse
3266 1351 3348 1398 est
3367 1345 3508 1414 quod
3530 1346 3612 1399 vir

2030 1438 2244 1482 sanctus
2277 1428 2437 1483 talem
2463 1443 2521 1484 se
2552 1429 2853 1485 exhibuerit
2880 1431 3125 1497 subditis,
3160 1443 3218 1488 ut
3241 1436 3401 1490 etiam
3432 1435 3615 1491 ridens

2031 1518 2209 1574 timeri
2239 1520 2517 1587 potuisset.
2578 1521 2684 1576 Sed
2726 1536 2847 1576 cum
2878 1525 3123 1593 superius
3154 1534 3361 1594 patrem
3396 1542 3454 1581 se
3484 1542 3615 1596 pau-

2033 1625 2241 1678 perum,
2273 1611 2548 1666 viduarum
2574 1625 2701 1667 vero
2729 1614 3121 1669 consolatorem
3152 1613 3319 1671 fuisse
3350 1617 3613 1686 perhibet,

2032 1718 2222 1774 magna
2272 1702 2429 1759 valde
2478 1705 2807 1762 discretione
2851 1722 2938 1763 res
2985 1708 3207 1778 indiget,
3253 1710 3518 1779 quomodo
3561 1711 3617 1766 in

2033 1804 2181 1851 tanto
2210 1807 2415 1853 terrore
2441 1800 2737 1869 regiminis,
2765 1810 2905 1854 tanta
2928 1815 3141 1871 quoque
3168 1801 3377 1857 aﬂuerit
3402 1803 3612 1871 lenitas,

344 1895 552 1966 phialas
577 1895 675 1950 nisi
704 1896 850 1965 larga
881 1896 1211 1977 praedicatio,
1235 1895 1363 1965 quid
1393 1910 1521 1950 vero
1556 1910 1652 1965 per
1695 1896 1921 1967 cyathos
1952 1895 2001 1956 B
2027 1900 2082 1947 et
2112 1895 2465 1949 mansuetudo
2497 1896 2733 1964 pietatis.
2764 1894 2897 1951 Sine
2926 1910 3117 1967 magna
3148 1898 3291 1951 enim
3325 1897 3618 1968 benignita-

348 1989 453 2043 nisi
478 1989 688 2044 minima
715 1998 769 2045 et
792 1991 965 2045 tenuis
992 1989 1061 2045 de
1091 1990 1201 2045 Deo
1249 1978 1449 2045 locutio
1493 1989 1838 2060 designatur?
1869 1990 1925 2043 lu

347 2097 529 2137 mensa
555 2082 711 2153 igitur
743 2082 951 2137 Domini
990 2093 1043 2136 et
1089 2082 1283 2153 phialas
1318 2093 1688 2151 praeparantur
1714 2091 1769 2135 et
1800 2097 1926 2153 cya-

345 2177 440 2240 thi,
461 2180 584 2247 quia
612 2177 859 2233 videlicet
884 2179 936 2232 in
963 2178 1203 2231 doctrina
1216 2177 1354 2231 sacri
1371 2177 1595 2244 eloquii,
1622 2192 1727 2231 non
1750 2178 1925 2232 solum

340 2255 641 2327 exhibenda
674 2282 797 2326 sunt
836 2276 1023 2343 magna
1056 2282 1121 2335 et
1139 2287 1333 2327 arcana
1361 2288 1481 2341 qua:
1508 2271 1778 2333 debriaut,
1832 2269 1927 2325 sed

340 2368 498 2420 etiam
527 2380 689 2435 parva
729 2377 785 2421 et
811 2366 1026 2420 subtilia
1052 2381 1170 2437 quae
1211 2368 1360 2437 quasi
1393 2382 1487 2433 per
1513 2375 1724 2437 gustum
1783 2366 1925 2419 noti-

340 2460 467 2513 tiam
497 2468 776 2528 praastant.
807 2458 976 2529 Hujus
997 2474 1124 2529 ergo
1141 2459 1545 2515 discretissimce
1562 2459 1920 2528 diSpcuSatio-

339 2554 424 2607 nis
452 2568 566 2607 suae
588 2562 773 2608 sancta
830 2552 1070 2608 Ecclesia
1097 2551 1353 2607 extremis
1383 2565 1567 2621 pressa
1598 2551 1926 2620 temporibus

342 2644 744 2712 reminiscatur,
773 2653 826 2699 et
854 2644 997 2700 dicat
1022 2662 1037 2697 ι
1071 2643 1244 2714 Super
1268 2645 1385 2699 illos
1412 2643 1639 2698 stillabat
1657 2642 1918 2713 eloquium

342 2753 529 2792 meum.
892 2800 899 2807 ι
1288 2792 1304 2807 ,

417 2829 467 2883 5.
511 2829 709 2885 Eorum
736 2810 981 2884 doctrina:
1010 2840 1252 2900 tanquam
1280 2830 1467 2899 pluvia:
1513 2829 1753 2883 serotinaz
1791 2820 1927 2883 exci-

344 2926 544 2994 pianda:
567 2924 785 2978 humiles
799 2940 866 2978 ‘os
893 2923 1151 2992 aperiunt.
1183 2950 1253 2962 —-
1281 2921 1380 2977 Ubi
1409 2929 1532 2991 apte
1560 2936 1772 2992 quoque
1801 2921 1928 2977 sub-

343 3015 580 3088 jungitur
612 3033 624 3067 :
656 3013 1029 3085 Exspectabam
1052 3029 1129 3066 me
1155 3012 1286 3065 sicut
1306 3013 1553 3083 pluviam,
1583 3023 1630 3065 et
1674 3030 1727 3066 os
1776 3028 1927 3066 suum

347 3110 638 3181 aperiebant
665 3110 810 3180 quasi
849 3108 918 3161 ad
951 3109 1160 3161 imbrem
1184 3108 1478 3161 serotinum.
1512 3106 1684 3162 Verba
1728 3108 1927 3178 quippe

346 3216 543 3261 sancta:
574 3201 964 3277 praedicationis
989 3203 1129 3257 sicut
1156 3201 1391 3272 pluviam
1421 3202 1772 3265 sustinemus,
1800 3217 1923 3257 cum

2030 1985 2097 2039 tis
2129 1987 2347 2041 leuitate
2390 2002 2494 2041 non
2539 1988 2635 2042 fuit
2671 1987 2791 2052 hoc,
2823 1988 2963 2057 quod
3004 2004 3063 2043 se
3089 1998 3295 2057 patrem
3326 2004 3617 2057 pauperum

2031 2089 2086 2134 et
2125 2078 2400 2134 viduarum
2441 2080 2839 2135 consolatorem
2881 2080 3047 2161 dicit.’
3110 2080 3215 2135 Sed
3252 2095 3464 2134 rursum
3502 2082 3619 2135 sine

1980 2194 1981 2199 η
2030 2188 2221 2243 magna
2275 2173 2567 2231 severitate
2627 2189 2731 2228 non
2776 2175 2945 2243 potuit
2997 2174 3156 2228 etiam
3196 2173 3377 2229 ridens
3418 2173 3614 2229 timeri.

1998 2266 2142 2333 ,Qua
2180 2267 2232 2319 in
2273 2283 2330 2320 re
2367 2266 2493 2336 quid
2531 2266 2675 2320 aliud
2703 2266 2980 2335 docemur,
3013 2268 3111 2321 nisi
3143 2267 3284 2337 quod
3313 2267 3432 2322 talis
3461 2267 3620 2323 debet
3668 2312 3675 2317 .

2030 2375 2150 2417 esse
2186 2362 2517 2431 dispensatio
2573 2363 2877 2434 regiminis,
2921 2374 2978 2418 ut
3016 2366 3061 2419 is
3098 2365 3190 2434 qui
3230 2374 3424 2434 praeest
3461 2380 3524 2420 ea
3563 2381 3620 2420 se

1974 2460 1981 2479 ⁵
2030 2453 2174 2507 circa
2206 2453 2449 2509 subditos
2479 2471 2726 2510 mensura
2757 2456 3086 2522 moderetur,
3116 2466 3376 2526 quatenus
3405 2465 3461 2511 et
3487 2457 3620 2511 arri-

2030 2544 2164 2600 deus
2194 2547 2378 2625 timeri
2408 2548 2633 2614 debeat,
2661 2559 2716 2604 et
2752 2547 2922 2603 iratus
2956 2548 3157 2604 amari?
3183 2557 3240 2603 ut
3264 2564 3386 2603 eum
3413 2564 3513 2603 nec
3540 2551 3621 2603 ni-

2031 2643 2138 2695 mia
2186 2640 2368 2696 lzetitia
2399 2642 2558 2697 vilem
2587 2643 2800 2707 reddat,
2837 2658 2937 2698 nec
2967 2642 3319 2697 immoderata
3363 2643 3623 2698 severitas

2031 2734 2298 2791 odiosum.
2341 2735 2496 2805 Saepe
2528 2736 2673 2792 enim
2703 2736 2974 2804 subjectos
3001 2736 3310 2805 frangimus,
3344 2737 3469 2791 dum
3502 2738 3623 2807 plus

2027 2830 2174 2899 justo
2202 2830 2230 2869 ι)
2256 2832 2495 2902 vigorem
2516 2834 2739 2901 justitia:
2767 2844 3031 2889 tenemus.
3065 2834 3165 2901 Qui
3197 2834 3438 2904 profecto
3472 2837 3623 2906 vigor

2026 2921 2139 2991 jam
2183 2923 2403 2992 justitia:
2450 2941 2557 2979 non
2602 2924 2727 2991 erit,
2759 2926 2802 2979 si
2842 2940 2900 2980 se
2932 2927 3031 2980 sub
3077 2927 3222 2995 justo
3257 2928 3624 2983 moderamine

2033 3033 2137 3072 non
2175 3019 2426 3073 custodit.
2460 3019 2528 3072 Et
2551 3033 2695 3087 siepe
2738 3019 3092 3089 a-discipliuze
3125 3031 3268 3075 metu
3304 3021 3623 3077 resolvimus

2031 3112 2292 3175 subditos,
2327 3113 2371 3166 si
2399 3123 2581 3167 nostro
2604 3114 2855 3183 regimini
2882 3113 3160 3170 hilaritatis
3191 3115 3336 3170 frena
3362 3114 3626 3183 lammus,

2032 3204 2155 3270 quia
2182 3204 2307 3258 dum
2335 3219 2432 3259 nos
2456 3205 2605 3274 quasi
2636 3205 2861 3260 licenter
2889 3206 3039 3260 ileIOS
3067 3207 3348 3276 aspiciunt,
3375 3207 3625 3263 audacter

345 3311 471 3351 vera
503 3295 801 3351 humilitate
824 3294 1123 3349 ariditatem
1155 3294 1324 3349 nostri
1355 3294 1534 3348 cordis
1560 3294 1925 3365 agnoscimus,
1957 3292 2004 3357 C
2036 3295 2135 3361 ipsi
2165 3295 2231 3348 ad
2260 3294 2443 3375 illicita
2469 3298 2827 3351 resolvuntur.
2853 3295 2996 3367 [νει.
3022 3295 3166 3368 111.]
3189 3298 3292 3353 Sed
3321 3308 3377 3353 ut
3400 3300 3626 3355 rectoris

346 3402 402 3446 ut
423 3400 547 3460 potu
602 3398 800 3443 sancta:
830 3387 1222 3458 praedicationis
1278 3387 1585 3457 irrigemur.
1622 3389 1774 3443 Unde
1823 3389 1933 3443 Deo
1970 3412 1975 3415 -

344 3493 493 3539 recte
522 3497 617 3552 per
639 3481 974 3537 Psalmistam
1004 3481 1204 3535 dicitur
1237 3498 1250 3533 :
1282 3480 1469 3534 Anima
1516 3496 1628 3533 mea
1654 3481 1784 3533 sicut
1834 3489 1935 3533 ter-

345 3590 405 3629 ra
432 3576 544 3629 sine
570 3590 705 3644 aqua
726 3571 1018 3644 tibi-(Psal.
1048 3588 1212 3649 excit,
1241 3571 1322 3643 6).
1357 3572 1450 3627 His
1472 3573 1735 3628 doctrinas
1762 3573 1933 3628 ﬂuen-

350 3667 416 3723 tis
444 3668 653 3723 infundi
680 3667 938 3737 propheta
969 3680 1067 3722 nos
1089 3665 1365 3730 admonet,
1394 3665 1583 3719 dicens
1611 3684 1625 3717 :
1661 3664 1929 3731 Sitientes,

348 3760 512 3813 venite
537 3758 605 3813 ad
655 3774 814 3829 aquas
869 3754 1023 3829 (Isai.
1052 3771 1140 3822 LV,
1188 3754 1263 3826 l).
1315 3754 1416 3821 Qui
1444 3754 1571 3809 dum
1604 3752 1656 3808 in
1687 3764 1932 3809 extrema

346 3864 500 3924 parte
525 3851 638 3922 jam
668 3850 847 3905 saeculi
877 3848 1038 3904 verba
1064 3857 1263 3904 sanctae
1289 3846 1691 3917 praedicationis
1732 3847 1932 3917 accipi-

346 3958 487 4010 mus,
520 3940 672 4013 quasi
694 3942 760 3997 ad
781 3940 1008 3997 imbrem
1036 3941 1332 3996 serotinum
1348 3954 1408 3994 os
1429 3938 1610 3995 cordis
1631 3939 1925 4009 aperimus.

272 4070 279 4085 ε
347 4037 479 4093 Nam
510 4037 555 4092 si
582 4052 642 4092 os
665 4037 716 4091 in
737 4037 901 4092 corde
925 4050 1032 4090 non
1062 4044 1227 4103 esset,
1260 4032 1544 4088 Psalmista
1558 4047 1664 4087 non
1691 4033 1927 4088 diceret:

346 4131 512 4187 Labia
535 4130 713 4186 dolosa
735 4134 791 4185 in
812 4132 1049 4196 corde,et
1074 4129 1227 4185 corde
1253 4128 1419 4189 locuti,
1435 4136 1555 4181 sunt
1584 4131 1729 4181 mala
1756 4118 1927 4200 (Psal.

347 4238 427 4288 ιι,
449 4221 527 4292 5).
558 4220 630 4277 Os
676 4221 834 4291 igitur
859 4219 1039 4275 cordis
1068 4220 1190 4289 quia
1220 4217 1400 4274 verbis
1451 4218 1777 4272 intendimus
1810 4218 1932 4271 ulti-

350 4330 454 4370 ma:
470 4313 884 4385 prmdicationis,
906 4312 1163 4368 hocvelut
1188 4310 1439 4367 serotinis
1457 4311 1729 4381 aperimus
1762 4309 1933 4366 ﬂuen-

350 4410 443 4463 tis.
473 4407 602 4475 Quae
632 4407 883 4462 nimirum
909 4405 1219 4477 prmdicatio
1270 4419 1336 4460 ex
1357 4404 1473 4473 ejus
1513 4404 1579 4458 ad
1608 4417 1707 4458 nos
1730 4403 1933 4459 sacriﬁ-

350 4503 438 4557 cio
466 4501 685 4572 prodiit,
707 4501 795 4571 qui
829 4514 922 4569 per
960 4497 1294 4553 Psalmistam
1340 4498 1470 4553 dicit
1502 4515 1514 4550 :
1548 4496 1782 4553 Elevatio
1824 4514 1933 4552 ma-

352 4612 514 4650 nuum
532 4613 759 4651 mearum
779 4594 1091 4666 sacriﬁcium
1106 4595 1450 4667 vespertinum
1467 4596 1487 4666 (
1506 4593 1658 4649 Psal.
1688 4610 1813 4660 cst,
1841 4592 1929 4664 9-).

2034 3389 2213 3443 vultus
2240 3390 2400 3443 etiam
2428 3389 2584 3445 laetus
2610 3390 2806 3446 debeat
2835 3390 3032 3458 timeri,
3065 3405 3289 3447 necesse
3318 3400 3400 3448 est
3428 3402 3484 3446 ut
3514 3392 3627 3462 ipse

2036 3485 2239 3538 vultum
2269 3484 2350 3538 sui
2374 3484 2670 3539 conditoris
2699 3485 2817 3540 sine
2843 3486 3140 3540 cessatione
3168 3485 3369 3541 timeat.
3403 3484 3480 3539 Illi
3509 3494 3626 3540 ete-

2038 3576 2147 3630 nim
2188 3577 2351 3630 menti
2387 3575 2611 3630 difﬁcile
2636 3575 2705 3631 de
2732 3576 2916 3631 laetitia
2960 3577 3221 3643 creditur,
3252 3591 3372 3645 qua
3399 3576 3544 3647 quod
3570 3592 3627 3633 se

2038 3684 2136 3738 pro
2166 3683 2350 3722 amore
2377 3668 2586 3722 Domini
2616 3668 2869 3722 continue
2895 3668 3097 3740 afﬂigat
3120 3684 3153 3723 a
3181 3668 3414 3724 subditis
3441 3668 3627 3724 scitur.

2041 3759 2140 3826 Qui
2172 3759 2315 3813 enim
2338 3758 2624 3813 incessanti
2665 3766 2799 3814 aestu
2828 3760 3085 3829 spiritalis
3112 3759 3369 3815 desiderii
3390 3774 3624 3830 superna

2036 3851 2267 3921 appetit,
2304 3860 2327 3888 ο
2358 3850 2514 3904 valde
2557 3850 2624 3905 de
2660 3865 2726 3906 eo
2771 3852 2821 3904 in
2866 3850 3081 3906 dubium
3123 3852 3272 3908 venit
3314 3853 3446 3922 hoc,
3486 3850 3629 3921 quod

2037 3942 2324 4012 aliquando
2363 3951 2489 3997 ante
2535 3941 2791 3998 homines
2821 3942 3115 3999 hilarescit.
3172 3943 3322 4001 Unde
3361 3952 3417 3999 et
3455 3943 3628 3999 isdem

2037 4034 2225 4090 beatus
2258 4032 2359 4089 Job
2401 4048 2508 4088 non
2551 4036 2704 4102 longe
2750 4044 2871 4103 post
2914 4034 3152 4091 dicturus
3193 4053 3208 4090 :
3255 4036 3471 4107 Semper
3496 4034 3630 4091 enim

2037 4128 2182 4195 quasi
2205 4135 2450 4181 tumentes
2469 4142 2623 4194 super
2643 4142 2720 4179 me
2738 4128 2930 4196 ﬂuctus
2955 4127 3099 4181 timui
3121 4126 3289 4183 Deum
3312 4126 3370 4199 (J
3374 4128 3454 4183 ob.
3482 4144 3630 4194 χιιι,

2036 4219 2151 4293 25).
2176 4221 2265 4277 Sic
2290 4223 2487 4292 quippe
2508 4222 2778 4278 metuebat
2802 4224 3034 4293 judicem
3058 4240 3235 4290 suum,
3268 4222 3297 4262 ἀ
3316 4226 3469 4297 quasi
3495 4224 3628 4280 sub-

2038 4316 2383 4374 immineutes
2407 4317 2637 4389 impetus
2658 4318 2935 4385 fluctuum,
2956 4322 3283 4392 jamjamque
3313 4320 3633 4383 moriturus.

2037 4406 2205 4477 Cujus
2240 4424 2370 4479 ergo
2397 4418 2421 4447 °
2453 4411 2504 4464 in
2537 4420 2769 4466 mentem
2812 4426 3014 4467 mceror
3043 4412 3208 4466 divini
3241 4413 3449 4467 timoris
3493 4411 3631 4467 infu-

2038 4497 2218 4565 derat,
2261 4509 2408 4555 recte
2457 4500 2712 4556 hilaritati
2752 4500 2894 4557 illius
2938 4503 3133 4558 subditi
3180 4518 3286 4559 non
3316 4503 3626 4571 credebant,

2039 4591 2163 4661 quia
2204 4594 2531 4662 cogebantur
2575 4593 2770 4649 ridenti
2819 4610 2924 4650 non
2962 4595 3213 4661 credere,
3252 4598 3405 4665 cujus
3441 4610 3536 4652 cor
3573 4597 3628 4651 in

348 4692 485 4761 Quia
506 4692 646 4748 enim
669 4690 992 4760 Redemptor
1018 4698 1203 4745 noster
1230 4689 1381 4759 juxta
1411 4688 1594 4742 mundi
1626 4688 1788 4743 ﬁnem
1821 4686 1929 4741 vim
1962 4696 2015 4756 Β
2042 4684 2238 4739 timore
2265 4686 2562 4742 conditoris
2592 4697 2852 4743 noverant
2879 4704 3038 4760 quam
3077 4690 3333 4747 continua
3371 4691 3629 4748 maestitia

348 4785 780 4857 persequentium
810 4784 1045 4853 pertulit,
1077 4781 1428 4850 semetipsum
1457 4794 1556 4850 pro
1579 4779 1735 4834 nobis
1764 4792 1935 4833 sacri-

348 4875 531 4933 licium
581 4876 945 4945 vespertinum
975 4874 1142 4931 dedit.
1197 4873 1271 4927 De
1323 4871 1424 4927 hoc
1476 4869 1651 4926 imbre
1697 4868 1935 4924 serotino

349 4970 485 5026 alias
511 4971 767 5040 scriptum
794 4979 877 5026 est
905 4987 919 5022 :
950 4968 1097 5024 Dabo
1125 4968 1262 5022 vobis
1291 4967 1525 5039 pluviam
1553 4975 1579 5004 ιι
1604 4965 1936 5037 temporivam

347 5064 690 5119 etserotinam
717 5061 929 5135 (Jerem.
966 5077 1023 5129 v,
1046 5063 1164 5131 24).
1196 5060 1572 5130 Temporivam
1589 5061 1784 5131 quippe
1820 5058 1939 5128 plu-

347 5156 490 5211 viam
520 5156 688 5224 dedit,
718 5156 844 5227 quia
872 5154 1056 5211 electis
1085 5155 1203 5210 suis
1230 5154 1398 5224 priori
1427 5163 1669 5225 tempore
1692 5154 1827 5224 legis
1855 5154 1936 5208 iu-

346 5246 624 5305 tellectum
648 5248 895 5304 contulit.
927 5247 1227 5302 Serotinam
1275 5261 1489 5318 quoque
1546 5247 1783 5318 pluviam
1839 5245 1935 5302 tri-

424 5419 451 5448 ι
477 5408 624 5465 Licet
651 5411 878 5465 barbara
928 5406 1173 5463 videatur
1201 5416 1315 5463 haec
1343 5421 1467 5475 vox,
1515 5405 1584 5462 ab
1637 5420 1719 5462 ea.
1746 5413 1927 5461 tamen

352 5480 726 5537 abstinendum
754 5498 875 5537 esse
904 5496 1009 5535 non
1042 5481 1369 5546 censuimus,
1416 5479 1538 5547 quia
1579 5477 1633 5531 in
1676 5480 1926 5533 omnibus

351 5553 480 5607 Mss.
505 5554 662 5607 Corb.
698 5551 909 5612 Germ..
942 5550 1122 5605 Norm.
1142 5591 1157 5616 ,
1190 5550 1379 5616 Laud.,
1410 5550 1637 5612 Turon.,
1666 5548 1887 5605 Vindoc.
1908 5590 1925 5615 ,

353 5633 488 5690 etc.,
512 5623 805 5691 reperitur;
835 5623 986 5694 cujus
1013 5623 1129 5677 loco
1174 5622 1227 5694 in
1284 5621 1468 5694 Germ.
1517 5619 1681 5694 etin
1716 5622 1812 5694 bid.
1842 5621 1926 5694 le-

354 5698 515 5762 gitur,
550 5691 944 5764 temporaneam,
974 5707 1028 5750 et
1059 5695 1113 5749 in
1133 5693 1231 5749 Ed.
1258 5702 1366 5748 vet.
1391 5691 1630 5748 Bartbol.
1653 5698 1711 5748 et
1731 5691 1923 5760 Basil.,

358 5776 958 5923 (πρῗιῗῗξὲῗῖξδτοίο.
984 5845 1039 5896 et
1066 5837 1156 5895 alii
1175 5837 1388 5907 Norm.,
1416 5837 1663 5908 rigorem,
1690 5844 1745 5895 et
1770 5835 1933 5899 infra.

359 5918 501 5981 rigor
519 5918 634 5981 jam
659 5918 809 5963 inest.

643 5991 916 6068 Panos.
962 6003 1248 6070 LXXVI.

2039 4776 2274 4831 tenebat.

2113 4868 2165 4920 7.
2206 4866 2323 4922 Lua:
2348 4878 2526 4923 nostra
2550 4869 2605 4924 in
2632 4880 2821 4926 terram
2840 4873 3002 4939 cadit,
3028 4889 3145 4927 cum
3166 4880 3365 4929 terrena
3385 4873 3632 4946 concupi-

2038 4962 2247 5014 scimus.
2272 4990 2340 5001 —
2363 4960 2476 5017 IIoc
2504 4978 2717 5034 quoque
2741 4963 2895 5035 juxta
2929 4966 3205 5022 historiam
3236 4981 3342 5022 non
3374 4967 3625 5022 inco‘nve-

2040 5053 2254 5107 nienter
2282 5051 2568 5123 accipitur,
2599 5056 2741 5126 quod
2771 5057 3016 5126 protinus
3043 5058 3372 5114 subinfertur
3406 5077 3418 5111 :
3444 5058 3512 5112 Et
3538 5058 3631 5112 tua:

2039 5148 2209 5201 uultus
2226 5148 2325 5202 mei
2352 5164 2454 5203 non
2476 5149 2689 5203 cadebat
2716 5149 2770 5204 in
2792 5158 3002 5205 terram.
3031 5149 3180 5223 [Rec.
3201 5149 3230 5203 l
3246 5150 3337 5219 Μ
3362 5151 3631 5217 Scriptum

2043 5240 2239 5321 quippe
2282 5249 2366 5296 est
2401 5257 2417 5295 :
2460 5240 2609 5296 Oculi
2649 5241 2926 5298 stultorum
2962 5242 3016 5296 in
3041 5243 3230 5313 ﬁnibus
3269 5242 3457 5301 temel
3467 5239 3626 5295 Prov.

2036 5415 2041 5423 ·
2107 5400 2145 5441 ε’
2174 5400 2252 5456 Ita
2284 5400 2518 5468 Gemet.,
2554 5401 2692 5457 Utic.
2732 5413 2785 5457 et
2824 5406 2896 5459 al.
2923 5403 3049 5458 Mss.
3085 5402 3140 5457 lu
3175 5402 3365 5467 Editus,
3390 5404 3539 5460 valde
3568 5405 3632 5462 de

2030 5488 2111 5527 ea.
2149 5472 2203 5526 In
2234 5472 2397 5528 Corb.
2428 5473 2638 5539 Germ..
2673 5474 2803 5539 Qua
2825 5477 3074 5529 enim.....
3100 5473 3249 5527 valde
3276 5476 3341 5528 de
3371 5490 3450 5529 ea.

2102 5542 2131 5580 ἀ
2169 5543 2417 5616 Nonnulli
2447 5543 2571 5610 Ed.,
2596 5545 2744 5613 quasi
2786 5556 3051 5599 tumentes.
3111 5544 3236 5609 Alii,
3267 5549 3415 5616 quasi
3463 5548 3633 5602 immi-

2031 5625 2226 5671 nentes.
2283 5615 2526 5691 Lec‘tioni
2558 5625 2755 5670 nostra:
2786 5617 3147 5687 sulfragantur
3176 5615 3440 5691 quotquot
3480 5618 3634 5674 nobis

2040 5695 2330 5758 suppetunt
2358 5686 2482 5742 Mss.

2120 5755 2157 5795 εὴ
2183 5758 2392 5824 Germ..
2432 5757 2596 5815 Corb.
2638 5755 2823 5815 Germ.
2886 5768 2943 5817 et
2997 5757 3231 5832 Gemet.,
3290 5767 3364 5821 tta
3415 5771 3634 5818 mentem

2045 5845 2240 5886 ιηωνοτ.

3205 5999 3242 6060 3
