4044 6346
465 421 566 479 1⁸59

1669 423 1911 483 SANCTI
1950 417 2278 480 GREGORII
2312 420 2524 478 MAGNI

390 530 395 535 ’
458 558 590 613 xvu,
615 542 731 619 2i).
763 541 1097 615 Rursumque
1122 557 1217 619 per
1253 543 1501 601 eumdem
1537 543 1874 603 Salomonem
1903 542 2108 610 ἀίει-Λ
2134 542 2213 598 Ne
2241 558 2367 614 ergo
2395 553 2686 599 nocturnus
2716 543 2895 614 timor,
2932 543 2987 600 id
3016 554 3096 601 est
3120 543 3329 601 occulta
3357 550 3412 607 et
3440 546 3723 616 repentina

368 678 383 693 ρ
455 644 582 692 tur:
611 634 763 693 Oculi
786 638 1030 709 sapientis
1050 637 1105 692 in
1125 637 1291 709 capite
1316 642 1426 708 ejus
1450 636 1644 707 (Ecele.
1670 633 1729 706 ιι,
1756 636 1866 705 li).
1903 638 2037 695 Pan-

378 724 381 727 λ
454 727 540 786 lus
566 744 778 801 quoque
806 729 879 785 ait
926 744 938 787 ε
982 730 1151 800 Caput
1179 730 1277 787 uiri
1316 728 1548 787 Christus
1595 730 1646 803 (ι
1675 730 1794 787 Cor.
1846 747 1924 799 ιι,
1956 731 2034 801 5).

453 822 608 880 Oculi
635 838 763 894 ergo
788 824 1047 893 sapientis
1098 825 1151 885 in
1198 825 1371 895 capite
1414 824 1531 896 ejus
1578 834 1724 893 sunt,
1776 825 1902 881 dum
1932 824 2035 881 Re-

358 932 361 935 ·
451 913 753 987 demptoris
796 916 878 971 sui
922 930 1137 987 semper
1184 931 1351 987 opera
1394 931 1515 987 quae
1562 916 1761 972 imitari
1804 916 2031 985 debeat,

448 1006 861 1078 contemplatur.
904 1008 1019 1064 Lux
1060 1023 1187 1080 ergo
1224 1008 1403 1064 vultus
1439 1008 1555 1080 ejus
1593 1010 1646 1065 in
1684 1018 1883 1083 terram
1924 1025 2030 1067 non

447 1098 665 1167 cecidit,
696 1100 820 1172 quia
859 1116 923 1157 ea
946 1116 1068 1172 quae
1104 1110 1319 1158 terrena
1357 1110 1482 1158 sunt
1519 1116 1616 1175 per
1651 1103 2033 1175 concupiscen-

445 1191 574 1248 nam
603 1208 713 1248 non
744 1193 973 1263 aspexit.

511 1281 566 1341 8.
610 1284 792 1341 Sancti
852 1301 1115 1357 nunquam
1150 1286 1318 1341 securi
1373 1295 1510 1342 sunt.
1544 1283 1710 1342 Grave
1747 1285 2032 1357 periculum

440 1384 513 1431 est
548 1376 760 1431 incauta
796 1377 1151 1433 securitas.—
1175 1375 1283 1434 Sed
1320 1378 1440 1449 quia
1480 1376 1818 1449 superficiem
1862 1375 2030 1431 histo-

438 1469 534 1526 riae
570 1470 671 1527 sub
728 1472 990 1528 brevitate
1027 1457 1397 1538 discessimus,
1448 1470 1575 1540 quid
1613 1470 1667 1525 in
1710 1469 1791 1525 bis
1844 1468 1910 1523 de
1949 1468 2029 1521 in-

437 1564 657 1621 tellectu
699 1565 926 1635 mystico
964 1564 1125 1620 lateat
1164 1572 1192 1601 ι
1231 1562 1643 1639 perpendamus.
1687 1562 1856 1617 Unam
1911 1574 2029 1616 esse

434 1670 725 1728 personam
766 1656 1036 1711 Christum
1093 1664 1146 1710 et
1188 1654 1477 1709 Ecclesiam
1544 1653 1859 1722 plerumque
1918 1651 2025 1719 jam

434 1746 687 1818 diximus,
731 1758 784 1804 et
819 1764 965 1818 saepe
1006 1764 1109 1803 vox
1153 1748 1349 1815 capitis
1405 1745 1471 1801 ad
1532 1760 1717 1800 vocem
1756 1745 2025 1813 corporis,

432 1853 578 1911 saepe
630 1853 733 1892 vox
772 1838 1013 1909 corporis
1060 1839 1125 1893 ad
1170 1854 1357 1894 vocem
1412 1840 1603 1909 capitis
1654 1837 1863 1894 transit.
1924 1838 2024 1904 Qui

2143 635 2368 691 tentatio
2405 634 2682 707 subrepat,
2709 649 2924 708 semper
2966 650 3188 693 necesse
3216 644 3298 691 est
3334 645 3393 693 ut
3420 634 3593 693 femur
3634 654 3732 695 no-

2139 735 2310 780 strum
2344 729 2708 798 superpositus
2738 728 2998 785 custodiae
3018 729 3161 797 ensis
3186 736 3417 800 premat.
3442 725 3731 804 [Vet.lV.]

2138 815 2321 875 Sancti
2359 820 2561 875 etenim
2602 820 2702 875 viri
2741 821 2818 875 sic
2857 820 2924 876 de
2963 836 3058 893 spe
3096 822 3229 877 certi
3266 830 3416 890 sunt,
3456 831 3515 878 ut
3552 831 3730 885 tamen

2118 926 2357 982 Isemper
2393 913 2499 968 sint
2537 913 2603 966 de
2646 914 2936 969 tentatione
2989 896 3263 993 suspecti;
3306 917 3503 985 quippe
3540 916 3731 987 quibus

2136 1000 2376 1069 dicitur3:
2414 1002 2609 1057 Servite
2635 1002 2855 1058 Domino
2881 1006 2937 1058 in
2963 1005 3161 1069 timore,
3192 1015 3238 1059 et
3266 1006 3514 1061 exsultate
3615 1024 3731 1061 cum

2135 1102 2354 1149 tremore
2384 1093 2560 1166 (Psat.
2592 1111 2649 1161 ιι,
2677 1096 2789 1163 ll),
2830 1106 2889 1150 ut
2920 1105 2974 1152 et
3001 1097 3070 1152 de
3098 1112 3197 1167 spe
3239 1098 3547 1165 exsultatio,
3577 1107 3633 1154 et
3661 1101 3731 1155 de

2134 1188 2442 1256 suspicione
2495 1198 2746 1243 nascatur
2784 1196 3007 1245 tremor.
3084 1190 3320 1258 Quorum
3361 1204 3494 1246 voce
3530 1190 3725 1246 iterum
3774 1188 3785 1223 ί

2134 1280 2417 1335 Psalmista
2449 1282 2580 1336 dicit
2607 1301 2619 1336 :
2653 1282 2877 1338 Laetetur
2903 1299 2992 1337 cor
3016 1300 3207 1350 meum,
3238 1293 3294 1337 ut
3330 1284 3503 1337 timeat
3542 1300 3727 1338 nomen

2135 1379 2277 1426 tuum
2307 1371 2479 1443 (Psal.
2506 1388 2706 1441 Lxxxv,
2732 1373 2845 1442 11).
2880 1383 2903 1412 α
2928 1373 3043 1441 Qua
3086 1375 3137 1428 in
3168 1388 3227 1429 re
3254 1374 3546 1429 notandum
3585 1373 3727 1444 quod

2138 1475 2244 1516 non
2275 1463 2350 1516 ait
2392 1481 2404 1515 :
2450 1462 2683 1518 Laetetur
2727 1473 2783 1517 ut
2823 1478 3072 1520 securum
3111 1465 3201 1550 εἰ),
3242 1464 3363 1531 sed,
3395 1466 3629 1521 Laetetur
3669 1476 3728 1522 ut

2090 1554 2093 1561 '
2134 1555 2338 1608 timeat.
2384 1553 2739 1610 Meminerunt
2778 1571 3030 1629 namque,
3073 1559 3316 1627 quamvis
3355 1572 3546 1613 eorum
3584 1556 3727 1613 actio

2132 1656 2511 1717 prosperetur,
2552 1647 2675 1718 quia
2715 1646 2892 1703 adhuc
2931 1649 2985 1704 in
3025 1648 3135 1704 hac
3162 1649 3267 1704 vita
3306 1659 3468 1715 sunt;
3512 1649 3580 1704 de
3620 1666 3723 1720 qua

2130 1753 2228 1807 per
2269 1739 2519 1797 eumdem
2557 1740 2660 1797 Job
2696 1741 2935 1797 dicitur:
2978 1739 3211 1797 Tentatio
3248 1754 3324 1797 est
3359 1744 3462 1797 vita
3502 1743 3726 1796 humana

2130 1848 2283 1899 super
2318 1843 2504 1887 terram
2541 1832 2683 1904 (Job.
2711 1851 2805 1900 vn,
2834 1837 2912 1907 1).
2953 1836 3312 1919 Meminerunt
3340 1853 3553 1893 rursum
3580 1835 3724 1908 quod

433 1931 576 1986 enim
622 1941 748 1986 sunt
786 1930 839 1984 in
882 1945 1044 1986 carne
1083 1946 1184 1984 una
1206 1972 1223 1999 ,
1265 1932 1339 1985 nil
1385 1933 1562 1986 obstat
1602 1943 1658 1986 ut
1699 1932 2023 1987 conveniant
2052 1934 2100 1995 Β
2127 1925 2386 1994 seriptum
2418 1937 2537 1981 est:
2566 1927 2768 2003 corpus
2796 1927 2933 1998 quod
2963 1929 3309 1999 corrumpitur
3336 1938 3579 2001 aggravet
3610 1930 3726 1983 ani-

430 2023 591 2078 etiam
634 2024 685 2077 in
725 2036 859 2077 voce
897 2037 1020 2076 una.
1088 2023 1235 2077 Dicat
1272 2038 1400 2093 ergo
1438 2039 1503 2078 ex
1545 2038 1674 2077 voce
1720 2024 1909 2091 capitis
1957 2024 2025 2078 de

430 2115 616 2171 electis
643 2115 775 2181 suis,
800 2116 941 2170 dicat
964 2116 1203 2171 Ecclesia
1231 2133 1244 2168 :
1271 2115 1332 2172 Si
1351 2115 1558 2186 quando
1578 2116 1805 2171 ridebam
1826 2117 1894 2169 ad
1917 2104 2021 2181 eos,‘

429 2225 533 2262 non
554 2207 847 2277 credebant.
892 2205 1090 2261 Ridere
1119 2191 1313 2261 etenim
1340 2208 1435 2262 Dei
1466 2215 1546 2262 est
1576 2214 1880 2261 sanctorum
1912 2208 2022 2261 vias

428 2299 779 2368 prosequenti
821 2297 1002 2352 favore
1043 2298 1371 2365 prosperari,
1415 2299 1554 2353 sicut
1592 2300 1658 2354 de
1698 2301 1780 2357 bis
1808 2316 2022 2371 quoque

429 2404 527 2462 per
569 2404 723 2445 usum
771 2389 1004 2457 dicitur,
1073 2404 1207 2460 quos
1254 2390 1308 2444 in
1361 2391 1463 2447 hoc
1511 2395 1713 2448 saeculo
1756 2395 2021 2451 felicitatis

429 2483 594 2555 638
622 2483 982 2538 blandimenta
1025 2486 1347 2540 comitantur
1377 2502 1389 2536 :
1423 2486 1617 2541 Arrisit
1644 2487 1748 2542 illis
1790 2498 2019 2558 tempus.

430 2573 586 2630 Unde
625 2591 656 2630 e
692 2576 984 2640 contrario,
1032 2576 1108 2631 ira
1161 2578 1460 2647 appellatur
1504 2580 1735 2645 Domini,
1784 2596 1813 2635 a
1864 2583 2021 2638 bonis

338 2720 363 2745 l
429 2665 732 2721 actionibus
755 2665 1038 2734 inﬁrmari,
1072 2668 1210 2739 sicut
1237 2670 1495 2738 scriptum
1527 2681 1609 2726 est
1638 2690 1652 2724 ε
1692 2671 1777 2727 Ne
1812 2677 2020 2745 quando

429 2754 678 2809 irascatur
698 2755 972 2822 Dominus,
995 2767 1039 2811 et
1056 2760 1273 2828 pereatis
1294 2760 1357 2815 de
1375 2761 1456 2815 uia
1468 2764 1613 2833 justa
1636 2760 1806 2834 (Psal.
1824 2781 1885 2835 ιι,
1906 2765 2015 2837 12).

429 2840 483 2898 Si
513 2842 672 2912 igitur
700 2843 858 2899 irasci
886 2844 1145 2900 Dominus
1174 2848 1507 2915 perhibetur,
1539 2864 1663 2905 cum
1694 2855 1834 2906 viam
1860 2854 2020 2922 justi-

429 2935 515 2989 tia:
537 2934 785 2992 homines
808 2937 1056 3007 perdunt,
1087 2951 1234 3000 recte
1256 2942 1499 2997 arridere
1519 2941 1777 2998 Dominus
1801 2944 2018 3014 dicitur,

429 3042 550 3083 cum
578 3029 716 3083 bona
745 3041 929 3086 nostra
967 3046 1132 3101 opera
1163 3033 1314 3087 favor
1340 3036 1529 3105 gratia:
1567 3052 1816 3105 supernae
1852 3041 2019 3094 comi-

429 3126 588 3174 tatur.
619 3117 766 3193 [Rec.
798 3120 891 3197 γ.)
919 3122 1027 3178 Sed
1054 3124 1210 3179 electi
1233 3127 1424 3196 quique
1446 3128 1679 3197 quandiu
1705 3129 1759 3185 in
1783 3129 1882 3186 hac
1911 3134 2019 3189 vita

426 3220 569 3279 sunt,
618 3213 922 3269 securitatis
969 3215 1073 3271 sibi
1115 3217 1494 3274 conﬁdentiam
1538 3234 1643 3276 non
1675 3224 2014 3292 promittunt.

2131 2034 2287 2083 mam,
2314 2030 2361 2073 et
2387 2021 2626 2091 deprimit
2656 2031 2854 2077 terrena
2882 2022 3181 2078 inltabitatio
3211 2039 3413 2077 sensum
3445 2022 3608 2077 multa
3637 2038 3723 2075 co-

2128 2113 2375 2183 gitantem
2418 2112 2573 2183 (Sap.
2610 2129 2682 2180 Ix,
2723 2113 2829 2182 15).
2876 2113 3233 2175 Meminerunt
3270 2122 3325 2169 et
3364 2123 3628 2180 metuunt,
3668 2122 3723 2170 et

2129 2204 2508 2258 certitudinem
2537 2204 2639 2257 sibi
2679 2203 2732 2257 in
2772 2218 2830 2259 se
2870 2205 3182 2271 promittere
3222 2219 3329 2260 non
3359 2213 3718 2275 praesumunt;

2125 2297 2220 2353 sed
2253 2297 2412 2368 positi
2445 2300 2586 2353 inter
2614 2298 2864 2368 gaudium
2897 2298 3032 2369 spei,
3063 2311 3116 2354 et
3146 2301 3459 2356 tentationis
3488 2311 3711 2369 metum,

2126 2387 2447 2453 conﬁdunt,
2497 2400 2551 2443 et
2599 2389 2823 2454 timent;
2885 2390 3273 2457 confortantur,
3336 2401 3391 2449 et
3452 2390 3719 2459 titubant’;

2125 2477 2152 2517 τι
2185 2483 2564 2546 certiorantur,
2594 2493 2647 2536 et
2690 2483 2927 2552 suspecti
2958 2494 3102 2539 sunt.
3156 2483 3298 2539 Bene
3339 2498 3467 2551 ergo
3496 2499 3600 2556 per
3624 2497 3721 2539 vo-
3786 2532 3793 2539 .

2124 2587 2242 2629 cem
2286 2573 2444 2629 electi
2476 2574 2701 2628 membri
2741 2574 2839 2629 sub
2870 2573 3035 2643 ﬁgura
3076 2574 3244 2629 nbstri
3281 2577 3467 2646 capitis
3493 2575 3717 2632 dicitur:

2126 2669 2187 2726 Si
2224 2672 2430 2743 quando
2469 2669 2699 2723 ridebam
2736 2671 2805 2722 ad
2846 2685 2948 2734 eos,
2990 2685 3093 2723 non
3130 2668 3421 2736 credebant,
3462 2670 3587 2740 quia
3614 2669 3718 2725 Re.

2126 2762 2395 2831 demptori
2426 2770 2612 2817 nostro
2641 2765 2791 2831 quasi
2833 2762 3091 2817 arridenti
3123 2777 3231 2818 non
3270 2761 3558 2830 credimus,
3588 2764 3714 2830 dum

2127 2854 2308 2908 multis
2332 2853 2444 2924 jam
2473 2852 2590 2920 ejus
2618 2846 2777 2909 donis
2808 2854 3157 2922 testantibus;
3179 2863 3236 2910 et
3260 2856 3487 2925 gratiam
3519 2855 3715 2912 favoris

2123 2945 2246 3016 ejus
2280 2947 2598 3016 accipimus,
2630 2957 2685 3003 et
2724 2958 2902 3002 tamen
2940 2947 3116 3004 adhuc
3145 2950 3245 3003 sub
3268 2948 3386 3019 ejus
3422 2948 3626 3019 judicio
3649 2948 3719 3005 de

2122 3046 2303 3093 nostra
2338 3038 2649 3094 inﬁrmitate
2676 3038 2993 3095 titubamus.

2194 3132 2247 3184 9.
2292 3131 2357 3184 S.
2385 3128 2583 3185 Paulus
2597 3133 2715 3203 jam
2739 3131 2806 3185 ad
2827 3132 3029 3186 tertium
3058 3132 3239 3187 castum
3264 3141 3447 3201 raptus
3476 3148 3509 3187 a
3528 3134 3719 3207 timore

2121 3219 2249 3276 liber
2268 3236 2370 3273 non
2394 3220 2591 3290 fuit.-—
2618 3219 2917 3277 Videamus
2938 3223 3164 3290 qualiter
3186 3223 3350 3278 Paulo
3375 3232 3430 3280 et
3450 3224 3718 3281 arridetur

424 3305 585 3360 Horis
610 3307 752 3361 enim
780 3308 1034 3363 omnibus
1062 3318 1249 3365 contra
1279 3318 1608 3366 tentamenta
1634 3318 1889 3385 suspecti,
1923 3332 2015 3371 oc—
2046 3322 2092 3386 ρ
2118 3312 2229 3381 jam
2265 3327 2359 3381 per
2401 3327 2691 3380 supernam
2718 3316 2966 3383 gratiam,
2998 3325 3052 3381 et
3081 3316 3195 3386 ipse
3220 3316 3397 3371 adhuc
3422 3318 3577 3388 quasi
3609 3333 3718 3375 non

430 3402 559 3455 culti
591 3402 759 3458 hostis
796 3403 1019 3459 insidias
1058 3404 1383 3477 metuunt,_5
1410 3409 1500 3478 qui
1530 3410 1692 3465 etiam
1727 3421 2020 3483 tentatione

428 3503 692 3564 cessante;
755 3496 838 3552 vel
895 3496 1010 3552 sola
1065 3498 1300 3567 graviter
1360 3500 1669 3567 suspicione
1713 3503 2015 3559 turbantur.

424 3585 560 3644 Nam
590 3602 736 3661 sape
763 3586 944 3643 multis
975 3603 1141 3658 grave
1168 3590 1463 3658 periculum
1510 3593 1722 3648 incauta
1762 3598 2019 3651 securitas

426 3679 543 3747 fuit,
572 3692 630 3737 ut
670 3681 846 3738 callidi
910 3680 1080 3760 hostis
1127 3681 1347 3739 insidias
1390 3700 1495 3740 non
1527 3688 1740 3753 tentati,
1773 3690 1865 3745 sed
1907 3691 2017 3760 jam

426 3777 678 3845 prostrati
718 3758 1124 3845 cognoscerent.
1175 3773 1513 3843 Vigilandnm
1564 3780 1764 3849 quippe
1805 3758 2019 3848 semper

429 3878 529 3935 est,
562 3880 619 3924 ut
649 3883 802 3924 mens
850 3870 1103 3923 continue
1150 3869 1377 3924 sollicita
1428 3887 1697 3939 nunquam
1749 3876 2019 3931 relaxetur

366 4012 367 4015 η
424 3961 723 4019 intentione
762 3976 1015 4030 superna,
1048 3977 1117 4015 ne
1154 3961 1422 4017 laboriosa
1452 3963 1735 4031 deserens,
1768 3967 1821 4020 in
1868 3968 2016 4038 cogi-

430 4053 718 4110 tationibus
747 4053 927 4121 ﬂuxis,
959 4054 1111 4122 quasi
1154 4056 1206 4109 in
1234 4055 1552 4125 quibusdam
1592 4060 1842 4115 mollibus
1880 4072 2017 4116 stra-

425 4146 625 4204 mentis
667 4145 875 4217 jacens,
926 4146 1160 4201 venienti
1203 4149 1503 4215 corruptori
1534 4148 1749 4205 diabolo
1779 4167 1928 4217 aiens
1960 4169 2018 4209 se

426 4242 660 4299 resoluta
708 4242 1014 4312 prostituat.
1073 4242 1301 4312 Semper
1352 4259 1480 4298 vero
1524 4254 1606 4299 est
1652 4245 1720 4301 ad
1744 4256 2015 4304 certamen

426 4336 722 4409 adversarii
750 4335 1312 4406 erigendus,animus;
1363 4352 1578 4406 semper
1608 4350 1793 4396 contra
1840 4344 2018 4397 occul-

430 4441 510 4487 tas
531 4429 753 4485 insidias
778 4428 985 4486 cautela
1009 4429 1356 4499 providenda.
1380 4431 1516 4487 Hinc
1542 4435 1741 4488 etenim
1770 4436 2017 4493 Habacuc

428 4521 691 4595 propheta
727 4522 837 4578 ait:
864 4523 1034 4593 Super
1069 4524 1559 4580 custodiam'meam
1598 4529 1742 4583 stabo
1767 4530 1931 4600 (Hab.
1956 4547 2014 4599 ιι,

428 4615 509 4686 1).
542 4613 677 4671 Hinc
702 4630 911 4670 rursum
942 4619 1200 4686 scriptum
1232 4627 1350 4672 est:
1381 4617 1563 4674 Statue
1595 4621 1687 4675 tibi
1722 4602 2015 4693 speculam;

2125 3403 2296 3458 credit
2336 3417 2428 3472 per
2466 3403 2791 3473 suspicionis
2833 3414 3057 3462 metum.
3099 3408 3217 3464 iam
3256 3424 3287 3464 e
3324 3410 3463 3467 ctelo
3500 3410 3574 3465 illi
3613 3410 3716 3466 Do-

2080 3528 2087 3529 κ
2125 3495 2305 3549 minus
2342 3495 2506 3565 639
2545 3495 2795 3565 loquens,
2832 3495 3055 3568 ejusque
3094 3499 3317 3555 interius
3356 3500 3543 3556 oculos
3581 3516 3714 3570 ape-

2128 3590 2294 3653 riens,
2338 3589 2578 3642 exterius
2617 3589 2892 3657 claudens,
2933 3593 3227 3661 potentiam
3267 3608 3379 3649 suae
3417 3594 3713 3665 majestatis

2123 3678 2433 3734 ostenderat
2467 3679 2603 3748 (Act.
2638 3696 2714 3746 ix,
2744 3680 2837 3751 4);
2875 3682 2985 3751 jam
3023 3684 3093 3741 de
3130 3700 3195 3741 eo
3225 3687 3447 3742 Ananiae
3477 3686 3704 3756 dixerat,

2130 3770 2233 3825 Vas
2255 3772 2512 3825 electionis
2537 3772 2658 3826 mihi
2682 3783 2754 3826 est
2781 3772 2945 3843 (Ibid.
2972 3791 3052 3842 tx,
3080 3776 3170 3848 15)
3192 3818 3209 3843 ,
3244 3777 3358 3847 jam
3396 3778 3464 3834 ad
3494 3780 3713 3834 tertium

2122 3862 2319 3917 coelum
2359 3880 2521 3932 super
2559 3878 2618 3918 se
2648 3854 2832 3932 raptus
2858 3860 3155 3938 fuerat'(.ll
3187 3868 3305 3924 Cor.
3340 3885 3438 3935 xu,
3465 3871 3561 3941 2);
3600 3872 3715 3941 jam

2126 3954 2182 4008 in
2222 3954 2526 4022 paradisum
2569 3955 2763 4011 ductus
2810 3972 3007 4014 arcana
3037 3962 3203 4017 verba
3241 3978 3361 4033 qua:
3387 3964 3568 4019 dicere
3605 3978 3714 4023 non

2120 4055 2303 4114 posset
2358 4046 2639 4112 audierat;
2701 4057 2755 4103 et
2814 4058 2991 4105 tamen
3043 4052 3220 4108 adhuc
3277 4054 3495 4111 timidus
3540 4056 3711 4112 dicit:

2122 4132 2331 4208 Castigo
2352 4153 2538 4206 corpus
2561 4154 2747 4205 meum,
2778 4149 2801 4176 ο
2829 4151 2874 4194 et
2895 4143 2949 4195 in
2969 4144 3253 4200 servitute»:
3277 4147 3474 4216 redigo,
3498 4163 3561 4203 ne
3580 4149 3713 4221 forte

2120 4230 2238 4283 aliis
2274 4232 2562 4300 prwdicans
2606 4234 2716 4301 ipse
2755 4236 2998 4312 reprobus
3035 4239 3219 4307 eﬁiciar
3260 4238 3313 4310 (1
3340 4239 3460 4297 Cor.
3492 4259 3564 4310 ix,
3596 4242 3712 4313 27).

2120 4321 2262 4378 Ecce
2300 4324 2559 4408 arridenti
2600 4326 2703 4380 sibi
2744 4327 2937 4383 divinae
2964 4330 3149 4400 gratiae
3188 4342 3235 4387 et
3263 4334 3371 4402 jam
3412 4336 3586 4391 credit
3616 4351 3713 4408 per

2121 4430 2293 4485 spem,
2349 4427 2403 4471 et
2457 4404 2683 4474 necdum
2738 4428 2913 4476 tamen
2971 4422 3140 4478 credit
3192 4440 3286 4494 per
3342 4404 3709 4488 securitatem.

2120 4505 2252 4560 Nam
2282 4508 2406 4577 quia
2435 4508 2573 4564 bene
2604 4510 2717 4564 haec
2755 4512 2915 4567 verba
2942 4506 3318 4585 Redemptoris
3359 4521 3525 4573 nostri
3556 4522 3711 4576 voci-

2125 4600 2223 4653 bus
2252 4611 2574 4668 congruunt,
2607 4603 2770 4657 etiam
2797 4603 3076 4674 subiuncta
3108 4616 3388 4675 testantur,
3421 4627 3543 4665 cum
3575 4613 3709 4667 diei-

431 4724 560 4778 pone
601 4707 693 4762 tibi
727 4708 1111 4775 amaritudines,
1154 4711 1242 4779 qui
1282 4713 1596 4781 euangelicos
1640 4691 1769 4771 Sion
1800 4715 2013 4788 (Jerem.

2126 4700 2210 4746 tur
2238 4707 2252 4745 :
2284 4691 2350 4745 Et
2394 4693 2486 4746 lux
2522 4694 2694 4748 cultus
2735 4696 2834 4750 mei
2879 4710 2980 4750 non
3009 4698 3219 4754 cadebat
3259 4700 3314 4754 in
3338 4709 3545 4757 terram.
3572 4703 3708 4771 Quid

431 4814 591 4868 xxxi,
619 4799 732 4871 2i).
784 4800 919 4857 Hinc
968 4816 1062 4870 per
1091 4801 1434 4859 Salomonem
1465 4805 1659 4860 dicitur
1686 4827 1696 4860 :
1722 4808 1914 4863 Beatus
1946 4813 2019 4863 vir

431 4893 519 4963 qui
556 4907 753 4963 semper
792 4902 864 4947 est
902 4894 1146 4964 pavidus;
1184 4894 1271 4959 qui
1310 4906 1479 4949 autem
1520 4900 1698 4951 mentis
1741 4908 1813 4952 est
1854 4902 2019 4967 dum,

429 4993 632 5040 corruet
652 4986 707 5039 in
722 4984 917 5039 malum
940 4983 1123 5057 (Prov.
1147 5002 1328 5050 xxvm.
1360 4987 1469 5059 14).
1500 4988 1632 5045 Hinc
1655 4992 1841 5046 iterum
1862 4992 2018 5046 dicit:

391 5076 401 5093 ί
435 5076 848 5163 ynimwjmque
866 5079 1000 5135 ensis
1020 5096 1174 5152 super
1196 5084 1362 5149 femur
1385 5098 1559 5148 suum,
1585 5094 1790 5155 propter
1814 5090 2017 5141 timores

433 5180 706 5227 nocturnos
725 5168 899 5241 (Cant.
924 5185 1003 5239 ιιι,
1030 5169 1107 5243 8).
1140 5170 1396 5227 Nocturni
1430 5176 1625 5243 quippe
1656 5176 1870 5251 timores
1894 5188 2017 5233 sunt

433 5264 640 5322 insidia
664 5263 973 5319 tentationis
1001 5263 1245 5319 occultae.
1275 5264 1430 5319 Ensis
1456 5275 1633 5321 autem
1661 5283 1821 5336 super
1843 5269 2017 5325 femur

412 5364 517 5431 est
574 5356 819 5413 custodia
876 5356 1141 5429 vigilans,
1189 5357 1365 5413 carnis
1414 5357 1694 5419 illecebras
1745 5375 2015 5431 premens.

506 5504 533 5532 ι
570 5495 606 5549 2
644 5495 838 5560 Laud,
887 5494 1234 5564 inquiramus,
1264 5491 1351 5548 cui
1380 5493 1593 5548 lectioni
1636 5491 1796 5549 aliam
1847 5497 2015 5564 addit,

436 5567 830 5638 perpendamus.

508 5633 538 5676 ιλ
576 5640 783 5711 Νοινιιιη
817 5636 905 5705 qui
934 5636 1088 5711 etiam
1106 5636 1161 5711 si
1174 5633 1479 5711 tentationes
1504 5644 1811 5711 cessant"...
1845 5653 2023 5711 suspe-

437 5711 601 5765 ctione
618 5703 916 5767 turbantur.
947 5705 1119 5759 Nostri
1144 5705 1270 5760 Mss.
1300 5704 1494 5774 ubique
1521 5703 1717 5760 habent
1746 5703 2017 5775 suspectis,

438 5782 834 5852 suspectionem,
876 5792 972 5852 pro
1012 5776 1234 5852 suspicio
1276 5775 1635 5852 suspicionem.
1671 5775 2019 5852 Verumque:

438 5844 655 5906 sanctus
680 5844 971 5918 Gregorius
1017 5846 1299 5918 bic‘docet
1339 5844 1737 5916 de’vigilantia,
1788 5844 2020 5903 insinuat

442 5923 591 5977 alibi.
618 5915 844 5981 inaritn'e
872 5915 908 5969 Ι.
941 5929 1015 5981 vr,
1040 5915 1200 5984 epist.
1224 5915 1315 5979 22,
1342 5915 1793 5985 juxta’antiqunm
1823 5920 2020 5988 episto-

2125 4780 2359 4854 namque
2388 4794 2553 4853 terra,
2585 4789 2687 4841 nisi
2721 4800 2972 4857 peccator
2998 4801 3235 4859 vocatur,
3267 4795 3353 4848 cui
3383 4798 3552 4865 prima
3581 4812 3709 4853 sen-

2127 4875 2292 4929 tentia
2325 4876 2529 4931 dictum
2558 4887 2641 4931 est
2666 4895 2679 4931 :
2713 4876 2872 4932 Terra
2901 4896 2974 4946 es,
2998 4890 3045 4935 et
3074 4882 3127 4935 in
3156 4893 3341 4936 terram
3370 4885 3464 4940 ibis
3494 4885 3705 4957 (Cenes.

2126 4980 2205 5033 ιιι,
2237 4967 2364 5036 l9)?
2404 4967 2516 5021 Lux
2556 4983 2685 5038 ergo
2724 4970 2895 5025 vultus
2926 4972 3133 5026 Domini
3174 4975 3226 5028 in
3270 4984 3465 5032 terram
3506 4994 3708 5047 nequa-

2123 5058 2281 5135 quam
2319 5068 2493 5137 cadit,
2520 5070 2639 5137 quia
2675 5071 2897 5125 visionis
2935 5071 3050 5142 ejus
3078 5074 3291 5131 claritas
3329 5080 3705 5147 peccatoribus

2122 5184 2228 5224 non
2256 5182 2491 5240 apparet.
2524 5172 2790 5241 Scriptum
2822 5189 3050 5245 namque
3078 5186 3159 5232 est
3189 5177 3457 5235 :Tollatur
3488 5184 3706 5253 impius,

2121 5281 2184 5321 ne
2217 5268 2384 5323 uideat
2421 5270 2641 5340 gloriam
2684 5272 2780 5327 Dei
2822 5273 2975 5346 (Isai.
3026 5292 3167 5344 xxvi,
3196 5278 3305 5348 ιο).
3350 5280 3513 5348 Quasi
3561 5285 3707 5341 enim

2120 5368 2213 5425 lux
2262 5372 2313 5426 in
2357 5381 2554 5433 terram
2600 5374 2847 5445 caderet,
2898 5378 2944 5433 si
2994 5379 3047 5434 in
3092 5389 3334 5438 extremo
3370 5382 3574 5455 judicio
3617 5403 3709 5444 ve-

2122 5501 2296 5559 larum
2325 5506 2586 5560 ordinem.

2200 5585 2249 5663 c1
2262 5573 2422 5630 Corb.
2467 5578 2673 5663 (ierim,
2707 5577 2929 5663 B_ellov..,
2963 5581 3144 5663 Germ.
3175 5593 3230 5639 et
3256 5585 3467 5659 Norm.,
3494 5595 3584 5663 qui
3612 5612 3706 5651 no-

2125 5646 2336 5716 tandum
2362 5648 2516 5716 quod.
2546 5649 2580 5700 2
2612 5647 2802 5713 Laud.,
2834 5646 2925 5715 ubi
2948 5652 3248 5710 notandum.

2194 5712 2219 5802 εξ
2259 5712 2463 5802 (ierim,
2495 5716 2719 5802 'l'uro‘q”
2754 5712 3113 5802 Vind.,_Corb.
3137 5724 3344 5796 Germ.,
3373 5729 3698 5802 duoLaud.,

2125 5783 2595 5877 Y‘ailgirﬁmt‘i‘e‘s
2624 5783 2807 5845 Norm.
2841 5783 3159 5863 itababent,
3197 5811 3302 5861 non
3331 5783 3699 5877 ὶέὲῑίλᾶῐιὶιῖἑζ

2124 5863 2179 5907 ιιι
2207 5854 2401 5913 legitur
2428 5858 2480 5910 in
2506 5859 2603 5913 Ed.

2199 5933 2219 5961 ε
2260 5925 2293 5977 2
2333 5925 2524 5999 Laud.,
2551 5939 2597 5986 et
2621 5933 2847 5989 servituti
2876 5932 3069 6008 redigo.

3632 424 3736 484 HO

3773 1162 3781 1193 l
