4104 6350
357 460 457 518 ιιι

1248 464 1610 523 MORALIUM
1649 467 1778 523 LIB.
1822 462 2033 522 XX.-—-
2069 464 2296 521 CAPUT
2340 458 2458 519 XIX
2494 463 2553 517 Β.
2596 471 2733 520 δυο.

3526 454 3621 511 Mi

357 580 536 645 nicas,
566 583 596 619 ι
622 576 923 645 claritatem
951 580 1250 652 maiestatis
1278 595 1389 639 suae
1414 584 1786 655 peccatoribus
1810 598 1938 655 ape-
1963 587 2017 649 Α
2038 584 2163 654 quia
2192 583 2568 654 praesidentem
2596 582 2744 639 illum
2770 580 3038 637 mentibus
3064 577 3354 637 electorum
3391 560 3622 635 circnni-
3698 612 3701 616 ι

355 673 507 728 riret.

425 766 514 821 10.
578 766 812 836 Inﬁrmis
851 769 1003 839 fortia
1050 752 1159 823 non
1209 770 1559 841 pradicanda.
1591 801 1663 815 -—
1689 774 1843 841 Quod
1892 774 1939 829 si

352 859 471 915 haec
495 859 657 917 verba
685 875 758 917 ex
782 871 985 919 sanctae
1010 862 1269 920 Ecclesiae
1290 878 1425 921 voce
1452 867 1799 938 suscipimus,
1830 883 1939 924 non

350 952 645 1024 incongrue
670 954 976 1026 intelligere
1003 958 1297 1027 poterimus
1324 961 1500 1016 lucem
1531 962 1710 1018 vultus
1738 962 1854 1033 ejus
1884 963 1940 1017 in

350 1057 552 1105 terram
576 1066 685 1107 non
717 1052 936 1121 cadere,
967 1055 1089 1125 quia
1116 1055 1392 1127 occupatis
1431 1056 1486 1113 in
1513 1059 1741 1114 terrenis
1770 1060 1938 1115 actio-

348 1144 515 1200 nibus
537 1142 568 1183 ι)
594 1154 741 1202 vetat
776 1161 989 1202 summa
1027 1150 1495 1220 contemplationis
1535 1167 1647 1207 suae
1685 1153 1938 1226 mysteria

348 1235 664 1305 praedicare.
710 1237 827 1294 Dici
863 1253 1005 1294 enim
1042 1249 1066 1278 ⁶
1102 1241 1329 1295 infirmis
1353 1242 1525 1311 glortia
1566 1244 1838 1313 prohibet,
1871 1260 1940 1301 ne

346 1327 473 1383 dum
498 1329 819 1400 incapabilia
844 1331 1087 1399 audiunt,
1115 1332 1511 1402 praedicationis
1536 1336 1718 1391 verbis
1745 1340 1938 1407 quibus

342 1420 632 1495 sublevari.
654 1421 953 1478 debuerant
990 1424 1380 1494 opprimantur.
1430 1425 1541 1481 Lux
1584 1429 1784 1497 quippe
1823 1430 1937 1497 ipsa

340 1526 620 1582 corporea,
647 1530 769 1583 quae
797 1516 984 1571 oculos
1010 1530 1171 1572 sanos
1198 1519 1441 1585 irradiat,
1475 1506 1717 1574 inﬁrmos
1743 1520 1939 1575 obscu-

340 1614 448 1670 rat;
480 1616 534 1660 et
558 1606 684 1660 dum
713 1605 1058 1677 lippientibus
1086 1609 1257 1663 oculis
1283 1610 1514 1664 claritati
1544 1609 1675 1665 solis
1708 1611 1939 1665 intendi-

341 1702 444 1764 tur,
476 1695 793 1767 plerumque
833 1699 911 1752 eis
940 1700 1155 1753 caecitas
1184 1714 1252 1755 ex
1288 1700 1408 1756 luce
1442 1710 1752 1771 generatur.
1801 1701 1938 1758 San-

339 1796 424 1843 cta
456 1791 640 1859 itaque
666 1789 905 1845 Ecclesia
944 1806 1199 1883 oppressa
1240 1794 1628 1864 persecutionis
1671 1805 1933 1866 tempore,

342 1895 551 1936 memor
594 1891 773 1936 autem
824 1886 1111 1952 praeterita:
1158 1885 1497 1942 discretionis
1544 1903 1697 1955 suae,
1749 1888 1931 1945 dicat:

2039 685 2146 734 stat
2172 678 2323 733 turba
2354 678 2630 733 virtutum.
2675 676 2776 744 Qui
2811 676 2970 731 etiam
3008 673 3346 737 merentium
3376 670 3625 729 consola-

2041 780 2125 827 tor
2148 778 2253 840 est,
2277 785 2344 827 ex
2375 785 2438 825 ea
2466 766 2822 840 promissione
2845 784 2948 838 qua
2976 766 3126 834 dicit,
3152 766 3298 825 Beati
3316 765 3402 835 qui
3425 764 3622 833 lugeat,

2038 867 2279 937 quoniam
2306 866 2406 936 ipsi
2446 863 2840 920 consolabuntur
2864 862 3076 935 (lauit.
3105 878 3158 932 v,
3191 861 3269 932 5).
3319 862 3389 917 Et
3414 876 3623 929 rursus,
3664 868 3671 875 ‘

2040 957 2237 1013 lterum
2257 958 2431 1014 videbo
2451 975 2560 1025 vos,
2589 968 2636 1014 et
2657 957 2895 1032 gaudebit
2918 974 3006 1013 cor
3029 965 3279 1023 uestrum;
3308 964 3355 1010 et
3381 956 3628 1036 gaudium

2039 1062 2263 1109 vestrum
2307 1068 2457 1109 nemo
2487 1052 2634 1108 tollet
2660 1069 2693 1106 a
2722 1051 2859 1107 vobis
2888 1050 3065 1122 (Joan.
3097 1066 3202 1117 xvr,
3232 1049 3346 1122 Ἠ).
3390 1051 3465 1106 Ea
3498 1064 3627 1105 vero

2037 1162 2157 1218 qua:
2195 1148 2262 1202 de
2293 1155 2492 1203 sanctae
2528 1147 2780 1202 Ecclesiae
2822 1144 2996 1215 capite
3025 1144 3276 1209 diximus,
3312 1143 3384 1198 nil
3424 1143 3622 1208 obstat,

2039 1241 2083 1295 si
2110 1241 2178 1294 ad
2206 1254 2395 1296 vocem
2423 1253 2638 1311 quoque
2665 1239 2907 1309 ejusdem
2935 1237 3193 1293 Ecclesia:
3219 1236 3536 1295 referamus.
3570 1237 3627 1293 In

2038 1347 2099 1388 ea
2129 1333 2327 1403 quippe
2365 1334 2499 1389 ordo
2524 1333 2802 1388 doctorum
2839 1331 2991 1404 quasi
3025 1346 3119 1388 rex
3151 1330 3421 1400 praesidet,
3462 1345 3624 1401 quem
3682 1402 3685 1405 η

2039 1423 2275 1479 fidelium
2307 1439 2524 1480 suorum
2556 1424 2706 1479 turba
2734 1425 3065 1479 circumstat.
3095 1422 3226 1489 Quae
3254 1422 3461 1478 scilicet
3489 1423 3627 1483 mul-

2039 1516 2210 1571 titudo
2254 1516 2489 1572 tidelium
2519 1512 2669 1572 recte
2696 1529 2908 1586 quoque
2954 1513 3226 1570 exercitus
3254 1513 3470 1580 dicitur,
3500 1512 3631 1583 quia

2041 1609 2091 1663 in
2122 1607 2396 1676 procinctu
2427 1608 2688 1663 bonorum
2737 1622 2957 1678 operum
3003 1605 3367 1662 indesinenter
3397 1606 3631 1676 quotidie

2037 1713 2225 1759 contra
2252 1706 2600 1765 tentationum
2629 1705 2763 1761 bella
2789 1713 3138 1774 praeparatur.
3164 1702 3309 1775 [Vet.
3332 1701 3423 1773 ια]
3454 1699 3631 1769 Corda

2038 1812 2250 1867 quoque
2314 1797 2655 1852 maerentium
2720 1806 2904 1851 sancta
2966 1796 3208 1851 Ecclesia
3275 1795 3624 1863 consolatur,

2038 1889 2220 1945 ddum
2287 1893 2574 1961 praesentis
2638 1889 3083 1960 peregrinationis
3112 1904 3352 1945 aerumna
3400 1888 3629 1943 afﬂictas

348 1970 460 2027 Lua:
496 1975 657 2028 vultus
698 1975 798 2029 mei
836 1993 938 2031 non
984 1978 1197 2033 cadebat
1238 1981 1291 2034 in
1335 1990 1541 2035 terram.
1573 1981 1681 2037 Sed
1716 1983 1840 2059 quia
1867 1999 1935 2041 ex
1964 1972 2014 2035 B
2040 1992 2247 2041 mentes
2299 1984 2594 2039 electorum
2645 1990 2868 2051 pensat,
2934 1991 2991 2036 et
3031 1982 3130 2035 has
3180 1990 3395 2036 internae
3442 1976 3630 2050 patria:

349 2066 461 2135 ejus
496 2067 670 2136 capite
704 2069 821 2125 haec
850 2071 1014 2127 verba
1053 2071 1357 2143 intelligere
1397 2075 1688 2143 coepimus,
1722 2076 1777 2130 in
1814 2076 1933 2145 ipso

342 2158 511 2214 adhuc
540 2158 684 2230 quod
715 2163 957 2233 sequitur
986 2177 1365 2235 exsequamur.
1395 2166 1528 2222 Nam
1556 2168 1836 2223 subditur:

785 2273 1012 2331 CAPUT
1052 2275 1119 2331 IV
1160 2276 1306 2350 [Rec.
1356 2278 1480 2351 γη.

405 2388 572 2451 Vsus.
710 2419 782 2431 —
803 2390 866 2447 Si
896 2392 1169 2453 voluissem
1201 2395 1277 2450 ire
1304 2396 1373 2449 ad
1404 2411 1512 2462 eos,
1550 2395 1788 2453 sedebant
1822 2399 1932 2469 pri-

330 2496 464 2537 mus.

399 2597 493 2661 ﬂ.
533 2596 604 2650 In
629 2599 919 2655 carnalium
958 2600 1114 2654 corde
1146 2598 1380 2657 Christus
1419 2603 1629 2658 ultimus
1672 2602 1835 2679 sedet,
1876 2606 1932 2661 in

332 2691 486 2744 corde
501 2691 766 2761 iustorum
800 2693 1019 2763 primus.
1046 2723 1113 2734 —
1134 2693 1266 2761 Quia
1298 2696 1353 2750 in
1380 2696 1545 2751 corde
1575 2696 1929 2767 reproborum

328 2785 494 2854 priori
524 2786 646 2842 loco
670 2788 910 2842 actiones
948 2789 1126 2843 carnis
1166 2798 1311 2856 sunt,
1344 2799 1397 2844 et
1430 2792 1720 2858 posteriori
1763 2794 1931 2847 actio-

327 2892 424 2932 nes
465 2878 688 2947 animae,
738 2879 793 2932 in
836 2893 1025 2934 eorum
1069 2881 1253 2949 procul
1296 2880 1460 2935 dubio
1512 2882 1930 2957 cogitationibus

329 2965 584 3023 Christus
620 2983 729 3024 non
764 2968 989 3039 primus,
1021 2969 1115 3025 sed
1160 2969 1382 3025 ultimus
1420 2970 1592 3027 sedet.
1638 2969 1744 3028 Sed
1774 2971 1928 3027 electi

325 3060 523 3130 quique
547 3060 670 3131 quia
695 3075 758 3116 ea
790 3076 900 3130 prae
936 3063 1185 3117 omnibus
1210 3076 1329 3131 qum
1376 3072 1576 3118 aeterna
1609 3073 1732 3118 sunt
1770 3054 1921 3134 cogi-

328 3162 462 3218 tant,
491 3164 548 3209 et
572 3148 856 3225 posteriori
882 3168 1124 3222 cura,.ac
1151 3144 1394 3218 minima,
1428 3155 1473 3209 si
1505 3170 1608 3225 qua
1635 3163 1761 3209 sunt
1795 3164 1929 3209 tem-

329 3245 528 3313 poralia
558 3245 870 3313 disponunt,
899 3245 1095 3315 quibus
1138 3240 1193 3301 e‘t
1221 3240 1475 3315 magistra
1508 3261 1642 3302 voce
1676 3247 1926 3303 Veritatis

326 3337 522 3391 dicitur
544 3353 560 3390 :
586 3338 812 3401 Qumite
832 3339 1057 3407 primum
1081 3354 1295 3409 regnum
1320 3338 1418 3392 Hei
1447 3349 1492 3392 et
1510 3340 1767 3409 justitiam
1786 3342 1921 3411 ejus,
1949 3347 1996 3411 α

327 3439 371 3481 et
427 3429 536 3483 lucc
570 3432 742 3485 omnia
783 3431 1096 3495 adiicientur
1137 3433 1276 3487 vobis
1324 3431 1540 3502 (Matth.
1599 3449 1673 3500 Vl,
1727 3433 1840 3504 '55),
1871 3436 1923 3488 in

258 3578 267 3587 κ
326 3534 515 3575 eorum
545 3522 709 3577 corde
736 3522 990 3583 Dominus
1038 3524 1238 3591 primus
1268 3527 1439 3582 sedet.
1489 3524 1591 3581 Ubi
1634 3533 1757 3594 apte
1789 3539 1926 3594 prae-

322 3614 604 3669 mittitur:
636 3613 697 3669 Si
736 3614 1005 3669 voluissem
1045 3616 1121 3671 ire
1162 3617 1231 3671 ad
1260 3614 1362 3671 eba.
1405 3617 1538 3682 Quia
1582 3618 1752 3677 enim,
1788 3618 1925 3670 sicut

324 3706 586 3773 scriptum
616 3714 699 3760 est
724 3705 941 3778 (Ephes.
966 3723 1005 3773 ι,
1032 3706 1109 3778 5),
1140 3712 1317 3763 omnia
1348 3714 1607 3777 operatur.
1629 3709 1923 3764 secundum

326 3799 608 3853 consilium
660 3800 948 3854 voluntatis
996 3814 1141 3865 suae;
1187 3816 1293 3856 non
1333 3802 1629 3857 secundum
1679 3810 1923 3856 nostrum

325 3889 594 3955 meritum,
629 3891 723 3944 sed
767 3892 889 3959 quia
921 3891 1037 3960 ipse
1078 3893 1151 3947 ita
1192 3893 1326 3957 vult,
1361 3892 1666 3947 visitatione
1705 3906 1799 3946 sua
1830 3905 1927 3946 nos

324 3980 581 4037 Dominus
616 3982 868 4037 illustrat.
900 3984 1081 4053 Itaque
1120 3995 1174 4039 et
1218 4000 1339 4039 cum
1370 3986 1481 4038 vult
1511 3984 1691 4044 venit;
1724 3993 1923 4038 etcum

325 4076 548 4141 venerit,
581 4078 793 4144 primus
806 4076 976 4141 sedet,
1007 4078 1129 4149 quia
1160 4088 1215 4131 et
1238 4077 1499 4132 adventus
1529 4075 1649 4146 ejus
1677 4078 1730 4131 in
1758 4077 1923 4131 corde

314 4176 510 4243 nostro
542 4168 807 4237 gratuitus
844 4154 949 4233 est,
983 4177 1037 4221 et
1076 4169 1346 4235 appetitus
1390 4168 1507 4236 ejus
1550 4166 1824 4234 desiderii,
1870 4168 1925 4221 in

322 4260 646 4331 cogitatione
672 4270 855 4319 nostra
879 4260 1102 4330 aqualis
1127 4262 1339 4323 caeteris
1367 4261 1653 4321 desideriis
1682 4277 1789 4316 non
1818 4270 1918 4316 est.

321 4351 580 4422 Sequitur
598 4369 612 4406 :

774 4442 1001 4501 CAPUT
1046 4444 1082 4495 v
1128 4443 1280 4516 [Rec.
1320 4441 1478 4515 vn].

396 4557 522 4611 lein.
543 4586 611 4597 —
627 4555 854 4623 Cumque
872 4556 1099 4610 sederem
1116 4557 1265 4627 quasi
1289 4572 1381 4610 rex
1402 4558 1762 4613 circumstante
1786 4572 1924 4612 cater-

321 4650 448 4711 citu,
481 4663 620 4701 «aut
664 4657 834 4702 tamen
863 4650 1185 4704 monentium
1217 4648 1524 4703 consolator.

402 4739 487 4793 la.
531 4738 767 4793 Christus
821 4740 876 4793 in
927 4739 1071 4794 nobis
1110 4741 1291 4793 sedens
1337 4740 1485 4808 quasi
1526 4754 1616 4792 rea:
1660 4749 1920 4793 tumentes
1953 4738 1998 4795 Ι)

324 4830 813 4891 οοηεοιαιιιτ.,1ἀαη
844 4836 1052 4899 praestat
1075 4831 1407 4887 Ecclesia.-——
1427 4830 1590 4897 Quasi
1617 4847 1712 4886 rex
1740 4831 1918 4885 Domi—
1992 4860 1995 4865 ~

324 4940 430 4980 nus
459 4925 613 4982 sedet
654 4926 707 4980 in
734 4926 918 4992 corde,
943 4927 1065 4997 quia
1097 4929 1609 4995 circumstrepentes
1638 4926 1775 4996 ruit
1805 4926 1918 4980 ani-

324 5031 537 5071 morum
565 5027 741 5073 motus
765 5017 819 5071 in
848 5027 1032 5073 nostra
1057 5019 1401 5088 cogitatione.
1435 5018 1489 5071 In
1520 5025 1701 5073 mente
1724 5018 1920 5087 quippe

324 5122 487 5176 quam
515 5106 795 5172 inhabitat,
816 5107 981 5178 αθ
999 5108 1124 5163 dum
1153 5109 1417 5179 torpentia
1438 5112 1659 5169 excitat,
1684 5108 1916 5177 inquieta

324 5202 520 5269 frenat,
551 5200 743 5273 frigida
788 5202 1054 5267 accendit,
1084 5216 1313 5257 accensa
1361 5201 1689 5267 moderatur,
1720 5202 1922 5256 emollit

326 5294 522 5365 rigida,
552 5294 693 5359 ﬂuxa
720 5293 1031 5365 restringit;
1061 5309 1127 5349 ex
1166 5297 1279 5365 ipsa
1311 5294 1409 5359 hac
1437 5295 1749 5351 diversitate
1777 5296 1920 5365 cogi-

272 5462 275 5463 γ
326 5386 588 5442 talionum
633 5386 785 5458 quasi
816 5385 1031 5457 quidam
1078 5385 1227 5441 illum
1266 5387 1542 5465 exercitus
1588 5388 1915 5442 circumstat.

328 5478 455 5551 Sive
497 5488 645 5538 certe
688 5479 840 5552 quasi
883 5493 976 5536 rex
1028 5478 1182 5535 sedet
1232 5480 1612 5536 circumstante
1656 5481 1917 5545 exercitu,

400 5688 432 5720 ι
468 5677 583 5750 ΔΙ..
612 5680 933 5750 majestatens
962 5678 1234 5733 claritatis.

402 5750 431 5790 ιι
466 5748 673 5814 NOrm.,
693 5747 828 5804 'vitat
854 5767 1073 5805 summa.
1111 5750 1182 5805 Ita
1211 5748 1369 5808 etiam
1397 5747 1582 5805 Germ.
1614 5758 1668 5805 et
1691 5750 1726 5802 ‘2
1748 5750 1914 5806 Laud.

410 5832 435 5898 ξ
470 5823 505 5898 _t
548 5821 738 5898 Laud.)
778 5822 1026 5898 inﬁmis.__
1249 5892 1259 5898 _
1312 5850 1387 5898 τί
1506 5862 1507 5865 γ

404 5893 433 5928 α
470 5891 661 5956 Laud,
693 5892 876 5948 Germ.
906 5902 959 5947 et
982 5891 1192 5963 Dlorm.,
1210 5891 1465 5963 dum'per
1488 5894 1752 5963 prtesentis
1772 5907 1917 5962 pere-

331 5965 636 6036 grinationis
660 5978 957 6021 erumnam.
992 5959 1155 6021 Cori).
1186 5962 1398 6034 Gem,
1425 5959 1549 6018 dum
1570 5963 1625 6018 in
1654 5959 1918 6033 praesentis

2040 2085 2065 2114 ε
2098 2076 2448 2143 promissione
2473 2076 2723 2132 lmtiﬁcat.
2769 2073 3091 2131 Considerat
3117 2073 3278 2128 etiam
3309 2071 3453 2141 quod
3483 2073 3628 2141 cogi-

2036 2168 2268 2222 tationes
2308 2167 2547 2221 ﬁdelium
2596 2167 2781 2223 divino
2828 2165 2938 2221 sint
2984 2169 3177 2220 timore
3219 2178 3520 2235 percussae;
3572 2172 3630 2218 et

2034 2272 2168 2330 quos
2195 2260 2265 2315 de
2296 2260 2406 2314 Deo
2448 2261 2713 2329 conspicit
2738 2234 2979 2315 disiricta
3023 2234 3240 2313 audisse
3283 2266 3342 2311 ut
3381 2256 3625 2324 timeant,

2034 2356 2144 2425 agit
2169 2370 2382 2425 quoque
2410 2364 2674 2425 quatenus
2701 2364 2756 2410 et
2781 2352 3245 2409 mansuetudinem
3278 2351 3488 2419 pietatis
3509 2349 3627 2420 ejus

2034 2449 2248 2504 audiant
2279 2458 2338 2514 ut
2352 2456 2701 2519 praesumant.

2105 2562 2192 2615 15.
2234 2560 2391 2633 Spem
2418 2559 2596 2616 miscet
2618 2567 2670 2614 et
2694 2568 2903 2623 meum,
2923 2573 2989 2614 ne
3014 2557 3223 2613 incaute
3242 2557 3307 2612 de
3329 2557 3626 2611 misericor-

2032 2655 2121 2709 dia
2144 2656 2488 2725 confidamus,
2504 2664 2595 2708 aut
2611 2657 2875 2726 desperate
2887 2653 3153 2725 justitiam
3174 2644 3626 2706 timeamus.—Sic

2034 2764 2260 2818 namque
2287 2756 2468 2823 sancta
2503 2746 2741 2801 Ecclesia
2790 2745 3041 2799 ﬁdelibus
3083 2745 3198 2799 suis
3227 2744 3297 2799 de
3328 2743 3547 2822 pietate~
3571 2753 3626 2797 et

2028 2842 2233 2909 justitia
2261 2841 2635 2915 Redemptoris
2667 2841 2718 2894 in
2749 2839 3144 2909 praedicationis
3172 2838 3313 2893 serie
3342 2852 3491 2906 Spem
3526 2838 3625 2892 mi-

2030 2943 2145 2989 scet
2173 2943 2227 2987 et
2253 2946 2478 2998 metum,
2512 2941 2779 3003 quatenus
2808 2945 2905 2985 nec
2930 2931 3140 2983 incaute
3165 2931 3230 2983 de
3255 2927 3627 2982 miseriam-dia

2030 3027 2317 3093 conﬁdant,
2341 3040 2438 3080 nec
2459 3026 2741 3093 desperate
2758 3014 3018 3095 justitiam
3035 3024 3275 3077 timeant.
3295 3020 3426 3075 Nam
3447 3020 3625 3075 verbis

2030 3119 2325 3190 suicnpitis
2349 3119 2695 3174 formidantes
2718 3118 2939 3179 relOvet,
2971 3115 3157 3170 dicens
3184 3133 3195 3166 :
3226 3114 3404 3167 Nolite
3426 3113 3623 3178 timere,
3700 3110 3707 3119 '

2028 3211 2248 3284 pusillus
2280 3227 2425 3283 grex,
2459 3211 2580 3276 quia
2617 3209 2927 3279 complacuit
2962 3206 3112 3260 Patri
3148 3216 3312 3261 vestro
3339 3206 3465 3260 dare
3489 3206 3627 3260 vobis

2030 3321 2241 3377 regnum
2290 3304 2441 3376 (Luc.
2486 3319 2581 3370 ιιι,
2610 3302 2724 3372 '52).
2778 3305 2954 3369 Atque
3000 3302 3195 3355 iterum
3241 3308 3627 3369 praesumentes

2030 3407 2198 3451 terret
2236 3412 2356 3451 cum
2386 3397 2554 3452 dicit:
2584 3394 2803 3466 Vigilate
2839 3403 2886 3447 et
2912 3403 3069 3458 orate,
3113 3403 3167 3447 ut
3205 3409 3307 3446 non
3347 3392 3545 3446 intretis
3574 3392 3628 3446 in

2029 3492 2357 3545 tentationem
2385 3488 2577 3559 (Marc.
2611 3504 2724 3555 stv,
2748 3485 2862 3557 38).
2894 3486 3127 3541 Rursum
3158 3485 3507 3540 formidantes
3541 3498 3628 3539 rc-

2029 3583 2195 3652 fovet,
2225 3582 2411 3639 dicens
2443 3600 2456 3636 :
2485 3579 2718 3635 Gaudete
2738 3580 2859 3654 quia
2891 3579 3096 3632 nomina
3116 3587 3281 3631 vestra
3303 3579 3491 3646 scripta
3510 3585 3628 3629 sunt

2028 3678 2081 3730 in
2105 3677 2230 3730 casto
2262 3673 2415 3746 (Luc.
2449 3689 2504 3738 x,
2528 3673 2643 3737 20).
2675 3672 2775 3747 Sed
2812 3672 2869 3724 in
2903 3670 3202 3737 semetipsis
3234 3677 3626 3736 praesumentes

2012 3772 2290 3835 'deterret,
2322 3765 2594 3820 cutn~aitz
2629 3762 2875 3817 Videbam
2920 3772 3155 3816 satanam
3192 3762 3323 3815 sicut
3359 3759 3536 3831 fulgur
3563 3760 3628 3814 de

2029 3862 2154 3917 caslo
2196 3862 2457 3913 cadentem
2502 3854 2690 3929 (Ibid,
2734 3871 2789 3920 ι,
2821 3853 2932 3925 ts).
2977 3852 3349 3907 Formidantes
3393 3853 3622 3918 refovet,

2031 3964 2151 4010 eum
2180 3954 2310 4009 dicit
2348 3971 2360 4004 :
2413 3950 2541 4005 Oves
2586 3965 2710 4003 mete
2736 3964 2909 4002 vocem
2951 3963 3113 4000 meam
3165 3946 3419 4013 audiunt;
3447 3957 3493 4000 et
3534 3963 3626 4017 ego

2030 4063 2280 4120 cognosco
2315 4062 2430 4109 eas,
2476 4053 2523 4097 et
2566 4050 2846 4113 sequuntur
2875 4057 2973 4105 me,
3005 4050 3054 4093 et
3080 4056 3173 4108 ego
3201 4042 3356 4132 vitam
3381 4048 3625 4117 (sternam

2030 4141 2097 4192 do
2126 4140 2233 4203 eis;
2261 4148 2307 4189 et
2338 4154 2437 4189 non
2472 4136 2708 4202 peribunt
2739 4134 2790 4185 in
2829 4140 3097 4196 internum,
3134 4140 3182 4183 et
3220 4130 3322 4183 nan
3350 4130 3512 4198 rapiet
3540 4145 3625 4184 eas
3658 4190 3661 4197 η

2027 4234 2299 4305 quisquam
2335 4231 2400 4284 de
2426 4246 2582 4283 manu
2615 4244 2729 4282 mea
2768 4224 2945 4297 (Joanv.
2975 4241 3027 4291 ι,
3061 4224 3175 4294 27).
3210 4222 3316 4279 Sed
3349 4223 3399 4277 in
3429 4232 3625 4279 semet-
3722 4240 3729 4249 λ

2028 4327 2164 4396 ipsis
2215 4332 2601 4394 praesumentes
2651 4322 2908 4383 deterret,
2953 4317 3185 4372 dicens:
3229 4314 3439 4371 Dabunt
3478 4318 3625 4386 signa

2028 4433 2214 4488 magna
2241 4424 2289 4470 et
2312 4414 2571 4486 prodigia,
2592 4413 2665 4466 ita
2692 4419 2749 4465 ut
2768 4413 2819 4465 in
2840 4426 3063 4465 errorem
3086 4409 3417 4473 inducantur,
3447 4410 3491 4463 si
3512 4410 3625 4478 ﬁeri

2027 4519 2210 4581 potest,
2256 4508 2411 4561 etiam
2461 4506 2606 4560 electi
2650 4502 2864 4577 (Matth.
2907 4518 3052 4569 xxiv,
3083 4501 3201 4571 2i).
3250 4501 3622 4577 Formidantes

2026 4599 2254 4665 refovet,
2281 4600 2463 4653 dicens
2488 4615 2500 4651 :
2530 4597 2630 4664 Qui
2662 4598 3050 4665 perseveraverit
3080 4612 3236 4667 usque
3260 4596 3313 4649 in
3336 4594 3513 4666 linem,
3538 4596 3623 4649 hic

2025 4696 2196 4749 salvus
2218 4693 2310 4747 erit
2335 4691 2519 4763 (Ibid,
2550 4690 2659 4759 l5).
2687 4689 3080 4744 Pratsumentes
3110 4693 3365 4755 deterret,
3396 4686 3618 4742 dicens:

2026 4783 2156 4841 Cum
2194 4783 2383 4838 venerit
2426 4779 2597 4835 Filius
2636 4779 2876 4845 hominis,
2916 4786 3068 4850 putas
3113 4779 3328 4833 inveniet
3372 4778 3529 4850 ﬁdem
3565 4780 3621 4833 in

2026 4890 2161 4933 terra
2191 4876 2343 4951 (Luc.
2364 4890 2513 4938 xvnt,
2538 4872 2632 4943 8)?
2658 4871 2985 4929 ‘Metuentes
3014 4872 3240 4939 refovet,
3270 4888 3394 4927 cum
3425 4872 3618 4927 latroni
3712 4924 3719 4927 _

2027 4969 2190 5024 dicit:
2216 4967 2389 5021 Hodie
2444 4982 2637 5019 mecum
2657 4966 2757 5035 eris
2784 4966 2839 5018 in
2862 4963 3103 5033 paradiso
3132 4962 3283 5035 (Luc.
3310 4980 3470 5033 mn,
3498 4964 3613 5033 45).

2029 5059 2134 5115 Sed
2173 5067 2337 5113 terret
2380 5065 2789 5126 praesumentes,
2822 5056 2947 5111 dum
2983 5055 3150 5112 ludas
3180 5071 3246 5112 ex
3286 5057 3616 5126 apostolatus

2031 5153 2201 5221 gloria
2233 5151 2287 5204 in
2318 5159 2573 5205 tartarum
2601 5148 2819 5203 labitur.
2853 5147 2926 5203 De
2958 5162 3065 5218 quo
3096 5162 3190 5217 per
3218 5146 3500 5203 sentcntiae
3524 5146 3618 5200 de-

2028 5240 2325 5297 ﬁnitionem
2352 5239 2546 5295 dicitur
2570 5254 2583 5292 :
2611 5236 2891 5293 Duodecim
2918 5253 3005 5292 vos
3030 5238 3183 5309 elegi,
3212 5247 3261 5292 ct
3291 5252 3422 5290 unus
3443 5251 3509 5291 ea:
3532 5251 3617 5290 vo-

2030 5332 2107 5388 bis
2133 5333 2366 5387 diabolus
2394 5340 2465 5384 est
2498 5328 2676 5398 (Joan.
2710 5346 2783 5396 vt,
2807 5329 2927 5401 70).
2953 5329 3360 5388 Formidautem
3384 5326 3611 5393 refovet,

2031 5452 2153 5493 cum
2174 5436 2341 5492 dicit:
2373 5434 2434 5491 Si
2464 5434 2715 5490 dimiserit
2744 5434 2820 5489 vir
2854 5448 3064 5493 mrem
3101 5448 3269 5501 suam,
3305 5441 3353 5487 et
3378 5432 3618 5491 recedens

1962 5730 1969 5735 .
2027 5678 2447 5749 peregrinationis
2472 5693 2723 5749 seruatum

2100 5759 2124 5787 ο
2148 5748 2391 5811 Τηΐου..
2434 5748 2793 5805 consolatione.

2101 5820 2121 5858 ί
2166 5820 2309 5875 Idem
2329 5819 2509 5877 Codex
2529 5835 2647 5875 cum
2670 5820 2832 5874 duob.
2856 5817 3052 5885 Laud.,
3078 5820 3194 5878 Val.
3216 5821 3298 5878 Cl.
3322 5832 3378 5880 et
3398 5823 3605 5886 Norm.,

2023 5900 2247 5945 metuens
2268 5892 2631 5945 relevatur.....
2654 5898 2865 5945 terretur
2886 5905 3213 5960 praesumens.
3238 5893 3396 5949 Corb.
3424 5895 3604 5950 Germ.
3702 5892 3709 5897 “

2023 5969 2080 6019 et
2098 5962 2304 6029 Germ,
2344 5969 2570 6017 metuens
2597 5965 2968 6032 relevetur"...
2990 5973 3204 6021 terretur
3235 5981 3565 6035 prosternens.
