4104 6350
506 425 604 481 NE

1718 418 1959 476 SANCTi
2000 415 2323 475 GREGORII
2363 420 2576 477 MAGNI

3663 413 3766 472 144

499 540 562 592 ab
595 554 654 593 eo
689 537 894 591 duxerit
920 536 1081 589 virum
1110 533 1346 598 alterum,
1384 531 1612 602 nunquid
1651 543 1929 586 revertetur
1956 543 1981 570 ι
2011 537 2080 584 ad
2107 538 2156 592 Α
2187 534 2477 599 asperitate
2519 533 2893 588 exulcerentur
2923 531 3142 594 subditi.
3195 545 3364 604 neque
3415 530 3576 586 nimia
3627 532 3772 588 beni-

497 648 613 686 eam
644 630 822 684 ultra?
853 625 1102 699 Nunquid
1137 642 1239 679 non
1281 625 1642 691 contaminata,
1675 635 1722 677 et
1759 625 1956 695 polluta
1991 627 2087 678 erit

498 723 683 775 mulier
729 720 858 774 illa?
897 719 973 773 Tu
1016 727 1184 771 autem
1231 717 1485 787 fornicata
1525 733 1576 769 es
1624 733 1738 768 cum
1775 717 2088 770 amatoribus

498 811 524 850 ι)
556 815 657 867 tuis
687 812 895 875 multis;
937 819 1106 865 tamen
1150 820 1398 863 revertere
1436 809 1504 861 ad
1536 825 1635 875 me,
1677 809 1798 861 dicit
1839 809 2087 861 Dominus

499 903 713 973 (Jerem.
741 920 818 969 ιιι,
849 903 918 972 1).
967 902 1074 958 Sed
1123 911 1534 971 praesumentem
1567 902 1823 964 deterret,
1854 914 1972 952 cum
2001 899 2088 953 di-

498 996 605 1050 cit:
636 995 774 1062 Quid
800 993 992 1049 clamas
1021 1010 1174 1061 super
1203 994 1505 1046 contritione
1535 993 1660 1045 tua?
1685 991 1991 1045 insanabilis
2014 999 2088 1043 est

499 1086 648 1140 dolor
692 1095 806 1139 tuus
840 1083 1054 1157 (Jerem.
1090 1101 1216 1149 xxx,
1260 1084 1369 1153 l2).
1420 1083 1814 1137 Formidantem
1862 1082 2081 1144 refovet,

495 1179 677 1234 dicens
703 1195 714 1230 :
747 1176 883 1250 Ergo
904 1177 1084 1230 saltem
1112 1175 1296 1229 amodo
1325 1191 1449 1229 voca
1478 1190 1557 1227 me
1581 1191 1598 1228 :
1623 1184 1766 1242 pater
1793 1191 1952 1236 meus,
1982 1174 2088 1226 dux

495 1271 655 1344 64],
685 1271 994 1342 virginitatis
1021 1286 1144 1324 mea:
1172 1280 1225 1322 tu
1256 1286 1307 1323 es
1339 1267 1553 1339 (Jerem.
1587 1284 1663 1331 Ill,
1696 1270 1771 1335 4).
1816 1268 1918 1321 Sed
1948 1283 2086 1335 pra}-

494 1373 797 1418 sumentem
839 1361 1102 1424 deterret,
1145 1361 1351 1427 dicens,
1384 1359 1542 1412 Pater
1583 1368 1694 1412 tuus
1736 1359 2082 1422 Amorrhteus,

495 1466 543 1508 et
578 1463 738 1508 mater
768 1465 854 1507 tua
899 1463 921 1490 ε
964 1452 1150 1506 Chetea
1181 1451 1395 1521 (Ezeclt.
1425 1467 1534 1514 va,
1571 1451 1648 1516 5).
1694 1452 2085 1505 Fortnidantem

495 1549 725 1612 refovet,
753 1563 876 1602 cum
908 1547 1016 1600 ait:
1045 1545 1331 1610 Revertere,
1361 1546 1680 1599 adversatrix
1708 1543 1890 1610 Israel,
1918 1555 1964 1599 et
1987 1563 2088 1599 non

496 1653 720 1698 avertam
761 1643 944 1713 faciem
978 1657 1141 1694 meam
1183 1658 1213 1692 a
1242 1642 1396 1703 vobis,
1428 1641 1550 1709 quia
1578 1651 1784 1692 sanctus
1825 1657 1917 1708 ego
1950 1656 2082 1700 sum,

497 1736 619 1790 dicit
641 1733 911 1799 Dominus,
943 1741 988 1786 et
1012 1749 1115 1787 non
1142 1733 1333 1786 irascar
1363 1734 1414 1784 in
1439 1743 1736 1802 perpetuum
1763 1727 1976 1802 (Jerent.
2010 1745 2086 1795 ιιι,

497 1827 620 1896 12).
669 1827 772 1882 Sed
819 1834 1230 1896 praesumentem
1277 1827 1548 1890 deterret,
1601 1841 1722 1879 cum
1757 1826 2086 1893 prephetam

2189 625 2390 693 gnitate
2419 625 2710 678 solvantur.
2741 625 2851 681 Hoc
2883 626 3131 679 nimirum
3161 625 3250 678 illa
3283 623 3615 679 tabernaculi
3644 638 3767 678 arca

2190 717 2472 785 significat,
2499 718 2550 772 in
2576 733 2677 787 qua
2708 734 2827 773 cum
2859 718 3051 771 tabulis
3099 719 3248 786 virga
3275 717 3452 783 simul,
3483 731 3546 771 ac
3575 730 3768 770 manna

2191 819 2272 861 est
2293 809 2479 878 (Hebr.
2513 825 2588 875 ιι,
2620 811 2698 881 4),
2727 811 2848 880 quia
2879 826 2999 866 cum
3026 810 3315 882 Scriptura:
3347 824 3514 863 sacrae
3546 809 3769 863 scientia

2190 911 2272 954 est
2293 899 2344 953 in
2378 901 2499 955 boni
2526 904 2748 957 rectoris
2779 914 3014 971 pectore,
3042 903 3084 957 si
3113 911 3195 957 est
3221 902 3367 970 virga
3398 901 3769 963 districtionis,

2188 992 2258 1044 sit
2282 1000 2338 1045 et
2362 1007 2554 1046 manna
2585 993 2896 1053 dulcedinis.
2928 993 3061 1048 Hinc
3081 993 3242 1047 etiam
3275 991 3435 1045 David
3461 994 3570 1046 ait:
3617 989 3772 1062 Virga

2190 1091 2278 1134 tua
2303 1091 2349 1134 et
2375 1083 2582 1136 baculus
2612 1093 2728 1137 tuus
2749 1085 2862 1154 ipsa
2890 1100 2969 1137 me
2993 1085 3256 1138 consolata
3277 1091 3394 1136 sunt
3433 1081 3609 1153 (Psal.
3637 1097 3768 1145 χιιι,

2190 1171 2266 1240 4).
2303 1173 2458 1243 Virga
2483 1176 2679 1228 etenim
2710 1174 3058 1242 percutimur,
3089 1182 3144 1228 et
3166 1174 3354 1227 baculo
3384 1181 3768 1227 sustentantur.

2191 1262 2248 1316 Si
2279 1277 2404 1332 ergo
2433 1275 2514 1318 est
2539 1265 2802 1319 districtio
2835 1265 2994 1336 virga:
3023 1280 3142 1334 quia
3175 1264 3351 1328 feriat,
3399 1265 3467 1316 sit
3494 1272 3549 1317 et
3575 1278 3772 1316 conso-

2193 1355 2320 1409 latio
2349 1357 2518 1410 baculi
2555 1372 2676 1428 qua:
2705 1366 2986 1412 sustentet.
3020 1358 3100 1412 Sit
3124 1357 3304 1425 itaque
3331 1370 3504 1419 amor,
3537 1355 3629 1408 sed
3665 1369 3770 1406 non

2193 1448 2507 1512 emolliens;
2538 1446 2563 1484 ιι
2582 1451 2652 1502 sit
2680 1450 2849 1518 vigor,
2874 1450 2964 1502 sed
2993 1463 3095 1501 non
3120 1461 3476 1514 exasperatis;
3506 1445 3572 1498 sit
3602 1445 3770 1507 zelus,

2193 1539 2287 1593 sed
2319 1555 2422 1594 non
2453 1539 2809 1594 immoderate
2859 1541 3116 1602 saeviens;
3163 1539 3233 1592 sit
3284 1539 3469 1606 pietas,
3526 1535 3618 1589 sed
3666 1550 3772 1588 non

2195 1633 2313 1702 plus
2344 1649 2501 1702 quam
2542 1633 2791 1703 expediat
2819 1646 3065 1702 parcens.
3099 1631 3295 1684 Intueri
3342 1629 3470 1684 libet
3526 1630 3575 1682 in
3607 1627 3772 1697 Moysi

2197 1738 2411 1794 pectore
2443 1729 2858 1782 misericordiam
2893 1744 3011 1782 cum
3063 1727 3350 1782 severitate
3379 1725 3653 1778 sociatam.
3689 1723 3773 1776 Vi-

2198 1819 2419 1874 deamus
2448 1830 2713 1874 amantem
2743 1820 2846 1890 pie,
2878 1830 2930 1872 et
2953 1819 3199 1872 districte
3228 1801 3558 1872 smvientem.
3612 1816 3773 1870 Certe

498 1934 653 1974 suum
695 1921 763 1974 ab
804 1919 1186 1974 intercessione
1228 1919 1498 1987 prohibet,
1531 1918 1718 1972 dicens
1746 1935 1759 1969 :
1787 1917 1908 1970 Non
1947 1933 2091 1969 assu-
2120 1927 2169 1988 Β
2199 1928 2320 1967 cum
2345 1914 2664 1967 lsraeliticus
2695 1915 2921 1982 populus
2951 1923 3073 1966 ante
3105 1912 3198 1966 Dei
3227 1912 3413 1965 oculos
3443 1925 3580 1979 pene
3627 1911 3773 1990 inve-

496 2029 603 2066 mas
617 2028 709 2083 pro
725 2012 798 2066 eis
819 2012 1024 2066 laudem
1041 2022 1089 2064 et
1111 2012 1413 2073 orationem,
1434 2010 1459 2046 τι
1483 2012 1601 2079 quia
1621 2027 1723 2064 non
1739 2010 2012 2062 exaudiam
2033 2011 2085 2062 in

494 2114 718 2169 tempore
745 2105 984 2158 clamoris
1015 2121 1190 2157 eorum
1220 2103 1287 2156 ad
1321 2119 1399 2156 me
1436 2104 1490 2156 in
1529 2113 1752 2172 tempore
1775 2102 2081 2171 aﬁlictionis,

491 2197 613 2267 quia
649 2197 694 2250 si
728 2199 956 2250 steterint
986 2212 1159 2249 coram
1198 2212 1277 2248 me
1300 2194 1502 2264 Moyses
1540 2203 1587 2247 et
1615 2193 1853 2259 Samuel,
1887 2211 1988 2246 non
2013 2201 2086 2246 est

498 2290 675 2342 anima
703 2305 816 2343 mea
861 2289 928 2342 ad
956 2290 1202 2359 populum
1233 2290 1388 2342 istum
1417 2286 1634 2356 (larem.
1671 2303 1762 2348 vtt,
1796 2287 1900 2354 lli).
1937 2286 2084 2357 [Rea

501 2381 691 2454 VIII.]
733 2384 928 2438 Sancta
967 2384 1143 2452 itaque
1190 2381 1431 2436 Ecclesia
1505 2381 1803 2433 auditorum
1868 2394 2089 2433 suorum

497 2481 727 2527 mentem
758 2480 814 2526 et
836 2471 906 2526 de
936 2469 1318 2525 misericordiae
1360 2469 1690 2540 benignitate
1740 2469 2006 2532 sublevat,
2036 2477 2091 2522 et

495 2565 560 2620 de
586 2564 772 2634 judicii
817 2563 1151 2644 districtione
1182 2565 1480 2632 perturbat,
1511 2573 1776 2631 quatenus
1810 2562 1863 2616 in
1900 2562 2092 2629 praedi-

497 2659 708 2714 catione
735 2672 830 2712 sua
851 2657 978 2712 dum
1003 2659 1139 2712 bene
1163 2667 1444 2724 utrumque
1469 2656 1756 2724 permiscet
1793 2655 1947 2708 electi
1978 2655 2093 2722 ejus

501 2764 602 2804 nec
631 2750 699 2804 de
726 2749 961 2803 exhibita
985 2747 1191 2817 justitia
1225 2754 1570 2817 praesumant,
1604 2761 1703 2800 nec
1727 2745 1794 2801 de
1825 2746 2091 2816 praeterita

499 2840 777 2913 iniquitate
806 2843 1118 2910 chperent.

586 2937 670 2990 Η.
706 2934 773 2990 In
817 2935 960 2990 bonis
997 2935 1286 3006 pastoribus
1330 2935 1593 2989 sociantur
1623 2934 1906 3006 benignitas
1935 2944 1980 2987 et
2003 2950 2095 2986 au-

493 3030 740 3094 ctoritas,
774 3029 1126 3082 misericordia
1160 3039 1207 3081 et
1238 3028 1532 3096 disciplina.
1566 3057 1636 3068 ——
1691 3026 1795 3082 Sed
1829 3028 1928 3080 hoc
1957 3027 2096 3096 quod

506 3123 579 3176 ait
615 3140 627 3175 :
689 3121 817 3175 Cum
856 3121 1082 3175 sederem
1109 3121 1257 3188 quasi
1302 3135 1391 3172 rex
1442 3119 1804 3172 circumstante
1852 3118 2096 3182 exercitu,

505 3215 644 3268 eram
694 3224 862 3267 tamen
912 3213 1230 3267 maerentium
1278 3213 1600 3274 consolator;
1634 3211 1909 3266 sciendum
1943 3214 2097 3267 nobis

2192 2008 2441 2062 niabilcm
2471 2009 2831 2062 contraxisset
2883 2005 3170 2069 ollensam,
3219 2006 3292 2058 ita
3347 2016 3404 2058 ut
3436 2006 3553 2073 ejus
3598 2012 3774 2057 rector

2190 2101 2396 2157 audiret
2440 2121 2454 2154 :
2511 2100 2798 2164 Descende,
2859 2102 3078 2170 peccavit
3130 2101 3348 2171 populus
3393 2109 3511 2152 tuus
3571 2096 3772 2166 (Exod.

2197 2207 2362 2254 xxxii,
2392 2191 2480 2263 7);
2532 2207 2594 2246 ac
2643 2208 2684 2245 SI
2739 2192 2788 2246 ei
2831 2191 3007 2244 divina
3040 2207 3160 2245 mox
3188 2192 3431 2244 diceret:
3465 2190 3563 2255 Qui
3596 2191 3645 2243 in
3683 2188 3774 2242 tali

2193 2296 2412 2356 peccato
2443 2286 2621 2354 lapsus
2647 2296 2750 2349 est,
2778 2286 2886 2353 jam
2912 2301 3063 2339 mens
3094 2300 3197 2339 non
3221 2292 3323 2350 est,
3369 2293 3527 2354 atque
3550 2282 3778 2351 subjun-

2192 2391 2378 2450 geret:
2427 2380 2638 2433 Dimitte
2681 2395 2784 2442 me,
2828 2388 2881 2430 ut
2937 2380 3190 2432 irascatur
3240 2378 3386 2448 furor
3412 2392 3550 2429 meus
3597 2383 3778 2428 contra

2194 2489 2296 2537 eos,
2329 2481 2374 2524 et
2405 2473 2598 2525 doleam
2626 2488 2730 2535 eos,
2785 2472 3075 2540 faciamque
3107 2480 3154 2522 te
3198 2470 3252 2522 in
3281 2480 3476 2540 gentem
3502 2484 3778 2539 magnam;

2194 2567 2281 2620 ille
2307 2565 2472 2619 semel
2502 2574 2556 2619 et
2607 2566 2799 2620 iterum
2850 2581 2946 2634 pro
2976 2563 3170 2632 populo
3200 2563 3284 2617 cui
3333 2570 3559 2633 praeerat
3613 2559 3779 2631 642

2193 2659 2400 2714 obicem
2427 2676 2484 2712 se
2510 2661 2575 2712 ad
2605 2660 2859 2728 impetum
2886 2659 2978 2713 Dei
3025 2659 3302 2713 irascentis
3327 2671 3623 2725 opponens,
3651 2657 3728 2709 ait
3760 2672 3773 2707 :

2195 2753 2291 2803 Aut
2316 2752 2506 2805 dimitte
2533 2754 2603 2805 eis
2633 2753 2765 2804 hanc
2793 2768 3014 2814 noxam;
3046 2760 3132 2803 aut
3155 2751 3198 2802 si
3227 2767 3328 2803 non
3351 2750 3504 2819 facis,
3554 2749 3665 2801 dele
3691 2763 3772 2800 me

2197 2843 2259 2898 de
2287 2843 2415 2897 libro
2447 2854 2531 2896 tuo
2555 2859 2703 2912 quem
2731 2843 2984 2909 scripsisti
3017 2835 3180 2910 (Ibid.
3220 2856 3384 2906 xxxii,
3413 2840 3525 2907 5:2).
3576 2839 3779 2892 Pense-

2197 2954 2316 2993 mus
2346 2953 2472 3008 ergo
2509 2940 2700 3008 quibus
2751 2935 3044 2991 visceribus
3070 2933 3318 2988 eumdem
3357 2935 3604 3002 populum
3634 2945 3780 2984 ama-

2198 3031 2294 3093 vit,
2341 3045 2436 3099 pro
2465 3028 2617 3098 cujus
2651 3029 2752 3082 vita
2784 3028 2852 3082 de
2878 3027 3016 3081 libro
3039 3028 3165 3080 vitae
3197 3025 3360 3081 deleri
3391 3040 3448 3078 se
3481 3022 3648 3092 petiit.
3674 3020 3781 3077 Sed

2202 3133 2376 3177 tamen
2409 3124 2530 3187 iste,
2585 3122 2674 3190 qui
2709 3131 2856 3174 tanto
2885 3122 3000 3189 ejus
3033 3119 3214 3188 populi
3243 3131 3423 3172 amore
3451 3114 3782 3185 constringi-

2205 3224 2312 3279 tur,
2345 3223 2529 3269 contra
2562 3213 2678 3282 ejus
2706 3213 2890 3282 culpas
2924 3223 3210 3279 pensemus
3257 3218 3455 3278 quanto
3483 3207 3599 3260 zelo
3626 3203 3785 3258 recti—

505 3316 590 3360 est
617 3305 759 3375 quod
791 3305 944 3359 valde
979 3305 1238 3360 lectorem
1269 3304 1535 3358 aedificare
1562 3305 1725 3358 etiam
1750 3303 1902 3374 juxta
1935 3304 2102 3360 histo-
2126 3305 2173 3367 C
2208 3307 2401 3361 tudinis
2431 3307 2772 3361 accendatur.
2831 3305 2951 3360 Mox
3007 3304 3147 3359 enim
3179 3301 3196 3339 ί
3232 3311 3287 3354 ut
3317 3300 3569 3369 petitione
3592 3299 3784 3366 prima,

513 3398 647 3452 riam
678 3405 879 3466 potest,
921 3396 966 3450 si
996 3396 1294 3465 perpendat
1321 3394 1589 3464 quomodo
1623 3395 1776 3448 bonis
1806 3395 2102 3450 rectoribus

516 3494 772 3565 pertnista
803 3493 874 3546 sit
903 3500 958 3545 et
983 3490 1206 3560 regendi
1238 3490 1546 3551 auctoritas,
1572 3498 1627 3543 et
1646 3487 1950 3557 benignitas
1974 3504 2102 3544 con-

511 3585 738 3642 solandi.
767 3585 856 3640 Ait
883 3585 1024 3640 enim
1058 3602 1069 3634 :
1102 3582 1328 3653 Cumque
1347 3583 1570 3636 sederem
1600 3583 1747 3652 quasi
1774 3599 1866 3635 rea:
1886 3584 2106 3636 circum-

510 3689 675 3735 stante
697 3678 945 3741 exercitu,
987 3689 1114 3730 ecce
1141 3676 1434 3730 auctoritas
1484 3675 1758 3744 regiminis
1789 3691 1802 3729 :
1837 3672 1995 3728 Eram
2023 3686 2103 3730 ta-

512 3790 627 3828 men
652 3771 977 3826 maerentium
1000 3770 1325 3835 consolator;
1357 3779 1379 3805 ο
1435 3784 1560 3824 ecce
1591 3770 1946 3824 ministerium
1993 3771 2106 3839 pie-

515 3866 662 3922 tatis.
693 3863 843 3936 [Vet.
875 3861 1002 3934 VL]
1035 3863 1325 3932 Disciplina
1349 3863 1490 3916 enim
1524 3861 1694 3933 (Dist.
1726 3863 1815 3926 45,
1850 3879 1965 3932 cap.
2009 3860 2106 3914 Di-

511 3960 754 4032 sciplina)
789 3959 871 4015 vel
900 3959 1267 4013 misericordia
1306 3960 1530 4012 multum
1563 3958 1888 4022 destituitur,
1922 3958 1968 4012 si
2001 3974 2106 4013 una

511 4052 630 4109 sine
659 4052 826 4106 altera
859 4059 1126 4105 teneatur.
1185 4049 1290 4104 Sed
1322 4049 1461 4102 circa
1505 4049 1749 4102 subditos
1773 4063 1902 4102 suos
1931 4050 2107 4108 inesse

512 4145 815 4202 rectoribus
843 4143 1006 4198 debet
1042 4140 1060 4180 τ
1093 4152 1146 4197 et
1183 4143 1326 4209 juste
1380 4141 1663 4195 consolans
1714 4142 2103 4213 misericordia,

510 4247 564 4292 et
594 4235 682 4306 pie
717 4235 947 4290 smiens
988 4233 1285 4302 disciplina.
1349 4232 1484 4286 llinc
1531 4243 1613 4287 est
1661 4233 1806 4301 quod
1857 4236 2103 4290 semivivi

516 4333 664 4388 illius
686 4329 1020 4396 vulneribus,
1073 4328 1164 4398 qui
1196 4344 1226 4380 a
1258 4328 1597 4394 Samaritano
1623 4327 1673 4380 in
1703 4327 1972 4383 stabulum
2003 4329 2106 4383 du-

520 4434 639 4482 ctus
668 4433 768 4490 est,
801 4433 856 4480 et
901 4424 1082 4478 vinum
1110 4422 1393 4477 adhibetur
1420 4432 1474 4476 et
1501 4422 1676 4476 oleum
1733 4422 1888 4494 (Luc.
1923 4441 1982 4490 ιι,
2013 4425 2104 4491 55,

515 4517 632 4587 34),
679 4527 738 4571 ut
784 4531 881 4587 per
926 4517 1108 4571 vinum
1141 4516 1487 4569 mordeantur
1528 4515 1773 4580 vulnera,
1807 4530 1900 4584 per
1922 4517 2099 4571 oleum

511 4609 819 4676 foveantur,
849 4620 1112 4676 quatenus
1143 4607 1508 4675 unusquisque
1551 4605 1645 4673 qui
1677 4607 1934 4686 sanandis
1983 4609 2102 4662 vul-

2208 3413 2274 3454 ne
2300 3399 2630 3465 delerentur,
2682 3398 2855 3468 culpa:
2885 3395 3094 3450 veniam
3123 3393 3383 3458 obtinuit,
3443 3394 3507 3445 ad
3537 3389 3784 3445 eumdem

2207 3493 2458 3562 populum
2488 3493 2726 3559 veniens,
2760 3491 2833 3544 ait
2859 3505 2873 3543 :
2908 3488 3075 3542 Ponat
3102 3487 3177 3540 vir
3199 3485 3432 3557 gladium
3465 3487 3480 3533 l
3523 3499 3669 3538 suum
3699 3498 3785 3536 su-

2207 3606 2295 3660 per
2338 3591 2504 3656 femur
2533 3604 2704 3642 suum.
2731 3585 2812 3641 Ite
2833 3597 2879 3641 et
2904 3586 3064 3639 redite
3089 3568 3152 3638 de
3195 3577 3344 3654 porta
3387 3599 3540 3652 usque
3568 3584 3635 3635 ad
3665 3599 3787 3651 por-

2207 3694 2309 3737 tam
2356 3700 2445 3751 per
2489 3682 2711 3736 medium
2755 3691 3074 3742 castrorum,
3120 3689 3164 3732 et
3217 3677 3413 3731 occidat
3445 3675 3787 3744 unusquisque

2207 3777 2434 3846 fratrem,
2465 3784 2510 3830 et
2531 3776 2776 3840 amicum,
2807 3786 2850 3828 et
2875 3775 3163 3842 proximum
3194 3787 3363 3824 suum.
3393 3768 3787 3835 Cecideruntth

2205 3871 2257 3922 in
2303 3869 2385 3921 die
2427 3869 2516 3920 illo
2541 3869 2687 3938 quasi
2717 3867 2895 3936 viginti
2939 3866 3037 3918 tria
3069 3863 3232 3917 millia
3283 3865 3545 3940 hominum
3595 3860 3784 3931 (Ibid.,

2209 3977 2380 4024 xxxii,
2408 3960 2526 4029 9.7).
2564 3961 2700 4014 Ecce
2728 3960 2815 4029 qui
2845 3958 3004 4011 vitam
3056 3956 3294 4010 omnium
3340 3957 3497 4010 etiam
3528 3969 3646 4009 cum
3691 3966 3788 4006 sua

2209 4063 2380 4108 morte
2409 4053 2582 4122 petiit,
2617 4067 2905 4120 paucorum
2949 4052 3108 4104 vitam
3137 4050 3314 4120 gladio
3338 4048 3607 4104 exstinxit.
3640 4047 3788 4100 latus

2207 4146 2340 4199 arsit
2367 4145 2487 4214 igne
2511 4144 2728 4208 amoris,
2761 4142 2890 4198 foris
2920 4157 3178 4198 accensus
3207 4153 3289 4196 est
3316 4141 3430 4195 zelo
3459 4140 3787 4196 severitatis.

2209 4238 2372 4293 Tanta
2405 4238 2501 4291 fuit
2530 4239 2717 4306 pietas,
2746 4245 2803 4290 ut
2823 4250 3004 4306 se.pro
3033 4235 3344 4290 illiS'coram
3369 4234 3594 4290 Domino
3627 4230 3787 4286 morti

2211 4329 2405 4384 otl‘erre
2435 4343 2539 4383 non
2571 4328 2870 4393 dubitaret;
2931 4335 3077 4382 tanta
3103 4326 3383 4392 severitas,
3423 4333 3480 4380 ut
3529 4340 3622 4380 eos
3651 4339 3790 4394 quos

2209 4423 2470 4478 divinitus
2518 4421 2662 4477 feriri
2695 4421 2968 4488 timuerat,
3015 4421 3128 4490 ipse
3166 4419 3352 4489 judicii
3375 4417 3550 4488 gladio
3580 4417 3785 4472 feriret.

2209 4519 2298 4574 Sic
2325 4517 2522 4572 amavit
2545 4531 2640 4572 eos
2669 4517 2862 4586 quibus
2912 4515 3146 4586 praefuit,
3199 4525 3256 4570 ut
3307 4530 3403 4584 pro
3454 4513 3532 4569 eis
3563 4529 3662 4568 nec
3687 4512 3789 4569 sibi

2211 4620 2479 4681 parceret;
2525 4617 2579 4664 et
2609 4619 2782 4665 tamen
2815 4609 3187 4680 delinquentes
3219 4608 3298 4663 sic
3346 4616 3658 4678 persecutus
3686 4616 3790 4673 est,

515 4702 734 4760 neribus
758 4711 979 4773 praeest,
1031 4702 1084 4755 in
1113 4701 1243 4754 vino
1273 4713 1513 4752 morsum
1545 4679 1901 4755 districtionis
1952 4700 2106 4756 adhi-
2130 4679 2186 4742 Ῑ)
2211 4679 2346 4771 quos
2375 4700 2594 4767 amavit,
2623 4709 2682 4753 ut
2711 4716 2805 4754 eos
2828 4679 2990 4754 etiam
3021 4699 3246 4753 Domino
3273 4707 3529 4780 parcente
3552 4708 3789 4768 proster-

519 4796 664 4863 beat,
696 4797 748 4851 in
785 4796 907 4851 oleo
936 4793 1220 4849 mollitiem
1251 4790 1490 4860 pietatis;
1520 4806 1614 4859 per
1639 4793 1818 4845 vinum
1851 4794 2107 4848 munden-

521 4898 610 4944 tur
634 4887 868 4958 putrida,
889 4902 984 4957 per
1008 4885 1184 4940 oleum
1209 4883 1445 4938 sananda
1474 4884 1751 4938 foveantur
1771 4894 1817 4937 8.
1839 4879 2107 4940 Miscenda

516 4990 600 5038 est
622 4996 751 5050 ergo
783 4979 973 5036 lenitas
1001 4993 1122 5033 cum
1152 4975 1464 5040 severitate,
1499 4975 1906 5046 faciendumque
1936 4979 2110 5048 quod-

514 5074 640 5131 dam
674 5089 739 5130 ex
794 5081 1021 5140 utraque
1051 5075 1554 5139 temperamentum,
1613 5077 1672 5122 ut
1721 5083 1894 5137 neque
1932 5071 2104 5126 multa

581 5200 625 5247 ι’
647 5208 812 5265 Corb.
859 5208 1067 5274 Germ.,
1099 5193 1309 5272 Norm.,
1341 5205 1634 5270 Bellovac.,
1680 5204 1874 5271 Laud.,
1907 5214 1977 5260 tta
2012 5211 2106 5262 ha-

508 5281 637 5336 bent
662 5295 783 5336 cutn
805 5290 916 5337 vet.
950 5281 1049 5334 Ed.
1073 5277 1235 5333 Gilot.
1264 5279 1321 5332 In
1349 5278 1516 5331 Vatic.
1545 5286 1597 5331 et
1621 5274 1883 5329 Gussanv.
1913 5278 2106 5347 legitur

511 5354 810 5505 “fama:
851 5423 952 5478 tuis
982 5423 1036 5477 in
1078 5421 1105 5476 1
1137 5421 1333 5486 Laud.,
1381 5419 1544 5475 Corb.
1581 5418 1787 5484 Germ.,
1831 5418 2012 5474 Norm.
2041 5435 2103 5477 ac

511 5493 855 5629 altzsberm.’
885 5564 1050 5626 unc”
1085 5537 1389 5624 Βρεηεηείέ,
1425 5560 1586 5615 Corb.
1635 5561 1842 5620 Germ”
1874 5559 2098 5616 Cetlttea.

581 5633 611 5671 ά
654 5634 706 5688 In
737 5635 995 5703 V'ulgatis,
1029 5638 1147 5700 quia
1179 5653 1279 5688 non
1311 5634 1587 5688 exaudiam
1608 5632 1882 5684 clamorem
1923 5649 2102 5686 eorum

507 5705 565 5760 in
609 5716 846 5774 tempore.
899 5706 1211 5760 lnliaesitnus
1264 5708 1389 5760 Mss.
1429 5704 1656 5766 Turon.,
1696 5704 1962 5774 Vindoc.,
1991 5704 2104 5758 Bel-

508 5777 642 5904 ἓν..
673 5773 835 5831 duob.
868 5775 1060 5842 Laud.,
1093 5778 1344 5831 omnibus
1383 5775 1598 5842 Norm.,
1631 5775 1815 5830 Germ.
1845 5783 1901 5829 et
1936 5773 2097 5830 Corb.

557 5864 691 5904 erm.

557 5865 828 5977 θξηδοηιι.
860 5927 912 5976 et
937 5918 1163 5984 Turon.,
1193 5935 1305 5976 ecce
1333 5919 1648 5989 mysterium.
1678 5918 1714 5974 ‘2
1733 5917 1902 5978 Laud.
1936 5916 2096 5975 habet

2214 4802 2386 4848 neret.
2435 4791 2732 4861 Utrobique
2759 4791 2968 4860 legatus
2998 4789 3175 4856 fortis,
3223 4790 3508 4858 utrobique
3531 4789 3790 4845 mediator

2215 4881 2563 4949 admirabilis,
2616 4900 2832 4939 causam
2883 4883 3062 4953 populi
3113 4885 3254 4954 apud
3304 4884 3471 4940 Deum
3524 4887 3789 4955 precibus,

2215 4994 2433 5034 causam
2485 4977 2575 5031 Dei
2626 4979 2765 5046 apud
2820 4977 3065 5046 populum
3098 4977 3287 5045 gladiis
3326 4977 3592 5046 allegavit.
3648 4979 3791 5033 lntus

2211 5086 2420 5138 amans,
2439 5069 2634 5123 divina:
2656 5069 2748 5123 irae
2767 5069 3114 5138 supplicando
3135 5069 3338 5126 obstitit
3355 5086 3382 5134 ;ι
3400 5070 3522 5124 loris
3542 5071 3788 5138 saeviens,

2211 5217 2495 5275 utramque
2523 5205 2825 5275 lectionem.

2288 5278 2305 5316 ί
2350 5278 2404 5332 1η
2453 5276 2661 5332 duobus
2707 5274 2913 5339 Germ.,
2962 5275 3216 5344 2Laud.,
3265 5275 3516 5343 Vindoc.,
3563 5276 3789 5340 Turon.,

2209 5349 2419 5408 Norm..
2452 5358 2496 5401 et
2522 5351 2664 5418 juste
2697 5346 2990 5418 consulens.

2282 5433 2306 5467 ις
2348 5416 2543 5478 Eadem
2569 5416 2680 5471 fere
2706 5417 3069 5488 scribitepist.
3099 5417 3190 5482 25,
3221 5417 3316 5474 lib.
3348 5435 3387 5474 1.

2279 5490 2308 5528 ¹ι
2352 5491 2547 5567 Al.,_sit
2585 5504 2746 5567 rtgor.
2795 5489 2847 5542 ln
2885 5487 3093 5567 Germ.,
3123 5490 3348 5567 Bellov.,
3376 5489 3534 5547 Corb.
3577 5489 3784 5557 Germ.,

2209 5563 2435 5634 Turon.,
2469 5559 2714 5634 VindOc.,
2747 5567 2880 5634 etc.,
2910 5559 3120 5634 legitur,
3150 5563 3402 5634 stt_viggr.

2285 5632 2299 5669 ί
2346 5631 2522 5693 Deest,
2557 5640 2630 5692 ut,
2687 5633 2740 5684 in
2767 5630 2978 5698 Germ.,
3028 5630 3062 5683 2
3093 5630 3478 5698 Laud.,'Corb.
3522 5631 3705 5690 Germ.
3737 5643 3792 5690 et

2206 5703 2327 5758 aliis
2358 5718 2460 5755 non
2493 5703 2694 5771 paucis.

2281 5777 2294 5824 ι
2348 5776 2522 5844 Deest,
2550 5789 2724 5847 suum,
2753 5772 2809 5830 in
2838 5772 3046 5841 Germ.,
3090 5772 3254 5831 Corb.
3302 5775 3482 5834 Germ.
3514 5783 3570 5834 et
3593 5775 3787 5850 pleris-

2206 5860 2327 5915 que.
