4104 6350
419 353 519 414 145

1307 351 1669 412 MOBALIUM
1709 351 1836 410 LIB.
1879 350 2000 407 XX.
2041 376 2112 393 —-
2147 350 2373 408 CAPUT
2412 351 2536 408 XIX
2575 352 2638 408 Β.
2681 351 2817 409 JOB.

3579 350 3680 406 “6

417 490 630 557 culpam
659 486 902 543 feriendo
923 489 1274 558 consumpsit.
1333 491 1612 545 Succurrit
1639 491 1795 544 citius
1821 489 1988 543 omni-

2100 465 2333 534 gentiles
2377 465 2636 520 Dominus
2687 467 2848 521 etiam
2905 467 3284 535 pradicatores
3330 464 3473 521 facit.
3527 465 3679 522 [inde

417 580 540 644 bus,
572 588 789 636 ostensa
819 589 993 636 morte
1018 596 1331 649 paucorum.
1387 582 1454 636 Et
1486 581 1705 636 idcirco
1748 581 1991 651 omnipo-

419 682 535 726 tens
587 671 728 726 Deus
771 672 982 726 fidelem
1028 672 1283 727 famulum
1331 688 1482 727 suum
1526 673 1680 728 citius
1728 672 1994 727 exaudivit

416 775 662 834 agentem
698 778 792 833 pro
824 765 1040 834 populo,
1067 764 1193 833 quia
1221 766 1356 820 vidit
1392 765 1518 835 quid
1547 779 1708 835 super
1738 764 1992 846 populum

419 865 637 912 acturus
659 865 806 912 esset
834 858 947 925 ipse
975 873 1070 928 pro
1102 858 1232 913 Deo.
1266 859 1323 913 In
1351 860 1610 928 regimine
1654 873 1783 928 ergo
1815 857 1992 928 populi

418 959 704 1016 utrumque
728 949 936 1018 Moyses
967 948 1199 1012 miscuit,
1232 959 1286 1002 ut
1338 961 1435 1004 nec
1468 950 1746 1019 disciplina
1778 949 1993 1003 deesset

415 1040 833 1104 misericordia,
890 1055 986 1094 nec
1037 1041 1404 1096 misericordia
1459 1041 1778 1108 disciplina.
1837 1039 1994 1096 Unde

415 1131 502 1186 hic
532 1147 746 1201 quoque
767 1132 918 1200 juxta
953 1142 1230 1202 utramque
1277 1136 1522 1188 virtutem
1567 1134 1757 1188 dicitur
1792 1150 1803 1185 :
1839 1131 1992 1186 Cum-

412 1239 506 1292 que
535 1223 759 1276 sederem
784 1224 932 1288 quasi
960 1239 1050 1277 rex
1073 1225 1434 1279 circumstante
1461 1227 1683 1279 exercitu
1700 1269 1714 1290 ,
1744 1241 1883 1278 eram
1909 1233 1991 1277 ta-

412 1330 525 1367 men
565 1314 881 1367 maerentium
916 1314 1225 1368 consolator.
1269 1316 1470 1370 Sedere
1521 1317 1714 1385 quippe
1762 1316 1990 1369 circum-

413 1417 590 1462 stante
619 1409 885 1473 exercitu,
933 1410 1081 1478 vigor
1112 1418 1194 1462 est
1241 1425 1303 1462 ac
1346 1410 1621 1478 disciplina
1676 1409 1987 1478 regimiuis;

414 1502 756 1556 merentium
785 1517 913 1556 vero
960 1502 1119 1557 corda
1151 1503 1456 1568 consolari,
1491 1501 1841 1555 ministerium
1875 1501 1989 1568 pie-

409 1594 552 1646 tatis.
583 1591 691 1647 Sed
721 1592 840 1661 quia
868 1593 1006 1647 inter
1035 1594 1148 1647 hac
1175 1607 1393 1648 necesse
1421 1602 1504 1647 est
1530 1601 1584 1645 ut
1623 1592 1983 1660 expositionis

409 1696 587 1737 sermo
635 1683 701 1736 ad
750 1683 1044 1752 spiritalem
1087 1683 1486 1751 intelligentiam
1533 1690 1794 1748 recurrat,
1859 1697 1987 1737 san-

408 1781 493 1827 cta
549 1773 824 1839 Ecclesia,
888 1775 955 1829 ab
1015 1774 1333 1829 adversariis
1381 1775 1492 1828 suis
1549 1776 1804 1829 extremis
1845 1784 1986 1829 tem-

2096 557 2401 613 Judaorum
2447 559 2704 624 tarditas,
2755 560 2848 628 qui
2900 575 2996 624 pro
3027 559 3138 614 Deo
3168 559 3316 629 loqui
3363 561 3667 626 noluerunt,

2095 649 2402 720 increpante
2425 650 2704 719 prapheta,
2756 652 3188 720 reprehenditur,
3233 653 3321 722 qui
3365 653 3444 708 ait
3471 669 3484 708 :
3515 651 3680 710 Canes

2094 744 2242 809 muti,
2276 759 2377 795 non
2401 743 2623 796 valentes
2646 741 2836 798 latrare
2860 741 3015 814 (Isai.
3045 760 3153 809 LVI,
3183 743 3296 815 10).

2169 853 2256 910 l6.
2290 855 2484 908 Eorum
2514 857 2686 922 duces,
2720 857 2950 912 etiamin
2979 859 3057 912 his
3101 875 3216 924 qua:
3261 859 3384 913 bene
3421 869 3562 931 gesta
3599 862 3680 916 oi-

2095 949 2294 1013 deuter,
2322 951 2596 1019 reprobati.
2646 979 2715 989 —
2763 949 2948 1005 Patres
2975 967 3102 1006 vero
3145 952 3516 1008 hareticorum
3542 953 3676 1009 dici-

2095 1053 2237 1106 mus,
2287 1055 2380 1094 eos
2410 1041 2662 1095 videlicet
2685 1056 2822 1111 quos
2848 1042 3229 1098 haeresiarchas
3259 1059 3550 1111 vocamus;
3583 1046 3673 1116 [de

2095 1146 2321 1201 quorum
2354 1147 2607 1202 perversa
2632 1133 3031 1202 pradicatione,
3065 1135 3117 1189 id
3149 1143 3231 1190 est
3261 1137 3546 1193 locutionis
3576 1152 3678 1194 se-

2093 1223 2256 1290 mine,
2284 1236 2570 1294 sequentes
2597 1234 2723 1279 sunt
2752 1225 2933 1294 populi
2961 1227 3015 1281 in
3042 1241 3227 1282 errore
3255 1229 3516 1297 generati.
3542 1229 3678 1286 San-

2093 1327 2177 1370 cta
2201 1332 2329 1388 ergo
2347 1317 2584 1373 Ecclesia
2608 1333 2727 1373 cum
2752 1319 2973 1374 canibus
2996 1319 3173 1388 gregis
3190 1319 3275 1375 sui
3302 1320 3676 1378 hareticorum

2095 1423 2274 1476 patres
2305 1425 2504 1479 ponere
2530 1411 2863 1481 dedignatur,
2895 1420 2919 1448 ε
2949 1412 3070 1481 quia
3101 1413 3407 1467 inventores
3432 1429 3678 1470 errorum

2093 1501 2432 1570 dijudicando
2459 1503 2686 1573 respuit,
2730 1519 2932 1574 eosque
2979 1504 3119 1558 inter
3148 1519 3304 1560 veros
3361 1515 3540 1574 patres
3580 1523 3671 1563 nu-

2094 1608 2300 1648 merare
2344 1596 2660 1651 contemnit.
2721 1596 2822 1664 Qui
2875 1595 2976 1652 etsi
3027 1595 3285 1666 quosdam
3346 1598 3447 1652 visi
3489 1607 3676 1654 sunta

2091 1681 2402 1754 gentilitatis
2428 1702 2610 1742 errore
2638 1702 2942 1752 revocasse,
2983 1687 3338 1758 quorumdam
3393 1703 3576 1744 mores
3606 1690 3678 1745 ad

2070 1777 2317 1839 ,honesta
2347 1778 2547 1847 agenda
2573 1778 2846 1847 docuisse,
2892 1792 2988 1848 pro
3020 1793 3085 1833 eo
3131 1788 3307 1833 tamen
3341 1775 3359 1815 ί
3422 1778 3561 1848 quod
3610 1778 3681 1835 de

416 1864 626 1932 poribus
676 1880 882 1934 pressa,
916 1867 1273 1922 reminiscitur
1323 1867 1578 1921 transacti
1621 1866 1742 1936 jura
1776 1842 2067 1936 regimi-'B
2095 1868 2205 1922 Deo
2228 1877 2375 1922 recta
2404 1883 2508 1922 non
2538 1879 2842 1934 senserunt,
2875 1884 2969 1923 eos
2983 1884 3110 1923 cum
3139 1870 3362 1924 canibus
3388 1871 3565 1940 gregis
3593 1871 3680 1925 sui

421 1957 537 2020 nis;
605 1959 960 2015 reminiscitur
1019 1971 1073 2016 et
1142 1960 1616 2037 quanta,alllictis
1656 1960 1991 2034 ,exhibuerit

419 2053 661 2108 beneﬁcia
696 2056 929 2125 pietatis.
981 2055 1144 2126 Cujus
1185 2055 1434 2111 videlicet
1468 2053 1745 2121 disciplina
1792 2065 1845 2110 et
1892 2056 1993 2110 mi-

409 2146 698 2202 sericordia
751 2155 879 2204 tunc
909 2162 940 2203 a
971 2148 1175 2204 levibus
1203 2149 1474 2204 irridetur.
1520 2147 1672 2205 Unde
1699 2158 1754 2205 et
1805 2149 1990 2206 subdi-

409 2247 527 2293 tur:

706 2377 934 2434 CAPUT
961 2376 1026 2433 v1
1055 2377 1195 2451 [Va
1235 2377 1369 2450 vn,
1401 2379 1523 2435 Rec.
1555 2376 1682 2451 IX].

471 2488 602 2543 Csp.
627 2505 755 2556 xxx,
785 2505 936 2546 vsns.
970 2492 1022 2547 l.
1053 2520 1126 2534 -
1169 2489 1324 2547 Nunc
1348 2503 1516 2548 autem
1538 2492 1772 2548 derident
1799 2510 1876 2548 me
1894 2495 1989 2566 ju-

403 2581 572 2635 niores
595 2590 837 2647 tempore.

475 2698 563 2751 15.
628 2696 811 2752 Omnes
861 2697 1084 2754 haretiet
1139 2696 1364 2754 Ecclesia
1419 2709 1540 2753 sunt
1602 2699 1855 2766 iuniores.
1916 2726 1986 2740 --
2039 2756 2046 2762 ,

402 2790 600 2845 Omnes
654 2792 894 2848 haretici
942 2794 1084 2848 atati
1133 2793 1448 2850 universalis
1485 2794 1738 2850 Ecclesia
1773 2804 1797 2832 δ
1839 2809 1986 2850 com-

404 2885 573 2954 parati
605 2926 619 2950 ,
653 2885 893 2955 juniores
948 2898 1189 2957 tempore
1233 2879 1470 2959 congrue
1505 2901 1797 2956 vocantur,
1861 2891 1984 2960 quia

403 2978 501 3048 ipsi
547 2980 614 3034 ab
665 2995 749 3047 ea,
804 2996 910 3036 non
964 2993 1138 3036 autem
1198 2982 1312 3051 ipsa
1357 2997 1572 3052 egressa
1615 2993 1694 3038 est
1737 2984 1803 3038 ab
1858 2983 1980 3041 illis.

402 3071 554 3128 Unde
593 3084 736 3129 recte
777 3089 986 3144 quoque
1017 3090 1111 3143 per
1157 3073 1415 3129 Joannem
1445 3075 1686 3128 dicitur:
1750 3075 1790 3128 Α
1842 3074 1983 3128 nobis

401 3167 676 3232 exierunt,
738 3167 826 3220 sed
869 3183 968 3219 non
1013 3177 1154 3220 erant
1213 3183 1274 3220 ex
1322 3167 1497 3225 nobis:
1543 3183 1659 3221 nam
1697 3168 1741 3221 si
1766 3168 1981 3236 fuissent

399 3277 465 3315 ex
508 3262 694 3328 nobis,
749 3271 1142 3332 perntanstssent
1164 3264 1335 3330 utique
1384 3264 1645 3319 nobiseum
1711 3262 1766 3336 (Ι
1810 3264 1974 3322 Joan.

400 3369 473 3420 tt,
517 3355 630 3425 l9).
692 3354 937 3412 Juniores
994 3372 1122 3428 ergo
1177 3367 1415 3427 tempore
1483 3367 1724 3413 sanctam
1797 3360 1984 3416 Eccle-

400 3452 536 3503 siam
575 3450 835 3516 irrident,
884 3467 1004 3506 cum
1069 3451 1121 3505 hi
1152 3452 1238 3522 qui
1267 3453 1335 3506 ab
1372 3466 1436 3507 ea
1463 3454 1662 3523 egressi
1708 3463 1833 3508 sunt
1887 3454 1983 3509 do-

400 3543 584 3596 ctrina
611 3541 726 3612 ejus
781 3544 940 3600 verba
967 3543 1286 3615 despiciunt,
1338 3544 1407 3601 de
1433 3546 1625 3616 quibus
1646 3547 1821 3603 adhuc
1853 3546 1983 3604 sub-

398 3635 544 3689 ditur
574 3651 587 3688 :

474 3748 603 3802 lBlD.
630 3776 700 3788 —
731 3747 963 3816 Quorum
992 3764 1096 3803 non
1134 3748 1386 3820 dignabor
1414 3756 1585 3819 patres
1631 3765 1820 3817 ponere
1869 3766 1985 3804 cum

401 3841 608 3895 canibus
629 3841 795 3912 gregis
823 3842 940 3896 mei.

471 3954 512 4036 δ.
530 3952 660 4021 Quis
689 3964 772 4008 est
819 3968 948 4024 grex
995 3963 1194 4007 sancta
1227 3952 1515 4021 Ecclesia,
1567 3952 1668 4008 nisi
1700 3955 1985 4009 multitudo

405 4048 679 4103 ﬁdelium?
712 4058 734 4087 ο
770 4049 864 4104 Vel
895 4050 983 4118 qui
1005 4049 1094 4103 alii
1124 4048 1284 4120 hujus
1305 4052 1482 4122 gregis
1514 4066 1675 4107 canes
1701 4063 1980 4118 vocantur,

401 4140 560 4213 65.3
594 4141 693 4195 nisi
744 4142 990 4196 doctores
1025 4146 1190 4196 sancti
1219 4185 1234 4207 ,
1286 4145 1376 4213 qui
1408 4145 1717 4200 earumdem
1749 4146 1985 4201 ﬁdelium

404 4233 654 4288 custodes
679 4233 1039 4287 exstiterunt?
1069 4233 1169 4300 Qui
1192 4235 1315 4288 dum
1349 4250 1445 4304 pro
1481 4235 1705 4290 Domino
1728 4251 1824 4291 suo
1854 4238 1989 4294 diur-

405 4329 487 4381 nis
515 4327 894 4396 nocturnisque
940 4326 1140 4395 vigiliis
1184 4327 1369 4380 iuteuti
1420 4327 1814 4394 clamaverunt,
1867 4346 1983 4383 ma-

404 4435 561 4487 gnos.
582 4427 638 4472 ut
665 4419 736 4471 ita
762 4418 1010 4481 dixerim,
1040 4419 1262 4470 latratus
1290 4417 1681 4487 pradicatiouis
1703 4413 1985 4475 dederunt.

411 4512 485 4567 De
515 4501 704 4583 quibus
727 4511 900 4566 eidem
937 4509 1195 4564 Ecclesia
1237 4526 1329 4579 per
1377 4512 1714 4566 Psalmistam
1743 4514 1938 4568 dicitur
1970 4533 1986 4568 :

2009 3219 2058 3286 C

2095 1977 2200 2015 non
2267 1962 2456 2031 ponit,
2516 1963 2638 2031 quia
2681 1977 2801 2016 cum
2853 1962 3040 2016 rectis-
3077 1962 3522 2030 pradicatoribus
3569 1979 3677 2018 uou

2096 2048 2260 2115 ponit,
2295 2049 2420 2118 quia
2452 2064 2572 2103 cum
2599 2048 2760 2103 rectis
2791 2046 3236 2117 praedicatoribus
3266 2062 3372 2101 non
3422 2048 3671 2103 ascribit.

2094 2143 2282 2211 Liquet
2310 2143 2453 2197 enim
2478 2143 2616 2211 quod
2640 2141 2817 2206 Arius,
2847 2141 3138 2208 Photinus;
3162 2140 3524 2206 Macedonius,
3555 2140 3665 2197 Ne-

2092 2235 2312 2299 storius,
2353 2245 2377 2282 8
2423 2234 2710 2305 Eutyches,
2763 2233 3070 2298 Dioscorus,
3116 2232 3373 2297 Severus,
3415 2231 3676 2302 multique

2092 2327 2175 2382 his
2195 2327 2419 2390 similes,
2449 2325 2691 2381 docendo
2714 2335 2872 2394 atque
2903 2324 3180 2379 suadendo
3209 2323 3386 2378 conati
3416 2333 3542 2378 sunt
3583 2339 3679 2392 pa-

2093 2430 2203 2476 tres
2230 2421 2432 2487 videri;
2478 2421 2574 2476 sed
2634 2436 2848 2476 errores
2895 2434 3084 2475 eorum
3129 2429 3315 2472 sancta
3359 2417 3678 2474 universalis

2091 2515 2332 2569 Ecclesia
2363 2512 2389 2550 h
2423 2514 2661 2568 districta
2710 2514 2998 2569 severitate
3041 2510 3342 2580 dijudicans
3366 2553 3381 2577 ,
3415 2521 3508 2565 eds
3539 2511 3677 2565 inter

2089 2604 2340 2659 custodes
2367 2605 2543 2674 gregis
2574 2603 2655 2658 sui
2684 2619 2788 2658 non
2819 2611 3090 2667 numerat,
3123 2616 3257 2672 quos
3289 2602 3530 2671 ejusdem
3556 2616 3677 2672 gre-

2087 2699 2167 2768 gis
2199 2701 2455 2754 uuitatem
2507 2699 2829 2768 dissipantes
2879 2697 3142 2752 damnat-
3189 2695 3264 2750 De
3314 2696 3508 2766 quibus
3543 2710 3678 2753 voco

2087 2792 2236 2846 Pauli
2292 2792 2537 2862 Ephesiis
2579 2793 2815 2846 dicitur:
2871 2789 2992 2844 Scio
3040 2790 3161 2860 quia
3214 2797 3331 2859 post
3387 2789 3672 2843 discessum

2089 2910 2254 2946 meum
2282 2893 2632 2964 ingredientur
2662 2891 2728 2944 ad
2768 2906 2856 2944 vos
2889 2887 2905 2926 ί
2939 2889 3048 2960 lupi
3069 2904 3265 2959 graves,
3295 2902 3397 2940 non
3412 2897 3677 2958 parcentes

2085 2985 2226 3056 gregi
2258 2984 2395 3055 (Act.
2429 2999 2522 3049 xx,
2550 2982 2666 3051 29).
2723 2982 2791 3035 Et
2842 2995 2967 3049 quia
2997 2992 3378 3054 nonnunquam
3433 2978 3675 3034 ltaretici

2086 3087 2284 3148 quanto
2320 3076 2488 3146 magis
2512 3077 2565 3129 in
2590 3073 2824 3144 perﬁdia
2839 3079 3081 3130 errorem
3112 3073 3440 3137 dilabuntur,
3474 3077 3488 3123 t
3525 3083 3674 3128 tanto

2087 3169 2311 3238 amplius
2363 3169 2414 3222 in
2465 3168 2718 3223 exteriori
2772 3181 2891 3222 sese
2953 3167 3262 3238 operatione
3326 3166 3672 3235 custodiunt,

2089 3267 2159 3320 ita
2208 3275 2264 3334 ut
2309 3279 2468 3335 agere
2517 3277 2628 3334 pra
2683 3264 2893 3318 cateris
2939 3277 3128 3332 magna
3182 3261 3483 3328 videantur,
3548 3276 3677 3316 san-

2085 3367 2169 3414 cta
2221 3358 2538 3413 univerSalis
2585 3355 2826 3412 Ecclesia
2873 3364 3064 3410 cuncta
3115 3369 3301 3410 eorum
3349 3369 3511 3425 opera
3545 3355 3672 3409 des-

2087 3450 2251 3519 picit,
2296 3464 2414 3520 qua
2462 3465 2529 3504 ex
2583 3449 2902 3504 auctoritate
2958 3447 3081 3502 ﬁdei
3137 3462 3244 3501 non
3278 3448 3492 3514 prodire
3549 3464 3671 3518 per-

2087 3544 2288 3614 pendit.
2351 3542 2504 3600 Unde
2563 3553 2708 3600 recte
2736 3558 2946 3613 quoque
2971 3541 3238 3599 beatiJob
3267 3555 3404 3597 voce
3448 3541 3675 3611 subjun-

2086 3635 2227 3705 gitur
2253 3652 2267 3689 :

2699 3745 2926 3804 CAPUT
2958 3746 3065 3802 VII.

2163 3843 2324 3898 Vens.
2353 3841 2410 3896 2.
2440 3871 2509 3882 -—
2552 3841 2780 3909 Quorum
2828 3842 2988 3895 virtus
3014 3855 3260 3894 manuum
3288 3850 3398 3895 erat
3423 3841 3548 3896 mihi
3570 3860 3666 3914 pro

2089 3939 2250 3992 nihilo
2277 3954 2295 3992 :
2321 3946 2368 3992 et
2395 3938 2496 3990 vita
2518 3937 2635 4004 ipsa
2656 3935 2970 4006 putabantur
2997 3931 3217 4006 indigni.

2161 4053 2246 4105 l7.
2293 4050 2438 4116 ‘Quia
2483 4050 2786 4102 charitatem
2845 4048 2941 4103 Dei
2987 4056 3032 4103 et
3064 4049 3286 4119 proximi
3320 4049 3678 4104 deseruerunt.

2092 4143 2317 4209 Quidam
2349 4144 2575 4197 haeretici
2599 4143 2845 4196 miracula
2871 4145 3119 4211 fecerunt.
3178 4139 3426 4194 [heretici
3467 4142 3569 4196 vita
3591 4143 3678 4196 in-

2091 4237 2250 4307 digni,
2283 4235 2419 4304 quotl
2440 4235 2532 4287 sub
2558 4234 2762 4287 nomine
2801 4232 2989 4287 Christi
3032 4241 3212 4287 contra
3252 4230 3516 4286 Christum
3539 4233 3681 4287 mili-

2092 4341 2214 4384 tcnt.
2268 4359 2338 4368 ——-
2376 4329 2554 4383 Virtus
2596 4330 2792 4397 quippe
2843 4331 2893 4380 iu
2929 4341 3090 4380 manu
3139 4336 3224 4380 est
3271 4327 3585 4396 magnitudo
3623 4326 3683 4382 in

2092 4424 2422 4492 operatione.
2469 4422 2574 4476 Sed
2613 4421 2784 4476 virtus
2829 4435 3080 4474 manuum
3133 4418 3510 4473 nareticorum
3559 4434 3684 4474 san-

2093 4531 2191 4572 cta
2224 4517 2475 4571 Ecclesia
2523 4531 2620 4585 pro
2669 4515 2834 4568 nihilo
2883 4513 3116 4577 ducitur,
3166 4512 3291 4580 quia
3322 4511 3523 4567 nullius
3551 4527 3676 4569 esse

407 4603 604 4676 Lingua
625 4622 809 4658 canum
841 4614 1045 4657 tuorum
1091 4619 1155 4657 ea:
1198 4604 1419 4656 inimicis
1469 4604 1494 4639 ά
1542 4606 1603 4658 ab
1657 4607 1764 4676 ipso
1809 4607 1983 4673 (Psal.
2015 4604 2068 4663 Ι)
2095 4612 2268 4665 meriti
2297 4609 2585 4679 conspicit,
2629 4623 2753 4661 vera
2779 4607 2882 4661 ﬁde
2910 4607 3134 4675 perdita,
3169 4605 3426 4676 quidquid
3457 4621 3684 4676 operan-

409 4716 570 4763 vau,
597 4696 714 4765 ‘24).
756 4695 1005 4750 Nonnulli
1037 4695 1234 4764 quippe
1263 4693 1330 4747 ab
1365 4693 1624 4748 idolorum
1647 4697 1878 4752 cultibus
1906 4713 1981 4753 re-

408 4793 618 4858 vocati,
673 4791 793 4845 facti
835 4799 960 4843 sunt
1011 4786 1394 4858 pradicatores
1437 4785 1552 4840 Dei.
1605 4787 1808 4856 Lingua
1854 4804 1985 4861 ergo

407 4900 596 4939 catum
629 4883 883 4939 Ecclesia
913 4898 978 4936 ex
1008 4881 1235 4936 inimicis
1281 4879 1482 4950 prodit,
1533 4880 1653 4950 quia
1696 4894 1988 4940 conversos

480 5075 508 5105 ⁸
544 5067 746 5122 Turon.
797 5075 853 5118 et
892 5066 1097 5128 Germ.,
1158 5062 1461 5130 computati.
1512 5059 1599 5115 Sic
1630 5061 1901 5131 legebatur
1932 5061 1985 5116 in

407 5139 569 5193 Corb.
595 5139 778 5194 Germ.
814 5147 1103 5204 antequam
1143 5133 1376 5190 secunda
1408 5147 1596 5186 manus
1621 5133 1982 5200 emendasset,

407 5221 464 5266 et
481 5211 790 5280 scripsisset
819 5207 1118 5280 comparati.

481 5278 506 5318 δ
545 5278 772 5345 Turon.,
806 5278 931 5348 quid
962 5287 1032 5331 est
1049 5293 1197 5398 grex.

486 5362 508 5390 ε
553 5352 799 5398 Vindan-
838 5351 915 5398 vel
942 5349 1028 5398 aui
1066 5351 1205 5398 cuius
1236 5347 1374 5398 areai

486 5362 508 5390 ε
553 5352 800 5412 Vindoc.,
838 5351 915 5402 vel
942 5349 1028 5428 qui
1049 5349 1205 5428 hujus
1236 5349 1400 5428 gregis
1429 5355 1861 5428 calles-uocantur,
1888 5349 1987 5428 nisi

411 5422 773 5493 praedicatores
795 5420 978 5483 sancti,
1024 5416 1703 5493 qui'eormndenuﬁdelium
1752 5421 1992 5473 custodes-

367 5551 371 5556 ,
410 5488 734 5556 exstiterunt,
757 5504 800 5546 et
832 5507 1042 5562 magnos
1065 5499 1118 5542 ut
1149 5491 1220 5541 ita
1243 5491 1408 5562 dicam
1441 5488 1676 5562 latratus,
1707 5498 1810 5562 etc.

482 5563 508 5602 ἀ
549 5566 842 5630 Omittitur,
889 5557 954 5616 ab
998 5563 1135 5632 ipso,
1183 5562 1235 5614 in
1263 5560 1493 5624 Bellov.,
1524 5557 1683 5614 Corb.
1720 5558 1900 5616 Germ.
1933 5571 1990 5616 et

449 5637 554 5691 lur.

410 5649 781 5768 Ρ¹¹ἷ¹”ιςειιον.,
809 5706 929 5774 quia
958 5707 1257 5760 invectores.

489 5777 508 5818 ί
550 5779 660 5844 AL,
695 5778 757 5831 de
779 5775 1018 5832 Domino.

484 5859 509 5900 s
549 5849 758 5919 Germ,
783 5847 1048 5920 Eutycius.
1067 5848 1229 5906 Corb.
1244 5846 1452 5914 ϐαι-ιη..
1473 5845 1734 5903 Euthiees.
1755 5846 1993 5914 Gemet.,

2094 4713 2198 4757 tur.
2223 4700 2548 4757 Charitatem
2579 4700 2774 4770 quippe
2806 4699 2899 4752 Dei
2925 4708 2980 4762 et
3007 4699 3236 4767 proximi
3267 4699 3543 4765 deserunt,
3595 4701 3686 4765 qui

2097 4805 2149 4850 et
2178 4795 2243 4848 de
2275 4795 2384 4849 Deo
2413 4795 2543 4847 falsa
2568 4793 2822 4856 sentiunt,
2866 4800 2919 4845 et
2947 4807 2976 4844 a
3018 4790 3273 4859 proximis
3311 4791 3576 4860 iurgando
3606 4791 3685 4846 di.

2098 4889 2370 4942 viduntur.
2428 4885 2533 4941 Sed
2560 4884 2811 4938 virtutem
2839 4897 3088 4936 manuum
3121 4882 3238 4936 sine
3282 4881 3547 4938 charitate
3605 4891 3686 4937 te-

2101 5064 2260 5129 Utic.,
2291 5063 2470 5127 Becc.,
2499 5062 2714 5116 Pratell.
2749 5061 2948 5130 aliique
2978 5059 3162 5113 Norm.
3197 5069 3251 5113 et
3279 5059 3396 5130 val.
3435 5059 3540 5124 CL,
3571 5059 3686 5113 Eu-

2097 5137 2320 5206 tyrhius.
2381 5133 2454 5187 Ita
2489 5135 2668 5188 haberi
2691 5133 2751 5206 iu
2785 5129 3063 5206 plerisque
3085 5131 3214 5185 Mss.
3265 5129 3682 5206 existimamus;

2097 5201 2280 5260 v'erum
2313 5223 2339 5257 a
2392 5206 2574 5273 paucis
2621 5203 2966 5258 collatoribus
3013 5202 3355 5255 observatum
3387 5201 3532 5270 quod
3562 5201 3684 5258 hac

2097 5279 2302 5332 diversa
2336 5277 2494 5329 lectio
2518 5274 2666 5344 parvi
2700 5273 2955 5327 momenti
2979 5273 3270 5326 videretur.

2166 5346 2192 5385 ¹ι
2230 5347 2416 5408 Corb.,
2446 5340 2652 5408 Germ.,
2690 5345 2724 5397 “2
2755 5345 2919 5398 Luud.
2951 5353 3004 5398 et
3031 5345 3261 5409 Turon.,
3295 5340 3528 5396 districta
3556 5343 3684 5396 veri-
3739 5397 3750 5406 _

2096 5430 2218 5474 tote.
2256 5421 2475 5480 Bellov.,
2508 5419 2739 5472 districta
2759 5417 2962 5469 virtute.

2173 5489 2189 5527 ί
2237 5491 2464 5548 llellov.,
2489 5493 2626 5559 lupa:
2656 5503 2856 5559 graves.
2892 5487 3116 5559 fortasse
3147 5484 3291 5559 quod
3313 5485 3485 5556 gravis
3510 5485 3684 5559 isdem

2096 5577 2216 5615 esse
2255 5556 2635 5630 putaretur'ac
2659 5556 2898 5628 gravida
2944 5566 2991 5608 et
3033 5558 3166 5630 feta.
3216 5556 3509 5630 Porrouou
3545 5556 3679 5630 lupi,

2097 5633 2190 5686 sed
2226 5626 2361 5698 lupa
2391 5633 2490 5684 hoc
2519 5626 2688 5684 modo
2706 5642 2894 5696 graves
2917 5636 3060 5680 sunt.
3118 5626 3310 5680 Verum
3340 5627 3528 5682 Graec
3555 5627 3682 5696 legi~

2099 5717 2184 5779 tur
2211 5705 2406 5779 ﬁapsig,
2436 5702 2542 5755 alio
2571 5715 2752 5779 sensu.

2173 5777 2184 5824 i
2211 5768 2290 5828 'ln'
2328 5768 2564 5838 Gemet.,
2592 5771 2628 5825 2
2657 5769 2830 5826 Laud.
2855 5778 2909 5826 et
2933 5768 3095 5824 Corb.
3127 5769 3332 5839 Germ.,
3363 5770 3513 5830 quasi
3543 5775 3682 5821 tants

2099 5846 2342 5918 amplius.
