4044 6346
437 378 539 434 Mil

1643 358 1883 431 salven
1923 354 2253 429 annumin
2290 332 2523 425 nsunt

3600 364 3703 421 N8

434 496 607 545 statur
648 489 971 561 praedicator
994 484 1239 556 egregius
1290 486 1361 539 nil
1409 486 1608 549 valere,
1660 487 1753 556 qui
1786 486 1896 537 ait:
1953 480 2012 537 Si
2040 486 2088 544 Α
2118 476 2451 549 Plerumque
2488 477 2633 532 enim
2682 476 2940 532 audacter
2964 475 3034 532 de
3060 484 3250 532 natura
3270 476 3570 533 divinitatis
3595 480 3709 532 tra-'

435 584 741 640 distribuero
760 594 932 637 omnes
976 577 1244 651 facultates
1274 592 1412 633 meas
1441 579 1495 631 in
1518 578 1656 631 cibos
1703 584 2013 649 pauperum,

436 687 482 732 et
504 677 549 731 si
578 675 837 730 tradidero
889 682 1072 742 corpus
1099 677 1265 726 meum
1293 680 1347 724 ut
1381 680 1405 707 α
1435 671 1665 736 ardeam,
1716 670 2019 723 cbaritatem

434 778 607 824 autem
635 785 739 822 non
765 765 1000 830 habeam,
1026 762 1156 817 nihil
1182 758 1308 816 ini/ti
1334 765 1541 834 prodest
1565 760 1619 832 (1
1641 760 1762 816 Cor.
1788 776 1903 827 xm,
1935 762 2013 829 5).

435 856 582 935 [γει.
615 857 806 931 VIII.)
832 857 1219 926 Nonnunquam
1262 870 1390 910 vero
1421 854 1655 909 haeretici
1692 853 1843 923 signa
1887 867 2021 923 quo-

434 968 539 1025 que
566 966 628 1007 ac
656 951 911 1005 miracula
943 948 1163 1012 faciunt,
1194 948 1291 1003 sed
1317 955 1378 1001 ut
1399 946 1485 1000 hic
1514 946 1728 1013 praemia
1759 943 2025 999 amicitiem

435 1048 519 1103 nis
546 1060 653 1101 sua
680 1044 1125 1111 abstinentiaeque
1174 1040 1458 1111 recipiant,
1506 1038 1757 1095 videlicet
1806 1038 2017 1103 laudes,

433 1154 564 1212 quas
596 1147 860 1210 quaerunt.
887 1136 1040 1194 Unde
1078 1144 1132 1190 et
1176 1134 1550 1204 Redemptoris
1602 1142 1737 1189 voce
1769 1133 1966 1190 dicitur
2003 1151 2015 1187 :

435 1233 592 1289 Multi
613 1232 739 1286 milli
760 1231 929 1285 dicent
959 1231 1013 1282 in
1039 1228 1134 1283 illa
1161 1228 1244 1283 die
1267 1243 1287 1282 :
1314 1227 1481 1299 ω
1508 1228 1748 1293 Domine,
1784 1225 2017 1291 Domine,

433 1340 602 1381 nonne
629 1325 684 1378 in
708 1324 912 1377 nomine
942 1328 1030 1375 tuo
1054 1320 1491 1390 prophetaoimus,
1533 1328 1583 1374 et
1602 1320 1659 1372 in
1685 1318 1891 1372 nomine
1933 1326 2019 1371 tuo

435 1416 688 1471 damonia
737 1416 1000 1486 ejecimus,
1042 1421 1091 1467 et
1126 1414 1181 1467 in
1220 1414 1425 1467 nomine
1470 1422 1558 1466 tuo
1586 1413 1792 1465 uirtutes
1832 1412 2020 1465 multas

436 1510 687 1580 fecimus?
712 1506 779 1560 Et
809 1516 928 1561 tunc
956 1507 1232 1573 conﬁtebor
1259 1505 1364 1561 illis
1393 1507 1512 1578 quia
1564 1504 1594 1545 δ
1621 1520 1877 1577 nunquam
1906 1508 2020 1560 novi

434 1610 555 1665 bos;
579 1600 822 1653 discedite
841 1614 874 1651 α
894 1610 973 1652 nte
998 1600 1086 1668 qui
1115 1598 1403 1669 operamini
1427 1598 1765 1669 iniquitatem.
1795 1598 1905 1665 Qua
1940 1599 2018 1651 ui-

293 1705 299 1717 '
354 1730 357 1733 »
436 1697 631 1749 mirum
689 1692 954 1748 sententia
1012 1691 1137 1761 quid
1189 1692 1348 1746 datur
1399 1690 1647 1760 intelligi,
1680 1689 1779 1745 nisi
1826 1699 1883 1744 nt
1926 1689 2022 1744 ho-

438 1786 668 1841 minibus
722 1783 998 1840 charitatis
1044 1782 1353 1849 humilitas,
1404 1796 1509 1837 non
1557 1790 1739 1838 autem
1788 1781 2021 1837 debeant

2119 578 2287 636 erant,
2313 586 2431 624 cum
2453 572 2777 637 semetipsos
2802 568 2991 623 miseri
3021 571 3289 624 nesciant.
3314 571 3562 641 Egestate
3576 583 3706 639 ergo

2119 677 2185 719 ac
2214 663 2353 717 fame
2371 676 2465 715 sua
2489 660 2698 715 steriles
2737 660 2905 727 fiunt,
2957 661 3079 731 quia
3123 676 3185 715 ea
3210 663 3534 731 perscrutari
3576 661 3709 717 ὀρεία

2120 756 2327 819 derant,
2361 769 2427 807 ex
2451 752 2642 822 quibus
2663 751 2819 807 bonae
2838 754 2966 807 sitae
2985 754 3227 822 germina
3256 769 3361 808 nou
3389 753 3704 823 producant.

2121 848 2269 906 Ultra
2300 863 2359 904 se
2388 848 2588 917 quippe
2617 855 2745 902 sunt
2771 863 2893 916 qua:
2917 857 3342 916 perscrutantur,
3374 848 3609 917 dumque
3635 846 3700 899 ad

2122 941 2225 997 hoc
2257 940 2480 996 tendunt
2520 940 2661 1009 quod
2705 938 3168 1008 comprehendere
3194 949 3489 1007 nequeunt,
3536 954 3596 993 ea
3625 954 3704 993 co.

2121 1048 2382 1104 gnoscere
2443 1032 2718 1102 negligunt
2762 1046 2830 1086 ex
2886 1030 3080 1100 quibus
3133 1032 3333 1085 erudiri
3389 1039 3701 1101 potuerant.

2122 1128 2292 1196 Quam
2332 1127 2469 1182 bere
2517 1140 2706 1181 eorum
2760 1126 3039 1179 audaciam
3088 1124 3410 1193 praedicator
3460 1122 3708 1194 egregius

2120 1218 2388 1285 refrenat,
2438 1219 2624 1271 dicens
2662 1236 2677 1269 :
2729 1216 2850 1271 Non
2897 1215 3015 1288 plus
3061 1233 3238 1287 sapere
3286 1231 3439 1286 quam
3502 1224 3702 1284 oportet

2122 1325 2320 1377 sapere,
2350 1312 2437 1363 sed
2466 1325 2644 1380 sapere
2678 1309 2747 1362 ad
2768 1310 3090 1389 sobrietatem
3117 1308 3297 1378 (Rom.
3328 1322 3421 1373 xu,
3450 1307 3529 1377 5).
3568 1306 3702 1362 Hinc

2124 1401 2375 1458 Salomon
2400 1407 2471 1454 ait
2494 1418 2506 1452 :
2532 1399 2833 1457 Prudentia
2855 1410 2956 1455 tua:
2975 1416 3107 1470 pone
3128 1399 3533 1469 modumlProv.
3553 1392 3708 1463 ixtu,

2123 1494 2201 1564 4).
2235 1493 2367 1548 Hinc
2394 1507 2605 1548 rursum
2635 1488 2766 1547 dicit’
2796 1510 2811 1547 :
2865 1491 2970 1546 Mcl
3008 1493 3246 1546 inuenisti
3265 1533 3281 1558 ,
3329 1492 3537 1546 comede
3574 1491 3712 1561 quod

2122 1588 2316 1658 sufﬁcit
2345 1589 2470 1655 tibi,
2518 1604 2580 1641 ne
2610 1594 2742 1657 forte
2772 1585 2792 1624 ί
2832 1597 3088 1641 saturatas
3112 1603 3309 1641 evomas
3336 1586 3469 1640 illud
3526 1584 3709 1657 (Prov.

2126 1698 2249 1744 xxv,
2284 1681 2394 1753 l6).
2423 1681 2768 1738 Dulcedinem
2810 1682 3008 1751 quippe
3047 1681 3305 1751 spiritalis
3343 1681 3712 1751 intelligentiae

2126 1778 2214 1849 qui
2237 1786 2263 1825 ς
2287 1778 2421 1831 ultra
2443 1792 2606 1847 quam
2633 1774 2777 1845 capit
2804 1775 3091 1830 comedere
3117 1774 3339 1843 appetit,
3375 1774 3538 1828 etiam
3566 1772 3710 1841 quod

436 1881 692 1935 virtutum
721 1881 871 1949 signa
889 1878 1171 1933 venerari?
1198 1878 1351 1934 Unde
1366 1893 1508 1933 nunc
1534 1888 1719 1933 sancta
1756 1878 2015 1944 Ecclesia,
2049 1860 2099 1935 Β
2125 1869 2433 1924 comedent
2462 1868 2686 1932 evomit.
2710 1868 2834 1933 quia
2863 1865 2993 1921 dum
3015 1880 3221 1919 summa
3252 1865 3556 1935 intelligere
3574 1863 3713 1919 ultra

424 1976 593 2030 etiam
622 1975 665 2030 si
713 1988 815 2043 qua
869 1972 999 2027 ﬁant
1043 1973 1416 2028 haereticorum
1448 1974 1726 2039 miracula,
1764 1972 2014 2041 despicit,

435 2069 555 2132 quia
584 2068 697 2123 hmc
724 2067 1023 2121 sanctitatis
1056 2076 1076 2103 ε
1116 2067 1386 2135 Specimen
1438 2080 1542 2121 non
1569 2079 1689 2119 esse
1722 2066 2016 2134 cognoscit.

440 2161 691 2217 Probatio
721 2163 918 2232 quippe
948 2161 1249 2216 sanctitatis
1280 2178 1383 2214 non
1409 2170 1493 2217 est
1519 2160 1666 2231 signa
1696 2160 1890 2226 facere,
1924 2162 2020 2215 sed

437 2262 869 2324 unumquemque
921 2263 976 2307 ut
1005 2269 1064 2308 se
1093 2242 1335 2325 diligere,
1366 2254 1435 2309 de
1462 2252 1575 2309 Deo
1605 2265 1779 2310 autem
1810 2268 1933 2309 vera
1966 2254 2018 2323 ά,

437 2346 505 2401 de
531 2349 775 2415 proximo
806 2354 935 2401 vero
957 2347 1177 2401 meliora
1209 2360 1366 2415 quant
1389 2344 1456 2401 de
1478 2348 1772 2415 semetipso
1799 2349 2017 2402 sentire.

434 2430 565 2492 Nam
598 2440 720 2509 quia
753 2454 879 2494 vera
911 2440 1082 2495 virtus
1112 2441 1181 2494 'iu
1220 2455 1403 2496 amore
1441 2449 1546 2508 est,
1608 2456 1711 2495 non
1747 2453 1928 2498 autem
1965 2446 2017 2499 in

434 2534 744 2588 ostensione
767 2533 1029 2597 miraculi,
1054 2533 1251 2588 veritas
1273 2532 1627 2601 demonstrat,
1656 2552 1773 2605 quae
1798 2536 1871 2591 ait
1907 2553 1920 2593 :
1957 2536 2023 2591 In

434 2622 531 2679 hoc
557 2634 857 2697 cognoscent
888 2638 1061 2680 omnes
1104 2627 1225 2695 quia
1250 2627 1345 2680 mei
1366 2627 1610 2696 discipuli
1636 2628 1778 2691 estis,
1814 2630 1855 2681 si
1890 2629 2017 2682 dile-

435 2719 653 2772 ctionem
682 2716 955 2773 habueritis
999 2719 1066 2771 ad
1092 2718 1306 2773 invicem
1354 2718 1535 2792 (Joan.
1584 2736 1701 2787 xm,
1752 2724 1864 2791 55).
1917 2724 2018 2788 Qui

435 2810 576 2864 enim
601 2826 706 2865 non
735 2810 810 2865 ait
836 2829 847 2863 :
874 2810 931 2865 lu
961 2810 1062 2865 hoc
1091 2820 1447 2887 cognoscatur
1489 2813 1609 2881 quia
1641 2814 1744 2867 mei
1773 2812 2023 2884 discipuli

444 2900 593 2966 estis,
613 2900 659 2954 si
684 2899 833 2969 signa
865 2901 1119 2967 feceritis,
1148 2903 1241 2956 sed
1270 2902 1345 2956 ait
1383 2920 1396 2956 :
1452 2902 1506 2959 Si
1551 2903 1896 2959 dilectionem
1930 2904 2019 2958 ha-

436 2993 663 3049 bueritis
692 2993 757 3047 ad
786 2993 1053 3059 invicem,
1084 3005 1267 3062 aperte
1316 2996 1516 3050 indicat
1571 2998 1693 3066 quia
1725 3011 1878 3051 veros
1931 2998 2022 3052 Dei

442 3087 669 3141 famulos
692 3102 800 3141 non
823 3086 1098 3151 miracula,
1132 3086 1225 3141 sed
1254 3084 1366 3141 sola
1416 3090 1648 3143 charitas
1680 3091 1890 3155 probat.
1922 3088 2022 3143 Te-

438 3179 751 3235 stimonium
795 3193 924 3249 ergo
949 3180 1166 3247 superni
1197 3180 1544 3248 discipulatus
1572 3190 1655 3235 θςι
1698 3180 1894 3235 tinuum
1920 3180 2024 3234 fra-

2125 1965 2266 2015 Vires
2296 1962 2521 2030 quarit.
2562 1959 2728 2013 etiam
2760 1972 2879 2023 quae
2929 1958 3067 2013 bene
3115 1958 3452 2012 intellexerat
3494 1957 3713 2011 amittit.

2123 2054 2258 2108 lliue
2278 2067 2489 2107 rursum
2522 2052 2651 2106 dicit
2681 2068 2695 2103 :
2750 2050 2898 2106 Sicut
2944 2048 3032 2117 qui
3080 2048 3180 2103 mel
3208 2050 3427 2102 multum
3466 2048 3706 2114 comedit,

2123 2162 2225 2201 non
2246 2156 2321 2201 est
2341 2147 2387 2200 ei
2422 2148 2631 2210 bonum,
2662 2146 2736 2199 sic
2754 2145 2841 2213 qui
2862 2140 2903 2204 ι.
2926 2140 3093 2214 “5
3118 2151 3461 2211 perscrutator
3503 2151 3575 2195 est
3605 2152 3714 2195 ma-

2115 2242 2343 2309 jestatis,
2361 2232 2674 2312 opprimetur
2691 2257 2721 2292 α
2742 2230 2910 2308 gloria
2933 2239 2981 2311 (Ι
2993 2240 3123 2305 bid.,
3152 2239 3266 2309 Ξῖ).
3299 2238 3482 2295 Gloria
3509 2240 3709 2309 quippe

2126 2332 2412 2387 invisibilis
2433 2332 2768 2395 conditoris,
2816 2345 2937 2399 quae
2983 2331 3259 2386 moderate
3310 2330 3568 2400 inquisita
3619 2345 3717 2385 nos

2125 2427 2310 2494 erigit.
2372 2425 2507 2478 ultra
2537 2425 2678 2478 vires
2711 2426 3045 2494 perscrutata
3075 2425 3286 2492 premit.
3338 2420 3521 2495 Itaque
3547 2423 3717 2477 imre-

2125 2516 2239 2576 tici,
2273 2515 2394 2583 quia
2426 2512 2493 2568 de
2524 2520 2541 2551 ι
2574 2502 2789 2569 sublimi
2835 2500 3184 2585 intelligentia
3231 2514 3428 2583 quanto
3478 2513 3711 2583 amplius

2123 2611 2319 2678 repleri
2342 2610 2611 2673 ambiunt,
2648 2618 2797 2662 tanto
2828 2607 3059 2675 amplius
3088 2609 3439 2671 inanescunt,
3481 2607 3618 2663 bene
3650 2607 3717 2663 de

2127 2704 2205 2759 eis
2233 2700 2745 2771 dicitur:Egestate
2795 2710 2842 2753 et
2891 2700 3028 2771 fame
3079 2699 3299 2755 steriles.
3342 2700 3719 2756 liuhtoderatis

2137 2811 2368 2865 namque
2397 2795 2613 2849 ausibus
2646 2794 2967 2863 cognitionis
3008 2802 3257 2863 supernae
3296 2795 3575 2851 scientiam
3610 2810 3716 2864 quo

2130 2889 2247 2955 plus
2278 2896 2553 2957 appetunt,
2579 2885 2694 2955 plus
2723 2885 2993 2939 amittunt.

2200 3000 2340 3073 (Vel.
2364 2999 2492 3072 IX.]
2527 3001 2611 3055 l9.
2647 2997 2881 3053 Humiles
2916 2998 3137 3053 caelestia
3166 2997 3482 3069 intelligunt,
3505 3006 3595 3052 aut
3624 3004 3722 3053 non

2127 3092 2387 3146 intellecta
2436 3101 2761 3146 venerantur.
2784 3092 2861 3133 -—-’
2883 3095 2949 3144 At
2980 3101 3166 3146 contra
3191 3134 3206 3157 ,
3248 3089 3300 3146 lti
3332 3093 3422 3162 qui
3458 3093 3506 3145 in
3540 3088 3723 3146 saucia

2130 3180 2381 3238 Ecclesia
2408 3183 2672 3237 veraciter
2717 3190 2838 3237 sunt
2885 3180 3133 3247 humiles,
3167 3192 3220 3236 et
3264 3184 3529 3238 veraciter
3556 3183 3724 3251 docti,

441 3282 611 3328 ternas
642 3246 965 3327 dilectionis.
996 3273 1167 3337 Quam
1198 3246 1451 3326 videlicet
1494 3270 1859 3335 dilectionem,
1907 3272 2030 3342 quia
2061 3246 2106 3326 (ἶ
2138 3282 2336 3330 norunt
2358 3274 2426 3329 de
2452 3275 2681 3329 secretis
2698 3274 3008 3331 cmlestibus
3036 3282 3089 3329 et
3116 3274 3358 3344 qumdain
3389 3246 3724 3330 censiderata

439 3378 628 3423 omnes
651 3366 893 3422 haeretici
918 3364 1120 3422 habere
1154 3360 1443 3435 refugiuhi,
1468 3362 1592 3421 dum
1616 3368 1683 3421 ab
1709 3366 2030 3422 universalis

440 3460 692 3517 Ecclesia:
739 3460 948 3515 unitate
1003 3456 1339 3523 dividuntur,
1384 3457 1507 3529 jure
1560 3458 1628 3513 de
1681 3460 1758 3514 eis
1788 3460 2026 3514 dicitur:

450 3555 683 3621 Quorum
708 3552 870 3608 virtus
897 3554 1141 3607 niunuum
1167 3562 1276 3607 erat
1317 3552 1441 3605 milii
1462 3568 1553 3623 pro
1582 3548 1766 3607 nihilo.
1796 3552 1862 3606 Et
1906 3552 2030 3621 Quia

441 3649 508 3703 ad
537 3648 723 3703 eadem
749 3648 899 3718 signa
934 3663 1051 3716 quae
1080 3647 1340 3702 exhibent
1380 3646 1527 3701 nulla
1580 3644 1883 3701 humilitate
1909 3650 2034 3723 coit:

441 3744 687 3808 cordant,
716 3748 864 3797 recte
894 3741 1140 3797 subditur
1170 3759 1184 3794 :
1236 3737 1307 3794 Et
1331 3741 1435 3795 vita
1481 3741 1597 3811 ipsa
1624 3741 1936 3809 putabantur
1962 3742 2031 3795 in-

442 3837 609 3906 digni.
658 3835 755 3889 Vel
806 3844 957 3889 certe
1013 3847 1204 3889 omnes
1256 3833 1539 3889 haereticos
1580 3840 1764 3887 sancta
1791 3834 2030 3889 Ecclesia

442 3930 548 3982 vita
579 3930 692 3997 ipsa
724 3927 921 3983 fatetur
952 3927 1221 3995 indignos,
1245 3928 1367 3997 quia
1402 3928 1652 3982 nimirum
1683 3928 1783 3982 sub
1814 3928 2031 3983 nomine

442 4021 642 4077 Christi
687 4021 919 4076 militant
967 4029 1153 4075 contra
1201 4035 1396 4075 nomen
1448 4018 1670 4075 Christi.
1731 4020 1806 4076 De
1836 4021 2030 4091 quibus

447 4110 624 4167 adhuc
643 4110 889 4168 subditur
913 4129 926 4164 :

887 4238 1113 4302 CAPUT
1143 4242 1255 4301 vni
1284 4245 1439 4321 (Rea.
1474 4244 1572 4318 xi.

515 4359 681 4418 Vnus.
709 4358 762 4417 3.
794 4390 861 4402 —
895 4358 1134 4435 Egestate
1164 4370 1212 4415 et
1236 4363 1375 4433 fame
1405 4363 1620 4417 steriles.

515 4475 601 4533 18.
631 4468 842 4532 Curiose
863 4477 1036 4531 divina
1062 4484 1368 4543 scrutantes,
1415 4484 1643 4549 egestate
1688 4487 1735 4531 et
1761 4479 2032 4534 sterilitate

442 4570 699 4626 laborant.
728 4572 1016 4626 —0mnes
1040 4570 1306 4635 haeretici,
1352 4571 1479 4625 dum
1534 4572 1585 4626 in
1619 4587 1773 4627 sacro
1806 4575 2029 4643 eloquio

444 4662 562 4732 plus
600 4670 805 4717 secreta
834 4663 926 4717 Dei
952 4663 1168 4718 student
1199 4666 1526 4733 perscrutari
1547 4673 1571 4701 θ
1600 4680 1761 4735 quam
1789 4666 2026 4733 capiunt,

2134 3366 2460 3437 intelligere,
2494 3372 2547 3422 et
2574 3365 2823 3435 quaedam
2848 3366 3263 3421 hon'intcllecta
3290 3368 3557 3431 venerari,
3590 3378 3647 3421 ut
3676 3378 3724 3423 et

2135 3476 2255 3529 quae
2290 3461 2595 3530 intelligunt
2628 3466 2949 3515 venerantur
2980 3468 3239 3524 teneant,
3271 3464 3327 3515 et
3356 3474 3472 3527 qua:
3503 3460 3725 3515 necdum

2134 3554 2443 3626 intelligunt
2491 3551 2766 3608 humiliter
2827 3558 3163 3622 exspeetc‘nt.
3231 3550 3383 3609 Unde
3431 3554 3587 3608 nobis
3638 3568 3722 3621 per

2134 3647 2350 3719 Moysen
2395 3646 2591 3703 dicitur
2619 3663 2632 3700 :
2664 3645 2731 3701 Ut
2762 3647 3079 3699 comedentes
3110 3662 3301 3718 agnum
3320 3688 3337 3714 ,
3369 3645 3621 3715 quidquid
3665 3646 3723 3701 tle

2134 3756 2192 3803 eo
2228 3740 2476 3811 reliquum
2525 3740 2676 3811 fuerit
2714 3740 2825 3808 igni
2861 3740 3217 3793 comburamus
3246 3738 3442 3809 (Exod.
3478 3754 3572 3802 xu,
3608 3737 3721 3807 10).

2134 3834 2344 3903 Aguum
2371 3834 2573 3902 quippe
2596 3831 2945 3899 comedimus,
2972 3847 3095 3886 cum
3122 3832 3288 3889 multa
3315 3831 3599 3886 dominica:
3631 3833 3729 3884 lin—

2135 3928 2407 3980 manitatis
2432 3924 2786 3994 intelligendo
2807 3924 3147 3979 recondimus
3169 3925 3223 3979 in
3243 3933 3485 3980 ventrem
3512 3925 3727 3980 mentis.

2132 4020 2210 4076 Ex
2249 4034 2354 4090 quo
2392 4018 2635 4089 quaedam
2680 4016 2833 4073 nobis
2882 4025 3199 4082 remanent,
3228 4033 3348 4089 qua:
3376 4018 3584 4072 comedi
3629 4033 3729 4072 ne-

2134 4120 2358 4181 queunt,
2376 4111 2496 4180 quia
2516 4109 2681 4163 multa
2708 4107 2881 4163 adhuc
2904 4108 2972 4163 de
2993 4108 3084 4165 illo
3107 4119 3332 4177 restant,
3351 4126 3468 4180 quze
3496 4110 3725 4181 intelligi

2136 4218 2475 4273 nequaquam
2522 4211 2766 4271 possunt.
2822 4201 2952 4267 Quae
3004 4211 3182 4259 tamen
3212 4203 3335 4272 igne
3365 4205 3730 4261 comburcuda

2139 4305 2282 4359 sunt,
2318 4295 2441 4361 quia
2471 4308 2533 4348 ea
2563 4308 2682 4362 quae
2707 4307 2901 4361 capere
2931 4292 2997 4348 de
3025 4293 3119 4347 illo
3149 4311 3258 4351 non
3289 4311 3591 4364 possumus,
3629 4296 3745 4371 bu-V

2135 4390 2338 4444 utiliter
2367 4397 2553 4443 sancto
2583 4387 2805 4456 Spiritui
2854 4402 3217 4444 reservamus.
3250 4390 3380 4455 Qua:
3412 4390 3732 4459 plerumque

2138 4482 2413 4537 humilitas
2443 4498 2504 4537 ea
2542 4482 2703 4536 etiam
2754 4481 3046 4536 electorum
3093 4481 3342 4536 sensibus
3386 4482 3580 4550 aperit,
3610 4496 3731 4550 qua:

2136 4575 2203 4629 ad
2248 4574 2649 4645 intelligendum
2690 4573 3045 4645 impossibilia
3076 4588 3200 4629 esse
3229 4573 3565 4628 videbantur.
3595 4572 3729 4627 Nam

2140 4680 2404 4738 perversa:
2439 4667 2813 4722 haereticorum
2852 4675 3060 4722 tuentes
3103 4665 3228 4722 dum
3262 4665 3365 4722 sibi
3394 4665 3625 4735 superbe
3650 4666 3730 4720 in-

443 4754 586 4809 fame
612 4768 707 4808 sua
734 4755 948 4810 steriles
980 4755 1133 4810 fiunt.
1188 4755 1374 4826 Neque
1419 4757 1561 4812 enim
1586 4774 1647 4813 ea
1691 4768 1935 4827 quaerunt
1964 4776 2029 4815 ex
2058 4762 2111 4823 D
2137 4762 2408 4817 tellectum
2433 4759 2691 4824 tribuunt,
2709 4761 2862 4829 quasi
2884 4756 3060 4816 certas
3080 4760 3213 4816 dare
3240 4760 3724 4833 sententiasetiam

371 4916 381 4933 κ
445 4846 636 4916 quibus
663 4845 987 4915 semetipsos
1016 4846 1085 4900 ad
1111 4846 1465 4902 humilitatem
1512 4848 1761 4925 erudian't
1786 4893 1801 4918 ,
1854 4865 2031 4905 mores

446 4941 503 4997 in
563 4937 952 5008 tranquillitate
1017 4940 1337 5008 disponant,
1408 4941 1718 5011 patientiam
1792 4952 2027 5007 servent,

446 5037 913 5111 longanimitatem
938 5039 1227 5094 exhibeant
1254 5056 1269 5105 ;
1313 5039 1409 5094 sed
1439 5054 1500 5095 ea
1541 5040 1883 5096 solummodo
1910 5056 2030 5111 quin

442 5143 540 5187 eos
584 5130 773 5186 doctos
811 5137 974 5200 atque
1026 5130 1281 5200 loquaces
1314 5131 1708 5201 demonstrent,
1760 5133 1849 5187 illa
1891 5133 2031 5187 scire

442 5233 697 5297 appetunt
731 5240 797 5283 ex
836 5224 1031 5295 quibus
1076 5220 1420 5296 singulariter
1467 5226 1661 5281 eruditi
1718 5227 2022 5283 vidcantur.

518 5348 545 5375 ι
583 5339 793 5409 Norm.,
825 5335 988 5397 Corb.
1010 5338 1217 5404 Germ.,
1241 5354 1363 5395 cum
1379 5339 1413 5391 ἓ
1435 5340 1601 5395 Laud.
1627 5350 1680 5395 et
1702 5341 1795 5405 al.,
1827 5343 2025 5398 ardeat.

445 5409 635 5483 Melius
664 5426 733 5467 ex
782 5420 930 5468 textu
961 5409 1149 5467 Greco
1191 5420 1243 5465 et
1293 5412 1475 5483 Vulg.,
1522 5421 1581 5465 ut
1618 5413 1861 5480 ardeam,
1916 5416 2059 5470 sive.

444 5479 738 5538 comburam

517 5549 544 5591 δ
587 5552 860 5625 Εᾶ.,·ᾳιιὶα
877 5568 982 5625 non
1002 5553 1119 5608 novi
1147 5568 1254 5609 vos.
1296 5553 1515 5625 Legitur
1544 5570 1806 5610 nunquam
1835 5556 1887 5610 in
1918 5571 2031 5610 om-

447 5622 609 5678 nibus
633 5622 831 5679 nost'ris
861 5624 987 5679 Mss.

522 5703 545 5733 ο
577 5693 795 5778 .Germ.,
827 5696 1007 5765 Becc.,
1040 5695 1203 5764 Utic.,
1237 5695 1397 5752 Corb.
1425 5696 1607 5753 Germ.
1636 5708 1691 5753 et
1717 5713 1824 5753 non
1854 5698 2028 5767 pauci,

453 5780 667 5819 8198618111
676 5805 690 5819 .

515 5781 690 5819 cotem.

479 5781 564 5915 _pd_
585 5836 764 5915 Germ.
799 5845 855 5891 et
874 5840 1203 5915 recentiores
1227 5838 1493 5906 Editores,
1548 5856 1667 5915 vero
1704 5856 2029 5915 cognoscere.

452 5906 737 5963 licduudat
769 5921 1096 5973 cognoscere,
1126 5909 1383 5983 abestque
1406 5926 1435 5963 a
1466 5921 1584 5966 caat.
1618 5913 1744 5967 Mss.
1766 5906 1830 5967 Et
1857 5913 2025 5981 antiq.

2138 4853 2206 4907 de
2233 4852 2516 4923 incognitis
2539 4860 2886 4921 praesumunt.
2920 4850 3072 4906 Unde
3102 4851 3158 4904 fit
3187 4861 3244 4905 ut
3275 4852 3389 4920 ipsa
3418 4865 3513 4906 eos
3538 4851 3725 4917 elatio,

2138 4961 2256 5015 qua:
2287 4946 2426 4999 intus
2474 4945 2609 5013 apud
2659 4944 2977 5012 semctipsos
3006 4944 3213 5008 elevat,
3252 4959 3282 4997 a
3314 4944 3537 4998 veritate
3581 4941 3730 4999 foras

2138 5041 2386 5110 repellat,
2414 5042 2611 5109 vixque
2639 5039 2690 5095 in
2740 5040 2899 5096 dictis
2951 5039 3046 5097 Dei
3078 5042 3348 5096 exteriora
3374 5043 3607 5110 capiant,
3637 5042 3731 5111 qui

2138 5142 2198 5189 se
2220 5141 2425 5188 secreta
2447 5131 2705 5203 spiritalia
2727 5140 3040 5203 penetrasse
3067 5132 3406 5205 singulariter
3448 5131 3727 5205 putabant.

2139 5224 2293 5282 Unde
2319 5224 2405 5279 hic
2435 5239 2647 5296 quoque
2674 5223 2921 5280 subditur
2947 5242 2960 5279 :
3040 5256 3043 5265 η

2139 5342 2501 5495 νυέἕῄεηόνη
2527 5427 2679 5495 quam
2705 5422 3022 5485 acceperunt.

2213 5486 2233 5522 τ
2280 5486 2485 5549 Norm.,
2512 5486 2744 5539 satiatus.

2212 5565 2238 5628 tt
2282 5556 2506 5628 liellov"
2538 5558 2624 5625 qui
2647 5556 2782 5608 ultra
2806 5557 3022 5612 comedit
3049 5566 3202 5627 quam
3224 5557 3380 5628 capit.

2211 5627 2238 5664 ιι
2279 5626 2550 5694 Plerique,
2581 5637 2854 5683 scrutator.

2170 5754 2177 5773 ᾗ
2205 5698 2229 5773 Ῠί
2283 5699 2354 5773 ita
2386 5694 2573 5773 Corb.,
2601 5697 2807 5773 Germ,
2833 5699 3036 5773 Norm,
3066 5696 3290 5773 'l‘utjon.,
3316 5699 3482 5755 Laud.
3512 5713 3589 5773 ac,
3607 5706 3718 5773 vet.

2140 5770 2239 5824 Ed.
2284 5769 2446 5836 Magis
2478 5766 2673 5836 placuit
2705 5779 2908 5824 recent.
2943 5770 3108 5836 Edit.,
3140 5768 3204 5825 sla
3232 5772 3541 5827 sublimitate
3574 5771 3725 5827 intel-

2137 5839 2390 5911 ligentire;
2441 5853 2558 5908 qua!
2586 5836 2746 5896 lectio
2773 5848 2854 5897 est
2886 5841 3069 5896 Germ.
