4104 6350
345 347 447 407 ua
514 396 533 421 ,

797 451 1019 511 carur
1057 451 1128 507 ιχ
1149 451 1296 524 tace.
1330 447 1459 520 XI].

419 570 580 627 Vm.
609 569 664 636 δ,
690 569 827 623 4.-
843 567 944 634 Qui
961 566 1209 621 rodebant
1228 565 1280 616 in
1305 561 1603 627 solitudine,
1637 557 1920 629 squalentes

342 665 634 720 calamitate
647 671 697 717 et
723 662 965 727 nisu-ia;
982 667 1033 713 et
1053 655 1358 711 madebant
1378 654 1584 719 herbas,
1606 660 1654 706 et
1679 649 1922 706 arborum

342 757 577 810 cortices.

410 870 502 926 20.
532 866 777 923 Hardici
805 838 909 920 non
932 862 1210 918 medullam
1238 861 1523 929 Scriptura:
1751 864 1921 910 come-
1976 872 1979 873 '

340 967 491 1031 dunt,
523 962 611 1016 sed
637 956 1111 1029 corliceitifodant.
1134 983 1204 995 —
1228 952 1363 1007 Bodl
1385 949 1522 1006 solet
1547 947 1689 1018 quod
1713 946 1922 1002 comedi

344 1070 451 1107 non
486 1061 678 1119 potest.
708 1047 960 1104 ﬂaretici
988 1054 1164 1100 autem
1192 1043 1319 1113 quia
1347 1041 1684 1108 Scripturam
1710 1042 1922 1093 sacram

280 1142 289 1185 ἓ
347 1144 655 1213 intelligere
681 1154 775 1196 sua
814 1140 1014 1195 virtute
1042 1132 1353 1200 moliuntur,
1381 1146 1500 1188 eam
1544 1129 1733 1201 procul
1761 1130 1923 1185 dubio

337 1234 747 1305 apprehendere
775 1236 1111 1303 nequaquam
1136 1233 1359 1298 possunt
1380 1241 1395 1289 ;
1420 1232 1448 1261 ι
1471 1232 1629 1293 quam
1659 1221 1787 1276 dum
1817 1234 1923 1274 non

339 1327 660 1396 intelligunt,
694 1323 846 1394 quasi
893 1336 1003 1377 non
1030 1319 1213 1376 edunt.
1264 1314 1333 1372 Et
1356 1315 1481 1386 quia
1508 1322 1607 1385 per
1634 1325 1921 1382 supernam

338 1424 564 1494 gratiam
598 1435 704 1474 non
751 1416 915 1488 adjuti
948 1417 1086 1470 hanc
1117 1411 1402 1470 comedere
1446 1416 1740 1479 nequeunt,
1767 1404 1920 1475 quasi

338 1513 661 1584 quibusdam
688 1502 831 1565 illam
885 1509 1091 1565 nisibus
1143 1506 1361 1561 rodunt.
1418 1500 1673 1559 Exterius
1727 1498 1939 1570 quippe

341 1605 488 1658 illam
516 1608 873 1666 contrectant,
905 1598 932 1637 ι’
961 1613 1083 1653 cum
1122 1596 1338 1666 quidem
1369 1605 1663 1659 conantur,
1690 1591 1786 1647 sed
1815 1606 1923 1646 non

341 1696 405 1751 ad
432 1696 550 1763 ejus
579 1694 838 1748 interiora
866 1689 1201 1760 perveniunt.
1228 1687 1330 1754 Qui
1354 1686 1479 1755 quia
1508 1685 1576 1739 ab
1607 1682 1923 1738 universalis

342 1788 601 1843 Ecclesia:
651 1786 911 1841 societate
957 1782 1208 1854 disjuucti
1246 1782 1405 1845 sunt,
1435 1794 1538 1833 non
1572 1776 1923 1847 quolibet'ro-

347 1880 499 1944 dere,
529 1877 621 1933 sed
650 1878 701 1931 in
730 1874 1019 1932 solitudine
1049 1881 1435 1927 memorantur.
1475 1871 1555 1925 Ad
1585 1884 1742 1940 quam
1773 1869 1925 1923 nimi-

354 1987 475 2027 rum
504 1969 869 2034 solitudinem,
898 1966 1022 2037 quia
1077 1966 1455 2034 pranlicatores
1502 1962 1618 2017 falsi
1672 1975 1925 2030 sequaces

354 2079 477 2120 suos
521 2064 809 2127 traherent,
843 2061 1000 2129 longe
1044 2070 1170 2114 ante
1205 2058 1411 2113 Veritas
1460 2056 1811 2126 praemonuit,
1842 2052 1925 2108 di-

348 2170 473 2212 cens
497 2174 512 2209 :
536 2155 598 2210 Si
643 2154 865 2209 dixerint
906 2151 1240 2207 vobis:Eece
1280 2152 1334 2203 in
1384 2149 1581 2203 deserto
1626 2156 1697 2201 est
1723 2186 1741 2212 ,
1774 2145 1929 2199 nolite

343 2252 485 2304 exire
512 2248 727 2320 (Matth.
772 2263 922 2313 xxiv,
952 2245 1065 2317 ‘26).
1100 2247 1199 2310 Qui
1232 2253 1380 2299 recte
1410 2242 1755 2311 perhibentur
1784 2239 1926 2293 cala-

345 2341 534 2393 mitate
555 2348 609 2392 et
636 2338 852 2396 miseria
880 2334 1146 2405 squalidi,
1173 2333 1384 2403 quia,et
1414 2345 1623 2391 morum
1654 2339 1778 2383 sunt
1805 2343 1925 2398 per-

345 2430 518 2495 nicie,
552 2437 608 2482 et
654 2441 909 2482 sensuum
959 2423 1223 2496 pravitate
1268 2421 1529 2491 despecti.
1580 2420 1678 2486 Qui
1734 2417 1929 2472 herbas

345 2534 559 2589 quoque
588 2524 643 2573 et
668 2517 918 2572 arborum
951 2515 1181 2570 cortices
1210 2512 1497 2577 mandunt,
1532 2509 1654 2580 quia
1686 2503 1929 2562 elationis

346 2626 458 2665 sua;
489 2608 646 2664 obice
674 2607 892 2677 repulsi,
925 2605 980 2659 in
1011 2619 1168 2659 sacro
1195 2603 1409 2671 eloquio
1440 2615 1630 2671 magna
1662 2606 1716 2653 et
1745 2596 1928 2651 intima

346 2704 628 2774 percipere
657 2698 967 2768 nequeunt,
1000 2698 1093 2754 sed
1127 2697 1217 2751 vix
1249 2696 1302 2749 in
1335 2694 1426 2749 illo
1453 2689 1694 2762 qumdam
1748 2699 1927 2743 tenera

348 2804 401 2849 et
430 2784 705 2848 exteriora
750 2798 1097 2861 cognoscunt.
1152 2787 1257 2842 Per
1303 2786 1496 2840 herbas
1540 2784 1737 2852 quippe
1787 2780 1929 2834 dicta

312 2878 321 2883 ’
348 2876 613 2954 planiora,
644 2897 739 2953 per
763 2881 1014 2935 arborum
1045 2880 1273 2934 cortices
1295 2877 1510 2949 Patrum
1545 2866 1752 2943 eloquia
1784 2882 1931 2926 exte—

348 2977 491 3033 riora
523 2975 818 3044 signantur.
865 2972 964 3037 Qui
1008 2984 1137 3037 ει·ᾳο
1167 2984 1230 3024 ea
1262 2967 1399 3020 scire
1430 2969 1687 3035 appetunt
1714 2977 1777 3016 ex
1808 2960 1928 3030 qui-

348 3066 447 3125 bus
477 3060 621 3123 docti
650 3070 981 3135 nequaquam
1029 3063 1157 3122 sint,
1194 3060 1284 3115 sed
1319 3074 1439 3113 esse
1473 3056 1769 3117 videantur,
1807 3054 1927 3104 tlll'n

350 3161 402 3216 in
432 3158 600 3215 sacris
632 3156 995 3213 voluminibus
1031 3154 1137 3207 vim
1183 3152 1464 3207 charitatis
1496 3164 1617 3215 erga
1672 3148 1834 3201 Deum
1868 3160 1930 3199 ac

350 3251 652 3319 proximum
684 3247 993 3303 medullitus
1023 3261 1127 3299 non
1158 3246 1465 3313 exquirunt,
1494 3241 1643 3311 quasi
1672 3255 1735 3292 ex
1764 3238 1933 3299 herba

351 3351 405 3395 et
430 3341 630 3394 cortice
679 3349 968 3409 pascuntur
994 3380 1007 3403 ,
1038 3337 1156 3408 quia
1192 3335 1271 3389 vel
1325 3335 1452 3399 ima,
1482 3332 1646 3404 646
1670 3333 1753 3385 vel
1781 3336 1932 3384 exte-

352 3431 499 3485 rima
528 3440 669 3496 sunt,
706 3445 822 3499 qua:
853 3437 1061 3482 mentes
1091 3424 1514 3495 snperbientium
1544 3423 1803 3475 nutriunt.
1839 3420 1930 3474 Vel

351 3524 509 3578 certe
537 3521 733 3577 herbas
755 3518 1013 3576 mandere
1040 3524 1122 3574 est
1143 3516 1208 3573 de
1238 3518 1509 3585 Scriptura
1539 3531 1688 3569 sacra
1718 3514 1932 3566 minima

357 3621 624 3684 prmcepta
671 3627 905 3677 servare,
939 3612 1141 3679 majora
1189 3614 1557 3663 contemnere.
1605 3607 1749 3671 Quos
1796 3604 1932 3659 bene

353 3702 569 3758 Veritas
597 3703 856 3771 increpat,
888 3702 1071 3755 dicens
1096 3718 1108 3750 ε
1141 3698 1234 3753 Vw
1262 3699 1419 3764 vobis,
1447 3695 1638 3751 Scribtc
1668 3702 1712 3747 et
1747 3694 1936 3747 Phari-

354 3797 445 3850 sari
467 3795 768 3866 hypocrita,
790 3794 876 3863 qui
908 3792 1170 3846 decimatis
1199 3800 1440 3855 ruentam,
1468 3797 1515 3841 et
1544 3788 1801 3843 anethum.
1834 3796 1853 3821 ε
1886 3797 1935 3839 et

354 3889 638 3954 cuminum,
668 3895 713 3939 et
734 3886 1007 3954 reliquistis
1033 3899 1144 3951 qua:
1168 3883 1402 3953 graviora
1423 3890 1539 3935 sunt
1568 3879 1689 3951 legis
1718 3876 1929 3949 (Matth.

355 3986 506 4041 sint,
539 3976 651 4047 2'5).
694 3977 790 4044 Qui
822 3978 1072 4033 arborum
1122 3990 1333 4044 quoque
1380 3974 1607 4027 cortices
1653 3970 1931 4033 mandunt,

358 4073 481 4142 quia
512 4082 636 4125 sunt
666 4069 902 4123 nonnulli
948 4068 1034 4138 qui
1068 4068 1120 4122 in
1168 4067 1335 4121 sacris
1376 4063 1736 4145 voluminibus
1766 4062 1931 4117 solam

356 4162 550 4217 littera:
600 4161 939 4229 superﬁciem
988 4148 1342 4224 venerantur,
1371 4170 1469 4211 nec
1521 4155 1809 4226 quidquam
1864 4156 1932 4209 de

356 4252 581 4321 apiritali
636 4250 909 4305 intellectu
959 4250 1300 4314 custodiunt,
1327 4262 1446 4302 cum
1498 4249 1629 4300 nihil
1672 4246 1726 4299 in
1757 4245 1934 4299 verbis

359 4343 455 4400 Dei
495 4341 718 4413 amplius
757 4344 857 4397 nisi
898 4343 1000 4397 hoc
1040 4342 1179 4412 quod
1221 4342 1457 4395 exterius
1507 4339 1779 4393 audierint
1809 4350 1930 4391 esse

360 4426 721 4504 suspicantur.
775 4432 919 4500 Quos
964 4442 1143 4487 tamen
1186 4432 1240 4485 in
1284 4430 1488 4485 cunctis
1521 4428 1794 4483 erroribus
1822 4428 1934 4481 suis

360 4520 531 4582 inanis
558 4526 739 4597 gloriae
767 4525 1031 4595 appetitus
1059 4523 1323 4593 possidet,
1352 4537 1553 4592 eosque
1576 4522 1793 4575 honoris
1818 4534 1930 4574 am-

1230 335 1587 395 MORALIUDI
1629 334 1762 392 LIB.
1804 330 1928 409 ιι.
1968 360 2039 378 --
2077 331 2304 389 CAPUT
2341 329 2461 388 XIX
2502 331 2562 387 Β.
2601 328 2738 386 JOB.

3498 330 3601 388 150

1944 446 1999 505 Α
2090 445 2182 498 21.
2217 444 2344 500 Sola
2375 416 2673 514 temporalia
2706 442 2856 496 tum
2879 452 3136 512 quierunt.
3169 473 3235 484 —-
3255 444 3429 499 Arbor
3451 457 3604 499 nam-

2024 551 2128 608 que
2152 533 2384 606 juniperi
2429 548 2523 602 pro
2549 532 2693 587 foliis
2733 532 3049 607 punctiones
3076 533 3257 589 habet.
3284 534 3375 587 Sic
3404 534 3604 604 quippe

2025 624 2155 683 sunt
2193 627 2398 682 hirsuta
2424 641 2542 695 qua:
2586 612 2827 694 profert,
2861 632 2919 679 ut
2946 624 3123 694 spinis
3160 623 3357 680 similia
3393 634 3606 681 contre-

2024 730 2257 776 ctantem
2287 733 2523 789 pungere
2552 717 2784 774 valeant.
2816 717 2984 787 Spina
3013 733 3145 773 vero
3171 727 3259 783 est
3287 732 3447 774 omne
3478 733 3606 788 pec-

2025 822 2226 879 eatum,
2258 814 2379 881 quia
2406 812 2530 866 dum
2561 810 2725 865 trahit
2750 808 2816 864 ad
2837 809 3270 876 delectationem,
3296 811 3448 879 quasi
3474 824 3607 879 pun-

2024 907 2423 979 gendolacerat
2452 912 2707 960 mentem.
2739 900 2892 960 Unde
2910 903 3042 974 justi
3068 916 3199 959 voce
3222 912 3277 958 et
3298 903 3608 973 pmnitentis

2025 998 2258 1055 dicitur:
2287 999 2567 1053 Conversus
2596 996 2710 1051 sum
2736 998 2791 1051 in
2812 990 3045 1051 (erumna
3070 1000 3185 1051 mea
3213 997 3337 1052 dum
3380 998 3609 1069 confrin-

2027 1094 2165 1163 gitar
2194 1092 2338 1162 spina
2380 1088 2555 1158 (Ρσαι.
2583 1103 2734 1156 xm,
2768 1086 2848 1157 4),
2880 1089 3003 1157 quia
3034 1089 3235 1145 scilicet
3260 1102 3414 1143 mens
3438 1088 3507 1145 a'd
3530 1086 3609 1145 u-

2028 1195 2266 1241 mentum
2293 1184 2540 1252 vertitur,
2561 1186 2622 1237 ut
2651 1182 2857 1251 peccati
2882 1183 3101 1252 punctio
3128 1180 3436 1251 paenitendo
3463 1180 3609 1237 fmil-

2025 1284 2201 1350 gatur.
2253 1276 2310 1332 In
2351 1276 2705 1332 translatione
2732 1289 2862 1329 vero
2891 1273 2996 1329 alia
3044 1288 3150 1328 non
3202 1276 3483 1346 cantriugi,
3513 1270 3626 1353 Sed

2027 1372 2216 1441 δοηῆςὶ
2246 1372 2395 1441 spina
2443 1369 2791 1439 perhibetur,
2825 1366 2966 1438 quod
3015 1360 3262 1423 videliCet
3307 1364 3376 1423 ab
3420 1369 3606 1423 eodem

2026 1476 2185 1519 sensu
2230 1478 2336 1517 non
2374 1461 2651 1528 dissonat,
2685 1462 2806 1532 quia
2839 1458 3160 1531 paenitentis
3191 1458 3402 1515 animus
3431 1459 3496 1514 ad
3530 1458 3609 1514 lu-

2024 1563 2169 1611 ctum
2198 1555 2432 1620 ducitur,
2462 1553 2589 1610 dum
2617 1556 2921 1623 perpetrata
2952 1554 3105 1623 eulp'a
3136 1554 3187 1607 in
3220 1553 3478 1608 memoria
3508 1552 3610 1606 it'xa

2027 1648 2287 1702 retinetur
2314 1645 2456 1719 [νει.
2492 1642 2587 1717 Χ].
2645 1646 2791 1715 Quid;
2823 1660 2949 1717 ergo
2979 1650 3074 1726 per
3116 1644 3349 1700 radicem
3375 1642 3610 1715 iuniperi

2029 1741 2134 1796 nisi
2164 1740 2384 1795 avaritia
2414 1739 2749 1809 designatur,
2779 1754 2844 1795 ex
2870 1755 2973 1809 qua
3001 1738 3344 1807 peccatorum
3371 1739 3611 1792 omnium

1952 1829 2198 1902 Bspint'e
2247 1831 2644 1900 producuntur?
2674 1831 2749 1885 De
2800 1846 2902 1900 qua
2959 1842 3052 1898 per
3106 1822 3327 1883 Paulum
3374 1829 3612 1884 dicitur:

2032 1922 2204 1978 Radix
2234 1923 2461 1975 omnium
2490 1920 2744 1975 malorum
2764 1930 2836 1975 est
2866 1920 3117 1991 cupiditas
3152 1918 3203 1990 (1
3230 1919 3362 1973 Tim.
3396 1936 3463 1987 vt,
3501 1914 3612 1992 10),

2031 2014 2147 2084 Ipsa
2178 2015 2375 2084 quippe
2405 2014 2634 2067 latenter
2664 2014 2834 2067 oritur
2863 2013 2914 2065 in
2945 2018 3147 2074 mente,
3170 2010 3262 2066 sed
3298 2010 3613 2081 punctiones

2032 2114 2369 2173 peccatorum
2392 2105 2629 2159 omnium
2652 2112 2895 2175 patenter
2916 2098 3160 2173 producit
3182 2102 3237 2157 in
3260 2118 3443 2172 opere.
3465 2100 3613 2171 Quas
3698 2174 3705 2182 δ

2032 2196 2280 2251 videlicet
2324 2194 2643 2264 punctiones
2674 2195 2742 2251 ab
2774 2196 2871 2249 hac
2898 2193 3079 2250 radice
3100 2194 3402 2263 surgentes,
3431 2195 3613 2250 statim

2032 2289 2350 2359 praedicator
2378 2288 2621 2359 egregius
2644 2287 2895 2351 insinuat,
2911 2302 3029 2342 cum
3054 2286 3273 2343 subdit:
3301 2286 3472 2351 Quam
3497 2287 3614 2357 qui-

2020 2381 2151 2451 dam
2179 2389 2468 2451 appetentes
2491 2388 2784 2437 erraverunt
2811 2399 2841 2435 a
2869 2383 2991 2451 ﬁde,
3016 2388 3063 2435 et
3093 2381 3419 2435 inseruerunt
3440 2390 3493 2434 se
3521 2379 3614 2434 do-

2035 2468 2224 2529 loribus
2251 2477 2424 2529 multis
2456 2475 2631 2547 (ibid.
2652 2517 2666 2541 ,
2698 2475 2818 2544 10).
2867 2475 2970 2542 Qui
3002 2475 3143 2530 enim
3177 2474 3371 2529 multos
3400 2468 3616 2530 dolores

2032 2567 2186 2631 dixit,
2209 2568 2360 2635 quasi
2385 2570 2668 2620 nascentes
2691 2567 2925 2620 innotuit
2946 2580 3011 2621 ex
3035 2566 3134 2621 hac
3163 2565 3345 2621 radice
3372 2564 3616 2635 punctio-

2034 2646 2154 2713 nes:
2184 2658 2239 2711 in
2267 2658 2527 2725 juniperis
2566 2673 2694 2728 ergo
2724 2666 2969 2727 peccata,
3003 2660 3055 2712 in
3108 2659 3291 2713 radice
3320 2658 3448 2712 sero
3471 2656 3614 2727 juni-

2034 2764 2281 2819 perorum
2299 2749 2425 2818 quid
2457 2750 2598 2803 aliud
2630 2764 2784 2819 quam
2817 2748 3186 2817 avaritiam,id
3216 2758 3318 2816 est,
3334 2750 3615 2805 materiam

2036 2838 2386 2907 intelligimus
2417 2839 2797 2908 peccatorum?
2825 2839 3144 2908 Quia-igitur
3165 2838 3481 2908 plerumque
3508 2838 3616 2893 ha:-

2035 2932 2188 2987 retici
2222 2932 2333 2985 sola
2381 2934 2435 2986 in
2483 2931 2665 2987 verbis
2695 2932 2806 2988 suis
2834 2932 3107 2987 exteriora
3127 2931 3291 2988 lucra
3319 2940 3616 3001 sectantur,

2036 3036 2134 3076 nec
2158 3023 2540 3092 ignorantquia
2569 3037 2818 3091 perversa
2846 3031 3112 3088 astruunt,
3130 3020 3225 3077 sed
3249 3022 3449 3078 erroris
3480 3036 3615 3091 prte-

2036 3114 2333 3169 dicamenta
2389 3130 2494 3168 non
2549 3115 2838 3182 deserunt,
2868 3113 2995 3170 dum
3040 3126 3284 3187 sumptus
3339 3115 3616 3185 percipere

1965 3214 2009 3275 ο
2042 3205 2067 3242 ἀ
2094 3208 2243 3275 quasi
2267 3206 2546 3261 doctorum
2574 3208 2775 3273 volunt,
2801 3204 2937 3262 bene
2965 3208 3034 3263 de
3054 3208 3132 3263 eis
3153 3209 3323 3263 sancti
3349 3206 3453 3263 vir'i
3480 3222 3619 3264 nunc

2037 3316 2170 3355 voce
2199 3302 2395 3356 dicitur
2419 3318 2431 3353 :
2458 3299 2527 3353 Et
2555 3300 3096 3373 radixojuniperorum
3120 3311 3224 3355 erat
3246 3303 3386 3356 ribus
3415 3314 3614 3368 eorum,

2035 3392 2157 3461 quia
2187 3391 2312 3445 dum
2346 3391 2471 3444 totis
2500 3391 2697 3444 mentis
2726 3404 2839 3445 suae
2884 3392 3128 3448 sensibus
3156 3393 3438 3448 avaritiam
3469 3393 3617 3463 cogi-

2038 3492 2173 3548 tant,
2198 3482 2350 3552 quasi
2379 3497 2446 3538 eo
2474 3483 2729 3537 alimento
2755 3494 3062 3550 vescuntur,
3088 3485 3154 3539 de
3182 3498 3289 3555 quo
3317 3487 3462 3541 nasci
3494 3494 3616 3553 pro-

2037 3574 2122 3629 cul
2153 3575 2317 3629 dubio
2350 3584 2693 3643 peceatorum
2713 3576 3050 3643 sequentium
3076 3578 3391 3645 punctiones
3418 3577 3613 3632 solent.

2036 3665 2139 3731 Qui
2170 3666 2216 3718 si
2259 3665 2472 3733 quando
2499 3665 2556 3719 in
2580 3676 2739 3720 sacro
2764 3665 2978 3737 eloquio
3024 3667 3270 3736 quaedam
3299 3670 3451 3737 quasi
3493 3684 3643 3739 pru-_
3732 3692 3739 3701 ι

2039 3756 2229 3810 denter
2250 3757 2546 3822 inveniunt,
2578 3772 2697 3827 quae
2732 3756 2857 3814 dum
2888 3772 2995 3813 non
3024 3759 3347 3830 intelligunt,
3380 3776 3477 3829 pro
3505 3762 3618 3818 suis

2037 3867 2158 3907 esse
2187 3851 2574 3907 assertionibus
2602 3852 2963 3921 suspicantur,
2997 3866 3117 3907 mox
3168 3854 3378 3909 miseris
3402 3855 3616 3911 audito-
3686 3864 3689 3865 '

2038 3946 2187 4001 ribus
2212 3948 2346 4014 suis,
2380 3959 2603 4015 quorum
2634 3958 2739 4000 non
2769 3946 2977 4001 animas
2996 3985 3014 4015 ,
3045 3948 3139 4003 sed
3169 3948 3497 4004 substantias
3523 3965 3617 4020 ap-

2038 4047 2245 4108 petunt,
2279 4038 2394 4093 haec
2438 4039 2790 4094 vociferantes
2835 4049 3146 4111 asppguut.
3198 4040 3351 4098 Uhde
3379 4054 3616 4115 congrue
3698 4085 3705 4099 ι

2034 4128 2361 4183 subini‘ertur
2379 4144 2393 4179 :

2452 4250 2680 4320 capu‘r
2719 4261 2790 4319 x1
2819 4260 2966 4338 mu.
2995 4254 3189 4338 XIII].

2110 4386 2273 4441 Vens.
2323 4384 2375 4438 5.
2453 4414 2524 4425 -
2573 4384 2673 4453 Qui
2701 4384 2765 4439 de
2803 4385 3122 4442 conuallibus
3162 4388 3263 4443 ista
3316 4390 3572 4461 rapientes
3599 4432 3618 4461 ,

2040 4497 2155 4535 eum
2180 4479 2383 4551 singula
2424 4481 2747 4550 reperissent,
2796 4480 2866 4536 ad
2894 4497 2952 4535 ea
3006 4498 3125 4538 eum
3174 4483 3397 4543 clamore
3442 4503 3623 4565 curre;

362 4571 530 4582 ..._...-
558 4571 739 4597 om...
767 4571 1029 4595 Vr“---
1060 4571 1323 4593 ,-_-_----,
1357 4571 1550 4592 ---τη
1578 4571 1676 4575 --
1724 4571 1790 4575 ___

360 4619 503 4670 bitus
531 4618 769 4684 captives
816 4625 984 4680 tenet,
1008 4622 1063 4669 et
1094 4613 1408 4682 plerttmque
1437 4628 1529 4680 per
1560 4613 1670 4680 ipsa
1704 4625 1827 4678 qua:
1854 4610 1932 4664 10'-
1967 4590 2023 4687 D_
2043 4571 2179 4687 bat":

360 4716 591 4778 quuntur
616 4710 745 4765 nihil
775 4710 915 4763 aliud
943 4714 1100 4777 quam
1129 4716 1338 4763 terrena
1369 4708 1514 4761 lucra
1551 4715 1828 4776 appetunt.
1864 4706 1937 4761 De

362 4803 552 4870 quibus
579 4817 675 4872 per
709 4800 928 4856 Paulum
959 4801 1153 4855 dicitur
1180 4817 1195 4853 :
1226 4799 1545 4870 Hujusmodi
1569 4801 1704 4855 enim
1732 4798 1936 4853 Christo

354 4890 587 4946 'Domino
614 4910 715 4946 non
755 4893 993 4957 serviunt,
1017 4892 1105 4946 sed
1144 4907 1237 4945 suo
1266 4892 1432 4949 ,ventri
1466 4890 1641 4961 (Rom.
1677 4902 1787 4955 xvi,
1820 4890 1932 4960 18).

364 4981 517 5038 Unde
546 4997 693 5041 recte
720 5000 931 5055 quoque
957 4980 1328 5056 subiungitur:

804 5118 1024 5175 CAPUT
1066 5119 1114 5173 χ
1144 5120 1289 5185 [ηερ.
1321 5116 1463 5190 xu]

442 5230 597 5287 Vens.
640 5206 787 5289 ι.--λ
816 5232 885 5287 Et
928 5234 1079 5288 radix
1122 5236 1475 5303 ianiperorum
1523 5243 1630 5288 erat
1672 5232 1813 5291 cibus
1851 5249 1937 5289 eo-

362 5339 496 5379 rum.

437 5469 464 5497 ⁸
486 5460 693 5517 Gemet.
726 5477 787 5517 ac
815 5462 905 5517 alii
930 5461 1135 5523 Norm.,
1170 5478 1319 5527 quam
1347 5466 1467 5532 quia
1493 5465 1721 5518 nondum
1747 5462 1933 5516 intelli-

364 5540 566 5606 gunt...
602 5533 737 5606 hanc
762 5534 907 5606 edere
936 5547 1254 5601 nequaquam
1286 5544 1492 5601 possunt
1512 5580 1526 5604 ,
1558 5536 1705 5606 quasi
1730 5534 1941 5602 quibus-

365 5594 485 5655 dam
512 5601 704 5657 nisibus
728 5594 935 5658 rodunt.

436 5666 464 5747 Ρ
497 5672 662 5747 iidem
691 5673 912 5747 Codices
933 5684 985 5730 et
1006 5666 1215 5743 Germ.,
1243 5692 1355 5730 cum
1374 5678 1636 5740 quiddam.
1667 5676 1747 5733 Ex
1768 5677 1935 5747 antiq.

504 5734 591 5797 alii
641 5742 833 5819 habent
878 5762 993 5801 cum
1040 5732 1309 5816 quadam;
1339 5732 1462 5815 al‘ii,
1496 5767 1608 5803 cum
1637 5732 1939 5819 quoddam';

372 5812 484 5875 alii.
520 5822 632 5869 cum
656 5816 880 5889 quidam.

2108 4682 2199 4737 εἳ.
2236 4682 2487 4736 Obscura:
2508 4682 2792 4751 Scriptura
2817 4697 2980 4738 sacro
3004 4684 3325 4759 Patremque
3344 4691 3620 4745 sententias

2039 4775 2108 4825 ad
2152 4788 2205 4826 se
2253 4775 2547 4842 detorquent
2593 4780 2641 4826 et
2680 4772 2911 4830 trahunt.
2934 4805 3005 4818 —
3041 4779 3117 4833 De
3154 4781 3486 4837 convallibus
3528 4783 3621 4839 illa

2040 4865 2270 4934 rapiunt,
2300 4866 2423 4934 quia
2474 4867 2589 4920 haec
2634 4865 2701 4919 de
2750 4866 3043 4925 humilibus
3087 4871 3241 4927 dictis
3282 4870 3501 4931 Patrum
3530 4868 3620 4931 sii-

2040 4961 2206 5028 perbo
2248 4961 2438 5030 spiritu
2470 4960 2756 5033 colligunt.
2804 4963 2966 5035 647
3008 4965 3137 5033 Quae
3166 4965 3291 5020 dum
3327 4970 3351 5005 δ
3380 4970 3480 5036 pro
3507 4968 3619 5023 suis

2045 5064 2106 5107 se
2135 5051 2369 5120 partibus
2416 5053 2689 5109 invenisse
2731 5055 3050 5124 gloriantur,
3077 5058 3143 5110 ad
3175 5070 3236 5112 es
3266 5068 3389 5112 eum
3420 5059 3621 5113 clamo-

2044 5139 2195 5195 ribus
2214 5149 2456 5204 currunt,
2473 5143 2595 5211 quia
2618 5144 2870 5198 videlicet
2896 5159 3056 5213 omne
3084 5147 3227 5214 quod
3255 5140 3495 5202 sentiunt
3522 5150 3619 5217 ap-

2043 5235 2211 5303 petitu
2242 5235 2410 5290 laudis
2438 5235 2505 5290 ad
2532 5250 2693 5292 aures
2723 5236 2999 5293 hominum
3022 5239 3302 5295 diﬂamare
3328 5246 3614 5296 conantur.

2045 5326 2296 5397 Sequitur
2321 5345 2334 5381 :

2124 5475 2145 5501 ε
2177 5464 2385 5536 Gemet.
2418 5474 2473 5520 et
2498 5466 2719 5533 Turon.,
2754 5476 2799 5521 et
2830 5468 3107 5531 ciminum,
3138 5481 3271 5536 quos
3300 5456 3467 5524 secuti
3496 5480 3620 5526 sunt

2047 5544 2151 5607 vet.
2183 5535 2281 5607 Ed.
2319 5536 2434 5589 Duo
2465 5536 2631 5591 Laud.
2658 5547 2713 5592 et
2741 5537 2903 5591 Cori).
2934 5535 3446 5607 Grernt.,7cyminum.

2119 5601 2140 5640 ’³
2171 5605 2379 5683 ρθῐηιη
2408 5607 2648 5683 Be_ce._et
2672 5598 3150 5683 ple-riqtte_§iorm.,
3171 5598 3338 5683 juasi
3366 5610 3616 5667 doctores.
3670 5680 3671 5683 η

2124 5686 2145 5713 ο
2177 5675 2438 5745 Currupte
2469 5678 2521 5732 in
2552 5678 2650 5733 Ed.
2677 5675 2874 5743 ’Gilot’.,
2920 5676 3114 5741 Vatic.,
3163 5678 3344 5745 Guss.,
3378 5697 3469 5748 pro
3512 5683 3619 5736 suis

2051 5761 2103 5800 se
2114 5748 2376 5871 (patribus,
2407 5748 2641 5817 alioquin
2674 5748 2953 5815 legendum
3000 5756 3141 5827 esset
3169 5767 3315 5820 quos,
3348 5766 3454 5805 non
3481 5767 3617 5822 qtae,

2053 5832 2111 5870 se
2174 5818 2366 5887 legenti
2398 5810 2528 5874 biss.
2557 5816 2690 5873 Cod.
2724 5831 2827 5871 non
2860 5817 2961 5885 erit
2984 5817 3290 5886 ambigendi
3318 5821 3489 5876 locus.
