4104 6350
470 330 561 386 151

1075 440 1302 500 CAPUT
1340 442 1436 498 XII

472 598 477 603 .
551 556 707 613 Vens.
740 561 795 614 6.
835 586 907 601 -ο
944 557 1012 612 In
1056 557 1268 612 desertis
1306 555 1602 610 habitabant
1653 556 1978 622 torrentium,
2004 565 2052 610 et

471 649 522 702 in
544 653 771 704 cavernis
793 659 968 715 terris,
998 650 1076 705 vel
1109 664 1262 721 super
1287 647 1534 719 glaream.

544 765 635 821 25.
660 766 905 823 Hieretici
932 766 1135 821 latebris
1162 773 1209 820 et
1235 764 1567 820 instabilitate
1586 773 1703 818 sunt
1721 763 1966 836 insignes.
1983 791 2053 804 —

470 865 759 921 Torrentes
800 861 1026 917 dicimus
1065 860 1207 915 rivos
1237 860 1329 929 qui
1372 852 1525 931 aquis
1555 858 1873 915 hiemalibus
1904 854 2053 914 etilli-

469 967 685 1031 guntur,
716 955 803 1024 qui
847 954 1010 1009 certis
1055 953 1215 1008 etiam
1246 952 1581 1021 temporibus
1622 961 1891 1007 arescunt.
1925 951 2053 1007 Jure

469 1053 650 1120 itaque
696 1049 1010 1104 inventores
1041 1060 1417 1117 perversurum
1442 1044 1752 1115 dogmatum
1785 1054 2053 1105 torrentes

469 1149 747 1207 vocantur,
794 1141 917 1211 quia
961 1155 992 1195 a
1037 1138 1216 1194 calore
1262 1136 1540 1192 cbaritatis
1586 1135 1786 1207 frigidi,
1816 1138 1966 1206 quasi
1999 1139 2052 1194 in

466 1244 686 1305 torpore
712 1232 975 1302 temporis
1003 1229 1247 1287 hiemalis
1266 1238 1612 1295 excrescunt,
1639 1230 1763 1298 quia
1792 1244 1900 1283 nou
1928 1244 2051 1300 per-

465 1333 625 1396 petua
656 1320 991 1395 plenitudine
1034 1318 1339 1393 proﬂuunt,
1367 1320 1460 1376 sed
1488 1320 1885 1376 Catholicorum
1917 1324 2051 1378 alle-

467 1413 768 1487 gationibus
806 1422 831 1450 ι
869 1412 1022 1482 quasi
1070 1410 1269 1467 :estivis
1316 1410 1518 1465 solibus
1568 1410 1927 1469 exsiccantur.
1985 1412 2053 1467 Et
2150 1406 2151 1411 “

467 1506 684 1577 quidem
729 1504 1039 1560 inventores
1082 1517 1459 1573 perversurum
1510 1503 1819 1575 dogmatum
1866 1512 2052 1561 contra

468 1606 711 1654 sanctam
742 1597 1034 1653 Ecclesiam
1061 1596 1273 1660 exorti,
1300 1595 1510 1650 fervore
1535 1596 1646 1664 jam
1677 1597 1918 1651 veritatis
1947 1586 2051 1653 ex—

468 1691 653 1745 stincti
696 1698 842 1757 sunt,
875 1688 969 1744 sed
999 1697 1175 1743 tamen
1221 1702 1407 1742 eorum
1440 1687 1685 1756 discipuli
1732 1688 1797 1743 ea
1827 1703 1947 1758 quae
1976 1687 2051 1743 illi

468 1783 769 1839 docuerunt
805 1792 990 1837 tenere
1031 1796 1095 1855 ac
1140 1779 1430 1835 defendere
1457 1778 1486 1817 ι)
1516 1794 1622 1834 non
1651 1779 1936 1834 desistunt.
1989 1779 2051 1834 Hi

468 1889 597 1946 ergo
626 1874 714 1945 qui
744 1874 956 1929 illorum
1002 1881 1297 1942 sequuntur
1336 1886 1568 1938 errores,
1598 1873 1653 1926 in
1683 1872 1910 1928 desertis
1937 1881 2051 1927 tor-

467 1966 700 2023 rentium
730 1965 992 2031 habitant,
1024 1965 1077 2020 id
1103 1976 1186 2021 est
1214 1966 1267 2020 in
1295 1980 1481 2021 eorum
1513 1965 1894 2034 praedicatione
1923 1981 2055 2021 con-

466 2060 657 2126 ﬁdunt,
678 2074 900 2128 quarunt
923 2059 1134 2129 eloquia
1155 2057 1552 2114 Catholicorum
1572 2057 1684 2128 jam
1705 2060 2057 2127 responsione

468 2164 522 2208 et
551 2152 959 2207 ratiocinatione
988 2152 1185 2206 siccata
1232 2161 1377 2205 sunt.
1407 2149 1550 2224 [Vet.
1582 2148 1714 2221 XL]
1746 2150 1884 2218 Quid
1924 2166 2056 2206 vero

468 2244 613 2299 aliud
663 2259 921 2298 cavernas
977 2253 1132 2298 terra;
1180 2258 1337 2313 quam
1394 2243 1629 2297 occultas
1678 2243 2054 2298 haereticorum

468 2324 879 2407 praedicationes
909 2335 1237 2404 accipimus?
1272 2334 1363 2391 Sic
1389 2336 1532 2391 enim
1565 2334 1798 2390 haeretici
1826 2336 1968 2391 inter
1996 2350 2057 2392 se

471 2430 821 2487 clandestinis
864 2430 1256 2509 conventiculis
1302 2437 1519 2496 coeunt,
1554 2439 1612 2484 ut
1640 2430 1812 2485 errori
1844 2445 1943 2485 suo
1973 2446 2057 2486 re-

472 2523 793 2587 verentiam,
821 2535 980 2591 quam
1004 2536 1069 2575 ex
1099 2521 1308 2577 ratione
1335 2536 1443 2576 non
1464 2522 1665 2588 valent,
1688 2521 1966 2591 praebeant
1990 2536 2058 2579 ex

471 2612 850 2679 occultatione,
878 2622 932 2668 et
963 2606 1195 2668 inﬁrmis
1240 2615 1521 2691 animabus
1570 2614 1850 2685 pravitatis
1878 2629 2057 2670 sermo

471 2715 621 2761 tanto
666 2705 994 2761 reverendus
1044 2715 1318 2775 appareat.
1344 2715 1542 2776 quanto
1590 2717 1854 2763 secretus.
1904 2707 2059 2762 Unde

471 2796 612 2866 apud
660 2796 1003 2852 Salomonem
1033 2797 1225 2852 mulier
1254 2813 1321 2852 ex
1358 2809 1483 2869 typo
1512 2798 1782 2855 btereseos
1813 2809 1837 2837 ο
1868 2798 2060 2855 suadet

471 2890 693 2945 dicens:
744 2890 904 2961 Aque
947 2892 1151 2962 furtiva:
1208 2891 1463 2946 dulciores
1508 2903 1647 2959 sunt,
1682 2904 1726 2948 et
1770 2895 1918 2961 panis
1943 2895 2059 2949 abs-

472 2982 705 3036 conditus
733 2982 936 3036 suavior
987 2980 1166 3053 (Prov.
1194 2999 1269 3049 tx,
1304 2984 1416 3051 i7).
1457 2983 1590 3050 Quae
1618 2986 1827 3039 occulta
1855 2986 2060 3040 scilicet

472 3074 885 3141 prazdicamenta
909 3075 1205 3130 detestatur
1223 3074 1459 3142 Veritas,
1489 3076 1676 3131 dicens
1702 3094 1714 3130 :
1742 3077 1803 3132 Si
1830 3079 1941 3148 quis
1972 3094 2059 3131 vo-

1662 329 1909 391 SANCTI
1948 327 2272 386 GREGORII
2311 327 2526 385 MAGNI

2077 445 2128 504 Α
2155 442 2445 495 errantium
2478 451 2684 498 mentes
2713 442 2969 499 insultare
2996 446 3364 512 conspexerit;
3396 452 3519 509 quae
3545 452 3739 505 eorum

3548 292 3736 380 .152

2155 535 2493 591 conversatio
2540 535 2719 601 fuerit,
2749 536 2815 591 ad
2866 536 3178 591 memoriam
3223 533 3469 595 reducit.
3501 531 3733 589 dicens:

2068 682 2075 687 _
2154 623 2222 680 In
2243 628 2454 682 desertis
2484 629 2777 683 habitabant
2808 630 3131 693 torrentium,
3153 636 3204 681 et
3230 628 3282 680 in
3310 626 3535 693 cauernis
3565 634 3735 695 terra,

2154 720 2230 773 vel
2256 736 2409 789 super
2433 720 2682 793 glaream.
2729 720 2867 787 Quia
2914 718 3057 773 enim
3098 732 3284 773 eorum
3316 729 3568 785 perversa
3599 729 3737 783 pras-

2153 809 2380 876 dicatio,
2412 812 2609 866 amisso
2662 811 2783 881 igne
2834 808 3147 874 charitatis,
3180 822 3245 863 ex
3294 806 3491 877 frigore
3540 804 3737 861 mentis

2154 902 2419 956 convaluit
2445 946 2459 968 ,
2496 903 2736 971 profecto
2764 902 2816 957 in
2850 902 3163 957 torrentium
3193 899 3421 955 desertis
3449 898 3735 953 habitavit.

2153 994 2286 1061 Quia
2307 1002 2441 1050 Vero
2463 1005 2647 1065 aperta
2669 1004 2724 1050 et
2751 996 2915 1051 libera
2942 1009 3047 1048 non
3072 993 3190 1055 luit.
3210 993 3260 1046 in
3285 992 3529 1048 cavernis
3560 991 3735 1046 latuit.

2153 1085 2285 1151 Quia
2313 1094 2489 1142 autem
2522 1086 2729 1155 plebem
2778 1102 2885 1141 non
2916 1086 3100 1151 ﬁxam,
3131 1083 3225 1138 sed
3260 1083 3513 1138 mobilem
3544 1081 3734 1152 tenuit,

2153 1194 2261 1234 non
2292 1193 2456 1249 super
2484 1190 2713 1251 petram,
2739 1180 2906 1253 65.8
2932 1180 3028 1237 sed
3055 1193 3217 1250 super
3242 1179 3476 1251 glaream
3508 1179 3735 1246 mansit;

2153 1275 2186 1329 d
2250 1273 2441 1342 quibus
2473 1273 2646 1328 adhuc
2674 1273 2921 1330 subditur
2950 1290 2961 1326 :

2556 1388 2785 1463 CAPUT
2824 1380 3330 1461 xut‘[nec.x1v1.

2225 1481 2388 1537 Vens.
2421 1482 2476 1537 7.
2503 1511 2573 1522 -—
2609 1482 2712 1546 Qui
2743 1483 2877 1535 inter
2917 1479 3273 1548 huiuscemodi
3314 1476 3622 1533 testabantur
3642 1517 3658 1544 ,
3688 1483 3738 1531 et

2153 1591 2262 1629 esse
2288 1575 2381 1628 sub
2403 1575 2630 1629 sentibus
2653 1575 2863 1629 delicias
2887 1574 3269 1645 computabant.

2160 1652 2163 1655 ἰ
2226 1689 2317 1744 94.
2360 1686 2426 1741 In
2468 1689 2617 1742 rebus
2658 1688 2888 1757 pessimis
2922 1687 3181 1742 exsultant
3219 1694 3266 1740 et
3306 1683 3740 1738 delectantur.—

2083 1820 2130 1881 B
2156 1779 2292 1847 Quid
2325 1781 2541 1835 nomine
2580 1780 2811 1835 sentium
2844 1780 2945 1834 nisi
2983 1794 3076 1834 eas
3102 1792 3234 1848 quas
3259 1775 3368 1846 jam
3400 1773 3738 1843 supra‘dixi-

2134 1888 2278 1931 inus
2307 1872 2495 1943 (Num.
2529 1870 2590 1926 2|
2646 1872 2799 1936 huius
2842 1870 2980 1941 lib.)
3037 1868 3350 1938 punctiones
3402 1875 3742 1933 peccatorum

2158 1964 2542 2034 intelligimus?
2573 1962 2705 2031 Quia
2750 1972 2929 2018 autem
2977 1975 3241 2030 perversae
3272 1966 3477 2013 mentes
3507 1955 3743 2026 gaudent

2160 2056 2212 2109 in
2246 2054 2630 2124 iniquitatibus,
2653 2068 2788 2124 quas
2818 2054 2952 2109 ﬂere
2983 2051 3317 2117 debuerunt,
3351 2063 3543 2104 omnes
3571 2049 3742 2103 hatre-

2162 2145 2251 2198 tici
2281 2152 2427 2198 tanto
2460 2159 2519 2199 se
2550 2141 2570 2181 τ
2604 2144 2748 2198 inani
2798 2144 2978 2198 laetitia
3010 2143 3274 2202 extollunt
3296 2182 3311 2205 ,
3344 2149 3546 2211 quanto
3574 2139 3744 2207 magis

2161 2238 2227 2291 ad
2276 2237 2460 2306 pejora
2490 2237 2921 2301 convalescunt;
2976 2243 3135 2305 atque
3186 2249 3309 2289 esse
3356 2233 3455 2288 sub
3499 2231 3745 2287 sentibus

2159 2330 2379 2387 delicias
2418 2329 2695 2399 deputant,
2728 2331 2848 2400 quia
2895 2330 3021 2385 inde
3069 2343 3377 2398 perversam
3410 2340 3647 2383 mentem
3677 2326 3746 2381 ad

2160 2428 2410 2498 gaudium
2442 2426 2740 2491 sublevant,
2766 2426 2905 2479 unde
2926 2426 3107 2495 spinas
3140 2433 3480 2494 peccatorum
3509 2431 3744 2493 portant.

2159 2519 2291 2574 Nam
2316 2521 2360 2575 si
2392 2519 2608 2587 quando
2651 2518 2717 2573 ad
2756 2534 2994 2575 errorem
3035 2533 3190 2573 suum
3239 2519 3510 2573 valuerint
3558 2531 3747 2586 quem-

2126 2646 2132 2653 ι
2161 2612 2301 2682 piatn
2329 2612 2547 2668 trahere
2566 2614 2731 2676 ,‘sese
2762 2627 2857 2682 per
2887 2611 3125 2666 laetitiam
3149 2609 3383 2681 jactant;
3418 2619 3579 2680 atque
3606 2609 3750 2666 unde

2160 2704 2260 2759 sibi
2287 2716 2504 2774 peccata
2536 2703 2806 2774 quotidie,
2839 2704 3000 2757 etiam
3033 2703 3167 2758 alios
3194 2700 3487 2771 perdenda,
3519 2716 3750 2770 congre—

2161 2804 2306 2867 gant,
2340 2796 2463 2851 inde
2508 2810 2567 2851 se
2616 2810 2738 2850 esse
2781 2795 2931 2865 quasi
2980 2794 3145 2849 duces
3187 2775 3252 2847 ad
3280 2792 3538 2860 justitiam
3568 2792 3750 2849 exsul-

2162 2897 2299 2942 tant.
2336 2888 2478 2943 Bene
2507 2903 2638 2957 ergo
2667 2889 2858 2943 dicitur
2883 2903 2899 2941 :
2926 2886 3027 2952 Qui
3064 2888 3196 2940 inter
3224 2885 3582 2957 hujuscemodi
3604 2884 3750 2939 lata-

2162 2979 2365 3045 bantur,
2390 2989 2438 3033 et
2465 2996 2570 3035 esse
2591 2979 2683 3033 sub
2706 2979 2933 3034 sentibus
2959 2980 3172 3036 delicias
3202 2979 3582 3048 computabant.
3616 2978 3750 3033 Tra-

2162 3073 2295 3127 hunt
2338 3072 2483 3127 enim
2528 3088 2663 3142 quos
2694 3074 2869 3127 valent
2910 3073 2975 3126 ad
3029 3071 3383 3142 perditionem
3426 3084 3596 3137 suam,
3636 3080 3662 3118 ι
3691 3079 3749 3127 et

473 3165 548 3219 bis
573 3166 757 3219 dixerit
780 3182 796 3219 :
821 3164 952 3220 Ecce
981 3165 1067 3219 hic
1105 3176 1178 3220 est
1219 3163 1471 3236 Christus,
1495 3175 1583 3221 aut
1607 3184 1719 3221 ecce
1745 3170 1875 3236 illic,
1902 3170 2058 3222 nolite
2086 3218 2129 3237 η
2163 3167 2262 3223 sub
2296 3168 2529 3235 peccatis
2557 3181 2679 3223 esse
2702 3208 2718 3232 ,
2750 3170 2833 3223 vel
2862 3168 3034 3237 culpis
3076 3167 3262 3236 culpas
3296 3163 3497 3222 addere
3526 3166 3749 3222 credunt

474 3259 693 3314 credere.
727 3259 794 3314 Et
821 3274 1073 3315 rursum:
1097 3260 1160 3315 Si
1181 3260 1403 3314 dixerint
1428 3262 1567 3315 vobis
1587 3276 1605 3315 :
1623 3260 1759 3315 Ecce
1785 3264 1840 3316 in
1860 3263 2059 3317 deserto

473 3367 545 3410 est
563 3397 578 3421 ,
607 3355 765 3409 nolite
794 3356 933 3410 exire
955 3371 976 3409 :
1005 3370 1116 3409 ecce
1142 3356 1196 3409 in
1242 3356 1617 3425 penetralibus,
1651 3358 1807 3413 nolite
1834 3360 2055 3415 credere.

470 3447 623 3504 Sicut
651 3448 786 3502 enim
813 3444 839 3485 ἀ
865 3448 1042 3519 fulgur
1071 3448 1174 3502 exit
1205 3448 1267 3500 ab
1297 3446 1503 3502 Oriente
1521 3491 1536 3514 ,
1567 3458 1613 3503 et
1653 3457 1798 3519 paret
1825 3467 1982 3524 usque
2006 3454 2060 3507 in

474 3538 822 3608 Occidentem,
845 3541 919 3593 ita
946 3540 1043 3595 erit
1082 3550 1130 3595 et
1155 3542 1399 3595 aduentus
1431 3540 1559 3595 Filii
1600 3542 1820 3597 hominis
1843 3542 2057 3615 (Matth.

470 3649 614 3701 xxiv,
645 3635 735 3701 25,
764 3634 880 3707 26).
911 3635 1022 3691 Hoc
1054 3636 1233 3707 itaque
1262 3636 1370 3693 illic
1400 3638 1454 3692 in
1490 3639 1883 3707 penetralibus,
1916 3640 2058 3709 quod

468 3733 557 3789 hic
603 3733 797 3788 dicitur
838 3734 892 3789 iu
928 3734 1195 3789 cavernis.
1252 3734 1306 3788 In
1351 3734 1597 3788 cavernis
1643 3748 1773 3803 ergo
1820 3733 2059 3790 haeretici

471 3825 754 3891 habitant,
803 3826 927 3895 quia
972 3825 1289 3895 plerumque
1336 3839 1578 3881 errorem
1625 3839 1781 3880 suum
1835 3827 2061 3882 secretis

472 3917 945 3988 pradicationibus
992 3919 1303 3983 occultant,
1352 3927 1408 3971 ut
1459 3932 1565 3987 quo
1619 3931 1677 3972 se
1728 3918 2059 3974 doctioribus

471 4008 1017 4080 prudentioribusque
1056 4025 1159 4064 non
1213 4008 1471 4072 indicant,
1499 4023 1567 4063 eo
1592 4009 1658 4062 ad
1684 4022 1743 4064 se
1771 4010 2061 4065 vehemen-

473 4102 580 4156 tius
602 4100 881 4170 imperitos
909 4102 1145 4154 trahant.
1170 4099 1323 4171 [inde
1348 4100 1485 4154 bene
1509 4099 1671 4154 etiam
1697 4100 2058 4157 subinlertur:

482 4191 575 4248 Vel
598 4209 751 4263 super
778 4193 1030 4264 glaream.
1084 4192 1332 4248 Glaream
1378 4192 1574 4263 quippe
1610 4192 1729 4249 illos
1766 4194 2063 4251 minutissi-

473 4301 593 4341 mos
654 4286 862 4357 lapides
906 4285 1182 4340 dicimus°
1224 4300 1357 4355 quos
1411 4299 1545 4354 aqua
1595 4284 1824 4341 ﬂuvialis
1878 4286 2056 4342 trahit.

472 4380 732 4437 Doctores
780 4378 942 4448 igitur
973 4386 1345 4448 perversurum
1392 4378 1699 4449 dogmatum
1746 4394 1906 4449 super
1949 4381 2062 4449 gla-

364 4516 381 4533 ,
474 4486 623 4526 ream
654 4470 929 4537 habitant,
963 4472 1088 4541 quia
1114 4471 1232 4524 illas
1264 4469 1537 4524 hominum
1568 4477 1776 4525 mentes
1820 4468 2058 4536 trahunt,

471 4579 593 4635 qua:
621 4564 763 4618 nulla
793 4564 1072 4635 gravitatis
1121 4552 1413 4619 Stabilitate
1444 4563 1775 4630 solidantur,
1804 4577 1938 4633 quas
1970 4578 2058 4619 ve-

471 4659 554 4716 lut
579 4660 647 4716 de
694 4661 813 4716 loco
858 4675 1073 4729 semper
1102 4658 1169 4714 ad
1199 4659 1374 4714 locum
1414 4657 1629 4737 ﬂumina
1677 4672 1921 4713 errorum
1951 4656 2054 4711 du-

472 4761 620 4807 cunt.
671 4750 827 4807 Unde
865 4760 921 4808 et
949 4751 1278 4823 praedicator
1318 4750 1584 4821 egregius,
1611 4764 1732 4804 cum
1785 4748 2056 4804 auditores

470 4859 597 4899 suos
627 4860 733 4900 non
780 4844 1143 4914 temporaliter
1172 4844 1326 4907 duci,
1356 4842 1452 4897 sed
1484 4842 1603 4897 forti
1633 4850 1854 4911 cuperet
1880 4840 2054 4912 gravi-

472 4947 584 4995 tate
630 4938 872 5002 solidari,
904 4937 1181 4994 admonuit
1228 4938 1459 4992 dicens:
1488 4934 1556 4989 Ut
1594 4936 1708 5006 jam
1748 4952 1853 4988 non
1882 4934 2055 4991 ‘simus

470 5032 673 5104 paruuli
690 5034 1021 5103 ﬂuctuantes,
1054 5047 1144 5085 nec
1171 5028 1594 5099 circumferamur
1626 5027 1767 5081 omni
1790 5036 1935 5081 vento
1964 5027 2059 5082 do-

470 5123 655 5178 ctrina
684 5119 905 5195 (Ephes.
950 5136 1022 5190 tv,
1073 5120 1186 5189 M).
1236 5120 1432 5176 Sancta
1475 5119 1653 5189 itaque
1702 5117 1943 5174 Ecclesia
1967 5121 2054 5177 'ab

473 5213 802 5271 adversariis
845 5212 915 5269 ad
950 5211 1217 5269 modicum
1246 5210 1522 5282 depressa,
1549 5225 1674 5268 cum
1699 5208 1801 5268 sibi
1824 5211 2055 5271 audaces

549 5405 577 5466 Ρ
601 5396 714 5462 AL,
745 5394 895 5466 quasi
917 5393 1125 5449 testibus
1150 5391 1293 5447 solis.

546 5465 575 5505 δ
601 5465 838 5529 Gemet.,
868 5475 1139 5519 conantur.

548 5546 571 5575 ο
601 5534 812 5599 Germ.,
846 5536 984 5590 vadit
1013 5538 1204 5593 dicens.

534 5604 571 5731 ιδ
598 5607 654 5660 In
678 5617 903 5676 utroque
932 5607 1184 5664 Lauduet
1225 5606 1280 5661 in
1325 5606 1448 5662 aliis
1475 5605 1856 5661 vetustioribus
1884 5605 2059 5678 Cod.,

555 5693 665 5731 aor.

497 5693 665 5731 utaor.

473 5677 859 5811 fulg‘l’i‘tbditis,
874 5764 1002 5817 quos
1012 5765 1146 5808 aqua
1162 5750 1419 5819 pluvialis.
1436 5746 1800 5805 Mss.Vindoc.
1812 5790 1826 5813 ,
1844 5748 2056 5818 Germ.,

472 5818 704 5887 Turon.,
734 5818 1004 5880 haedum.
1037 5818 1244 5886 Norm.,
1275 5830 1380 5875 etc.
1401 5860 1415 5883 ,
1444 5819 1642 5876 habent
1667 5820 1911 5889 ﬂuvialis.

2082 3218 2131 3282 C

2165 3276 2227 3319 se
2252 3262 2511 3318 virtutum
2533 3263 2860 3331 opulentiam
2887 3262 3178 3317 cumulare.

2573 3369 2797 3425 CAPUT
2836 3369 2952 3424 xw
2994 3362 3140 3441 [ηις.
3185 3365 3335 3440 XV].

2239 3460 2399 3516 Vens.
2424 3460 2480 3517 8.
2500 3489 2572 3501 —
2588 3459 2715 3514 Filii
2737 3460 3009 3515 stultorum
3033 3470 3080 3515 et
3107 3456 3429 3533 ignobilium,
3460 3469 3508 3514 et
3534 3460 3588 3515 in
3614 3469 3751 3516 terra

2162 3553 2364 3623 penitus
2385 3568 2489 3606 non
2520 3562 2770 3624 parentes.

2232 3641 2324 3697 25.
2360 3640 2610 3697 Parentes
2638 3640 2997 3697 hereticorum
3021 3643 3163 3696 stulti
3192 3650 3238 3697 et
3260 3642 3525 3714 ignobiles.
3551 3672 3621 3683 —
3643 3642 3749 3699 Eo-

2163 3749 2281 3789 rum
2326 3734 2576 3789 vidclicet
2628 3734 2757 3800 lilii,
2791 3733 2878 3802 qui
2928 3734 3143 3789 luerunt
3187 3748 3434 3789 errorum
3468 3723 3749 3801 ‘magistri.

2163 3825 2285 3882 Filii
2316 3826 2481 3895 igitur
2524 3825 2774 3881 dicuntur
2793 3868 2807 3892 ,
2841 3840 2947 3880 non
2990 3826 3057 3880 de
3086 3840 3274 3880 eorum
3304 3824 3531 3892 semine,
3559 3825 3651 3880 sed
3680 3824 3752 3881 de

2163 3919 2463 3975 imitatione
2512 3920 2790 3989 generati,
2842 3920 2930 3988 qui
2974 3919 3513 3990 docendo-perversa
3539 3960 3555 3985 ,
3598 3918 3750 3975 stulti

2163 4011 2379 4067 luerunt
2404 4027 2499 4081 per
2520 4011 2907 4081 ignorantiam;
2940 4012 3166 4066 vivendo
3190 4013 3454 4080 nequiter,
3486 4011 3749 4081 ignobiles

2164 4118 2261 4174 per
2289 4103 2577 4159 actionem.
2620 4103 2722 4171 Qui
2768 4102 3114 4173 Redemptori
3149 4114 3334 4158 nostro
3363 4102 3506 4157 nulla
3535 4102 3751 4172 sapien-

2164 4199 2274 4267 tiae,
2300 4197 2443 4253 nulla
2492 4197 2618 4251 vitae
2665 4196 2987 4267 cognatiOne
3034 4194 3311 4265 conjuncti
3341 4205 3487 4251 sunt.
3541 4195 3615 4251 De
3642 4209 3750 4264 quo

2162 4288 2467 4346 Salomonis
2514 4304 2646 4345 voce
2676 4290 2728 4344 in
2766 4288 2921 4344 laude
2968 4298 3167 4342 sancta:
3216 4286 3473 4343 Ecclesia)
3516 4286 3748 4343 dicitur:

2164 4382 2373 4437 Nobilis
2401 4383 2455 4435 in
2485 4384 2643 4451 portis
2680 4381 2757 4435 uir
2794 4384 2906 4452 ejus
2938 4379 3120 4453 (Prov.
3148 4395 3294 4447 xxxi,
3325 4377 3443 4446 23).
3478 4378 3540 4433 Hi
3571 4380 3751 4446 itaque

2162 4478 2286 4549 quia
2330 4492 2578 4545 perversa
2626 4476 2920 4531 errantium
2976 4474 3220 4543 exempla
3272 4472 3442 4528 secuti
3479 4481 3626 4537 sunt,
3655 4471 3749 4527 lilii

2163 4557 2447 4627 stultorum
2499 4580 2554 4624 et
2603 4570 2916 4641 ignobilium
2968 4583 3089 4623 esse
3139 4575 3530 4622 memorantur.
3584 4566 3748 4620 Recte

2146 4674 2345 4722 autem
2376 4663 2715 4735 subiungitur
2739 4682 2752 4719 :
2784 4663 2851 4717 Et
2880 4664 2936 4717 in
2958 4673 3102 4717 terra
3130 4662 3332 4727 penitus
3353 4676 3455 4713 non
3495 4669 3744 4727 parentes,

2164 4758 2287 4828 quia
2335 4757 2462 4812 dum
2511 4756 2599 4812 hic
2646 4757 2818 4811 videri
2862 4754 3065 4824 aliquid
3116 4759 3410 4822 appetunt,
3440 4750 3686 4807 nimirum
3716 4764 3744 4806 a

2165 4861 2306 4909 terra
2331 4851 2624 4906 viventium
2654 4858 2899 4905 exsortes
2926 4848 3078 4901 llunt.

2233 4943 2327 4997 26.
2355 4941 2555 4997 Eadem
2580 4942 2645 4995 de
2669 4939 2961 4994 carnalibus
2990 4938 3090 4991 dici
3116 4944 3325 5006 possunt
3351 4950 3467 5006 qua:
3493 4937 3557 4987 de
3587 4932 3744 4987 hars-

2168 5034 2388 5090 ticis.—'
2408 5033 2517 5089 Sed
2546 5034 2649 5088 hoc
2678 5030 2821 5097 quod
2851 5031 2902 5085 in
2936 5028 3309 5083 haereticorum
3335 5034 3461 5096 typo
3488 5023 3743 5087 diximus,

2160 5129 2386 5184 omnino
2414 5127 2492 5182 nil
2520 5127 2701 5183 obstat
2727 5126 2773 5181 si
2794 5126 2957 5181 etiam
2983 5123 3053 5178 de
3082 5120 3355 5199 perversis
3375 5127 3536 5189 atque
3563 5131 3749 5172 carna-

2162 5220 2326 5290 libus,
2347 5220 2595 5293 quamvis
2618 5220 2674 5276 in
2695 5226 2840 5276 recta
2865 5216 2974 5272 ﬁde
2996 5213 3205 5286 positis,
3226 5210 3541 5269 sentiamus.
3563 5208 3749 5279 Neque

2236 5451 2255 5490 ί
2288 5453 2538 5531 _Vindoc.,
2571 5453 2712 5509 inani
2734 5454 2925 5531 gloria.
3043 5521 3059 5531 ς

2231 5532 2258 5571 κ
2289 5526 2486 5581 Locum
2520 5526 2661 5580 hunc
2696 5524 3171 5597 restituimus'ope
3208 5527 3335 5586 Mss.
3364 5538 3419 5585 et
3454 5540 3566 5585 vet.
3600 5530 3744 5587 Edit.

2158 5593 2215 5671 lu
2244 5597 2373 5671 Mss.
2405 5598 2586 5671 G_erm.
2611 5608 2667 5671 et
2694 5595 2748 5649 in
2770 5596 2910 5671 Edit.
2936 5593 3359 5671 GilotIaliisque
3391 5602 3746 5669 sequentibus

2157 5666 2350 5733 legitur
2374 5686 2385 5719 :
2415 5666 2478 5719 Et
2501 5684 2553 5721 se
2571 5668 2665 5720 sub
2690 5670 2909 5741 peccatis
2938 5684 3113 5723 esse...
3143 5686 3244 5723 non
3265 5666 3501 5741 credunt,
3526 5681 3613 5728 sed
3642 5674 3749 5726 vir-

2158 5746 2318 5814 tutum
2347 5780 2361 5802 ,
2387 5747 2515 5802 etc.,
2548 5753 2712 5814 sensu
2746 5740 2901 5814 plane
2948 5742 3215 5814 contrario
3246 5742 3332 5814 iis,
3357 5740 3495 5812 quae
3520 5745 3746 5814 legimus

2160 5811 2211 5862 in
2244 5808 2391 5874 Mss.,
2415 5819 2537 5863 eaet.
2569 5811 2805 5880 Anglic.,
2831 5810 3040 5872 Norm..
3071 5812 3267 5881 Laud.,
3297 5808 3525 5884 Turon.,
3556 5808 3666 5873 etc.
