4044 6346
272 361 371 415 153

1177 362 1543 422 MORALIUM
1581 363 1712 421 Ll-B.
1755 362 1874 420 XX.
1915 391 1982 405 --
2021 359 2251 420 CAPUT
2291 363 2410 421 X-IX
2447 366 2509 421 Β.
2551 367 2690 427 JOB.

3447 371 3548 425 154

265 480 408 535 enim
444 486 638 533 sancta
682 477 974 534 electorum
1019 479 1258 536 Ecclesia
1307 483 1453 538 solos
1482 483 1580 538 sibi
1614 483 1865 538 adversa—
1891 485 1945 542 Α
1970 488 2350 550 conqueratur,
2374 480 2559 535 dicens
2581 498 2595 534 :
2617 480 2805 536 Aliena
2829 481 2990 536 etiam
3014 479 3275 550 violenter
3290 479 3550 551 rapiendo

267 574 378 628 rios
408 570 644 639 deputat
673 571 762 638 qui
790 570 856 623 ab
884 569 1002 639 ejus
1033 571 1136 626 ﬁde
1166 572 1324 640 positi
1350 583 1498 628 extra
1522 574 1861 640 dissentiunt,

260 664 351 720 sed
381 677 488 718 eos
515 676 729 731 quoque
772 663 858 732 qui
899 664 1059 716 vitam
1109 664 1249 719 illius
1288 666 1425 720 male
1459 665 1685 720 vivendo
1715 665 1862 719 inte-

260 756 368 811 rius
403 763 683 823 premunt.
721 751 1123 821 Contenipletur
1153 755 1315 825 igitur
1346 770 1581 808 terumna
1607 755 1861 810 irruentis

258 847 615 902 adversitatis
640 845 858 913 alflicta,
887 847 1154 916 quomodo
1187 849 1558 920 prosperitatis
1587 865 1698 904 suae
1730 860 1864 904 tem-

259 953 386 1008 pore
445 938 760 1006 iniquorum
814 948 868 991 et
899 947 924 974 ι
957 938 1092 992 intra
1144 954 1203 994 se
1248 940 1543 993 viventium
1600 941 1862 1009 pravitate

259 1040 484 1100 gravata
515 1029 607 1083 sit.
637 1029 1044 1097 Contempletur
1088 1029 1228 1098 quod
1274 1031 1608 1097 exigentibus
1656 1033 1859 1087 meritis

258 1121 645 1193 quorumdam,
676 1135 781 1174 non
814 1120 1011 1189 injuste
1041 1122 1093 1174 in
1141 1120 1226 1174 illa
1257 1122 1362 1175 vita
1415 1123 1621 1176 turbata
1651 1125 1719 1176 sit
1745 1139 1860 1176 om-

260 1217 428 1280 nium,
467 1222 524 1268 et
558 1213 740 1266 dicat:
770 1211 873 1276 Qui
923 1213 1166 1266 rodebant
1193 1214 1248 1266 in
1281 1214 1582 1279 solitudine,
1617 1214 1856 1282 squalen-

260 1319 324 1363 tes
352 1308 657 1361 calamitate
691 1316 741 1359 et
767 1307 996 1360 miseria.
1031 1305 1181 1362 Sicut
1213 1307 1264 1361 in
1293 1308 1461 1376 prima
1495 1307 1650 1377 hujus
1677 1307 1856 1376 Operis

263 1408 406 1469 parte
442 1399 698 1468 praelatus
728 1412 878 1462 sum,
911 1395 936 1433 δ
970 1413 1064 1466 per
1092 1397 1342 1450 virtutem
1391 1397 1855 1464 contemplationis

267 1505 650 1560 nonnunquam
681 1491 822 1544 solet
854 1489 1079 1558 intelligi
1107 1487 1340 1543 solitudo
1374 1489 1588 1543 mentis.
1621 1488 1725 1544 Sed
1753 1489 1853 1543 hoc

268 1588 315 1640 in
342 1585 464 1639 loco
481 1599 615 1648 ,cum
639 1581 874 1636 solitudo
902 1597 996 1649 per
1021 1579 1447 1650 objurgationem
1483 1580 1699 1646 dicitur,
1725 1583 1852 1651 quid

269 1676 402 1729 aliud
434 1690 596 1744 quam
655 1674 798 1727 ho‘ni.
830 1673 1106 1727 destitutio
1148 1674 1587 1749 demonstratur?
1620 1675 1769 1729 Unde
1799 1687 1854 1731 et

274 1768 365 1822 sub
393 1767 592 1822 Iudaea:
624 1776 752 1834 typo
784 1765 1047 1822 Jeremias
1079 1767 1375 1834 peccatoris
1405 1768 1635 1821 animam
1667 1768 1853 1836 deplo-

281 1871 378 1922 rat,
403 1861 609 1914 dicens;
635 1857 907 1922 Quomo‘do
938 1857 1080 1911 sedet
1112 1858 1223 1911 sola
1245 1859 1423 1912 civitas
1463 1857 1613 1925 plena
1659 1860 1848 1929 populo
1879 1873 1925 1933 Β
1955 1882 2054 1936 bus
2108 1885 2419 1952 plerumque
2456 1881 2474 1919 τ

294 1954 500 2022 nmen.
531 1970 564 2017 ι,
597 1956 682 2023 l)?
715 1954 819 2008 Sed
850 1968 972 2006 cum
1021 1967 1116 2022 per
1165 1951 1376 2007 beatum
1425 1953 1524 2008 Job
1551 1953 1618 2008 de
1675 1957 1851 2022 pravis

297 2050 494 2102 dicitur:
516 2047 781 2101 Rodcbant
809 2050 862 2100 in
880 2047 1172 2115 solitudine,
1190 2047 1319 2101 libet
1342 2047 1534 2101 intueri
1567 2048 1668 2102 hoc
1688 2048 1850 2104 etiam

285 2138 409 2213 quod
456 2159 548 2211 per
597 2142 937 2197 Psalmistam
969 2143 1165 2197 dictum
1194 2152 1276 2197 est
1306 2161 1316 2194 :
1355 2141 1566 2199 Inimici
1611 2149 1722 2217 ejus
1752 2156 1853 2200 ter-

275 2255 369 2288 ram
390 2239 590 2307 [ingerit
611 2237 786 2307 (Psal.
818 2252 968 2303 Lxxl,
1000 2237 1073 2307 9).

327 2328 490 2400 65,9
517 2330 610 2382 27.
656 2329 814 2402 [Ven
847 2327 967 2382 XII
976 2326 1023 2398 .]
1055 2330 1159 2383 Alii
1179 2331 1503 2394 adulatione,
1535 2331 1632 2385 alii
1672 2343 1854 2402 aperta

265 2420 303 2471 ri
329 2420 563 2473 araritite
589 2422 818 2476 student.
852 2450 919 2461 —
943 2421 1058 2476 Duo
1079 2423 1275 2492 quippe
1303 2433 1427 2478 sunt
1448 2439 1646 2495 genera
1682 2425 1856 2480 homi-

258 2530 377 2566 num
437 2515 726 2568 ambitioni
788 2531 899 2570 suae
953 2517 1303 2571 servientium
1359 2535 1373 2572 :
1432 2534 1602 2574 unum
1662 2519 1851 2575 videli-

256 2619 331 2662 tet
358 2609 509 2678 quod
537 2623 756 2678 semper
801 2610 866 2665 ad
926 2611 1202 2666 avaritiam
1255 2612 1637 2668 blandimentis
1691 2614 1855 2669 utitur

255 2701 490 2772 linguae;
534 2703 682 2756 aliud
715 2718 845 2758 vero
877 2706 1020 2774 quod
1060 2715 1243 2774 aperta
1280 2707 1328 2760 vi
1358 2707 1592 2762 intendit
1631 2709 1854 2778 rapiam.
1891 2693 1897 2701 ’

251 2795 381 2849 Nam
438 2794 704 2863 redimus,
746 2813 866 2850 cum
900 2797 1103 2868 aliquid
1133 2800 1370 2854 exterius
1401 2801 1521 2854 forti
1551 2801 1740 2856 adnisu
1772 2815 1856 2857 at-

252 2887 502 2941 terimus.
551 2887 831 2942 Lambitur
857 2890 1000 2943 enim
1032 2891 1245 2958 quando
1290 2891 1391 2946 hoc
1412 2894 1552 2960 quod
1585 2894 1669 2948 edi
1701 2895 1858 2951 facile

250 2999 351 3036 non
385 2983 867 3052 potest,impressa
888 2985 1083 3052 linguas
1107 2986 1332 3039 lenitate
1361 2996 1625 3055 gustatur.
1658 2987 1858 3044 Omnes

248 3076 414 3146 igitur
458 3077 624 3130 etiam
684 3076 782 3130 sub
830 3077 1012 3145 specie
1071 3077 1194 3132 ﬁdei
1245 3094 1410 3148 prave
1461 3078 1734 3146 viventes,
1768 3079 1858 3149 qui

250 3170 424 3223 aliena
452 3177 736 3238 appetunt,
768 3170 862 3224 sed
887 3185 948 3224 ea
971 3186 1092 3240 qua:
1133 3182 1391 3240 appetunt
1419 3188 1607 3242 rapere
1654 3188 1857 3244 nequa-

1968 589 2073 629 non
2105 574 2380 640 roderent,
2405 574 2504 628 nisi
2534 575 2683 643 prius
2718 575 2817 642 ipsi
2849 575 2902 629 in
2929 575 3273 630 interioribus
3295 577 3406 632 suis
3444 577 3546 634 soli

1965 681 2030 721 ac
2050 667 2200 720 vacui
2229 680 2258 720 a
2286 665 2540 719 virtutum
2572 665 2776 720 cultura
2816 676 3173 724 remanerent.
3200 668 3343 724 Bene
3367 679 3547 724 autem

1967 774 2149 814 eorum
2177 759 2484 827 qualitatem
2517 759 2764 828 explicat,
2799 759 2983 815 dicens
3014 779 3026 812 :
3063 760 3369 828 Squalentes
3410 760 3550 816 cala-

1966 854 2142 906 mitate
2163 862 2207 906 et
2234 852 2460 906 miseria.
2505 851 2671 922 Egra
2703 869 2930 924 namque
2954 869 3079 909 caro
3107 856 3154 908 si
3194 855 3433 911 studiose
3457 873 3549 912 cu-

1965 945 2068 999 rari
2098 946 2402 1016 negligitur,
2434 947 2680 1016 squalore
2701 947 2929 1015 desuper
2958 946 3117 1002 ducto
3141 949 3194 1002 in
3237 949 3550 1007 inﬁrmitate

1963 1039 2199 1096 deterius
2237 1051 2512 1110 gravatur:
2546 1051 2600 1095 et
2634 1041 2760 1094 dum
2788 1042 3078 1094 calamitati
3100 1042 3428 1112 aegritudinis
3453 1061 3549 1098 ne-

1961 1136 2226 1206 gligentia:
2267 1135 2488 1189 miseria
2530 1133 2766 1202 additur,
2817 1134 3028 1204 gravior
3075 1134 3319 1190 molestia
3355 1136 3548 1192 oborto

1960 1231 2208 1302 squalore
2236 1230 2513 1285 toleratur.

2030 1323 2120 1378 28.
2159 1321 2376 1377 Natura:
2402 1322 2785 1379 necessitatibus
2814 1323 2928 1393 plus
2949 1338 3095 1393 atquo
3125 1325 3414 1393 servientes,
3435 1327 3546 1396 ejus

1957 1417 2284 1486 inﬁrmitates
2309 1433 2575 1487 augemus.
2601 1447 2671 1457 —
2691 1417 2888 1473 Natura
2940 1419 3098 1489 igitur
3127 1420 3355 1474 humana
3409 1420 3546 1476 bene

1958 1509 2193 1575 condita,
2235 1509 2328 1564 sed
2359 1510 2425 1563 ad
2457 1509 2821 1565 inﬁrmitatem
2845 1511 2978 1566 vitio
3002 1513 3233 1581 proprias
3256 1513 3546 1569 voluntatis

1959 1603 2128 1672 lapsa,
2159 1604 2211 1656 in
2235 1605 2591 1659 calamitatem
2627 1605 2840 1670 cecidit,
2884 1606 3007 1675 quia
3042 1621 3224 1673 pressa
3253 1606 3546 1662 innumeris

1958 1697 2388 1763 necessitatibus,
2415 1697 2543 1752 nihil
2578 1699 2629 1752 in
2657 1701 2756 1753 hac
2784 1700 2889 1753 vita
2920 1699 3022 1753 nisi
3054 1699 3196 1755 unde
3225 1700 3547 1772 afﬁigeretur

1957 1790 2181 1845 invenit.
2215 1790 2320 1846 Sed
2351 1806 2472 1844 cum
2504 1791 2708 1845 eisdem
2753 1803 2956 1846 natura:
2985 1802 3184 1846 nostrae
3213 1793 3548 1846 necessitati-

2524 1884 2640 1952 plus
2696 1899 2854 1952 quam
2906 1885 3123 1953 expedit
3168 1885 3542 1954 deservimus,

1955 1977 2259 2044 mentisque
2283 1990 2464 2029 curam
2504 1975 2845 2044 negligimus,
2870 1991 2934 2029 ex
2965 1976 3179 2031 miseria
3208 1977 3544 2046 negligentia

1956 2066 2256 2123 infirmitati
2290 2077 2486 2121 nostra:
2517 2066 2764 2119 addimus
2800 2066 3102 2135 squalorem
3129 2066 3317 2135 culpm.
3347 2067 3545 2121 Neces-

1956 2159 2144 2213 sitates
2171 2174 2399 2227 namque
2421 2157 2691 2212 naturales
2716 2157 2817 2211 hoc
2849 2156 3048 2212 habere
3087 2157 3240 2211 valde
3281 2157 3544 2224 periculo-

1955 2266 2073 2304 sum
2112 2249 2304 2313 solent,
2335 2251 2478 2320 quod
2530 2266 2677 2320 saepe
2725 2252 2776 2305 in
2826 2251 2904 2305 eis
2957 2252 3178 2306 minime
3224 2250 3543 2305 discernitur

1957 2340 2084 2410 quid
2124 2341 2264 2395 circa
2292 2342 2414 2395 illas
2440 2358 2533 2410 per
2564 2341 2808 2396 utilitatis
2840 2341 3074 2395 studium
3097 2349 3151 2396 et
3179 2340 3302 2410 quid
3334 2356 3427 2411 per
3448 2355 3543 2395 vo-

1957 2432 2178 2501 luptatis
2223 2433 2412 2486 vitium
2460 2443 2668 2502 agatur.
2719 2433 2928 2488 Crebro
2967 2435 3108 2487 enim
3140 2433 3425 2488 occasione
3455 2447 3542 2488 se-

1957 2523 2228 2579 ductionis
2268 2527 2508 2589 inventa,
2532 2527 2656 2578 dum
2680 2525 2989 2581 necessitati
3031 2525 3206 2581 debita
3247 2525 3543 2593 reddimus,

1957 2616 2240 2686 voluptatis
2268 2617 2398 2672 vitio
2427 2617 2786 2683 deservimus,
2821 2627 2875 2671 et
2926 2616 3250 2671 inﬁrmitatis
3281 2617 3546 2673 velamine

1958 2718 2083 2762 ante
2108 2707 2452 2762 discretionis
2483 2709 2666 2762 oculos
2715 2709 2994 2763 excusatio
3039 2718 3220 2763 nostra
3249 2723 3308 2762 se
3339 2709 3544 2778 palliat,

1958 2815 2021 2853 ac
2053 2802 2204 2869 quasi
2232 2799 2331 2853 sub
2358 2787 2657 2870 patrocinio
2679 2799 2958 2869 explenda:
3008 2801 3255 2855 utilitatis
3292 2800 3545 2855 occultat.

1961 2893 2327 2947 Infirmitatem
2361 2907 2488 2946 vero
2529 2902 2730 2945 natura:
2772 2900 2970 2946 nostra:
3015 2906 3112 2959 per
3164 2891 3540 2960 negligentiam

1959 2985 2221 3050 relaxare,
2256 2984 2385 3038 nihil
2428 2994 2510 3037 est
2560 2982 2700 3036 aliud
2733 2998 2890 3052 quam
2935 2980 3222 3036 calamitati
3274 2981 3545 3038 miseriam

1960 3077 2181 3142 addere,
2213 3090 2275 3130 ac
2314 3075 2566 3129 vitiorum
2624 3076 2927 3143 squalorem
2979 3089 3046 3129 ex
3085 3073 3270 3128 eadem
3329 3075 3545 3130 miseria

1953 3149 2337 3235 multiplicare.
2386 3166 2539 3221 Unde
2569 3166 2745 3220 sancti
2792 3165 2892 3219 viri
2925 3165 2978 3218 in
3010 3179 3167 3219 omne
3196 3163 3336 3234 quod
3386 3173 3547 3233 agunt

250 3278 410 3330 quam
465 3271 721 3330 possunt,
754 3261 966 3316 blandis
1012 3272 1187 3317 autem
1221 3265 1564 3320 sermonibus
1595 3275 1649 3320 et
1699 3267 1853 3336 quasi
1879 3271 1925 3335 C
1961 3260 2353 3316 studiosissitna
2401 3261 2699 3314 intentione
2751 3259 3085 3323 discernunt,
3115 3257 3280 3329 650
3311 3272 3375 3312 ne
3419 3257 3547 3328 quid

249 3354 478 3408 mollitie
535 3353 842 3409 dulcedinis
893 3356 1183 3419 concupita
1223 3356 1540 3412 abstrahere
1569 3367 1853 3427 conantur,

252 3445 376 3514 quid
396 3445 549 3498 aliud
575 3462 736 3515 quam
756 3458 950 3501 terram
976 3448 1218 3516 lingunt?
1243 3449 1364 3514 quia
1393 3459 1603 3504 terrena
1630 3465 1856 3520 quaeque

254 3556 368 3605 qua:
420 3539 628 3592 virtute
668 3551 940 3606 nequeunt
971 3538 1204 3606 auferre,
1239 3542 1466 3596 mollitie
1514 3542 1708 3610 lingua:
1738 3558 1852 3596 mo-

258 3631 469 3685 liuntur.
524 3630 628 3697 Qui
669 3646 799 3685 vero
847 3632 899 3686 in
960 3634 1060 3687 hoc
1113 3633 1311 3688 mundo
1353 3635 1531 3705 aliqua
1590 3646 1856 3704 potestate

268 3723 456 3778 suﬁulti
488 3733 644 3790 sunt,
679 3733 733 3778 et
762 3726 1209 3794 concupiscentes
1242 3728 1436 3792 aliena,
1466 3728 1693 3782 blandiri
1733 3731 1857 3796 qni-

273 3815 376 3869 dem
399 3832 461 3870 ex
491 3815 689 3870 fraude
710 3815 1032 3884 despiciunt,
1068 3819 1188 3887 quia
1218 3819 1378 3871 etiam
1410 3817 1613 3888 injusto
1661 3819 1858 3874 robore

263 3920 482 3977 possunt
518 3909 754 3978 implere
783 3910 927 3978 qund
963 3909 1168 3977 volunt,
1202 3909 1254 3963 hi
1284 3912 1384 3966 hoc
1415 3911 1554 3981 quod
1603 3920 1861 3981 appetunt

261 4017 356 4056 non
392 4001 679 4068 lambunt,
729 4003 823 4056 sed
853 4003 1082 4069 rodunt,
1133 4005 1385 4072 quoniam
1437 4007 1857 4076 propinquorum

257 4096 414 4148 vitam
449 4095 771 4149 fortitudine
800 4094 993 4163 virium
1021 4097 1165 4150 velut
1193 4097 1381 4151 adnisu
1411 4098 1650 4152 dentium
1675 4098 1862 4153 demo-

259 4188 478 4241 liuntur.
516 4187 828 4257 Conspiciat
859 4190 1039 4258 itaque
1066 4199 1249 4246 sancta
1278 4190 1516 4246 Ecclesia
1542 4207 1701 4246 veras
1725 4191 1860 4246 divi-

257 4281 356 4336 tias
392 4291 415 4319 ε
449 4292 671 4335 mternaa
707 4284 922 4351 patrias;
949 4286 1249 4354 conspiciat
1282 4287 1633 4355 frequentiam
1677 4302 1864 4356 super-

257 4388 447 4427 norum
482 4374 723 4438 civium;
774 4369 1071 4444 conspiciat
1125 4377 1176 4431 in
1220 4378 1407 4434 electis
1461 4381 1572 4433 suis
1604 4376 1631 4417 ει
1660 4381 1861 4435 cultum

259 4464 477 4527 mentis,
531 4473 586 4518 et
629 4466 1098 4520 innumerabilium
1158 4469 1297 4522 bona
1356 4471 1646 4535 virtutum,
1703 4482 1864 4540 atque

261 4558 328 4609 ab
359 4557 440 4610 eis
482 4558 551 4610 ad
586 4573 872 4626 pravorum
910 4561 1074 4613 vitam
1129 4564 1271 4614 omni
1322 4562 1462 4615 bono
1509 4562 1860 4633 destitutam,

1962 3354 2081 3422 plus
2128 3355 2195 3406 ab
2246 3352 2323 3406 eis
2373 3364 2577 3406 naturae
2626 3368 2735 3406 sua:
2776 3351 3077 3418 inﬁrmitas,
3124 3367 3281 3421 quam
3325 3351 3550 3406 debetur

1963 3449 2162 3517 exigat,
2191 3462 2257 3501 ne
2288 3446 2389 3501 sub
2421 3447 2760 3506 necessitatis
2795 3447 3026 3516 tegmine
3047 3447 3100 3499 in
3133 3446 3212 3499 eis
3241 3444 3426 3500 vitium
3457 3461 3550 3500 vo-

1961 3538 2178 3607 luptatis
2227 3549 2526 3591 excrescat.
2555 3536 2713 3591 Aliud
2745 3537 2890 3590 enim
2934 3551 2998 3590 ex
3042 3535 3372 3600 inﬁrmitate,
3403 3534 3558 3608 aliud,

1960 3653 2023 3692 ex
2049 3634 2358 3691 tentationis
2389 3634 2726 3702 suggestione
2757 3633 3052 3696 sustinent;
3084 3641 3140 3686 et
3161 3630 3313 3700 quasi
3330 3631 3548 3700 quidam

1963 3725 2248 3782 reetissimi
2285 3735 2307 3772 κ
2353 3726 2540 3780 arbitri
2592 3726 2731 3779 inter
2777 3725 3150 3779 necessitatem
3190 3723 3549 3793 voluptatem-

1961 3833 2065 3889 que
2110 3817 2409 3884 consntuti,
2439 3816 2464 3851 ῖι
2497 3815 2633 3870 hanc
2663 3815 2992 3870 consolando
3041 3814 3342 3879 sublevant,
3401 3815 3546 3870 illam

1963 3907 2255 3980 premendo
2302 3908 2532 3961 frenant.
2579 3906 2730 3962 Unde
2755 3907 2812 3959 lit
2844 3913 2901 3959 ut
2929 3913 2984 3961 et
3023 3906 3068 3960 si
3092 3904 3412 3960 inﬁrmitatis
3437 3921 3548 3962 sua

1961 3999 2317 4056 calamitatem
2353 4001 2600 4067 tolerent,
2642 4009 2822 4053 tamen
2852 3999 2917 4052 ad
2967 4000 3273 4068 squalorem
3315 3999 3548 4056 miserias

1964 4110 2057 4164 per
2089 4092 2465 4163 negligentiam
2509 4107 2617 4144 non
2665 4090 3014 4145 descendant.
3061 4089 3172 4143 Hoc
3201 4093 3375 4159 ipsum
3404 4091 3549 4146 enim

1963 4201 2084 4240 esse
2115 4186 2165 4239 in
2205 4185 2532 4249 calamitate,
2562 4193 2644 4238 est
2673 4183 3018 4238 necessitates
3048 4192 3250 4235 naturae
3279 4197 3344 4237 ex
3369 4183 3548 4238 carnis

1963 4278 2138 4332 adhuc
2161 4278 2523 4348 corruptibilis
2552 4277 2864 4330 inﬁrmitate
2885 4275 3172 4330 sustinere.
3197 4276 3340 4343 Quas
3368 4277 3549 4330 videli-

1964 4379 2048 4426 cet
2095 4372 2441 4425 necessitates
2487 4369 2732 4439 cupiebat
2783 4371 3033 4432 evadere,
3066 4369 3155 4437 qui
3184 4367 3392 4422 dicebat
3424 4387 3435 4420 :
3469 4368 3548 4422 De

1964 4461 2346 4516 necessitatibus
2368 4464 2490 4515 meis
2523 4467 2662 4532 eripe
2689 4477 2766 4515 me
2806 4460 2977 4532 (Psal.
3014 4475 3157 4525 xxtv,
3193 4461 3303 4530 i7).
3335 4461 3548 4518 Sciebat

1965 4558 2106 4612 enim
2140 4559 2452 4628 plerumque
2475 4557 2808 4624 voluptatum
2859 4555 3042 4624 culpas
3068 4569 3134 4610 ex
3166 4557 3546 4612 necessitatum

263 4649 455 4701 mentis
484 4649 698 4702 oculum
747 4662 994 4713 revocet;
1027 4659 1081 4704 et
1111 4668 1174 4703 ex
1208 4651 1417 4705 illorum
1448 4655 1851 4723 comparatione
1878 4653 1932 4714 Ι)
1964 4652 2252 4707 occasione
2286 4665 2670 4722 prorumpere;
2701 4659 2755 4704 et
2786 4665 2856 4704 ne
2893 4649 3020 4717 quid
3061 4655 3268 4718 sponte'
3307 4650 3547 4705 illicitum

268 4743 434 4796 rideat
462 4744 695 4810 qualiter
717 4743 815 4797 ista
847 4745 1055 4798 cunctis
1084 4746 1366 4799 virtutibus
1413 4752 1481 4800 sit
1514 4763 1699 4816 vacua,
1732 4748 1854 4818 quia

269 4850 494 4901 superna
524 4835 792 4897 deseruit,
824 4846 879 4889 et
911 4836 1092 4890 inﬁma
1139 4837 1466 4905 concupivit.
1504 4837 1692 4892 Videat
1721 4855 1855 4908 quo.

270 4926 418 4979 modo
451 4927 768 4995 plerumque
793 4926 845 4980 id
879 4928 1016 4994 quod
1047 4929 1270 4996 appetit,
1316 4929 1359 4982 si
1392 4928 1622 4984 f0rtasse
1654 4945 1856 4997 praeva-

273 5019 356 5085 let,
396 5022 560 5074 etiam
595 5019 856 5075 violenter
901 5022 1059 5089 rapit.
1094 5021 1278 5076 Videat
1325 5022 1458 5076 tales
1484 5033 1506 5059 ο
1539 5021 1691 5092 quasi
1721 5023 1856 5078 intra

272 5127 322 5166 se
357 5116 561 5182 positos
591 5113 681 5166 diu
709 5113 986 5176 tolerasse,
1012 5124 1172 5182 atque
1194 5130 1258 5168 ex
1292 5129 1476 5169 eorum
1501 5116 1671 5184 culpis
1693 5132 1857 5186 usque

272 5203 328 5256 ad
366 5204 630 5258 bonorum
671 5219 884 5272 quoque
911 5205 1144 5272 pericula
1181 5220 1243 5260 ac
1290 5205 1614 5260 detrimenta
1665 5223 1855 5276 perve-

272 5298 421 5363 nisse,
446 5309 502 5352 et
524 5297 698 5352 dicat:
721 5297 823 5362 Qui
843 5300 1087 5355 rodebant
1109 5301 1163 5353 in
1187 5300 1480 5353 solitudine.
1503 5302 1578 5354 Ac
1607 5299 1650 5354 si
1682 5311 1864 5370 aperte

335 5444 358 5471 ⁸
390 5435 593 5489 Pratel.
620 5449 682 5488 ac
712 5436 945 5500 Gemet.,
979 5438 1112 5489 intra
1143 5437 1479 5490 sa’vientium.

335 5503 359 5542 δ
392 5506 588 5579 Laud.,
617 5506 802 5569 Corb.,
833 5506 1039 5567 Germ.,
1070 5507 1277 5573 Norm.,
1302 5517 1434 5573 etc.,
1462 5524 1553 5579 pro
1575 5508 1776 5563 virtute.

336 5587 357 5614 ο
385 5578 630 5644 Plurimi,
662 5588 866 5633 (eterna:
892 5580 1071 5646 gloria:

333 5646 358 5683 ἀ
385 5649 633 5710 Vindoc.,
670 5650 863 5702 culmen
897 5652 1096 5702 mentis.

335 5718 643 5791 {Vindoc,
679 5722 826 5786 quasi
854 5721 1198 5791 interpositos.
1229 5720 1392 5776 Corb.
1425 5723 1634 5785 Germ.,
1665 5721 1850 5774 Norm.

271 5799 318 5841 et
356 5790 553 5857 l.aud.,
606 5792 772 5845 rideat
803 5793 926 5846 tales
957 5809 1008 5846 se
1038 5794 1185 5857 quasi
1215 5795 1349 5846 intra
1392 5797 1604 5860 positos.
1642 5793 1850 5858 Germ.,

270 5862 426 5917 rideat
458 5863 587 5917 tales
609 5879 716 5918 esse
742 5865 890 5934 quasi
917 5866 971 5918 in
1002 5872 1139 5917 terra
1167 5867 1374 5934 positos.
1396 5863 1560 5920 Gilot.
1585 5865 1648 5918 ad
1681 5873 1849 5934 marg.

1963 4747 2294 4811 admitteret,
2333 4745 2435 4799 hoc
2469 4745 2644 4813 ipsum
2675 4743 2954 4814 satagebat
2981 4742 3165 4811 evelli,
3188 4743 3330 4814 quod
3363 4745 3548 4800 nolens

1961 4855 2024 4893 ex
2053 4839 2233 4892 radice
2264 4837 2547 4892 tolerabat.

2034 4930 2122 4984 '29.
2154 4929 2418 4994 Carnales,
2460 4931 2582 4981 dum
2614 4929 2898 4982 necessitati
2928 4928 3135 4996 obsequi
3173 4929 3430 4995 videntur,
3459 4945 3545 4982 ro-

1963 5022 2147 5088 luptati
2170 5019 2414 5073 seruiunt.
2447 5015 2654 5072 Utinam
2683 5018 2854 5087 pravis
2900 5033 3034 5070 mors
3062 5034 3157 5072 sua
3186 5017 3295 5072 sola
3343 5019 3550 5087 sufﬁce-

1964 5126 2058 5164 ret.
2084 5140 2154 5150 —
2184 5111 2254 5164 At
2282 5117 2469 5163 contra
2503 5109 2651 5178 pravi
2704 5109 2936 5178 gaudent
2969 5110 3020 5164 in
3062 5111 3142 5166 eis
3191 5109 3548 5178 corruptionis

1965 5223 2074 5262 sua:
2107 5207 2539 5271 necessitatibus,
2581 5205 2703 5275 quia
2737 5205 2987 5260 nimirum
3017 5221 3109 5262 eas
3154 5205 3221 5259 ad
3267 5219 3418 5258 usum
3450 5216 3548 5257 vo-

1970 5302 2237 5370 luptatum
2267 5307 2597 5367 retorquent.
2629 5295 2761 5353 Cum
2783 5297 2927 5353 enim
2947 5295 3250 5353 reﬁciendis
3273 5294 3395 5350 cibo
3421 5309 3548 5350 cor-

1963 5437 2240 5490 annotavit
2268 5437 2320 5489 in
2351 5447 2504 5502 terra,
2537 5449 2636 5502 pro
2656 5437 2814 5490 intra.
3181 5489 3183 5491 ,

2038 5506 2056 5544 ί
2086 5509 2235 5575 Sag.,
2269 5506 2503 5574 Gemet.,
2536 5507 2750 5564 Ebroic.
2783 5516 2836 5565 et
2875 5506 2966 5561 alii
3011 5504 3221 5568 Norm.,
3273 5502 3545 5572 plusquam

1962 5595 2158 5632 necesse
2181 5588 2273 5632 est.
2641 5605 2662 5618 κ

2033 5659 2058 5694 8
2081 5651 2240 5703 Corb.
2267 5649 2478 5716 Germ.,
2502 5648 2608 5703 duo
2632 5647 2797 5702 Laud.
2828 5657 2882 5702 et
2909 5645 3114 5714 Germ.,
3135 5646 3371 5712 arbitres,
3401 5645 3542 5718 quod

1959 5721 2246 5790 aliQnando
2268 5722 2319 5774 in
2349 5721 2466 5774 aliis
2493 5729 2598 5774 vet.
2622 5718 2755 5774 Cod.
2784 5719 3086 5775 invenimus
3118 5736 3212 5789 pro
3233 5719 3433 5774 arbitri.

2028 5789 2064 5828 Η
2086 5792 2246 5845 Corb.
2275 5793 2457 5847 Germ.
2477 5799 2532 5846 et
2557 5790 2750 5861 Laud.,
2773 5790 2907 5846 hanc
2928 5793 3260 5849 consulendo.
3292 5790 3544 5847 Vindoc..

1957 5861 2091 5917 hanc
2112 5865 2348 5917 sblvendo
2379 5862 2634 5917 sublevant
