4104 6350
480 323 580 381 156

1685 320 1928 381 SANC'I'I
1965 318 2294 378 GREGORII
2335 322 2428 378 ΜΔ
2437 318 2548 377 GNI

3644 319 3750 381 156

479 441 698 511 poribus
724 445 930 494 natura
955 437 1229 505 serviunt,
1262 452 1357 507 per
1375 436 1784 493 delectationem
1813 439 1957 509 gula:
1998 416 2059 490 ἰιῖ
2083 440 2135 499 Α
2161 439 2401 493 sionihus
2434 441 2486 491 in
2515 420 2787 494 nonnullis
2807 436 2834 476 ἀ
2873 442 3143 519 exteriora
3185 432 3372 511 opera,
3404 444 3454 496 in
3478 444 3754 501 nonnullis

478 531 767 600 voluptatis
786 529 1017 599 ingluvie
1043 529 1440 585 distenduntur.
1460 532 1591 586 Cum
1622 531 1863 601 tegendis
1891 547 2061 585 utem-

481 624 594 680 bris
624 625 941 680 vestimenta
963 630 1231 691 quaerunt,
1264 637 1368 677 non
1400 624 1572 677 solum
1594 639 1711 692 qum
1732 633 1933 694 tegant,
1964 623 2059 677 sed

479 716 641 771 etiam
686 731 805 784 quae
832 714 1095 770 extollant
1137 724 1429 783 expetunt;
1477 725 1532 769 et
1561 724 1746 770 contra
1791 726 2060 784 torporem

479 808 717 877 frigoris,
744 822 848 861 non
881 805 1056 860 solum
1097 821 1218 875 quae
1263 820 1360 874 per
1392 805 1763 876 pinguedinem
1794 808 2062 871 muniant,
2108 830 2113 843 -

479 899 575 956 sed
611 899 771 955 etiam
799 914 919 967 quae
960 913 1057 968 per
1084 898 1365 953 mollitiem
1398 898 1699 963 delectent;
1750 914 1855 953 non
1888 900 2060 953 Solum

479 1005 599 1062 qua:
630 1006 724 1059 per
750 989 1028 1043 mollitiem
1071 998 1270 1045 tactum
1298 990 1589 1059 mulceant,
1616 990 1709 1044 sed
1752 984 1911 1043 eliam
1946 1006 2064 1059 quae

480 1097 576 1153 per
592 1083 825 1137 colorem
849 1081 1034 1138 oculos
1057 1084 1336 1136 seducant.
1380 1081 1726 1137 Nscessitatis
1756 1083 1913 1151 igitur
1939 1098 2065 1137 cau-

480 1190 591 1231 sam
620 1176 672 1229 in
703 1166 856 1229 bsum
888 1176 1182 1245 voluptatis
1214 1184 1445 1240 vertere,
1481 1174 1605 1242 quid
1631 1184 1713 1229 est
1740 1174 1879 1229 aliud
1904 1190 2063 1244 quam

481 1277 507 1306 ι
534 1268 823 1323 calamitati
861 1284 971 1323 suae
997 1267 1303 1336 squalorem
1336 1267 1568 1322 miseriae
1609 1267 1851 1321 sociare?
1880 1267 2064 1322 Pressa

480 1362 658 1431 itaque
709 1369 952 1430 tempore
1000 1359 1347 1414 adversitatis
1402 1359 1662 1425 Ecclesia,
1695 1359 2067 1413 reminiscatur

480 1468 667 1509 eorum
706 1468 773 1508 ex
816 1468 1040 1521 quorum
1095 1453 1287 1507 merito
1328 1452 1450 1506 talia
1504 1453 1751 1518 sustinet,
1787 1462 1840 1506 et
1886 1452 2063 1506 dicat:

482 1548 583 1614 Qui
624 1547 866 1601 rodebant
904 1547 957 1599 in
987 1547 1299 1612 solitudine,
1349 1546 1638 1616 squalentes
1694 1545 1992 1599 calamitate
2020 1554 2071 1598 et

482 1641 703 1693 miseria.
737 1638 1056 1693 Calamitate
1086 1638 1290 1692 scilicet
1324 1653 1429 1692 non
1453 1639 1782 1706 squalerent,
1814 1636 1838 1675 δ
1870 1639 1916 1693 si
1943 1638 2071 1691 insi-

484 1728 552 1782 tis
579 1726 991 1782 necessitatibus
1015 1725 1345 1795 voluptatum
1378 1726 1648 1781 miseriam
1679 1742 1784 1780 non
1816 1726 2071 1795 superad-

2168 541 2343 584 autem
2370 545 2465 597 per
2491 546 2639 599 spem
2673 533 2899 586 virentia
2927 534 3088 586 corda
3118 534 3460 603 dissipabunt.

2240 621 2327 676 51.
2354 623 2525 689 Aliqui
2563 624 2672 676 sola
2707 624 2910 678 virtutis
2938 627 3125 693 specie,
3153 629 3303 696 quasi
3332 629 3517 681 cortice
3537 645 3749 683 vescum

2169 724 2270 769 tur.
2298 745 2368 755 —
2410 716 2505 770 Vel
2533 726 2680 771 certe
2703 717 2897 771 herbas
2920 719 3176 773 madere
3200 730 3304 784 est,
3332 720 3469 773 levia
3504 721 3750 788 quaedam

2168 821 2233 862 ac
2263 819 2446 861 tenera
2471 808 2536 861 de
2563 808 2798 877 antiquis
2829 809 3067 877 patribus
3086 810 3305 879 imitari.
3331 806 3595 866 Arborum
3620 827 3752 868 vero

2168 902 2401 955 cortices
2430 902 2593 956 edere
2622 914 2914 957 esteorum
2939 918 3103 971 opera
3130 904 3409 971 superﬁcie
3448 915 3604 959 tenus
3628 921 3753 975 age-

2168 1007 2262 1055 re,
2304 992 2399 1046 sed
2430 992 2784 1047 intentionem
2813 1004 3014 1048 rectam
3046 994 3096 1046 in
3130 994 3331 1049 eisdem
3369 996 3620 1061 cperibus
3640 1011 3747 1050 non

2171 1083 2688 1139 tenere.Suntenim
2719 1085 2985 1151 nonnulli,
3006 1084 3096 1155 qui
3119 1086 3244 1140 dum
3271 1087 3546 1155 prasentis
3568 1088 3751 1143 mundi

2169 1178 2397 1247 gloriam
2438 1176 2683 1245 ejusdem
2714 1177 2900 1231 mundi
2930 1176 3231 1232 actionibus
3254 1177 3479 1247 adipisCi
3500 1196 3605 1233 non
3629 1196 3754 1249 pos-

2170 1262 2328 1332 sunt,
2370 1270 2607 1337 speciem
2640 1268 2943 1323 sanctitatis
2987 1279 3277 1338 appetunt,
3319 1270 3561 1325 habitum
3590 1286 3754 1327 vene-

2170 1359 2395 1414 rationis
2454 1370 2711 1425 sumunt,
2770 1360 3068 1415 imitatores
3130 1366 3471 1430 antiquorum
3544 1377 3751 1432 patrum

2174 1451 2346 1505 videri
2376 1452 2783 1518 concupi~cunt,
2811 1461 2867 1505 et
2915 1451 3161 1520 quaadam
3203 1451 3419 1521 quidem
3478 1468 3641 1521 parva
3691 1470 3755 1509 ac

2174 1546 2309 1601 levia
2357 1556 2640 1615 peragunt,
2668 1545 2765 1600 sed
2810 1530 2996 1599 eorum
3028 1543 3294 1611 laniaret
3323 1560 3441 1613 quae
3467 1561 3534 1599 ex
3584 1547 3757 1601 solius

2174 1640 2456 1693 cboritatis
2504 1634 3011 1708 radice'prodeunt,
3047 1637 3243 1692 imitari
3281 1649 3649 1694 contemnunt.
3695 1641 3755 1694 lli

2178 1731 2435 1787 videlicet
2497 1730 2691 1786 herbas
2742 1730 2930 1797 edunt,
2960 1731 3080 1798 quia
3133 1746 3321 1799 magna
3357 1733 3657 1801 negligunt,
3707 1742 3761 1786 et

484 1819 693 1874 derent.
720 1821 861 1885 Quas
892 1818 1143 1873 videlicet
1170 1819 1525 1873 necessitates
1552 1834 1614 1872 ex
1650 1818 1886 1886 parentis
1916 1819 2072 1887 primi
2094 1824 2151 1887 ’Β
2180 1826 2377 1879 vilibus
2432 1826 2715 1879 satiantur.
2750 1825 3068 1894 Plerumque
3109 1838 3284 1883 tamen
3324 1830 3485 1883 etiam
3514 1829 3757 1899 quaedam

484 1914 633 1981 culpa
656 1912 971 1967 meruimus.
998 1912 1063 1966 lli
1086 1926 1214 1966 vero
1232 1911 1321 1981 qui
1349 1909 1633 1966 calamitati
1665 1925 1775 1964 sua:
1800 1911 2069 1964 miseriam

484 2011 799 2082 adjungunt,
835 2026 901 2065 ex
937 2010 1176 2064 cruciatu
1211 2024 1384 2079 pinnae
1412 2008 1478 2062 ad
1503 2015 1784 2077 augmenta
1820 2021 2069 2073 prorum-

484 2116 611 2176 punt
641 2106 836 2174 culpae.
893 2105 1001 2161 Sed
1034 2106 1234 2158 utinam
1269 2103 1404 2158 tales
1448 2118 1569 2157 cum
1610 2101 1676 2154 ad
1724 2100 1915 2154 melius
1952 2114 2072 2165 per-

485 2202 680 2255 mutari
714 2201 1038 2268 despiciunt,
1074 2200 1144 2251 ita
1179 2212 1428 2267 perversa
1476 2204 1732 2265 agerent,
1785 2202 1839 2247 ut
1872 2206 1975 2245 non
2009 2207 2070 2248 ea

490 2294 651 2347 etiam
700 2292 818 2345 aliis
869 2291 1241 2360 prepinarent.
1280 2289 1490 2344 Utinam
1518 2288 1623 2340 illis
1653 2300 1796 2343 mors
1834 2301 1927 2340 sua
1960 2284 2072 2338 sola

485 2383 759 2438 sufﬁceret
782 2423 796 2447 ,
840 2391 895 2435 et
924 2396 1030 2435 non
1062 2381 1342 2435 virulentis
1375 2378 1811 2448 persuasionibus
1843 2376 2070 2431 alienam

414 2462 419 2475 ’
487 2475 649 2530 etiam
681 2475 846 2528 vitam
871 2484 1148 2529 necarent.
1186 2473 1424 2527 Invident
1451 2472 1593 2525 enim
1619 2472 1754 2525 alios
1782 2484 1902 2524 esse
1932 2467 2070 2537 quod

488 2583 593 2623 non
626 2578 769 2633 sunt,
800 2569 987 2623 dolent
1016 2568 1151 2621 alios
1203 2566 1427 2634 adipisci
1480 2565 1621 2634 quod
1665 2563 1914 2631 perdunt.
1943 2562 2074 2616 Nam

486 2661 528 2717 si
555 2674 654 2727 qua
688 2659 824 2714 forte
855 2660 907 2712 in
939 2660 1166 2711 aliarum
1221 2659 1429 2712 actibus
1456 2657 1657 2712 exoriri
1688 2656 1825 2709 bona
1851 2654 2071 2723 conspi-

487 2753 654 2817 ciunt,
687 2767 807 2804 mox
839 2767 899 2805 ea
935 2766 1091 2804 manu
1137 2738 1410 2819 pestifera:
1457 2748 1886 2818 exprobrationis
1933 2748 2076 2801 evel-

490 2841 624 2898 lunt.
658 2841 808 2898 Unde
845 2851 900 2898 et
942 2842 1182 2911 sequitur
1213 2840 1359 2913 (Yet.
1402 2839 1576 2911 XIII]
1609 2860 1621 2892 :
1653 2839 1717 2893 Et
1769 2839 2077 2894 mandabant

490 2934 689 3001 herbas,
717 2943 765 2987 et
784 2936 1026 2988 arborum
1046 2936 1278 2989 cortices.
1910 2920 1911 2927 χ

562 3027 650 3081 50.
685 3024 996 3098 Incipientes
1024 3038 1070 3080 et
1091 3028 1145 3081 in
1177 3028 1306 3082 bona
1338 3027 1658 3095 proﬁcientes
1694 3035 1972 3089 pervertere
1991 3042 2076 3081 co-

492 3120 943 3188 nantur.—Quid
972 3122 1116 3175 enim
1149 3137 1243 3189 per
1273 3121 1467 3176 herbas
1488 3120 1590 3174 nisi
1618 3129 1800 3174 tenera
1824 3135 1888 3174 ac
1918 3129 2076 3175 terra:

2176 1920 2329 1988 quasi
2387 1920 2692 1973 robustiora
2748 1935 2911 1989 opera
2943 1931 3227 1987 exercent,
3260 1922 3353 1975 sed
3410 1922 3758 1976 intentionem

2176 2028 2375 2069 rectam
2434 2015 2486 2067 in
2544 2014 2749 2069 eisdem
2815 2015 3069 2083 operibus
3126 2032 3261 2083 non,
3299 2025 3499 2070 tenent.
3557 2015 3762 2084 Quibus

2174 2106 2419 2178 proiecto
2465 2107 2716 2160 arborum
2764 2108 2992 2161 cortices
3046 2106 3300 2161 mandere
3329 2116 3413 2161 est
3465 2108 3763 2161 exteriores

2176 2198 2472 2253 electorum
2535 2207 2683 2250 actus
2748 2210 3067 2261 assumere,
3135 2208 3188 2251 et
3254 2196 3600 2249 intentionem
3668 2196 3766 2250 bo-

2181 2308 2304 2347 nam
2336 2292 2389 2345 in
2437 2290 2594 2346 bonis
2632 2290 2840 2346 actibus
2890 2304 2995 2345 non
3050 2289 3267 2344 habere.
3315 2288 3450 2342 Dum
3494 2289 3635 2342 enim
3668 2302 3767 2357 pro

2181 2372 2413 2440 lutmana
2469 2384 2625 2439 laude
2667 2395 2816 2439 recte
2872 2398 3032 2452 opera
3093 2382 3395 2450 exquirunt,
3436 2380 3530 2436 sed
3572 2379 3766 2434 imitari

2181 2490 2274 2530 cur
2307 2484 2453 2531 recte
2503 2473 2842 2544 operantium
2894 2473 3194 2544 negligunt,
3226 2487 3296 2528 ex
3339 2471 3468 2527 solis
3508 2471 3762 2525 arborum

2159 2560 2471 2645 ‘COrticibus
2522 2566 2821 2634 replentur.
2862 2564 2998 2617 Toto
3049 2578 3278 2632 namque
3322 2562 3590 2617 desiderio
3633 2578 3769 2630 pra-

2180 2661 2349 2715 sentis
2369 2661 2490 2714 vita:
2516 2660 2766 2730 gloriam,
2797 2660 2878 2714 vel
2904 2658 3285 2714 abundantiam
3309 2666 3577 2727 quaerunt.
3610 2655 3767 2711 Unde

2179 2766 2234 2812 et
2250 2766 2396 2811 recte
2424 2752 2794 2825 subiungitur:
2820 2751 3066 2815 Et'radia:
3084 2751 3447 2823 juniperorunt
3474 2759 3584 2803 erat
3620 2748 3764 2802 cibus

2179 2864 2371 2903 eorum.

2255 2941 2341 2994 52.
2397 2936 2576 2992 Praua
2624 2946 2759 2990 actio
2801 2935 3157 3005 quaedelectat
3198 2936 3252 2986 in
3288 2932 3477 3000 culpa,
3500 2932 3680 3002 pungit
3718 2932 3772 2985 in

2181 3050 2347 3105 plena.
2374 3062 2445 3072 —
2470 3032 2616 3084 Intus
2652 3030 2793 3084 enim
2820 3027 3064 3096 quamvis
3112 3042 3207 3094 per
3248 3024 3404 3079 ﬁdem
3436 3023 3615 3092 positi,
3645 3022 3772 3076 dum

2182 3127 2500 3196 plerumque
2525 3123 2761 3177 avaritia!
2812 3120 3227 3193 cogitationibus
3280 3118 3562 3183 serviunt,
3614 3110 3771 3185 quasi

492 3214 737 3285 proxima
767 3214 903 3269 bene
950 3213 1316 3268 inchoantium
1348 3215 1475 3287 vita,
1508 3223 1563 3267 et
1616 3213 1740 3282 quid
1796 3229 1891 3282 per
1921 3214 2076 3268 arbo-
2102 3207 2149 3271 C
2181 3219 2317 3275 illud
2350 3219 2661 3280 comedunt,
2691 3216 2831 3270 unde
2862 3216 2913 3267 in
2944 3222 3184 3267 extremo
3212 3211 3336 3265 vita:
3386 3207 3768 3277 suppliciorum

497 3321 618 3361 rum
646 3305 875 3360 cortices
893 3307 994 3360 nisi
1020 3307 1289 3360 exteriora
1322 3321 1483 3373 opera
1514 3320 1697 3359 eorum
1739 3306 1830 3376 qui
1852 3306 1959 3374 jam
1991 3320 2079 3359 su-

493 3396 673 3453 blimia
731 3407 987 3467 appetunt
1034 3399 1418 3463 designantur?
1469 3399 1627 3453 Pravi
1674 3413 1904 3467 namque
1953 3414 2075 3451 cum

493 3499 639 3549 recta
667 3491 983 3561 incipientes
1007 3493 1300 3561 aSpiciunt,
1343 3500 1435 3547 aut
1480 3492 1775 3556 irridendo,
1808 3500 1901 3543 aut
1927 3491 2081 3556 quasi

494 3582 824 3651 consulendo
879 3583 1271 3638 contradicunt.
1326 3581 1457 3638 Cum
1494 3599 1625 3638 vero
1672 3583 1779 3652 jam
1819 3582 2080 3651 quosdam

496 3682 726 3746 pensant
752 3675 817 3730 ad
850 3690 1057 3730 summa
1096 3676 1381 3745 prolicere,
1410 3677 1532 3745 quia
1582 3690 1767 3735 eorum
1817 3671 2085 3743 prolectus

496 3766 735 3823 funditus
764 3767 1027 3836 dissipare
1060 3779 1363 3837 nequeunt,
1411 3784 1438 3821 a
1469 3767 1788 3838 quibusdam
1822 3766 1941 3821 illos
1977 3764 2086 3819 suis

498 3860 749 3928 operibus
785 3858 1079 3914 divortunt.
1124 3859 1329 3916 Herbas
1384 3861 1563 3930 itaque
1611 3860 1690 3913 eis
1737 3868 1792 3914 et
1838 3859 2085 3912 arborum

501 3952 730 4006 cortices
775 3950 1050 4016 mandere,
1078 3960 1161 4005 est
1187 3951 1272 4005 vel
1318 3952 1490 4006 studia
1524 3953 1659 4007 bene
1700 3951 2085 4016 inchoantium,

501 4043 592 4100 vel
628 4044 972 4113 operationes
1024 4044 1376 4113 quorumdam
1418 4045 1525 4111 jam
1558 4059 1706 4099 more
1744 4042 1992 4097 arborum
2022 4043 2089 4097 ad

511 4136 789 4204 superiora
824 4136 1155 4193 tendentium
1182 4135 1452 4203 pestiferis
1473 4135 1912 4204 persuasionibus
1942 4135 2089 4201 quasi

503 4210 820 4296 quibusdam
871 4226 1089 4280 malitias
1149 4242 1258 4281 suae
1313 4227 1562 4282 dentibus
1607 4228 1766 4298 σει
1809 4227 2089 4295 dissipare.

506 4317 713 4373 ﬂelbas
754 4318 1012 4372 mandunt
1033 4319 1249 4387 reprobi
1274 4335 1393 4374 cum
1428 4320 1761 4374 inlirmorum
1802 4320 1948 4374 initia
1974 4318 2093 4372 irri-

505 4409 682 4464 dendo
725 4419 1067 4469 consumunt.
1101 4410 1365 4465 Arborum
1422 4427 1633 4481 quoque
1684 4413 1915 4467 cortices
1944 4427 2094 4466 man-

410 4572 413 4575 ,
507 4502 643 4558 dunt
687 4516 808 4556 cum
855 4516 1017 4556 manu
1073 4503 1313 4572 perversi
1373 4504 1583 4559 consilii
1629 4519 1657 4558 a
1701 4505 1809 4558 vita
1861 4513 1884 4543 ο
1950 4515 2094 4561 recte

2184 3326 2373 3378 aspera
2407 3309 2768 3377 proferuntur.
2817 3305 2916 3374 Qui
2969 3305 3094 3359 dum
3143 3304 3347 3371 frugem
3379 3301 3541 3356 divini
3572 3297 3771 3367 eloquii

2189 3418 2294 3457 non
2323 3400 2729 3468 concupiscunt,
2761 3398 2854 3453 sed
2902 3397 2967 3451 ad
3018 3394 3197 3449 rei‘um
3255 3393 3627 3461 temporalium
3658 3407 3773 3446 am-

2186 3494 2353 3550 bitum
2384 3491 2645 3553 serviunt,
2694 3501 3027 3557 nequaquam
3060 3500 3199 3554 pane
3240 3484 3421 3561 triticj,
3468 3483 3561 3538 sed
3593 3483 3775 3537 radice
3870 3484 3871 3489 ‘

2183 3585 2419 3657 juniperi
2441 3584 2725 3638 satiantur.
2759 3580 2877 3649 Ipsa
2910 3578 3108 3648 quippe
3131 3591 3226 3631 eos
3257 3574 3325 3630 ab
3364 3574 3484 3629 imis
3507 3584 3669 3643 atque
3696 3573 3779 3628 in-

2191 3677 2357 3732 timis
2395 3674 2584 3730 oborta
2641 3678 2946 3738 occupant,
3011 3682 3129 3738 quae
3174 3667 3295 3721 illos
3342 3680 3494 3721 more
3543 3663 3779 3735 iuniperi

2189 3764 2530 3837 postmodum
2554 3779 2618 3818 ex
2641 3761 2837 3816 duritia
2863 3769 2887 3797 ⁸
2913 3758 3322 3815 retributionum
3353 3755 3504 3809 velut
3529 3771 3594 3811 ex
3621 3769 3778 3825 aspe-

2191 3862 2350 3915 ritate
2372 3858 2621 3912 foliorum
2644 3853 3328 3924 pungant.Contemnentes
3359 3863 3590 3916 namque
3606 3848 3769 3904 Deum

2192 3952 2297 4017 hic,
2336 3949 2553 4003 minime
2595 3947 2833 4002 sentiunt
2860 3954 3113 4013 quantum
3141 3943 3213 3997 sit
3254 3940 3378 3996 mali
3410 3940 3553 4009 quod
3585 3948 3767 4008 agunt.

2193 4043 2382 4098 Adhuc
2428 4040 2572 4095 enim
2602 4037 2833 4107 juniperi
2875 4035 3109 4089 radicem
3152 4031 3460 4097 comedunt,
3485 4029 3579 4085 sed
3623 4028 3781 4098 hujus

2195 4132 2392 4188 radicis
2438 4144 2598 4199 quam
2634 4128 2742 4183 sint
2786 4127 2919 4181 rami
2967 4126 3141 4195 asperi
3174 4115 3281 4178 non
3310 4120 3613 4183 attendunt,
3661 4120 3779 4188 quia

2195 4226 2446 4279 nimirum
2488 4235 2646 4290 prava
2680 4221 2821 4273 actio
2851 4218 3008 4271 modo
3035 4217 3185 4286 quasi
3225 4231 3287 4269 ex
3333 4212 3514 4267 radice
3556 4211 3783 4265 delecrat

2195 4316 2248 4371 ih
2291 4304 2466 4382 culpa,
2501 4312 2597 4368 sed
2648 4310 2988 4380 postmodum
3019 4307 3167 4377 quasi
3201 4323 3266 4361 ex
3313 4307 3475 4360 ramis
3505 4302 3689 4373 pungit
3728 4304 3778 4355 in

2200 4421 2377 4476 ptena.
2400 4405 2499 4461 Ubi
2523 4412 2577 4459 et
2603 4402 2740 4459 bene
2764 4399 3101 4471 subiungitur
3121 4414 3133 4450 :
3153 4397 3253 4462 Qui
3269 4394 3333 4450 de
3348 4394 3664 4449 conuallibus
3682 4394 3785 4446 ista

2200 4500 2476 4565 rapientes,
2505 4510 2619 4548 cum
2648 4491 2856 4564 singula
2882 4489 3209 4558 reperissent,
3241 4484 3308 4539 ad
3338 4501 3396 4540 ea
3420 4501 3535 4537 cum
3562 4485 3785 4539 clamore

509 4596 865 4652 crescentium
904 4603 1118 4665 tegmen
1164 4580 1431 4651 bonorum
1477 4612 1698 4667 operum
1750 4597 2092 4652 subtrahunt.
2125 4589 2485 4653 θεαννεὺαηί·
2828 4609 2847 4637 ε

510 4688 621 4745 Hos
638 4696 816 4743 autem
841 4689 897 4744 in
925 4689 1241 4759 quibusdam
1267 4690 1471 4745 actibus
1493 4691 1639 4745 velut
1660 4692 1880 4746 arbores
1902 4704 2095 4759 exspo-

511 4779 674 4847 liani;
706 4782 825 4837 illos
854 4797 985 4836 vero
1016 4784 1161 4837 velut
1194 4782 1407 4847 herbas,
1443 4783 1561 4852 quia
1590 4783 1949 4852 deepicientes
1991 4794 2095 4837 Ira-

514 4878 671 4939 hunt,
703 4875 855 4944 quasi
886 4890 1003 4945 quas
1029 4876 1241 4931 calcant
1260 4874 1571 4930 comedunt.
1601 4875 1965 4942 Quorumdam
1985 4878 2092 4942 jam

512 4964 881 5021 fortitudinem
919 4966 972 5020 in
1011 4966 1117 5020 alta
1155 4976 1460 5035 surgentem
1505 4980 1569 5019 ex
1605 4948 1756 5034 parte
1797 4963 2097 5037 demolion-

514 5069 630 5123 tur;
684 5058 1039 5130 quorumdam
1088 5054 1219 5112 vero
1263 5056 1674 5113 teneritudinem
1729 5065 1783 5110 et
1821 5055 1998 5108 adhuc
2042 5054 2096 5108 in

515 5153 638 5209 imis
667 5151 896 5223 positam
930 5152 1141 5221 penitus
1181 5158 1484 5207 conterunt.
1531 5150 1677 5204 Dicat
1706 5150 1864 5219 igitur
1901 5164 1916 5201 :
1947 5146 2099 5201 Man-

518 5244 701 5302 debant
743 5237 948 5307 herbas.
972 5252 1019 5299 et
1038 5243 1283 5298 arborum
1318 5243 1556 5308 cortices,
1584 5242 1706 5311 quia
1749 5239 1928 5310 pravis
1979 5239 2103 5293 irri-

593 5398 621 5428 ι
674 5388 886 5444 Gemct.
938 5383 1137 5455 aliique
1182 5381 1366 5436 Norm.
1399 5394 1463 5434 ac
1495 5380 1519 5432 l
1557 5377 1751 5443 Laud.,
1796 5374 2108 5429 calamitatis

631 5492 645 5515 ὁ
1408 5512 1409 5515 η

519 5476 783 5585 .uf‘liec.
817 5528 943 5591 Ed...
966 5528 1011 5581 si
1037 5527 1091 5579 in
1117 5524 1227 5596 istis
1249 5522 1374 5576 Mss.
1404 5510 1634 5596 Bellov.,
1660 5518 1885 5579 Turon.,
1918 5529 2107 5596 omnes

522 5604 732 5664 Norm.,
761 5601 876 5654 Val.
914 5599 1025 5667 CL,
1055 5606 1185 5659 etc.,
1208 5594 1415 5667 habent
1439 5592 1634 5667 insitis,
1664 5600 1798 5657 quos
1829 5592 2101 5667 sequimur

523 5656 644 5730 cum
668 5656 900 5741 antiquis
926 5656 1402 5741 Excusis.r(iertn.,
1418 5665 1462 5719 si
1475 5656 2105 5741 naturw’uecessilatibus.

524 5745 683 5805 Cori).
706 5733 915 5805 Ger-mw
940 5742 990 5809 si.
1008 5737 1264 5809 inusitatis
1295 5733 1715 5809 neces_sitatibus._
1881 5797 1891 5809 Ι
1986 5799 1995 5809 ⁸

601 5797 629 5856 δ’
657 5797 824 5871 CilOt.
852 5797 912 5868 ei
927 5800 1044 5865 aliis
1074 5800 1216 5862 Edit.
1246 5807 1595 5868 reaentiores,
1615 5807 1747 5856 recte
1771 5797 2106 5860 credentium.

2274 4681 2363 4735 ⁵55.
2403 4679 2468 4733 In
2494 4677 2761 4747 praesentis
2792 4674 2910 4727 vita:
2946 4671 3195 4733 convalle,
3227 4683 3416 4739 magno
3445 4667 3665 4719 clamore
3693 4680 3784 4734 pro

2201 4771 2292 4826 viii
2320 4772 2450 4839 stipe
2475 4785 2611 4839 saepe
2651 4768 2905 4836 litigatur.
2934 4793 3003 4802 —
3028 4763 3085 4816 ln
3110 4758 3513 4828 comparatione
3542 4755 3788 4810 videlicet

2207 4877 2587 4932 supernorum,
2638 4856 2815 4912 omnis
2863 4866 3100 4922 prasens
3140 4849 3243 4903 vita
3275 4845 3533 4903 convallis
3564 4853 3663 4899 est.
3725 4842 3786 4898 Hi

2205 4965 2384 5009 autem
2407 4953 2529 5022 quia
2556 4948 2803 5004 sublimia
2832 4943 3116 5007 montium,
3140 4941 3195 4996 id
3224 4950 3306 4995 est
3333 4934 3625 5022 fortiaacta
3644 4949 3786 5022 ‘san-
3856 5006 3859 5019 Ι

2206 5018 2799 5108 ctorum'eontemplari
2834 5034 3327 5101 nesciunt,semper
3348 5033 3400 5085 in
3430 5018 3789 5085 oblectatiOne

2209 5136 2390 5192 inﬁma
2450 5132 2600 5203 quasi
2644 5132 2697 5183 in
2737 5124 3067 5184 convallibus
3123 5128 3507 5176 conversantur
3560 5128 3613 5173 et
3662 5114 3789 5172 dum

2212 5231 2488 5302 quodlibet
2517 5229 2726 5283 lucrum
2753 5222 2837 5278 vel
2869 5220 3018 5292 parvi
3049 5216 3303 5289 Stipendii
3332 5214 3635 5280 inveniunt,
3665 5226 3790 5267 cum

2215 5366 2601 5424 reluctantibus
2640 5360 2888 5417 omnibus
2910 5358 3037 5412 Mss.
3067 5354 3277 5424 Anglic.
3318 5360 3372 5407 et
3394 5349 3591 5406 nostris
3621 5352 3787 5424 (pre-

2214 5449 2293 5496 ter
2317 5437 2523 5505 Germ.)
2557 5448 2759 5505 necnon
2784 5439 2891 5484 vet.
2921 5426 3059 5505 Edit.

2284 5507 2310 5546 ά
2340 5497 2543 5564 Gemel.
2570 5497 2625 5561 et
2653 5504 2810 5565 Utic.,
2836 5504 3089 5554 exteriora
3111 5497 3264 5565 bona.

2287 5588 2310 5614 θ
2342 5560 2562 5632 lincunt
2584 5560 2587 5561 ν
2611 5576 2737 5628 Mss.
2768 5560 2929 5626 (ξονι).
2963 5572 3170 5633 Germ,
3204 5562 3416 5630 Norm.,
3448 5563 3640 5627 Laud.,
3678 5560 3791 5615 Tu-

2216 5666 2359 5713 ron..
2391 5649 2507 5703 Val.
2534 5646 2642 5711 CL,
2668 5653 2776 5699 vet.
2806 5642 2905 5713 Ed.
2944 5640 3146 5713 Placuit
3185 5636 3575 5692 recentioribus
3602 5646 3790 5713 vocem

2213 5706 2601 5775 retributionum
2630 5706 2856 5770 'mutare
2896 5712 2949 5768 in
2992 5710 3404 5776 tribulationum,
3438 5719 3595 5778 quam
3622 5706 3793 5774 magis

2212 5792 2498 5849 Convenire
2524 5796 2773 5857 putarunt
