4104 6350
334 298 437 356 157

327 489 597 561 iurgando
639 489 962 543 moliuntur.
996 488 1050 542 ln
1082 488 1327 543 convalle
1358 491 1498 543 enim
1536 490 1762 558 repertis
1804 489 1917 542 sin-

329 582 473 657 gulis
498 597 618 637 cum
647 581 887 636 clamore
925 592 1145 636 currere
1169 625 1184 647 ,
1234 584 1317 637 est
1367 583 1601 636 subortis
1636 598 1916 637 causarum

328 668 706 731 occasionibus
721 675 879 729 etiam
903 691 996 740 pro
1013 690 1171 742 parva
1194 676 1331 743 stipe
1354 662 1578 744 liiigare.
1601 670 1920 747 Plerumque

330 777 513 821 autem
546 764 706 836 quem
754 774 997 819 sanctum
1028 767 1165 820 bona
1205 769 1346 822 actio
1393 779 1669 836 ostentat,
1726 771 1917 826 oborta

331 857 534 913 terreni
563 857 835 912 commodi
874 859 1089 913 occasio
1118 860 1407 914 examinat.
1442 858 1640 915 Videas
1687 879 1917 930 namque

327 936 618 1007 nonnullos
634 949 747 1019 jam
770 948 1017 1003 sublimia
1033 965 1214 1021 agere,
1228 950 1337 1020 jam
1356 951 1409 1006 in
1434 952 1792 1017 abstinentiae,
1806 955 1915 1023 jam

327 1046 379 1099 in
427 1036 691 1099 doetriua:
735 1058 896 1112 Opere
942 1052 1151 1113 patrum
1207 1045 1624 1114 praecedentium
1663 1036 1912 1117 exempla

327 1134 557 1201 sectari;
610 1138 705 1190 sed
759 1151 879 1190 cum
933 1146 1156 1206 repente
1209 1140 1489 1206 praesentis
1541 1140 1665 1196 vitae
1710 1126 1914 1196 lucrum

326 1214 478 1299 quasi
513 1229 748 1284 fructum
780 1216 1041 1283 convallis
1072 1228 1393 1298 invenerint,
1426 1231 1491 1287 ad
1528 1232 1629 1289 hoc
1656 1250 1777 1289 cum
1806 1232 1918 1290 cla-

327 1335 481 1374 more
530 1330 789 1386 currunt,
849 1320 973 1387 quia
1021 1318 1233 1390 dirupta
1282 1321 1349 1376 ad
1399 1314 1528 1378 illud
1579 1310 1918 1395 superducta}

322 1410 625 1468 sanctitatis
658 1406 1046 1480 tranquillitate
1072 1413 1376 1481 prosiliunt.

398 1503 543 1576 [Vet.
576 1490 764 1576 XIV.]
790 1500 882 1559 54.
918 1502 1070 1559 Multi
1095 1506 1296 1561 virtutis
1315 1524 1605 1578 prtemmm,
1624 1526 1726 1564 non
1756 1512 1920 1566 virtu-

322 1606 423 1651 tem
473 1606 733 1667 qumrunt.
773 1628 843 1637 —
870 1588 1104 1654 Possunt
1142 1616 1355 1672 quoque
1385 1617 1479 1670 per
1516 1602 1710 1658 herbas
1759 1614 1918 1675 atque

320 1690 576 1745 arborum
612 1690 844 1746 cortices
872 1708 976 1747 non
1023 1693 1220 1759 solum,
1253 1696 1643 1783 utprtedictum
1686 1708 1787 1764 est,
1821 1699 1920 1754 bo-

1214 299 1583 356 MORALIUM‘
1615 300 1743 357 LIB.
1785 298 1903 357 XX.
1947 328 2016 342 —
2051 298 2282 358 CAPUT
2319 299 2443 360 ΧῙῙ
2481 301 2542 361 Β.
2582 299 2724 361 JOB.

330 395 495 466 652
534 393 771 448 clamore
816 402 1058 457 currunt,
1082 395 1203 459 quia
1252 395 1356 448 hoc
1402 396 1715 449 abStrahere
1753 395 1914 449 etiam
1946 396 1999 454 Α
2022 396 2183 450 sertis
2214 397 2533 451 torrentium
2562 394 2806 452 habitare
2833 396 3159 454 referuntur.
3187 396 3284 454 Illa
3309 399 3453 455 enim
3485 417 3609 472 quae
3712 458 3715 463 ,

3504 308 3608 365 158

2024 491 2225 543 sanctis
2256 478 2468 560 indigna
2496 496 2641 558 sunt,
2674 490 2775 561 ipsi
2806 490 3084 561 percipere
3131 494 3231 563 pro
3259 496 3455 567 inagna
3479 498 3610 551 cou-

2023 581 2325 651 cupiscdnt.
2356 581 2614 637 Cavernae
2655 588 2835 639 autem
2877 591 3038 661 terrae
3087 588 3215 641 sunt
3258 586 3610 657 cogitationes

2023 684 2223 741 prava',
2259 672 2312 726 in
2336 668 2531 742 quibus
2561 686 2621 728 se
2664 673 2734 729 ab
2771 674 3022 731 humanis
3048 675 3219 733 oculis
3246 664 3605 737 abscondunt.

2021 756 2181 822 Pr'avi
2211 767 2409 838 quippe
2435 775 2496 821 ut
2524 774 2650 822 sunt
2688 766 2755 822 ab
2782 764 3087 824 hominibus
3117 768 3289 826 rideri
3319 770 3607 842 refugiunt,

2022 858 2261 931 dumque
2278 860 2423 916 aliud
2454 874 2613 931 quam
2641 866 2767 916 sunt
2794 862 3079 930 simulant,
3108 878 3230 920 sese
3252 863 3305 919 in
3329 854 3611 921 conscien-

2021 953 2109 1008 tia:
2139 968 2251 1009 sua:
2282 944 2511 1009 latibulis
2534 965 2555 993 ο
2589 954 2739 1024 quasi
2772 952 3009 1009 interra:
3038 956 3285 1011 cavernis
3313 955 3607 1015 occttltant.

2020 1032 2122 1112 Qui
2168 1048 2358 1099 concta
2388 1044 2504 1099 haec
2549 1050 2657 1099 non
2684 1052 2926 1115 agerent,
2965 1045 3069 1100 nisi
3115 1042 3184 1102 de
3211 1052 3412 1103 ‘azte'rna
3439 1058 3494 1103 et
3519 1058 3611 1103 so-

2024 1136 2132 1191 lida
2163 1139 2271 1191 vita
2299 1136 2675 1208 desperarent,
2709 1138 2811 1193 nisi
2841 1137 2897 1193 in
2929 1137 3031 1192 hoc
3059 1138 3268 1194 incerto
3296 1140 3609 1210 temporali-

2022 1228 2145 1282 tatis
2167 1230 2405 1285 animum
2429 1230 2671 1300 ﬁgerent.
2690 1229 2843 1287 Unde
2867 1230 3006 1287 bene
3026 1231 3300 1288 Subditui‘:
3327 1233 3430 1289 Vel
3452 1249 3609 1304 super

2019 1320 2266 1392 glaream.
3497 1317 3507 1332 ι

2039 1451 2048 1463 ο
2089 1420 2251 1491 653
2282 1417 2372 1474 36.
2419 1416 2609 1475 Fluxis
2655 1420 2983 1487 inhaerentes,
3012 1420 3081 1474 ad
3117 1420 3226 1474 ima
3254 1420 3605 1476 devolvuntur.

2018 1530 2089 1553 —-
2109 1512 2305 1567 Glarea
2328 1520 2556 1581 namque
2583 1522 2667 1567 est
2695 1512 2802 1567 vita
2830 1524 3085 1582 praesens,
3135 1524 3257 1582 qua:
3302 1512 3610 1567 indesinen-

2020 1611 2105 1659 ter
2134 1604 2199 1658 ad
2244 1604 2533 1659 terminum
2584 1612 2737 1659 sultm
2786 1605 2905 1675 ipso
2947 1605 3161 1661 defectu
3205 1602 3606 1674 mutabilitalis,

2018 1697 2168 1767 quasi
2198 1684 2430 1767 impulsu
2477 1696 2716 1752 ﬂuminis
2763 1696 2996 1753 ducitur.
3029 1696 3202 1769 Super
3242 1697 3479 1768 glaream
3508 1701 3608 1754 ita-

322 1786 523 1838 norum
549 1780 731 1853 opera,
753 1783 916 1838 sediu
941 1782 1040 1840 hac
1055 1786 1162 1842 vita
1192 1777 1593 1844 consolatiOnes
1610 1796 1673 1845 ac
1691 1806 1915 1861 prospe-
1946 1795 1995 1858 Β
2019 1805 2125 1860 que
2148 1777 2414 1859 habitare,
2465 1780 2522 1846 et
2574 1790 2737 1846 (luxui
2767 1791 2891 1847 vita:
2919 1792 3199 1862 praesentis
3230 1791 3522 1859 inhaerere,
3558 1790 3613 1847 et

328 1876 520 1930 ritates
561 1873 803 1945 intelligi.
824 1873 982 1945 Saepe
1008 1878 1155 1931 enim
1172 1879 1513 1947 omnipotens
1546 1881 1683 1936 Deus
1707 1876 1939 1947 electos,

331 1981 460 2022 suos
480 1981 592 2020 cum
613 1952 768 2021 donis
798 1954 1144 2024 interioribus
1170 1969 1325 2037 ditat,
1364 1960 1730 2027 exterioribus
1753 1976 1913 2029 etiam

328 2056 614 2113 honoribus
649 2054 919 2115 Suhlevat.
943 2058 1185 2131 Cumque
1214 2076 1307 2117 eos
1339 2062 1676 2132 prmlerendo
1702 2054 1912 2121 caeteris

320 2151 661 2207 honorabiles
684 2144 882 2220 reddit,
910 2154 1067 2210 latius
1086 2154 1377 2212 imitabiles
1396 2159 1657 2225 ostendit;
1691 2167 1745 2215 et
1776 2177 1914 2216 nou-

317 2261 589 2315 nunquam
605 2247 751 2316 pravi
762 2262 947 2303 eorum
960 2248 1175 2319 quidem
1198 2249 1363 2305 vitam
1382 2253 1703 2322 deSpiciuut,
1719 2254 1813 2308 sed
1839 2257 1914 2309 fc-

317 2329 651 2398 licitatem'in
675 2342 777 2398 hoc
795 2330 995 2399 mundo
1019 2346 1232 2413 assequi
1250 2350 1656 2417 concupiscunt.
1671 2350 1803 2416 Quia
1820 2352 1916 2419 igi-

318 2447 409 2489 tur
430 2426 792 2491 blandimenta
810 2436 895 2491 hic
911 2424 1229 2493 transitoria:
1241 2439 1623 2494 consolationis
1640 2452 1910 2509 quaerunt,

315 2516 518 2583 herbas
537 2524 847 2594 comedunt,
873 2529 995 2600 quia
1019 2530 1071 2584 in
1095 2532 1507 2602 cogitationibus
1531 2534 1645 2588 suis
1668 2537 1905 2590 exterio-

315 2635 436 2674 rem
490 2637 677 2676 eorum
723 2610 951 2691 gloriam
999 2625 1345 2694 meditantur,
1376 2626 1628 2683 arborum
1679 2632 1908 2684 cortices

315 2714 603 2770 mandunt.
638 2715 708 2770 Et
747 2717 1002 2787 quoniam
1036 2720 1088 2773 in
1119 2719 1205 2775 his
1246 2722 1495 2777 omnibus
1522 2724 1625 2777 soli
1652 2725 1911 2799 .avaritiae

314 2818 428 2863 tota
458 2809 757 2866 intentione
777 2802 1106 2879 deserviunt,
1135 2815 1317 2871 radice
1339 2816 1570 2886 juuiperi
1598 2822 1895 2888 replentur.

314 2899 451 2966 Quae
480 2914 672 2956 cuneta
702 2888 768 2957 de
790 2904 1123 2961 convallibus
1176 2906 1410 2976 rapiunt,
1439 2910 1560 2980 quia
1601 2926 1667 2966 ex
1732 2929 1916 2970 amore

314 2990 479 3060 hujus
511 2992 707 3049 inﬁma:
733 3006 786 3050 et
804 2997 1170 3065 corruptibilis
1192 2984 1315 3054 vitae
1338 3001 1623 3071 immensis.
1640 3004 1909 3073 cupidita-

313 3083 462 3138 tibus
490 3082 853 3142 inardescunt.
892 3096 919 3125 ⁸
947 3088 1015 3145 Et
1042 3106 1165 3146 cum
1192 3086 1399 3164 singula
1434 3096 1729 3163 reperiunt,
1757 3097 1824 3151 ad
1851 3112 1914 3152 ea

2019 1882 2091 1937 ibi
2151 1882 2501 1937 intentionem
2547 1898 2779 1952 ponere,
2808 1882 2896 1938 ubi
2946 1892 3188 1953 gressum
3237 1888 3467 1953 nequeat
3503 1884 3613 1940 the

2019 1972 2215 2029 stando
2241 1974 2495 2031 solidare.
2531 1975 2628 2031 Est
2651 1974 2794 2030 aliud
2826 1976 2877 2030 iu
2908 1975 3253 2045 glareaquod
3275 1988 3610 2046 nequaquam

2018 2068 2212 2124 debeat
2244 2068 2471 2123 tacendo
2519 2069 2804 2138 praeteriri,
2854 2070 2975 2139 quia
3006 2080 3126 2123 cum
3159 2080 3253 2138 pes
3292 2069 3345 2123 in
3374 2068 3492 2139 ejus
3520 2070 3611 2122 Su-

2020 2157 2239 2233 pefﬂeie
2284 2161 2518 2231 ponitur,
2550 2162 2665 2233 ipsa
2696 2160 2815 2234 ejus
2844 2161 3181 2217 volubilitate
3206 2158 3426 2225 labitur,
3448 2167 3610 2230 atque

2018 2254 2085 2309 ad
2119 2257 2222 2309 ima
2240 2254 2264 2292 δ
2292 2256 2615 2312 devolvitur.
2648 2255 2745 2311 Cui
2774 2254 3025 2311 videlicet
3045 2254 3124 2311 rei
3152 2253 3203 2308 in
3224 2244 3388 2309 'hullo
3408 2251 3637 2333 disct'e-_
3724 2300 3727 2301 ν

2019 2358 2112 2418 pat
2142 2351 2249 2404 vita
2281 2362 2589 2419 pravorum,
2622 2350 2747 2419 quia
2774 2363 2896 2403 cum
2938 2363 3037 2417 pro
3084 2361 3266 2403 amore
3293 2346 3479 2400 mundi
3507 2344 3610 2398 all-

2019 2455 2123 2509 qua
2172 2441 2390 2496 student
2437 2442 2581 2497 licita
2616 2450 2776 2511 atque
2805 2440 3033 2495 honesta
3073 2450 3253 2510 agere,
3304 2438 3453 2508 quasi
3498 2437 3610 2507 pla-

2028 2536 2155 2585 num
2192 2535 2244 2587 in
2267 2533 2551 2602 superﬁcie
2580 2533 2770 2604 pedem
2801 2544 3035 2604 ponunt;
3059 2532 3155 2589 sed
3180 2536 3520 2602 repente'pes
3545 2530 3612 2584 ad

2022 2623 2129 2676 ima
2162 2623 2381 2691 labitur,
2404 2626 2529 2694 quia
2556 2640 2745 2680 eorum
2774 2626 2917 2680 actio
2945 2625 3070 2679 dum
3100 2625 3248 2694 plura
3280 2634 3494 2692 semper
3523 2634 3611 2688 ap-

2006 2721 2179 2795 petit,
2214 2732 2381 2789 usque
2402 2716 2466 2773 ad
2491 2720 2669 2789 iniqua
2696 2728 2751 2774 et
2774 2718 2956 2773 illicita
2987 2718 3284 2773 descendit.
3317 2717 3449 2770 Cum
3479 2728 3609 2787 ergo

2021 2818 2205 2865 sancta
2238 2810 2479 2866 Ecclesia
2513 2810 2672 2881 hujus
2699 2811 2957 2881 temporis
2986 2809 3256 2864 contraria
3281 2805 3494 2877 tolerat,
3542 2806 3610 2873 ad

2021 2905 2185 2959 vitam
2218 2904 2533 2971 carnalium,
2564 2919 2697 2973 quos
2725 2904 3063 2959 adversarios
3088 2902 3187 2958 sibi
3211 2902 3373 2958 etlam
3403 2901 3457 2956 in
3486 2914 3610 2973 pro-

2021 2995 2195 3063 speris
2223 2996 2497 3061 sustinuit,
2550 3011 2645 3063 per
2673 2997 2987 3052 memoriam
3019 3004 3277 3060 recurrat,
3307 3000 3363 3050 et
3380 2998 3610 3064 quarum

2024 3091 2228 3144 meritis
2263 3084 2379 3143 hazc
2415 3086 2647 3158 patiatur
2672 3099 2965 3160 agnoscat,
3020 3088 3206 3144 dicens
3238 3106 3251 3142 :
3304 3085 3371 3142 In
3398 3089 3611 3143 desertis

316 3190 442 3232 cum
486 3176 814 3235 clamoribus
868 3193 1124 3248 currunt,
1160 3185 1282 3253 quia
1314 3185 1563 3242 videlicet
1606 3199 1912 3243 sanctorum
1940 3196 1987 3258 ρ
2023 3181 2322 3235 habitabant
2349 3180 2652 3236 torrentium
2679 3223 2693 3247 ,
2749 3183 2871 3235 etin
2900 3183 3127 3235 cavernis
3154 3172 3329 3246 terrm,
3356 3179 3435 3235 vel
3459 3194 3612 3252 super

319 3280 559 3341 patrum,
594 3274 820 3340 quorum
852 3275 1063 3347 merita.
1091 3275 1316 3346 adipisci
1363 3294 1469 3332 non
1501 3291 1771 3349 quaerunt,
1801 3282 1914 3335 loca

317 3378 482 3435 atque
514 3365 774 3435 regimina
799 3368 1209 3436 apprehendere
1232 3378 1517 3442 satagunt;
1553 3382 1742 3429 etcum
1769 3383 1915 3429 trau-

319 3458 486 3528 quille
541 3469 820 3531 nequeunt
852 3460 967 3515 haec
999 3464 1320 3535 plerumque
1365 3468 1611 3537 assequi,
1648 3470 1805 3524 etiam
1838 3470 1920 3524 di-

320 3554 479 3623 rupta
503 3553 808 3609 concordiae
842 3571 971 3625 pace
1001 3558 1318 3613 moliuntur.

392 3643 483 3699 55.
520 3648 649 3713 Qua:
665 3648 803 3717 justi
825 3646 1142 3717 despiciunt,
1180 3666 1240 3703 ea
1282 3650 1503 3703 maxime
1532 3653 1914 3721 concupiscunt.

322 3767 390 3777 ——-
423 3734 524 3806 Qui
572 3754 668 3807 pro
698 3754 762 3795 eo
795 3740 937 3809 quod
980 3739 1136 3811 longe
1181 3758 1207 3793 a
1242 3736 1450 3811 patrum
1490 3745 1915 3814 praecedentium

322 3834 540 3886 actione
572 3830 826 3903 disjuncti
857 3829 1003 3903 sunt,
1039 3843 1186 3891 recte
1215 3835 1555 3907 subiungitur
1584 3854 1597 3890 :
1637 3826 1705 3890 In
1748 3836 1939 3891 desera

320 3926 385 3979 tis
414 3923 709 3979 habitabant
741 3927 1061 3995 torrentium,
1095 3935 1141 3980 et
1182 3928 1235 3981 in
1264 3929 1493 3983 cavernis
1518 3938 1688 3997 terra,
1715 3930 1794 3985 vel
1824 3948 1917 3986 su-

318 4035 414 4089 per
452 4021 700 4089 glaream.
745 4018 799 4074 ln
841 4020 981 4077 bona
1010 4022 1211 4077 etenim
1257 4034 1411 4093 parte
1440 4033 1589 4080 recte
1622 4036 1911 4097 torrentes,

321 4112 544 4168 sanctus
570 4104 946 4183 pradicatores
969 4115 1285 4185 accipimus,
1304 4116 1391 4186 qui
1422 4115 1550 4172 dum
1580 4118 1631 4171 in
1663 4120 1918 4188 praesenti

322 4192 432 4260 vita
454 4205 651 4261 divinis
679 4206 834 4261 nobis
878 4192 1105 4278 eloquiis
1132 4194 1385 4275 influunt,
1433 4225 1691 4278 aquarum
1737 4211 1908 4267 multi-

324 4298 513 4355 tudine
561 4299 716 4368 quasi
764 4299 817 4352 in
874 4284 1054 4355 hieme
1092 4301 1439 4371 colliguntur.
1477 4288 1577 4370 Qui
1624 4313 1679 4358 et
1732 4306 1919 4359 aestivo

319 4390 440 4446 snle
470 4390 790 4446 adveniente
823 4405 882 4445 se
906 4390 1247 4459 subtrahunt,
1274 4394 1393 4461 quia
1434 4410 1554 4449 cum
1581 4405 1795 4451 :eteruac
1828 4411 1921 4466 pa-

323 4482 443 4536 triae
494 4470 580 4535 lux
633 4468 955 4549 emicuerit,
1012 4482 1306 4552 praedicare
1358 4482 1668 4541 cessabunt.
1714 4476 1915 4542 Horum

2024 3272 2279 3344 glaream.
2323 3274 2455 3339 Quia
2506 3276 2649 3328 enim
2682 3282 2885 3342 patrum
2918 3273 3163 3328 doctrina
3194 3272 3433 3328 destituti
3463 3280 3610 3337 sont,

2024 3366 2077 3420 in
2110 3365 2336 3421 desertis
2363 3366 2709 3430 torrentium,
2739 3367 2863 3433 quia
2912 3367 2963 3419 in
2990 3366 3216 3419 occultis
3247 3378 3304 3419 se
3333 3346 3612 3433 cogitatio-
3668 3434 3675 3443 β

2022 3462 2180 3518 nibus
2213 3470 2416 3531 tegunt,
2448 3461 2500 3513 in
2516 3459 2763 3513 cavernis
2787 3467 2965 3521 teme,
2994 3460 3118 3527 quia
3149 3468 3276 3513 vero
3298 3458 3352 3511 in
3376 3466 3613 3527 praesen-

2023 3554 2092 3609 tis
2118 3552 2301 3609 seaculi
2326 3550 2625 3605 mobilitate
2656 3550 3007 3603 intendunt-in
3038 3556 3190 3603 suam
3239 3549 3403 3616 figere
3447 3556 3611 3617 appe-

2022 3648 2161 3711 tunt,
2193 3656 2355 3714 super
2382 3643 2619 3713 glaream
2652 3641 2894 3696 habitare
2918 3640 3247 3695 referuntur.
3275 3639 3381 3696 Sed
3409 3641 3609 3694 utinam

2024 3740 2175 3805 tales,
2212 3739 2337 3808 quia
2356 3736 2575 3807 peccata
2597 3734 2783 3789 nolunt
2811 3734 3126 3804 impugnare
3156 3732 3440 3799 tentantia,
3466 3730 3598 3785 lieu-

2023 3834 2091 3886 ilo
2118 3828 2388 3902 tergerent
2415 3828 2500 3884 vel
2531 3828 2852 3884 commissa!
2880 3828 3082 3882 utinam
3115 3825 3252 3880 mala
3284 3836 3379 3880 sna
3415 3827 3608 3881 saltem

2025 3935 2332 3997 perpetrata
2365 3924 2776 3995 cognoscerent,
2820 3926 2979 3992 atqbe
3014 3920 3187 3976 sterili
3239 3921 3483 3976 ﬁculneae
3512 3934 3611 3975 co-

2024 4019 2248 4086 pltiu‘dm
2279 4016 2555 4082 stercoris,
2583 4014 2635 4068 id
2656 4018 2741 4069 εει
2769 4009 3117 4068 infructuosa:
3145 4013 3311 4071 menti
3335 4011 3613 4083 pinguedi-

2024 4127 2145 4168 nem
2181 4100 2574 4165 lamentationis
2598 4105 2945 4183 admoverent
2973 4103 2999 4158 ιθ
3649 4143 3663 4156 .

2094 4202 2237 4279 [νρτ.
2267 4202 2318 4257 Χ
2335 4199 2421 4273 γε]
2451 4201 2541 4255 57.
2591 4198 2793 4254 Malum
2818 4198 2955 4269 quod
2980 4198 3183 4269 agimus
3235 4199 3385 4253 Oculo
3431 4198 3615 4253 utentis

2024 4300 2217 4354 obicem
2245 4297 2410 4368 pauit.
2437 4325 2508 4334 —
2535 4293 2641 4349 Sed
2670 4292 2832 4346 habet
2860 4291 2960 4346 hoc
2988 4291 3303 4360 plerumque
3348 4282 3615 4373 humanus

2024 4394 2233 4446 animus
2258 4389 2556 4459 prbpriutn,
2598 4384 2740 4455 quod
2773 4400 2896 4438 mox
2929 4392 2984 4438 ut
3036 4385 3090 4439 in
3122 4385 3332 4452 culpam
3393 4383 3613 4451 labitur,

2025 4502 2055 4539 a
2078 4486 2159 4539 Sui
2184 4481 2358 4538 adhuc
2382 4482 2593 4552 longius
2617 4480 2921 4549 cognitione
2951 4486 3250 4547 separetur.
3307 4474 3415 4533 Hoc
3436 4479 3612 4549 ipsum

324 4568 663 4629 torrentium‘
686 4574 900 4629 deserta
934 4572 1061 4643 sunt
1092 4574 1216 4628 vitae
1247 4578 1562 4644 temporalis
1611 4579 1916 4635 commoda.
1945 4558 2001 4621 Ῑ)
2031 4586 2260 4645 namque
2292 4574 2489 4629 malum
2518 4572 2658 4641 quod
2681 4572 2791 4642 agit
2821 4573 2986 4625 menti
3009 4585 3067 4626 se
3096 4558 3460 4627 obicem‘ante
3489 4586 3614 4627 ocu-

322 4668 406 4725 Ea
435 4683 664 4739 namque
695 4658 973 4745 deserunt,
1017 4678 1072 4725 et
1096 4666 1163 4724 ad
1195 4668 1342 4724 lui-ra
1376 4686 1433 4725 se
1464 4668 1707 4727 ccelestia
1750 4672 1776 4711 δ
1806 4671 1919 4729 adi-

326 4763 579 4833 piscenda
620 4771 964 4817 convertunt.
993 4763 1200 4817 Cuncta
1230 4773 1407 4818 autem
1442 4763 1557 4819 thC
1589 4774 1802 4823 torrens
1827 4756 1918 4823 ille

324 4854 641 4925 reliquerat,
694 4844 785 4924 qui
846 4844 1103 4913 (libebat:
1148 4846 1373 4926 Propter
1417 4875 1566 4929 qum
1612 4862 1785 4915 omnia
1827 4863 1919 4917 de-

327 4950 620 5003 trimentum
664 4942 782 5022 feci,
811 4961 859 5004 et
881 4951 1103 5007 arbitror
1144 4962 1199 5007 ut
1238 4956 1469 5008 Hercera
1498 4944 1669 5023 (Phil.
1713 4971 1797 5022 tu,
1834 4956 1911 5027 8).

328 5043 436 5098 Sed
487 5043 608 5114 quia
658 5059 945 5115 pravorum
990 5055 1197 5100 mentes
1233 5060 1294 5100 ea
1330 5045 1382 5100 in
1416 5038 1519 5101 hac
1553 5046 1658 5100 vita
1691 5034 1915 5117 adipisci

325 5132 606 5207 appetunt,
635 5153 753 5205 quae
782 5132 1143 5206 despicientes
1168 5135 1301 5208 justi
1330 5122 1922 5209 derelinquunt,in.dc-

402 5262 428 5290 ι
456 5251 658 5307 Vitiose
683 5254 734 5307 in
768 5252 891 5325 Ed.,
915 5260 964 5305 et
994 5268 1109 5305 cum
1130 5251 1332 5325 singula
1355 5252 1582 5325 rapiunt.
1608 5253 1916 5325 Legendum

326 5339 450 5379 esse
472 5326 729 5391 reperiunt
755 5324 945 5396 suadet
974 5334 1153 5396 textus
1176 5322 1297 5396 ω),
1333 5338 1449 5375 eum
1471 5324 1678 5396 singula
1690 5322 1919 5396 reperis-

327 5405 457 5467 sent,
482 5403 537 5467 et
567 5396 793 5467 probant
822 5395 952 5467 Mss.
978 5395 1185 5461 Germ.,
1212 5392 1442 5459 Turon.,
1473 5392 1667 5462 Laud.,
1701 5392 1914 5467 Nerm.,

328 5462 451 5518 Val.
472 5462 584 5529 ,Cl.,
612 5462 776 5520 Corb.
810 5466 1009 5529 Germ.,
1045 5472 1149 5520 etc.

400 5534 430 5574 δ
454 5534 683 5609 Turon.,
700 5538 1002 5609 appetenda.
1380 5598 1381 5601 η

342 5668 347 5673 .
405 5616 429 5645 ο
454 5605 743 5677 Ωωίιιὶιυιί
763 5606 815 5663 in
848 5611 919 5676 pl.
953 5609 1053 5665 Ed.
1094 5616 1263 5673 terras,
1292 5609 1389 5671 sed
1413 5608 1678 5677 reperitur
1701 5608 1753 5663 in
1784 5608 1913 5667 Mss.

328 5668 610 5749 Anglic.et
637 5668 1084 5743 nostrisJuecuou
1107 5681 1159 5735 in
1180 5668 1284 5735 vet.
1313 5668 1412 5737 Ed.
1435 5668 1603 5736 Paris.
1632 5679 1792 5746 1495,
1816 5696 1913 5737 ne-

329 5765 437 5820 que
460 5750 745 5817 redundat,
786 5762 1165 5823 comparantur
1192 5752 1335 5809 enim
1366 5752 1586 5812 latibula
1626 5755 1909 5811 conscien-

180 5890 197 5897 κ
243 5853 251 5859 -
331 5825 423 5879 tia:
441 5824 683 5881 cavernis
705 5830 879 5880 terrae.

2030 4671 2136 4725 lum
2162 4667 2387 4723 rationis
2416 4665 2711 4721 interserit.
2766 4664 2920 4721 Unde
2950 4665 3007 4718 iit
3039 4668 3092 4718 ttt
3117 4667 3292 4719 anima
3325 4666 3472 4735 prius
3522 4678 3616 4721 νο·
3666 4726 3669 4727 ν

2028 4759 2272 4817 luntariis
2327 4758 2567 4814 tenebris
2615 4756 2836 4813 obsessa
2890 4755 3229 4827 postmodum
3276 4748 3473 4813 honuni
3498 4759 3611 4829 jam

2022 4862 2128 4911 ‘nec
2155 4855 2297 4926 quod
2324 4860 2532 4924 quterat
2552 4852 2824 4922 agnoscat".
2849 4842 3063 4919 Quanto
3083 4852 3227 4907 enim
3256 4854 3424 4924 magis
3455 4853 3614 4911 malis

2026 4949 2289 5016 adhaeret,
2322 4948 2468 5003 tanto
2491 4947 2671 5001 minus
2695 4942 2944 5018 intelligit
2971 4946 3108 5002 bona
3128 4964 3243 5019 qua:
3273 4950 3466 5020 perdit.
3498 4949 3612 5008 Lux

2027 5045 2224 5115 quippe
2252 5040 2488 5097 veritatis
2540 5040 2662 5110 quia
2710 5038 2978 5096 subtiliter
3025 5028 3378 5111 reptobbrutn
3426 5038 3614 5113 culpas

2028 5136 2320 5198 examinat,
2354 5151 2458 5206 quo
2490 5126 2669 5190 habita
2697 5122 2982 5206 negligitur
3004 5174 3021 5201 ,
3064 5148 3132 5192 eo
3168 5135 3423 5206 permittit
3456 5136 3480 5169 °
3532 5136 3617 5193 di-

2098 5249 2123 5288 ιλ
2168 5250 2283 5304 Duo
2312 5248 2504 5311 Laud.,
2529 5250 2832 5313 devoratur;
2882 5247 2996 5313 sed,
3046 5256 3104 5302 ut
3130 5258 3398 5318 putamus,
3429 5263 3613 5305 corru-

2028 5333 2155 5394 pte;
2189 5321 2379 5376 ntenda
2411 5333 2611 5394 autem_
2629 5318 2801 5375 Codd.
2831 5318 3120 5394 aliquando
3156 5328 3507 5394 zannotamus,
3557 5333 3614 5377 ut

2024 5389 2210 5464 quales
2238 5394 2345 5448 sint
2368 5393 2544 5464 palam,
2583 5390 2695 5456 iiat,
2744 5394 2878 5464 neve
2915 5389 2982 5464 ab
3025 5389 3171 5444 omni
3204 5404 3386 5464 errore
3419 5392 3613 5464 immu-

2026 5448 2123 5519 nes
2141 5448 2450 5521 credantbr.
2507 5448 2800 5532 Utramque
2843 5448 3127 5516 lectionem
3172 5460 3389 5517 exhibet
3437 5462 3602 5521 Corb.

2025 5535 2209 5591 Germ.

2101 5610 2123 5637 ε
2164 5608 2219 5663 In
2249 5607 2373 5673 Ed.,
2407 5606 2667 5661 districtus
2686 5602 2889 5677 judex;
2930 5601 3095 5670 quod,
3123 5602 3272 5677 _licet
3299 5607 3475 5677 magni
3507 5621 3618 5662 tuo-

2023 5682 2187 5735 menti
2217 5694 2321 5733 non
2346 5678 2440 5742 sit,
2484 5672 3075 5751 immutandumtameu
3118 5672 3440 5751 judicamifs,
3483 5692 3613 5748 ρεο-

2021 5762 2140 5821 pter
2164 5752 2472 5806 unanimem
2500 5749 2627 5803 Mss.
2651 5757 2997 5801 consensum.
