4104 6350
410 434 437 465 ἱ

512 352 616 411 M9

1721 347 1967 407 SANCTI
2001 348 2329 407 GBEGORII
2366 348 2577 406 MAGNi

3679 352 3781 409 160

519 463 757 524 strictius
779 463 1055 535 judicans,
1078 472 1138 520 ut
1163 475 1263 519 nec
1282 460 1481 519 amissa
1511 461 1845 534 requiratur;
1874 473 1929 519 et
1972 477 2094 518 cum
2126 466 2179 525 Α
2211 462 2317 517 tlu‘o
2351 461 2568 535 (Thren.
2601 477 2680 530 tu,
2710 459 2821 534 l5).
2845 461 2913 519 Ut
2940 462 3080 517 enim
3118 463 3172 518 in
3201 462 3461 534 superiori
3486 463 3596 535 jam
3628 478 3781 538 parte

508 558 580 616 ab
602 566 723 615 actu
754 556 1051 627 repellitur,
1082 554 1216 625 fugit
1244 570 1274 609 a
1301 569 1487 626 sensu,
1545 564 1605 611 ttt
1654 556 1807 627 cujus
1832 554 1987 626 quasi
2015 554 2096 610 fa-

509 649 623 708 cies
650 649 707 705 in
734 663 897 720 opere
944 647 1327 713 contemnitur,
1375 646 1496 717 ejus
1535 661 1630 717 per
1658 647 2095 703 recordationem

515 743 626 815 jam
662 758 761 799 nec
790 753 936 813 terga
966 739 1270 796 videantur.
1310 740 1448 796 Hinc
1488 740 1665 811 itaque
1705 749 1790 796 est
1838 740 1980 811 quod
2006 755 2096 797 re-

500 836 669 906 ‘probi
691 835 921 905 subjecti
946 834 1140 890 tlendis
1170 833 1466 890 sceleribus
1490 834 1741 904 gaudent,
1791 834 1860 890 de
1903 834 2096 905 quibus

510 942 604 999 per
625 928 963 986 Salomonem
991 926 1188 983 dicitur
1219 944 1232 980 :
1287 925 1390 991 Qui
1420 928 1659 981 artantur
1688 942 1804 981 cum
1826 928 2100 998 malefece-

508 1017 631 1086 rint;
657 1030 704 1075 et
728 1020 988 1075 exsultant
1015 1022 1067 1075 in
1089 1020 1239 1075 rebus
1256 1020 1489 1090 pessimis
1521 1018 1703 1093 (Prov.
1735 1036 1798 1088 ιι,
1820 1019 1934 1091 14).
1962 1020 2099 1075 Hinc

509 1122 592 1169 est
616 1115 757 1184 quod
789 1100 1145 1185 lac'rymarum
1180 1130 1373 1170 causas
1420 1115 1774 1183 tripudiantes
1802 1124 2095 1186 peragunt;

507 1206 631 1261 hinc
650 1216 734 1261 est
774 1206 915 1276 quod
947 1206 1132 1261 mortis
1186 1222 1300 1262 sua:
1330 1208 1600 1278 negotium
1653 1207 1893 1264 ridentes
1935 1220 2094 1264 exse-

506 1310 763 1373 quuntur.
794 1300 953 1359 Unde
985 1301 1069 1356 hic
1091 1317 1307 1372 quoque
1339 1311 1463 1370 apte
1503 1303 1877 1373 subjungitur:
1978 1325 2007 1333 -

930 1393 1167 1451 CAPUT
1191 1394 1283 1449 xv
1315 1394 1464 1468 [Rec.
1484 1393 1666 1469 XVI].

580 1485 743 1543 Vens.
774 1488 827 1542 7.
880 1515 953 1527 -—-
1008 1485 1109 1555 Qui
1134 1487 1267 1541 inter
1295 1486 1652 1558 hujuscemodi
1682 1487 2008 1558 ltetabantur,
2049 1501 2098 1547 et

507 1594 615 1635 esse
643 1579 736 1633 sub
755 1579 978 1633 sentibus
1000 1580 1210 1634 delicias
1232 1580 1616 1651 computabant.

575 1670 665 1726 58.
696 1669 763 1726 In
791 1672 1098 1726 transitoriis
1129 1673 1379 1740 ltetnntes,
1410 1675 1651 1747 gravibus
1676 1675 1817 1729 curis
1843 1675 2097 1749 afﬂigun-

511 1773 616 1819 tur.
646 1792 715 1804 —
747 1763 890 1819 Inter
916 1763 1287 1833 hujuscemodi
1342 1767 1611 1834 laetantur,
1673 1769 1796 1837 quia
1842 1762 2093 1823 nimirum

2201 554 2547 625 praediximus
2592 554 2732 626 (Lib.
2780 570 2881 625 vn,
2907 572 2959 609 η.
2988 553 3109 626 25),
3147 555 3326 611 ebrius
3365 558 3588 628 quisque
3637 561 3779 630 quod

2197 648 2399 719 patitur
2422 648 2611 704 nescit.
2632 648 2735 714 Qui
2765 662 2893 702 vero
2916 647 3202 719 absyntbio
3227 647 3520 715 debriatur,
3571 660 3626 706 et
3672 651 3776 709 hoc

2198 739 2340 810 quod
2370 740 2596 810 sumpsit
2618 754 2858 795 amarum
2895 750 2996 805 est,
3044 749 3096 795 et
3152 753 3328 798 tamen
3380 758 3489 797 non
3537 742 3783 814 intelligit

2198 831 2442 887 eamdem
2473 832 2887 889 amaritudinem
2932 848 3034 902 qua
3064 835 3324 903 repletur.
3356 835 3651 892 llumanum
3683 839 3784 910 igi—

2198 931 2285 977 tur
2331 937 2501 992 genus
2552 934 2702 991 recto
2756 924 2869 979 Dei,
2899 923 3103 994 judicio
3136 934 3159 963 ε
3196 925 3250 980 in
3280 925 3641 997 voluptatibus
3669 930 3783 985 suis

2199 1015 2304 1070 sibi
2329 1015 2632 1081 dimissum,
2671 1026 2832 1087 atque
2863 1033 2959 1087 per
2994 1018 3211 1073 easdem
3239 1020 3535 1089 voluptates
3563 1033 3781 1092 sponta-

2198 1106 2314 1163 neis
2345 1107 2780 1166 tribulationibus
2821 1110 3097 1174 traditum,
3131 1112 3418 1183 ahsynthio
3445 1123 3528 1169 est
3554 1114 3785 1184 ebrium,

2196 1201 2322 1271 quia
2347 1210 2402 1256 et
2431 1215 2612 1256 amara
2638 1210 2763 1257 sunt
2783 1217 2904 1273 qua:
2926 1218 3022 1272 pro
3041 1203 3197 1272 hujus
3215 1205 3335 1265 vitae
3360 1220 3545 1262 amore
3569 1208 3784 1278 tolerat,

2195 1303 2253 1349 et
2275 1304 2455 1350 tamen
2487 1299 2731 1349 eamdem
2761 1296 3182 1351 amaritudinem
3212 1299 3452 1353 caecitate
3481 1301 3789 1368 cupiditatis

2196 1385 2350 1455 quasi
2398 1385 2811 1443 insensibilitate
2839 1387 3118 1443 ebrietatis
3146 1389 3374 1460 ignorat.
3431 1390 3613 1446 nfundi
3640 1394 3786 1449 enim

2196 1476 2421 1548 gloriam
2445 1477 2653 1544 sitiens,
2676 1476 2800 1533 dum
2825 1481 3025 1536 multas
3061 1495 3159 1551 pro
3207 1496 3269 1535 ea
3298 1482 3663 1540 tribulationes
3695 1500 3783 1541 re-

2202 1572 2355 1641 perit,
2390 1586 2634 1627 amarum
2664 1580 2748 1627 est
2784 1573 2928 1644 quod
2976 1574 3131 1628 bibit.
3184 1573 3292 1630 Sed
3322 1576 3448 1645 quia
3488 1576 3591 1633 hoc
3621 1578 3786 1635 nimis

2200 1664 2470 1720 inbianter
2499 1666 2749 1735 sumpsit,
2795 1664 3040 1736 ejusdem
3062 1668 3432 1724 amaritudinis
3456 1671 3652 1726 malum
3681 1671 3790 1727 dis-

2198 1772 2423 1815 cernere
2471 1758 2584 1830 jam
2631 1774 2744 1829 pra:
2795 1761 2909 1829 ipsa
2953 1760 3213 1817 ebrietate
3242 1777 3347 1817 non
3384 1762 3602 1819 sufficit.
3636 1762 3786 1836 [νει.

509 1855 793 1911 attendunt
820 1856 1128 1911 transitoria
1172 1872 1292 1926 quae
1318 1857 1641 1926 percipiunt,
1676 1869 1730 1914 et
1761 1859 1955 1923 intueri
1985 1875 2087 1915 ne-
2120 1846 2171 1907 Β
2202 1848 2399 1923 ΧνΙο]
2455 1853 2653 1905 ﬁrmam
2702 1851 2847 1905 enim
2896 1853 3131 1921 perversi
3180 1853 3424 1910 homines
3477 1871 3574 1925 pro
3618 1855 3778 1925 hujus

506 1950 715 2023 gligttnt
762 1954 1129 2023 permanentia
1183 1953 1326 2009 bona
1374 1971 1495 2025 quas
1543 1962 1790 2025 perdunt.
1848 1956 2090 2027 Cumque

508 2028 690 2099 amore
720 2045 1097 2114 temporalium
1124 2046 1383 2117 ﬂagrant,
1417 2063 1597 2102 veram
1629 2048 1868 2103 laetitiam
1902 2050 2090 2106 volen-

502 2148 582 2196 tes
603 2140 873 2212 ignorant.
928 2142 1098 2208 Quam
1155 2142 1199 2195 si
1251 2142 1494 2196 studiose
1525 2156 1852 2211 cognoscere
1880 2156 2091 2211 quaere-

504 2242 643 2297 rent,
671 2249 830 2300 quam
856 2234 1031 2289 flenda
1053 2234 1163 2289 sint
1177 2233 1364 2304 gaudia
1396 2248 1516 2302 qua:
1538 2241 1799 2304 appetunt
1821 2236 2090 2290 viderent.

505 2324 613 2380 Sed
645 2325 768 2380 dum
803 2326 1023 2381 meliora
1048 2327 1190 2380 scire
1220 2333 1590 2391 contemnunt,
1642 2327 1756 2381 sola
1808 2325 1911 2382 sibi
1941 2326 2088 2383 velut

510 2431 719 2472 summa
750 2418 974 2488 eligunt,
1008 2434 1129 2487 quae
1174 2404 1648 2474 visibiliter'oculis
1702 2418 1876 2491 fugaci
1927 2420 2091 2476 sedu-

503 2508 682 2564 ctione
707 2509 1073 2565 blandiuntur.
1112 2510 1587 2583 Visibilia_scilicet
1612 2521 1898 2581 sequentes
1922 2520 1949 2549 κ
1996 2528 2092 2571 cor

513 2599 712 2677 figunt;
736 2610 792 2656 et
822 2610 969 2656 tanto
999 2602 1337 2657 extrinsecus
1388 2602 1553 2676 654
1587 2602 1841 2674 gaudent,
1894 2613 2095 2674 quanto

507 2692 935 2748 recordationem
960 2693 1042 2748 sui
1066 2693 1391 2749 intrinsecus
1414 2711 1520 2767 non
1551 2695 1768 2750 habent.
1801 2690 2093 2752 Miscentur

506 2796 680 2840 tamen
719 2800 903 2840 eorum
938 2787 1144 2857 gaudiis
1173 2787 1483 2857 plerumque
1514 2788 2088 2860 tribulationes,atque

505 2890 577 2931 ex
614 2874 774 2931 rebus
817 2877 947 2948 ipsis
995 2893 1059 2934 ex
1109 2878 1300 2948 quibus
1351 2880 1667 2948 superbiunt
1721 2879 2086 2951 flagellantur.

506 2968 691 3040 Neque
713 2970 855 3026 enim
884 2971 1003 3028 sine
1032 2973 1285 3042 gravibus
1306 2988 1556 3028 curarum
1579 2974 1841 3030 molestiis
1870 2984 2093 3044 possunt

506 3060 817 3129 temporalia
848 3076 968 3131 quae
990 3071 1266 3132 appetunt,
1327 3066 1409 3119 vel
1459 3080 1564 3120 non
1600 3064 1780 3120 habita
1823 3082 2088 3137 quaerere,

505 3153 591 3208 vel
650 3155 871 3225 quaesita
898 3170 1137 3222 servare,
1192 3157 1331 3212 inter
1369 3159 1601 3228 aequales
1660 3161 2087 3227 praestantiorem

2178 1942 2396 1996 'mundi
2421 1941 2596 2011 gloria
2621 1941 2784 2007 etiam
2814 1942 3208 2011 tribulationes,
3239 1947 3559 2016 cunctisque
3605 1962 3696 2016 pro
3725 1960 3789 2002 ea

2203 2034 2490 2090 sudoribus
2522 2034 2748 2089 libenter
2773 2038 3037 2105 serviunt,
3068 2046 3123 2094 et
3145 2040 3383 2110 gravium
3411 2040 3646 2095 laborum
3659 2042 3792 2113 jugo

2193 2127 2538 2183 devotissime
2558 2128 2697 2182 colla
2720 2130 3061 2185 submittunt.
3077 2132 3229 2199 Quod
3251 2132 3386 2188 bene
3412 2133 3510 2189 sub
3533 2133 3793 2202 Ephraim

2205 2217 2385 2287 specie
2442 2217 2582 2273 Osee
2650 2218 3008 2288 prophetante
3078 2219 3446 2286 describitur,
3513 2223 3601 2291 qui
3642 2224 3719 2278 ait
3772 2242 3790 2277 :

2198 2309 2631 2379 Ephraimcitula
2676 2311 2828 2365 docta
2869 2312 3082 2383 diligere
3110 2314 3344 2367 trituram
3399 2313 3551 2386 (Osee
3576 2333 3631 2383 ι,
3676 2315 3791 2388 ii).

2199 2399 2381 2455 Vitula
2407 2401 2552 2456 enim
2589 2400 2792 2457 tritura:
2820 2403 3095 2459 laboribus
3124 2392 3361 2476 assueta,
3408 2407 3644 2462 relaxata
3676 2409 3792 2479 ple-

2203 2509 2433 2565 rumque
2457 2498 2524 2551 ad
2549 2496 2797 2552 eumdem
2824 2497 3025 2553 laboris
3042 2515 3194 2554 usum
3207 2502 3368 2555 etiam
3396 2517 3501 2556 non
3517 2504 3793 2574 compulsa

2196 2588 2507 2643 revertitur.
2542 2589 2618 2644 Ita
2650 2604 2934 2659 pravorum
2966 2606 3119 2647 mens
3149 2593 3308 2663 hujus
3340 2595 3523 2650 mundi
3554 2598 3792 2654 servitiis

2196 2680 2394 2748 dedita,
2429 2691 2485 2737 et
2516 2697 2696 2736 rerum
2721 2684 3093 2753 temporalium
3128 2687 3526 2757 fatigationihus
3551 2701 3790 2759 assueta,

2195 2773 2403 2829 etiamsi
2432 2775 2534 2830 sibi
2558 2775 2723 2830 libere
2745 2790 2938 2833 vacare
2960 2778 3135 2844 liceat,
3160 2780 3381 2836 subesse
3411 2792 3585 2837 tamen
3614 2782 3641 2820 (ι
3676 2795 3784 2840 ter-

2199 2865 2345 2920 renis
2371 2866 2645 2922 laboribus
2664 2867 2899 2937 festinat,
2931 2879 2986 2925 et
3009 2887 3162 2927 usum
3192 2874 3403 2928 misera:
3424 2878 3791 2931 conversatio-

2197 2961 2279 3014 nis
2305 2960 2547 3015 trituram
2578 2961 2775 3017 laboris
2804 2964 3016 3034 quaerit,
3051 2977 3110 3020 ut
3141 2983 3169 3020 a
3204 2967 3333 3037 jugo
3360 2969 3644 3024 mundana:
3674 2986 3791 3029 ser-
3862 2966 3865 2967 ⁷

2199 3052 2378 3107 vitulis
2406 3067 2625 3110 cessare
2652 3070 2765 3109 non
2798 3056 2991 3125 libeat,
3045 3059 3206 3113 etiam
3239 3063 3283 3115 si
3315 3059 3492 3117 liceat.
3525 3063 3676 3132 Quod
3713 3066 3792 3121 vi-

2196 3145 2590 3217 delicetjugum
2622 3146 2882 3203 Dominus
2909 3158 2933 3186 °
2967 3164 2997 3203 a
3036 3150 3418 3221 discipulorum
3448 3158 3655 3212 cervice
3681 3159 3791 3213 sol-

501 3246 728 3318 gloriam
768 3248 1034 3318 lappelere
1058 3290 1073 3314 ,
1124 3264 1154 3304 a
1204 3250 1503 3309 minuribus
1557 3254 1915 3308 reverentiam
1969 3255 2087 3325 plus
2118 3236 2164 3299 C
2194 3236 2371 3303 vehat,
2412 3252 2535 3291 cum
2556 3237 2731 3293 dixit:
2787 3240 3044 3294 Attendite
3072 3243 3232 3309 vobis,
3266 3260 3328 3298 ne
3354 3246 3486 3315 forte
3512 3258 3791 3317 graventur

509 3356 669 3413 quam
697 3351 914 3410 oportet
938 3341 1171 3411 exigere,
1216 3351 1271 3397 et
1299 3344 1475 3398 minus
1520 3359 1678 3414 quam
1710 3326 1907 3402 debent
1936 3362 2090 3402 eam-

501 3435 625 3490 dem
673 3431 966 3505 majoribus
1022 3434 1307 3500 exhihere;
1369 3435 1681 3506 plerumque
1739 3439 2031 3507 potentiam
2060 3436 2089 3479 ιι

500 3540 599 3596 per;
622 3524 994 3596 impotentiam
1024 3525 1339 3595 ostendere;
1392 3542 1607 3600 semper
1635 3543 1797 3599 prava
1820 3544 2001 3602 agere,
2038 3539 2091 3586 et

500 3626 676 3674 tamen
704 3632 775 3674 ne
801 3617 1109 3687 Opinionem
1139 3621 1417 3690 pravitatis
1448 3622 1700 3689 habeant,
1744 3622 2089 3680 formidolosa

499 3694 789 3767 custodire.
821 3709 947 3767 Haec
968 3709 1209 3781 profecto
1235 3713 1414 3769 omnia
1445 3713 1669 3770 miseros
1696 3724 1959 3787 pungunt,
1992 3713 2089 3770 sed

501 3803 719 3859 easdem
760 3803 1080 3871 punctiones
1128 3804 1245 3875 ipso
1299 3818 1476 3859 rerum
1532 3807 1907 3875 temporalium
1966 3805 2091 3862 victi

501 3912 685 3952 amore
714 3912 819 3952 non
849 3900 1110 3952 sentiunt.
1167 3897 1323 3954 Unde
1366 3907 1421 3954 et
1471 3907 1618 3953 recte
1649 3914 1790 3953 nunc
1845 3899 2040 3955 dicitur
2073 3917 2087 3952 :

504 3988 571 4042 Et
598 4006 705 4044 esse
732 3990 824 4043 sub
855 3990 1079 4043 sentibus
1107 3989 1319 4044 delicias
1343 3991 1730 4060 computabant,
1754 3991 1875 4061 quia
1897 4007 2092 4063 pecca-

503 4092 677 4138 torum
704 4082 1154 4139 delectationibus
1213 4084 1401 4153 pressi,
1463 4099 1529 4140 ex
1556 4084 1751 4141 affectu
1792 4086 1927 4141 vita:
1954 4102 2094 4156 pra:-

504 4176 678 4234 sentis
708 4190 869 4245 quam
900 4177 1008 4230 sint
1029 4190 1221 4241 aspera
1258 4191 1378 4244 qua:
1408 4177 1681 4245 patiuntur
1710 4178 1980 4250 ignorant.

575 4264 662 4323 39.
696 4264 925 4321 Delicias
954 4268 1206 4321 aestimant
1232 4284 1436 4323 manere
1480 4270 1572 4323 sub
1597 4270 1844 4327 sentibus.
1881 4301 1953 4313 —-
1976 4273 2094 4331 Lae-

504 4369 684 4414 tantur
716 4359 916 4428 itaque,
940 4358 1033 4415 sed
1076 4358 1177 4414 sub
1207 4360 1471 4427 sentibus,
1502 4362 1623 4431 quia
1670 4362 1832 4418 rebus
1876 4365 2090 4434 quidem

503 4450 886 4520 temporalibus
940 4450 1196 4521 gaudent,
1260 4452 1355 4507 sed
1406 4462 1584 4507 tamen
1613 4454 1737 4529 dum
1776 4454 2092 4526 dispensare

502 4546 620 4600 sine
656 4545 995 4601 tribulatione
1024 4546 1214 4601 eadem
1277 4546 1592 4617 temporalia
1641 4564 1746 4604 non
1774 4549 1975 4618 valent,
2026 4565 2090 4608 ea

2194 3334 2353 3386 corda
2379 3344 2543 3386 vestra
2580 3334 2634 3387 in
2680 3334 2896 3404 crapula
2949 3347 2998 3390 et
3040 3337 3280 3395 ebrietate
3327 3340 3477 3412 (Luc.
3518 3360 3628 3409 ut,
3670 3345 3789 3417 54),

2197 3423 2349 3479 illico
2368 3425 2613 3494 adjunxit
2641 3444 2653 3479 :
2690 3426 2758 3480 Et
2785 3428 2838 3482 in
2867 3430 3000 3483 curis
3041 3432 3194 3501 hujus
3224 3434 3370 3499 vitta;
3406 3444 3451 3488 et
3468 3439 3792 3508 superveniat

2194 3521 2249 3574 in
2276 3536 2362 3575 cos
2388 3522 2656 3593 repentina
2681 3525 2787 3579 dies
2826 3526 2940 3581 illa.
2967 3526 3033 3579 Et
3060 3543 3244 3583 rursus
3268 3546 3281 3583 :
3319 3528 3499 3585 Venite
3527 3533 3595 3585 ad
3623 3532 3789 3607 655

2195 3627 2276 3666 me
2303 3628 2476 3667 omnes
2501 3615 2591 3684 qui
2615 3613 2861 3669 laboratis
2892 3626 2936 3671 et
2965 3620 3162 3673 onerati
3184 3621 3327 3691 estis,
3369 3632 3416 3676 et
3442 3640 3532 3695 ego
3560 3627 3792 3695 reficiam

2194 3722 2304 3763 vos.
2361 3705 2551 3761 Tollite
2587 3711 2777 3782 jugum
2806 3726 2974 3764 meum
3000 3728 3153 3780 super
3203 3730 3311 3782 vos,
3350 3723 3398 3769 et
3425 3716 3603 3770 discite
3628 3735 3660 3772 a
3687 3736 3787 3784 me,

2193 3801 2313 3873 quia
2339 3800 2475 3854 mitis
2495 3816 2607 3855 sum
2627 3811 2675 3855 et
2694 3802 2906 3855 humilis
2938 3807 3091 3858 corde
3121 3803 3336 3874 (Matth.
3365 3822 3439 3873 XI,
3459 3806 3575 3878 28).
3607 3807 3628 3846 ί
3651 3810 3790 3875 Quid

2204 3902 2285 3946 est
2313 3892 2456 3946 enim
2487 3893 2712 3948 Domino
2748 3894 2933 3950 mitem
2964 3909 3023 3950 se
3061 3897 3113 3950 in
3157 3899 3463 3967 magisterio
3491 3912 3650 3971 atque
3678 3904 3782 3958 bu-

2202 3984 2381 4038 milem
2416 3984 2619 4048 dicere,
2659 3985 2765 4040 nisi
2796 3986 2996 4040 relictis
3025 3990 3346 4043 exercenda:
3371 3991 3614 4048 elationis
3651 3994 3792 4049 diffi-

2204 4077 2491 4132 cultatibus
2541 4078 2697 4148 plana
2751 4079 2992 4150 quaedam
3023 4081 3161 4137 bene
3192 4084 3401 4139 vivendi
3460 4086 3651 4141 itinera
3697 4089 3793 4143 de-

2197 4169 2541 4225 monstrare?
2588 4170 2698 4226 Sed
2746 4174 2870 4242 quia
2936 4188 3216 4243 pravorum
3262 4184 3470 4233 utentes
3525 4179 3642 4246 plus
3693 4195 3793 4250 per

2194 4275 2384 4331 aspera
2444 4262 2697 4318 elationis
2748 4280 2907 4334 quam
2963 4282 3057 4335 per
3114 4268 3307 4343 blanda
3356 4268 3673 4327 humilitatis
3722 4288 3787 4329 ac

2197 4355 2628 4411 mansuetudinis
2648 4356 3007 4429 delectantur,
3058 4376 3180 4417 esse
3233 4363 3332 4417 sub
3362 4362 3602 4419 sentibus
3648 4366 3790 4421 deli-

2194 4450 2306 4505 cias
2332 4449 2610 4521 deputant.
2651 4450 2792 4506 Dura
2844 4454 2986 4508 enim
3041 4470 3151 4525 prae
3200 4470 3384 4512 amore
3411 4458 3592 4513 saeculi
3621 4462 3779 4530 quasi

2197 4545 2443 4615 quaedam
2498 4545 2682 4601 mollia
2735 4562 2798 4602 ac
2844 4548 3182 4604 delectabilia
3226 4550 3369 4608 ferre
3416 4555 3586 4623 parati
3637 4565 3782 4625 sunt,

501 4655 629 4695 cura
650 4651 954 4714 panguntur
993 4643 1179 4698 miseri
1206 4658 1308 4711 qua
1348 4651 1685 4711 premuntur.
1718 4644 1933 4701 Manent
1980 4646 2083 4703 sub
2120 4632 2174 4692 D
2198 4640 2327 4697 dum
2359 4638 2416 4713 in
2465 4638 2565 4696 hac
2592 4640 2699 4696 vita
2753 4655 2935 4698 rerum
2986 4644 3219 4698 culmina
3260 4632 3667 4717 apprehendere
3704 4663 3769 4703 co

501 4731 765 4800 sentibus,
785 4741 839 4789 et
860 4733 960 4788 hoc
990 4734 1161 4801 ipsum
1183 4731 1399 4788 delicias
1422 4732 1712 4798 aestimant,
1731 4735 1853 4803 quia
1874 4745 1928 4791 et
1952 4736 2091 4792 dura

503 4822 716 4893 quidem
746 4838 811 4880 ex
841 4822 1122 4893 praesentis
1165 4822 1288 4878 vitae
1318 4838 1500 4905 amore
1525 4823 1789 4889 tolerant,
1834 4837 1887 4881 et
1915 4836 2090 4885 tamen

500 4914 693 4970 allecto
718 4914 898 4969 nimiae
926 4914 1233 4983 cupiditatis
1256 4914 1511 4986 obligati,
1563 4916 1804 4972 laborem
1844 4919 2090 4989 ejusdem

500 5006 802 5062 tolerantia:
826 5006 1160 5076 voluptatem
1190 5015 1392 5076 putant.
1438 5005 1593 5062 Unde
1633 5017 1781 5064 recte
1822 5009 2089 5067 Jeremias

503 5097 671 5153 totius
696 5099 751 5153 in
782 5112 842 5153 se
872 5096 1118 5152 humanae
1146 5096 1565 5152 conversationis
1581 5099 1816 5167 speciem
1848 5115 2088 5169 sumens,

499 5207 594 5261 per
626 5192 918 5291 lamentum
945 5189 1207 5260 queritur,
1237 5189 1421 5245 dicens
1450 5208 1463 5244 :
1498 5188 1779 5246 Inebriavit
1802 5208 1881 5247 me
1903 5193 2090 5265 absyn—

571 5357 598 5385 ιι
636 5345 798 5403 Corb.
821 5345 1030 5415 Germ.,
1065 5345 1289 5414 Bellov.,
1313 5343 1483 5402 Laud.
1517 5356 1573 5402 et
1613 5344 1821 5414 Germ.,
1856 5348 2086 5410 fortasse

503 5420 721 5491 rectius,
744 5418 1081 5491 cor_fugiunt.
1107 5416 1346 5491 Priorem
1379 5425 1553 5491 tamen
1583 5419 1706 5491 lect.
1739 5420 2082 5491 retinuimus,

500 5490 585 5543 cui
616 5490 776 5543 etiam
807 5486 932 5543 Mss:
968 5488 1152 5542 Norm.
1184 5500 1236 5544 et
1261 5486 1501 5559 plerique
1540 5488 1919 5560 suﬁ'ragantur.
1955 5486 2073 5551 Val.

500 5561 585 5643 Cl;
608 5559 791 5643 habet,
814 5576 845 5611 a
872 5560 1025 5643 corde
1054 5561 1274 5643 fugiunt.

571 5628 765 5705 νεά..
791 5647 880 5705 per
909 5628 1238 5699 iniustitiam.
1272 5629 1587 5705 Elegantius
1612 5630 1669 5687 in
1696 5636 1895 5690 nostris
1920 5636 2079 5705 Mss.,

499 5717 592 5777 per
611 5702 983 5777 impotentiam.

502 5771 599 5900 ὼε
640 5772 853 5829 Gemet.
901 5771 1065 5831 habet
1080 5774 1361 5831 voluntates
1389 5788 1489 5847 pro
1518 5774 1825 5848 voluptates,
1872 5776 1981 5848 hic,
2037 5788 2095 5841 et

581 5860 662 5900 ra.

581 5860 662 5901 ra.

2200 4740 2413 4786 nantur.

2272 4824 2362 4880 40.
2396 4826 2681 4896 Asperitate
2710 4827 2902 4882 laboris
2944 4828 3128 4901 magis,
3159 4846 3311 4901 quam
3337 4832 3523 4902 quietis
3551 4833 3755 4889 dulcedt
3808 4894 3815 4899 ,

2198 4933 2279 4979 ne,
2314 4917 2655 4973 delectantur.
2688 4949 2786 4981 _—-
2836 4902 3199 4976 Cessationem
3246 4922 3504 4979 Dominus
3540 4943 3572 4982 a
3602 4928 3786 4984 mundi

2198 5009 2469 5066 laboribus
2498 5012 2758 5081 imperat,
2810 5022 3013 5069 sancta
3041 5015 3235 5085 quietis
3264 5016 3600 5073 dulcedinem
3655 5036 3781 5087 per-

2198 5101 2419 5170 suadet;
2452 5112 2507 5159 ct
2553 5114 2732 5161 tamen
2778 5120 2993 5167 vazsana
3042 5107 3345 5178 iniquorum
3378 5127 3528 5168 mens
3561 5112 3680 5183 plus
3727 5126 3787 5169 se

2206 5196 2422 5267 assequi
2445 5212 2637 5268 aspera
2680 5199 2968 5255 carnaliter
3012 5216 3173 5271 quam
3203 5212 3385 5262 tenere
3404 5206 3599 5262 blanda
3625 5207 3786 5278 spiri-

2268 5353 2295 5392 ά
2335 5355 2411 5410 lta
2434 5355 2561 5412 Mss.
2606 5358 2675 5431 At
2695 5358 2804 5413 duo
2829 5358 3013 5416 Germ.
3047 5377 3111 5418 ac
3132 5361 3297 5431 Editi,
3334 5366 3545 5421 terrenis
3571 5367 3781 5423 sudori-

2194 5425 2356 5481 bus...
2388 5434 2436 5481 et
2465 5444 2562 5483 usu
2591 5430 2809 5484 misera.

2264 5505 2301 5574 ᾗ
2328 5498 2489 5574 Corb.
2515 5499 2700 5555 Germ.
2728 5510 2786 5555 et
2818 5501 3051 5573 Vulgat.,
3100 5520 3134 5557 a
3175 5504 3551 5574 discipulorum
3592 5511 3788 5567 service

2190 5568 2517 5641 sublevabat;
2546 5574 2825 5641 sequimur
2850 5568 2972 5628 catt.
2999 5568 3126 5631 Mss.

2270 5637 2292 5678 ί
2334 5641 2462 5710 Ed.,
2483 5644 2611 5722 quid
2629 5637 2713 5722 est
2742 5644 3212 5722 enim_Dontinum.
3238 5647 3445 5722 Stylum
3497 5649 3786 5722 Gregoria-

2199 5725 2344 5795 ειιιιιι.
2357 5714 2527 5795 magis
2557 5718 2699 5795 sapit
2726 5733 2740 5769 :
2770 5716 2899 5795 quid
2923 5725 3064 5773 est...
3096 5714 3322 5775 Domino
3341 5760 3358 5790 ,
3390 5731 3448 5776 ut
3485 5714 3679 5795 legitur
3725 5726 3783 5783 in

2199 5782 2372 5842 Laud.
2401 5782 2594 5858 duob.,
2621 5782 2832 5858 Germ},
2853 5786 3067 5859 Norm..
3100 5800 3206 5849 etc.
