4104 6350
360 379 459 435 161

1218 375 1575 432 MORALIUM
1617 376 1745 431 LIB.
1789 371 1905 431 xx.
1948 400 2018 413 —
2055 352 2283 431 CAPUT
2322 374 2443 431 XIX
2484 375 2544 431 Β.
2587 374 2726 432 JOB.

3518 374 3619 432 ΝΞ

355 497 575 551 tualiter
613 494 846 566 gaudet,
897 495 1014 563 plus
1061 497 1352 551 acerbitate
1401 499 1726 565 fatigationis
1777 508 1935 564 quam
1967 490 2016 550 Α
2043 493 2223 546 debitis
2255 503 2304 547 et
2349 511 2433 547 vos
2473 493 2497 529 ἀ
2550 509 2700 560 super
2752 491 3021 545 duodecim
3065 492 3294 560 thronos,
3329 493 3622 564 Judicantes

353 589 554 657 quietis
582 586 868 641 dulcedine
903 587 1155 655 pascitur.
1173 585 1326 654 Quod
1357 594 1538 656 aperte
1569 587 1619 639 in
1649 584 1936 650 semetipso

356 679 510 734 nobis
569 678 889 733 lsraeliticus
943 678 1166 747 populus
1207 679 1441 734 ostendit
1487 676 1682 746 (Exod.
1714 692 1824 740 xvi,
1856 674 1935 743 5),

357 774 445 842 qui
481 772 604 827 dum
633 772 976 828 refectionem
1020 789 1229 829 manna:
1256 773 1488 842 desuper
1511 772 1835 841 perciperet,
1865 770 1932 823 ab

357 861 749 934 AEg’ypto‘ollas
773 865 1041 930 carnium,
1096 879 1353 936 pepones,
1411 878 1619 933 porros,
1672 877 1939 931 cepasque

355 955 683 1024 concupivit.
714 955 850 1023 Quid
879 956 1020 1010 enim
1046 955 1286 1028 signatur
1317 955 1370 1010 in
1412 970 1628 1019 manna,
1672 954 1774 1008 nisi
1815 968 1937 1008 esca

356 1049 569 1115 gratiae,
593 1061 759 1101 suave
781 1048 1017 1116 sapiens,
1048 1048 1113 1101 ad
1146 1047 1493 1102 refectionem
1527 1045 1797 1100 interioris
1817 1046 1940 1099 vitae

359 1140 502 1195 bene
525 1141 843 1194 vacantibus
869 1141 1102 1208 desuper
1130 1140 1291 1194 data?
1321 1141 1384 1194 Et
1406 1139 1531 1209 quid
1556 1154 1651 1209 per
1679 1139 1810 1193 ollas
1830 1153 1944 1193 car-

361 1232 534 1298 nium,
567 1243 593 1271 α
622 1233 724 1288 nisi
748 1232 984 1286 carnalia
1016 1247 1200 1301 opera,
1236 1232 1320 1285 vix
1365 1231 1762 1285 tribulationum
1794 1229 1941 1282 labo-

297 1329 314 1340 '
358 1325 510 1379 ribus
549 1325 699 1394 quasi
732 1325 943 1394 ignibus
965 1323 1343 1392 excoqueuda?
1384 1323 1524 1388 Quid
1555 1338 1648 1390 per
1681 1336 1936 1390 pepones,

363 1418 466 1471 nisi
517 1427 746 1472 terrente
785 1415 1133 1470 dulcedines?
1180 1414 1316 1482 Quid
1349 1430 1444 1484 per
1468 1430 1653 1482 porros
1691 1428 1755 1467 ac
1782 1427 1941 1479 cepas

363 1492 705 1577 exprimitur,
735 1523 859 1576 quae
889 1508 1199 1576 plerumque
1225 1508 1310 1576 qui
1336 1505 1644 1569 comedunt,
1678 1506 1942 1576 lacrymas

361 1600 636 1664 emittunt,
668 1599 773 1652 nisi
805 1597 1090 1653 difﬁcultas
1116 1599 1237 1652 vitae
1260 1599 1565 1666 praesentis.
1606 1612 1726 1667 quae
1749 1612 1780 1650 a
1809 1597 1944 1651 dile-

361 1690 600 1744 ctoribus
626 1690 738 1744 suis
762 1699 816 1744 et
841 1705 946 1744 non
978 1691 1094 1744 sine
1125 1691 1270 1744 luctu
1295 1691 1486 1759 agitur,
1527 1699 1582 1745 et
1615 1701 1790 1744 tamen
1818 1704 1939 1744 cum

364 1783 613 1852 lacrymis
633 1782 880 1836 amatur?
908 1784 1096 1836 Manna
1131 1782 1288 1852 igitur
1318 1783 1648 1848 deserentes,
1699 1797 1819 1837 cum
1843 1796 1940 1850 pe-

2042 585 2310 639 duodecim
2336 587 2494 640 tribus
2527 584 2694 640 Israel
2741 585 2954 654 (Matth.
2980 602 3094 653 xu,
3120 586 3237 656 28).
3294 586 3433 643 Ecce
3461 588 3622 643 relin-

2041 689 2264 747 quentes
2311 680 2623 747 temporalia
2662 679 2886 748 gloriam
2931 680 3212 748 potestatis
3237 691 3453 736 aeterna:
3483 693 3625 735 mer-

2044 770 2148 823 cati
2173 778 2315 824 sunt.
2349 769 2485 837 Quid
2516 769 2694 837 itaque
2724 770 2774 823 in
2823 770 2923 824 hoc
2975 770 3176 824 mundo
3219 771 3436 825 stultius
3458 785 3619 840 quam

2045 877 2140 916 sua
2171 861 2456 916 deserere?
2505 860 2571 915 Et
2590 861 2715 931 quid
2761 861 2813 914 in
2864 863 3161 918 aeternitate
3191 861 3422 916 nobilius
3466 877 3622 930 quam

2041 965 2164 1006 cum
2199 953 2308 1007 Deo
2356 951 2566 1020 judices
2623 953 2842 1007 venire?
2889 953 3086 1008 Horum
3135 954 3338 1008 scilicet
3387 954 3626 1021 judicum

2044 1037 2294 1097 nobilitas
2317 1043 2604 1097 Salomone
2650 1049 2943 1098 attestante
2972 1054 3320 1108 memoratur,
3374 1060 3495 1100 cum
3525 1047 3626 1101 hoc

2045 1135 2187 1204 quod
2216 1133 2324 1203 jam
2351 1133 2605 1204 praefatus
2634 1149 2751 1189 sum
2781 1134 2977 1188 dicitur
3007 1152 3020 1186 :
3053 1134 3258 1189 Nobilis
3287 1137 3341 1189 in
3365 1137 3525 1204 portis
3553 1136 3626 1188 vir

2045 1230 2173 1299 ejus,
2207 1231 2408 1294 quando
2428 1228 2612 1281 sederit
2632 1243 2748 1280 cum
2773 1227 3092 1281 senatoribus
3115 1227 3452 1299 terrce(Prov.
3478 1244 3622 1295 χχιιι,

2049 1319 2164 1390 25).
2197 1319 2364 1373 Valde
2393 1321 2587 1390 quippe
2608 1320 2813 1376 nobiles
2836 1319 3158 1384 considerat,
3189 1334 3322 1390 quos
3351 1332 3628 1375 senatores

2045 1422 2220 1466 vocat.
2254 1413 2402 1466 Hanc
2442 1412 2494 1466 in
2544 1427 2602 1466 se
2653 1412 2982 1467 nobilitatem
3013 1412 3207 1466 Paulus
3247 1421 3549 1480 aspexerat,
3599 1420 3623 1448 ο

2047 1518 2170 1558 cum
2195 1504 2500 1575 cognationi
2536 1503 2825 1557 conditoris
2849 1518 2946 1572 per
2973 1504 3216 1572 spiritum
3236 1502 3451 1571 junctus
3479 1503 3624 1556 dice-

2044 1596 2138 1650 bat
2165 1612 2178 1649 :
2213 1595 2382 1649 Genus
2411 1613 2533 1666 ergo
2563 1611 2678 1648 cum
2705 1597 2864 1649 simus
2895 1595 3018 1661 Dei,
3054 1611 3175 1676 ‘non
3223 1594 3456 1649 debemus
3483 1595 3624 1648 testi-

2045 1703 2185 1742 mare
2221 1704 2368 1751 auro,
2401 1689 2478 1740 vel
2505 1698 2713 1759 argento
2740 1686 2757 1724 ι
2794 1696 2882 1740 aut
2911 1687 3076 1755 lapidi
3107 1688 3381 1754 sculptura:
3405 1687 3553 1752 artis,
3585 1696 3630 1740 et

2047 1781 2344 1850 cogitationi
2365 1781 2583 1833 hominis
2613 1781 2843 1833 divinum
2871 1796 2979 1833 esse
3008 1781 3174 1834 simile
3203 1780 3340 1850 (Act.
3361 1797 3489 1846 xvn,
3516 1778 3630 1848 29).

369 1874 596 1941 ponibus
621 1887 681 1926 ac
733 1873 989 1930 carnibus
1023 1888 1211 1942 porros
1271 1888 1536 1944 cepasque
1593 1874 1940 1943 quaesierunt,
1973 1874 2228 1936 BGenus
2260 1874 2505 1928 videlicet
2554 1873 2646 1927 Dei
2703 1873 2952 1938 dicimur,
3002 1889 3107 1926 non
3167 1889 3236 1926 ex
3286 1873 3401 1942 ejus
3444 1881 3631 1926 natura

374 1965 493 2032 quia
523 1963 758 2019 videlicet
801 1980 1072 2034 perversa:
1112 1975 1324 2022 mentes
1371 1967 1546 2021 dulcia
1595 1982 1690 2036 per
1716 1969 1940 2036 gratiam

374 2055 564 2123 quietis
590 2055 725 2110 dona
753 2056 1075 2125 despiciunt,
1110 2069 1162 2113 et
1192 2075 1286 2127 pro
1329 2059 1637 2113 carnalibus
1660 2060 1944 2128 voluptati-

366 2145 463 2200 bus
505 2146 785 2203 ’laboriosa
838 2149 999 2219 hujus
1062 2150 1181 2204 vita:
1238 2151 1428 2205 itinera
1453 2193 1467 2213 ,
1501 2153 1658 2205 etiam
1689 2151 1942 2222 lacrymis

363 2239 544 2308 plena,
589 2251 1003 2308 concupiscunt;
1031 2252 1380 2296 contemnunt
1419 2242 1618 2298 habere
1649 2243 1734 2296 ubi
1786 2243 1941 2312 spiri-

368 2333 581 2387 tualiter
613 2334 902 2404 gaudeant,
952 2343 1005 2390 et
1046 2335 1411 2391 desideranter
1437 2345 1715 2406 appetunt,
1757 2337 1845 2390 ubi
1890 2344 1944 2391 et

369 2424 658 2479 carnaliter
687 2435 924 2494 gemant.
954 2427 1151 2481 florum
1176 2427 1354 2496 itaque
1375 2427 1676 2482 vecordiam
1705 2427 1942 2483 veridica

361 2531 494 2571 voce
520 2515 621 2570 Job
653 2518 1034 2587 reprehendat,
1069 2520 1188 2589 quia
1221 2521 1470 2575 nimirum
1517 2537 1776 2590 perverso
1800 2521 1940 2590 judi-

363 2609 469 2676 cio,
507 2609 815 2677 perturbata
847 2611 1170 2679 tranquillis,
1200 2613 1332 2665 dura
1365 2613 1593 2677 lenibus,
1623 2629 1812 2684 aspera
1843 2615 1943 2668 mi-

362 2702 525 2768 tibus,
573 2703 878 2757 transitoria
924 2709 1158 2772 aeternis,
1207 2715 1456 2774 suspecta
1479 2709 1684 2761 securis
1716 2719 1940 2776 antepo-

362 2806 515 2851 nunt.
547 2793 575 2833 ι)
601 2796 801 2850 Horum
829 2796 1090 2851 vecordia:
1120 2808 1303 2851 sancta
1335 2799 1573 2854 Ecclesia
1602 2801 1937 2871 recordetur,

362 2905 485 2944 cum
511 2893 667 2944 saevis
698 2891 1028 2946 extrinsecus
1059 2891 1467 2947 adversitatibus
1496 2897 1780 2964 premitur,
1809 2911 1943 2965 quos

366 2982 507 3034 intra
565 2998 624 3035 se
678 2983 823 3037 velut
863 2982 1048 3037 ﬁdeles
1099 2983 1380 3049 continuit,
1430 2985 1523 3039 sed
1563 3000 1750 3040 eorum
1779 2989 1940 3042 vitam

361 3073 735 3128 adversantem
771 3075 890 3129 ﬁdei
915 3075 1004 3128 ditt
1033 3075 1299 3140 toleravit,
1331 3085 1383 3130 et
1434 3076 1577 3132 dicat
1609 3096 1622 3131 :
1684 3079 1784 3144 Qui
1812 3084 1942 3133 inter

361 3166 716 3237 hujuscemodi
742 3169 1068 3234 (celabantur,
1123 3179 1170 3224 et
1199 3187 1306 3224 esse
1353 3171 1442 3225 sub
1473 3173 1697 3227 sentibus
1727 3175 1938 3229 delicias

2047 1969 2198 2034 editi,
2231 1971 2323 2023 sed
2379 1984 2472 2036 per
2501 1969 2745 2037 spiritum
2774 1966 2912 2020 illius
2931 2006 2946 2031 ,
2969 1989 2974 1995 ·
3001 1973 3054 2020 et
3083 1966 3382 2020 voluntarie
3406 1966 3632 2033 conditi,

2048 2074 2104 2120 et
2129 2064 2377 2132 adoptive
2409 2061 2656 2116 recreati.
2713 2059 2885 2113 Tanto
2917 2073 3046 2128 ergo
3077 2059 3141 2113 ad
3195 2059 3332 2112 hanc
3380 2059 3630 2112 nobilita-

2053 2166 2161 2210 tem
2209 2156 2436 2224 quisque
2481 2152 2971 2223 erigitur,-quanto
2999 2166 3094 2219 per
3121 2161 3394 2218 acceptam
3443 2150 3630 2220 imagi-

2053 2263 2177 2302 nem
2225 2247 2290 2301 ad
2347 2243 2751 2300 similitudinem
2802 2241 2946 2296 illius
2990 2256 3054 2296 ex
3124 2242 3420 2297 imitatione
3468 2256 3630 2297 reno-

2046 2345 2218 2391 vatur.

2117 2427 2206 2480 4‘2.
2238 2428 2357 2481 Alia
2375 2427 2633 2498 ignobilis,
2661 2445 2764 2499 qua
2784 2442 3007 2499 superna
3026 2425 3281 2497 sapientia
3307 2425 3630 2496 relinquitur.

2045 2553 2116 2564 —
2145 2525 2214 2577 At
2236 2531 2422 2576 contra
2448 2532 2572 2576 sunt
2595 2523 2744 2576 stulti
2773 2532 2826 2577 et
2857 2520 3138 2593 ignobiles,
3185 2519 3274 2588 qui
3304 2519 3428 2573 dum
3451 2534 3632 2588 super-

2047 2631 2168 2669 nam
2205 2615 2551 2683 sapientiam,
2579 2615 2902 2683 semetipsos
2931 2621 3250 2683 sequentes,
3293 2613 3519 2680 fugiunt,
3579 2613 3631 2668 in

2046 2724 2140 2763 sua
2165 2709 2464 2779 ignorantia
2495 2709 2644 2778 quasi
2673 2709 2726 2762 in
2755 2707 2985 2776 abiecta:
3009 2706 3174 2775 prolis
3200 2705 3403 2761 vilitate
3419 2705 3633 2775 sopiun‘

2047 2810 2157 2856 tur.
2182 2800 2303 2866 Quo
2330 2799 2476 2854 enim
2510 2799 2563 2853 id
2591 2787 2661 2851 ad
2691 2800 2831 2868 quod
2874 2797 3070 2852 conditi
3103 2805 3248 2860 sunt,
3305 2812 3412 2851 non
3442 2795 3634 2852 intelli-

2045 2901 2198 2961 gunt,
2225 2906 2289 2946 eo
2319 2891 2478 2946 etiam
2501 2900 2526 2937 κ
2559 2891 2926 2959 cognationem
2968 2899 3202 2958 acceptae
3231 2905 3325 2959 per
3350 2889 3634 2960 imaginem

2046 2983 2426 3054 generositatis
2457 2987 2713 3052 perdunt.
2745 2981 2906 3038 Stulti
2931 2992 3056 3037 sunt
3094 2996 3223 3052 ergo
3253 2990 3307 3036 et
3345 2982 3630 3052 ignobiles,

2048 3092 2180 3147 quos
2201 3078 2270 3131 ab
2298 3086 2516 3132 interna:
2549 3078 2878 3132 hmreditatis
2910 3078 3181 3136 consortio
3212 3075 3428 3146 repellit
3462 3077 3633 3132 servi-

2053 3182 2137 3225 tus
2160 3171 2376 3225 mentis.
2419 3170 2686 3238 Scriptum
2718 3171 2914 3241 quippe
2952 3181 3075 3225 est:
3137 3169 3315 3223 Omnis
3367 3170 3456 3238 qui
3511 3169 3635 3241 facit
3667 3229 3672 3232 _

360 3259 752 3326 computabant,
783 3261 906 3330 quia
934 3263 1184 3316 nimirum
1219 3261 1358 3315 mala
1389 3279 1506 3332 quae
1555 3275 1718 3334 agunt
1743 3282 1808 3322 ex
1841 3268 1939 3321 ini-
1969 3262 2016 3327 C
2047 3279 2330 3340 peccatum,
2361 3283 2536 3322 servus
2576 3274 2650 3320 est
2675 3267 2867 3336 peccati
2887 3265 3064 3336 (Joan.
3091 3280 3208 3330 vm,
3232 3263 3348 3328 3-1).
3407 3265 3472 3318 Et
3500 3279 3634 3320 voce

359 3364 583 3418 quorum
630 3352 1042 3416 praecedentium
1101 3355 1364 3422 pravitate
1414 3355 1733 3413 didicerunt.
1792 3358 1941 3416 Unde

360 3451 412 3496 et
443 3452 588 3498 recte
618 3443 990 3513 subjungitur:

747 3532 969 3591 CAPUT
1010 3537 1126 3594 XVI
1166 3539 1306 3614 [Vet.
1330 3538 1545 3612 XVII].

436 3627 594 3682 Vsus.
625 3627 678 3683 8.
710 3658 778 3668 —
801 3628 928 3682 Filii
955 3631 1225 3686 stultorum
1252 3643 1298 3688 et
1337 3635 1656 3704 ignobilium.

431 3721 522 3776 H.
551 3719 763 3790 Duplea:
785 3732 858 3776 est
885 3726 1126 3790 stultitia;
1150 3728 1254 3779 alia
1283 3744 1495 3782 summa:
1524 3729 1777 3782 nobilitati
1813 3745 1940 3785 con-

362 3813 564 3876 iuncta.
601 3843 668 3852 —
709 3814 992 3870 Sciendum
1019 3817 1172 3873 nobis
1215 3829 1295 3873 est
1321 3820 1459 3891 quod
1507 3821 1594 3875 alii
1647 3823 1783 3877 intra
1813 3837 1939 3878 san-

361 3913 498 3958 ctam
544 3904 836 3960 Ecclesiam
878 3917 1135 3963 vocantur
1181 3912 1350 3980 Stulti,
1381 3913 1472 3967 sed
1516 3923 1690 3969 tamen
1715 3917 1941 3982 nobiles,

365 3997 454 4052 alii
482 4013 613 4054 vero
650 4008 775 4053 sunt
797 4001 946 4055 stulti
977 4011 1030 4056 et
1076 4002 1358 4072 ignobiles.
1416 4007 1572 4062 Stulti
1604 4025 1832 4080 namque
1862 4012 1944 4065 di-

362 4099 578 4157 cuntur,
602 4091 698 4146 sed
727 4107 846 4148 esse
869 4093 1132 4165 ignobiles
1174 4093 1582 4169 nequeunt,'qui
1614 4104 1791 4159 carnis
1819 4121 1946 4174 pru-

365 4182 601 4239 dentiam
628 4195 1065 4251 contemnentes,
1128 4189 1457 4258 profuturam
1506 4193 1607 4247 sibi
1663 4196 1943 4253 stultitiam

361 4286 642 4346 appetunt,
695 4285 749 4332 et
783 4287 805 4316 ο
836 4279 903 4334 ad
935 4280 1226 4336 novitatem
1271 4283 1495 4339 interna:
1538 4286 1704 4354 prolis
1731 4287 1945 4344 virtutis

363 4369 641 4426 nobilitate
667 4372 1046 4438 sublevantur;
1077 4375 1165 4443 qui
1193 4377 1405 4430 stultam
1424 4379 1741 4447 sapientiam
1762 4381 1944 4436 mundi

362 4461 681 4530 despiciunt,
716 4473 774 4518 et.
792 4465 1086 4534 sapientem
1111 4465 1206 4521 Dei
1238 4468 1514 4524 stultitiam
1537 4472 1941 4542 concupiscunt.

362 4551 629 4624 Scriptum
658 4553 852 4625 quippe
881 4565 997 4610 est:
1051 4556 1216 4627 656
1273 4559 1422 4624 Quod
1449 4562 1661 4615 stultum
1702 4573 1776 4617 est
1826 4563 1942 4630 Dei,

2046 3360 2248 3432 eyegii
2277 3358 2644 3428 praedicatoris
2670 3357 2868 3411 dicitur
2901 3375 2913 3408 :
2949 3355 3218 3427 Sapientia
3249 3359 3404 3427 hujus
3433 3356 3629 3424 mundi,

2043 3453 2263 3508 stultitia
2284 3461 2357 3505 est
2383 3452 2523 3519 apud
2549 3448 2715 3503 Deum
2747 3449 2797 3520 (Ι
2824 3446 2942 3502 Cor.
2968 3463 3048 3513 ιιι,
3083 3449 3192 3517 19).
3221 3447 3321 3513 Qui
3350 3462 3478 3513 ergo
3507 3448 3632 3502 dum

2047 3554 2260 3600 terrena
2287 3551 2542 3611 saperent
2568 3542 2636 3595 ab
2663 3541 2852 3596 intima
2874 3540 3236 3610 generositate
3267 3540 3465 3609 repulsi
3486 3548 3636 3606 sunt,

2051 3637 2204 3691 stulti
2232 3636 2391 3690 simul
2419 3645 2473 3689 et
2503 3633 2762 3703 ignobiles
2796 3634 3032 3689 fuerunt.
3082 3634 3319 3699 Quorum
3366 3633 3491 3685 dum
3521 3633 3630 3701 ple-

2045 3729 2199 3797 rique
2242 3734 2393 3781 actus
2436 3726 2730 3789 imitantur,
2778 3725 2872 3778 ﬁlii
2902 3726 3185 3779 stultorum
3216 3734 3270 3780 et
3315 3723 3624 3795 ignobilium

2049 3796 2220 3884 ﬁunt;
2253 3819 2484 3887 dumque
2513 3832 2605 3871 eos
2628 3815 2879 3872 sensibus
2917 3831 2981 3870 ac
3023 3817 3261 3871 moribus
3305 3826 3620 3884 sequuntur,

2047 3922 2103 3967 et
2127 3913 2277 3966 stulti
2307 3921 2454 3976 sunt,
2480 3910 2602 3980 quia
2626 3925 2805 3964 veram
2839 3910 3156 3979 sapientiam
3181 3926 3286 3965 non
3308 3910 3634 3981 intelligunt,

2047 4019 2102 4063 et
2133 4006 2418 4076 ignobiles,
2447 4005 2568 4073 quia
2597 4003 2743 4059 nulla
2773 4003 2991 4073 spiritus
3017 4005 3260 4060 libertate
3283 4015 3629 4060 renovantur.

2050 4101 2154 4156 Sed
2184 4100 2237 4153 hi
2262 4099 2508 4169 quamvis
2548 4097 2848 4167 iniquorum
2880 4097 3030 4152 actus
3058 4107 3368 4168 exerceant,
3401 4099 3642 4168 plerum-'

2049 4209 2152 4263 que
2183 4203 2360 4246 tamen
2387 4192 2437 4244 in
2467 4191 2570 4245 hac
2599 4193 2704 4245 vita
2731 4200 2995 4259 occupant
3023 4191 3136 4245 loca
3157 4191 3446 4260 justorum,
3477 4201 3637 4261 atque

2049 4302 2238 4342 eorum
2271 4301 2330 4340 se
2361 4284 2500 4338 ﬁlios
2532 4285 3048 4353 aestimantquorum
3076 4299 3172 4352 per
3194 4283 3416 4338 honoris
3441 4297 3637 4338 concu-

2051 4378 2369 4448 pisceutiam
2404 4375 2577 4429 ofﬁcia
2601 4377 2841 4430 exterius
2867 4374 3261 4428 administrant.
3295 4371 3323 4411 ιι
3346 4374 3492 4441 Quos
3513 4388 3637 4428 san-

2048 4479 2135 4525 cta
2159 4468 2430 4536 correptio
2460 4467 2525 4522 ad
2549 4467 2908 4535 cognitionem
2963 4467 3043 4519 sui
3069 4474 3304 4530 revocat,
3335 4473 3412 4532 ut,
3446 4464 3636 4519 videli-

2049 4574 2161 4629 cet,
2214 4564 2264 4616 in
2298 4560 2476 4631 pravis
2527 4557 2805 4616 desideriis
2865 4559 3071 4627 positi,
3121 4573 3347 4627 quorum
3395 4557 3501 4612 sint
3541 4556 3638 4613 ﬁlii

363 4645 639 4716 sapientius
663 4657 735 4700 est
757 4647 1044 4702 hominibus
1074 4646 1129 4719 (Ι
1160 4648 1281 4703 Cor.
1310 4665 1346 4715 ι,
1376 4649 1489 4720 25).
1518 4652 1665 4708 l-lanc
1691 4670 1789 4709 nos
1809 4657 1944 4711 stul-
1972 4650 2024 4711 D
2051 4654 2354 4710 attendant.
2405 4649 2521 4706 Non
2575 4651 2716 4707 enim
2767 4665 2952 4705 eorum
2981 4659 3106 4704 sunt
3135 4650 3226 4704 ﬁlii
3253 4664 3478 4719 quorum
3521 4651 3636 4706 loca
3675 4723 3686 4730 _

365 4741 534 4794 titiam
589 4741 782 4796 Paulus
811 4742 1266 4812 comprehendere
1297 4742 1580 4811 admonet,
1614 4748 1796 4804 dicens
1826 4745 1848 4804 ἐ
1883 4752 1945 4806 Si

365 4836 473 4904 quis
503 4834 700 4889 videtur
721 4834 852 4890 inter
873 4852 958 4891 vos
985 4836 1185 4907 sapiens
1213 4853 1320 4892 esse
1369 4838 1422 4890 in
1454 4840 1549 4892 hoc
1579 4842 1785 4907 sarculo,
1818 4845 1947 4898 stul-

365 4939 444 4982 tus
476 4928 587 4998 ﬁat,
618 4937 675 4982 ut
703 4929 766 4982 sit
797 4930 996 4998 sapiens
1019 4926 1206 4998 (Ibid.,
1236 4945 1312 4996 ιιι,
1341 4928 1452 5000 18).
1483 4930 1631 4985 Hanc
1666 4933 1943 4991 stultitiam

324 5033 334 5038 '
365 5021 452 5090 qui
484 5018 719 5090 perfecte
745 5022 914 5076 secuti
946 5030 1088 5086 sunt,
1148 5037 1280 5078 voce
1301 5024 1579 5091 sapientiae
1607 5025 1794 5081 audire
1827 5043 1941 5083 me-

363 5123 622 5168 ruerunt:
661 5113 760 5168 Vos
807 5115 892 5183 qui
942 5115 1098 5168 secuti
1147 5116 1266 5170 estis
1319 5132 1418 5179 me,
1458 5117 1514 5170 in
1563 5121 1944 5190 regeneratione

364 5226 480 5263 cum
508 5211 693 5266 sederit
725 5209 894 5265 Filius
924 5209 1142 5264 hominis
1165 5210 1220 5263 in
1257 5211 1374 5265 sede
1397 5213 1682 5283 majestatis
1709 5229 1839 5280 sure,
1871 5230 1948 5269 se-

441 5376 462 5402 ”
505 5370 562 5426 ln
597 5370 735 5426 Edit.
767 5370 924 5424 Rom.
949 5369 1084 5424 Sixti
1118 5369 1182 5435 ν.
1239 5371 1336 5427 nisi
1361 5367 1591 5426 carnalia
1623 5385 1778 5425 onera
1806 5373 1944 5438 vitta,

366 5441 507 5511 quod
538 5445 694 5497 etiam
725 5442 915 5511 legitur
962 5442 1015 5495 in
1071 5440 1234 5497 Gilot.
1265 5441 1396 5498 Mss.
1428 5442 1636 5511 Anglic.
1680 5451 1737 5495 et
1779 5444 1948 5499 nostri

367 5510 565 5582 habent
595 5515 698 5578 vix,
719 5510 859 5582 quod
885 5512 1074 5566 melius
1095 5515 1252 5580 sapit.

440 5581 466 5619 ³³
505 5584 714 5648 Norm.,
747 5584 927 5637 horum
947 5584 1254 5637 vecordiam.

444 5663 466 5740 ἐ
512 5655 564 5709 ln
590 5655 771 5740 Germ.
800 5667 856 5740 et
876 5655 1000 5720 Ed.,
1025 5655 1156 5740 etad
1182 5654 1512 5734 nobilitatem,
1547 5656 1797 5712 omnibus
1825 5657 1945 5714 aliis
1984 5737 1986 5740 Ι

370 5723 497 5779 Mss.
528 5725 724 5780 nostris
751 5726 1198 5780 reclamantibus.

446 5793 472 5833 ἀ
510 5795 755 5879 Plerique
781 5796 906 5879 mss.
925 5796 1144 5879 _Norm.,
1173 5813 1276 5868 50.,
1307 5797 1478 5868 Prat.,
1518 5800 1674 5859 Becc.
1704 5807 1761 5857 et
1782 5800 1946 5867 Utic.,

374 5883 524 5938 super
552 5869 692 5923 sedes
722 5866 1007 5924 duodecim.

1257 6026 1296 6036 ·‹

2057 4755 2259 4814 tenent,
2311 4745 2406 4800 sed
2458 4758 2681 4813 quorum
2713 4757 2876 4812 opera
2935 4752 3204 4797 exercent.
3240 4742 3452 4798 Dicatur
3476 4743 3637 4812 igitur

2053 4851 2228 4896 recte:
2255 4837 2674 4893 Filiistultorum
2699 4844 2746 4889 et
2778 4836 3098 4908 ignobilium.
3131 4836 3235 4894 Ubi
3259 4847 3380 4909 apte
3402 4837 3637 4910 subjun-

2051 4934 2195 5002 gitur
2216 4951 2229 4987 :

2630 5023 2860 5081 CAPUT
2897 5023 3059 5080 XVII.

2126 5120 2252 5176 lato.
2281 5147 2352 5160 --
2382 5114 2448 5170 Et
2473 5116 2529 5169 in
2553 5124 2686 5170 terra
2717 5119 2914 5185 penitus
2943 5134 3045 5170 non
3073 5124 3324 5187 parentes.

2126 5215 2217 5271 43.
2259 5211 2422 5271 Stulti
2451 5219 2569 5262 sunt
2593 5217 2638 5263 et
2666 5209 2939 5281 ignobiles,
2980 5226 3105 5279 quos
3125 5208 3265 5263 Deus
3303 5207 3494 5264 nescire
3519 5225 3635 5280 pro-

2134 5381 2159 5409 ε
2199 5371 2435 5435 Gemet.,
2469 5368 2704 5434 Ebroic.,
2728 5365 2911 5425 Germ.
2937 5384 3041 5438 pr..
3093 5385 3208 5422 cum
3235 5368 3525 5439 cognitioni.

2133 5441 2152 5480 ¹’
2197 5443 2222 5496 ί
2266 5441 2431 5494 Laud.
2455 5451 2509 5494 et
2533 5439 2648 5493 Val.
2679 5439 2787 5504 CL,
2815 5450 2901 5494 aut
2932 5440 3207 5508 lapidibus.

2129 5523 2153 5561 s
2194 5512 2310 5566 Val.
2337 5512 2443 5578 Cl.,
2468 5512 2818 5583 cognationem
2843 5522 3124 5583 acceptam.
3155 5510 3400 5579 Plerique
3425 5514 3633 5583 Norm.,

2053 5584 2415 5655 cognitionem.
2445 5581 2628 5655 Germ.
2655 5582 2818 5649 prius,
2842 5581 3216 5652 cognationem,
3243 5583 3341 5638 sed
3363 5599 3429 5641 ex
3456 5581 3629 5642 emen;

2054 5654 2270 5711 datione
2295 5654 2655 5723 cognitionem.
2767 5721 2802 5723 _
2874 5722 2878 5723 ν
2946 5721 2953 5723 ξ
3223 5673 3228 5677 -

2130 5723 2158 5762 ιι
2201 5726 2325 5789 Εάη
2358 5721 2528 5797 ‘quos_
2549 5731 2726 5797 saneta
2756 5721 2988 5797 Egclesia
3034 5738 3123 5797 per
3149 5729 3516 5797 correptione»:
3543 5730 3632 5786 ad.

2057 5796 2236 5852 Secuti
2267 5792 2450 5870 sumus
2484 5792 3014 5870 Mss.__tlugs_G_erm.,
3047 5793 3254 5863 Norm.,
3284 5792 3476 5870 Laud.,
3512 5802 3629 5857 Val.

2057 5870 2163 5934 Cl.,
2187 5876 2291 5924 etc.
2336 5866 2391 5919 In
2416 5864 2685 5923 nonnullis
2711 5862 2900 5934 Editis,
2922 5873 2969 5918 et
2997 5881 3030 5918 α
3057 5862 3382 5937 cogitatione.
