4044 6346
450 382 455 395 ,
497 306 599 373 iis

496 525 644 583 gum.
676 547 747 557 —
778 517 924 576 Sicut
958 525 1099 591 enim
1127 525 1371 599 plerique
1398 531 1451 588 in
1485 542 1625 597 terra
1651 548 1801 607 sunt,
1835 552 1890 607 et
1937 560 1968 600 a
1989 562 2080 607 co-

496 609 735 681 gnitione
761 613 1035 673 hominum
1062 618 1364 691 abjectione
1383 625 1604 693 vilitatis
1633 645 1747 689 sua:
1770 638 1923 709 quasi
1954 655 2085 710 qua-

495 698 618 763 darn
650 706 1061 775 superductione
1094 711 1373 775 velaminis
1401 698 1822 796 absconduntur,
1859 728 1929 784 ita
1958 698 2081 788 sunt

498 796 743 861 nonnulli
767 800 817 863 in
846 798 1087 865 Ecclesia
1118 806 1208 874 qui
1239 808 1363 863 dum
1395 825 1455 865 se
1476 811 1769 883 abjectioni
1796 834 2081 888 pravorum

498 903 721 959 operum
764 893 1044 965 subdunt,
1077 900 1257 957 divino
1297 907 1607 974 conspectui
1638 911 1747 968 noti
1779 926 1884 977 non
1929 926 2078 975 sunt.

494 981 695 1051 Quibus
718 992 773 1040 et
793 988 1112 1063 quandoque
1140 992 1424 1057 dicendum
1445 1007 1528 1054 est
1549 1016 1564 1054 :
1595 1001 1758 1059 Amen
1776 1004 1891 1061 dico
1917 1008 2078 1078 vobis,

494 1075 663 1131 nescio
684 1072 767 1139 tios
790 1076 1005 1148 (Matth.
1025 1097 1150 1151 xxv,
1173 1083 1283 1157 12).
1303 1086 1435 1147 Esse
1454 1104 1583 1162 ergo
1604 1092 1658 1149 in
1680 1102 1825 1155 terra
1842 1106 1896 1152 et
1915 1072 2081 1170 appa.
2148 1106 2157 1111 λ

492 1182 633 1234 rere,
658 1170 819 1247 657
844 1172 999 1239 estin
1024 1174 1128 1243 lide
1156 1188 1298 1245 recta
1327 1196 1419 1248 per
1442 1185 1689 1247 virtutem
1712 1191 1896 1258 operis
1918 1194 2076 1253 nobi-

490 1257 692 1325 litatem
712 1263 909 1327 mentis
927 1268 1233 1333 ostendere.
1257 1271 1389 1327 Esse
1406 1289 1534 1329 vero
1557 1277 1609 1339 in
1630 1257 1771 1334 terra
1791 1291 1845 1347 et
1867 1287 2078 1352 penitus

490 1360 598 1401 non
625 1362 920 1429 apparere,
952 1361 1005 1406 et
1032 1355 1086 1417 in
1113 1356 1352 1417 Ecclesia
1380 1363 1595 1430 quidem
1629 1366 1731 1422 tide
1759 1370 2074 1440 consistere,

492 1437 587 1492 sed
617 1438 690 1497 nil
717 1439 937 1513 dignum
951 1442 1086 1499 'lidei
1113 1445 1168 1501 in
1197 1463 1360 1519 opere
1386 1451 1778 1519 demonstrare.
1808 1460 1870 1515 Hi
1898 1437 2076 1533 itaque

485 1524 624 1589 intra
658 1541 897 1599 sanctam
925 1533 1222 1593 Ecclesiam
1245 1540 1538 1605 divinitatis
1558 1549 1730 1609 oculis
1754 1563 1804 1609 et
1829 1553 2075 1621 videntur

484 1632 580 1688 per
606 1620 894 1691 judicium,
925 1636 980 1683 et
1011 1636 1187 1686 tamen
1221 1636 1506 1704 per'bonaa
1533 1641 1656 1697 vitae
1685 1647 1935 1713 meritum
1965 1667 2070 1713 non

436 1774 439 1775 ν
485 1710 757 1784 videntur,
801 1718 923 1787 quia
968 1734 1030 1783 ea
1071 1737 1190 1791 quae
1232 1727 1539 1786 conﬁtendo
1582 1744 1797 1803 tenent,
1830 1710 2070 1803 vivendo

482 1816 587 1857 non
616 1805 894 1865 exhibent.
922 1808 995 1865 De
1024 1814 1221 1883 quibus
1254 1816 1449 1874 Paulus
1478 1821 1607 1877 dicit
1632 1842 1643 1876 :
1675 1824 1993 1897 Conﬁtentur
2013 1850 2067 1888 se

482 1912 629 1950 nosse
657 1896 860 1968 Deum,
893 1903 1044 1971 factis
1071 1916 1241 1960 autem
1272 1922 1460 1981 negant
1488 1912 1634 1984 (Tit.
1668 1933 1716 1985 ι,
1752 1896 1884 1992 16).
1917 1923 1981 1979 lii
2013 1926 2065 1993 in

479 1998 662 2042 sancta
699 1989 939 2047 Ecclesia
970 1994 1128 2050 ﬁdem
1161 2006 1319 2067 quam
1354 2012 1538 2060 tenere
1565 2021 1626 2061 se
1656 1989 1902 2067 asserunt
1936 2031 2065 2087 pre-

474 2091 631 2137 munt
661 2084 833 2152 potius
862 2102 1022 2157 quain
1060 2105 1413 2175 venerantur,
1444 2098 1570 2155 dum
1600 2116 1693 2157 sua
1725 2110 1894 2178 magis
1922 2110 2066 2168 illius

403 2185 420 2196 ’
470 2178 689 2232 nomine
712 2194 871 2251 quam
900 2182 1018 2252 ejus
1046 2185 1269 2256 adipisci
1304 2189 1451 2247 lucra
1480 2198 1889 2268 concupiscunt.
1919 2204 2060 2276 [νει.

468 2268 722 2343 XVIII].
769 2275 937 2329 Electi
977 2287 1155 2333 autem
1197 2282 1323 2336 dum
1372 2300 1592 2344 servare
1640 2292 1765 2347 lidei
1810 2268 2062 2355 meritum

467 2366 631 2429 rectis
651 2368 907 2437 operibus
927 2383 1140 2441 curant,
1167 2377 1233 2433 ad
1263 2382 1497 2439 auctoris
1523 2384 1606 2451 sui
1630 2388 1874 2444 notitiam
1898 2395 2058 2450 etiam

465 2454 606 2521 inter
659 2461 1011 2530 reproborum
1076 2468 1339 2528 tumultus
1396 2477 1847 2547 appropinquant.
1907 2483 2061 2551 Quod

465 2545 604 2605 bene
632 2547 686 2604 in
717 2550 1010 2633 Evangelio
1042 2559 1272 2615 muliere
1304 2566 1578 2634 sanguinis
1607 2567 1754 2625 ﬂuxu
1784 2573 2060 2635 laborante

462 2640 728 2717 signatum
772 2653 883 2711 est,
934 2630 999 2702 de
1045 2664 1147 2719 qua
1190 2668 1310 2707 cum
1355 2630 1894 2719 Dominus‘diceret:
1933 2666 2059 2734 Quis

1059 2712 1075 2719 _
1658 2712 1853 2719 ___--_-
1881 2712 1894 2717 -
1935 2712 2059 2734 ν.-

462 2712 542 2783 me
570 2733 733 2803 tetigit
766 2732 927 2804 (Luc.
964 2754 1051 2792 vni
1072 2784 1086 2808 ,
1119 2740 1268 2809 45)?
1299 2742 1487 2801 Petrus
1521 2758 1545 2785 α
1575 2752 1945 2813 ratiocinando
1973 2775 2059 2814 re-

460 2821 675 2891 spondit
705 2841 717 2875 :
755 2822 944 2889 Turba:
973 2840 1018 2882 te
1051 2833 1401 2901 comprimunt
1430 2849 1476 2890 et
1506 2840 1736 2912 afﬂigunt
1755 2883 1773 2910 ,
1804 2856 1852 2899 et
1881 2848 2010 2904 dicis
2035 2868 2057 2905 :

466 2898 596 2976 Quis
636 2929 715 2968 me
755 2917 966 2988 tetigit?
1006 2920 1111 2977 Sed
1144 2920 1171 2959 δ
1197 2925 1385 2982 audire
1428 2943 1619 2989 causas
1659 2951 1800 2992 verte
1830 2940 2054 3003 rationis

464 3003 694 3075 meruit,
740 3020 859 3061 cum
901 3010 950 3064 ei
992 3010 1248 3069 Dominus
1291 3017 1466 3075 dixit:
1504 3022 1688 3097 Tetigit
1716 3046 1795 3083 me
1822 3032 2049 3107 aliquis,

462 3109 583 3147 nam
623 3104 683 3148 ett
713 3113 805 3169 ego
851 3101 968 3153 novi
1008 3102 1247 3159 virtutem
1288 3110 1453 3164 exisse
1482 3113 1546 3167 de
1576 3132 1674 3171 me.
1710 3118 1852 3177 Ecce
1881 3126 2049 3181 turbae

463 3185 779 3253 premebant
809 3189 1127 3261 Dominum,
1160 3197 1256 3252 sed
1289 3206 1465 3256 tamen
1497 3206 1611 3261 sola
1638 3212 1808 3279 tetigit
1834 3230 1952 3284 qua:
1981 3216 2048 3273 ad
2074 3228 2121 3292 ο

456 3271 609 3341 illum
657 3276 927 3335 htimiliter
969 3287 1149 3352 venit,
1184 3289 1307 3357 quia
1340 3293 1593 3350 nimirum
1623 3302 1772 3354 multi
1802 3304 1963 3362 etiam
1992 3307 2047 3363 in

455 3376 641 3421 sancta
686 3369 925 3435 Ecclesia
968 3380 1183 3447 reprobi
1213 3383 1494 3440 veritatem
1524 3401 1897 3462 cognoscendo
1928 3416 2050 3469 pre-

453 3466 634 3526 munt,
685 3474 844 3539 quam
886 3463 1028 3520 bene
1072 3468 1303 3526 vivendo
1336 3483 1557 3547 tangere
1583 3484 1873 3555 negligmit.
1924 3463 2049 3548 i’re-

452 3559 638 3614 munt,
671 3559 727 3606 et
758 3552 916 3635 longe
957 3566 1115 3629 sunt,
1164 3563 1551 3645 quiavdivinain
1582 3552 1825 3631 net—illam
1866 3591 1887 3618 ε
1920 3597 2045 3653 pro-

455 3636 780 3697 fessionibus
824 3657 1144 3721 sequuntur,
1193 3642 1435 3713 moribus
1475 3661 1701 3732 fugiunt.
1748 3636 2042 3744 Premunt,

450 3728 667 3802 inquam
691 3775 705 3798 ,
735 3735 828 3790 sed
856 3737 1013 3810 longe
1043 3756 1202 3809 sunt,
1229 3748 1350 3815 quia
1376 3751 1552 3807 eidetn
1585 3755 1707 3810 lidei
1729 3802 1741 3823 ,
1775 3778 1934 3831 quam
1964 3767 2045 3823 lo-

446 3823 660 3892 quendo
677 3835 938 3895 astruunt,
956 3827 983 3866 ἀ
999 3834 1206 3903 agendo
1222 3842 1614 3900 contradicunt.
1633 3848 1782 3904 Sicut
1799 3869 1929 3926 ergo
1945 3859 2045 3914 hoc

446 3912 758 3969 testimonio
778 3916 1033 3976 docemur
1055 3928 1177 3994 quia
1204 3932 1442 3987 nonnulli
1462 3934 1745 3996 Dominum
1774 3912 2041 4019 tangendo

448 4016 554 4057 non
586 4013 829 4075 tangunt,
859 4010 883 4038 °
918 4010 985 4064 ita
1013 4017 1258 4071 nonnulli
1304 4036 1408 4076 non
1452 4025 1701 4083 videntur
1740 4048 1770 4086 δ
1808 4010 2040 4095 ’Βυιηὶηο

446 4094 610 4149 etiam
650 4110 769 4150 cum
813 4099 1081 4171 videntur,
1121 4109 1243 4174 quia
1270 4114 1493 4168 occultis
1531 4118 1650 4189 ejus
1680 4124 1953 4183 obtutibus
1986 4142 2041 4186 et

443 4180 511 4235 ad
537 4182 896 4243 damnationis
923 4188 1241 4261 supplicium
1269 4180 1635 4273 apparent,‘et
1662 4212 1727 4267 ad
1757 4215 2037 4277 electionis

446 4277 701 4329 meritum
735 4293 838 4333 non
867 4295 1143 4352 apparent.
1180 4288 1393 4348 Dicatur
1434 4297 1593 4368 igitur
1635 4315 1782 4361 recte
1813 4324 1828 4362 :
1865 4308 1934 4364 Et
1982 4314 2036 4369 in

443 4372 579 4418 terra
604 4370 805 4435 penitus
830 4387 931 4427 non
955 4386 1207 4445 parentes,
1234 4385 1357 4451 quia
1384 4373 1484 4441 e-tsi
1518 4390 1638 4447 illos
1668 4399 1848 4465 specie
1879 4411 2033 4459 tenus

442 4453 684 4513 Ecclesia
714 4465 915 4534 tenuit,
941 4480 1033 4520 eos
1058 4476 1233 4525 tamen
1263 4472 1404 4529 intra
1430 4478 1572 4533 illam
1598 4453 1847 4545 conditor
1876 4497 2027 4562 quasi

440 4562 547 4603 non
579 4549 712 4604 vidit
740 4568 874 4621 quos
903 4556 1186 4626 ignoravit.
1219 4562 1319 4629 Qui
1348 4572 1747 4640 tranquillitatis
1790 4549 2031 4652 tempore
2058 4606 2115 4667 Β
2139 4623 2302 4681 γεΒᾶ
2331 4629 2353 4683 1
2366 4630 2419 4686 1.

440 4637 819 4686 idcimnﬁdpm
846 4647 1005 4686 amr-hu
1028 4656 1182 4686 sanna
1208 4661 1385 4686 Iona-sl
1450 4662 1567 4686 η..;,.
1601 4679 1708 4686 --η
1728 4668 1779 4686 .I-
1874 4673 1902 4686 ιι
1928 4674 1939 4686 .

438 4637 819 4697 idcircoﬁdem
846 4647 1005 4700 verbo
1028 4656 1183 4707 tenus
1208 4661 1422 4723 tenent,
1449 4637 1569 4729 quia
1596 4668 1841 4723 eamdem
1871 4637 2027 4730 [idem

438 4727 633 4785 ﬂorere
656 4735 979 4800 generaliter
1007 4741 1208 4797 vident.
1242 4747 1345 4801 Sed
1377 4764 1496 4805 cum
1529 4759 1808 4824 repentina
1841 4776 2028 4823 contra

436 4818 580 4876 illam
610 4826 840 4892 procella
867 4830 1207 4891 adversitatis
1233 4840 1498 4907 oboritur,
1529 4862 1650 4903 mox
1680 4852 1747 4905 ab
1777 4869 1838 4909 ea
1867 4873 2028 4928 nega-

438 4912 582 4968 tione
622 4917 831 4984 publica
870 4921 1263 4997 disjunguntur,
1299 4940 1352 4987 et
1389 4937 1646 5007 quidquid
1681 4946 1827 5013 prius
1870 4912 2023 5017 (ιιιέέὶ

436 5019 752 5065 venerantes
780 5019 1094 5087 tenuerant,
1123 5032 1307 5076 contra
1362 5025 1460 5081 hoc
1517 5036 1852 5099 postmodum
1880 5040 2025 5096 deri-

432 5096 621 5156 dentes
651 5114 901 5173 pugnant.
941 5105 1089 5164 Unde
1117 5122 1242 5181 apte
1269 5096 1531 5174 subditur
1560 5138 1573 5172 :

512 5332 538 5392 ἒ
572 5322 781 5383 Gemet.
803 5366 818 5392 ,
849 5328 1184 5387 rationeratio.

505 5389 531 5429 δ
572 5392 688 5450 Val.
722 5389 837 5460 (3].,
868 5399 1046 5455 audire
1072 5404 1343 5460 rationem.

507 5470 530 5499 c
570 5463 780 5558 Gemet.
804 5510 817 5533 ,
860 5473 1261 5558 professionibus
1302 5486 1558 5535 esti-uitta.
1605 5479 1791 5541 Gem.
1818 5529 1836 5558 ,
1885 5491 2023 5547 άευε-

434 5547 555 5618 natat
568 5535 809 5618 Laetitiam
837 5535 1052 5618 professi
1080 5545 1287 5599 tioribus
1316 5560 1619 5618 sequuntur.

501 5600 528 5637 ά
558 5603 710 5689 ξ]άίιί
745 5600 1101 5689 posteriores,
1138 5600 1353 5683 agendo
1378 5600 1750 5685 deest
1789 5630 1924 5685 male
1961 5634 2017 5689 in

425 5672 674 5730 omnibus
702 5678 899 5733 nostris
927 5679 1055 5735 Mss.

502 5752 524 5781 ε
570 5741 747 5829 Etim,
779 5745 848 5799 ita
864 5753 1111 5829 nonnulli
1140 5755 1377 5829 uideatur
1406 5777 1439 5814 a
1467 5760 1690 5819 Domino
1717 5770 1869 5823 etiam
1896 5790 2013 5829 cum

427 5829 532 5869 non
570 5813 819 5868 videatur.
861 5816 987 5874 Mss.
1031 5821 1227 5883 Laud..
1259 5825 1376 5881 Val.
1416 5813 2011 5917 ci'.,'eé}}u".','"iv"6r'i¥i'.';

1715 332 1955 405 SANCTI
1995 340 2323 403 GREGORII
2361 348 2572 415 MAGNI

439 422 449 439 ‘
496 422 687 491 ﬁtetur.
713 423 865 493 Multi
897 430 1154 499 ueritatem
1180 437 1528 507 cognoscendo
1555 456 1813 515 premunt,
1845 466 1947 509 non
1968 461 2081 513 tan-
2107 458 2162 533 Α

2542 466 2772 528 CAPUT
2811 473 2978 537 xvui
3018 479 3168 556 [Βοσ.
3207 484 3430 561 XVII].

2262 552 2419 613 Vsus.
2464 558 2517 613 9.
2549 590 2617 601 —
2649 561 2805 623 Nune
2829 567 2888 631 iu
2912 552 3089 640 eorum
3117 552 3585 651 canticumpmus
3623 601 3737 649 sunt
3756 627 3771 653 ,

2184 658 2232 703 et
2261 650 2432 720 factus
2458 671 2575 711 sum
2602 659 2675 714 eis
2704 665 3046 735 proverbium,
3175 654 3183 669 ’

2256 739 2345 796 44.
2388 741 2589 815 lniquis
2614 756 2968 817 crescentibus
2991 799 3010 831 ,
3049 759 3177 830 ﬁdes
3215 764 3271 831 in
3307 770 3643 839 opprobrium
3666 815 3681 839 ,
3724 784 3772 828 et

2184 833 2366 889 veritas
2394 836 2449 891 in
2481 839 2673 903 crimen
2701 845 2820 907 erit.
2844 876 2913 892 --
2934 850 3136 923 Quibus
3165 833 3411 925 ι’ὶάριίίῖέῑ
3436 862 3615 925 verbis
3642 833 3771 925 illud

2188 932 2392 993 sanctae
2436 929 2699 989 Ecclesiae
2753 946 2963 1009 tempus
3019 946 3356 1018 exprimitur,
3406 967 3513 1023 quo
3558 956 3771 1025 publice

2188 1032 2219 1073 a
2249 1023 2494 1093 reprobis
2524 1029 2800 1098 irridetur,
2829 1039 3041 1107 quando
3062 1042 3261 1113 iniquis
3286 1023 3672 1123 crescentibus,
3713 1053 3770 1110 in

2185 1117 2534 1185 opprobrium
2564 1124 2701 1185 ﬁdes
2723 1169 2736 1191 ,
2767 1138 2821 1182 et
2848 1132 3049 1191 veritas
3090 1136 3194 1199 erit
3232 1138 3290 1195 in
3326 1140 3554 1203 crimen.
3596 1117 3769 1205 Tanto

2180 1206 2375 1276 quippe
2414 1211 2718 1282 despectior
2760 1222 3127 1296 unusquisque
3169 1229 3305 1307 erit,
3350 1242 3551 1301 quanto
3572 1235 3769 1306 iustior

2180 1298 2299 1357 esse
2325 1308 2560 1371 potuerit
2587 1325 2602 1373 ;
2634 1320 2783 1367 tanto
2809 1314 3209 1389 abominabilis,
3236 1298 3438 1392 quanto
3461 1298 3764 1391 laudabilis.

2179 1389 2375 1457 Sancta
2400 1397 2576 1467 itaque
2600 1403 2896 1461 electorum
2927 1408 3167 1468 Ecclesia
3194 1389 3499 1477 albictionis
3525 1389 3767 1491 tempore

2178 1486 2524 1553 proverbium
2568 1495 2750 1561 pravis
2791 1497 3043 1568 efﬁcitur,
3086 1504 3207 1572 quia
3255 1521 3379 1567 cuin
3418 1509 3593 1571 bonos
3629 1486 3764 1570 mori

2179 1590 2272 1643 per
2302 1584 2569 1639 tormenta
2598 1588 2970 1659 conspiciunt,
3004 1593 3073 1649 ab
3101 1596 3183 1653 eis
3210 1598 3617 1661 similitudinem
3646 1622 3763 1661 ma—

2176 1668 2478 1733 ledictionis
2506 1690 2747 1745 sumunt.
2793 1682 2911 1751 Quo
2955 1688 3098 1747 enim
3126 1693 3488 1753 transitoriam
3529 1708 3761 1756 mortem

2175 1761 2390 1831 vident,
2420 1768 2514 1822 sed
2547 1785 2948 1839 permanentem
2992 1780 3156 1839 vitam
3197 1799 3303 1843 non
3348 1786 3563 1855 vident;
3610 1799 3762 1847 tanto

2095 1844 2144 1921 Β
2171 1858 2341 1925 magis
2361 1857 2655 1921 deridenda
2681 1866 2818 1923 mala
2845 1872 3128 1938 prtesentia
3154 1872 3398 1946 fugiunt,
3424 1844 3624 1950 quanto
3652 1844 3754 1953 per

2171 1949 2499 2011 intellectum
2528 1957 2814 2019 intrisecus
2838 1966 2908 2020 ad
2941 1967 3082 2023 bona
3107 1974 3477 2037 permanentia
3505 1991 3612 2031 non
3640 1949 3761 2047 per-

2171 2042 2399 2111 tingunt.
2436 2046 2544 2103 Sed
2573 2065 2636 2107 ea
2664 2068 2783 2122 quae
2819 2052 2839 2092 τ
2871 2056 3155 2125 subjuncta
3194 2071 3358 2130 sunt,
3403 2066 3527 2135 quia
3564 2042 3759 2125 obscu-

2166 2133 2403 2191 rioribus
2432 2143 2718 2199 sententiis
2746 2146 2914 2219 653
2944 2150 3216 2220 implicata
3257 2170 3366 2211 non
3394 2133 3522 2213 sunt
3540 2198 3557 2224 ,
3586 2160 3757 2215 debe-

2168 2242 2286 2283 mus
2311 2231 2415 2285 sub
2446 2232 2709 2290 brevitate
2739 2228 3145 2312 transcurrere,
3178 2258 3237 2302 ut
3262 2250 3331 2305 ad
3369 2266 3432 2307 ea
3472 2254 3526 2308 in
3563 2256 3759 2322 quibus

2166 2319 2513 2381 laborandum
2542 2337 2626 2382 est
2649 2331 2923 2389 valeamus
2948 2337 3106 2393 citius
3129 2343 3431 2407 pervenire.
3462 2347 3751 2416 Sequitur:

2749 2424 2977 2483 CAPUT
3021 2427 3158 2485 XIX.
3286 2434 3289 2437 ’

2242 2507 2401 2563 Visus.
2445 2508 2531 2564 ill.
2554 2542 2644 2583 _--
2695 2516 3067 2577 Abominsntur
3096 2540 3202 2590 me,
3231 2536 3278 2581 et
3306 2528 3456 2600 longe
3484 2534 3692 2601 fugiunt
3721 2550 3755 2589 ts

2162 2612 2241 2651 me
2261 2638 2277 2663 ,
2308 2609 2355 2655 et
2385 2603 2568 2672 [aciem
2592 2622 2754 2661 meam
2778 2625 3057 2680 conspttere
3084 2632 3187 2671 non
3213 2630 3463 2677 verentur.

2231 2687 2322 2774 i5.
2353 2688 2661 2759 Iniquorum
2687 2698 3010 2758 irrisionibus
3035 2722 3138 2761 non
3164 2709 3404 2780 dejicitur
3426 2717 3515 2768 sed
3542 2717 3753 2787 erigitur

2160 2790 2208 2835 et
2256 2765 2437 2839 crescit
2474 2785 2732 2848 Ecclesia.
2768 2821 2838 2830 -—
2867 2794 3048 2878 Longe
3084 2814 3116 2853 a
3160 2765 3341 2858 sancta
3392 2765 3649 2864 Ecclesia,
3675 2814 3752 2865 συ.

2162 2874 2317 2942 giunt
2346 2891 2538 2934 omnes
2568 2881 2735 2950 iniqui
2767 2898 2873 2940 non
2907 2874 3147 2953 passibus
3173 2907 3474 2963 gressuum,
3493 2899 3590 2955 sed
3612 2916 3751 2972 qua-

2160 2964 2400 3027 litatibus
2428 2986 2638 3028 morum
2665 2990 2680 3039 ;
2716 2984 2741 3027 s
2772 2976 2929 3057 loqge
2958 2980 3168 3048 fugiunt
3190 2999 3297 3041 non
3326 2987 3477 3054 loco,
3506 2991 3602 3045 sed
3635 3007 3750 3048 me-

2156 3149 2409 3215 bratione
2432 3166 2802 3219 contemnunt.
2826 3162 3037 3222 Faciem
3057 3183 3286 3240 namque
3310 3172 3428 3242 ejus
3450 3190 3755 3248 conspuere

2154 3252 2239 3297 est
2284 3260 2390 3311 non
2433 3256 2637 3305 tantum
2688 3251 2744 3307 in
2791 3256 3031 3315 absentia
3075 3259 3231 3320 bonis
3276 3265 3597 3337 detrahere,
3650 3273 3753 3331 sed

2150 3348 2583 3408 unumquemque
2620 3340 2827 3411 justum
2860 3348 3019 3403 etiam
3048 3352 3102 3407 in
3131 3360 3415 3424 praesentia
3443 3363 3747 3423 confutare.

2154 3428 2299 3495 Quos
2333 3442 2455 3487 tunc
2476 3435 2624 3503 pravi
2653 3436 2779 3492 dum
2808 3452 2993 3509 aperte
3023 3445 3294 3505 irridendo
3322 3452 3659 3523 despiciunt,
3691 3460 3748 3517 in

2151 3536 2336 3578 eorum
2368 3530 2706 3585 contumeliis
2736 3531 2877 3588 ﬂuxa
2922 3538 3081 3594 verba
3110 3538 3262 3611 quasi
3291 3545 3591 3605 detinentes
3616 3552 3742 3607 sali-

2149 3627 2242 3668 vas
2262 3616 2531 3689 emittunt.
2561 3618 2706 3692 [ναι.
2734 3622 2925 3698 XIX.)
2949 3628 3056 3685 Sed
3080 3634 3181 3687 scit
3204 3646 3388 3692 saneta
3415 3634 3654 3698 Ecclesia
3684 3645 3741 3701 in

2152 3708 2492 3774 passionibus
2518 3726 2765 3772 crescere
2784 3760 2799 3785 ,
2834 3727 2994 3790 atque
3023 3724 3162 3779 inter
3190 3730 3478 3798 opprobria
3510 3734 3747 3791 honora-

2148 3796 2306 3857 bilem
2361 3801 2520 3857 vitam
2565 3813 2788 3875 tenere;
2831 3812 2934 3866 scit
2974 3829 3074 3870 nec
3115 3816 3185 3872 de
3229 3796 3469 3879 adversis
3500 3823 3529 3863 ιι
3553 3828 3748 3898 dejici,

2146 3902 2247 3945 nec
2295 3891 2364 3946 de
2415 3900 2685 3964 prosperis
2736 3902 3002 3972 gloriari;
3053 3912 3205 3966 novit
3245 3925 3432 3972 contra
3481 3891 3748 3992 prospera

2146 3990 2382 4036 tiietitem
2415 4000 2563 4040 suam
2599 3989 2652 4043 in
2699 3991 2998 4060 dejectione
3039 4009 3320 4075 sternere,
3365 4012 3515 4066 novit
3552 3989 3747 4075 contra

2147 4072 2373 4128 adversa
2401 4079 2640 4135 animum
2666 4083 2733 4143 ad
2760 4100 2909 4154 spem
2938 4094 3158 4159 superni
3185 4098 3437 4156 culminis
3461 4104 3704 4183 exaltare
3728 4124 3743 4173 ;

2146 4164 2248 4218 scit
2275 4164 2413 4223 bona
2445 4183 2540 4227 sua
2568 4174 2948 4235 misericordiae
2988 4181 3405 4258 Redemptoris,
3448 4164 3553 4250 scit
3594 4198 3742 4254 mala

2144 4268 2240 4309 sua
2270 4256 2502 4326 justitiai
2534 4262 2771 4323 tribuere
2796 4268 3034 4339 judicis;
3065 4256 3215 4345 quod
3240 4290 3296 4335 et
3324 4256 3464 4340 bona
3494 4285 3593 4342 ille
3628 4290 3743 4345 lar-

2146 4349 2328 4417 giente
2379 4349 2607 4423 habeat,
2659 4368 2712 4412 et
2760 4363 2895 4416 mala
2944 4364 3038 4420 illo
3084 4370 3429 4436 permittente
3476 4379 3739 4447 patiatur.

2142 4436 2294 4492 Unde
2321 4449 2375 4495 et
2406 4457 2531 4497 mox
2562 4446 2630 4502 de
2658 4447 2886 4507 Domino
2911 4456 3214 4528 subiungit,
3248 4462 3437 4522 dicens
3464 4486 3478 4523 :

2729 4544 2960 4603 CAPUT
2999 4550 3119 4608 XX.
3140 4584 3153 4598 ι

2422 4632 2803 4694 —Pltaretram
2817 4644 2953 4698 enim
2969 4652 3117 4699 suam
3127 4652 3349 4718 aperuit,
3366 4664 3417 4708 et
3430 4657 3613 4727 amisit
3628 4677 3734 4717 me.

2210 4718 2299 4772 46.
2342 4720 2453 4778 Deo
2480 4726 2832 4796 permittente,
2863 4734 2981 4790 licet
3012 4738 3219 4795 occulto
3247 4718 3488 4815 iudicia
3511 4751 3653 4805 male
3680 4769 3737 4807 se

2137 4815 2336 4883 perpeti
2363 4818 2522 4871 navit.
2553 4848 2624 4860 -
2652 4821 2787 4888 Quid
2832 4841 2926 4893 per
2965 4829 3272 4899 pharetram
3312 4835 3444 4904 Dei,
3486 4840 3590 4897 nisi
3635 4858 3736 4899 0c-

2133 4902 2334 4958 cultum
2390 4908 2679 4964 consilium
2741 4914 3101 4984 designatur?
3156 4902 3437 4992 Sagittam
3477 4945 3609 4991 vero
3661 4934 3735 4990 de

2134 4990 2390 5058 pharetra
2421 4994 2681 5055 Dominus
2703 5001 2838 5069 jacit
2858 5043 2873 5069 ,
2907 5009 3120 5075 quando
3150 5012 3222 5068 de
3238 4990 3475 5077 “occulto
3500 4990 3734 5081 censilio

2134 5090 2373 5150 apertam
2421 5090 2742 5147 sententiam
2787 5095 3002 5152 emittit.
3052 5100 3189 5167 Quia
3237 5104 3379 5169 enim
3428 5110 3735 5181 ﬂagellatur

2135 5174 2399 5243 quisque,
2429 5183 2838 5253 cognoscimus;
2866 5189 2963 5253 sed
3000 5206 3103 5261 qua
3140 5208 3207 5257 ex
3248 5211 3411 5265 causa
3449 5174 3731 5275 ﬂagellum

2129 5359 2311 5435 Corb.
2325 5365 2507 5423 Germ.
2525 5410 2539 5435 ,
2571 5370 2900 5431 inhaesimus.

2206 5431 2227 5513 ξ
2270 5433 2456 5513 [ξω-ω.
2477 5481 2492 5504 ,
2525 5431 2755 5513 subjecta
2782 5458 2925 5502 sunt.
3062 5468 3085 5495 ι

2202 5503 2496 5611 ἶίῗῗῖξηὶῖ.
2527 5503 2681 5611 9‘2;
2708 5524 2787 5611 οε,
2798 5517 3243 5611 Τὲοησιίέτνξξε
3265 5528 3420 5611 Μ’
3436 5606 3447 5611 ,
3465 5534 3673 5611 "itaqu
3687 5560 3725 5601 ο

2127 5571 2298 5698 muli;
2320 5586 2401 5632 est
2445 5571 2497 5632 in
2538 5580 2701 5638 Corb.
2747 5571 2935 5647 eam:
2947 5571 3726 5681 I'ii'bii'iiiieﬁ'iii'éii’ui'p‘i:

2150 5657 2314 5699 ertur.

2194 5712 2224 5749 ιι
2256 5716 2653 5821 fugitabant,
2689 5714 3284 5821 acie._tii_c_et__atitii;
3330 5752 3387 5799 ui
3426 5718 3608 5821 infra,
3653 5756 3725 5811 de

2122 5784 2365 5851 ipsarum
2389 5784 2651 5850 bonum
2672 5797 2788 5853 eicit
2809 5784 2955 5883 {pro
2973 5784 3128 5873 iecit.
