4104 6350
336 363 437 431 tos
496 318 501 321 ’

1202 368 1571 432 MORALIUM
1609 369 1742 439 ιιιΒρ
1782 368 1899 437 XX.
1940 401 2009 412 —
2048 371 2278 441 CAPUT
2320 373 2441 437 XIX
2481 375 2540 431 Β.
2580 373 2722 433 JOB.

3509 375 3611 433 166

331 477 546 545 veniat,
577 480 906 552 ignoramus.
936 482 1068 540 Cum
1096 497 1226 542 vero
1256 497 1376 561 post
1400 487 1613 559 ﬂagella
1641 487 1762 544 vitze
1792 502 1917 544 cor-
1945 496 1999 567 Α
2025 500 2175 562 rent,
2209 507 2335 547 cum
2368 491 2534 549 verba
2560 508 2680 561 mea
2708 492 2993 561 admittere
3023 505 3120 573 per
3142 491 3382 549 onlatam
3411 492 3613 562 praedi-

278 616 291 623 -
329 573 499 630 rectio
542 575 806 646 sequitur,
846 575 1007 635 etiam
1052 579 1167 651 ipsa
1204 582 1416 639 consilii
1451 581 1621 638 virtus
1660 583 1916 654 aperitur.

330 666 585 727 Pnaretra
616 667 781 740 igitur
810 671 991 728 clausa
1032 683 1115 730 est
1152 676 1437 741 consilium
1479 678 1768 733 occultum.
1812 676 1919 735 Sed

327 773 509 828 aperta
543 760 795 833 pharetra
824 763 1134 838 afﬂigimur,
1166 769 1381 838 quando
1411 784 1507 843 per
1535 770 1587 825 id
1619 768 1759 841 quod
1799 777 1920 840 post

327 851 598 931 ﬂagellum
629 856 872 935 sequitur
897 873 1006 930 quo
1033 862 1260 917 consilio
1290 863 1624 935 ﬂagellamur
1651 864 1915 920 videmus.

324 943 458 998 Cum
496 956 712 1021 peccata
742 950 1001 1011 Dominus
1039 953 1218 1027 videt,
1263 963 1317 1010 et
1364 964 1539 1011 tamen
1582 970 1802 1025 manum
1850 956 1920 1011 ad
2004 1017 2014 1033 ,

327 1036 618 1105 vindictam
648 1056 756 1105 non
784 1054 1122 1112 commovet,
1157 1048 1308 1117 quasi
1338 1048 1574 1103 clausam
1605 1047 1915 1117 pharetram

327 1137 507 1201 tenet,
541 1130 638 1185 sed
667 1131 910 1189 feriendo
939 1134 1141 1192 indicat
1168 1149 1425 1208 quantum
1456 1144 1505 1197 ei
1541 1144 1595 1199 in
1618 1145 1770 1203 nobis
1808 1144 1920 1200 dis-

325 1217 515 1287 plicuit
561 1220 662 1277 hoc
702 1224 844 1293 quod
893 1225 984 1279 diu
1033 1228 1260 1293 ridendo
1291 1234 1557 1291 toleravit.
1588 1220 1782 1291 Sancta
1815 1237 1910 1291 ita-

323 1324 428 1409 que
456 1313 755 1368 electorum
787 1315 1026 1378 Ecclesia
1059 1319 1484 1380 tribulationibus
1510 1342 1695 1409 pressa
1742 1327 1917 1384 dicat:

327 1399 639 1457 Pharetram
669 1407 802 1459 enim
832 1424 979 1461 suam
1009 1411 1239 1480 aperuit,
1269 1422 1316 1467 et
1339 1399 1525 1486 afflixit
1542 1434 1640 1471 me.
1667 1417 1797 1486 Quae
1826 1418 1918 1473 ad-

320 1499 688 1567 versariorum
736 1516 898 1559 voces
926 1502 1223 1561 insolentes
1251 1509 1557 1575 sustinens,
1588 1510 1715 1565 dum
1748 1514 1919 1567 cernit

318 1589 463 1659 quod
518 1588 639 1660 ejus
688 1591 1001 1661 praedicatio
1048 1609 1151 1648 non
1195 1595 1511 1665 admittitur,
1562 1601 1916 1673 quorumdam

321 1681 577 1737 duritiam
607 1680 902 1750 deserens,
948 1683 1342 1755 przedicationis
1378 1703 1493 1751 sua:
1532 1693 1693 1745 verba
1735 1692 1917 1747 mode-
1959 1702 1963 1711 '

320 1786 492 1833 ratur.
510 1776 859 1859 Perpendens
880 1779 1076 1841 etenim
1096 1790 1468 1849 persecutores
1490 1797 1613 1837 suos
1636 1784 1703 1837 ad
1721 1786 1918 1840 exhor-

2023 585 2289 641 cationem
2321 584 2546 642 nollent.
2595 584 2759 661 [νει.
2791 582 2957 657 ΧΧ.ο]
3003 584 3110 642 Sed
3152 585 3272 655 plus
3313 583 3467 641 nobis
3512 585 3614 641 hoc

2020 679 2339 751 plerumque
2365 678 2422 736 in
2452 679 2885 745 tribulationibus
2915 680 3097 749 dolet,
3125 681 3267 753 quod
3292 695 3385 738 eas
3409 680 3478 736 ab
3503 680 3613 736 illis

2021 772 2277 841 patimur,
2328 772 2383 827 in
2427 772 2623 844 quibus
2660 787 2921 844 germano
2963 788 3144 841 amore
3186 772 3610 835 conlidebamus.

2021 859 2177 919 Unde
2203 871 2257 918 et
2284 862 2535 919 subditur
2560 879 2578 919 :
2678 850 2683 853 ’
3198 870 3207 875 ⁷

2366 944 2595 1043 caper
2633 965 2781 1023 χχιι
2819 965 2965 1043 [Rec.
2998 965 3252 1040 xvun.

2109 1069 2263 1121 istis.
2308 1053 2399 1111 12.
2428 1086 2499 1098 —-
2526 1056 2609 1111 Ad
2638 1057 2873 1112 dextram
2899 1057 3106 1131 prientis
3136 1055 3458 1123 calamitates
3487 1072 3612 1113 mea:

2018 1144 2164 1201 illico
2192 1157 2541 1202 surrexerunt.

2092 1235 2181 1293 48.
2221 1236 2329 1292 Pro
2357 1240 2567 1294 sinistra
2605 1240 2816 1309 gentiles
2838 1280 2852 1306 ,
2881 1256 2975 1313 pro
3003 1241 3213 1295 dextera
3248 1239 3424 1297 Judwi
3453 1242 3610 1296 intel-

2020 1327 2238 1399 ligendi.
2270 1358 2343 1370 -—
2369 1328 2453 1382 Ad
2495 1328 2769 1384 sinistram
2806 1332 3015 1403 quippe
3053 1331 3385 1386 calamitates
3423 1347 3611 1402 surge-

2024 1426 2180 1485 rent,
2222 1421 2268 1474 si
2306 1436 2338 1477 a
2380 1421 2709 1492 quibuslibet
2747 1433 2896 1476 extra
2936 1422 3249 1493 religionem
3291 1424 3514 1492 positis,
3556 1431 3610 1479 et

2026 1522 2211 1579 aperte
2241 1509 2514 1567 Christum
2559 1514 2912 1583 negantibus,
2963 1515 3347 1584 persecutionis
3387 1516 3611 1572 adversa

2019 1603 2331 1658 sustineret.
2355 1602 2489 1658 Cum
2520 1620 2648 1659 vero
2676 1605 2742 1659 ab
2763 1605 3028 1677 aliquibus
3048 1607 3199 1677 quasi
3227 1593 3468 1663 fidelibus
3495 1615 3610 1662 ten-

2018 1699 2275 1753 tationem
2303 1699 2789 1753 cruciamentorum
2819 1682 3038 1769 patitur,
3061 1702 3211 1770 quasi
3238 1699 3306 1754 ad
3332 1699 3610 1754 dexteram

2020 1788 2097 1843 illi
2130 1788 2463 1843 calamitates
2495 1789 2763 1853 oriuntur,
2794 1791 2917 1859 quia
2948 1789 2999 1843 hi
3027 1791 3117 1859 qui
3146 1791 3246 1845 sub
3286 1790 3485 1851 Christi
3513 1806 3610 1845 no-

325 1871 549 1927 tationis
575 1885 683 1925 sua:
711 1885 897 1933 vocem
928 1871 1224 1927 deteriores
1252 1872 1521 1939 existere,
1557 1875 1723 1953 magis
1765 1874 1916 1943 eligit
1944 1882 1993 1951 Β
2018 1879 2165 1933 mine
2192 1878 2419 1932 militant
2448 1878 2642 1932 Christi
2685 1880 2736 1933 in
2777 1894 2838 1943 ea
2878 1894 3071 1935 nomen
3111 1880 3444 1950 impugnant.
3487 1882 3607 1950 Ipso

333 1971 534 2020 tacere.
562 1963 802 2033 Cumque
828 1963 1073 2035 indignos
1098 1964 1190 2045 qui
1216 1965 1432 2023 audiant
1456 1968 1750 2035 conspicit,
1780 1982 1916 2045 pra:-

328 2054 647 2113 dicationem
698 2072 850 2113 suam
899 2057 1134 2113 obducto
1181 2058 1396 2115 silentio
1441 2059 1706 2130 astringit.
1764 2060 1916 2116 Unde

322 2162 448 2231 apte
475 2152 747 2227 subiungit
777 2169 792 2205 :

914 2245 1142 2303 CAPUT
1156 2268 1165 2281 κ
1178 2245 1320 2300 XXI.

392 2339 520 2395 leta.
553 2371 625 2380 —-
655 2339 723 2395 Et
754 2342 957 2419 [renum
985 2341 1155 2413 posuit
1184 2343 1237 2395 in
1265 2358 1320 2396 os
1347 2357 1534 2395 meum.

391 2430 479 2484 47.
524 2433 569 2483 A
598 2432 964 2500 praedicatione
992 2432 1284 2502 feriendum
1309 2441 1411 2498 est,
1445 2448 1559 2487 cum
1592 2432 1630 2497 ii
1667 2433 1756 2501 qui
1798 2448 1909 2485 aer-

318 2522 440 2587 bum
470 2520 565 2576 Dei
589 2524 876 2591 excipiunt,
903 2522 1025 2577 inde
1052 2525 1248 2595 pejores
1277 2524 1428 2592 ﬁunt.
1451 2553 1523 2564 —
1543 2518 1777 2579 Frenum
1806 2523 1909 2579 sibi

320 2618 461 2688 apud
495 2617 755 2687 quosdam
792 2618 1022 2686 positum
1054 2625 1441 2691 cognoverant,
1486 2616 1579 2689 qui
1621 2616 1912 2685 dicebant:

330 2706 482 2762 Vobis
512 2708 773 2781 oportebat
803 2710 1026 2778 primum
1052 2710 1193 2780 loqui
1219 2710 1423 2779 verbum
1455 2707 1581 2777 Dei,
1617 2717 1643 2745 ⁸
1672 2710 1761 2763 sed
1789 2726 1917 2781 quo-

319 2798 461 2851 niam
491 2799 740 2867 repellitis
771 2786 933 2867 illud,
964 2807 1010 2852 et
1038 2797 1279 2871 indignos
1308 2815 1395 2857 vos
1436 2798 1683 2873 judicatis
1712 2808 1918 2855 (sternte

319 2890 437 2943 vita:
456 2930 470 2953 ,
505 2906 616 2944 ecce
644 2892 981 2945 convertimur
1010 2891 1080 2945 ad
1110 2903 1285 2962 gentes
1316 2891 1454 2963 (Act.
1486 2907 1610 2958 snt,
1636 2891 1750 2964 16).
1782 2893 1915 2948 Fre-

322 2997 449 3036 num
494 2981 695 3036 silentii
743 2984 843 3037 sibi
890 2982 1363 3054 superimpositum
1411 2984 1583 3038 sancti
1627 2984 1727 3037 viri
1772 2987 1910 3055 apud

323 3074 465 3141 dura.
502 3074 851 3144 reprobornm
895 3075 1056 3133 corda
1100 3075 1471 3146 conspiciunt,
1512 3075 1601 3144 qui
1642 3091 1736 3153 per
1776 3074 1917 3129 Pro-

322 3167 534 3240 phetam
567 3168 788 3223 dicunt:
822 3168 1094 3236 Quomodo
1137 3171 1457 3223 cantabimus
1498 3169 1754 3247 canticum
1799 3169 1912 3224 Do—

2020 1972 2161 2025 cnim
2214 1971 2499 2025 locutionis
2548 1986 2647 2025 usu
2698 1986 2794 2042 pro
2840 1972 3033 2026 dextro
3081 1972 3284 2027 habere
3322 1970 3350 2009 (ι
3378 1973 3606 2028 dicimus

2018 2063 2159 2133 quod
2209 2078 2304 2130 pro
2352 2078 2541 2132 magno
2591 2078 2908 2132 pensamus,
2958 2080 3054 2141 pro
3100 2065 3323 2119 sinistro
3374 2079 3503 2119 vero
3554 2065 3607 2119 id

2021 2152 2163 2221 quod
2193 2151 2563 2222 despicimus;
2610 2155 2753 2223 quod
2798 2154 3081 2210 Zacharias
3118 2164 3301 2224 aperte
3331 2155 3605 2222 insinuat,

2018 2243 2207 2299 dicens
2236 2262 2248 2297 :
2284 2243 2351 2299 Et
2380 2246 2600 2309 ostendit
2626 2246 2753 2300 mihi
2780 2247 2960 2300 Jesum
2988 2250 3299 2302 sacerdotem
3326 2263 3604 2318 magnum,

2016 2344 2233 2390 stantem
2260 2350 2433 2389 coram
2462 2338 2646 2408 angelo
2675 2336 2921 2402 Domini,
2952 2350 2996 2391 et
3026 2338 3195 2393 Satan
3225 2339 3391 2392 stabat
3420 2356 3452 2391 α
3481 2342 3608 2394 dea:-

2018 2426 2110 2478 tris
2135 2428 2272 2495 ejus,
2301 2436 2356 2501 ιιι
2382 2428 2732 2481 adversaretur
2754 2428 2802 2480 ei
2830 2426 3025 2497 (Zach.
3054 2443 3141 2496 ιιι,
3176 2429 3198 2482 1
3222 2430 3266 2500 ).
3294 2430 3395 2498 Qui
3414 2440 3484 2486 'ut
3514 2447 3606 2501 pa-

2024 2515 2225 2569 tentius
2252 2519 2350 2570 hoc
2374 2517 2512 2585 qirod
2538 2519 2798 2587 prmmisit
2818 2521 3157 2588 ostenderet,
3180 2533 3397 2578 secutus
3416 2523 3609 2593 adjun-

2019 2606 2135 2660 xit:
2168 2605 2235 2661 Et
2264 2608 2396 2661 dixit
2436 2608 2685 2662 Dominus
2727 2612 2795 2662 ad
2831 2611 2997 2665 Satan
3020 2628 3039 2666 :
3076 2612 3314 2684 Increpat
3342 2600 3608 2689 Dominus

2018 2699 2071 2751 in
2100 2708 2180 2764 te,
2222 2698 2417 2767 Satan,
2459 2703 2543 2769 qui
2586 2704 2736 2773 elegit
2773 2701 3078 2758 Jerusalem.
3121 2705 3371 2777 Nunquid
3410 2725 3513 2761 non
3535 2719 3609 2764 est

2018 2789 2110 2841 istc
2151 2790 2302 2843 torris
2338 2802 2513 2845 erutus
2542 2794 2604 2846 de
2628 2793 2795 2863 igne?
2824 2792 2891 2846 Et
2915 2794 3067 2850 Jesus
3093 2798 3305 2851 indutus
3330 2810 3437 2852 erat
3460 2801 3610 2854 vcsti-

2019 2880 2110 2934 bus
2142 2882 2363 2936 sordidis
2390 2881 2591 2954 (lbid.,
2622 2884 2709 2955 2).
2742 2885 2982 2941 Sordidis
3009 2888 3152 2942 enim
3184 2891 3419 2945 vestibus
3448 2891 3606 2945 Jesus

2023 2982 2047 3011 ο
2082 2975 2299 3030 indutus
2326 2986 2477 3043 erat,
2508 2979 2630 3047 quia
2661 2981 2904 3047 quamvis
2933 2981 3143 3037 alienus
3186 2981 3256 3037 ab
3292 2984 3439 3037 omni
3484 2999 3609 3052 pec-

2019 3074 2170 3130 cato,
2210 3075 2385 3121 tamen
2435 3069 2487 3121 in
2536 3069 2940 3125 similitudinem
2978 3075 3124 3127 venit
3164 3072 3342 3129 carnis
3380 3075 3607 3145 peccati.

2017 3156 2117 3212 Cui
2146 3158 2379 3212 venienti
2413 3159 2576 3215 Satan
2606 3178 2634 3214 a
2666 3162 2869 3217 dextris
2897 3165 3063 3219 stetit.
3102 3165 3205 3220 Pro
3232 3181 3425 3238 magno
3454 3184 3605 3222 nam~

322 3262 448 3315 mini
474 3262 527 3314 in
557 3270 690 3314 terra
718 3261 890 3315 aliena
924 3259 1099 3333 (Psal.
1123 3277 1358 3329 cxxxvt,
1382 3262 1479 3331 4)?
1510 3261 1747 3318 Frenum
1790 3263 1917 3333 poni
1943 3266 1990 3337 ο
2020 3261 2126 3315 que
2188 3247 2444 3305 Dominus
2501 3249 2782 3306 δυάαίουιη
2842 3255 3093 3324 Populum
3121 3299 3136 3323 ν
3189 3268 3243 3312 ει
3290 3274 3385 3327 Ρτο
3441 3259 3610 3315 Nihilo

322 3352 482 3417 etiam
514 3352 711 3407 Paulus
742 3352 1053 3420 admonuit,
1085 3355 1175 3424 qui
1222 3348 1483 3424 discipulo
1528 3356 1804 3425 praecepit,
1836 3342 1919 3409 di-

323 3458 453 3499 cens
481 3462 494 3497 :
533 3443 843 3499 Hiereticum
872 3455 985 3509 post
1015 3446 1235 3519 primam
1262 3457 1312 3499 et
1342 3434 1921 3519 secundam‘correptio-

324 3558 436 3597 rtem
466 3546 664 3613 devita,
694 3546 857 3599 sciens
888 3545 1007 3614 quia
1035 3546 1299 3599 subversus
1326 3553 1400 3597 est
1429 3545 1517 3612 qui
1544 3544 1798 3615 ejusmodi
1821 3552 1919 3612 est,

324 3649 368 3690 et
394 3625 645 3707 delinquit
670 3638 883 3709 proprio
902 3639 1109 3711 judicio
1136 3638 1506 3691 condemnatus
1540 3636 1668 3708 (Tit.
1691 3652 1749 3691 ιιι
1766 3680 1782 3707 ,
1809 3637 1921 3706 10).

326 3727 511 3784 Sancti
541 3728 738 3799 quippe
766 3728 1016 3783 doctores
1042 3729 1205 3801 659
1237 3728 1548 3799 plerumque
1587 3726 1693 3780 alta
1735 3725 1918 3779 consi-

326 3821 609 3878 deratione
639 3821 998 3875 resistentium
1026 3821 1184 3876 corda
1212 3818 1578 3885 conSpiciunt,
1613 3827 1667 3872 et
1696 3818 1823 3871 dum
1854 3831 1917 3872 ea

326 3913 586 3970 derelicta
618 3914 870 3970 divinitus
893 3914 1094 3985 vident,
1126 3912 1308 3970 afﬂicti
1338 3921 1720 3993 gementesque
1748 3909 1921 3965 conti-

328 4018 569 4063 cescunt.
615 4008 695 4062 An
738 4023 842 4061 non
883 4007 1171 4079 aliquando
1213 4006 1421 4062 frenum
1456 4005 1707 4060 Salomon
1738 4004 1923 4059 docto.

326 4098 765 4169 ribusimponit,
795 4099 885 4171 qui
918 4098 1047 4156 dicit
1076 4117 1087 4150 :
1126 4098 1254 4152 Noli
1281 4115 1498 4171 arguere
1529 4097 1831 4161 derisorem,
1863 4110 1925 4150 ne

326 4192 491 4255 oderit
523 4203 569 4246 te
594 4193 858 4273 (Prov.,1x
877 4235 891 4259 ,
918 4194 997 4264 8).
1026 4192 1130 4249 Sed
1153 4193 1198 4248 si
1228 4193 1297 4247 ab
1323 4192 1693 4262 increpatione
1724 4193 1924 4247 idcirco

326 4286 644 4353 reticemus,
676 4289 803 4359 quia
830 4297 1017 4341 contra
1058 4302 1155 4341 nos
1185 4287 1462 4356 insurgere
1507 4285 1762 4341 derisoris
1803 4284 1924 4338 odia

326 4376 712 4444 formidamus,
748 4393 851 4432 non
874 4377 982 4448 jam
1017 4379 1161 4432 lucra
1194 4378 1325 4440 Dei,
1358 4377 1455 4433 sed
1499 4386 1680 4432 nostra
1722 4375 1922 4446 quaeri-

328 4480 470 4520 mus.
520 4467 631 4535 Qua
678 4468 729 4522 in
783 4484 841 4522 re
886 4467 1161 4522 sciendum
1213 4477 1297 4522 est
1345 4468 1505 4539 quod
1540 4468 1922 4537 nonnunquam

328 4571 450 4615 cum
482 4558 872 4630 redarguuntur
914 4559 1093 4629 pravi,
1146 4560 1445 4614 deteriores
1485 4561 1743 4615 existunt.
1788 4560 1923 4628 Ipsis

2020 3350 2207 3410 gentes
2255 3342 2451 3398 habere
2497 3344 2797 3401 videbatur.
2827 3345 2934 3403 Sed
2981 3359 3259 3419 pOStquam
3305 3352 3612 3415 incarnatus

2023 3434 2296 3504 apparuit,
2335 3436 2606 3505 gentilitas
2653 3454 2772 3508 qua:
2824 3456 2919 3508 pro
2961 3439 3179 3495 sinistro
3230 3441 3410 3496 habita
3439 3442 3611 3498 fuerat
3708 3448 3733 3471 π

2023 3526 2290 3593 credidit;
2319 3527 2571 3585 Judaicus
2601 3543 2731 3584 vero
2760 3530 2984 3598 populus
3024 3530 3088 3584 ad
3133 3530 3406 3600 perﬁdiam
3448 3532 3612 3586 decli-

2025 3620 2188 3673 navit.
2237 3618 2399 3677 Satan
2445 3635 2574 3690 ergo
2625 3621 2698 3674 illi
2748 3637 2777 3674 a
2826 3621 3031 3676 dextris
3060 3624 3242 3692 stetit,
3297 3623 3421 3692 quia
3464 3624 3613 3679 illum

2026 3709 2071 3761 ei
2122 3708 2370 3778 populum
2421 3692 2621 3777 rapuit,
2670 3710 2758 3779 qui
2807 3710 3006 3765 dudum
3057 3712 3283 3766 dilectus
3332 3712 3449 3767 fuit.
3504 3715 3611 3771 Sed

2028 3804 2151 3874 quia
2192 3804 2308 3872 ipse
2352 3804 2605 3858 Judait-ns
2635 3804 2895 3873 populos,
2928 3800 3391 3874 modo'perditus,
3426 3807 3478 3860 in
3509 3809 3615 3864 line

2028 3906 2115 3951 est
2159 3897 2478 3967 quandoque
2524 3898 2875 3963 crediturus,
2914 3900 3171 3968 pr0pheta
3218 3908 3481 3966 testante,
3524 3901 3616 3970 qui

2024 3990 2102 4044 ait
2129 4007 2143 4043 :
2181 3988 2430 4059 Reliquiw
2456 3990 2609 4043 salute
2648 3990 2771 4058 ﬁent
2799 3988 2942 4060 (Isa.
2970 4007 2998 4043 ιι
3022 4032 3036 4055 ,
3066 3991 3127 4043 21
3154 3994 3201 4057 ),
3234 3989 3395 4046 Satan
3425 4005 3456 4045 a
3487 3992 3616 4048 dex-

2028 4080 2122 4134 tris
2153 4080 2264 4134 suis
2298 4078 2555 4133 Dominus
2586 4089 2858 4146 removet,
2904 4081 3126 4134 dicens:
3161 4078 3398 4151 Increpet
3438 4080 3617 4134 Domi-

2025 4194 2122 4233 nus
2152 4179 2204 4232 in
2236 4186 2313 4244 te,
2362 4176 2527 4231 Satan
2556 4175 2761 4248 (Zach.
2790 4191 2881 4240 ιιι,
2912 4177 2937 4232 1
2968 4176 3011 4246 ).
3058 4175 3124 4229 Et
3163 4176 3403 4244 ejusdem
3436 4175 3616 4245 populi

2026 4269 2396 4323 liberationem
2431 4269 2671 4325 indicans
2691 4308 2705 4331 ,
2738 4267 2917 4322 subdit
2944 4286 2956 4321 :
2992 4268 3128 4331 Quia
3155 4268 3296 4338 eligit
3327 4266 3617 4321 Jerusalem

2027 4360 2207 4433 (Ibid.
2237 4404 2250 4425 ,
2280 4361 2315 4412 Ε).
2335 4360 2376 4433 ).
2408 4360 2509 4426 Qui
2543 4350 2801 4414 nimirum
2823 4361 3077 4428 pepulus,
3111 4359 3234 4428 quia
3264 4358 3332 4412 ad
3359 4358 3617 4426 gehennae

2028 4456 2314 4521 incendia,
2362 4454 2582 4523 perﬁdia
2628 4454 2798 4519 duce,
2840 4452 3139 4518 deﬂuebat,
3182 4452 3275 4507 sed
3301 4452 3614 4523 eﬁodum

2027 4548 2093 4603 ad
2124 4548 2284 4603 iidem
2316 4547 2587 4601 reducitur
2627 4547 2695 4601 ab
2736 4546 2927 4601 eodem
2966 4546 3153 4602 aeterni
3196 4546 3330 4614 ignis
3372 4545 3618 4600 incendio

328 4664 463 4721 ergo
494 4648 522 4688 δ
550 4660 605 4706 ει
635 4668 739 4705 non
772 4653 927 4706 nobis
958 4651 1225 4723 parcimus
1248 4692 1263 4715 ,
1294 4652 1336 4705 si
1364 4652 1429 4704 at,
1452 4665 1640 4704 eorum
1671 4651 1925 4720 redargu-
1955 4652 2002 4712 υ
2028 4640 2308 4704 liberatur,
2342 4639 2521 4692 statim
2555 4639 2622 4692 de
2659 4652 2726 4692 eo
2755 4636 2867 4691 illic
2908 4636 3189 4692 subditur:
3234 4635 3486 4706 Nunquid
3514 4654 3618 4692 non

331 4740 479 4797 tione
507 4757 603 4815 pro
634 4758 819 4798 eorum
851 4760 1037 4799 amore
1068 4758 1367 4799 cessamus.
1405 4740 1559 4798 Unde
1592 4757 1814 4798 necesse
1840 4751 1924 4798 est

333 4844 392 4888 ut
419 4833 710 4913 aliquando
736 4838 1031 4893 toleremus
1058 4838 1287 4893 tacendo
1312 4838 1451 4909 quod
1477 4845 1632 4902 sunt,
1662 4847 1923 4907 quatenus

332 4929 387 4981 in
418 4929 573 4984 nobis
600 4938 624 4967 ε
656 4929 865 4984 discant
889 4931 1027 4985 bene
1054 4930 1280 4985 vivendo
1307 4930 1453 4999 quod
1485 4945 1588 4983 non
1622 4937 1764 4984 sunt.
1791 4928 1922 4996 Quia

332 5021 493 5092 igitur
531 5030 715 5077 sancta
760 5022 1023 5088 Ecclesia,
1070 5021 1393 5093 quievverba
1440 5037 1535 5077 sua
1581 5036 1792 5090 semper
1830 5034 1924 5089 per

332 5115 652 5172 charitatem
680 5118 886 5181 exerit,
918 5131 981 5172 ea
1011 5117 1171 5172 etiam
1214 5131 1594 5185 nonnunquam
1640 5132 1704 5177 ex
1749 5113 1925 5168 chari-

335 5218 447 5263 tate
472 5206 747 5280 restringit
764 5252 777 5277 ,
811 5208 955 5263 dicat
979 5227 992 5261 :
1022 5207 1253 5264 Frenusn
1277 5210 1446 5281 posuit
1470 5208 1523 5271 in
1550 5224 1606 5261 os
1632 5222 1817 5262 meum.
1850 5205 1926 5259 Ac

334 5300 379 5354 si
410 5310 594 5369 aperte
623 5301 872 5367 fateatur,
904 5299 1129 5355 dicens:
1160 5300 1296 5365 Quia
1340 5301 1394 5354 in
1438 5297 1756 5369 quibusdam
1803 5310 1929 5366 pro-

334 5397 547 5443 vectum
578 5404 683 5444 non
713 5388 821 5453 vidi
852 5388 1276 5460 praedicationis,
1307 5388 1376 5449 ab
1403 5386 1482 5443 eis
1510 5388 1767 5456 impetum
1793 5392 1929 5439 tem-

306 5494 309 5495 '
335 5484 522 5552 peravi
545 5524 559 5549 ,
590 5492 651 5545 ut
675 5483 836 5545 vitam
866 5498 1039 5539 meam
1069 5483 1259 5539 saltem
1292 5498 1386 5552 per
1416 5481 1726 5551 patientiam
1755 5479 1931 5534 disce-

408 5609 437 5639 ι
477 5600 687 5657 Gemet.
708 5641 724 5665 ,
756 5599 936 5658 Germ.
970 5614 1035 5655 ac
1065 5599 1204 5670 plur.
1223 5639 1239 5661 ,
1269 5596 1361 5651 sed
1388 5599 1628 5670 quoniam
1657 5593 1919 5666 repetistis

335 5672 502 5743 illud,
534 5682 583 5729 et
610 5672 845 5743 indignos
876 5688 962 5743 eos
983 5671 1302 5743 judicastis._
1483 5738 1515 5743 Α
1849 5735 1883 5743 __
1922 5717 1924 5720 ,

406 5742 438 5785 ι
478 5735 550 5807 ita
578 5735 819 5814 plerique
847 5735 1057 5798 Mssfet
1084 5741 1363 5814 vegiEd.)
1406 5738 1601 5808 quibus
1642 5735 1911 5814 contradi-

339 5824 469 5871 cunt
495 5807 679 5871 Germ.
710 5807 766 5869 et
796 5816 1114 5880 posteriores
1146 5813 1273 5873 Ed.,
1306 5807 1541 5864 detracta
1577 5807 1873 5880 negatione.

419 5894 442 5927 ⁶
480 5884 644 5944 Corb.
674 5879 855 5940 Germ.
886 5896 940 5940 et
968 5884 1066 5940 Ed.
1089 5925 1102 5949 ,
1136 5884 1335 5938 discant
1374 5882 1607 5935 videndo.
1640 5879 1801 5933 Gilot.
1839 5888 1914 5928 ta-

2030 4744 2103 4789 est
2128 4736 2223 4787 iste
2250 4734 2402 4787 torris
2432 4742 2599 4786 erutus
2628 4733 2692 4786 de
2718 4731 2837 4801 igne
2862 4731 2886 4783 Ρ

2104 4826 2192 4881 49.
2240 4825 2307 4879 Et
2337 4824 2579 4879 Ecclesia:
2608 4823 2763 4890 ﬁdem
2795 4832 3071 4891 sectantes,
3108 4840 3138 4875 a
3167 4824 3352 4894 quibus
3375 4827 3491 4895 ipsa
3517 4828 3618 4884 ali-

2030 4920 2233 4988 quando
2279 4919 2380 4970 vim
2428 4918 2639 4986 patitur.
2669 4945 2739 4956 —
2764 4914 2910 4971 Sicut
2955 4929 3085 4985 ergo
3128 4915 3241 4970 illic.
3279 4928 3379 4986 pro
3424 4920 3617 4975 dextra

2031 5011 2191 5081 plebs
2214 5008 2433 5063 Judaica
2458 5049 2471 5072 ,
2504 5009 2571 5060 ita
2607 5008 2708 5061 hoc
2732 5004 2787 5060 in
2818 5006 2934 5061 loco
2962 5005 3169 5061 dextra:
3200 5008 3460 5063 vocabulo
3490 5008 3611 5064 ﬁde-

2033 5103 2099 5156 lis
2146 5096 2375 5171 populus
2426 5107 2625 5153 sancta:
2670 5097 2927 5153 Ecclesiae
2975 5096 3301 5168 designatur.
3362 5099 3513 5153 Unde
3564 5108 3618 5156 et

2031 5201 2288 5249 venturus
2312 5190 2474 5260 judex
2509 5189 2693 5246 haedos
2718 5189 2785 5245 ad
2815 5190 3119 5257 sinistram,
3159 5205 3324 5260 agnos
3371 5191 3437 5244 ad
3487 5191 3616 5245 dex-

2032 5294 2201 5343 teram
2230 5291 2392 5354 penet
2422 5281 2637 5354 (Matth.
2665 5297 2789 5349 xxv,
2819 5282 2932 5351 55).
2963 5281 3069 5337 Sed
3097 5297 3218 5338 cum
3245 5289 3483 5337 sanctam
3516 5282 3617 5347 Ec-

2031 5378 2248 5435 clesiam
2280 5375 2618 5431 adversitatis
2663 5384 2907 5443 tempore
2947 5373 3049 5440 ipsi
3086 5386 3299 5443 quoque
3343 5373 3617 5431 lacessunt

2032 5469 2122 5540 qui
2156 5469 2240 5522 fidi
2262 5469 2339 5522 les
2370 5483 2489 5522 esse
2521 5470 2856 5533 videbantur,
2878 5464 2939 5519 ei
2970 5465 3156 5533 procul
3196 5464 3360 5518 dubio
3399 5465 3616 5523 calami-

2034 5601 2158 5642 men
2203 5584 2484 5639 annotavit
2523 5592 2779 5652 nostram;
2807 5578 3096 5652 lectionem
3129 5580 3184 5634 in
3204 5581 3490 5652 (margine,
3521 5601 3617 5638 ex.

2030 5667 2242 5727 statque
2272 5664 2379 5710 tam
2408 5652 2701 5727 ἱιι-ᾼιικιὶει,ἶ
2731 5649 2859 5727 Mss.
2882 5662 3051 5727 quam
3081 5648 3136 5705 in
3154 5650 3286 5727 aliis
3312 5648 3530 5727 nostris.
3561 5684 3567 5689 -

2094 5728 2121 5767 (ι
2155 5719 2384 5793 'Germ.,
2436 5719 2616 5789 Utici,
2661 5719 2828 5775 Gorb.
2875 5719 3099 5786 Germ,
3150 5722 3307 5779 Beoc.
3340 5732 3395 5781 et
3434 5725 3609 5794 plum,

2022 5801 2258 5855 dicimur.
2280 5836 2287 5847 ,

2099 5882 2121 5910 ι
2164 5870 2327 5923 Iidem
2348 5904 2363 5932 ,
2398 5864 2608 5920 indutus
2635 5864 2849 5919 dicitur.
