4044 6346
266 427 365 505 4,69.

1147 425 1505 491 MORALIUM
1546 425 1671 482 LIB.
1715 424 1833 479 XX.
1874 452 1943 464 --
1978 420 2206 478 CAPUT
2244 420 2390 477 XXX
2427 419 2488 476 Β.
2525 420 2659 476 ιοΒ.

3427 423 3531 509 no

262 502 521 612 sapientis
543 538 890 605 vitam,'dum
936 540 1128 595 stultus
1184 541 1536 609 praeminens
1589 548 1849 595 terrorem
1878 542 1931 600 Α
1956 538 2091 591 mala
2115 539 2167 593 in
2190 540 2382 618 quibus
2396 540 2507 609 jam
2529 539 2630 610 ipsi
2657 537 2908 608 implicati
2934 546 3057 594 sunt
3077 537 3237 596 etiam
3263 539 3523 611 quosdam

263 635 548 707 potestatis
582 643 816 701 exercet,
862 633 988 687 dum
1018 635 1161 688 hunc
1191 634 1462 689 laboribus
1492 622 1851 701 fatigat,'con-

263 728 491 784 tumeliis
525 728 749 793 lacerat,
776 727 1016 797 profecto
1045 727 1185 805 hunc
1211 727 1278 781 ab
1306 727 1452 782 omni
1481 726 1727 779 vitiorum
1758 739 1852 778 ru-

260 822 432 890 bigine
466 819 715 893 urendo
747 828 957 889 purgat.
987 819 1211 875 Stultus
1237 833 1366 888 ergo
1412 815 1642 887 sapienti
1692 814 1851 870 etiam

260 888 595 967 dominando
627 888 814 979 seruit,
850 927 1008 983 quem
1046 912 1114 969 ad
1158 912 1437 968 meliorem
1481 920 1676 966 statum
1725 924 1849 980 pre-

260 1003 447 1058 mendo
479 1003 758 1072 provehit.
790 1004 881 1058 Sic
910 1019 1289 1074 nonnunquam
1315 1013 1358 1069 ’1,
1384 1001 1602 1073 pupillis
1623 1002 1851 1057 dominis

257 1095 316 1148 ad
361 1095 679 1165 disciplinae
737 1095 1103 1167 magisterium
1135 1097 1579 1167 servigprazsunt,
1628 1105 1846 1164 terrent,

257 1199 532 1259 premunt,
587 1189 805 1254 feriunt,
860 1198 917 1245 et
964 1198 1140 1245 tamen
1178 1205 1298 1245 esse
1345 1189 1487 1245 servi
1517 1189 1661 1244 nullo
1692 1191 1851 1245 modo

257 1283 545 1344 desistunt,
580 1283 800 1352 quia'ad
839 1282 941 1337 hoc
971 1282 1569 1353 ipsumordinatisunt,
1604 1294 1658 1338 ut
1682 1284 1859 1365 proli-6

259 1378 521 1431 cientibus
565 1377 817 1447 dominis,
851 1377 1012 1432 etiam
1042 1377 1300 1455 ‘feriendo
1343 1378 1683 1433 famulentur.
1715 1378 1848 1447 Quia

262 1469 409 1538 igitur
432 1468 584 1522 mala
619 1469 972 1538 reproborum
1004 1470 1197 1537 bonos,
1240 1470 1364 1525 dum
1412 1472 1672 1536 cruciant,
1724 1480 1848 1540 p‘ur-

262 1571 395 1630 gant,
423 1542 651 1615 utilitati
672 1560 939 1632 justorum
964 1561 1154 1616 militat
1183 1560 1344 1617 etiam
1372 1570 1607 1631 potestas
1638 1562 1853 1633 iniquo?

265 1671 391 1710 rum.
432 1654 547 1711 Sed
579 1656 899 1725 plerumque
925 1656 1054 1725 justi
1086 1656 1427 1711 tribulatione
1454 1654 1482 1693 ι»
1504 1656 1844 1725 deprehensi,

271 1749 466 1803 tardam
509 1764 732 1804 manum
762 1749 1129 1805 subvenientis
1174 1752 1460 1815 asstimant,
1494 1766 1615 1805 cum
1642 1765 1700 1805 se
1729 1766 1849 1820 per-

279 1843 596 1911 sequentium
638 1842 948 1897 immanitas
1005 1843 1163 1912 paqu
1209 1844 1417 1914 longius
1468 1854 1735 1915 angustat.
1781 1845 1847 1899 Et

1958 629 2113 685 nobis
2143 631 2323 685 unitos
2354 631 2591 689 trahunt.

2027 722 2118 777 54.
2159 723 2341 779 Potest
2369 739 2579 796 quoque
2607 726 2824 796 intelligi
2854 726 2993 781 muri
3038 727 3252 782 nomine
3301 727 3530 782 munitio

1956 813 2283 881 disciplima;
2316 815 2601 872 Salomone
2628 827 2930 885 attestante,
2962 820 3049 889 qui
3075 819 3188 875 ait:
3216 818 3321 874 Per
3349 835 3529 889 agrum

1956 904 2172 959 hominis
2200 908 2332 976 pigri
2360 910 2588 975 transivi,
2619 919 2663 962 et
2684 928 2773 982 per
2800 912 2997 967 vineam
3025 912 3118 965 viri
3142 912 3321 977 stulti;
3350 921 3398 967 et
3422 927 3533 965 ecce

1955 1005 2115 1049 totum
2143 1000 2459 1066 repleverant
2501 1002 2697 1066 urticae,
2726 1012 3031 1071 aperuerant
3061 1003 3381 1073 superﬁciem
3421 1004 3531 1071 ejus

1952 1091 2133 1157 spinas,
2167 1102 2214 1145 et
2258 1096 2476 1147 maceria
2505 1095 2739 1163 lapidum
2767 1097 3018 1151 destructa
3039 1107 3146 1151 erat
3178 1097 3356 1169 (Prov.
3380 1112 3531 1164 XXtv,

1953 1180 2069 1249 30).
2096 1182 2201 1237 Per
2231 1200 2414 1254 agrum
2440 1187 2581 1240 enim
2614 1189 2845 1244 hominis
2869 1191 2997 1260 pigri
3020 1202 3177 1260 atque
3205 1208 3297 1261 per
3324 1191 3531 1246 vineam

1951 1274 2051 1327 viri
2090 1276 2237 1331 stulti
2265 1279 2490 1335 transire
2530 1288 2613 1335 cst
2652 1282 2935 1350 cujuslibet
2966 1284 3124 1337 vitam
3161 1294 3182 1322 ο
3217 1283 3532 1355 negligentis

1952 1366 2236 1436 inspicere,
2292 1371 2511 1441 ejusque
2555 1387 2721 1442 opera
2749 1374 3111 1430 considerare.
3152 1375 3317 1442 Quam
3347 1376 3550 1437 urticae,

1949 1456 2032 1511 vel
2077 1459 2247 1528 spinae
2287 1464 2514 1530 replent,
2544 1464 2664 1532 quia
2709 1464 2762 1517 in
2804 1471 2965 1520 corde
2996 1466 3375 1535 negligentium
3409 1482 3533 1534 pru-

1948 1550 2140 1605 rientia
2169 1560 2381 1608 terrena
2413 1554 2680 1610 desideria
2708 1566 2763 1611 et
2792 1560 3103 1624 punctiones
3155 1559 3417 1628 pullulant
3447 1560 3529 1613 vi-

1949 1645 2173 1713 tiorum,
2212 1650 2405 1719 quippe
2430 1630 2572 1720 'quia
2619 1654 2872 1723 scriptum
2901 1665 2981 1710 est
3015 1674 3027 1708 :
3061 1655 3125 1709 In
3158 1657 3423 1712 desideriis
3462 1665 3535 1711 est

1950 1740 2111 1792 onmis
2140 1741 2329 1793 otiosus
2362 1740 2541 1811 (Prov.
2592 1759 2778 1811 xxvm,
2825 1746 2911 1812 19,
2942 1763 3044 1800 sec.
3080 1745 3275 1818 LXX).
3307 1748 3535 1803 Maceria

1951 1829 2183 1898 lapidum
2205 1833 2474 1888 destructa
2502 1846 2636 1900 erat,
2676 1837 2727 1891 id
2772 1849 2873 1903 est,
2906 1840 3184 1909 disciplina
3228 1850 3436 1909 patrum
3466 1844 3534 1897 ab

291 1941 480 1996 concita
510 1940 715 2010 quidem
745 1953 869 1995 sunt
895 1942 1154 2010 ereptoris
1177 1942 1433 2004 remedia,
1458 1942 1552 1995 sed
1577 1941 1673 1995 hoc
1699 1920 1841 2006 qudil
1871 1918 1918 1980 Β
1947 1922 2062 1991 eius
2092 1924 2252 1979 corde
2293 1925 2575 1982 άίεεοίυῑειο
2620 1926 2645 1964 δ
2684 1928 2811 1983 Nam
2843 1932 2964 2000 (ιυῖει
3005 1932 3274 1987 destructa
3301 1934 3533 1989 maceria

293 2036 349 2089 ab
384 2046 612 2105 ereptore
663 2036 823 2090 citius
872 2037 1063 2107 agitur,
1117 2036 1317 2092 dolenti
1368 2037 1578 2091 tardum
1600 2035 1840 2105 videtur.

284 2128 491 2199 Cumque
510 2129 705 2183 adesse
729 2130 1069 2197 postulationi
1096 2130 1347 2184 auxilium
1370 2129 1653 2199 quaeritur,
1677 2131 1723 2184 si
1750 2144 1846 2184 vo-

206 2276 219 2289 ,
274 2237 371 2275 cem
403 2237 511 2275 non
541 2223 724 2276 statim
754 2222 1015 2289 sequitur,
1045 2223 1165 2291 quia
1190 2221 1330 2277 desit
1351 2223 1663 2277 aestimatur.
1698 2221 1847 2277 Un‘de

266 2330 392 2369 nunc
418 2314 620 2369 dicitur
652 2333 665 2367 :
699 2314 767 2368 Et
812 2332 914 2368 non
963 2316 1058 2385 fuit
1107 2315 1195 2385 qui
1222 2319 1395 2385 ferret
1424 2313 1698 2370 auxilium.
1730 2315 1846 2382 Qua

267 2408 513 2463 videlicet
554 2407 608 2461 in
644 2423 778 2463 voce
810 2409 934 2477 ipsa
963 2408 1044 2462 vis
1072 2408 1333 2476 passionis
1356 2407 1692 2477 exprimitur,
1723 2411 1845 2479 quia

260 2515 550 2567 supernum
582 2500 866 2565 auxilium,
891 2501 1157 2555 etsiadest
1177 2510 1429 2572 quantum
1457 2502 1524 2557 ad
1546 2504 1843 2558 ordinatam

257 2592 653 2659 providentiam
704 2593 866 2664 662
906 2595 1249 2662 protectoris,
1305 2594 1494 2650 deesse
1524 2604 1699 2652 tamen
1732 2611 1849 2652 cre-

254 2680 396 2737 ditur
429 2694 694 2754 quantum
718 2684 784 2737 ad
808 2686 1016 2740 concita
1037 2694 1161 2740 vota
1193 2684 1464 2754 patientis.
1486 2685 1771 2757 Sequitur:

448 2819 686 2877 CAPUT
723 2821 869 2877 xxv
910 2822 1052 2895 [Vet.
1091 2822 1289 2891 xm,
1331 2823 1455 2879 Rec.
1496 2823 1646 2897 XX].

317 2959 476 3016 Vsus
512 2959 847 3035 idm-Quasi
874 2970 1025 3030 rupto
1050 2977 1194 3014 muro
1217 2970 1265 3016 et
1292 2968 1466 3032 aperta
1477 2963 1646 3033 janua
1681 2963 1847 3017 irrue-

248 3062 370 3107 rstnt
394 3068 707 3126 superisne“
727 3060 772 3105 et
801 3052 870 3103 ad
897 3052 1292 3127 meas'miserias
1316 3051 1544 3106 devoluti
1573 3063 1710 3108 sunt.

320 3143 411 3197 53.
458 3142 740 3212 Lugendus
761 3142 946 3196 anima:
977 3150 1159 3208 status,
1199 3145 1406 3212 quando
1442 3144 1495 3196 in
1540 3160 1651 3197 eam
1678 3128 1847 3199 hostes

252 3236 484 3300 iruunt,
517 3243 670 3303 rupto
694 3233 819 3309 ﬁdei.
842 3250 1009 3301 muro,
1028 3234 1114 3309 :vel
1144 3234 1401 3288 destructa
1428 3235 1710 3306 disciplina
1738 3253 1846 3290 ma-

1948 2014 2204 2085 lapidum,
2249 2017 2561 2074 dissolutam
2585 2036 2704 2077 esse
2735 2022 3072 2091 disciplinam
3103 2024 3253 2090 vidit,
3289 2025 3531 2094 protinus

1948 2110 2058 2165 illic
2085 2124 2303 2168 secutus
2329 2114 2615 2183 adjunxit:
2651 2117 2801 2183 Quod
2842 2134 2955 2170 cum
2983 2118 3239 2187 vidissem,
3293 2120 3440 2189 posui
3479 2121 3534 2174 in

1948 2202 2101 2256 corde
2125 2221 2255 2270 meo,
2286 2215 2332 2259 et
2358 2209 2588 2277 exemplo
2629 2209 2787 2262 didici
2816 2211 3139 2282 disciplinam
3169 2210 3350 2284 (Prov.
3385 2228 3531 2273 xxiv.

1947 2296 2063 2367 32).
2095 2297 2256 2364 Quasi
2289 2308 2448 2368 rupto
2478 2315 2610 2370 ergo
2637 2315 2790 2356 muro
2830 2303 2998 2357 hostis
3054 2303 3367 2372 ingreditur,
3408 2319 3531 2359 cum

1951 2389 2033 2443 vel
2060 2389 2420 2459 malignorum
2450 2393 2756 2461 spirituum,
2799 2394 2882 2450 vel
2932 2409 3216 2464 pravorum
3258 2392 3531 2451 humilium

1949 2481 2297 2549 persuasione
2344 2482 2571 2549 callida,
2622 2484 2917 2555 disciplinae
2961 2485 3256 2540 munimina
3288 2487 3339 2541 in
3370 2487 3532 2543 corde

1949 2573 2299 2643 dissipantur.
2348 2575 2454 2632 Sed
2502 2592 2623 2632 cum
2670 2577 2909 2647 ejusdem
2954 2578 3250 2649 disciplina:
3280 2580 3433 2651 vigor
3478 2581 3533 2635 in

1950 2665 2113 2721 corde
2139 2667 2488 2736 reproborum
2516 2669 2765 2738 solvitur,
2796 2680 2919 2725 ante
2960 2685 3145 2733 eorum
3175 2672 3358 2727 oculos
3398 2687 3535 2727 cun-

1951 2767 2035 2812 cta
2059 2758 2324 2821 honorum
2346 2776 2509 2831 opera
2531 2762 2808 2832 despectui
2838 2763 3124 2830 habentur,
3154 2765 3391 2836 nihilque
3416 2781 3537 2823 esse

1951 2849 2223 2905 aestimant
2267 2852 2523 2929 quidquid
2566 2852 2636 2909 de
2666 2855 2951 2910 virtutibus
2989 2856 3283 2913 electorum
3331 2859 3533 2918 vident.

1952 2938 2107 2996 Unde
2134 2952 2189 2998 et
2214 2944 2459 2999 subditur
2490 2963 2502 2997 :

2523 3035 2751 3121 CAPUT
2788 3035 2978 3093 xxvr.

2025 3125 2171 3183 Vens
2211 3126 2296 3182 15.
2319 3157 2389 3168 --
2415 3128 2668 3185 Redactus
2696 3148 2809 3184 sum
2829 3132 2882 3185 in
2903 3131 3142 3187 nihilum.

1955 3220 1963 3227 '
2027 3217 2115 3273 55.
2136 3218 2418 3299 ’Πειρεειὶε
2436 3223 2566 3276 veris
2586 3222 2748 3291 bonis,
2771 3227 3001 3279 carnales
3026 3227 3201 3295 ﬂuxis,
3226 3243 3341 3282 cum
3360 3228 3533 3298 quibus

254 3329 411 3382 seria.
443 3356 523 3368 —
543 3302 683 3394 Quid
711 3327 810 3380 hoc
839 3326 956 3381 loco
977 3306 1116 3381 muri
1149 3328 1362 3403 nomine
1390 3329 1489 3382 nisi
1521 3329 1844 3400 lledemptor

1952 3302 2181 3380 pereunt,
2231 3314 2535 3370 innituntur.
2577 3348 2647 3359 —
2690 3317 2841 3387 Apud
2882 3319 3290 3375 aestimationem
3339 3323 3535 3391 quippe

255 3419 477 3474 humani
504 3417 721 3493 generis
749 3417 1046 3487 appellatur
1066 3417 1192 3487 {De
1218 3434 1323 3489 quo
1369 3435 1467 3489 pro
1511 3429 1712 3475 sancta:
1743 3421 1847 3476 Ec-

257 3516 432 3570 clesia:
478 3513 838 3569 aediﬁcatione
877 3528 970 3580 per
1007 3516 1321 3584 prophetam
1349 3516 1544 3573 dicitur
1574 3535 1587 3570 :
1618 3516 1848 3572 Ponetur

261 3608 307 3661 is
338 3624 397 3661 ea
426 3622 617 3660 murus
644 3614 691 3660 et
720 3605 1043 3675 antemurale
1062 3604 1216 3674 (lsai.
1267 3623 1411 3679 xxvi,
1448 3607 1524 3678 l).
1559 3611 1676 3678 Ipse
1703 3611 1846 3665 enim

270 3703 407 3756 nobis
437 3715 635 3755 murus
657 3711 758 3766 est,
782 3700 881 3769 qui
905 3699 971 3754 ad
1004 3701 1163 3757 corda
1190 3711 1369 3757 nostra
1404 3702 1704 3772 pertingere
1733 3718 1846 3758 ma—

274 3793 529 3861 lignorum
582 3791 867 3861 spirituum
915 3807 1129 3848 cursum
1161 3802 1323 3849 vetat.
1354 3796 1455 3862 Qui
1489 3804 1685 3852 nostrae
1714 3813 1848 3867 quo-

269 3900 358 3952 qoe
398 3886 530 3940 ﬁdei
573 3884 733 3940 etiam
784 3887 1115 3953 antemurale
1163 3887 1356 3956 posuit,
1389 3888 1511 3957 quia
1543 3888 1846 3959 priusquam

263 3991 316 4031 se
342 3993 441 4047 per
465 3992 689 4053 carnem
720 3978 1026 4033 ostenderet
1065 3978 1438 4046 praedicatores
1478 3981 1562 4035 sui
1610 3981 1848 4052 mysterii

258 4070 556 4140 prophetas
597 4070 759 4125 misit.
811 4069 974 4126 Recte
1020 4072 1607 4141 quippeautemuralis
1634 4077 1850 4133 nomine

261 4173 561 4229 Vocantur,
621 4161 743 4231 quia
787 4161 912 4216 dum
962 4162 1371 4233 subsequentem
1422 4165 1852 4235 praedicaverunt

258 4253 580 4322 Dominum,
613 4254 763 4323 quasi
794 4261 918 4308 ante
942 4269 1157 4310 murum
1214 4263 1498 4311 steterunt.
1550 4257 1656 4312 Sed
1686 4258 1852 4329 quasi

258 4363 445 4403 murus
476 4348 745 4416 rumpitur
774 4362 892 4402 cum
924 4363 1223 4417 pravorum.
1249 4350 1684 4420 persuasionibus
1717 4352 1850 4407 lides

259 4453 377 4507 qua:
417 4438 474 4491 in
505 4434 864 4504 Redemptore
895 4445 1078 4491 nostro
1103 4445 1187 4493 est
1223 4438 1276 4492 in
1304 4439 1653 4517 quorumdam
1684 4436 1850 4496 corde

260 4529 578 4598 dissipatur.
625 4526 865 4596 Cumque
912 4526 1175 4594 perversis
1219 4527 1272 4582 in
1315 4528 1416 4583 hac
1462 4532 1564 4585 vita
1616 4541 1849 4599 poteSIas
1936 4596 1939 4599 _

262 4621 537 4683 tribuitur,
589 4618 712 4689 quid
742 4618 883 4673 aliud
919 4635 1075 4689 quam
1100 4619 1264 4691 janua
1311 4622 1512 4677 erroris
1560 4624 1851 4693 aperitur?

1953 3405 2220 3459 malorum
2252 3408 2302 3460 in
2332 3407 2555 3463 nihilum
2594 3408 2908 3480 redigimur,
2940 3412 3154 3482 quando
3184 3428 3247 3468 ea
3277 3430 3395 3484 qua:
3436 3416 3537 3484 ipsi

1950 3500 2101 3567 quasi
2129 3514 2339 3554 summa
2367 3501 2595 3572 diligunt
2622 3503 2760 3558 bona
2792 3506 3107 3573 temporalia
3134 3521 3238 3561 non
3266 3515 3533 3564 tenemus.

1955 3593 2233 3664 Despectis
2277 3610 2509 3665 namque
2551 3597 2801 3666 supernis
2831 3599 3293 3667 promissionibus,
3327 3611 3536 3655 terrena

1954 3686 2295 3754 desiderant;
2324 3696 2380 3744 et
2408 3688 2457 3742 si
2484 3690 2696 3759 quando
2745 3692 2797 3744 in
2823 3706 3008 3749 eorum
3038 3701 3217 3747 mente
3241 3691 3439 3762 aliquid
3471 3692 3536 3749 de

1950 3781 2187 3848 appetitu
2216 3781 2533 3837 aeternitatis
2561 3785 2751 3850 oritur,
2785 3784 3005 3839 suborta
3036 3784 3193 3840 citius
3222 3787 3527 3842 transitoria

1949 3874 2112 3946 663
2138 3873 2498 3934 delectatione
2526 3876 2833 3947 dissipatur.
2859 3878 3011 3935 Unde
3034 3885 3090 3935 et
3113 3881 3291 3936 statim
3314 3880 3535 3950 subjun-

1951 3966 2092 4035 gilur
2118 3983 2133 4020 :

2024 4059 2152 4115 loto.
2185 4048 2254 4101 -έ
2284 4069 2307 4099 ο
2340 4060 2609 4117 Abstulisti
2629 4064 2777 4132 quasi
2801 4072 2977 4119 ventus
3005 4063 3316 4121 desiderium
3342 4084 3532 4122 meum.

2029 4154 2228 4211 Fidelis
2249 4155 2444 4227 quippe
2476 4158 2699 4227 poliulus
2727 4174 2786 4213 se
2815 4160 2923 4228 pati
2945 4161 3241 4226 denuntiat,
3271 4162 3412 4231 quod
3440 4178 3535 4219 eos

1952 4264 2086 4318 quos
2114 4249 2284 4320 diligit
2310 4252 2418 4319 pati
2445 4251 2611 4306 dolet.
2647 4251 2843 4315 Ventus
2866 4268 2995 4324 ergo
3021 4254 3343 4310 desiderium
3371 4256 3534 4320 tollit,

1952 4357 2074 4397 cum
2101 4358 2189 4397 res
2237 4343 2489 4414 qumlibet
2529 4344 2836 4399 transitoria
2883 4347 3195 4402 aeternitatis
3240 4348 3533 4419 appetitum

1952 4434 2202 4489 destruit.
2238 4434 2389 4491 Unde
2414 4436 2590 4491 adhuc
2610 4452 2843 4506 congrue
2868 4439 3197 4494 subinlertur
3228 4457 3243 4493 :

2026 4525 2154 4580 Isto.
2184 4556 2254 4566 —
2286 4526 2347 4579 Et
2375 4528 2510 4581 velut
2535 4527 2691 4582 nubes
2722 4531 3012 4598 pertransiit
3032 4534 3171 4585 salus
3188 4548 3322 4589 mea.

2025 4616 2208 4672 Nubes
2232 4616 2427 4687 quippe
2461 4617 2513 4671 in
2544 4620 2652 4671 alto
2678 4620 2896 4684 eminet,
2928 4621 3023 4675 scd
3052 4623 3188 4679 hanc
3216 4623 3280 4678 ad
3320 4639 3536 4684 cursum

259 4715 423 4782 Quasi
446 4687 759 4783 mpm—ergo
787 4687 962 4779 muro,
1014 4721 1069 4768 et
1102 4687 1290 4783 aperta
1316 4713 1497 4783 janua,
1528 4687 1709 4785 super
1752 4717 1849 4772 bo-
1878 4687 1932 4749 Ῑ)
1957 4707 2115 4762 ﬂatus
2145 4708 2393 4778 impellit.
2424 4710 2513 4767 Sic
2541 4712 2812 4780 nimirum,
2838 4714 2917 4768 sic
2940 4724 3066 4770 sunt
3095 4720 3408 4789 temporalia
3436 4722 3538 4777 ini-

262 4827 355 4867 nos
385 4811 604 4865 irrnunt
628 4807 774 4875 mali,
826 4823 966 4873 cum,
1015 4817 1232 4877 accepta
1284 4807 1650 4876 temporaliter
1690 4820 1844 4879 pote—

262 4912 424 4969 state,
453 4901 692 4970 perversi
725 4901 838 4970 ipsa
868 4914 1081 4969 quoque
1105 4900 1159 4954 in
1189 4900 1540 4971 quorumdam
1573 4901 1849 4977 cordede-

260 4992 479 5052 struere
519 4995 814 5049 munimina
867 4993 989 5048 ﬁdei
1038 5004 1317 5050 conantur.
1374 4996 1451 5051 De
1488 4996 1679 5067 quibus
1726 5008 1848 5068 apte

262 5089 461 5144 dicitur
489 5104 502 5139 :
537 5083 606 5140 Et
626 5086 693 5139 ad
715 5100 850 5139 meas
874 5085 1105 5138 miserias
1134 5085 1354 5140 devoluti
1374 5097 1510 5154 sunt,
1544 5092 1665 5158 quia
1697 5088 1846 5144 vide-

260 5181 385 5237 licet
425 5179 580 5251 prius
608 5178 672 5233 ad
698 5166 842 5234 snas.
885 5176 993 5232 Nisi
1024 5178 1163 5232 enim
1207 5193 1461 5248 perverse
1485 5179 1731 5249 vivendo,
1781 5183 1849 5238 ad

260 5288 387 5329 suas
418 5281 549 5327 ante
570 5271 818 5325 miserias
843 5269 1120 5337 caderent,
1138 5285 1468 5341 nequaquam
1489 5270 1556 5326 ad
1572 5286 1665 5327 eas
1694 5282 1846 5342 post-

263 5365 486 5421 modum
518 5371 573 5418 et
618 5361 1101 5417 aliossuaderent.
1149 5362 1253 5418 Sed
1298 5372 1439 5431 post'
1464 5376 1589 5417 suas
1636 5365 1847 5434 reprobi

261 5468 317 5514 et
345 5458 415 5513 ad
448 5465 659 5511 nostras
704 5454 949 5511 miserias
986 5454 1361 5521 devolvuntur,
1404 5455 1618 5527 quando
1674 5457 1740 5512 ad
1782 5473 1845 5514 ea

332 5584 358 5612 ι
393 5574 568 5637 Plur.,
597 5568 810 5643 pupillis
831 5569 1257 5643 dominillelius
1279 5571 1526 5639 dominis,
1546 5586 1667 5628 cum
1688 5572 1847 5643 paulo

265 5641 655 5718 postjegamus
682 5641 1139 5718 u{_proﬁ_cientibus
1169 5643 1409 5718 dominis.

333 5719 360 5756 δ
389 5712 614 5769 Vindoc.
647 5720 702 5768 et
723 5712 840 5766 Val.
866 5712 969 5775 CL,
1001 5713 1245 5783 depressi.

337 5800 361 5827 ε
395 5785 605 5843 Gemet.
617 5823 633 5845 ,
662 5783 1017 5855 negligentius.

334 5859 361 5894 ἰ
393 5858 468 5911 Ita
498 5854 741 5919 Germ;
775 5854 999 5926 Bellov.,
1046 5855 1270 5923 'l‘uron.,
1326 5856 1517 5924 Laud.,
1569 5858 1686 5914 Val.
1738 5859 1843 5926 CL,

262 5932 428 5987 Corb.
452 5926 637 5984 Germ.
671 5936 724 5979 et
748 5925 931 5981 Nortn.
973 5926 1041 5979 At
1068 5928 1213 5996 prius
1243 5927 1403 5995 Editi,
1438 5929 1575 5984 Nam
1606 5932 1724 5998 quia
1751 5925 1846 5984 de?-

515 6023 788 6084 PATROL.
835 6022 1122 6095 LXXV].

1957 4816 2185 4872 quorum
2221 4801 2379 4855 bona.
2411 4801 2563 4857 Velut
2594 4803 2645 4856 in
2672 4803 2781 4858 alto
2803 4804 3017 4874 quidem
3050 4823 3144 4878 per
3175 4809 3407 4875 honoris
3424 4814 3536 4868 cel.

1955 4895 2240 4951 situdinem
2260 4895 2453 4967 degere
2485 4894 2762 4962 videntur;
2800 4898 2894 4953 sed
2917 4900 2981 4953 ad
3010 4914 3225 4958 cursum
3256 4904 3384 4959 vita:
3405 4920 3537 4974 quo-

1956 4990 2086 5046 tidie
2118 5034 2132 5058 ,
2201 4990 2352 5061 quasi
2409 4991 2723 5060 quibusdam
2775 4994 3114 5049 mortalitatis
3168 5011 3280 5051 sum
3324 4998 3536 5051 ﬂatibus

1956 5083 2323 5153 impelluntur.
2347 5083 2503 5139 Salus
2517 5100 2643 5156 ergo
2665 5094 2721 5140 ut
2742 5086 3137 5154 nubestransit,
3164 5088 3282 5157 quia
3314 5104 3535 5157 perver-

1958 5193 2137 5233 sorum
2171 5176 2359 5247 gloria,
2399 5175 2416 5214 ί
2445 5194 2549 5246 quo
2576 5178 2681 5233 alta
2707 5187 2811 5243 est,
2840 5181 2945 5233 lixa
2969 5195 3073 5235 non
3100 5190 3200 5236 est.
3225 5180 3331 5237 Sed
3358 5181 3536 5249 exple-

1956 5271 2024 5324 tis
2075 5268 2350 5325 desideriis
2398 5270 2711 5341 actibusque
2758 5272 3137 5327 inﬁrmantium
3165 5312 3179 5335 ,
3219 5272 3286 5326 ad
3337 5273 3536 5327 electo-

1956 5377 2074 5417 rum
2122 5377 2307 5418 vocem
2339 5375 2516 5418 sermo
2558 5363 2907 5432 convertitur,
2937 5379 3055 5418 cum
3084 5361 3326 5431 protinus
3352 5363 3536 5419 subin-

1953 5453 2123 5533 fertur
2146 5472 2160 5508 :

1950 5581 2201 5627 structam
2230 5571 2503 5625 maceriam
2533 5570 2762 5641 lapidum
2787 5570 3111 5635 dissolutam,
3144 5582 3247 5627 etc.

2028 5654 2050 5680 ο
2081 5642 2302 5698 Reccnt.
2336 5642 2555 5709 Excusi,
2582 5642 2812 5705 abstulit,
2846 5651 3031 5695 contra
3080 5643 3205 5697 Mss.
3252 5644 3433 5712 ﬁdem,
3478 5656 3537 5704 et

1952 5714 2367 5839 aeﬁugnantibus
2396 5722 2500 5767 vet.
2558 5713 2659 5767 Ed.
2715 5727 2921 5767 necnon
2978 5722 3123 5769 textu
3173 5715 3435 5773 llebraico
3476 5728 3535 5775 et

2003 5797 2198 5839 uuata.
3358 5806 3371 5815 υ

2003 5802 2198 5857 utgata.
2422 5856 2425 5857 ν
2658 5855 2669 5857 _
2839 5855 2848 5857 _
2944 5856 2951 5857 γ
3358 5806 3371 5815 ’

2028 5857 2046 5894 τ
2065 5855 2206 5918 Ed”
2238 5872 2351 5926 qua:
2377 5856 2484 5908 alta
2503 5863 2598 5931 est,
2623 5855 2921 5931 elegantius
2941 5856 3138 5929 legitur
3162 5858 3214 5913 in
3242 5858 3369 5914 Mss.
3400 5874 3535 5931 quos

1953 5931 2335 5996 expressimus,
2364 5944 2461 5996 quo
2492 5930 2598 5982 alta
2624 5935 2716 5981 est.
2752 5928 2954 5995 Gerttn,
2988 5928 3089 5999 quo
3114 5940 3237 5998 apta
3264 5940 3359 5985 est.

3060 6023 3096 6081 6
