4024 6352
431 478 528 536 171

981 582 1207 643 CAPUT
1244 580 1462 640 XXVII.

500 685 645 743 Vens
687 681 776 739 16.
804 710 873 723 -—
905 680 1059 736 Nunc
1099 688 1267 733 autem
1320 678 1375 732 in
1423 675 1716 747 memetipso
1756 673 2018 730 marcescit

430 777 604 835 citima
634 793 767 841 mea,
800 784 845 830 et
872 772 1133 847 possident
1156 788 1234 825 me
1265 770 1375 824 dies
1398 768 1720 840 afﬂictionis.

505 867 594 924 56.
640 868 795 923 Nunc
819 866 870 920 in
896 881 950 919 se
971 875 1285 918 marcescunt
1311 862 1481 928 electi,
1514 861 1602 915 sed
1625 862 1679 914 in
1704 859 1806 914 Deo
1834 860 2017 911 virent.

346 1008 357 1025 λ,
450 988 513 1015 ν-
540 960 841 1017 Electorum
870 958 1063 1029 quippe
1090 956 1263 1012 anima
1305 969 1447 1013 nunc
1475 952 1780 1017 marcescit,
1813 952 1935 1022 quia
1970 951 2022 1004 in

440 1050 532 1105 illa
559 1049 895 1120 postmodum
925 1056 1125 1103 aeterna
1153 1046 1509 1102 exsultatione
1534 1043 1827 1101 viridescit.
1863 1041 2023 1097 Modo

440 1156 533 1197 eos
579 1142 695 1196 dies
724 1138 1027 1194 alflictionis
1059 1138 1351 1209 possident,
1384 1134 1501 1206 quia
1534 1135 1649 1189 dies
1681 1133 1878 1188 Iartitiai
1906 1141 2026 1201 post

436 1242 755 1304 sequuntur.
772 1232 1038 1301 Scriptum
1065 1232 1260 1300 quippe
1282 1240 1361 1283 est
1386 1244 1400 1282 :
1425 1236 1450 1265 ιι
1474 1226 1696 1281 Timenti
1722 1226 1881 1281 Deum
1904 1226 2026 1280 bene

429 1326 525 1380 erit
556 1327 609 1380 in
638 1326 875 1380 extremis
920 1323 1109 1395 (Eccli.
1141 1340 1179 1389 ι,
1212 1324 1299 1390 15,
1330 1322 1443 1390 19).
1483 1320 1545 1375 Et
1569 1335 1780 1374 rursum
1826 1319 1892 1374 de
1923 1320 2025 1374 Ec-

430 1417 595 1471 clesia
617 1417 840 1472 dicitur:
864 1416 1064 1471 Ridebit
1089 1417 1141 1468 in
1156 1416 1237 1468 die
1253 1415 1519 1468 novissimo
1543 1411 1722 1483 (Prov.
1740 1428 1887 1480 χχχι,
1905 1410 2022 1480 95).

435 1509 587 1566 Nunc
616 1511 760 1565 enim
794 1521 1000 1579 tempus
1029 1508 1345 1564 aﬂiictionis
1374 1517 1457 1563 est
1486 1507 1660 1573 bonis,
1690 1516 1748 1560 ut
1774 1514 2027 1575 sequatur

431 1618 527 1660 eos
574 1602 861 1657 exsultatio
898 1601 1218 1670 quandoque
1245 1602 1362 1655 sine
1395 1611 1655 1668 tempore.
1690 1598 1823 1652 llinc
1854 1597 1920 1650 ab
1942 1597 2027 1652 eis

428 1694 562 1750 alias
616 1695 809 1749 dicitur
868 1713 879 1745 :
944 1691 1245 1760 Humiliasti
1304 1708 1395 1746 nos
1450 1692 1501 1744 in
1559 1692 1672 1745 loco
1728 1690 2027 1760 afﬂictionis

432 1784 603 1857 (Psal.
637 1804 785 1849 xuii,
814 1785 928 1856 20).
966 1786 1136 1839 Locus
1183 1801 1410 1854 namque
1437 1783 1742 1837 afflictionis
1793 1793 1871 1838 est
1918 1785 2021 1835 vita

432 1893 692 1950 praesens.
725 1878 859 1933 Iusti
900 1893 1030 1949 ergo
1065 1878 1172 1941 hic,
1209 1878 1257 1931 id
1300 1887 1385 1931 est
1436 1877 1487 1930 in
1539 1880 1654 1929 loco
1697 1874 2026 1939 afﬂictionis,

432 1972 692 2027 humiliati
717 1984 857 2039 sunt,
888 1972 1010 2039 quia
1038 1972 1090 2026 in
1118 1981 1317 2025 aeterna
1339 1969 1470 2035 vita,
1494 1968 1544 2022 id
1575 1975 1659 2023 est
1681 1969 1733 2021 in
1762 1967 1881 2021 loco
1909 1982 2030 2035 gnu-
2062 1965 2109 2025 Β

429 2065 506 2121 dii
529 2066 907 2120 sublimantur.
940 2066 1073 2117 Cum
1104 2077 1230 2116 vero
1260 2075 1593 2117 marcescere
1618 2060 1849 2112 animam
1879 2059 2024 2113 dice-

428 2167 534 2222 ret,
587 2168 733 2211 recte
778 2157 939 2209 etiam
991 2154 1269 2224 praemisit,
1319 2149 1384 2203 In
1437 2150 1756 2218 memetipso,
1798 2150 1917 2219 quia
1972 2150 2024 2202 in

429 2248 827 2314 nobismetipsis
883 2247 1096 2317 quidem
1130 2244 1154 2282 δ
1186 2242 1436 2309 afficitur,
1486 2243 1579 2295 sed
1624 2243 1674 2296 in
1722 2242 1829 2296 Deo
1874 2258 2025 2299 mens

438 2350 620 2394 nostra
665 2338 965 2401 refovetur;
1003 2349 1253 2407 tantoque
1298 2354 1325 2390 a
1366 2336 1635 2391 viriditate
1660 2336 1832 2405 gaudii
1867 2338 2025 2408 longe

431 2434 523 2500 fit,
557 2444 761 2503 quanto
787 2434 962 2487 adhuc
995 2432 1062 2487 ab
1092 2433 1325 2487 auctoris
1356 2431 1568 2500 repulsa
1599 2431 1800 2486 lumine
1825 2442 1845 2469 ο
1877 2433 1942 2485 ad
1968 2445 2028 2486 se

431 2526 651 2581 recedit.
700 2526 847 2579 Tunc
879 2514 1006 2579 vero
1055 2526 1120 2578 ad
1147 2538 1284 2578 vera:
1316 2523 1515 2579 laetitia:
1536 2523 1866 2578 viriditatem
1900 2539 2023 2592 per-

432 2619 597 2682 venit,
631 2618 844 2689 quando
876 2632 970 2689 per
1010 2626 1230 2671 aeternae
1279 2615 1743 2686 contemplationis
1797 2615 2024 2684 gratiam

432 2709 706 2763 sublevata
754 2708 1306 2776 etiam'semetipsam
1360 2706 1569 2761 transit.
1620 2705 1725 2762 Sed
1759 2702 1874 2759 haec
1903 2720 2059 2774 quae

432 2800 719 2869 allegorica
753 2801 1088 2871 indagatione
1118 2799 1562 2863 transcurrimus,
1598 2805 1812 2863 Oportet
1841 2805 1897 2850 ut
1929 2811 2027 2864 per

435 2895 613 2946 omnia
646 2893 808 2948 etiam
836 2894 988 2961 juxta
1019 2891 1295 2945 historiam
1328 2889 1804 2961 teneamusaQuae
1850 2899 2029 2945 tamen

435 2999 581 3039 nunc
618 2984 819 3038 idcirco
851 2993 1131 3053 praatereo,
1164 2984 1287 3051 quia
1321 2983 1434 3036 tunc
1461 2991 1645 3049 aperta
1678 2996 1798 3035 esse
1846 2980 2029 3050 legen-

436 3085 578 3130 tibus
609 3091 713 3128 non
739 3077 948 3144 ignoro.
974 3074 1170 3129 Diebus
1192 3081 1368 3129 autem
1394 3073 1779 3144 persecutionis
1805 3073 2024 3137 ultimae,

436 3169 560 3239 quia
586 3168 611 3203 α
644 3170 797 3222 multi
822 3168 1052 3236 suntqui
1078 3177 1323 3236 pereunt,
1348 3177 1402 3220 et
1422 3167 1575 3234 pauci
1602 3166 1689 3232 qui
1718 3165 2026 3232 salvantur;

437 3261 636 3314 idcirco
670 3260 750 3314 vir
776 3271 989 3313 sanctus
1023 3260 1289 3328 passionis
1325 3274 1438 3313 sua:
1469 3269 1707 3327 tempore
1752 3266 1809 3313 et
1859 3274 2023 3328 pauca

1639 467 1883 527 SANCTI
1920 461 2247 522 anGoatt
2266 448 2267 451 ‘
2287 461 2501 519 MAGNI

2048 580 2101 637 Δ
2127 576 2407 631 debentur.
2442 575 2529 629 Ait
2572 558 2699 644 ergo
2724 588 2738 626 :
2772 569 2938 626 Nocte
2965 585 3022 626 os
3049 583 3219 623 meum
3243 570 3538 638 perforatur
3565 568 3713 624 dolo-

2120 670 2283 723 ribus.
2337 668 2412 723 Ac
2456 668 2502 722 si
2547 674 2730 737 aperte
2774 665 2918 721 dicat

3603 454 3711 512 1‘12

2968 680 2985 719 :
3030 660 3419 719 ,Tribulationis
3469 660 3714 719 tenebris

2125 764 2316 834 pressi,
2366 765 2436 818 ita
2478 762 2765 818 afflictione
2799 757 2820 798 ί
2856 757 3212 825 terebrantur,
3245 764 3303 811 ut
3327 764 3381 812 et
3408 755 3508 827 ipsi
3537 755 3627 827 qui
3657 756 3712 811 in

2127 873 2213 912 me
2234 856 2501 912 habebant
2522 856 2757 926 vigorem
2776 850 3121 917 fortitudinis,
3142 849 3293 920 quasi
3310 850 3423 918 jam
3444 847 3713 919 quoddam

2130 950 2360 1004 habeant
2404 947 2642 1005 foramen
2691 946 2916 1001 timoris.
2964 945 3105 998 Bene
3152 952 3330 998 autem
3367 942 3562 996 dicitur
3595 959 3608 995 :
3645 940 3715 996 Et

2125 1042 2212 1111 qui
2233 1060 2311 1097 me
2332 1042 2601 1096 comedunt
2628 1056 2730 1094 non
2755 1039 3041 1103 dormiunt,
3068 1036 3189 1107 quia
3221 1035 3438 1105 maligni
3471 1035 3715 1107 spiritus,

2133 1134 2222 1204 qui
2256 1134 2498 1190 carnales
2529 1147 2770 1203 quosque
2789 1112 2863 1186 'de
2890 1129 3129 1184 Ecclesia
3177 1135 3521 1197 consumunt,
3568 1135 3722 1182 tanto

2128 1214 2296 1300 magis
2323 1228 2601 1300 quiescere
2622 1241 2649 1278 a
2681 1224 2975 1280 tentatione
3006 1220 3277 1299 nesciunt,
3310 1228 3513 1290 quanto
3558 1217 3717 1274 nullo

2128 1324 2307 1378 carnis
2340 1321 2578 1393 pondere
2604 1330 2916 1390 gravantur.
2958 1314 3085 1393 Sed"
3099 1320 3473 1383 persecutores
3517 1324 3721 1369 sancta:

2131 1414 2395 1470 Ecclesia:
2444 1414 2565 1483 quia
2595 1410 2753 1466 valde
2806 1406 3049 1487 perversi
3100 1416 3245 1476 sunt,
3292 1412 3473 1461 essent
3514 1405 3724 1461 utinam

2132 1507 2301 1577 pauci.
2328 1503 2578 1576 Sequitur
2603 1522 2615 1555 :

2481 1596 2708 1654 cupur
2747 1594 2923 1651 XXIX
2961 1594 3109 1669 [Rea
3150 1590 3370 1664 ml].

2204 1692 2370 1747 Vsus.
2417 1692 2501 1745 18.
2534 1721 2603 1731 —
2630 1689 2693 1743 In
2724 1688 3054 1743 multitudine
3084 1703 3258 1741 eorum
3287 1684 3603 1740 consumitur
3643 1699 3727 1737 ve-

2129 1791 2425 1844 stimentum
2451 1804 2641 1853 meum,
2672 1796 2717 1840 et
2746 1786 2897 1856 quasi
2932 1786 3123 1852 capitis
3154 1784 3337 1839 tunicw
3363 1785 3728 1838 succinxerunt

2134 1899 2234 1935 me.

2211 1970 2301 2027 58.
2347 1972 2449 2040 Qui
2482 1971 2722 2025 Ecclesiae
2751 1970 2884 2025 velut
2910 1972 3259 2025 vestimentum
3279 1967 3563 2036 adhcrent,
3588 1986 3725 2023 non-

2131 2082 2393 2137 nunquam
2438 2065 2499 2117 ab
2547 2080 2625 2128 ea,
2669 2064 2716 2118 vi
2745 2072 3131 2129 tormentorum,
3182 2070 3506 2133 separantur.
3555 2090 3625 2102 —
3666 2059 3725 2116 Si

2133 2158 2367 2213 historice
2408 2156 2757 2220 intendimus,
2811 2152 2937 2225 quid
2981 2154 3122 2209 aliud
3152 2156 3532 2210 vestimentum
3579 2154 3725 2210 beati

2133 2244 2234 2305 Job
2268 2264 2424 2319 quam
2456 2246 2572 2317 ejus
2593 2262 2791 2316 corpus
2822 2246 3151 2318 accipimus?
3174 2247 3325 2318 cujus
3354 2246 3605 2302 videlicet
3627 2260 3726 2301 ve-

2136 2342 2453 2396 stimentum
2500 2341 2837 2394 consumitur
2881 2340 3008 2393 dum
3067 2354 3194 2394 caro
3239 2339 3525 2394 cruciatur.
3565 2339 3727 2393 quta

2131 2432 2401 2501 allegoria:
2430 2447 2558 2485 vero
2606 2433 2943 2501 mysterium,
2974 2430 3345 2485 vestimentum
3400 2439 3483 2485 est
3523 2439 3727 2484 sancta

2130 2522 2383 2581 Ecclesia:
2413 2522 2644 2578 fidelium
2668 2524 2798 2577 vita.
2832 2523 2961 2578 Nam
2994 2525 3135 2579 sicut
3159 2534 3266 2591 tota
3290 2524 3450 2579 simul
3479 2523 3726 2579 Ecclesia

2136 2616 2514 2671 vestimentum
2541 2616 2765 2682 Christi,
2798 2618 2868 2671 ita
2900 2617 3090 2673 fideles
3116 2619 3311 2689 quique
3336 2618 3576 2689 ejusdem
3613 2617 3720 2672 Ec-

2131 2708 2307 2764 cles‘im
2321 2709 2636 2763 vestimenta
2659 2709 3004 2777 deputantur.
3027 2708 3084 2765 Si
3106 2710 3247 2765 enim
3271 2719 3456 2767 sancta
3478 2709 3725 2765 Ecclesia

2134 2806 2510 2857 vesuimentum
2540 2802 2741 2857 Christi
2771 2820 2876 2861 non
2915 2812 3081 2871 esset,
3113 2800 3309 2859 Paulus
3344 2804 3583 2874 profecto
3616 2818 3725 2857 non
3808 2804 3823 2815 ί

2133 2897 2374 2950 diceret:
2414 2894 2481 2949 Ut
2526 2894 2781 2950 exhiberet
2821 2895 2917 2948 sibi
2962 2896 3239 2964 gloriosam
3289 2894 3590 2962 Ecclesium,
3619 2911 3725 2947 non

2134 2988 2394 3043 habentem
2436 2988 2693 3041 maculam
2719 2996 2745 3035 ε
2778 3004 2936 3058 neque
2964 3005 3144 3061 rugam
3176 2987 3392 3058 (Ephes.
3420 3005 3472 3054 v,
3503 2987 3595 3058 27)
3622 3006 3638 3055 ;
3668 2988 3722 3043 id

2134 3090 2237 3145 est,
2268 3094 2367 3133 nec
2416 3094 2508 3148 per
2539 3087 2815 3148 peccatum
2848 3078 3133 3134 habenti-tn
3179 3079 3466 3145 maculam,
3501 3094 3599 3145 nec
3630 3094 3727 3149 per

2135 3171 2500 3241 duplicitatem
2534 3186 2741 3241 rugam,
2771 3172 2889 3240 quia
2919 3179 2973 3225 et
2998 3186 3093 3240 per
3112 3171 3370 3242 justitiam
3394 3171 3588 3226 munda
3613 3180 3725 3238 est,

2135 3276 2187 3317 et
2230 3278 2323 3331 per
2365 3262 2661 3330 simplicem
2714 3262 3061 3317 intentionem
3093 3258 3123 3299 ¹ι
3156 3270 3327 3318 tensa.
3382 3263 3510 3331 Quae
3566 3262 3729 3331 igitur

438 3354 501 3408 de
543 3352 719 3418 bonis,
763 3364 817 3406 et
857 3353 1018 3407 multa
1069 3354 1137 3406 de
1186 3350 1458 3422 perversis
1507 3351 1756 3421 loquitur.
1791 3350 1944 3406 Unde
1973 3357 2028 3406 et
2055 3337 2101 3400 C
2139 3355 2318 3409 abluta
2348 3364 2432 3410 est
2465 3370 2532 3409 ne
2562 3354 2754 3409 habeat
2785 3354 3069 3420 maculam,
3101 3365 3253 3410 tensa
3291 3365 3373 3410 est
3417 3369 3483 3409 ne
3532 3353 3729 3408 habeat

438 3460 563 3499 mox
607 3445 672 3498 ad
718 3458 901 3498 eorum
954 3458 1237 3512 personam
1271 3443 1361 3513 qui
1393 3450 1674 3510 corruunt,
1709 3442 1873 3498 verba
1902 3457 2032 3495 con-

438 3538 629 3603 vertit;
672 3537 853 3605 sicque
905 3552 997 3590 sua
1031 3536 1296 3600 insinuat,
1334 3550 1353 3571 ι’
1401 3545 1458 3589 ut
1484 3534 1804 3590 cadentibus
1827 3536 2035 3606 possint

437 3646 730 3701 congruere
758 3646 874 3700 qua:
902 3639 1101 3683 narrat.
1131 3630 1261 3681 Nam
1287 3629 1526 3697 sequitur
1622 3614 1627 3617 5

565 3721 789 3778 C‘APUT
834 3719 1048 3775 XXVIII
1092 3718 1241 3793 [Iiec.
1284 3719 1445 3786 XXI,
1499 3718 1605 3774 Vel.
1649 3717 1900 3791 XXIII].

518 3816 682 3870 Vens.
731 3814 816 3868 17.
850 3843 920 3852 —
956 3813 1117 3865 Nocte
1146 3830 1199 3866 os
1229 3802 1719 3884 meumperforatur
1745 3813 2031 3879 doloribus,

442 3918 487 3961 et
514 3910 601 3977 qui
622 3923 701 3959 me
730 3908 997 3960 comedunt
1031 3924 1129 3958 non
1161 3907 1442 3958 dormiunt.

510 3998 600 4053 57.
645 3996 894 4052 Swuiente
934 3997 1305 4063 persecutione,
1352 4001 1509 4066 fortes
1539 4007 1585 4049 et
1613 4013 1699 4065 qut
1730 4014 1780 4050 tu
1823 4014 2036 4067 corpore

442 4088 685 4146 Ecclesia:
724 4098 839 4142 sunt
880 4090 1015 4141 velut
1049 4104 1165 4140 ossa
1196 4088 1458 4158 deﬁciunt.
1490 4119 1557 4129 —
1580 4090 1635 4142 Si
1666 4090 1764 4160 ipsi
1798 4092 2035 4145 historiae

443 4181 795 4243 intendimus,
833 4188 979 4248 patet
1019 4194 1201 4243 causa,
1232 4179 1483 4247 quoniam
1513 4182 1683 4235 sancti
1710 4180 1805 4236 viri
1837 4198 2036 4251 Corpus

444 4288 539 4343 per
571 4274 721 4326 sinus
748 4275 983 4325 ulcerum
1012 4272 1312 4326 scaturiens
1342 4274 1602 4327 termium
1645 4273 1931 4330 multitudo
1961 4278 2037 4331 la-

445 4366 681 4421 cerabat.
706 4365 761 4419 Si
788 4379 918 4418 vero
949 4363 1218 4433 allegoria:
1266 4366 1580 4436 mysterium
1615 4380 2036 4436 perscrutamur,

444 4464 571 4534 quid
602 4479 693 4532 per
716 4477 838 4517 ossa
872 4462 972 4516 nisi
1002 4460 1170 4516 fortes
1214 4465 1411 4533 quique
1452 4468 1504 4520 in
1551 4476 1750 4522 sanctzc
1780 4467 2039 4523 Ecclesiae

445 4571 671 4626 corpore
708 4554 1096 4627 designantur?
1139 4556 1303 4628 664
1352 4558 1452 4626 Qui
1513 4560 1664 4627 quasi
1715 4576 1814 4615 suo
1845 4563 2040 4617 robore

445 4649 689 4702 membra
716 4647 1012 4716 continent,
1049 4650 1171 4702 dunt
1204 4665 1387 4706 mores
1412 4651 1796 4708 inﬁrmantium
1826 4654 2063 4710 stabili-.

2137 3464 2343 3520 rugam,
2405 3449 2587 3517 utique
2616 3448 2784 3501 vestis
2832 3456 2933 3503 est.
2987 3448 3140 3503 Sicut
3189 3461 3317 3518 ergo
3355 3447 3726 3501 indumentum

2135 3540 2337 3595 Christi
2367 3551 2473 3592 tota
2506 3537 2831 3611 generaliter
2882 3538 3124 3593 Ecclesia
3182 3539 3396 3604 dicitur,
3452 3541 3530 3593 sic
3576 3538 3723 3592 indu-

2137 3641 2374 3686 mentum
2404 3640 2527 3685 sunt
2555 3630 2809 3685 Ecclesiae
2859 3630 3189 3700 singulorum
3230 3631 3445 3695 anima,
3488 3645 3610 3701 qua:
3655 3628 3719 3685 ab

2138 3740 2328 3779 errore
2358 3738 2633 3778 conversae
2668 3722 2911 3776 eamdem
2940 3721 3233 3776 Ecclesiam
3272 3720 3546 3777 credendo
3571 3722 3727 3790 eique

2140 3816 2374 3870 lideliter
2427 3816 2745 3869 inhwrendo
2776 3813 3129 3868 circumdant.
3184 3812 3261 3867 De
3310 3813 3503 3883 quibus
3548 3813 3727 3867 eidem

2138 3908 2393 3963 Ecclesia:
2448 3922 2538 3971 per
2588 3906 2903 3974 prophetam
2955 3903 3209 3958 Dominus
3236 3903 3362 3959 dicit
3402 3921 3415 3956 :
3458 3902 3582 3957 Vivo
3610 3919 3729 3976 ego,

2138 4002 2261 4071 quia
2286 3999 2519 4054 omnibus
2547 3998 2626 4051 his
2650 3997 2781 4052 velut
2821 4004 3118 4049 ornamento
3146 3996 3369 4050 vestieris
3396 3992 3557 4066 (Isai.
3580 4006 3730 4063 xmx,

2144 4090 2253 4162 18).
2284 4076 2391 4147 Sed
2436 4105 2558 4144 cum
2598 4088 2829 4157 procella
2858 4101 3017 4141 saeva:
3047 4088 3435 4156 persecutionis
3464 4086 3728 4154 oboritur,

2143 4187 2384 4256 plerique
2429 4184 2661 4238 fidelium
2690 4188 2757 4237 ab
2787 4182 2904 4252 ejus
2931 4199 3115 4240 amore
3145 4194 3481 4252 separantur,
3540 4184 3629 4251 qui
3678 4183 3733 4239 ei

2141 4280 2329 4335 sedulo
2359 4279 2623 4332 inhaerere
2653 4276 2989 4331 videbantur.
3014 4276 3165 4331 Dicat
3192 4292 3319 4347 ergo
3352 4295 3365 4329 :
3398 4277 3466 4330 In
3496 4278 3732 4331 multitu-

2143 4368 2260 4427 dine
2289 4360 2463 4426 eorum
2489 4371 2805 4425 consumitur
2833 4371 3182 4426 vestimentum
3214 4388 3401 4439 meum,
3438 4374 3559 4442 quia
3602 4375 3733 4428 dum

2144 4464 2299 4519 multi
2326 4477 2447 4519 sunt
2477 4467 2564 4531 qui
2592 4464 2852 4527 cruciant,
2912 4462 3256 4518 destruuntur
3296 4464 3510 4534 plurimi
3559 4465 3649 4536 qui
3681 4465 3731 4519 ei

2146 4558 2481 4611 connexione
2506 4558 2703 4609 amoris
2737 4556 3083 4610 inhaerebant.

2220 4652 2307 4706 L9.
2357 4649 2577 4720 Reprobi
2608 4651 2759 4703 vitam
2787 4650 2908 4717 ﬁdei
2936 4661 2981 4701 et
3023 4649 3402 4717 praedicationis
3436 4666 3627 4713 vocem,
3679 4652 3733 4703 in

446 4748 530 4796 ter
552 4748 783 4808 portant.
810 4738 914 4794 Sed
937 4756 1055 4793 cuin
1091 4740 1452 4796 tribulationis
1481 4743 1681 4798 ultimas
1706 4754 1891 4799 contra
1916 4763 2033 4802 eam
2065 4705 2116 4766 Β
2147 4742 2377 4798 Ecclesia
2407 4746 2725 4810 exstinguere
2762 4750 3030 4794 conantur.
3061 4769 3131 4778 —
3156 4740 3297 4794 Bene
3346 4750 3520 4795 autem
3550 4742 3731 4795 subdi-

445 4829 626 4887 fervor
656 4832 979 4895 excreverit,
1018 4832 1069 4885 in
1102 4842 1258 4888 nocte
1284 4848 1343 4886 os
1375 4834 1516 4889 illius
1560 4838 1858 4903 perforatur
1888 4840 2038 4894 dolo-

448 4923 619 4989 ribus,
652 4924 774 4993 quia
822 4939 1198 4995 uonnunquam
1248 4929 1527 4982 tormentis
1552 4929 1697 4997 victi,
1727 4931 1888 4985 etiam
1936 4934 2035 5003 ipsi

408 5018 510 5103 ‘ad
543 5015 817 5088 perfidiam
847 5015 1109 5084 deﬂuunt,
1140 5019 1229 5089 qui
1256 5020 1323 5074 ad
1352 5018 1511 5075 ﬁdem
1544 5022 1677 5077 alios
1722 5033 1905 5079 tenere
1954 5027 2034 5080 vi-

522 5148 547 5175 α
575 5136 755 5201 Becc.,
788 5136 928 5206 Utic:
954 5146 1009 5191 et
1037 5137 1200 5206 plur.,
1229 5138 1421 5191 timenti
1446 5138 1740 5193 Dominum.

520 5206 548 5246 δ
577 5209 667 5264 Sic
695 5206 868 5271 Prat.,
891 5204 1051 5261 Corb.
1078 5205 1284 5273 Germ.,
1310 5209 1542 5273 Gemet.,
1574 5210 1796 5274 'l‘uron.,
1822 5211 2034 5267 Val.Cl.

448 5291 503 5336 et
523 5281 706 5333 Germ.
739 5278 1021 5360 I‘ti__L.aud.,
1054 5278 1330 5349 afﬂigitur.
1377 5280 1495 5333 Vet.
1530 5280 1689 5345 Editi,
1741 5282 2035 5351 efﬁcimur,-

451 5363 674 5422 poster.,
706 5350 1008 5419 afﬂigimur.
1640 5368 1645 5373 ‘
1780 5350 1807 5351 η

451 5510 503 5544 η
525 5421 656 5544 ῑεέιῧ
687 5420 810 5474 Mss.
852 5430 905 5475 et
945 5421 1113 5489 antiq.
1145 5420 1357 5474 Excusi.
1390 5426 1456 5474 At
1480 5433 1684 5479 recent.
1718 5424 1935 5492 habent,
1970 5426 2038 5479 ad

449 5510 503 5547 86
525 5501 677 5545 redit.

522 5560 549 5599 ά
575 5562 842 5643 ῌρηηιιμὶ.
878 5562 1029 5615 multi
1051 5563 1397 5643 guipereun‘t,
1427 5566 1581 5643 pauci
1596 5575 1739 5631 sunt,
1768 5576 1873 5643 etc.

527 5643 549 5670 ε
583 5633 800 5698 Exeusi,
855 5643 909 5686 ut
958 5633 1302 5688 audientibus.
1349 5635 1508 5689 Corb.
1543 5635 1751 5701 Germ.,
1786 5635 2032 5703 Vindoc.,

452 5705 678 5783 Torum,
711 5704 919 5783 Germ._,
960 5705 1152 5770 Laud.,
1190 5704 1306 5783 Val.
1331 5703 1437 5768 CL,
1466 5704 1675 5783 North.”
1701 5717 1934 5760 nostram
1964 5708 2036 5783 le-

453 5774 682 5831 ctionein
696 5774 1084 5845 pratselerunt;
1101 5790 1256 5845 quam
1282 5775 1333 5828 in
1355 5792 1523 5845 marg.
1547 5776 1711 5829 (idet.
1738 5778 2031 5832 annotavit.

531 5846 659 5900 ‘lta
687 5843 918 5910 Anglic,
954 5843 1067 5898 Val.
1118 5844 1221 5907 CL,
1280 5843 1491 5898 I’ratell.
1550 5855 1602 5899 et
1655 5845 1743 5898 alii
1794 5846 2033 5913 plurimi;

454 5921 636 5984 sicque
663 5914 944 5983 legendum
976 5924 1207 5978 constat,
1260 5924 1367 5967 tum
1391 5930 1453 5969 ex
1484 5916 1601 5970 loco
1622 5914 1721 5971 Job
1751 5932 1837 5981 qui
1865 5918 2035 5982 expli-

2146 4846 2232 4890 tur
2265 4855 2274 4888 :
2312 4834 2378 4888 Et
2408 4836 2553 4906 quasi
2580 4834 2772 4901 capitio
2798 4833 2983 4885 tunicae
3011 4833 3368 4886 succinxerunt
3390 4849 3485 4885 me.
3517 4832 3734 4889 Tunica

2146 4929 2341 4999 quippe
2370 4929 2622 4996 capitium
2647 4925 2844 4979 collum
2876 4924 3170 4977 circumdat
3202 4924 3491 4981 induentis.
3523 4924 3733 4981 Collum

2149 5038 2273 5078 vero
2296 5025 2338 5074 si
2371 5020 2670 5091 stringitur,
2700 5019 2845 5073 vocis
2869 5033 2996 5075 usus
3027 5027 3082 5073 et
3104 5017 3278 5074 vitalis
3308 5018 3465 5075 ﬂatus
3486 5028 3731 5073 necatur.

2149 5149 2298 5194 catur
2337 5157 2345 5188 :
2384 5154 2438 5190 os
2462 5153 2627 5190 meum
2658 5135 2964 5205 perforatur,
2996 5142 3103 5205 tum
3132 5147 3194 5187 ex
3218 5130 3305 5205 his
3327 5132 3505 5205 verbis
3538 5149 3551 5185 :
3583 5134 3735 5205 quasi

2136 5213 2246 5279 jam
2275 5209 2535 5279 quoddam
2565 5202 2780 5259 habeant
2808 5205 3036 5279 foramen
3053 5203 3285 5279 timoris.
3317 5202 3518 5256 Alludit
3549 5202 3737 5279 videli-

2142 5273 2226 5335 cet
2254 5273 2468 5335 sanctus
2491 5279 2778 5347 tiregnrius
2800 5273 2866 5329 ad
2888 5274 3218 5347 superiorem
3242 5288 3429 5347 vocem
3451 5273 3735 5347 terebratur

2141 5367 2238 5408 seu
2271 5342 2694 5420 perl‘orattir.'jtt
2721 5347 2862 5402 Edit.
2912 5344 3145 5420 Barthol.
3180 5342 3337 5411 1494,
3367 5344 3539 5420 Paris.
3572 5345 3735 5420 140$,

2145 5416 2334 5486 (jiloi.,
2394 5420 2590 5481 Vatic.,
2644 5418 2932 5482 Gussauv.,
2988 5416 3212 5486 legimus
3267 5416 3614 5473 lenebrantur.
3676 5418 3737 5475 In

2144 5485 2328 5548 Paris.
2347 5491 2485 5546 1518
2512 5497 2565 5541 et
2593 5487 2746 5543 Basil.
2786 5489 2942 5550 15H,
2968 5485 3217 5540 crassiori
3240 5500 3444 5553 errore,
3469 5488 3736 5543 terreban-

2147 5577 2249 5619 tur.
2280 5564 2461 5618 Germ.
2494 5572 2547 5615 et
2575 5561 2737 5615 Corh.
2772 5558 2954 5614 Germ.
2984 5556 3182 5612 habent
3204 5558 3552 5615 tsnebrantur.

2220 5644 2245 5681 ε
2280 5634 2389 5696 ΑΙ.,
2420 5641 2508 5684 aut
2539 5648 2742 5703 ruga-tn.

2218 5703 2243 5740 δ
2275 5705 2364 5758 Sic
2393 5698 2719 5773 legitur'nou
2750 5703 2921 5759 solum
2953 5703 3005 5756 in
3032 5701 3188 5766 MSS.,
3216 5699 3311 5755 sed
3341 5701 3583 5773 etiamin
3610 5698 3732 5759 νει.

2148 5775 2311 5837 Edit.,
2338 5770 2798 5828 aliis'habentibus
2830 5782 2986 5835 tersa,
3017 5786 3114 5826 nec
3138 5784 3303 5839 reste,
3335 5781 3392 5827 ut
3415 5787 3481 5829 ex
3511 5770 3594 5830 bis
3618 5786 3736 5828 ver-

2148 5846 2231 5901 bis
2281 5855 2424 5916 patet
2449 5864 2460 5896 :
2495 5862 2606 5914 quae
2634 5846 2791 5914 igitur
2819 5842 2997 5916 abluta
3022 5851 3121 5908 est,
3153 5859 3212 5903 ne
3241 5842 3425 5916 habent
3453 5846 3732 5916 maculant,

2148 5915 2293 5973 tensa
2305 5925 2377 5972 est
2400 5932 2460 5971 ne
2485 5917 2668 5971 habeat
2682 5931 2883 5984 rugam.
2900 5915 2985 5966 ubi
2997 5917 3053 5969 τὸ
3067 5922 3200 5969 tersa
3229 5915 3448 5975 minimo
3465 5915 3733 5986 congruit.
