4104 6350
356 404 458 457 175

1202 402 1563 471 MORALIUM
1600 414 1729 471 LIB.
1772 414 1891 470 XX.
1934 444 2002 455 ——
2040 414 2269 471 CAPUT
2308 413 2455 470 XXX
2501 416 2560 470 Β.
2603 418 2741 472 JOB.

3514 418 3613 473 ΓΗ

350 521 607 578 Sanctam
638 538 769 597 ergo
797 525 1089 581 Ecclesiam
1118 529 1331 598 reprobi
1363 531 1511 599 quasi
1548 530 1743 601 capitio
1795 530 1937 586 tnui.
1962 536 2016 596 Α
2043 528 2222 586 diendi
2247 542 2399 585 mora
2422 546 2550 586 mox
2577 531 2845 595 subditur,
2874 547 2994 586 cum
3025 532 3133 587 illic
3158 534 3403 601 protinus
3429 532 3617 588 subin-

350 626 428 667 cae
456 613 851 684 constringunt,
882 616 1006 686 quia
1040 614 1092 672 in
1119 630 1182 673 ea
1231 620 1692 689 persecutionibus
1717 621 1828 677 suis
1855 621 1934 677 vi.

350 713 456 759 tam
487 702 636 771 iidei,
662 713 718 761 et
742 706 1134 777 praedicationis
1163 719 1349 767 vocem
1372 714 1710 785 exstinguere
1730 730 1933 771 conano

350 800 456 849 tur.
485 792 602 849 Hoc
634 796 833 867 quippe
860 800 1045 855 conari
1073 811 1440 869 persecutores
1466 804 1584 874 ejus
1630 806 1934 875 specialiter

344 888 562 965 solent,
601 897 662 944 ut
703 889 772 946 ab
801 904 865 947 ea
889 900 1012 948 ante
1055 895 1233 949 omnia
1262 896 1489 951 verbum
1534 899 1933 967 prtedicationis

344 981 558 1038 tollant.
595 980 747 1039 Unde
779 992 835 1038 et
858 984 913 1039 bl
942 986 1032 1056 qui
1058 995 1260 1042 sancta;
1288 987 1409 1043 fidei
1436 990 1744 1059 primordiis
1770 992 1933 1047 resis-

342 1072 548 1139 tebant,
577 1074 735 1130 casis
757 1076 1030 1147 Apostolis
1058 1078 1463 1146 denuntiabant,
1490 1080 1732 1138 dicentes
1755 1081 1934 1138 :Prte-

340 1166 581 1236 sipiendo
612 1170 949 1241 prtecepinlus
978 1170 1117 1225 vobis
1142 1186 1207 1225 ne
1228 1173 1474 1227 ducet-etis
1510 1173 1564 1227 in
1586 1174 1792 1228 nomine
1813 1175 1929 1240 isto,

341 1270 388 1315 ct
415 1260 582 1334 665
597 1278 713 1319 ecce
737 1264 968 1336 replestis
987 1262 1276 1322 Jerusalem
1298 1267 1532 1322 doctrina
1550 1279 1715 1323 oestro
1734 1269 1930 1340 (AcM,

338 1359 457 1429 :3).
486 1360 703 1429 Corpus
722 1376 852 1433 ergo
872 1371 1070 1418 sanctae
1098 1363 1354 1441 Ecclesia:
1381 1365 1533 1436 quasi
1558 1366 1755 1435 capitio
1792 1368 1934 1422 tuni-

260 1462 263 1471 ‘
338 1462 414 1507 ea:
452 1450 758 1519 cinxerant,
807 1454 898 1523 qui
946 1456 1250 1510 constrictis
1296 1456 1759 1525 praedicatoribus,
1790 1459 1935 1514 velut

337 1542 454 1614 ejus
481 1546 686 1601 collum
718 1557 1047 1619 prementes,
1098 1551 1151 1605 in
1180 1564 1243 1606 ea
1270 1550 1519 1609 claudere
1541 1554 1646 1609 iter
1668 1552 1817 1608 vocis
1841 1566 1931 1608 vo-

338 1638 541 1695 lebant.
573 1639 686 1696 Sed
713 1641 871 1697 electi
901 1643 1098 1714 quique
1131 1646 1521 1715 persecutionis
1546 1659 1658 1702 suae
1691 1654 1933 1716 tempore

339 1731 644 1801 paratiores
670 1740 800 1788 sunt
824 1731 961 1788 mori
982 1748 1143 1805 quam
1172 1746 1371 1793 tacere.
1404 1738 1503 1803 Qui
1532 1736 1659 1792 dum
1684 1738 1737 1791 in
1761 1744 1934 1791 morte

341 1825 693 1893 corporaliter
721 1837 1004 1895 corruunt,
1032 1842 1063 1882 a
1084 1829 1259 1884 stultis
1282 1829 1584 1900 quibusque
1624 1839 1679 1885 et
1700 1829 1933 1885 carnali-

2037 622 2244 677 fertur:
2276 621 2343 676 Et
2372 638 2475 677 non
2497 624 2566 677 ad
2583 624 2937 725 insipientiamI
2952 626 3080 679 mihi
3100 624 3317 697 (Ibid).
3358 626 3442 681 Ad
3472 626 3615 682 tnui-

2036 716 2383 787 tiplicandam
2441 718 2636 788 quippe
2684 716 2996 774 sanctorum
3045 720 3362 789 sapientiam
3408 719 3619 787 proiicit

2034 810 2176 881 quod
2230 812 2497 882 postulata
2546 810 2701 866 tarde
2746 812 3087 881 percipiunt,
3142 820 3203 866 ut
3246 826 3317 866 ex
3362 811 3621 868 dilatione
3704 853 3708 857 «

2033 913 2245 958 crescat
2263 903 2612 969 desiderium,
2633 916 2699 958 ex
2722 902 2992 959 desiderio
3013 902 3317 959 intellectus
3335 912 3617 973 augeatur.
3702 958 3713 973 ._

2035 993 2344 1049 Intellectus
2384 1007 2513 1049 vero
2558 1006 2680 1049 cum
2726 994 3045 1059 intenditur,
3091 992 3214 1063 ejus
3251 993 3305 1049 in
3334 993 3503 1049 Deum
3532 1008 3621 1050 ar-

2034 1085 2251 1141 dentior
2279 1086 2502 1142 allectus
2544 1087 2801 1156 aperitur.
2832 1086 3068 1145 Allectus
3094 1094 3276 1142 autem
3305 1066 3371 1143 ad
3404 1090 3633 1157 prome-'
3706 1134 3716 1147 .

2034 1181 2201 1235 rentia
2223 1178 2463 1236 crelesda
2492 1189 2643 1236 tanto
2681 1182 2741 1235 lit
2778 1195 2979 1251 capax,,
3012 1192 3211 1250 quanto
3239 1182 3400 1238 fuerit
3423 1197 3618 1256 exspe-

2037 1272 2237 1326 ctando
2273 1272 2614 1342 longanimis.
2647 1271 2759 1328 Sed
2789 1283 2966 1327 tamen
3002 1272 3141 1327 inter
3167 1258 3283 1328 hac
3308 1285 3619 1330 sanctorum
3706 1298 3713 1309 κ

2037 1360 2352 1432 patientiam
2388 1362 2544 1417 dolor
2567 1374 2722 1434 urget
2747 1364 2812 1416 ad
2842 1360 3051 1428 vbcem,
3082 1372 3137 1417 et
3162 1376 3286 1419 eum
3312 1362 3464 1418 dilati
3496 1380 3623 1434 pro-

2036 1450 2253 1515 ﬁciunt,
2311 1461 2554 1507 metuunt
2598 1466 2665 1506 ne
2711 1451 3087 1507 deﬁcientibus
3128 1451 3333 1509 viribus
3378 1453 3622 1523 dumosi
3704 1498 3709 1525 ,

2035 1543 2410 1613 reprobontur.
2444 1543 2697 1612 Sequitur
2720 1560 2737 1597 :

2362 1634 2594 1690 carur
2646 1634 2840 1690 χχχιι
2878 1636 3029 1708 (nec.
3070 1634 3325 1710 xxm].

2112 1728 2276 1784 VIus.
2316 1730 2408 1782 2|.
2438 1760 2508 1768 —
2536 1729 2772 1783 Mutatus
2800 1746 2853 1783 es
2880 1731 3010 1783 mihi
3050 1730 3107 1783 in
3149 1731 3435 1797 crudelem,
3480 1738 3530 1786 α
3566 1732 3625 1788 ἐκ
3672 1776 3675 1781 .

2036 1822 2230 1875 duritia
2253 1836 2436 1875 manus
2459 1833 2563 1876 tute
2584 1822 2873 1875 aduersaris
2900 1822 3042 1878 mihi.

345 1917 449 1971 bus
490 1916 723 1988 despecti
766 1934 829 1975 ac
860 1921 991 1976 viles
1019 1922 1375 1989 msrimantur,
1422 1926 1546 1993 quia
1596 1939 1716 1979 cum
1746 1924 1934 1979 videre

2108 1911 2198 1968 6%.
2242 1911 2318 1966 De
2354 1911 2464 1965 Deo
2492 1911 2622 1966 nihil
2651 1914 2862 1983 dignum
2884 1913 3054 1967 dicere
3079 1924 3173 1969 aatt
3201 1917 3425 1987 cogitare
3444 1934 3625 1987 passus

353 2007 561 2077 reprobi
583 2021 855 2080 nequeunt
880 2026 999 2081 qum
1023 2012 1174 2069 electi
1194 2013 1332 2068 bona
1354 2013 1671 2083 spiritaliter
1693 2022 1931 2080 teneant,

351 2113 476 2167 quos
503 2101 789 2155 carnaliter
818 2101 1081 2173 exstingui
1107 2104 1467 2174 conspiciunt,
1496 2104 1738 2161 infelices
1786 2105 1933 2161 arbi-

345 2196 571 2246 trantur.
597 2186 753 2248 Unde
789 2201 843 2250 et
868 2193 1156 2249 subditur:

906 2284 1137 2342 CAPUT
1196 2284 1364 2342 XXX.

420 2373 587 2430 Vsus.
622 2374 709 2432 l9.
740 2407 812 2417 —-
836 2375 1178 2448 Comparatus
1205 2395 1321 2433 sum
1362 2383 1489 2448 luto,
1531 2389 1581 2437 cl
1618 2380 1937 2438 assimilatas

338 2480 454 2523 sum
480 2467 675 2537 fauilla
701 2479 747 2523 et
768 2470 948 2527 cineri.

414 2560 504 2615 60.
535 2559 690 2615 Hanc
717 2570 962 2633 tanquam
1004 2562 1189 2631 lutum,
1234 2564 1469 2635 favillam
1496 2574 1543 2620 et
1567 2566 1787 2620 cinerem
1813 2581 1935 2620 con-

340 2652 583 2737 culcanl.‘
614 2682 683 2694 -—
725 2654 781 2709 ln
836 2655 1192 2725 reproborum
1239 2657 1439 2728 quippe
1476 2658 1695 2728 judicio,
1754 2668 1936 2712 sancta

341 2744 637 2799 electorum
685 2745 928 2800 Ecclesia
958 2747 1072 2800 luto
1107 2755 1477 2816 comparatur,
1511 2748 1635 2814 quia
1666 2756 1936 2817 tempora-

343 2836 467 2892 liter
517 2838 827 2893 conculcata
875 2839 1187 2908 despicitur.
1243 2839 1460 2894 Favillte
1507 2840 1841 2895 assimilatur
1885 2849 1939 2894 et

345 2928 543 2995 cineri,
573 2929 697 2999 quia
722 2930 851 2983 dum
885 2929 1025 2984 bona
1054 2931 1175 3000 ejus
1205 2932 1460 2986 interiora
1494 2947 1605 2987 non
1634 2932 1839 2995 vident,
1871 2932 1938 2987 ad

347 3020 464 3074 sola
505 3019 642 3075 hanc
671 3022 811 3075 mala
843 3023 1151 3090 pervenisse
1195 3023 1485 3089 aestimant,
1518 3039 1639 3094 quae
1668 3025 1721 3078 in
1751 3038 1813 3078 ea
1844 3038 1941 3078 ex-

351 3113 525 3169 hiberi
572 3115 926 3186 corporaliter
977 3115 1180 3170 vident.
1212 3124 1241 3154 ει
1274 3115 1473 3172 Fidelis
1519 3127 1696 3172 autem
1744 3118 1941 3173 electo-

348 3221 468 3260 rum
503 3207 755 3277 populus,
803 3221 927 3262 cum
980 3209 1181 3263 multos
1226 3224 1292 3262 ex
1334 3225 1395 3263 se
1430 3210 1627 3265 cadere
1655 3208 1935 3279 conspicit,

350 3308 523 3370 optat,
560 3300 609 3355 si
641 3299 887 3357 obtinere
934 3304 1134 3369 valeat,
1179 3304 1516 3358 adversitatis
1549 3320 1661 3359 suae
1698 3315 1939 3375 tempora
1969 3325 2014 3388 ρ

350 3393 570 3449 mutari.
596 3393 764 3464 Hujus
796 3395 918 3464 quia
944 3398 1122 3452 oratio
1144 3395 1408 3464 differtur,
1433 3399 1666 3468 gemitus
1693 3408 1942 3470 augetur,

350 3486 506 3544 Unde
534 3487 709 3544 adhuc
735 3488 980 3543 subditur
1004 3507 1015 3541 :

711 3578 938 3635 CAPUT
961 3578 1153 3635 χχιι.
1177 3580 1322 3655 [νει.
1348 3578 1587 3652 XXIV].

425 3671 589 3728 Vaas.
612 3673 705 3728 2t).
730 3700 800 3714 -—
828 3672 857 3712 ιν
881 3674 1124 3729 Clamabo
1150 3677 1220 3728 ad
1246 3685 1317 3743 te,
1346 3685 1393 3729 et
1420 3690 1524 3729 non
1541 3673 1821 3740 esasdies;
1840 3680 1942 3743 sto,

347 3774 397 3818 et
427 3781 528 3817 non
556 3764 769 3835 respicis
798 3781 895 3819 me.

422 3852 482 3904 61
500 3892 513 3905 .
557 3850 801 3906 Ecclesia:
826 3853 1035 3906 liberari
1055 3855 1364 3923 postulantis
1385 3857 1553 3907 oratio
1575 3867 1677 3908 non
1701 3857 1944 3908 continuo

350 3945 650 3998 exauditur.
699 3944 817 4009 Qua
861 3945 1083 3999 ratione.
1115 3973 1179 3984 —
1214 3944 1412 4000 Sancta
1460 3945 1658 4014 quippe
1706 3945 1941 4000 Ecclesia

350 4038 746 4110 persecutionis
775 4054 889 4094 sua:
921 4048 1167 4109 tempore
1199 4040 1305 4094 [ide
1336 4047 1464 4103 stat,
1512 4038 1797 4095 desideriis
1832 4038 1946 4093 cla-

354 4142 484 4186 mat.
519 4131 628 4187 Sed
659 4130 807 4186 dolet
828 4146 887 4185 se
916 4133 1066 4201 quasi
1122 4146 1227 4186 non
1270 4133 1483 4201 respici,
1516 4131 1643 4185 dum
1677 4146 1772 4186 sua
1802 4129 1947 4185 videt

350 4223 408 4281 in
440 4223 871 4278 tribulationibus
901 4236 1023 4277 vota
1055 4222 1279 4278 differri.
1309 4224 1434 4278 Alto
1462 4238 1692 4291 namque
1716 4221 1944 4277 consilio

351 4315 697 4381 omnipotens
744 4313 908 4379 Deus,
937 4327 1062 4367 cum
1114 4315 1286 4368 sancti
1339 4314 1458 4383 ejus
1510 4313 1942 4369 adversariorum

352 4404 818 4473 persecutionibus
864 4405 1314 4473 comprimuntur,
1366 4419 1602 4476 eumque
1628 4406 1862 4461 assiduis
1890 4416 1946 4460 ut

352 4496 649 4551 liberentur
692 4495 1226 4565 interpellationibus
1276 4497 1531 4567 clamant,
1563 4498 1780 4554 differre
1808 4499 1947 4554 solet

350 4602 512 4642 voces
563 4589 895 4655 petentium,
950 4597 1007 4641 ut
1058 4588 1247 4642 merita
1298 4592 1610 4657 patientium
1657 4602 1940 4657 crescant,

2041 2020 2174 2060 mata.
2207 2028 2277 2047 ι-
2298 2005 2478 2073 Longe
2505 2006 2573 2061 ab
2600 2007 2700 2060 hac
2727 2008 2993 2062 sententia
3023 2015 3178 2063 vetus
3209 2010 3487 2067 translatio
3510 2012 3625 2069 dis-

2039 2107 2217 2163 sonat,
2259 2102 2384 2166 quia
2415 2097 2557 2165 quod
2598 2096 2654 2152 in
2699 2098 2800 2153 bac
2826 2098 2896 2153 de
2922 2097 3035 2153 Deo
3077 2098 3294 2166 dicitur.
3328 2101 3429 2157 hoc
3452 2102 3508 2159 in
3531 2102 3624 2160 illa

2038 2187 2109 2243 de
2149 2187 2476 2244 adversariis
2526 2202 2591 2244 ac
2641 2188 3077 2258 persecutoribus
3127 2201 3478 2249 memoratur.
3515 2178 3628 2251 Sed

2042 2295 2219 2337 tamen
2266 2282 2391 2352 quia
2442 2282 2558 2337 base
2600 2296 2740 2337 nova
2786 2283 3066 2338 translatio
3102 2298 3170 2339 ex
3216 2284 3444 2342 Hebraeo
3471 2288 3627 2344 nobis

2046 2386 2068 2414 ε
2091 2376 2427 2445 Arabicoque
2455 2377 2671 2444 eloquio
2690 2384 2884 2431 cuncta
2912 2377 3094 2432 verius
3120 2378 3473 2435 transfudisse
3505 2395 3625 2449 por-

2043 2468 2273 2535 bibetur,
2327 2469 2655 2525 credendum
2684 2478 2771 2526 est
2806 2469 3062 2541 quidquid
3108 2472 3162 2524 in
3208 2486 3271 2525 ea
3319 2472 3535 2538 dicitur,
3575 2483 3628 2529 et

2040 2569 2257 2631 oportet
2303 2570 2361 2616 ut
2410 2563 2570 2616 verba
2621 2562 2761 2616 illius
2818 2574 3001 2618 nostra
3052 2562 3320 2630 expositio
3361 2562 3627 2620 subtiliter

2041 2655 2286 2707 rimetur.
2310 2653 2397 2707 Ait
2428 2667 2559 2722 ergo
2583 2668 2595 2704 :
2624 2651 2860 2707 Mutatus
2886 2670 2940 2708 es
2967 2654 3096 2707 mihi
3120 2654 3177 2707 in
3205 2654 3481 2719 crudelem,
3507 2666 3553 2708 et
3570 2658 3629 2710 in

2041 2748 2235 2800 duritia
2264 2762 2449 2800 manus
2471 2756 2576 2800 tua
2594 2747 2882 2800 adversaria
2903 2746 3053 2800 mihi.
3074 2747 3241 2818 686
3266 2746 3327 2800 in
3352 2746 3630 2817 Scriptum

2043 2850 2227 2895 sancta
2255 2855 2378 2895 cum
2410 2841 2478 2893 de
2508 2839 2617 2894 Deo
2646 2839 2849 2908 aliquid
2880 2840 3155 2909 indignum
3185 2840 3408 2906 dicitur,
3442 2856 3627 2898 move-

2045 2944 2131 2988 tur
2173 2936 2398 3001 legentis
2426 2934 2661 2998 animus,
2688 2934 2836 2987 velut
2862 2934 2908 2986 si
2934 2933 3223 3001 aliquando
3250 2934 3320 2987 de
3340 2935 3458 2989 Deo
3476 2931 3507 2974 ⁸
3529 2937 3630 2991 ali-

2042 3026 2173 3097 quid
2218 3026 2437 3096 dignum
2465 3025 2696 3082 dicatur.
2745 3025 2887 3079 Pone
2929 3040 3090 3080 omne
3136 3026 3337 3095 quippe
3378 3026 3523 3093 quod
3560 3027 3631 3085 de

2044 3115 2155 3170 Deo
2187 3117 2401 3180 dicitur,
2441 3130 2508 3171 eo
2544 3115 2662 3182 ipso
2701 3113 2813 3185 jam
2846 3114 3123 3184 indignum
3168 3125 3250 3171 est
3274 3157 3287 3176 .
3324 3132 3429 3186 quo
3458 3119 3631 3187 potuit

2044 3208 2169 3264 dici.
2195 3208 2328 3263 Nam
2358 3208 2513 3278 cujus
2555 3207 2695 3261 laudi
2736 3222 2842 3263 non
2871 3207 3071 3263 sufﬁcit
3092 3208 3480 3279 obstupescens
3499 3225 3631 3267 con-

2045 3301 2302 3368 scientia,
2356 3298 2572 3369 quando
2617 3298 2853 3361 sufficiet
2898 3299 3125 3368 loquens
3150 3299 3363 3369 lingua?
3400 3301 3633 3359 Sanctus

2049 3402 2225 3447 autem
2257 3393 2488 3462 Spiritus
2518 3391 2623 3447 hoc
2648 3391 2823 3459 ipsum
2867 3390 3175 3447 hominibus
3211 3391 3633 3463 intelligentibus

2048 3485 2348 3549 insinuans,
2393 3497 2553 3550 quam
2585 3482 2694 3536 sint
2719 3480 3011 3539 ineffabilia
3048 3496 3259 3537 summa
3289 3490 3313 3518 ο
3345 3491 3400 3538 et
3426 3482 3634 3550 divina,

2049 3579 2135 3631 bis
2176 3577 2337 3631 etiam
2382 3574 2563 3629 verbis
2610 3587 2990 3640 nonnunquam
3030 3574 3102 3628 de
3150 3573 3264 3631 Deo
3308 3576 3477 3631 utitur
3512 3590 3635 3645 qua)

2047 3671 2188 3739 apud
2244 3667 2798 3724 bomines‘babentur
2849 3667 2904 3721 in
2957 3667 3108 3733 vitio,
3165 3676 3227 3721 ut
3269 3682 3337 3723 ex
3383 3669 3468 3727 bis
3512 3682 3634 3737 qua

2048 3761 2266 3831 indigna
2296 3759 2548 3813 videntur
2578 3758 2909 3823 hominibus,
2958 3769 3013 3813 et
3058 3768 3237 3817 tamen
3278 3760 3528 3817 dicuntur
3566 3760 3634 3816 de

2050 3857 2182 3921 Deo,
2223 3853 2612 3908 admoneamur
2639 3852 2778 3906 scire
2808 3850 3053 3906 homines
3090 3850 3231 3921 quod
3258 3865 3361 3907 nec
3398 3853 3489 3908 illa
3522 3853 3634 3923 jam

2051 3949 2162 4003 Deo
2190 3947 2349 4017 digna
2384 3945 2494 4000 sint
2518 3959 2662 4014 quae,
2702 3945 2829 4000 dum
2864 3945 3023 4014 digna
3071 3944 3335 4021 habentur
3365 3947 3508 4016 apud
3536 3949 3634 4003 bo-

2050 4044 2255 4110 rnines,
2276 4040 2433 4109 digna
2467 4047 2718 4108 putantur
2745 4038 2872 4092 Deo.

2121 4135 2331 4204 63.0w
2348 4150 2499 4189 sensu
2516 4134 2716 4187 dicatur
2732 4133 2911 4195 zelari,
2927 4133 3096 4194 irasci,
3112 4132 3372 4200 prendere,
3386 4134 3632 4196 misereri,

2050 4229 2308 4296 praescire.
2329 4225 2438 4281 Deo
2459 4224 2589 4280 nihil
2614 4223 2930 4295 prateritum
2946 4233 3020 4276 est
3036 4232 3124 4276 aut
3144 4222 3392 4293 futurum.
3416 4224 3518 4279 Res
3535 4241 3635 4279 non
3742 4262 3745 4263 ν

2048 4320 2164 4371 ideo
2210 4319 2446 4371 videnlur
2486 4333 2519 4369 a
2558 4309 2666 4369 Deo
2708 4305 2833 4383 quia
2874 4322 3017 4379 sunt,
3063 4314 3151 4368 sed
3198 4314 3315 4369 ideo
3359 4326 3478 4369 sunt
3517 4318 3636 4385 quia

2046 4412 2307 4465 uidentur.
2332 4438 2404 4455 --
2428 4406 2635 4463 Dicitur
2653 4406 2796 4463 enim
2822 4406 2965 4461 Deus
2988 4404 3189 4466 zelans.
3217 4408 3357 4461 sicut
3376 4407 3635 4477 scriptum

2047 4516 2169 4558 est:
2202 4502 2458 4557 Dolninus
2498 4503 2684 4557 zelotes
2725 4516 2911 4554 nomen
2935 4503 3049 4567 eius
3072 4497 3272 4570 (Exod.
3304 4514 3491 4564 utut.
3527 4501 3635 4569 14).

2050 4594 2255 4648 Dicitur
2278 4595 2469 4658 iratus,
2499 4591 2643 4647 unde
2674 4591 2934 4659 scriptum
2957 4600 3071 4645 est:
3097 4588 3275 4645 Iratus
3295 4600 3368 4647 est
3390 4592 3635 4645 Dominus

351 4686 616 4749 quatenus
662 4695 728 4735 eo
774 4680 943 4750 magis
998 4681 1359 4735 exaudiantur
1406 4684 1473 4737 ad
1526 4686 1795 4749 meritum,
1837 4702 1942 4755 quo
1974 4696 2231 4776 Dcontrs
2276 4682 2444 4737 Israel
2490 4681 2681 4755 (Nam.
2712 4697 2878 4747 xxxu,
2912 4680 3023 4750 15).
3067 4681 3267 4738 Dicitur
3296 4683 3438 4740 Deus
3468 4686 3636 4751 paeni-

356 4773 520 4827 citius
568 4786 674 4827 non
717 4774 1074 4827 exaudiuntur
1104 4773 1172 4827 ad
1201 4784 1407 4828 votum.
1441 4774 1592 4830 Unde
1618 4776 1750 4829 alias
1774 4780 1941 4846 scrip.

349 4875 462 4920 tum
484 4872 568 4920 est
593 4884 605 4917 :
638 4864 778 4919 Deus
802 4882 964 4932 meus,
996 4865 1229 4920 clamabo
1250 4882 1340 4933 per
1364 4866 1522 4933 diem,
1559 4883 1649 4921 nec
1677 4870 1937 4936 exaudies,

351 4970 398 5011 et
427 4966 578 5012 nocte
616 4954 791 5026 (Psal.
821 4972 933 5025 ιιι,
978 4955 1059 5029 5).
1099 4961 1273 5027 Atque
1300 4958 1415 5028 ipsa
1448 4956 1652 5013 utilitas
1681 4958 1750 5015 de
1776 4974 1939 5013 exau-

425 5148 450 5175 ι
478 5138 551 5192 Ita
580 5137 775 5193 melius
799 5134 930 5191 Mss.
978 5148 1139 5205 quam
1186 5134 1352 5201 Editi,
1399 5137 1455 5189 in
1508 5133 1705 5205 quibus
1745 5134 1942 5205 legitur

348 5210 522 5277 ﬁdelis
548 5218 737 5263 tamen.

423 5276 449 5317 ι)
475 5280 696 5335 uacent.
747 5278 851 5334 Ed.
897 5276 1133 5332 clamo...
1177 5287 1223 5332 et
1259 5292 1362 5332 non
1391 5275 1627 5330 exaudis.
1658 5276 1947 5345 Sequimur

347 5352 478 5406 Mss.
512 5348 717 5415 Germ,
750 5346 982 5408 Beilov.,
1035 5346 1226 5402 Laud..
1260 5346 1380 5402 Val.
1420 5345 1531 5413 CL,
1561 5347 1743 5404 Norm.
1777 5346 1940 5402 Corb.

347 5422 535 5477 Germ.
562 5436 625 5476 ac
652 5420 794 5475 Edit.
828 5418 1251 5483 antiquissimus.

428 5502 450 5530 ο
486 5490 622 5546 Hinc
666 5492 835 5559 liquet
878 5490 945 5545 ad
986 5499 1223 5544 tuentem
1253 5490 1425 5543 sancti
1454 5486 1701 5560 Gregorii
1748 5490 1940 5560 librum

344 5560 451 5618 Job
480 5562 621 5633 inter
640 5562 843 5617 Arabes
860 5561 1242 5633 commorantis
1278 5563 1425 5633 prius
1447 5561 1658 5615 arabice
1685 5559 1941 5633 scriptum

349 5631 835 5693 fuisse.’(3;eterum
866 5631 1051 5689 Jobin
1083 5631 1277 5684 Arabia
1307 5632 1504 5685 vixisse
1541 5640 1781 5698 constat;
1821 5631 1943 5687 hinc

347 5704 511 5759 vicini
553 5703 726 5758 Sabaei
774 5702 827 5756 in
879 5702 1000 5774 ejus
1040 5701 1259 5755 domum
1308 5703 1597 5774 irrueruut,
1652 5703 1751 5757 loli
1780 5718 1818 5767 ι,
1851 5704 1936 5758 lii.

346 5775 562 5846 Moyses
585 5783 763 5828 autem
794 5774 882 5827 diu
914 5773 1450 5846 commoratusapud
1479 5774 1937 5846 Mattiattitas,_qui

346 5842 616 5900 Arabibus
646 5852 1019 5909 accenseutur,
1050 5850 1216 5897 totam
1246 5842 1528 5897 historiam
1562 5844 1769 5900 didicit.
1806 5842 1942 5898 Vide

348 5916 512 5979 infra.
546 5917 584 5972 Ι.
609 5930 770 5981 xxxv,
802 5928 920 5982 cap.
949 5914 1077 5969 olim
1106 5914 1193 5979 15,
1228 5926 1370 5969 nunc
1395 5927 1541 5969 num.
1572 5915 1660 5971 45.

2055 4793 2200 4844 tens,
2229 4779 2369 4833 sicut
2390 4777 2647 4845 scriptum
2677 4784 2799 4832 est:
2826 4773 3045 4830 Patnitet
3062 4792 3145 4830 me
3175 4777 3352 4844 fecisse
3382 4777 3637 4831 hominem

2059 4868 2077 4907 ί
2110 4884 2265 4939 super
2297 4880 2488 4923 terram
2517 4865 2726 4939 (Cenes.
2753 4883 2827 4933 vr,
2853 4868 2931 4935 7).
2965 4867 3034 4923 Et
3055 4882 3237 4923 rursus
3264 4884 3280 4922 :
3317 4866 3531 4923 l’tenitel
3562 4883 3636 4921 me

2052 4961 2189 5031 quod
2215 4960 2568 5016 constituerint
2597 4959 2731 5015 διαί
2763 4969 2789 5006 ε
2818 4973 2988 5031 regem
3018 4961 3070 5014 in
3105 4958 3271 5015 Israel
3302 4960 3355 5030 (Ι
3389 4959 3519 5030 Reg.
3546 4973 3635 5027 xv,

2121 5134 2149 5173 ἀ
2181 5134 2535 5206 Restituimus
2560 5137 2699 5191 hunc
2719 5136 2894 5193 locum
2915 5151 2978 5191 ex
3003 5135 3129 5192 Mss.
3158 5134 3388 5206 Anglic.,
3420 5135 3631 5206 Norm.,

2051 5207 2246 5274 Laud.,
2298 5200 2525 5271 Bellov.,
2558 5215 2689 5277 etc.,
2718 5222 2837 5261 cum
2873 5208 3016 5276 prius
3044 5200 3328 5277 legeretur,
3364 5200 3414 5260 in
3446 5203 3633 5277 Gilot.,

2054 5276 2251 5349 Vatic.,
2281 5277 2571 5349 Gussanv.,
2595 5276 2793 5347 aliquid
2817 5275 3115 5349 indignum.
3136 5277 3208 5330 lta
3238 5290 3416 5329 tamen
3447 5275 3635 5349 legitur

2052 5351 2105 5403 in
2135 5348 2318 5405 Germ.
2342 5359 2397 5403 et
2422 5347 2583 5402 Corb.
2618 5349 2802 5402 Germ.
2830 5347 3135 5403 Lectionem
3170 5356 3408 5403 rioetram
3438 5347 3636 5400 confir-

2055 5429 2166 5475 mat
2199 5422 2402 5489 integer
2433 5429 2741 5483 contextus,
2777 5435 2840 5473 ex
2873 5434 2989 5489 quo
3010 5420 3433 5489 liquetmentetn
3464 5419 3633 5489 sancti

2056 5487 2445 5545 Doctoris'esse
2474 5491 2765 5549 ostendere
2802 5488 3057 5543 mortales
3086 5487 3216 5559 nihil
3245 5487 3315 5542 de
3344 5488 3457 5553 Deo
3484 5488 3631 5559 cogi-

2058 5573 2169 5617 tare
2194 5563 2273 5615 vel
2305 5562 2447 5629 loqui
2483 5575 2641 5629 posse
2668 5570 2810 5619 tatrta
2845 5559 3121 5629 majestate
3140 5557 3389 5629 dignum.

2132 5642 2156 5670 ⁸
2180 5627 2460 5685 Omittitur
2485 5627 2822 5697 coniunctiva
2848 5627 3103 5697 particula
3137 5628 3187 5682 in
3215 5632 3374 5697 plura,
3412 5630 3632 5755 legitur-

2132 5718 2177 5755 e.
2228 5719 2424 5755 summa
2468 5703 2661 5754 divina.
2711 5701 2916 5755 Germ..
2960 5713 3161 5751 summa
3192 5703 3345 5755 αόαηι
3374 5718 3457 5755 νον
3494 5721 3524 5755 a
3553 5703 3629 5755 di-

2053 5718 2177 5772 que,
2228 5719 2424 5755 summa
2468 5703 2661 5775 divina.
2711 5701 2924 5775 Germ,
2960 5713 3161 5751 summa
3192 5703 3345 5757 etiarn
3374 5701 3524 5761 verba
3553 5703 3629 5756 di-

2056 5776 2193 5837 vina,
2222 5771 2592 5839 nonnunquam
2619 5771 2683 5822 de
2714 5771 2820 5822 Duo
2852 5772 3031 5823 utitur.

2132 5843 2148 5880 ί
2198 5843 2356 5896 Deest
2383 5859 2532 5907 super
2561 5851 2751 5914 terram
2783 5843 2832 5893 in
2864 5840 3071 5895 Gemet.
3100 5850 3155 5896 et
3180 5843 3466 5914 plerisque.

2128 5924 2151 5961 s
2187 5913 2373 5977 Land.,
2406 5928 2572 5981 regem
2606 5909 2785 5965 Israel.
