4024 6352
394 544 399 551 Α
487 475 593 531 ns

1682 467 1924 527 SANCTI
1962 465 2291 524 GBEGOBII
2330 464 2542 522 MAGNI

3639 457 3741 516 176

491 594 617 662 ll)-
652 589 854 646 Dicitur
880 589 1209 654 misericors,
1242 586 1384 645 sicut
1414 590 1668 661 scriptum
1697 599 1818 646 est:
1845 590 2050 643 Miseri-
2079 590 2134 649 Α
2156 589 2398 642 videntur
2418 590 2538 656 quia
2557 593 2705 650 sunt,
2723 583 2819 639 sed
2845 582 2968 638 ideo
2991 586 3135 647 sunt,
3159 579 3279 651 quia
3303 578 3571 634 videntur.
3605 576 3743 635 Dum

488 702 596 739 cors
620 694 669 738 et
697 685 963 738 miserator
1002 682 1279 747 Dominus,
1313 694 1509 752 patiens
1536 694 1583 738 et
1609 685 1827 738 multum
1871 683 2064 737 miseri-

490 793 602 831 cors
634 774 1045 847 (Psal..Lxxxv,
1091 773 1201 844 15).
1247 775 1449 830 Dicitur
1498 775 1960 845 prmscius,.sicut
1996 775 2063 831 de

488 866 582 920 illo
613 870 688 920 ait
726 865 1009 933 Apostolus
1044 883 1075 919 ε.
1096 864 1247 929 Quos.
1276 868 1558 934 prwscivit,
1582 876 1649 921 -et
1689 867 2063 935 prwdestinaoit

486 959 770 1029 conformes
800 958 912 1026 ﬁeri
933 959 1167 1029 imaginis
1196 957 1326 1012 Filii
1344 961 1425 1012 sui
1450 959 1764 1031 (Romrvnt,
1796 958 1911 1029 29),
1932 960 2061 1013 dum

488 1065 585 1105 nec
606 1050 779 1116 zelus,
807 1065 906 1106 nec
928 1053 1030 1116 ira,
1055 1065 1152 1105 nec
1174 1052 1630 1120 pmnitentia,'nec
1656 1052 1869 1123 pr0prie
1898 1050 2061 1106 mise-

487 1143 735 1210 ricordia,
782 1158 885 1199 nec
928 1143 1261 1213 prascientia
1314 1158 1458 1199 esse,
1484 1145 1650 1212 possit
1678 1146 1731 1199 in
1762 1143 2083 1198 Deo.vll:ec'

487 1250 743 1305 namque
770 1235 969 1290 omnia
1006 1236 1071 1289 ab
1122 1236 1368 1291 humanis
1415 1238 1486 1293 in.
1517 1236 1665 1307 illum
1698 1236 2060 1306 qualitatibus

486 1334 652 1381 tracta
685 1326 829 1394 sunt,
877 1326 1002 1381 dum
1041 1327 1108 1381 ad
1150 1337 1346 1381 nostrae
1374 1328 1714 1383 inﬁrmitatis
1760 1328 1921 1384 verba
1966 1328 2060 1383 de-

483 1416 774 1483 scenditur,
805 1424 882 1482 ut,
913 1418 1066 1489 quasi
1089 1417 1408 1487 quibusdam
1435 1418 1588 1473 nobis
1609 1418 1859 1488 gradibus
1883 1418 2055 1486 lactis,

484 1518 534 1564 et
555 1510 706 1578 juxta
744 1524 843 1565 nos
880 1510 1099 1579 positis,
1152 1525 1248 1579 per
1288 1525 1350 1564 ea
1389 1524 1507 1579 quae
1536 1509 1688 1565 nobis
1719 1509 1892 1565 vicina
1930 1524 2083 1565 con-c

484 1603 737 1672 spicinius
782 1603 865 1658 ad.
894 1618 1121 1658 summa
1143 1602 1277 1674 ejus'
1302 1604 1594 1660 ascendere
1621 1603 1939 1675 quandoque
1967 1618 2078 1658 νει-ι

466 1696 709 1752 Ἰθεωιιι
759 1704 787 1735 ι
828 1695 1006 1752 Zelari
1060 1697 1200 1753 enim
1232 1698 1456 1753 :dicitur
1505 1699 1619 1768 qui=
1652 1713 1770 1753 cum
1822 1699 2058 1754 cruciatu

484 1789 682 1845 tuentis
724 1786 1021 1845 castitatem
1038 1789 1289 1845 custodit
1317 1790 1541 1846 uxoris.-
1562 1792 1720 1846 Irasci
1748 1791 1946 1847 dicitur
1970 1792 2059 1862 qui

462 1881 705 1937 vfervore'
737 1882 1125 1936 animicontra
1157 1882 1484 1950 puniendum
1504 1882 1695 1936 .vitium
1727 1882 2054 1938 accenditur.

2165 694 2292 750 ergo
2315 680 2383 733 ad
2409 680 2572 734 verba
2618 676 2997 751 mutabilitatis
3034 684 3230 730 nostra:
3274 673 3636 739 descenditur,
3673 687 3741 730 ex

2164 772 2244 827 eis
2267 770 2587 841 quibusdam
2614 771 2864 840 gradibus
2893 769 3050 824 factis
3078 766 3335 823 ascendat
3357 765 3447 837 qui
3471 774 3645 839 potest
3672 766 3743 823 ad

2163 848 2751 921 incommutabilitatem
2769 865 2883 931 Dei,
2904 874 2961 919 ut
2985 863 3163 918 videat
3182 862 3300 918 sine
3320 863 3445 931 zelo,
3459 862 3742 941 zelantem,

2165 960 2288 1014 sine
2311 960 2406 1014 ira.
2422 960 2779 1025 irascentem,
2796 956 3125 1013 sine.dolore
3151 964 3206 1010 et
3221 953 3543 1023 paenitentia
3575 953 3745 1024 pmui~

2165 1059 2409 1118 tentem“
2449 1044 2566 1106 sine
2590 1098 2593 1107 .
2616 1052 2815 1106 misero
2840 1108 2841 1111 η
2869 1048 3031 1103 corde
3062 1046 3484 1115 misericordem
3510 1084 3549 1119 ,η
3572 1040 3599 1082 δ
3625 1045 3746 1103 sine

2164 1142 2572 1211 prtevisionibus
2621 1142 3013 1210 praescientem.
3030 1164 3036 1207 ξ
3054 1138 3110 1192 In
3125 1161 3134 1168 -
3152 1138 3242 1193 illo
3281 1139 3434 1208 enim,
3461 1152 3587 1211 nec
3608 1151 3748 1207 pra:-

2165 1234 2343 1303 terita,
2368 1251 2469 1291 nec
2492 1234 2674 1288 futura
2706 1232 2931 1303 reperiri
2961 1238 3180 1302 queunt,
3214 1229 3310 1286 sed
3336 1238 3527 1285 cuncta
3568 1237 3747 1283 muta-

2162 1331 2289 1386 bilia
2323 1330 2727 1388 immutabiliter
2751 1329 2975 1397 durant,
2998 1336 3050 1382 et
3077 1342 3201 1398 qua:
3231 1336 3255 1365 ο
3286 1327 3340 1383 in
3369 1318 3748 1396 seipsissimul

2163 1422 2399 1478 existere
2440 1438 2546 1477 non
2578 1431 2821 1492 possunt,
2855 1421 2926 1476 illi
2955 1419 3114 1474 simul
3144 1417 3320 1474 omnia
3352 1420 3630 1481 assistunt,
3663 1417 3747 1471 ni-

2170 1514 2356 1584 hilque
2385 1514 2561 1583 inillo
2593 1514 3003 1585 praiterityquod
3047 1504 3256 1577 transit,
3276 1511 3409 1587 quia
3441 1511 3503 1587 inv
3526 1509 3745 1565 aeterni-

2163 1598 2277 1660 tate'
2320 1605 2437 1677 ejus
2479 1606 2641 1661 modo
2678 1604 2910 1675 quodam
2962 1602 3511 1679 iacomprebensibili,
3552 1608 3744 1657 cuncta

2161 1698 2436 1756 volumina
2476 1698 2797 1755 saeculorum
2842 1698 3172 1754 transeuntis
3198 1704 3436 1765 manent,
3478 1696 3745 1752 canentia

2161 1800 2324 1848 stant.

2150 1930 2169 1949 ,η
2234 1880 2380 1955 [Vet.
2408 1880 2616 1955 XXV.]
2660 1854 3206 1938 GLIDeuscrudelis
3254 1881 3470 1949 videtur,
3514 1882 3744 1953 quando,

458 1972 747 2032 -Pmniter'e
797 1975 1117 2030 dicitur‘cui
1164 1973 1217 2028 id
1268 1976 1410 2045 quod
1453 1974 1584 2051 fecit
1633 1975 1897 2045 displicet.
1938 1984 1991 2031 et
2028 1990 2061 2031 e
2091 1988 2140 2049 Β
2165 1975 2259 2028 etsi
2279 1978 2421 2045 jusle
2440 1975 2689 2046 feriendo,
2716 1991 2821 2045 non
2848 1976 3033 2046 parcit.
3055 1974 3279 2030 ——Sicut
3297 1976 3744 2051 ergoaccipimus

458 2066 662 2126 contra
689 2068 1165 2138 m‘utando‘aliquid
1187 2068 1333 2123 aliud
1365 2068 1513 2123 facit.
1538 2066 1843 2123 Misericors
1866 2068 2062 2122 dicitur

455 2164 461 2201 ε
482 2163 568 2231 qui
595 2164 793 2232 pietate
809 2160 892 2229 ,ad
920 2161 1242 2229 proximum
1266 2194 1267 2197 η
1292 2169 1650 2228 permovetur.
1697 2158 2061 2214 Misericordia

453 2262 657 2308 eautem
687 2268 717 2305 a
745 2252 943 2306 misero
968 2250 1129 2306 corde
1155 2257 1481 2316 vocataest,
1514 2265 1579 2305 eo
1604 2250 1745 2319 quod
1775 2251 2061 2319 unusquis-

454 2372 467 2380 ο
484 2344 891 2415 ιιιιθ·ἱηιιιθειιυι·
910 2344 1238 2413 quempiam
1270 2342 1548 2409 miserum,
1571 2353 1732 2413 atque
1757 2344 1809 2399 ei
1838 2358 2059 2413 compa-

453 2434 641 2502 !tiens,
679 2436 825 2491 dum
846 2435 1030 2491 dolore
1063 2435 1523 2504 animltangitur,
1545 2434 1662 2503 ipse
1684 2449 1777 2490 cor
1806 2435 2059 2491 miserum

481 2526 637 2596 iacit;
659 2539 716 2584 ut
737 2528 859 2585 eum
887 2544 917 2583 a
943 2529 1157 2583 miseria
1182 2528 1375 2583 liberet
1406 2529 1495 2583 cui
1524 2527 2062 2595 intendit.pPrtescire

450 2622 676 2677 ldicitur
741 2622 830 2691 qui
889 2628 1826 2689 unamquamque-rem.antequam
1882 2618 2063 2674 veniat

450 2734 469 2755 ι-
483 2700 661 2778 videt,
684 2712 738 2768 et
752 2732 767 2757 ε
784 2712 867 2777 id»,
884 2713 1026 2781 quod
1044 2715 1051 2761 ἶ
1078 2710 1312 2766 futurum
1328 2718 1434 2765 ~est
1469 2711 1775 2780 priusquam
1827 2725 2062 2779 praesens

446 2805 892 2875 -liatrpraavidet.
936 2807 1080 2860 Deus
1117 2805 1556 2876 ergo.quomodo
1596 2804 1778 2859 zelaus
1814 2813 1928 2869 est,
1970 2804 2060 2873 qui

445 2894 928 2957 ~in'custodicnda.
944 2900 1193 2955 castitate
1221 2907 1406 2953 nostra
1444 2898 1591 2954 nullo
1620 2898 1817 2953 mentis
1854 2896 2067 2953 crucia;

444 2990 1149 3071 :tuitangiturlQuomodo
1189 2992 1457 3058 irascitur,
1486 2991 1598 3060 .qui
1646 2992 1699 3045 in
1726 2982 2063 3045 ulciscendis

442 3084 623 3139 .‘vitiis
648 3085 1013 3141 nostris‘nulla
1042 3084 1442 3155 perturbatione
1468 3084 1631 3139 animi
1662 3086 2063 3139 commovetur?

441 3203 452 3211 -
480 3178 1185 3249 Quomodoest‘pmnitens,
1217 3178 1388 3249 qui'id
1415 3178 1558 3249 quod
1588 3180 1754 3235 semel
1786 3178 1974 3235 fecerit
2004 3194 2063 3234 se

441 3269 671 3325 --tecisse
712 3285 1046 3341 nequaquam
1091 3271 1273 3327 dolet?
1311 3270 1592 3338 Quomodo
1643 3271 2059 3326 habet‘miseri-

2161 2066 2281 2122 sine
2317 2069 2434 2122 zelo
2464 2068 2748 2135 zelantem,
2773 2069 2890 2122 sine
2920 2068 2996 2123 ira
3029 2067 3370 2134 irascentem,
3406 2068 3476 2121 ita
3507 2082 3537 2121 a
3557 2078 3743 2124 sancto

2163 2161 2280 2215 viro
2306 2160 2465 2215 etiam
2495 2160 2612 2214 sine
2640 2158 3090 2231 crudelitatedici
3118 2161 3288 2230 putuit
3315 2159 3565 2215 crudelis.
3605 2159 3744 2215 Cru-

2161 2252 2298 2308 delis
2326 2252 2524 2323 quippe
2550 2252 2749 2308 dicitur
2769 2252 3128 2324 quitdistricte
3157 2252 3397 2309 feriendo
3421 2268 3527 2307 non
3549 2255 3740 2325 parcit,

2166 2356 2223 2401 ut
2249 2346 2499 2402 videlicet
2529 2347 2627 2402 hoc
2655 2347 2773 2401 loco
2800 2346 3035 2402 crudelis
3076 2346 3314 2402 districte
3345 2346 3548 2419 feriens.
3574 2345 3746 2416 possit

2166 2438 2414 2509 intelligi,
2468 2448 2524 2494 et
2569 2440 2886 2496 ulciscenda:
2930 2440 3100 2507 culpae
3147 2456 3251 2495 non
3294 2454 3538 2510 parcens.
3592 2438 3745 2495 Unde

2163 2532 2328 2585 Isaias
2358 2547 2575 2601 quoque
2604 2548 2725 2588 cum
2756 2533 2964 2589 videret
3001 2533 3169 2588 ultimi
3213 2533 3394 2605 judicii
3442 2533 3585 2588 diem
3633 2548 3743 2588 non

2158 2622 2268 2693 jam
2315 2639 2435 2678 cum
2481 2627 2657 2691 venia,
2704 2625 2797 2679 sed
2849 2640 2991 2691 cum.
3018 2625 3348 2681 districtione
3392 2641 3509 2681 esse
3553 2635 3745 2679 ventu-

2162 2731 2308 2780 rum,
2338 2718 2413 2770 ait
2440 2716 2623 2779 :Ecce
2664 2719 2770 2772 dies
2817 2716 3022 2771 Domini
3068 2719 3228 2771 veniet
3266 2708 3507 2783 crude'lis,
3539 2715 3630 2772 tet
3666 2718 3746 2771 in-

2164 2808 2477 2877 dignationis
2493 2809 2692 2878 plenus,
2717 2818 2763 2864 et
2784 2810 2876 2865 ira:
2900 2810 3190 2881 furorisque
3213 2814 3345 2883 ejus,
3369 2810 3437 2864 ad
3459 2813 3746 2881 ponendam

2164 2906 2351 2952 terram
2382 2886 2491 2954 s‘in
2521 2901 2822 2966 solitudine,
2865 2911 2913 2954 et
2961 2913 3249 2971 peccatores
3279 2904 3389 2972 ejus
3415 2903 3746 2958 conterendos

2128 3033 2137 3039 .
2164 2991 2227 3045 de
2258 3008 2318 3045 ea
2349 2991 2502 3063 (Isai.
2539 3009 2653 3057 xm,
2687 2994 2765 3063 9).
2800 2994 3029 3049 Sanctus
3054 2992 3215 3064 igitur
3244 2994 3325 3049 vir
3349 3002 3406 3048 ut
3432 2994 3568 3049 hanc
3593 3010 3744 3048 eam-

2125 3128 2133 3133 .
2166 3083 2286 3138 dem
2328 3084 2723 3139 crudelitatem.
2755 3075 2857 3139 sibi
2909 3086 3086 3156 potius
3135 3096 3419 3155 assereret
3452 3101 3747 3156 congruere

2164 3190 2347 3245 posse,
2379 3192 2535 3246 quam
2567 3179 2698 3243 Deo,
2728 3179 2802 3233 ait
2830 3195 2846 3234 :
2878 3177 3110 3234 Mutatus
3138 3196 3190 3235 es
3214 3181 3355 3247 mihi.
3382 3182 3435 3234 in
3469 3180 3746 3235 crudelem.

2130 3320 2135 3325 .
2169 3268 2247 3323 Ac
2271 3269 2317 3324 si
2344 3279 2527 3339 aperte
2569 3269 2751 3325 dicat:
2785 3270 2885 3337 Qui
2938 3272 2993 3326 in
3038 3272 3232 3341 teipse-
3256 3270 3585 3327 crudelitatis
3616 3271 3747 3326 nihil
3784 3324 3793 3337 ,

437 3382 451 3402 ε
482 3357 752 3433 cordiam,
796 3365 905 3435 qui'
924 3380 1018 3421 cor
1055 3379 1324 3436 nunquam
1365 3365 1649 3420 miserum.
1667 3364 1863 3419 habet?
1910 3365 2059 3432 Quo-
2088 3364 2137 3429 C
2166 3363 2353 3430 habes,
2377 3365 2505 3419 mihi
2526 3380 2682 3434 quem
2706 3362 3019 3436 respirareh
3046 3382 3075 3420 a
3099 3366 3442 3437 percussione
3464 3381 3568 3422 non
3590 3366 3744 3434 sinis,

433 3448 643 3511 wm‘odo
676 3461 770 3512 est‘
788 3456 1075 3525 praescius,
1102 3456 1230 3511 dum
1262 3456 1406 3511 nulla
1436 3456 1683 3526 nisi‘quze
1722 3455 1917 3511 futura;
1940 3466 2065 3513 sunt

434 3560 455 3579 ἰ
482 3540 867 3618 praesciantur?
896 3544 975 3606 'Et
998 3550 1217 3606 'scimus
1246 3552 1366 3621 quia
1399 3551 1509 3605 Deo
1540 3551 1774 3605 futurum
1801 3550 1934 3607 nihil
1960 3560 2062 3619 est,

444 3656 452 3675 ⁴
482 3652 605 3702 ante
626 3636 781 3717 cujus
808 3645 997 3702 oeulos
1021 3646 1291 3716 praeterita
1315 3646 1453 3701 nulla
1473 3656 1619 3714 sunt,
1642 3647 1926 3718 praesentia
1958 3663 2064 3704 non

482 3736 785 3819 transeunt,
823 3737 1000 3793 futura
1050 3754 1156 3793 non
1199 3738 1475 3807 veniunt,‘
1505 3740 1700 3811 quippe
1740 3740 1861 3810 quia
1886 3754 2065 3801 omne

427 3853 433 3861 -
464 3820 627 3899 quod
655 3829 810 3884 nobis
832 3829 935 3884 fuit
960 3831 1159 3895 et‘erit,
1197 3832 1248 3884 in
1273 3832 1389 3900 ejus
1411 3842 1701 3899 conspectu
1732 3843 1930 3901 praesto
1949 3842 2062 3901 est;

428 3933 540 3979 "et
588 3937 747 3978 omne
774 3920 1220 3992 ‘quod“pr:esens
1263 3935 1369 3994 est,
1408 3924 1437 3963 δ
1469 3927 1635 3980 δεῖται
1664 3933 1842 3994 potest
1892 3927 2066 3995 potius

483 4028 643 4085 quam
688 4014 961 4085 praescire.
1003 4015 1071 4068 Et
1113 4015 1810 4077 tamen-dicitttr‘zelans,
1860 4015 2059 4069 dicitur

482 4108 689 4173 iratus}
710 4106 905 4162 dicitur
932 4108 1225 4177 paenitens,
1250 4105 1427 4176 667
1478 4105 1676 4159 dicitur
1732 4104 2062 4170 misericors,

442 4229 446 4233 ι
483 4188 693 4254 dicitur
718 4178 993 4268 praescius,
1027 4206 1087 4252 ut
1108 4196 1560 4266 quia‘castitatem
1588 4198 1780 4251 animai
1816 4199 2067 4251 uniuscu-

422 4408 443 4415 ηι
484 4380 728 4456 quamvis
785 4376 993 4440 mentis
1042 4378 1282 4440 cruciatu
1332 4399 1440 4438 non
1491 4394 1785 4451 tangatur.x
1819 4387 1883 4438 Et
1940 4385 2064 4453 quia

418 4504 427 4514 ο
474 4468 1195 4549 ὀυιραςρετοιιιίιμᾶὶοἱιυι-
1235 4479 1427 4547 irasci,‘
1458 4480 1699 4548 quamvis
1729 4478 1873 4533 nulla
1902 4480 2065 4533 animi

446 4578 447 4583 ‘
486 4571 887 4640 perturbatione
935 4576 1239 4626 moveatur.
1276 4566 1510 4640 Et‘quia
1557 4569 2065 4641 ipseimmutabilis
2114 4616 2117 4623 .

444 4686 447 4691 ·
484 4662 724 4733 id'quod
774 4663 1000 4717 voluerit
1045 4671 1253 4729 mutat,
1281 4666 1540 4733 pmnitere
1589 4661 1784 4716 dicitur
1822 4662 2066 4733 quamvis

2167 3457 2401 3513 crudelis
2425 3457 2639 3512 videris.
2667 3456 2743 3512 Ita
2774 3458 2916 3513 enim
2949 3458 3345 3527 Deuscrudelis
3369 3473 3489 3515 esse
3517 3474 3624 3513 non
3655 3473 3747 3528 po-

2170 3558 2291 3616 test,
2323 3550 2459 3605 sicut
2487 3565 2587 3605 nec
2615 3551 2810 3606 mutari
2838 3551 3106 3608 ullatenus
3137 3561 3332 3637 potest.
3360 3552 3464 3608 Sed
3492 3554 3738 3623 quoniam

2118 3699 2126 3709 ,
2168 3644 2223 3699 in
2254 3646 2360 3702 Deo
2381 3659 2485 3709 nec
2506 3644 2818 3712 crudelitas,
2847 3659 2948 3702 nec
2968 3646 3296 3715 mutabilitas
3316 3661 3550 3718 unquam
3581 3648 3740 3711 venit,

2167 3738 2293 3793 dum
2344 3737 2477 3792 mihi
2519 3737 2668 3803 dicit,
2703 3740 2843 3808 quod
2872 3738 2927 3795 in
2956 3739 3253 3810 semetipso,
3284 3740 3451 3796 Deum
3490 3755 3591 3795 nec
3628 3755 3746 3796 crus

2116 3862 2121 3873 ι
2167 3830 2343 3885 delem
2387 3818 2841 3887 necfmutabilem
2888 3832 3084 3887 sentiat
3127 3832 3382 3888 ostendit.
3438 3832 3570 3887 Nam
3615 3830 3744 3888 dum

2118 3954 2123 3969 ι
2167 3923 2306 3978 circa
2332 3938 2432 3978 nos
2461 3926 2705 3993 quazdam
2744 3938 2997 3993 prospera
3025 3934 3078 3979 et
3095 3925 3326 3987 adversa
3348 3974 3349 3981 η
3368 3925 3657 3990 variantur,
3692 3924 3748 3979 in

2112 4048 2122 4053 -
2174 4029 2240 4069 co
2267 4014 2410 4084 quod
2443 4030 2541 4069 nos
2571 4006 2839 4070 mutamur
2864 4014 3016 4085 quasi
3044 4014 3163 4085 ejus
3196 4014 3339 4070 circa
3365 4030 3464 4070 nos
3485 4024 3749 4070 mutatum

2114 4128 2119 4157 ;
2167 4105 2404 4161 animum
2434 4108 2791 4176 suSpicamur.
2828 4105 2948 4176 Ipse
2972 4107 3178 4185 veroin
3210 4122 3270 4164 se
3300 4107 3749 4163 incommutabilis

2112 4234 2115 4239 η
2168 4215 2510 4267 permanens,
2544 4199 2700 4254 aliter
2729 4210 2888 4271 atque
2917 4201 3077 4255 aliter
3098 4201 3151 4255 in
3174 4200 3495 4271 cogitatione
3516 4200 3748 4258 sentitur

424 4314 443 4323 ιν
480 4289 691 4363 jusque;
729 4290 1000 4357 custodit,
1058 4292 1293 4346 humano
1352 4289 1510 4345 modo
1542 4290 1745 4345 -ze|ans
1792 4302 2060 4358 vocetur,
2112 4332 2117 4339 .
2168 4293 2472 4359 hominum,
2528 4308 2626 4363 pro
2679 4278 2849 4363 qualit

2168 4293 2472 4359 hominum,
2528 4308 2626 4363 pro
2679 4294 2935 4364 qualitate
2987 4294 3319 4349 meritorum.
3372 4293 3502 4349 Nam
3547 4295 3749 4353 et,lux

2167 4387 2301 4441 solis
2329 4400 2450 4440 cum
2476 4401 2811 4456 nequaquam
2853 4395 2937 4442 est
2980 4386 3302 4455 sibimetipsi
3338 4386 3629 4454 dissimilis,
3662 4385 3749 4440 in-

2170 4480 2340 4534 ﬁrmis
2369 4494 2581 4546 aspera,
2615 4479 2762 4535 sanis
2792 4488 2979 4537 autem.
2997 4480 3168 4535 oculis
3203 4479 3349 4537 lenis
3374 4478 3603 4545 videtur,
3646 4492 3749 4534 eo-

2168 4586 2284 4625 rum
2327 4570 2579 4626 videlicet
2607 4570 2996 4636 immutatione,
3033 4585 3136 4627 non
3166 4585 3284 4626 sua.
3320 4569 3489 4634 Unde,
3520 4577 3579 4624 ut
3607 4584 3749 4638 prae-

2163 4660 2402 4716 diximus
2422 4702 2438 4726 ,
2463 4660 2649 4716 dicens
2675 4661 2949 4716 :Mutatus
2978 4678 3051 4728 es,
3074 4661 3333 4732 adjunxit,
3364 4660 3518 4728 Mihi,
3552 4672 3609 4715 ut
3635 4661 3749 4729 ipsa

484 4756 602 4815 rem
633 4763 823 4823 mutet,
858 4754 1141 4811 consilium
1186 4769 1291 4809 non
1340 4764 1527 4810 mutet.
1571 4755 1637 4808 Et
1677 4770 1815 4809 cum.
1839 4754 2069 4808 miseriae
2100 4753 2148 4813 ι)
2176 4751 2291 4808 haec
2336 4752 2627 4807 crudelitas
2662 4752 3153 4823 atqueimmutatio
3176 4769 3281 4807 non
3318 4753 3388 4807 sit
3416 4753 3469 4807 in
3498 4751 3749 4822 qualitate

442 4868 464 4874 ·’
486 4848 685 4905 ucstra:
709 4849 985 4915 subvenit,
1012 4847 1321 4903 misericors
1344 4858 1599 4914 vocatur,
1628 4848 1868 4917 quamvis
1908 4851 2069 4901 niise-
2112 4898 2117 4903 ,
2166 4844 2387 4915 iudicis,
2431 4847 2525 4900 sed
2556 4846 2608 4898 in
2633 4855 2811 4900 mente
2855 4846 3123 4914 patientis.
3153 4846 3306 4914 Quod
3335 4845 3511 4901 verbis
3540 4861 3750 4916 quoque

485 4940 892 5003 ris‘subveniat,
935 4948 991 4994 et
1020 4955 1114 4995 cur
1144 4926 1395 4995 miserum
1430 4955 1698 5009 nunquam
1746 4940 1956 4994 habeat.
2001 4939 2069 4993 Et

374 5050 385 5054 '
486 5033 610 5103 quia
641 5048 705 5087 ea
732 5047 850 5103 qua:
880 5032 1035 5088 nobis
1066 5034 1239 5088 futura
1272 5043 1397 5088 sunt
1424 5033 1587 5102 videt,
1614 5049 1732 5103 qua:
1765 5043 1937 5087 tamen
1966 5033 2069 5102 ipsi
2171 5029 2457 5083 aduersaris
2485 5027 2633 5081 mihi.
2680 5027 2698 5066 ί
2744 5028 2926 5084 Manus
2971 5031 3167 5086 etenim
3214 5030 3305 5086 Dei
3339 5031 3468 5085 dura
3515 5030 3751 5086 creditur

412 5142 419 5149 ·
490 5140 706 5194 semper
733 5135 929 5196 praesto
961 5135 1105 5194 sunt,
1151 5128 1404 5195 prmscius
1434 5126 1661 5191 dicitur,
1694 5126 1936 5195 quamvis
1974 5140 2069 5180 ne-
2114 5140 2117 5147 '

440 5282 443 5287 η
484 5234 749 5301 quaquam
794 5219 1027 5291 futurum
1074 5220 1394 5289 prtevideat,
1420 5223 1576 5297 quod
1620 5235 1855 5289 praesens
1897 5202 2065 5274 videt.

483 5308 615 5365 Nam
646 5318 701 5365 et
728 5325 951 5381 quaeque
980 5319 1123 5378 sunt,
1157 5320 1179 5349 ο
1214 5325 1319 5366 non
1350 5309 1404 5364 iu
1449 5312 1748 5366 aeternitate
1788 5310 1905 5379 ejus
1944 5310 2065 5366 ideo

554 5479 583 5509 ι
613 5469 751 5525 Editi
778 5478 979 5539 poster.
1007 5484 1125 5524 cum
1152 5468 1361 5531 Germ.,'
1388 5467 1573 5521 zelare.

552 5540 580 5579 δ
614 5534 808 5606 Laud.)
848 5541 966 5594 sciri
1005 5549 1164 5611 potest
1208 5540 1369 5606 potius
1403 5536 1841 5611 quam_prrrsciri.
1884 5534 2053 5602 Quam
2120 5578 2123 5583 .

484 5613 774 5668 lectionem
805 5608 1078 5682 sequerer,
1110 5609 1155 5663 si
1179 5612 1233 5682 iu
1266 5611 1500 5682 pluribus
1516 5608 1944 5682 _Mss..exstaret.

564 5702 570 5713 ι
606 5682 685 5737 .Ita
714 5676 897 5746 Corb.,
942 5682 1151 5743 Gertn.,
1178 5679 1398 5732 Viiuloc.
1431 5689 1483 5733 et
1516 5678 1629 5730 Val.
1663 5676 1743 5730 Cl.
1783 5677 2056 5746 Ceiiisentit

482 5755 585 5809 Ed.
624 5748 803 5808 Paris.
856 5751 1014 5807 1495.
1049 5752 1101 5803 In
1129 5750 1253 5803 aliis
1274 5751 1472 5817 legitur
1494 5748 1556 5801 ab
1581 5749 1884 5812 teternitate,
1913 5745 2054 5816 quod

374 5872 397 5893 ,
482 5826 681 5880 habent
715 5821 921 5893 Germ.,
959 5820 1183 5893 U_tic._et
1212 5820 1299 5873 alii
1326 5821 1514 5893 ﬂoruit.

513 5968 523 5979 .
550 5893 579 5932 ‘1
602 5894 845 6019 ξεωθίον
885 5891 1046 5947 Corb.
1081 5891 1285 5954 Germ.,
1326 5889 1493 5944 Laud.
1524 5897 1579 5945 et
1605 5889 1718 5955 alii,
1747 5888 1855 5943 sine
1884 5887 2060 5958 provi-

513 5984 613 6019 ιοηι
687 5982 729 6017 8ο

482 5982 729 6021 διοηιοαο.

2172 4937 2289 4991 aliis
2320 4936 2537 5005 retexit,
2569 4936 2794 5009 dicens:
2828 4935 2897 4990 Et
2922 4938 2975 4991 in
3010 4938 3204 4992 duritia
3229 4938 3394 5010 638
3423 4952 3606 4990 manus
3651 4946 3752 4991 tua

2174 5136 2317 5187 cum,
2360 5119 2620 5173 voluntati
2659 5128 2857 5183 nostra
2886 5122 3173 5190 contraria,
3205 5121 3306 5178 hoc
3333 5122 3475 5192 quod
3499 5122 3548 5178 ei
3580 5121 3631 5174 in
3657 5136 3751 5177 no-

2172 5213 2257 5270 bis
2296 5212 2544 5282 displicet
2581 5212 2821 5267 leriendo
2850 5215 3187 5285 persequitur
3214 5224 3269 5271 et
3294 5214 3500 5285 ﬂagella
3529 5213 3752 5284 ingemi-

2175 5315 2265 5361 nat
2293 5320 2414 5361 cum
2446 5303 2677 5360 dolentis
2703 5306 2879 5360 anima
2904 5304 3247 5364 clementiam
3276 5316 3579 5378 exspectat.
3620 5306 3753 5373 Qum

2237 5472 2260 5533 εξ
2292 5461 2547 5529 Vindoc.,
2576 5477 2612 5533 ᾳ
2640 5462 2847 5533 seipsis.

2240 5531 2258 5570 τ
2313 5533 2519 5599 Germ.,
2572 5531 2725 5588 Utic.
2760 5543 2814 5588 et
2857 5533 2945 5589 alii
2987 5533 3204 5603 Norm.,
3257 5544 3305 5590 et
3355 5535 3751 5608 indignatione,

2132 5636 2133 5639 η
2161 5604 2362 5674 plenus.

2235 5683 2260 5745 tt
2291 5674 2497 5745 Germ,
2530 5674 2779 5730 Vindoc..
2811 5670 3089 5732 Pratelfet
3116 5676 3213 5745 pL,
3239 5695 3294 5733 tn
3324 5679 3674 5735 solitudinem.

2241 5743 2262 5779 θ
2296 5744 2498 5811 Vulgati
2531 5762 2562 5797 a
2589 5743 3126 5817 persecutione”un
3148 5749 3333 5805 durius
3355 5760 3512 5807 sonat
3536 5751 3603 5808 de
3636 5752 3748 5807 Deo

2116 5858 2117 5865 η
2167 5815 2390 5886 dictum,
2423 5830 2521 5886 nec
2541 5818 2595 5871 in
2626 5818 2947 5873 membranis
2978 5815 3174 5874 nostris
3204 5823 3484 5886 reperitur.

2247 5884 2261 5922 ί
2304 5885 2548 5953 Vindoc.,
2576 5904 2757 5943 manus
2784 5890 2966 5942 etenim
2993 5890 3110 5958 Dei,
3138 5893 3218 5946 ira
3240 5884 3352 5948 Dei.
