4024 6352
316 334 453 391 Πτη

1199 336 1555 395 MORALIUM
1582 338 1992 417 ιΙΒηΧΧη-
2020 338 2441 429 .CAPUTXXX
2479 343 2540 397 Β.
2582 341 2722 399 JOB.

3476 340 3577 392 173

309 462 491 534 tamen
514 452 968 529 justaallegoriaa
988 454 1301 533 mysterium
1323 454 1461 511 bene
1481 464 1681 511 sanctae
1710 456 1974 521 Eccle-A
1999 426 2314 522 negligimus
2333 495 2350 519 ,
2394 456 2516 523 quia
2566 455 2621 507 in
2675 469 2735 508 ea
2766 453 2878 535 jam
2904 451 3253 535 “sufﬁcienter.
3294 426 3574 535 probatum

304 541 425 607 sia
454 538 1088 614 verbiscongruunt'ex
1137 547 1359 602 vocibus
1412 547 1761 617 inﬁrmorum,
1804 546 1931 618 qui'

303 633 629 707 plerumque
671 651 729 692 se
760 637 877 707 plus
909 636 1052 692 feriri
1082 640 1350 694 aestimant
1378 654 1533 709 quam
1566 640 1763 696 mereri
1795 656 1892 711 pu-

304 735 448 791 tant,
479 736 537 783 et
566 729 721 799 quasi
744 728 1107 807 crudelitatem
1143 732 1467 785 arbitrantur
1491 716 1685 801 judicis
1714 732 1897 786 distri-

298 819 544 875 ctionem
587 822 947 891 aequissimam
992 822 1269 887 sectionis,
1290 816 1446 893 l'quia
1473 833 1526 877 et
1555 838 1674 878 cum
1702 823 1894 899 vulnus

298 910 437 977 agri
484 910 791 965 medicinali
822 911 1158 967 ,lerramento
1225 912 1594 975 abscinditur,
1656 912 1895 967 medicus

297 998 544 1053 crudelis
608 1011 868 1066 vocatur,
927 1006 1014 1072 qui
1068 1013 1242 1057 tamen
1295 1018 1397 1075 per
1425 1000 1682 1071 secantis:
1704 1020 1894 1059 manus

296 1088 560 1145 duritiam
606 1091 1186 1167 adversatur‘vulneri,
1237 1094 1330 1150 sed
1373 1096 1663 1152 concordat
1708 1097 1891 1153 saluti.

294 1180 561 1254 Sequitur
581 1199 599 1237 :

623 1275 852 1332 CAPUT
906 1277 1122 1334 xxxm
1154 1278 1302 1351 [Rec.
1334 1277 1571 1352 XXIV].

362 1363 537 1420 Vens.
577 1366 670 1421 22.
694 1396 766 1408 —
794 1368 1015 1423 Elevasti
1062 1387 1175 1437 me,
1222 1379 1270 1425 et
1309 1371 1458 1443 quasi
1495 1387 1648 1442 super
1689 1381 1889 1428 ventum

296 1472 517 1531 ponens,
550 1459 732 1514 elisisti
752 1477 830 1515 me
849 1463 1033 1517 valide.

362 1548 457 1606 65.
499 1549 680 1622 Super
704 1563 903 1609 ventum
932 1555 1095 1624 sedet,
1128 1558 1217 1627 qui
1242 1557 1547 1613 transitoriis
1576 1558 1887 1614 successibus

298 1645 522 1701 letatur.
573 1648 871 1706 Adoersitas
911 1667 1013 1707 non
1059 1638 1257 1725 dejicit,
1280 1670 1430 1725 quem
1453 1655 1762 1725 prosperitas
1786 1672 1887 1710 non

300 1742 603 1811 corrumpit.
634 1772 708 1782 —
736 1743 869 1810 Quia
911 1730 1363 1816 prmsentisvitae
1409 1748 1577 1818 gloria
1628 1750 1776 1819 quasi
1830 1750 1885 1805 in

2000 554 2266 613 putamus.
2294 544 2419 627 ‘lioc
2464 560 2591 616 ergo
2632 545 2775 629 quod
2825 524 3227 629 dicitur‘r'Scio-
3252 545 3377 631 quia
3404 526 3575 629 "morti

1999 624 2167 689 trades
2189 620 2299 705 me,
2326 637 2409 689 ubi
2436 622 2708 690 constituta
2735 635 2912 688 domus
2934 620 3166 688 est'omni
3194 624 3400 707 viventi,“
3430 626 3576 693 reCte
3608 682 3609 685 η

1964 704 1971 715 ’
1997 710 2287 781 beato’Job
2308 724 2679 794 etiam‘juxta‘
2702 724 2979 780 historiam
3022 704 3313 803 congruit:
3338 712 3576 797 dumln'i-
3606 786 3611 791 _

1962 812 2190 874 'mirum
2237 829 2448 875 constat
2493 822 2618 889 quia
2664 829 2787 873 ante
2834 806 3574 897 Redemptorisfgr'atlam‘ad

1996 910 2190 966 inferni
2223 912 2457 966 claustra
2484 896 2653 965 etiam.
2676 922 2697 947 θ
2722 912 2848 982 justi
2875 896 3573 982 ducerenturflpsaEquippe

1996 1003 2189 1060 inferni
2233 1006 2468 1075 receptio
2488 1006 2701 1059 fdom'us
2732 1004 3317 1060 .omuium:viventium
3352 1007 3571 1076 dicitur,

1958 1142 1967 1155 .
1993 1096 2131 1167 quia
2157 1098 2331 1153 nntius
2362 1101 2463 1152 huc
2489 1098 2636 1152 venit
2657 1096 2761 1168 {qui
2782 1146 2783 1149 η
2806 1105 2929 1151 ante
2958 1092 3571 1173 Mediatorisadventum

1994 1209 2095 1248 "0"
2132 1191 2294 1263 669
2339 1190 2463 1244 “hic
2514 1190 2625 1258 ipsa
2680 1188 3037 1257 corruptionis
3090 1202 3229 1259 sua}.
3261 1189 3571 1263 conditione

1960 1284 2317 1355 pertransiit,
2366 1281 2547 1335 nullus
2591 1280 2692 1334 huc
2714 1330 2717 1333 .
2742 1280 2886 1332 venit
2916 1280 3005 1348 qui
3035 1278 3101 1332 ad
3136 1278 3324 1355 carnis
3344 1291 3570 1353 mortem

1952 1412 1961 1419 ι
1990 1378 2230 1448 ejusdem
2258 1372 2615 1442 corruptionis
2644 1385 2757 1426 sua:
2784 1371 3056 1439 gressibus
3083 1386 3193 1443 non
3217 1372 3465 1445 tetendit.
3491 1374 3570 1445 De

1955 1484 2089 1538 .qua
2139 1466 2596 1521 videlicetmorte
2640 1477 2733 1531 per
2774 1461 3109 1517 Psalmistam
3146 1464 3339 1519 dicitur
3383 1483 3417 1518 :.
3443 1466 3570 1529 Quis

1958 1569 2066 1614 est
2118 1559 2271 1613 homo
2321 1558 2407 1625 qui
2463 1556 2603 1618 visit,
2636 1554 2695 1607 et
2742 1571 2857 1619 non
2902 1555 3107 1615 videbit,
3137 1566 3349 1627 mortem
3395 1555 3566 1627 (Psal.

1987 1666 2242 1713 uxxvm,
2281 1648 2409 1719 49)?
2437 1647 2567 1701 Nam
2597 1646 2695 1700 etsi
2728 1646 2794 1699 ad
2827 1648 3018 1701 cmlum
3050 1654 3233 1717 raptus
3274 1647 3419 1702 Elias
3442 1663 3569 1721 esse

1985 1744 2316 1813 perhibetur,
2348 1750 2589 1803 mortem
2633 1730 2809 1794 tanien
2858 1739 3078 1805 distulit,
3123 1756 3227 1795 non
3258 1742 3445 1796 evasit.
3495 1744 3568 1799 De

307 1834 410 1889 alto
428 1838 691 1904 cernitur,
748 1838 841 1895 sed
887 1839 1370 1898 nullastabilitate
1413 1843 1693 1909 solidatur,
1740 1845 1885 1902 velut

1990 1834 2107 1903 ipso
2149 1833 2345 1903 quippe
2374 1846 2468 1885 ore
2504 1830 2746 1884 veritatis
2778 1829 2987 1883 dicitur
3010 1827 3201 1903 εηΕιὶιιδ
3221 1833 3431 1907 quidem
3450 1849 3569 1887 ven-

320 1928 543 1982 elevatus
588 1942 758 2000 super
803 1940 1020 1987 ventum
1079 1917 1332 2003 ponitur,
1385 1934 1474 2003 qui
1518 1922 1883 2005 prosperitate

284 2088 287 2093 ι
321 2022 603 2077 transitoria
650 2024 883 2091 limatur,
918 2034 949 2089 αν
978 2026 1224 2096 quoniam
1264 2027 1333 2081 ad
1382 2026 1486 2083 hoc
1528 2026 1700 2083 solum
1742 2028 1885 2085 hunc

308 2113 529 2185 lugitive
572 2114 846 2174 felicitatis
867 2133 996 2174 aura
1022 2120 1287 2187 sublevat,
1316 2130 1374 2175 ut
1400 2130 1621 2192 repente
1649 2122 1882 2178 deterius

297 2207 343 2262 in
368 2207 574 2266 inﬁmis
604 2218 831 2267 sternat.
857 2212 992 2281 Quia
1021 2214 1162 2269 enim
1194 2223 1377 2270 sancta
1408 2214 1647 2270 Ecclesia
1671 2218 1881 2272 cunctis

293 2301 340 2356 in
368 2301 583 2358 honore
613 2313 718 2371 est,
758 2302 957 2361 inﬁrmi
986 2308 1181 2379 quique
1210 2308 1264 2362 in
1316 2321 1381 2363 ea
1409 2309 1499 2379 qui
1558 2309 1880 2367 transitoriis

290 2389 313 2429 δ
334 2395 778 2450 successionibus
795 2396 1060 2465 laetantur,
1089 2414 1194 2468 quo
1228 2398 1331 2454 nisi
1360 2414 1523 2470 super
1549 2409 1767 2456 ventum
1786 2417 1880 2471 po-

286 2484 376 2539 siti
410 2485 672 2541 videntur
696 2486 927 2543 elevatii
956 2490 1077 2560 quia
1102 2490 1461 2560 subsequente
1487 2493 1879 2562 persecutionis

284 2586 558 2645 tempore,
588 2577 715 2634 dum
747 2582 1116 2651 prosperitatis
1156 2598 1285 2638 aura
1329 2586 1639 2654 pertransit,
1691 2601 1877 2644 eorum

282 2671 542 2738 protinus
572 2672 801 2728 elevatio
829 2675 1061 2737 corruit,
1115 2684 1169 2732 et
1212 2666 1445 2746 repente
1472 2679 1723 2735 cadentes
1767 2678 1880 2734 dis-

280 2771 437 2827 cunt,
472 2764 597 2833 quia
638 2766 826 2821 elevati
860 2768 1005 2835 prius
1030 2777 1053 2806 ο
1080 2768 1132 2822 in
1174 2778 1389 2823 ventum
1434 2770 1706 2825 sederunt.
1748 2771 1877 2838 Qun

279 2854 545 2912 videlicet
575 2857 734 2913 verba
761 2861 920 2912 etiam
966 2861 1135 2916 sancti
1166 2862 1267 2917 viri
1301 2878 1542 2934 personas
1570 2864 1877 2933 specialiter

278 2961 613 3021 congruunt,
648 2966 753 3004 non
788 2951 852 3004 ad
883 2951 933 3005 id
965 2953 1106 3023 quod
1136 2962 1273 3021 erat,
1302 2955 1397 3010 sed
1420 2956 1484 3009 ad
1508 2956 1559 3010 id
1592 2956 1731 3025 quod
1755 2971 1876 3013 esse

280 3042 596 3096 videbatur.
646 3041 831 3112 Neque
884 3046 1025 3098 enim
1072 3056 1307 3103 mentem
1355 3047 1499 3102 illius
1550 3036 1874 3117 prosperitas

238 3208 239 3211 η
280 3134 506 3206 fugitiva
553 3134 848 3201 levaverat,
897 3152 1055 3208 quam
1102 3139 1240 3195 inter
1267 3148 1345 3196 tot
1372 3156 1545 3195 rerum
1576 3140 1874 3197 al‘ﬁuentias
1936 3198 1941 3203 .

1952 1934 2130 1981 .oturus
2153 1932 2247 1989 est,
2276 1931 2323 1977 et
2352 1922 2581 1976 restituet
2606 1919 3037 1992 omnia’(Matth.
3071 1921 3341 1993 muli).
3376 1923 3568 1997 Veniet

1950 2018 2126 2079 .cnim
2151 2017 2499 2090 restituturus
2529 2014 2725 2073 omnia,
2751 2012 2873 2083 quia
2900 2013 3101 2085 adhoc
3143 2012 3394 2089 nimirum
3442 2015 3567 2072 huic

1986 2111 2182 2166 mundo
2226 2109 2544 2173 restituitur,
2592 2115 2649 2160 ut
2686 2114 2740 2161 et
2778 2103 3179 2175 praedicationis
3210 2122 3431 2161 munera
3461 2108 3564 2163 im-

1948 2204 2147 2274 .pleat,
2190 2211 2245 2257 et
2295 2198 2473 2257 carnis
2515 2197 2978 2279 debitumsolvat.
3009 2197 3140 2265 Quae
3185 2210 3360 2254 tamen
3391 2202 3562 2256 sancti

1950 2342 1955 2349 .
1985 2296 2082 2350 viri
2112 2294 2376 2351 sententia
2402 2292 2554 2363 juxta
2592 2291 2865 2361 allegoriae
2894 2291 3204 2361 mysterium
3234 2303 3435 2347 sanctae
3464 2293 3563 2348 Ec~

1945 2424 1951 2435 α
1984 2389 2165 2445 clesize
2207 2387 2429 2442 vocibus
2458 2400 2522 2440 ex
2550 2399 2780 2455 persona
2822 2384 3065 2453 congruit
3096 2370 3449 2451 inﬁrmorum,
3471 2387 3563 2455 qui

1980 2482 2138 2537 ﬁdem
2180 2480 2345 2534 verbo
2375 2488 2528 2533 tenus
2558 2486 2759 2541 tenent,
2788 2476 2895 2531 sed'
2914 2484 3098 2529 contra
3132 2486 3392 2546 praecepta
3414 2477 3557 2546 .ﬁdei

1944 2576 2091 2629 ,suis
2140 2571 2416 2627 desideriis
2468 2570 2812 2624 famulantur.
2858 2568 2944 2623 Ait
2983 2568 3225 2624 etenim:
3266 2569 3390 2625 Scio
3438 2571 3563 2643 quia

1942 2704 1951 2711 .
1980 2667 2131 2719 morti
2152 2665 2323 2719 trades
2345 2679 2447 2733 me,
2473 2663 2561 2718 ubi
2591 2666 2866 2717 constituta
2900 2663 3082 2717 domus
3101 2674 3175 2718 est
3203 2666 3341 2718 omni
3360 2666 3558 2722 viventi.

1945 2778 1951 2783 θ
1979 2758 2115 2827 Quia
2134 2758 2285 2815 enim
2322 2754 2342 2794 ι
2379 2756 2576 2811 multos
2606 2757 2662 2810 in
2689 2770 2748 2810 se
2778 2754 3142 2837 voluptatibus
3171 2756 3383 2813 deditos
3426 2774 3559 2814 con-

1979 2852 2156 2923 Spicit,
2188 2865 2478 2919 eorumque
2502 2849 2612 2920 jam
2646 2848 2914 2905 interitum
2949 2849 3179 2917 przescit,
3207 2861 3392 2917 pensat
3413 2854 3558 2920 quod

1938 2990 1941 2995 .
1980 2942 2033 2999 in
2058 2944 2141 2999 via
2166 2944 2288 2998 vitae
2315 2941 2596 3011 praesentis
2625 2942 2733 2995 suis
2756 2939 2970 3009 quidem
2998 2939 3276 2994 desideriis
3299 2942 3557 3010 serviunt,

1946 3092 1951 3111 ἶ
1977 3036 2072 3092 sed
2102 3046 2275 3091 tamen
2308 3035 2372 3089 ad
2403 3034 2590 3089 mortis
2635 3033 2851 3088 domum
2899 3033 3224 3101 perveniunt
3251 3048 3438 3089 omnes
3469 3038 3559 3105 qui

1983 3132 2037 3186 in
2067 3144 2129 3185 ea
2161 3128 2446 3185 carnaliter
2492 3127 2698 3181 vivunt.
2744 3125 2881 3181 Sunt
2927 3139 3054 3180 vero
3100 3124 3340 3180 nonnulli
3387 3127 3558 3194 quiin

281 3230 423 3282 miro
465 3243 687 3296 semper
731 3231 942 3285 virtutis
979 3231 1215 3301 pondere
1264 3233 1575 3302 premebat;
1605 3234 1698 3289 sed
1723 3235 1873 3305 juxta
1903 3238 1949 3303 ε
1980 3225 2306 3294 voluptatum
2336 3237 2551 3278 suarum
2582 3221 2791 3276 foveam
2818 3229 3092 3290 corruunt,
3131 3221 3223 3275 sed
3246 3229 3434 3295 tamen
3467 3238 3557 3292 per

282 3322 385 3376 hoc
408 3322 557 3391 quod
583 3321 756 3377 videri
787 3323 1021 3378 exterius
1052 3325 1242 3395 potuit,
1272 3326 1359 3395 qui
1401 3325 1454 3379 in
1490 3327 1601 3381 suis
1636 3327 1870 3395 humilis,
1936 3382 1945 3391 ρ

282 3416 330 3469 in
362 3416 561 3470 alienis
588 3415 757 3470 oculis
788 3416 1026 3471 elevatus
1057 3415 1177 3481 fuit,
1212 3427 1263 3471 et
1290 3419 1440 3488 quasi
1464 3434 1626 3487 super
1653 3430 1872 3476 ventum
1936 3472 1939 3477 .

281 3507 513 3574 positus,
571 3506 735 3560 elisus
775 3514 855 3559 est
896 3504 1092 3576 valide,
1132 3506 1255 3576 quia
1308 3507 1466 3563 rebus
1519 3509 1873 3566 exterioribus
1938 3562 1939 3567 η

284 3599 484 3662 tullus,
537 3598 681 3651 unde
725 3595 1091 3651 aestimabatur
1141 3612 1381 3669 surgere,
1426 3599 1703 3655 videbatur
1747 3603 1874 3658 inde

291 3690 576 3745 cecidisse.
603 3689 770 3755 Quem
798 3689 1041 3747 videlicet
1066 3705 1248 3745 casum
1277 3703 1494 3747 sanctus
1514 3695 1595 3747 vir
1619 3694 1672 3748 in
1695 3702 1875 3751 mente
1932 3744 1935 3747 λ

296 3798 383 3836 non
406 3779 670 3850 pertulit,
699 3782 823 3850 quia
846 3782 989 3836 nulla
1018 3782 1311 3838 adversitas
1332 3783 1539 3855 dejicit,
1571 3801 1727 3852 quem
1751 3802 1874 3857 pro-
1932 3838 1939 3847 .

290 3858 518 3940 speritas
549 3872 692 3925 nulla
741 3872 1189 3942 corrumpit.‘Qui
1218 3874 1358 3929 enim
1384 3876 1593 3932 veritati
1626 3878 1867 3946 inhaeret,
1932 3936 1935 3939 λ

1931 4011 1937 4019 .
1971 3967 2128 4021 vobis.

288 3965 517 4021 vanitati
558 3966 701 4020 nullo
733 3966 893 4021 modo
933 3969 1251 4039 succumbit,
1283 3971 1404 4039 quia
1428 3970 1553 4025 dum
1585 3970 1711 4027 forti
1737 3973 1872 4043 pede

284 4059 630 4128 cogitationis
688 4058 830 4113 intus
872 4059 1220 4115 intentionem
1269 4060 1477 4128 ﬁxerit‘,
1521 4078 1680 4120 omne
1728 4067 1870 4137 quod
1940 4132 1941 4135 η

286 4149 431 4205 foras
478 4148 806 4203 inutabiliter
837 4151 1032 4222 agitur,
1082 4152 1148 4206 ad
1176 4167 1351 4208 arcem
1403 4156 1598 4209 mentis
1649 4157 1868 4214 minime
1930 4218 1937 4221 _

289 4241 567 4311 pertingit.
599 4239 851 4309 Sequitur
876 4257 890 4295 :

427 4318 658 4391 CAPUT
699 4333 912 4389 χχχιιι
941 4334 1083 4410 [νει.
1114 4333 1217 4390 xx
1231 4333 1329 4401 γι,
1363 4334 1488 4391 Rec.
1516 4335 1719 4409 XXV].

357 4427 524 4481 Vsus.
555 4425 644 4480 εδ.
676 4454 748 4466 -
769 4427 888 4480 Scio
926 4427 1049 4494 quia
1086 4428 1236 4480 morti
1259 4424 1285 4464 ἀ
1314 4427 1483 4481 trades
1514 4445 1611 4495 me,
1636 4429 1723 4484 ubi
1748 4446 1868 4487 con-

285 4521 465 4573 stituta
496 4527 568 4570 est
595 4520 770 4570 domus
793 4518 930 4570 omni
953 4518 1152 4572 viventi.

1974 3320 2210 3375 lamenta
2251 3316 2581 3387 paenitentiae
2610 3313 2678 3368 ab
2711 3314 2830 3368 imis
2860 3315 3016 3368 citius
3043 3314 3231 3383 pedem
3278 3313 3556 3381 reducunt,

1976 3424 2109 3482 quos
2158 3420 2407 3480 supernas
2452 3406 2815 3478 percussionis
2854 3405 3074 3461 verbera
3106 3406 3170 3460 ad
3198 3408 3573 3464 eruditionem.

1975 3507 2153 3577 potius
2201 3519 2359 3572 quam
2410 3502 2476 3557 ad
2522 3499 2930 3558 exstinctionem
2972 3508 3178 3556 secant.
3230 3500 3311 3555 Ex
3357 3500 3551 3570 quibus

1974 3606 2100 3669 apte
2122 3595 2492 3665 subiungitur:

2514 3680 2741 3736 CAPUT
2792 3679 3006 3735 XXXV.

2045 3780 2210 3837 Vsus.
2239 3778 2329 3834 24.
2350 3807 2417 3818 -
2447 3775 2811 3830 Verumtamen
2853 3791 2955 3829 non
2999 3775 3068 3827 ad
3114 3776 3553 3843 consumptionem

1974 3890 2146 3932 eorum
2174 3874 2357 3927 emittis
2380 3886 2588 3927 manum
2614 3879 2755 3924 tuam
2773 3886 2787 3899 σ
2821 3878 2869 3923 et
2902 3869 2947 3925 si
2966 3870 3272 3936 corruerint,
3302 3871 3410 3942 ipse
3438 3873 3549 3928 sal-

2044 4058 2133 4111 67.
2160 4034 2423 4110 Nonnulli
2448 4070 2479 4107 a
2506 4053 2618 4107 Deo
2638 4053 2863 4125 percussi
2890 4053 2959 4106 ad
2988 4054 3323 4110 eruditionem
3348 4073 3451 4112 non
3479 4062 3549 4113 ad

1972 4151 2357 4205 exstinctionem
2382 4165 2412 4201 a
2450 4157 2655 4216 peccato
2690 4138 2991 4202 liberantur.
3014 4177 3080 4186 —
3106 4148 3160 4202 In
3196 4150 3388 4219 quibus
3423 4168 3551 4222 pro.

1971 4245 2111 4300 lecto
2142 4243 2317 4298 verbis
2346 4241 2447 4296 hoc
2471 4240 2693 4295 solerter
2721 4239 2880 4295 debet
2907 4239 3152 4312 intelligi,
3183 4243 3324 4311 quod
3354 4244 3544 4303 beatus

1970 4336 2091 4400 Job,
2122 4336 2247 4390 dum
2276 4349 2368 4388 sua
2401 4341 2600 4399 narrat,
2635 4333 2684 4385 in
2716 4347 2776 4387 se
2818 4330 2952 4386 alios
2996 4331 3352 4402 transﬁgurat.
3391 4334 3552 4392 Velut

1930 4474 1933 4479 .
1970 4429 2111 4484 enim
2138 4428 2207 4485 de
2233 4441 2291 4482 se
2311 4425 2608 4496 specialiter
2632 4422 2844 4478 dicebat
2869 4441 2881 4475 :
2906 4420 3137 4477 Elevasti
3160 4440 3258 4494 me,
3283 4435 3330 4479 et
3355 4436 3379 4472 ες
3402 4430 3550 4496 quasi

1971 4537 2120 4591 super
2151 4529 2351 4574 ventum
2372 4533 2561 4589 ponens
2583 4517 2761 4570 elisisti
2788 4531 2864 4568 me
2884 4515 3083 4580 valide;
3109 4516 3215 4569 scio
3244 4518 3365 4587 quia
3395 4522 3550 4574 morti

357 4610 449 4663 66.
500 4607 670 4662 Nemo
715 4619 924 4661 mortem
967 4607 1183 4677 e/fugit;
1227 4611 1375 4676 pauci
1413 4613 1728 4680 voluptatum
1777 4618 1859 4684 fo-
1884 4619 1941 4679 Ῑ)
1970 4613 2138 4667 trades
2181 4627 2277 4675 me,
2311 4610 2394 4663 ubi
2425 4610 2696 4661 constituta
2729 4616 2802 4661 est
2843 4606 3024 4659 domus
3072 4608 3210 4661 omni
3250 4608 3550 4674 viventi;et

240 4696 243 4701 ’
285 4716 425 4752 veam
467 4708 514 4752 et
552 4700 833 4755 interitum.
881 4696 1030 4752 Elius
1061 4708 1268 4753 mortem
1291 4701 1510 4767 distulit,
1549 4719 1650 4756 non
1680 4711 1858 4760 evasit.

287 4822 351 4832 -ο
382 4795 438 4847 In
472 4794 735 4858 superiori
788 4791 941 4861 hujus
986 4793 1164 4862 Operis
1211 4780 1359 4861 parte
1394 4778 1619 4865 '(Supra,
1657 4795 1746 4851 lib.
1771 4813 1862 4863 xu,

285 4904 401 4954 cap.
428 4883 482 4950 6,
511 4882 658 4938 Edit.
680 4882 927 4937 Gussauv.
953 4899 1113 4950 novat,
1139 4901 1193 4937 η.
1218 4885 1607 4953 i3)_’tractatum
1629 4892 1867 4961 estquod

286 4987 410 5030 ante
453 4974 743 5029 adventum
789 4974 992 5028 Domini
1022 4975 1311 5030 ad'inlerui
1341 4979 1673 5046 receptacula
1703 4985 1863 5038 etiam

282 5068 408 5139 justi
437 5066 847 5130 descenderent,
878 5065 1119 5136 quamvis
1150 5082 1254 5121 non
1286 5068 1336 5121 in
1364 5071 1659 5140 suppliciis,
1692 5074 1785 5127 sed
1808 5075 1862 5130 in
1898 5088 1905 5093 '

240 5190 243 5193 -
285 5160 474 5229 requie
523 5164 890 5212 servarentur.
925 5156 1079 5225 Quod
1112 5160 1605 5225 nunc‘testimoniis
1635 5162 1865 5221 edocere

353 5285 380 5313 ι
410 5275 575 5346 Magis
611 5272 803 5346 placuit
833 5279 1034 5327 recent.
1071 5270 1477 5346 Edita-quando,
1520 5273 1696 5329 invitis
1716 5272 1854 5334 Mss.

284 5341 659 5409 Germ.‘,'quod
689 5344 867 5397 calum
900 5346 994 5395 hoc
1019 5341 1184 5395 solum
1214 5343 1381 5409 hunc,
1402 5354 1503 5396 etc.
1736 5376 1741 5381 υ

355 5419 383 5457 ι»
411 5418 503 5474 Sic
523 5418 752 5478 Turon.,
802 5413 985 5483 Germ.
1031 5413 1332 5475 et,Norm.,
1385 5412 1537 5482 cujus
1563 5414 1679 5469 loco
1711 5416 1854 5474 Editi

244 5516 247 5523 -
289 5491 491 5545 habent
519 5485 863 5541 successibus.
898 5486 972 5537 lt'a
1000 5497 1227 5552 ,qunque
1270 5487 1499 5537 secunda
1531 5499 1690 5538 manu
1721 5491 1859 5542 scri-

287 5571 433 5631 ptum
472 5561 526 5615 in
567 5556 727 5612 εστι».
767 5554 974 5622 Germ.,
1000 5553 1087 5608 ubi
1113 5554 1254 5622 prius
1280 5553 1553 5623 legebatur
1579 5559 1862 5613 successio-
1934 5568 1939 5577 '

288 5632 531 5767 "‘32:,
576 5700 629 5754 in
655 5705 801 5753 vento
838 5696 1098 5752 sederunt.
1121 5692 1283 5749 Gilot.
1315 5702 1371 5749 et
1394 5694 1611 5764 plurimi
1640 5697 1859 5766 Excusi,

291 5777 345 5829 in
369 5782 571 5828 sentitur
600 5787 654 5825 se
678 5769 943 5823 dederunt.
1212 5794 1215 5795 ν

364 5840 393 5882 ἀ
420 5842 633 5908 Germ,
663 5839 829 5897 Laud.
858 5849 913 5895 et
945 5839 1057 5894 Val.
1089 5836 1198 5904 CL,
1222 5836 1399 5891 tradas
1419 5852 1518 5901 me,
1547 5847 1603 5893 et
1629 5840 1701 5894 ita
1722 5854 1859 5895 sem-

1944 4768 1945 4771 η
1976 4714 2150 4759 tamen
2183 4717 2286 4756 non
2314 4701 2382 4755 de
2405 4714 2498 4763 se,
2526 4697 2620 4753 sed
2660 4697 2729 4753 de
2754 4695 2870 4750 aliis
2908 4696 3151 4767 adjngit:
3187 4695 3546 4756 Verumtamen

1954 4813 2075 4857 non
2113 4796 2180 4848 ad
2219 4794 2653 4860 consumptionem
2696 4805 2873 4844 eorum
2911 4791 3094 4845 emittis
3131 4807 3337 4846 manum
3381 4805 3565 4852 tuam.—

1928 4874 1933 4879 ’
1973 4889 2105 4942 Dum
2136 4886 2280 4941 enim
2311 4885 2376 4939 de
2401 4898 2459 4938 se
2488 4883 2710 4951 loquens
2730 4882 3094 4937 ratiocinando
3116 4898 3303 4940 causas
3326 4885 3392 4940 de
3423 4887 3545 4942 aliis

1926 4956 1941 5051 ξ
1971 4979 2180 5043 subdit,
2211 4974 2242 5053 δ’
2270 4991 2426 5045 quam
2476 4974 2758 5029 multorum
2812 4988 3065 5041 personas
3111 4975 3165 5029 in
3197 4990 3255 5031 se
3284 4978 3544 5047 signiﬁcet

1972 5073 2229 5130 ostendit.
2280 5070 2491 5126 Manum
2525 5070 2700 5138 itaque
2729 5082 2881 5121 suam
2916 5067 3171 5123 Dominus
3197 5069 3263 5123 ad
3293 5084 3541 5125 consum-

1930 5222 1941 5230 ,
1973 5169 2204 5238 ptionem
2234 5164 2563 5235 peccantium
2593 5178 2700 5217 non
2721 5161 2935 5228 emittit,
2950 5176 3071 5218 cum
3100 5162 3336 5218 feriendo
3359 5179 3390 5218 a
3416 5178 3539 5232 pec-

1967 5295 2063 5350 per
2093 5277 2512 5350 aﬁ'crturtextus
2544 5273 2629 5350 hic
2657 5274 2707 5328 in
2738 5273 3213 5350 consequentibus.

2040 5358 2064 5386 ε
2096 5350 2222 5402 Post
2253 5346 2388 5401 Editi
2416 5361 2531 5400 cum
2560 5342 2769 5409 Germ.,
2797 5346 3153 5397 descenderent
3176 5361 3196 5407 ;
3222 5344 3363 5412 quod
3393 5345 3537 5406 idem

1934 5410 1941 5451 ί
1969 5428 2152 5483 sonat;
2185 5420 2527 5487 ejns‘tamen,
2550 5416 2668 5470 loco
2700 5414 3065 5487 reponendum
3099 5410 3403 5469 censuimus
3435 5418 3537 5474 du-

1968 5484 2227 5553 cereniur,
2249 5498 2465 5556 propter
2486 5486 2607 5539 Mss.
2634 5494 2688 5539 et
2709 5495 2816 5538 vet.
2847 5484 2986 5556 Edit.
3004 5498 3350 5556 consensum.

2045 5559 2065 5598 ί
2100 5554 2271 5620 Deest,
2296 5554 2443 5622 inse,
2470 5558 2520 5610 in
2546 5556 2761 5609 Excusis
2785 5568 2893 5607 rec.
2918 5554 3289 5621 Supplevimus
3316 5572 3377 5612 ex
3405 5560 3533 5620 Mss.

1972 5632 2153 5687 Corh.
2184 5630 2402 5694 Gcrm.,
2453 5626 2617 5681 Laud.
2653 5666 2668 5690 ,
2716 5624 3017 5692 Bellovac.,
3066 5624 3281 5694 Norm.,

1968 5703 2256 5757 concinunt
2282 5712 2385 5752 vet.
2420 5694 2652 5766 angati.

1960 5804 1965 5811 ς
2043 5783 2067 5819 s
2094 5773 2277 5834 Deest,
2308 5768 2475 5839 quasi,
2503 5763 2555 5820 in
2589 5766 2723 5834 pler.
2751 5763 2931 5820 Norat.

2041 5842 2064 5877 δ
2102 5842 2205 5907 AL,-
2234 5842 2351 5907 quia
2377 5839 2668 5891 multorum.

3340 5633 3534 5699 quibus
3581 5681 3598 5691 .

3628 696 3633 699 λ
3649 700 3680 754 ει
