4024 6352
493 407 591 461 179

1693 388 1934 460 SANCTI
1969 388 2294 456 GREGORII
2333 397 2543 457 MAGNl

3637 394 3740 450 180

488 520 620 573 catis
646 482 883 587 corripit,
910 524 963 572 et
988 522 1295 572 corruentes
1325 515 1518 583 salvat,
1557 515 1681 569 dum
1710 515 1959 568 cadentes
1991 512 2056 565 ad
2084 513 2140 574 Α
2160 512 2535 569 descendendo
2584 513 2808 570 inﬁmis
2856 514 3069 581 intulit,
3119 513 3369 583 quoniam
3418 507 3734 580 quibusdam

488 611 696 681 culpam
722 611 774 665 in
803 611 1027 665 salutem
1056 611 1293 679 corporis
1324 611 1584 677 vulnerat,
1612 618 1670 664 ut
1702 605 1949 678 prostrati
1971 622 2064 661 ex-

488 702 675 767 terius,
706 701 929 759 interius
978 709 1218 772 surgant,
1251 712 1514 771 quatenus
1557 702 1801 773 jacentes
1840 712 2064 768 corpore

488 795 553 846 ad
586 794 889 848 interiorem
933 801 1127 848 statum
1176 793 1415 861 redeant,
1450 794 1539 861 qui
1580 802 1787 849 stantes
1829 792 2065 847 exterius

488 899 519 939 a
546 893 685 940 statu
716 887 910 941 mentis
929 883 1201 956 iacebant.
1235 885 1525 955 Sequitur:

810 1012 1036 1071 espur
1075 1013 1292 1069 xxxvr
1322 1012 1472 1086 [Rem
1498 1009 1740 1085 XXVI].

562 1124 726 1183 Vsus.
751 1124 841 1179 25.
864 1152 935 1168 -ι
952 1116 1171 1180 Flebani
1195 1125 1452 1196 quondam
1481 1132 1634 1191 super
1662 1140 1720 1179 eo
1742 1124 1830 1195 qui
1853 1123 2065 1194 amictus

490 1229 619 1286 erat,
649 1229 698 1275 et
723 1218 1120 1288 componebatur
1143 1218 1317 1272 animo
1346 1233 1458 1273 mea
1485 1219 1717 1288 pauperi.

560 1309 650 1366 68.
687 1309 1025 1381 Eleemosyna
1066 1327 1131 1365 ea:
1158 1313 1336 1364 mentis
1377 1310 1566 1375 aﬂectu
1598 1322 1699 1381 quo
1741 1310 1819 1376 ﬁt,
1864 1309 2067 1377 potissi-

487 1418 630 1458 mum
656 1402 979 1459 aestimanda.
1024 1400 1343 1472 Largitorem
1383 1416 1484 1453 non
1514 1384 1674 1471 faciat
1713 1412 1883 1452 rerum
1914 1397 2071 1451 abun-

488 1496 689 1565 dantia,
722 1492 810 1552 sed
853 1498 1158 1566 campassio.
1200 1526 1271 1537 —
1304 1496 1557 1561 Quamvis
1598 1506 1723 1548 vera
1765 1491 2067 1559 compassio

492 1599 575 1643 est
604 1589 838 1657 passioni
884 1588 1115 1657 proximi
1156 1604 1221 1642 ex
1268 1588 1508 1655 largitate
1550 1596 1899 1646 concurrere,
1932 1596 2066 1635 non-

489 1694 760 1749 nunquam
814 1690 1013 1743 tamen,
1057 1694 1177 1733 cum
1211 1678 1477 1732 exteriora
1507 1690 1733 1745 quteque
1761 1673 1975 1727 abunde
2001 1672 2066 1726 ad

489 1770 817 1845 iargiendum
847 1773 1417 1842 suppetunt,celerius
1459 1770 1633 1823 dantis
1660 1782 1851 1822 manus
1894 1766 2067 1821 datio-

491 1878 611 1919 nem
644 1865 842 1920 invenit
881 1880 1037 1934 quam
1067 1862 1276 1916 animus
1307 1861 1570 1917 dolorem.
1604 1860 1758 1915 Unde
1801 1858 1940 1928 scire
1971 1870 2067 1912 ue-

489 1968 641 2010 cesse
669 1963 751 2010 est
777 1955 894 2025 quia
928 1955 1015 2008 ille
1046 1942 1279 2024 perfecte
1316 1951 1537 2020 tribuit,
1568 1953 1657 2022 qui
1683 1966 1805 2006 cum
1834 1960 1902 2005 eo
1929 1948 2069 2020 quod

492 2044 687 2100 alﬂicto
716 2047 935 2117 porrigit
967 2044 1147 2100 afﬂicti
1196 2059 1407 2114 quoque
1448 2045 1499 2097 in
1534 2050 1592 2097 Se
1619 2044 1855 2097 animum
1885 2041 2067 2107 sumit,

493 2144 549 2189 ut
576 2138 723 2205 prius
751 2137 801 2191 iu
831 2148 891 2191 se
918 2136 1152 2190 dolentis
1196 2138 1498 2205 passionem
1531 2135 1835 2199 transferat,
1864 2128 1931 2187 et'
1946 2143 2071 2187 tunc

486 2238 673 2283 contra
696 2230 937 2283 dolorem
958 2227 1099 2282 illius
1122 2242 1217 2296 per
1236 2228 1586 2281 ministerium
1611 2235 1913 2281 concurrat.
1938 2224 2069 2279 Nam

434 2308 437 2315 ’
486 2334 651 2390 sape,
675 2328 732 2373 ut
753 2318 1117 2389 praediximus,
1148 2319 1450 2389 largitorem
1476 2318 1716 2372 muneris
1741 2332 1917 2372 rerum
1947 2318 2074 2372 facit

490 2409 834 2476 abundantia,
866 2418 921 2465 et
968 2425 1073 2465 non
1124 2410 1291 2465 virtus
1340 2409 1749 2479 compassionis.
1784 2411 1880 2475 Qui
1929 2413 2072 2465 enim

492 2500 692 2556 afﬂicto
721 2501 957 2571 perfecte
984 2502 1321 2570 compatitur,
1354 2502 1518 2573 6'70
1547 2502 1859 2571 plerumque
1887 2512 1943 2556 et
1973 2502 2074 2557 hoc

487 2592 745 2661 indigenti
777 2592 989 2657 tribuit,
1016 2602 1041 2629 ι
1072 2591 1123 2646 in
1148 2606 1257 2662 quo
1283 2591 1399 2663 ipse
1429 2595 1471 2647 si
1503 2590 1712 2648 dederit
1736 2602 2070 2664 angustatur.

495 2681 564 2735 Et
588 2690 717 2736 tunc
743 2682 897 2751 plena
925 2691 1008 2737 est
1037 2683 1217 2737 cordis
1258 2685 1426 2739 nostri
1454 2685 1774 2754 compassio,
1808 2698 1929 2741 cum
1962 2702 2075 2740 ma-

491 2772 599 2827 lum
629 2773 821 2843 inopia:
848 2788 943 2842 pro
974 2776 1222 2843 proximo
1244 2778 1517 2844 suscipere
1542 2790 1649 2830 non
1678 2777 1995 2846 metuimus,
2017 2786 2076 2831 ut

491 2863 637 2919 illum
668 2879 697 2918 ι
726 2865 975 2934 passione
1012 2867 1321 2922 libereMus.

560 2977 648 3032 69.
682 2974 903 3034 Pietatis
930 2984 1149 3049 formam
1178 2980 1408 3037 Christus
1429 2982 1579 3039 nobis
1624 2985 1786 3051 dedit,
1827 2986 1877 3039 et
1904 2984 2075 3039 docuit

493 3070 720 3129 Paulus.
747 3104 817 3116 —
842 3075 1013 3143 Quam
1043 3077 1291 3134 videlicet
1320 3080 1528 3147 pietatis
1561 3081 1784 3136 formam
1818 3076 2072 3137 Mediator

495 3165 651 3220 nobis
694 3167 783 3222 Dei
811 3178 865 3222 et
907 3168 1181 3224 hominum
1208 3168 1529 3240 {dedit.\Qui
1558 3190 1677 3230 cum
1712 3174 1890 3243 posset
1922 3177 2076 3231 nobis

2166 604 2395 675 inopiam
2436 605 2575 661 ferre
2616 621 2720 660 non
2757 606 3057 661 valentibus
3096 602 3419 659 tolerabilius
3447 610 3529 655 est
3560 598 3735 653 minus

2165 697 2400 753 tribuere
2436 713 2591 768 quam
2632 706 2753 767 post
2795 698 3090 767 largitatem
3134 710 3283 750 suam
3316 709 3379 750 ex
3408 692 3602 762 inopiae
3646 706 3743 747 au-

2167 789 2339 861 gustia
2362 806 2716 845 murmurare.
2749 786 2878 844 Nam
2904 799 2961 843 ut
2981 791 3045 844 ad
3069 804 3257 860 magna
3288 786 3545 858 largiendi
3569 786 3742 842 studia

2167 882 2491 939 audientium
2544 890 2750 938 mentes
2797 882 3143 947 accenderet,
3174 874 3333 951 paulo
3381 888 3499 948 post
3546 878 3742 945 intulit,

2166 976 2348 1032 dicens
2372 996 2384 1030 :
2411 976 2527 1032 Hoc
2555 986 2721 1031 autem
2750 976 2863 1030 dico
2888 994 2903 1029 :
2930 976 3032 1042 Qui
3066 990 3213 1043 parce
3240 974 3480 1037 seminat,
3521 988 3672 1039 parce
3697 980 3747 1025 et

2167 1078 2315 1124 metet
2337 1067 2427 1141 (11
2468 1068 2586 1123 Cor.
2616 1085 2693 1134 rx,
2721 1068 2803 1139 6).
2852 1066 2978 1121 Pius
3006 1076 3180 1119 autem
3213 1078 3592 1132 nonnunquam
3625 1077 3744 1118 esse

2168 1161 2395 1216 dicimus
2425 1159 2655 1230 compati
2684 1176 2747 1214 ex
2772 1158 2953 1223 corde,
2986 1173 3144 1228 quam
3174 1156 3320 1219 dare,
3354 1156 3477 1226 quia
3505 1154 3748 1223 quisquis

2169 1256 2404 1326 perfecte
2432 1255 2687 1324 indigenti
2734 1253 3073 1321 compatitur,
3105 1252 3280 1305 minus
3326 1249 3558 1305 testimat
3585 1263 3746 1303 omne

2169 1334 2310 1419 quod
2358 1350 2466 1404 dat.
2513 1348 2621 1402 Nisi
2654 1347 2796 1403 enim
2829 1346 3007 1401 dantis
3051 1360 3264 1399 manum
3320 1344 3457 1399 bona
3504 1330 3749 1409 voluntas

2170 1442 2426 1505 vinceret,
2472 1440 2613 1494 idem
2663 1439 2977 1507 praedicator
3025 1436 3274 1507 egregius
3318 1434 3592 1503 discipulis
3642 1450 3751 1487 non

2172 1533 2430 1593 dixisset:
2460 1532 2560 1598 Qui
2588 1549 2688 1586 non
2730 1532 2895 1585 solum
2926 1532 3091 1600 facere
3110 1572 3124 1594 ,
3155 1529 3246 1583 sed
3279 1537 3327 1583 et
3356 1522 3484 1585 uelle
3530 1525 3752 1596 coepistis

2172 1627 2231 1679 ab
2254 1643 2386 1680 anno
2409 1626 2567 1697 priori
2598 1623 2687 1696 (ΙΙ
2715 1625 2831 1679 Cor.
2864 1638 2978 1689 vm,
3014 1622 3126 1691 id).
3162 1621 3340 1677 Facile
3366 1620 3559 1691 quippe
3589 1627 3670 1674 est
3696 1619 3751 1674 in

2174 1716 2314 1772 bono
2333 1732 2494 1786 Opere
2509 1716 2728 1773 obedire
2742 1713 2769 1753 ἀ
2791 1717 2950 1771 etiam
2976 1706 3268 1770 nolentem.
3292 1713 3397 1769 Sed
3425 1714 3541 1768 haec
3561 1726 3752 1782 magna

2177 1812 2226 1865 in
2254 1812 2533 1882 discipulis
2558 1811 2728 1866 virtus
2756 1811 3054 1876 exstiterat,
3086 1824 3179 1867 eos
3225 1811 3419 1865 bonum
3468 1808 3607 1878 quod
3652 1807 3753 1862 illis

2098 1888 2150 1958 Β
2177 1913 2501 1972 prmcepmm
2530 1911 2611 1955 est
2636 1910 2689 1956 et
2714 1909 2837 1955 ante
2873 1901 3123 1957 voluisse.

2244 1992 2635 2046 7t’i.'Exteriora
2678 1993 2917 2063 largiens,
2949 1988 3148 2061 aliquid
3190 1992 3253 2045 de
3300 2002 3416 2056 suo,
3448 1986 3754 2060 compassio-

2173 2106 2286 2143 nem
2313 2089 2631 2158 impendens,
2662 2086 2860 2156 aliquid
2884 2086 2972 2140 dat
3010 2086 3072 2140 de
3098 2084 3284 2155 seipse.
3309 2114 3379 2125 -
3399 2082 3533 2150 Quia
3575 2084 3755 2153 itaque

2173 2180 2264 2237 vir
2280 2188 2498 2235 sanctus
2527 2178 2665 2248 apud
2694 2179 3115 2242 omnipotentem
3145 2179 3309 2233 Deum
3334 2177 3621 2247 aliquando
3643 2192 3755 2230 ma-

2168 2276 2257 2346 jus
2279 2272 2457 2329 datum
2482 2279 2705 2327 noverat
2732 2270 2926 2327 mentis
2953 2282 3073 2326 esse
3102 2283 3260 2341 quam
3292 2270 3553 2333 muneris,
3579 2267 3757 2325 dicat:

2173 2360 2390 2421 Flebam
2420 2365 2679 2436 quondam
2705 2381 2855 2433 super
2885 2376 2941 2441 eo
2964 2366 3052 2434 qui
3080 2363 3291 2435 afﬂictus
3321 2368 3452 2428 erat,
3483 2372 3529 2417 et
3550 2379 3756 2430 compa-

2174 2457 2388 2511 tiebatur
2410 2459 2581 2509 anima
2603 2473 2711 2509 mea
2736 2457 2963 2526 pauperi.
2988 2454 3265 2510 Exteriore
3285 2452 3480 2509 etenim
3498 2452 3755 2523 largiens,

2176 2566 2287 2603 rem
2320 2557 2469 2604 extra
2499 2546 2842 2618 semetipsum
2875 2548 3119 2617 praebuit.
3154 2545 3253 2614 Qui
3288 2556 3464 2601 autem
3487 2542 3670 2601 ﬂetum
3702 2554 3757 2602 et

2178 2643 2610 2710 compassionem
2636 2641 2878 2709 proximo
2910 2640 3110 2705 tribuit,
3140 2641 3188 2694 ei
3212 2639 3413 2711 aliquid
3443 2641 3601 2694 etiam
3633 2646 3657 2677 ο
3685 2638 3757 2696 de

2176 2734 2465 2803 semetipso
2510 2732 2676 2789 dedit.
2735 2734 2936 2789 idcirco
2975 2726 3151 2788 aute'm
3185 2733 3301 2802 plus
3332 2734 3757 2803 compassionem

2176 2844 2333 2898 quam
2361 2828 2540 2882 datum
2566 2829 2808 2893 dicimus,
2837 2828 2956 2896 quia
2985 2842 3095 2880 rem
3124 2826 3420 2896 quamlibet
3444 2826 3758 2899 plerumque

2177 2921 2266 2975 dat
2280 2924 2438 2977 etiam
2457 2925 2541 2993 qni
2566 2939 2672 2977 non
2689 2925 3029 2991 compatitur,
3056 2935 3324 2991 nunquam
3339 2931 3514 2974 autem
3536 2920 3621 2985 qui
3637 2934 3759 2974 vere

2178 3013 2497 3081 compatitur
2510 3013 2649 3081 quod
2668 3013 3024 3066 necessarium
3045 3014 3290 3080 proximo
3308 3011 3569 3079 compicit
3583 3018 3758 3077 negat.

2250 3100 2333 3159 7i.
2371 3103 2603 3159 Ecclesia
2645 3104 2766 3172 ﬁliis
2793 3105 2898 3157 suis
2926 3100 3277 3171 paenitentibus
3323 3102 3655 3173 compatiens,
3690 3102 3758 3153 fa.

2182 3214 2381 3268 crgmas
2412 3208 2459 3251 et
2485 3199 2734 3254 arationes
2749 3198 2946 3269 jungit.
2969 3226 3037 3235 —
3056 3180 3186 3262 Qua:
3220 3196 3466 3250 nimirum
3498 3195 3760 3249 sententia

494 3270 656 3362 eum?
696 3274 813 3362 Ψη-
860 3262 1135 3362 m9"_‘?"“°
1179 3279 1498 3362 “99‘3""8'8
1524 3306 1537 3329 θ
1570 3269 1857 3362 Sumam":
1895 3279 2075 3362 “me”
2104 3268 2153 3335 α
2183 3292 2320 3348 bene
2350 3307 2558 3362 quoque
2591 3302 2788 3347 sanctae
2813 3291 3068 3345 Ecclesiae
3094 3290 3312 3345 vocibus
3337 3291 3580 3362 congruit
3608 3308 3760 3358 τίμια)

494 3353 775 3409 moriendo
799 3348 1104 3411 hominibus
1130 3354 1318 3425 voluit,
1348 3362 1469 3427 quia
1500 3375 1598 3415 nos
1625 3356 1873 3417 videlicet
1900 3358 2075 3418 minus

494 3454 743 3511 amasset,
780 3444 882 3502 nisi
909 3454 962 3502 et
992 3449 1214 3503 vulnera
1260 3460 1442 3505 nostra
1487 3452 1809 3522 susciperet;
1844 3471 1942 3510 nec
1970 3459 2074 3510 vim

492 3537 647 3591 nobis
692 3550 802 3593 suae
849 3528 1151 3595 dilectionis
1180 3532 1207 3578 δ
1233 3543 1562 3609 ostenderet,
1594 3540 1695 3600 nisi
1729 3542 1830 3599 hoc
1879 3549 2019 3614 quod
2046 3564 2074 3601 a

490 3630 644 3686 nobis
674 3632 887 3687 tolleret
916 3634 983 3689 ad
1025 3644 1234 3703 tempus
1261 3636 1378 3705 ipse
1425 3637 1742 3693 sustineret.
1789 3630 2077 3695 Passibiles

494 3722 688 3792 quippe
730 3727 1088 3793 mortalesque
1120 3726 1217 3781 iio's
1244 3728 1462 3797 reperit,
1507 3742 1560 3785 et
1590 3731 1678 3800 qui
1710 3746 1808 3786 nos
1839 3733 2078 3789 existere

491 3810 619 3867 fecit
663 3818 731 3867 ex
780 3804 989 3881 nihilo,
1018 3822 1275 3872 terocare
1324 3812 1571 3873 videlicet
1618 3822 1777 3875 etiam
1823 3823 1937 3876 sine
1983 3839 2078 3878 sua

494 3915 668 3961 morte
696 3900 865 3976 potuit
888 3918 917 3962 a
950 3910 1215 3979 passione.
1255 3902 1361 3988 sed
1407 3916 1464 3966 ut
1510 3924 1703 3982 quanta
1737 3924 1880 3969 esset
1908 3915 2078 3973 virtus

496 3999 883 4067 compassionis
912 4003 1240 4067 ostenderet,
1268 4002 1384 4058 ﬁeri
1416 4019 1512 4069 pro
1544 4006 1699 4059 nobis
1725 4006 1972 4073 dignatus
1999 4018 2080 4063 est

501 4098 524 4128 ε
558 4090 703 4159 quod
728 4098 847 4145 eSSe
875 4106 971 4146 nos
1002 4092 1189 4157 noluit,
1224 4101 1280 4147 ut
1310 4095 1362 4149 in
1392 4098 1683 4166 semetipso
1713 4102 2079 4169 temporaliter

496 4190 723 4237 mortem
773 4185 1096 4253 susciperet,
1124 4200 1284 4255 quam
1313 4202 1342 4240 a
1375 4187 1530 4242 nobis
1564 4192 1613 4243 in
1649 4203 1960 4262 perpetuum
1993 4196 2076 4252 fu-

488 4262 765 4343 garet/An
797 4290 902 4329 non
938 4277 987 4329 in
1018 4272 1321 4333 divinitatis
1357 4293 1467 4334 suae
1496 4281 1695 4338 divitiis
1744 4286 1898 4341 nobis
1944 4288 2080 4343 invi-

489 4366 660 4420 sibilis
689 4380 1025 4433 permanens,
1050 4369 1202 4423 miris
1230 4384 1327 4424 nos
1351 4374 1521 4440 potuit
1545 4374 1826 4437 virtutibus
1856 4380 2067 4435 ditare?

491 4457 639 4531 [νει.
671 4452 774 4512 XX
792 4448 949 4529 VII.]
996 4458 1101 4515 Sed
1137 4469 1193 4515 ut
1221 4459 1285 4515 ad
1335 4460 1573 4519 internas
1620 4466 1832 4521 divitias
1882 4468 2080 4526 rediret

490 4544 673 4617 homo,
692 4552 833 4607 foras
851 4560 1111 4622 apparere
1128 4552 1376 4624 dignatus
1405 4565 1485 4610 est
1508 4570 1706 4626 pauper
1736 4554 1892 4615 Deus.
1924 4560 2077 4619 Unde

489 4652 543 4695 et
574 4641 892 4709 praedicator
918 4645 1183 4712 egregius,
1212 4653 1267 4699 ut
1308 4646 1374 4700 ad
1414 4646 1680 4715 largitatis
1710 4657 1929 4721 gratiam
1965 4656 2074 4709 vis-
2103 4660 2156 4719 D

492 4747 615 4786 cera
646 4736 843 4786 nostra:
871 4734 1259 4802 Compassionis
1285 4739 1621 4807 accenderet,
1649 4743 1784 4796 dixit
1808 4762 1821 4797 :
1852 4742 2073 4817 Propter

489 4845 580 4882 nos
613 4845 795 4899 egenus
827 4830 994 4898 factus
1018 4838 1111 4897 est,
1142 4822 1259 4885 cum
1288 4835 1423 4887 dives
1454 4845 1581 4889 esset
1607 4834 1696 4907 (11
1718 4837 1836 4893 Cor.
1858 4854 1968 4905 vin,
1994 4842 2073 4909 9).

488 4920 588 4987 Qui
629 4920 707 4975 sic
755 4922 914 4976 etiam
960 4920 1124 4976 dicit:
1150 4920 1272 4978 Non
1302 4937 1356 4977 ut
1386 4928 1503 4980 aliis
1547 4928 1611 4981 sit
1650 4932 1901 4995 remissio,
1936 4934 2074 4989 vobis

488 5024 660 5069 autem
686 5008 945 5069 tribulatio
978 5014 1165 5086 (Ibid.,
1212 5018 1326 5089 i5).
1371 5014 1495 5075 Haec
1536 5022 1720 5089 procul
1751 5020 1911 5079 dubio
1938 5038 2072 5081 con-

559 5200 586 5230 ⁸
615 5191 799 5248 Germ.
831 5198 885 5246 et
910 5190 1106 5247 Excusi
1125 5235 1140 5258 ,
1182 5194 1236 5247 in
1274 5210 1375 5263 quo
1400 5196 1623 5263 ipsequi
1648 5195 1866 5253 dederit.
1896 5200 2067 5260 Mula-

491 5265 663 5335 vimus
689 5264 773 5332 qui
800 5263 955 5335 in_si,
989 5274 1204 5334 propter
1233 5274 1351 5319 etet.
1386 5266 1510 5320 Mss.
1544 5283 1883 5335 consensum.

557 5334 584 5373 δ
612 5334 817 5406 Germ.,
850 5333 1060 5389 Gemet.
1086 5351 1150 5389 ac
1172 5336 1259 5388 alii
1297 5335 1508 5400 Nortn.,
1535 5333 1844 5406 infunderet.

562 5416 591 5480 ¢_
618 5404 813 5480 Vatic._
834 5415 888 5459 et
916 5406 990 5480 a_l_.
1038 5416 1239 5461 recent.
1258 5447 1274 5471 ,
1306 5407 1441 5474 quod
1482 5404 1597 5462 esset
1631 5427 1720 5464 nos
1762 5414 1939 5480 voluit,
1970 5418 2064 5471 sed

487 5475 899 5551 reclamantibus
936 5476 1063 5551 giss.
1096 5486 1151 5530 et
1194 5487 1377 5531 contra
1409 5481 1575 5533 sancti
1623 5481 1861 5551 Gregorii
1907 5475 2060 5542 men-

486 5556 623 5607 rem;
654 5547 730 5600 ait
757 5546 899 5622 enim
927 5545 1201 5622 _Christun_t
1228 5559 1475 5622 mortem,
1509 5560 1563 5603 ut
1607 5545 1975 5622 evaderemus,
2010 5559 2062 5613 in

434 5654 435 5659 η
487 5619 895 5691 sesuscepisse,
922 5618 1025 5691 ltoc
1052 5620 1276 5691 estiﬁeri
1302 5621 1531 5676 voluisse
1556 5625 1691 5691 quod
1715 5642 1806 5680 nos
1834 5644 1942 5682 esse
1964 5618 2063 5682 ἠο-

487 5688 882 5759 ΙιιὶιηΝοεῑτξηη
922 5688 1041 5742 lect.
1070 5690 1268 5744 habent
1294 5693 1455 5745 etiam
1485 5688 1690 5759 pl.'vet.
1726 5696 1825 5751 Ed.

465 5772 531 5839 ομ
560 5758 587 5795 ά
619 5758 815 5839 Exc'usi
841 5759 998 5839 etiarn
1014 5758 2059 5839 valeatqn._Ms_s.Corb_._Germ.,Anglic.,

485 5830 696 5909 μογωη
726 5827 1165 5909 caud.,_cerm_.,
1198 5832 1309 5886 Val.
1345 5832 1449 5909 eL,
1494 5836 1718 5909 Beli_ov.,
1749 5827 1945 5895 habent
1968 5827 2061 5895 nol

486 5900 704 5958 tentem;
728 5898 911 5963 sicque
933 5898 1214 5967 legendum
1246 5906 1472 5968 probant
1500 5907 1661 5961 verba
1689 5898 1929 5976 seq.:sed
1955 5912 2061 5967 Iure

2182 3384 2306 3443 dum
2354 3387 2577 3442 afﬂictos
2604 3373 2841 3455 quosque
2867 3401 2963 3455 per
2990 3387 3219 3440 lamenta
3270 3384 3601 3454 poenitentite
3629 3400 3760 3441 con-

2182 3481 2370 3549 spicit,
2405 3478 2424 3516 τ
2459 3495 2583 3534 suos
2630 3480 2676 3532 ei
2726 3480 2970 3533 oratione
3000 3479 3249 3532 continua
3297 3478 3451 3533 ﬂetus
3489 3478 3683 3548 jungit,
3712 3487 3760 3535 et

2183 3575 2339 3628 toties
2371 3589 2536 3643 egeno
2567 3574 2726 3644 6'11
2759 3573 3100 3642 compatilur,
3133 3572 3341 3642 quoties
3393 3573 3557 3627 menti
3591 3573 3753 3626 virtu-

2184 3668 2325 3721 tibus
2362 3667 2575 3721 nudatae
2607 3667 3011 3722 interventionis
3038 3682 3147 3721 suae
3179 3665 3421 3735 precibus
3449 3664 3754 3735 opitulatur.

2182 3758 2355 3829 Super
2419 3760 2669 3835 afﬂictum
2728 3759 2922 3829 quippe
2974 3760 3362 3829 compatientes
3423 3760 3761 3828 plangimus,

2182 3852 2395 3922 quando
2437 3852 2606 3905 aliena
2645 3853 2839 3905 damna
2885 3860 3064 3905 nostra
3113 3850 3452 3920 deputamus.
3481 3859 3533 3905 et
3579 3851 3764 3919 culpas

2181 3943 2601 4011 delinquentium
2630 3943 2823 3995 nostris
2841 3944 3095 3995 mundare
3113 3940 3323 3996 ﬂetibus
3345 3941 3585 3996 nitimur.
3602 3940 3759 4009 Quod

2182 4035 2428 4089 videlicet
2475 4043 2728 4102 agentes,
2760 4035 2877 4102 plus
2924 4034 3239 4102 plerumque
3291 4033 3441 4089 nobis
3488 4049 3644 4103 quam
3680 4035 3764 4089 liis

2182 4142 2278 4193 pro
2305 4125 2495 4195 quibus
2524 4127 2695 4193 agitur
2725 4124 3090 4183 subvenitnus.
3125 4124 3263 4193 quia!
3284 4133 3309 4171 8
3342 4124 3479 4194 apud
3513 4124 3762 4179 intimum

2181 4217 2436 4271 arbitrum
2467 4226 2522 4272 et
2549 4218 2770 4287 gratiam
2798 4218 3074 4272 charitatis
3096 4220 3445 4290 aspirantem,
3471 4220 3763 4275 commissa

2181 4324 2403 4377 quicque
2455 4310 2689 4375 perfecte
2742 4309 2895 4363 diluit
2949 4309 3199 4376 propria,
3234 4312 3322 4380 qui
3381 4327 3511 4379 pure
3561 4313 3765 4381 plangit

2180 4403 2374 4454 aliena.
2408 4400 2801 4454 Persecutionis
2830 4400 2991 4469 igitur
3040 4402 3244 4456 ultima:
3291 4412 3472 4457 sancta
3523 4402 3764 4461 Ecclesia

2183 4491 2521 4546 tribulatione
2542 4492 2897 4560 deprehensa,
2926 4491 3147 4546 reducat
3177 4493 3242 4547 ad
3275 4495 3586 4549 memoriam
3617 4498 3764 4564 pacis

2183 4594 2439 4649 tempore
2468 4582 2602 4636 bona
2635 4598 2754 4652 qua:
2788 4584 2971 4653 gessit,
3007 4583 3191 4637 dicens
3218 4601 3229 4635 :
3258 4580 3469 4637 Flebant
3501 4588 3764 4655 quondam

2181 4693 2330 4749 super
2355 4692 2413 4731 eo
2441 4678 2528 4747 qui
2560 4677 2771 4747 amictus
2796 4686 2924 4745 erat,
2952 4686 2999 4730 et
3029 4678 3426 4743 compatiebatur
3447 4681 3618 4733 anima
3647 4697 3762 4734 mea

2181 4770 2416 4842 pauperi.
2441 4769 2567 4836 Quae
2592 4769 2816 4822 internae
2836 4770 2964 4822 lucis
2984 4768 3169 4838 gaudia
3201 4780 3396 4825 aeterna
3421 4772 3760 4842 desiderans,

2180 4861 2271 4916 sed
2303 4872 2479 4916 tamen
2512 4862 2684 4913 adhuc
2711 4859 2891 4923 dilata,
2924 4861 3043 4928 quia
3075 4862 3227 4915 malis
3252 4864 3608 4920 exterioribus
3637 4880 3762 4937 pre-

2181 4952 2375 5018 mitur,
2406 4953 2570 5005 sancti
2603 4951 2703 5004 viri
2732 4951 2951 5007 vocibus
2978 4951 3268 5023 adjunga-t:

2173 5208 2359 5273 magna
2386 5200 2437 5253 in
2463 5197 2731 5268 discipulis
2760 5198 2921 5253 virtus
2948 5200 3211 5255 mtiterat
3235 5243 3249 5268 ,
3282 5218 3366 5257 eos
3396 5202 3581 5259 bonum
3619 5207 3760 5273 quod

2172 5276 2276 5329 illis
2318 5280 2627 5342 praeceptum
2655 5278 2758 5335 est,
2793 5281 2839 5325 et
2869 5281 2985 5325 ante
3013 5274 3247 5328 voluisse.
3297 5275 3352 5328 in
3402 5275 3574 5331 Paris.
3610 5274 3759 5333 Edit.

2171 5362 2262 5399 an.
2308 5342 2447 5398 1586
2484 5344 2620 5397 hanc
2666 5342 2945 5398 lectionem
2990 5343 3151 5400 habes
3195 5346 3247 5400 in
3300 5347 3541 5416 margine
3585 5362 3759 5403 anno.-

2168 5426 2410 5614 ΖῈΞΙΙᾹΙ.
2443 5485 2553 5553 CL,
2572 5485 2637 5539 de
2663 5487 2952 5558 semetipso,
2977 5484 3141 5557 gratia
3181 5486 3443 5543 charitatis
3471 5490 3757 5559 aspirante,

2271 5577 2287 5612 ι
2314 5599 2329 5614 .

2277 5564 2329 5614 ,1.

2205 5564 2537 5714 ’ἕι-ᾙΙυτίωἰ,
2566 5643 2687 5682 suos
2710 5629 2813 5695 eis;
2844 5629 2985 5699 quod
3012 5631 3171 5685 etiam
3203 5632 3477 5686 annotavit
3499 5631 3663 5689 Giiot.
3698 5634 3754 5689 in

2166 5715 2460 5827 mirgtiiifb.
2490 5770 2697 5839 Germ.,
2724 5771 2891 5826 Laud.
2920 5782 2973 5827 et
2999 5772 3207 5841 Germ.,
3231 5777 3373 5843 apud
3402 5777 3643 5831 intimum
3667 5792 3758 5832 ar-

2165 5844 2360 5917 bitreris.
2560 5843 2668 5910 ('21.,
2702 5844 2841 5913 apud
2871 5845 3194 5917 mitissimum
3221 5846 3481 5917 arbitram.
3519 5847 3573 5902 lu
3598 5846 3749 5903 Edit.

2164 5916 2326 5970 Β.σεὶ1.
2361 5914 2498 5970 1514
2527 5923 2839 5969 annotatum
2861 5916 3100 5971 arbitram
3122 5918 3177 5997 in
3200 5914 3458 5995 margine.
