4104 6350
661 412 892 477 eam
928 404 1174 475 axxvu
1204 420 1352 491 illoc.
1387 419 1660 492 xxvu].

444 509 609 566 Vitas.
636 510 731 566 26.
753 540 826 552 -—
861 508 1228 583 Exspectabam
1270 512 1419 582 bona,
1444 521 1493 566 et
1535 520 1782 568 uenerant
1830 513 1954 567 mihi

371 608 536 675 mala;
564 608 897 680 prtestolabor
926 608 1109 673 lucem,
1139 616 1185 662 et
1211 616 1489 679 eruperunt
1530 606 1768 664 tenebrae.

312 722 344 773 ε.
443 702 533 756 72.
585 702 900 769 Electoram,
954 701 1296 773 Ecclesiteque
1343 700 1513 769 dolor,
1551 703 1702 757 etiam
1731 710 1957 770 tempore

372 796 535 867 pacis,
565 813 597 849 a
645 796 753 851 suis
796 797 1193 867 persecutionem
1250 796 1598 851 tolerantiam.
1646 825 1718 835 -
1754 795 1956 851 Fidelis

370 888 516 947 enim
565 888 795 960 papulas
837 898 1113 960 exspectat
1157 890 1318 956 bona,
1367 890 1460 945 sed
1508 890 1650 943 mala
1693 889 1953 959 suscipit;

370 986 712 1054 praestolatur-
755 986 931 1042 lucem
958 1027 974 1051 ,
1006 993 1061 1041 et
1108 980 1360 1041 tenebras
1409 984 1652 1049 incurrit,
1684 984 1806 1055 quia
1860 999 1958 1054 per

368 1078 821 1136 remunerationis
840 1078 1067 1150 gratiam
1091 1080 1353 1137 interesse
1376 1074 1707 1148 jamjamque
1735 1078 1958 1149 angelo-

369 1186 490 1227 rum
513 1184 575 1227 se
600 1169 821 1243 gaudiis
835 1179 1044 1240 sperat,
1074 1179 1333 1227 et'tamen
1365 1170 1454 1225 hic
1494 1170 1693 1225 diutius
1731 1169 1952 1235 dilatus,

371 1276 567 1319 manus
595 1263 1034 1333 persequentium
1083 1264 1313 1329 tolerat;
1341 1271 1397 1317 et
1436 1262 1525 1332 qui
1553 1275 1613 1317 se
1640 1263 1958 1332 quantocius

370 1356 603 1412 aestimat
630 1364 855 1425 aeternae,
872 1355 1009 1411 lucis
1031 1356 1386 1411 retributione
1416 1355 1633 1424 perfrui,
1667 1354 1755 1409 hic
1782 1354 1959 1409 adhuc

370 1445 711 1515 compellitur
780 1453 1187 1515 persecuturum
1244 1458 1466 1499 suorum
1530 1438 1779 1499 tenebras
1826 1451 1954 1511 patr.

368 1541 501 1611 Quae
528 1539 779 1596 videlicet
817 1540 955 1595 mala
1006 1538 1440 1609 persequentium
1484 1539 1661 1593 minus
1690 1526 1956 1601 dolerent,

369 1624 416 1688 si
438 1631 507 1686 ab
535 1630 842 1687 inﬁdelibus
865 1630 1298 1700 adversariisque
1323 1636 1729 1699 consurgerent.
1760 1628 1866 1685 Sed
1893 1642 1958 1683 eo

368 1722 601 1779 deterius
630 1732 868 1779 mentem
896 1722 1191 1779 electorum
1218 1722 1478 1789 cruciant,
1503 1734 1611 1790 quo
1635 1721 1704 1776 ab
1730 1720 1840 1775 illis
1866 1735 1958 1776 ve-

1266 298 1632 360 MORALIUI
1669 300 1800 389 ψ.
1841 299 1967 360 XX.
2007 324 2076 348 ει·-
2115 303 2344 364 CAPUT
2380 305 2530 366 xxx
2568 306 2629 364 Β.
2672 306 2813 366 JOB.

1979 420 2031 481 Δ
2057 422 2156 490 Qui
2182 425 2229 478 si
2258 425 2324 479 ad
2352 427 2676 482 exteriorem
2726 425 3029 482 felicitatem
3062 440 3213 481 suam
3260 439 3355 481 cor
3406 439 3645 496 appone-

2058 527 2201 583 rent,
2230 516 2362 586 justi
2397 518 2641 605 profecto
2667 534 2773 575 non
2802 527 3003 575 essent.
3035 518 3142 575 Sed
3183 518 3303 586 quia
3332 532 3427 573 cor
3454 516 3646 575 huma-

2058 618 2187 692 num
2215 621 2321 661 non
2347 617 2525 676 potest
2551 610 2620 666 de
2646 609 2779 679 ipsis
2805 608 3250 681 prosperitatibus
3276 624 3456 665 rerum
3480 622 3649 680 quau-

2058 697 2388 769 tulacunque
2413 700 2583 770 gloria
2629 702 2776 757 nullo
2816 702 2977 758 modo
3003 703 3220 767 tentari,
3253 710 3441 758 contra
3470 703 3643 773 ipsam

2002 808 2008 813 '
2060 792 2479 859 prosperitatem
2512 809 2661 848 suam
2687 794 2859 850 sancti
2884 795 2983 849 viri
3012 795 3339 869 intrinsecus
3367 794 3645 864 dimicant,

2060 897 2168 937 non
2195 882 2315 937 dico
2344 900 2413 939 ne
2437 887 2491 939 in
2513 885 2768 951 elatione,
2799 887 2894 942 sed
2925 904 2994 943 ne
3022 888 3078 942 in
3098 888 3216 957 ejus
3242 888 3434 943 saltem
3461 899 3648 942 amore

2061 976 2431 1032 succumbant.
2482 975 2581 1032 Cui
2638 978 2795 1034 valde
2840 979 3189 1036 succubuisse
3229 988 3348 1047 est,
3382 979 3648 1049 captivam
3700 980 3707 985 ”

2063 1078 2294 1124 mentem
2326 1069 2443 1138 ejus
2484 1070 2767 1127 desideriis
2797 1071 3120 1127 subdidisse.
3167 1071 3296 1140 Quis
3324 1079 3502 1127 autem
3536 1080 3649 1127 ter-

2062 1177 2191 1217 rena
2236 1164 2476 1233 sapiens,
2524 1166 2838 1236 temporalia
2891 1166 3252 1236 amplectens,
3286 1166 3498 1223 beatum
3547 1165 3650 1221 Job

2062 1254 2203 1311 inter
2251 1264 2327 1311 tot
2362 1272 2617 1326 prospera
2648 1259 2830 1325 laetum
2861 1274 2969 1314 non
2997 1258 3258 1325 crederet,
3293 1272 3415 1313 cum
3444 1257 3497 1313 ei
3524 1272 3669 1328 sup--

2062 1358 2273 1428 peteret
2315 1350 2460 1406 salus
2487 1352 2750 1420 corporis,
2784 1352 2890 1406 vita
2919 1351 3177 1418 ﬁliorum,
3201 1351 3540 1407 incolumitas
3566 1349 3651 1405 fa-

2056 1425 2254 1508 ‘m'iliaa,
2284 1442 2559 1512 integritas
2588 1442 2845 1514 gregum?
2893 1441 2998 1498 Sed
3039 1444 3162 1519 quia
3202 1443 3254 1497 in
3286 1442 3371 1497 his
3398 1442 3649 1497 omnibus

2055 1548 2170 1586 inon
2217 1533 2495 1604 gauderet,
2527 1536 2642 1604 ipse
2692 1535 2795 1592 sibi
2842 1534 2997 1590 testis
3038 1544 3145 1601 est,
3172 1536 3261 1605 qui
3289 1535 3361 1589 ait
3389 1553 3402 1587 :
3428 1532 3683 1593 larens,

2061 1624 2374 1679 incedebam.
2400 1626 2600 1681 Sancto
2621 1628 2765 1682 enim
2790 1628 2907 1681 viro
2928 1625 3104 1682 adhuc
3134 1627 3187 1681 in
3221 1629 3322 1681 hac
3353 1627 3653 1697 peregrina-

2063 1716 2209 1772 tione
2254 1717 2426 1784 posito
2474 1731 2635 1773 omne
2682 1718 2824 1787 quod
2862 1719 2983 1774 sine
3032 1718 3243 1773 visione
3285 1717 3382 1773 Dei
3420 1718 3653 1775 abundat

370 1814 542 1883 niunt,
568 1814 636 1871 de
676 1814 869 1885 quibus
918 1813 1058 1869 bona
1108 1811 1525 1883 praesumebant.
1585 1809 1738 1867 Unde
1781 1809 1958 1866 adhuc
1986 1808 2036 1870 B
2060 1807 2239 1877 inopia
2268 1810 2527 1877 est,.quia
2554 1824 2676 1863 cum
2707 1809 2808 1864 sibi
2832 1810 3013 1865 omnia
3035 1812 3190 1865 electi
3220 1808 3416 1866 adesse
3443 1812 3647 1878 vident,

373 1904 613 1973 subditur
637 1921 654 1962 :

450 1996 602 2054 Vens.
628 1997 721 2056 επ
742 1994 1099 2055 -—Interi0ra
1121 2008 1238 2052 mea
1264 1995 1609 2066 cfferbuerunt
1635 1995 1824 2066 absque
1850 1994 1959 2049 ulla

374 2094 561 2161 requie.
1014 2106 1039 2130 κ
1372 2156 1373 2159 η

435 2191 647 2245 Sanctae
684 2189 882 2259 quippe
931 2170 1190 2243 Ecclesia
1233 2184 1493 2241 interiora
1531 2193 1557 2221 ι
1603 2183 1958 2240 effervescere

362 2288 445 2337 est
470 2280 615 2351 ipsos
639 2293 850 2349 quoque
873 2291 1009 2349 quos
1037 2292 1134 2347 per
1163 2290 1402 2331 amorem
1428 2274 1551 2329 ﬁdei
1577 2273 1723 2329 velut
1750 2273 1955 2328 viscera

362 2382 489 2431 ante
534 2380 840 2446 gestarent
869 2372 922 2427 in
954 2371 1348 2444 persecutionis
1376 2368 1661 2425 atrocitate
1701 2369 1951 2424 tolerare.

360 2463 463 2533 Qui
500 2474 704 2521 secreta
746 2464 896 2535 prius
932 2463 1073 2519 illius
1108 2468 1519 2532 cognoscentes,
1545 2468 1749 2530 quanto
1777 2460 1985 2543 sciuntq-

359 2558 451 2614 ubi
480 2557 651 2629 magis
691 2557 871 2614 doleat
892 2597 910 2626 ,
939 2565 1090 2612 tanto
1118 2556 1358 2613 deterius
1404 2555 1474 2611 ab
1503 2554 1791 2612 afflictione
1837 2554 1955 2624 ejus

359 2651 588 2705 minime
609 2651 912 2721 quiescunt.
947 2648 1095 2716 Quos
1124 2655 1302 2702 tamen
1327 2655 1380 2701 et
1407 2646 1553 2716 pacis
1580 2660 1692 2701 sua:
1712 2654 1955 2716 tempore

358 2744 591 2816 graviter
637 2743 859 2810 tolerat,
905 2741 1030 2813 quia
1081 2742 1192 2798 suis
1254 2741 1723 2812 praedicationibus
1766 2752 1969 2811 eorum

358 2850 542 2898 mores
590 2839 889 2895 contrarios
919 2847 1132 2909 pensat.
1180 2837 1356 2893 Gemit
1396 2835 1563 2902 enim,
1592 2850 1712 2891 cum
1760 2850 1950 2893 eorum

359 2934 527 2989 vitam
566 2934 667 2988 sibi
706 2930 1024 2988 dissimilem
1068 2931 1351 3001 conspicit.
1385 2930 1463 2986 De
1499 2929 1695 3001 quibus
1731 2937 1790 2986 et
1831 2938 1953 3000 apte

358 3025 697 3095 subjuugitur
721 3043 731 3075 :

429 3118 554 3172 ΙΒῐὺ.
582 3147 651 3158 -
680 3115 1045 3172 Praevenerunt
1080 3133 1160 3171 me
1187 3116 1294 3171 dies
1317 3116 1622 3187 aﬂlictionrs.

2058 1902 2459 1972 gemunttqnod
2497 1902 2735 1958 omnium
2781 1913 3055 1958 auctorem
3086 1918 3192 1957 non
3223 1902 3435 1967 vident;
3467 1904 3653 1976 eisque

2059 2003 2231 2050 totum
2257 1995 2359 2049 hoc
2378 1994 2554 2052 minus
2574 2006 2680 2069 est,
2705 1998 2827 2067 quia
2850 1997 3026 2053 adhuc
3052 1999 3260 2066 species
3282 1999 3440 2053 unius
3463 1991 3649 2067 deest';

2058 2087 2244 2157 sicque
2264 2101 2360 2142 eos
2381 2086 2513 2143 foris
2533 2090 2733 2144 exaltat
2749 2090 2917 2160 gratia
2942 2105 3189 2160 supernae
3204 2089 3645 2161 dispensationis,

2036 2186 2119 2232 .ut
2147 2189 2324 2234 tamen
2348 2179 2491 2234 intus
2512 2181 2615 2237 sub
2634 2181 2918 2253 disciplina
2948 2193 3130 2239 teneat
3153 2198 3357 2240 maeror
3381 2186 3649 2255 magistra:

2057 2270 2353 2325 charitatis.
2391 2270 2493 2326 Per
2520 2287 2678 2342 quam
2708 2273 2955 2330 videlicet
3000 2274 3212 2329 discunt
3238 2284 3295 2329 ut
3324 2275 3392 2330 de
3420 2276 3504 2331 his
3530 2291 3650 2347 quas

2057 2366 2298 2419 exterius
2326 2366 2623 2435 accipiunt,
2658 2367 2798 2437 apud
2826 2366 3148 2436 semetipsos
3179 2383 3392 2438 semper
3419 2368 3649 2437 amplius

2058 2454 2436 2522 humilientur,
2469 2468 2700 2531 mentem
2748 2459 2847 2514 sub
2896 2459 3026 2529 jugo
3074 2468 3291 2515 teneant
3328 2459 3646 2531 disciplinze,

2058 2562 2329 2618 nunquam
2351 2564 2416 2604 ex
2436 2551 2712 2618 potestatis
2735 2551 2949 2606 licentia
2973 2552 3040 2606 ad
3058 2553 3445 2621 impatientiam
3469 2567 3649 2607 erum-

2059 2649 2206 2710 pant.
2242 2640 2394 2697 Unde
2413 2651 2469 2697 et
2497 2654 2618 2710 apte
2646 2643 2987 2713 subjungitur
3020 2663 3036 2699 :
3071 2644 3198 2700 Sine
3229 2645 3405 2714 furore
3432 2660 3647 2699 consur-

2056 2747 2180 2803 gens
2215 2733 2267 2785 in
2306 2734 2454 2787 turba
2495 2736 2730 2791 clamaui.
2780 2735 2935 2804 Stepe
2981 2751 3209 2805 namque
3258 2735 3642 2791 seditiosorum

2060 2825 2319 2881 tumultus
2351 2808 2626 2883 hominum
2650 2869 2665 2893 ,
2701 2831 3109 2899 praepositorum
3147 2843 3365 2883 suorum
3410 2836 3647 2885 mentem

2056 2920 2345 2987 lacessunt,
2369 2919 2558 2991 suique
2587 2920 2792 2976 ordinis
2821 2921 3043 2976 limitem
3068 2921 3387 2977 inordinatis
3412 2922 3648 2977 motibus

2056 3011 2347 3067 excedunt.

2128 3114 2217 3168 74.
2265 3114 2445 3168 Amica
2490 3117 2730 3184 potestati
2772 3131 2897 3184 pene
2947 3130 3159 3185 semper.
3186 3116 3513 3185 impatientia
3550 3125 3646 3184 est,

430 3207 569 3280 [Vet.
621 3206 725 3263 XX
740 3208 929 3282 VIII.]
974 3209 1090 3266 Scit
1138 3223 1370 3278 namque
1425 3219 1607 3265 sancta
1651 3210 1946 3267 electorum
1975 3198 2024 3262 (Σ
2050 3220 2208 3275 quam
2244 3207 2659 3282 superant_boni.
2686 3208 2846 3262 --Et
2871 3208 3188 3277 plerumque
3232 3209 3321 3277 qui
3379 3217 3644 3277 praesunt,

357 3296 595 3359 Ecclesia
636 3302 776 3371 quod
807 3303 1175 3371 persecutione
1203 3302 1416 3369 Ultima,
1451 3305 1590 3359 mala
1624 3306 1789 3360 multa
1823 3322 1947 3376 pas-

355 3407 482 3447 sura
512 3391 611 3459 sit;
642 3392 738 3447 sed
769 3392 905 3447 hanc
935 3392 1243 3448 afﬂictionis
1273 3408 1384 3449 suae
1430 3394 1547 3450 dies
1594 3399 1944 3465 praeveniunt,

355 3485 480 3554 quia
511 3483 770 3540 malorum
800 3486 961 3540 vitam
992 3486 1129 3541 intra
1160 3500 1218 3540 se
1246 3486 1479 3555 graviter
1506 3488 1665 3542 etiam
1698 3498 1944 3560 tempore

354 3574 506 3645 pacis
534 3584 734 3646 portat.
760 3575 892 3631 Nam
923 3576 1166 3646 quamvis
1198 3576 1388 3633 diebus
1420 3578 1622 3635 ultimis
1651 3589 1832 3650 aperta
1861 3582 1944 3635 in.

353 3665 591 3721 ﬁdelium
642 3669 942 3737 persecutio
988 3676 1264 3737 sequatur,
1292 3666 1431 3723 hanc
1478 3676 1657 3724 tamen
1689 3679 1743 3725 et
1774 3671 1945 3739 prius-

352 3774 516 3831 quam
538 3770 813 3829 appareat,
838 3761 892 3816 bi
918 3763 1008 3832 qui
1034 3760 1086 3815 in
1110 3776 1174 3817 ea
1204 3761 1370 3818 verba
1395 3770 1550 3825 tenus
1578 3763 1769 3820 ﬁdeles
1797 3772 1943 3835 sunt,

355 3852 534 3922 pravis
560 3854 801 3910 moribus
829 3856 1191 3909 antecurrunt.
1226 3853 1479 3925 Sequitur
1504 3874 1516 3907 :

622 3943 847 4001 CAPUT
886 3943 1154 3999 XXXVIII
1193 3945 1339 4020 [Rec.
1372 3944 1678 4017 XXVIII].

430 4036 591 4093 Vsus.
622 4036 717 4091 28.
744 4067 812 4076 —
838 4037 1058 4091 Maerens
1080 4036 1394 4104 incedebam,
1411 4040 1519 4093 sine
1542 4042 1718 4109 furore
1732 4052 1944 4093 camur-

353 4142 476 4198 gens
505 4129 558 4181 in
583 4128 728 4182 turba
753 4126 984 4181 clamavi.

428 4221 517 4275 73.
560 4220 741 4276 Sancti
764 4221 817 4274 in
847 4220 1059 4276 honoris
1081 4222 1302 4276 culmine
1330 4223 1691 4288 humilitatem,
1720 4224 1775 4278 in
1797 4224 1945 4279 rebus

354 4313 486 4367 (telis
516 4330 777 4368 maerorem
804 4324 1026 4371 servant.
1055 4313 1247 4371 Contra
1275 4319 1660 4388 prosperitatem
1702 4320 1838 4373 intus
1865 4321 1943 4374 di-

352 4405 567 4459 micant.
610 4404 771 4460 Omne
800 4407 940 4477 quod
978 4408 1087 4461 sine
1127 4407 1222 4460 Dei
1251 4410 1444 4463 visione
1486 4410 1735 4478 abundat,
1767 4413 1943 4481 inopia

352 4507 452 4555 est.
474 4526 544 4539 --
569 4498 863 4553 Notandum
890 4499 1117 4554 sollicite
1137 4501 1289 4569 juxta
1315 4501 1591 4557 historiam
1619 4505 1774 4558 video
1798 4505 1938 4575 quod

2053 3298 2156 3353 nisi
2184 3299 2238 3351 in
2264 3312 2358 3352 ore
2386 3268 2565 3353 cordis
2593 3299 2821 3369 Spiritus
2844 3268 3015 3355 sancti
3046 3268 3201 3354 freno
3233 3268 3515 3356 teneantur
3537 3340 3554 3368 ,
3583 3268 3639 3357 in

2054 3391 2208 3447 irata:
2238 3372 2607 3447 retributionis
2638 3392 2972 3467 atrocitatem
3003 3392 3316 3460 prosiliunt,
3346 3402 3642 3462 quantum-

2052 3501 2156 3555 que
2184 3485 2473 3554 prasvaient
2488 3500 2669 3555 agerc,
2687 3497 2890 3541 tantum
2920 3485 3023 3540 sibi
3043 3487 3095 3538 in
3122 3484 3348 3539 subditis
3369 3487 3644 3542 aestimant

2052 3578 2235 3633 licere.
2267 3580 2449 3633 Amica
2467 3578 2663 3633 etenim
2682 3579 2929 3647 potestati
2961 3592 3096 3645 pene
3122 3590 3337 3645 semper
3360 3579 3641 3648 impatien-

2052 3673 2123 3725 tia
2155 3682 2265 3737 est;
2296 3670 2453 3739 eique
2494 3671 2657 3725 etiam
2710 3670 2866 3725 malas
2911 3670 3170 3739 subjectae
3214 3672 3469 3740 imperat,
3514 3674 3640 3743 quia

2051 3762 2193 3832 quod
2224 3763 2338 3831 ipsa
2366 3763 2552 3827 sentit,
2581 3769 2816 3830 potestas
2846 3762 3182 3831 exsequitur.
3210 3762 3315 3817 Sed
3339 3763 3509 3817 sancti
3539 3762 3641 3820 viri

2053 3856 2171 3924 plus
2198 3870 2259 3910 se
2278 3856 2504 3911 interius
2527 3855 2797 3924 patientia:
2822 3854 2949 3924 jugo
2974 3853 3287 3922 subjiciunt,
3317 3868 3476 3925 quam
3508 3854 3640 3911 foris

2049 3946 2356 4001 hominibus
2377 3954 2612 4016 praesunt
2630 3963 2647 4011 ;
2668 3956 2724 4001 et
2749 3960 2816 4000 eo
2835 3944 3103 4000 veriorem
3132 3945 3487 4015 principatum
3510 3944 3640 4001 foris

2048 4040 2323 4103 exhibent,
2344 4053 2450 4108 quo
2465 4040 2804 4093 humiliorem
2831 4038 2941 4091 Deo
2974 4032 3295 4092 in’trinsecus
3324 4035 3635 4091 famulatum

2051 4141 2266 4197 tenent;
2296 4141 2457 4201 atque
2498 4130 2697 4186 idcirco
2739 4145 2883 4199 saepe
2926 4130 3048 4199 plus
3089 4129 3350 4199 quosdam
3382 4130 3636 4200 tolerant,

2049 4238 2155 4294 quo
2178 4239 2237 4279 se
2259 4223 2327 4278 de
2352 4223 2430 4278 eis
2462 4223 2643 4277 ulcisci
2665 4212 2894 4293 amplius
2926 4230 3183 4289 possunt;
3216 4236 3278 4277 ac
3309 4237 3376 4277 ne
3403 4237 3635 4292 unquam

2049 4317 2115 4371 ad
2146 4318 2330 4372 illicita
2363 4325 2669 4379 transeant,
2701 4316 3015 4384 plerumque
3043 4316 3231 4368 nolunt
3264 4330 3357 4380 pro
3388 4328 3447 4369 se
3474 4329 3631 4369 exse-

2036 4409 2136 4475 qui
2176 4410 2335 4463 etiam
2376 4406 2520 4477 quod
2568 4408 2721 4470 licet;
2761 4406 3123 4473 subjectorum
3168 4408 3422 4474 strepitus
3474 4406 3636 4460 suile-

2047 4513 2192 4568 runt,
2216 4518 2311 4573 per
2331 4516 2568 4557 amorem
2593 4501 2872 4569 increpant
2895 4514 3030 4569 quos
3056 4514 3148 4568 per
3168 4499 3633 4554 mansuetudinem

351 4601 573 4647 sanctus
604 4591 689 4645 vir
712 4634 727 4658 ,
759 4592 848 4662 qui
880 4592 1036 4662 paulo
1081 4595 1330 4662 superius
1372 4593 1543 4648 dixit:
1570 4594 1796 4650 Elevasti
1838 4615 1938 4667 me,
1967 4585 2021 4648 ι)
2046 4603 2283 4665 portant.
2332 4594 2483 4650 Unde
2528 4608 2667 4647 nunc
2697 4604 2843 4647 recte
2871 4591 3102 4646 dicitur:
3136 4591 3262 4646 Sine
3303 4592 3479 4660 furore
3508 4608 3636 4646 con-

352 4681 578 4737 inferius
607 4682 885 4755 adiungit:
911 4682 1134 4739 Maerens
1166 4684 1481 4740 incedebam.
1525 4687 1655 4742 Miro
1685 4689 1824 4743 enim
1858 4706 1945 4744 or-

351 4770 502 4839 dine,
534 4786 642 4827 uno
681 4773 981 4844 eodemque
1029 4784 1273 4845 tempore
1319 4777 1606 4832 convenire
1636 4778 1689 4831 in
1735 4781 1943 4834 actibus

354 4864 620 4918 bonorum
654 4863 789 4918 solet
811 4874 867 4919 et
892 4862 1024 4919 foris
1056 4867 1227 4921 honor
1253 4866 1521 4933 culminis,
1552 4866 1579 4906 ιι
1616 4879 1667 4922 et
1700 4869 1843 4924 intus
1864 4871 1942 4925 af-

353 4955 515 5011 ﬂictas
561 4966 758 5012 mmor
805 4956 1145 5014 humilitatis.
1195 4957 1347 5015 Unde
1376 4969 1593 5029 sanctus
1624 4977 1835 5033 quoque
1865 4965 1945 5020 vir

352 5051 597 5107 elevatus
621 5050 782 5107 rebus
816 5058 873 5106 et
900 5044 1194 5109 honoribus
1221 5068 1458 5110 mtercns
1489 5055 1794 5123 incedebat,
1817 5057 1939 5128 quia

352 5146 453 5203 etsi
478 5147 621 5202 hunc
642 5145 921 5216 prmlatum
944 5145 1250 5211 hominibus
1271 5149 1438 5220 gloria
1467 5152 1744 5218 potestatis
1761 5158 1940 5207 ostru-

354 5238 529 5305 derat,
558 5238 721 5310 672
767 5237 993 5293 interius
1045 5249 1219 5292 tamen
1270 5255 1501 5295 maerore
1545 5255 1645 5295 suo
1675 5251 1938 5298 secretum

354 5330 675 5386 sacriﬁcium
703 5330 929 5385 Domino
957 5330 1171 5386 contriti
1198 5330 1377 5386 cordis
1402 5330 1680 5386 oll‘ercbat.
1719 5333 1937 5402 Sacri/i-

350 5426 490 5480 cium
511 5425 709 5495 quippe
724 5424 837 5479 Deo
853 5433 923 5479 est
948 5425 1156 5495 spiritus
1177 5426 1546 5479 contribulatus
1564 5424 1734 5493 (Paul.
1756 5443 1804 5492 ι,
1830 5426 1939 5497 l9).

353 5517 547 5574 Sciunt
588 5524 763 5571 autem
819 5517 974 5571 electi
1026 5516 1222 5584 quique
1270 5517 1704 5571 consideratione
1755 5516 1936 5572 intima

351 5610 542 5669 contra
592 5610 872 5666 exterioris
919 5608 1251 5666 excellentiae
1300 5617 1631 5666 tentamenta
1676 5626 1934 5683 pugnare.

427 5730 454 5769 ⁸
484 5732 690 5796 Germ,
727 5727 933 5784 Gemet.
968 5736 1020 5783 et
1050 5728 1138 5782 alii
1170 5736 1389 5791 vetust.,
1430 5727 1770 5792 ellcrbescere.

428 5799 456 5840 ι)
487 5802 563 5857 Ita
598 5814 720 5855 cum
757 5799 915 5855 (λοι-δ.
946 5799 1154 5861 Germ.,
1184 5799 1408 5860 'l'uren.,
1439 5798 1674 5866 Gemet.,
1706 5798 1932 5869 aliisque

2046 4703 2260 4757 surgens
2302 4689 2356 4740 in
2386 4686 2535 4740 turba
2561 4686 2800 4750 clamavi,
2834 4684 2956 4754 quia
3000 4685 3252 4738 nimirum
3293 4686 3417 4740 boni
3445 4676 3635 4747 crinita

2050 4780 2308 4835 tumultus
2338 4778 2683 4834 insolentium
2712 4778 3001 4833 clamorem
3051 4776 3265 4844 habent,
3298 4788 3353 4833 et
3395 4779 3630 4833 furorem

2048 4884 2154 4927 non
2210 4870 2426 4935 habent,
2458 4864 2708 4939 quoniam
2758 4882 2852 4922 eos
2896 4882 3034 4937 quos
3076 4867 3372 4924 clementer
3401 4870 3632 4924 tolerant

2048 4962 2245 5018 docere
2270 4976 2373 5016 non
2404 4970 2640 5015 cessant.
2665 4958 2770 5014 Sed
2804 4958 2918 5013 huic
2948 4973 3066 5029 quae
3091 4958 3242 5027 juxta
3267 4958 3542 5014 historiam
3563 4960 3633 5016 de
3700 4982 3706 4993 ·

2049 5071 2156 5111 uno
2187 5056 2418 5110 diximus
2440 5096 2455 5121 ,
2486 5055 2635 5123 juxta
2667 5053 2972 5123 allegoriam
3011 5068 3232 5108 necesse
3258 5064 3339 5109 est
3368 5066 3424 5109 ut
3450 5053 3517 5108 de
3545 5055 3629 5109 di-

2049 5149 2217 5205 versis
2264 5149 2451 5205 electis
2502 5146 2757 5203 Ecclesiae
2796 5148 3112 5203 sentiamus.
3168 5148 3281 5215 Ipsa
3331 5149 3529 5217 quippe
3578 5147 3629 5203 in

2047 5243 2234 5296 electis
2287 5240 2400 5295 suis
2447 5239 2607 5294 etiam
2664 5253 2757 5309 per
2807 5254 3062 5309 pr05pera
3112 5239 3312 5293 incedit
3355 5253 3624 5305 maerens,

2047 5335 2170 5404 quia
2208 5330 2280 5386 nil
2310 5324 2410 5387 sibi
2442 5345 2567 5386 vere
2600 5345 2913 5400 prosperum
2940 5331 3190 5400 deputat,
3221 5342 3505 5399 quousque
3528 5329 3627 5383 bo-

2045 5443 2172 5481 num
2204 5422 2346 5495 quod
2388 5422 2730 5494 singulariter
2766 5422 2955 5491 quaerit
2998 5420 3383 5489 apprehendat.
3414 5417 3627 5477 Fideles

2043 5520 2238 5589 quippe
2286 5516 2432 5571 illius
2490 5514 2768 5583 temporali
2818 5512 3049 5582 quidem
3083 5525 3213 5580 pace
3256 5510 3624 5589 perfruuntur,

2044 5612 2137 5669 sed
2167 5617 2425 5681 perpetuo
2454 5608 2754 5676 suspirant;
2788 5604 3120 5658 honorantur
3138 5643 3153 5668 ,
3179 5613 3234 5658 et
3260 5601 3443 5661 afﬂicti
3467 5612 3623 5673 sunt;

1944 5742 1957 5759 ί
2051 5710 2258 5793 Norm.,
2285 5735 2393 5782 vet.
2420 5724 2559 5780 Edit.
2584 5720 2653 5776 At
2673 5719 2726 5776 in
2749 5728 2951 5775 recent.
2980 5718 3172 5790 legitur
3191 5721 3401 5794 amictus
3420 5733 3618 5777 meror.
