4024 6352
482 302 505 355 i
520 302 585 357 3:5

1678 292 1922 351 SANCTI
1960 291 2286 373 GREGORll
2322 291 2531 379 uacui

3630 294 3733 351 184

480 413 602 479 quia
652 410 964 480 plerumque
1006 409 1078 464 ibi
1119 409 1364 464 videntur
1404 409 1457 463 in
1504 409 1758 474 culmine,
1790 409 1883 463 ubi
1912 409 2055 464 cives
2079 410 2134 470 Α
2159 418 2343 464 sancta
2384 409 2624 465 Ecclesia
2655 417 2779 465 sunt
2806 407 3525 481 electi,’sed.neitnprobati
3559 425 3738 467 remu-

478 518 582 557 non
610 504 756 558 sunt;
777 503 939 574 673
971 502 1085 572 lpsa
1115 503 1276 555 etiam
1302 501 1355 555 in
1386 500 1539 555 turba
1566 502 1684 557 sine
1713 500 1896 556 furore
1924 516 2051 555 con-

478 594 668 664 surgit,
702 605 756 663 et
781 596 991 660 clamat,
1023 593 1144 662 quia
1182 607 1463 661 pravorum
1494 594 1655 648 vitam
1685 595 1862 649 studio
1890 602 2053 674 rectte

477 688 834 743 aemulationis
858 732 871 753 ,
905 702 1007 740 non
1041 696 1217 741 autem
1258 688 1472 743 vesania
1506 686 1705 743 furoris
1731 688 2047 757 insequitur.

476 782 726 835 Irascitur
755 788 809 834 ct
849 788 1011 845 amat,
1041 778 1192 833 suevit
1237 788 1293 834 et
1344 779 1627 849 tranquilla
1654 787 2053 849 est,‘quatenus

476 872 716 928 inﬁrmos
745 884 869 927 suos
890 872 1123 941 corrigat
1150 886 1215 927 ex
1244 872 1613 947 aemulatione,
1631 871 1807 926 faveat
1834 885 1901 927 ex
1952 870 2055 941 pie-

474 975 604 1024 tate.
635 950 882 1037 Sequitur
906 982 920 1020 :
1026 992 1034 1002 ι

789 1060 1016 1118 CAPUT
1054 1058 1277 1116 XXXIX
1320 1059 1469 1133 (Hec.-
1493 1056 1730 1129 XXIX].

466 1168 467 1171 ‘
546 1156 708 1212 Vens.
740 1153 833 1211 29.
860 1184 931 1196 —-
956 1153 1147 1209 Frater
1173 1155 1252 1224 {ui
1288 1157 1590 1223 draconum,
1631 1163 1680 1208 et
1717 1153 1882 1208 socius
1913 1159 2051 1205 stru-
2094 1174 2097 1185 ~

472 1247 723 1300 titionum.

543 1338 663 1394 75..
678 1337 846 1393 Nulla
888 1356 1009 1394 vera
1058 1341 1330 1406 sanctitas,
1391 1340 1491 1394 nisi
1540 1340 1841 1410 quaeinter
1892 1336 2054 1389 malos

472 1433 687 1504 probata
727 1433 841 1505 fuit.
872 1462 941 1475 -—
970 1432 1105 1500 Quid
1155 1434 1444 1488 draconum
1489 1434 1721 1488 nomine
1747 1433 1849 1487 nisi
1892 1434 2055 1489 mali—

473 1526 732 1581 tiosorum
789 1527 1065 1582 hominum
1131 1527 1235 1582 vita
1294 1526 1578 1597 signatur?
1629 1527 1705 1581 De
1755 1528 1946 1598 quibus
2000 1538 2057 1584 et

471 1633 569 1687 per
628 1620 945 1689 pr0phetam
1007 1620 1201 1674 dicitur
1240 1636 1254 1672 :
1290 1618 1582 1673 Traxerunt
1648 1629 1854 1673 ventum
1910 1622 2057 1690 quasi

472 1711 716 1767 dracones
757 1710 973 1785 (Jerem.
1016 1728 1125 1777 xw,
1181 1711 1257 1776 6).
1318 1712 1564 1767 Perversi
1618 1714 1816 1768 etenim
1860 1715 2054 1785 quique

2157 511 2367 569 nerent,
2398 516 2538 557 unus
2585 502 2665 559 eis
2700 502 2999 567 ,admistus
3023 510 3127 567 est,
3157 503 3246 571 qui
3275 517 3367 557 eos
3394 518 3738 573 persequens

2158 596 2431 665 probaret.
2458 595 2570 651 ‘Sic
2619 610 2848 665 namque
2884 594 3028 666 justo
3071 605 3485 664 peccator'cuut
3535 597 3738 663 malitia

2153 688 2417 758 jungitur,
2452 688 2611 749 sicut
2649 687 2703 742 in
2734 686 2954 742 fornace
2981 702 3111 742 auro
3141 686 3289 756 palea
3334 686 3605 759 cumigne
3646 702 3737 744 so-

2156 782 2353 847 ciatur,‘
2383 790 2440 835 ut
2468 796 2573 851 quo
2602 780 2969 849 ardetepalea,
2999 790 3249 849 purgetur
3273 794 3482 835 aurum.
3517 781 3578 835 Hi
3606 796 3736 851 ergo

2155 875 2423 949 veraciter
2452 875 2747 940 bonisunt,
2781 875 2869 944 qui
2902 872 2954 927 in
2993 874 3228 928 bonitate
3258 875 3549 942 persistere
3573 874 3735 930 etiam

2155 970 2294 1025 inter
2319 971 2490 1025 malos
2522 979 2766 1039 possunt.
2789 1005 2792 1008 ~
2816 970 2947 1024 Hinc
2976 970 3147 1039 etiam,
3165 971 3347 1040 sponsi
3376 986 3509 1026 voce
3536 952 3737 1027 sancta

2156 1064 2411 1139 Ecclesiae
2440 1063 2671 1118 dicitur:
2708 1063 2854 1119 Sicut
2886 1063 3208 1128 liliumintcr
3230 1051 3436 1129 suinas,~
3453 1065 3527 1133 sic
3552 1066 3739 1119 .ainica

2154 1172 2267 1210 mea
2309 1156 2440 1209 inter
2490 1155 2626 1224 ﬁlias
2666 1154 2839 1224 (Cant.
2885 1171 2945 1219 ll,
2986 1151 3077 1226 9)..
3103 1143 3346 1208 Hinc'ad
3403 1153 3739 1225 Ezechielent

2158 1247 2411 1301 Dominus
2438 1247 2570 1301 dicit
2594 1263 2609 1301 :
2636 1245 3022 1312 Filii/tominis,
3048 1246 3298 1299 increduli
3328 1256 3375 1300 et
3417 1248 3739 1303 subversores

2156 1346 2272 1391 sunt
2317 1352 2502 1403 tecum,
2547 1348 2593 1392 et
2636 1354 2753 1391 cum
2792 1337 3151 1408 scorpionibus
3188 1337 3386 1393 habitas
3418 1339 3632 1407 (Ezech.
3673 1355 3735 1406 tt,

2159 1428 2235 1496 6).
2265 1427 2399 1483 Hinc
2420 1429 2618 1483 Petrus
2656 1429 2818 1483 vitam
2838 1429 3003 1484 ,beati
3027 1466 3031 1471 -
3053 1430 3151 1483 Lot
3189 1420 3473 1498 gloriﬁcat,
3504 1431 3732 1486 dicens:

2150 1521 2225 1576 Et
2238 1522 2563 1593 justum‘Lot
2586 1539 2885 1594 Oppressum
2912 1540 2944 1577 a
2972 1523 3312 1601 nefandorum
3341 1522 3367 1562 Β
3398 1524 3596 1600 injuria
3616 1540 3741 1577 con-

2157 1618 2445 1670 versatione
2499 1616 2685 1684 eripuit
2720 1614 2820 1685 ,(ll
2854 1613 2977 1668 Pet.
3012 1613 3187 1685 11,;7).
3246 1615 3481 1688 Aspectu
3512 1616 3655 1671 enim
3685 1624 3741 1671 et

2161 1707 2343 1762 auditu
2375 1707 2550 1775 justus
2579 1717 2718 1773 erat,
2768 1706 3016 1762 habitans
3045 1707 3185 1777 apud
3225 1723 3318 1762 eos
3342 1710 3431 1779 qui
3472 1708 3539 1764 de
3569 1709 3655 1763 dic
3680 1707 3737 1764 in

476 1814 693 1861 ventum
736 1807 886 1876 quasi
911 1807 1171 1861 dracones
1218 1806 1455 1871 trahunt,
1502 1819 1622 1860 cum
1654 1800 1938 1862 malitiosa
1967 1804 2134 1864 su-‘B
2163 1799 2303 1854 diem
2333 1799 2563 1854 animam
2584 1798 2712 1869 justi
2741 1800 2931 1867 iniquis
2952 1799 3203 1877 operibus
3231 1801 3571 1871 cruciabam.
3592 1800 3727 1855 Hinc

475 1898 660 1968 perhia
727 1898 998 1953 inﬁantur.
1069 1897 1169 1966 Qui
1232 1908 1408 1952 autem
1470 1897 1827 1953 Struthionum
1876 1902 2059 1970 appel-

469 1989 673 2045 latione
720 1990 968 2062 intelligi,
1015 1991 1119 2044 nisi
1168 1991 1509 2046 simulatores
1556 1992 1764 2046 solent?
1818 1993 2058 2050 Struthio

474 2070 677 2139 eteniin
726 2088 926 2153 pennas
966 2084 1149 2152 habet,
1205 2094 1261 2140 et
1288 2085 1518 2139 volatum
1573 2099 1677 2139 non
1708 2084 1901 2151 habet;
1934 2090 2057 2157 quia

476 2177 813 2232 siniulatores
854 2176 1049 2247 quique
1095 2178 1328 2246 speciem
1378 2178 1677 2232 sanctitatis
1708 2178 1926 2244 habent,
1962 2182 2056 2236 sed

474 2271 723 2324 virtutem
772 2268 1071 2324 sanctitatis
1115 2284 1223 2323 non
1264 2268 1482 2324 habent.
1519 2269 1662 2323 Visio
1713 2271 1909 2341 quippe
1963 2288 2057 2329 eos

474 2363 629 2419 home
663 2361 888 2417 actionis
916 2362 1155 2428 decorat,
1214 2364 1310 2416 sed
1346 2354 1381 2415 ἐι·
1434 2371 1572 2416 terra
1616 2364 1835 2419 minime
1888 2381 2057 2435 penna

471 2454 684 2510 virtutis
728 2454 888 2509 levat.
941 2453 1158 2509 Electus
1204 2454 1382 2525 itaque
1422 2444 1918 2512 sanctteEcclesia:
1957 2475 2054 2527 po-

469 2547 647 2616 pulus,
696 2545 821 2615 quia
872 2544 1017 2615 pacis
1057 2559 1172 2599 suae
1215 2554 1459 2615 tempore
1484 2547 1632 2613 Tintra
1685 2561 1744 2601 se
1796 2547 2054 2616 quosdam

470 2638 769 2693 malitiosos
827 2652 889 2692 ac
943 2636 1279 2692 simulatores
1347 2638 1583 2707 patitur,
1642 2639 1827 2694 dicat:
1868 2640 2058 2695 Frater

470 2734 549 2802 (ui
601 2733 919 2799 draconum,
977 2741 1024 2784 et
1073 2732 1239 2786 socius
1281 2729 1648 2786 struthionum.
1709 2732 1859 2799 Quod
1914 2734 2056 2790 beati

451 2830 682 2897 quoque
723 2825 823 2880 .lob
878 2824 1100 2879 vocibus
1160 2824 1460 2891 Specialiter
1508 2826 1787 2893 congruit,
1847 2828 1935 2895 qui
1990 2828 2056 2882 ad

470 2920 684 2974 culmen
732 2933 938 2984 magnae
985 2916 1309 2972 fortitudinis
1337 2918 1509 2972 bonus
1551 2917 1690 2973 inter
1741 2920 1911 2975 malos
1938 2921 2053 2976 luit.

471 3011 632 3083 [Vet.
680 3007 939 3079 ΧΧΙΧ.)
992 2992 1196 3065 Nullus.
1222 3010 1418 3079 quippe
1474 3009 1741 3079 perfectus
1796 3021 1909 3077 est,
1968 3014 2056 3083 qui

447 3105 616 3159 'inter
658 3104 1020 3173 proximorum
1063 3102 1202 3157 mala
1254 3101 1460 3172 patiens
1489 3117 1594 3155 non
1625 3111 1727 3157 est.
1769 3102 1867 3171 Qui
1910 3107 2051 3160 enim
2134 3156 2137 3163 ,

2161 1893 2356 1948 Paulus
2384 1892 2765 1961 discipulorum
2804 1892 2962 1946 vitam
2994 1892 3275 1963 gloriﬁcat,
3307 1902 3361 1948 et
3388 1881 3746 1971 gloriﬁcando'

2144 1980 2319 2053 674
2343 1982 2653 2053 conﬁrmat,
2674 1981 2859 2057 dicens
2883 1999 2898 2036 :
2926 1981 3215 2049 Inmedio
3236 1984 3469 2073 nationis,
3487 2000 3657 2055 prava:
3689 1990 3741 2038 et

2158 2091 2427 2144 perversis,
2460 2076 2593 2129 inter
2621 2093 2746 2146 quos
2770 2077 2947 2131 lucetis
2978 2078 3109 2131 sicut
3139 2078 3415 2131 luminaria
3440 2078 3494 2131 in
3523 2078 3740 2145 mundo,

2158 2167 2358 2221 verbum
2382 2222 2383 2225 η
2406 2169 2520 2223 vitta
2562 2170 2873 2223 continentes
2904 2168 3129 2240 (Philip.
3154 2186 3230 2236 ιιι,
3262 2170 3377 2240 15).
3412 2181 3434 2207 ο
3475 2170 3606 2225 Hinc
3646 2186 3743 2240 per

2158 2260 2416 2315 Joannem
2447 2261 2666 2329 angelus
2714 2262 2985 2332 Pergami.
3014 2255 3291 2318 Ecclesiae.
3321 2270 3624 2329 attestatur,
3653 2265 3740 2318 di-

2146 2370 2323 2410 cens:
2359 2356 2482 2411 Scio
2511 2356 2597 2410 ubi
2619 2355 2841 2417 habitas.
2867 2356 2948 2410 ubi
2968 2357 3111 2413 sedes
3148 2342 3220 2411 est
3253 2356 3485 2423 Satanae,
3528 2367 3577 2411 et
3602 2369 3743 2414 tenes

2158 2464 2345 2501 nomen
2375 2463 2563 2513 meum,
2594 2457 2639 2501 et
2682 2465 2785 2502 non
2817 2450 3027 2520 negasti
3065 2448 3239 2517 ﬁdem.
3262 2465 3423 2502 meam
3455 2443 3643 2517 (Apoc:
3676 2464 3737 2515 tt,

2144 2538 2277 2608 15).
2310 2538 2506 2593 Beatus
2538 2536 2698 2609 igitur
2728 2539 2826 2594 Job
2869 2550 2925 2592 ut
2951 2540 3200 2603 ostendat
3230 2539 3739 2614 cujusfortitudiuis

2160 2630 2345 2695 fuerit,
2376 2630 2613 2686 insinuet
2642 2646 2762 2685 cum
2794 2632 2985 2699 quibus
3011 2631 3164 2697 vixit,
3184 2631 3382 2705 dicens
3407 2648 3420 2684 :
3448 2630 3636 2685 Frater
3666 2631 3769 2711 fui.

2141 2723 2461 2787 .draconum,
2491 2733 2538 2776 et
2567 2724 2732 2777 socius
2758 2723 3127 2778 struthionum.
3157 2720 3185 2759 ἀ
3213 2723 3347 2790 Quia
3392 2722 3566 2777 minus
3596 2730 3744 2776 esset

2159 2816 2303 2886 quod
2336 2817 2450 2886 ipse
2474 2816 2613 2871 bona
2645 2825 2847 2886 ageret,
2877 2818 2976 2871 nisi
3010 2826 3063 2875 et
3105 2817 3170 2871 ad
3200 2816 3453 2872 bonitatis
3495 2828 3608 2869 sua:
3646 2828 3741 2868 cu-

2140 2910 2365 2964 mulum
2392 2910 2459 2963 ab
2490 2909 2610 2963 aliis
2632 2910 2769 2963 mala
2793 2910 3066 2963 toleraret.
3092 2910 3380 2979 Sequitur:

2567 3000 2794 3057 CAPUT
2834 3002 2925 3057 XL
2954 3001 3100 3075 [Rec.
3133 3002 3364 3077 XXX],
3498 3002 3504 3013 '
3722 3060 3728 3065 .

2234 3094 2400 3150 Vlns.
2436 3093 2523 3149 50.
2554 3124 2623 3136 —
2654 3094 2795 3149 Cutis
2824 3112 2932 3172 mea
2973 3097 3240 3167 denigrata
3266 3106 3339 3150 est
3384 3111 3543 3173 super
3563 3110 3664 3175 me,
3691 3101 3745 3147 et

473 3195 844 3265 aequanimiter
882 3194 1057 3248 aliena
1101 3193 1239 3247 mala
1283 3208 1391 3249 non
1424 3192 1633 3260 tolerat,
1680 3194 1793 3262 ipse
1823 3194 1925 3248 sibi
1958 3211 2051 3264 per

2161 3202 2275 3241 οεεα
2301 3198 2680 3251 τηεαηαηιεηιηι
2710 3202 2817 3256 ρνω
2849 3200 3099 3242 caumate.

476 3287 864 3355 impatientiam
923 3286 1075 3341 testis
1132 3285 1494 3357 estaquia‘a
1544 3285 1668 3339 boni
1725 3287 2054 3355 plenitudine

474 3380 632 3449 longe
688 3379 866 3433 distat.
918 3378 1049 3433 Abel
1098 3377 1293 3447 quippe
1340 3390 1459 3431 esse
1498 3378 1673 3431 renuit
1719 3378 1798 3448 (7,
1829 3396 1880 3449 q.
1917 3381 1969 3446 1,
2003 3396 2049 3435 c.

472 3472 790 3540 Adversitas,
837 3472 947 3543 §'5,
983 3489 1036 3541 p.
1075 3470 1246 3539 Abel),
1307 3484 1463 3540 quem
1515 3470 1648 3526 Cain
1703 3471 1903 3527 malitia
1948 3488 2054 3529 non

470 3575 683 3621 exercet
704 3562 912 3636 (Cenes.
953 3578 1026 3628 tv,
1058 3562 1091 3615 5
1119 3560 1272 3633 seq.).

544 3657 634 3712 76.
676 3654 810 3710 Mali
859 3657 991 3710 inter
1025 3655 1184 3709 bonos
1224 3654 1307 3707 hic
1347 3654 1598 3724 permisti,
1625 3655 1757 3709 cur?
1783 3656 1964 3713 -—Sic
2001 3659 2055 3715 in

472 3752 661 3806 tritura
690 3765 830 3805 area:
858 3750 1021 3819 grana
1073 3748 1173 3804 sub
1215 3747 1382 3819 paleis
1424 3756 1755 3817 premuntur,
1789 3750 1865 3804 sic
1896 3751 2056 3809 llores

474 3846 617 3899 inter
645 3845 827 3913 spinas
868 3843 1152 3912 prodeunt,
1205 3852 1258 3896 et
1302 3855 1426 3896 rosa
1456 3858 1575 3911 quas
1625 3843 1831 3897 redolet
1859 3843 2058 3898 crescit

470 3952 590 3991 cum
622 3936 778 4003 spina
818 3950 938 4004 quae
988 3936 1194 4005 pungit.
1224 3933 1368 3988 Duos
1413 3948 1641 4002 namque
1691 3935 1830 3990 ﬁlios
1871 3936 2056 3989 habuit

471 4031 676 4100 primus
705 4028 885 4092 homo,
919 4025 1013 4081 sed
1062 4040 1200 4080 unus
1244 4026 1444 4080 electus
1475 4026 1609 4080 alter
1652 4026 1916 4094 reprobus
1960 4028 2057 4083 fuit

472 4121 680 4193 (Cenes.
712 4137 785 4187 IV,
818 4120 869 4187 l,
900 4119 982 4189 2).
1025 4118 1157 4173 Tres
1185 4133 1395 4187 quoque
1424 4117 1563 4172 ﬁlios
1593 4118 1704 4172 Noe
1730 4134 1851 4173 arca
1877 4120 2053 4174 conti-

470 4215 608 4283 nuit,
639 4213 735 4268 sed
765 4212 973 4266 duobus
1004 4211 1057 4265 in
1105 4209 1402 4265 humilitate
1453 4210 1885 4280 persistentibus,
1917 4226 2055 4265 unus

469 4307 535 4361 ad
567 4308 735 4377 patris
765 4304 1067 4360 irrisionem
1099 4304 1207 4358 ruit
1236 4301 1424 4373 (Ibid.,
1456 4318 1530 4368 ix,
1564 4303 1677 4372 l8).
1712 4304 1853 4357 Duos
1883 4304 2055 4359 Abra-

471 4402 595 4454 ham
644 4398 781 4455 ﬁlios
829 4398 1038 4466 habuit,
1098 4397 1189 4453 sed
1242 4414 1380 4451 unus
1421 4398 1699 4463 innocens,
1746 4398 1881 4452 alius
1926 4412 2055 4453 vero

468 4494 652 4550 fratris
692 4502 1003 4571 persecutor
1033 4490 1131 4545 fuit
1160 4488 1348 4560 (Ibid.,
1382 4505 1490 4557 xvr,
1520 4491 1621 4554 15;
1656 4506 1767 4554 xxr,
1799 4490 1876 4561 9).
1910 4490 2052 4546 Duos

2232 3278 2321 3333 77.
2366 3278 2584 3350 Propter
2611 3279 2936 3347 inﬁrmorum
2977 3260 3359 3350 casum,{orles
3383 3281 3481 3338 zeli
3507 3282 3588 3335 sui
3624 3281 3742 3350 igne

2143 3374 2469 3447 aduruntur.
2498 3400 2564 3413 -——
2588 3370 2711 3425 Hinc
2749 3370 2900 3441 juxta
2930 3373 3205 3427 historiam
3254 3388 3477 3443 pensare
3504 3373 3743 3446 (negligi-

2142 3480 2303 3531 mus,
2332 3465 2455 3534 quia
2500 3466 2747 3519 videlicet
2766 3467 3036 3520 sermonis
3067 3467 3236 3522 virtus
3264 3474 3415 3537 patet
3439 3477 3464 3515 εἴ
3485 3482 3550 3520 ex
3587 3479 3744 3535 pmua
3798 3510 3799 3513 η

2157 3557 2445 3627 passionis.
2473 3558 2577 3613 Sed
2608 3558 2752 3629 quia,
2785 3569 2843 3613 ut
2889 3575 3032 3629 saepe
3054 3561 3161 3630 jam
3193 3561 3461 3629 diximus,
3507 3562 3736 3631 plerum-

2138 3666 2264 3720 .que
2288 3652 2475 3707 beatus
2505 3652 2605 3707 Job
2644 3653 2947 3708 sicanarrat
2989 3663 3159 3723 gesta,
3198 3652 3217 3692 ί
3252 3664 3309 3709 ut
3334 3656 3739 3725 gerendaprae-

2142 3745 2389 3817 _nuutiet,
2411 3745 2549 3801 bene
2570 3746 2672 3800 hoc
2704 3756 2899 3819 sanctae
2942 3748 3193 3811 Ecclesiae
3223 3749 3445 3803 vocibus
3471 3732 3740 3823 congruit,

2158 3852 2277 3907 quae
2298 3837 2540 3893 dolorem
2571 3836 2961 3907 persecutionis
3000 3839 3199 3893 ultione
3225 3848 3250 3887 ε
3283 3841 3333 3894 in
3371 3841 3595 3895 inﬁrmis
3614 3859 3745 3914 gra-

2158 3928 2298 3983 viter
2342 3930 2526 3983 sentit.
2563 3930 2906 3999 Cumqueab
2949 3930 3034 3983 illa
3072 3930 3439 4000 alii'pereunt,
3487 3936 3745 3989 valentio-

2138 4036 2247 4074 res
2304 4022 2500 4091 quique
2558 4035 2793 4077 maerore
2848 4023 3745 4097 cruciantur.“Exterior,quippe

2159 4127 2319 4167 causa
2343 4113 2462 4183 ejus
2484 4123 2566 4168 est
2588 4126 2797 4169 terrena
2827 4114 3180 4184 dispensatio,
3213 4117 3440 4173 interior
3462 4113 3745 4183 vei~ocnra

2159 4207 2417 4261 caelestis.
2467 4205 2618 4261 Cutis
2658 4222 2787 4277 ergo
2827 4208 3041 4263 nomine
3089 4209 3287 4265 inﬁrmi
3329 4212 3633 4281 signantur,
3652 4199 3781 4283 qui-

2158 4315 2302 4354 nunc
2346 4300 2397 4352 in
2456 4313 2519 4353 ea
2569 4300 2818 4354 exteriori
2853 4300 3065 4355 utilitati
3101 4301 3432 4357 deserviunt.
3484 4304 3585 4356 Per
3620 4318 3746 4359 ossa

2159 4406 2287 4445 vero
2310 4390 2473 4446 fortes
2514 4390 2629 4459 ejus
2657 4390 2865 4461 ﬁgurati
2906 4399 3052 4455 sunt,
3085 4391 3137 4444 in
3168 4392 3379 4460 quibus
3402 4393 3647 4461 corporis
3679 4392 3747 4447 il-

2159 4482 2261 4535 lius
2304 4490 2412 4535 tota
2453 4496 2709 4549 compago
2738 4481 3015 4535 solidatur.
3062 4482 3195 4548 Quia
3226 4481 3385 4552 igitur
3410 4496 3498 4537 aut
3549 4500 3745 4555 provo-

468 4602 681 4658 quoque
711 4586 859 4642 Isaac
886 4585 1022 4641 ﬁlios
1051 4583 1257 4649 habuit,
1290 4588 1426 4637 unus
1454 4582 1507 4637 in
1538 4582 1832 4636 humilitate
1861 4596 2047 4637 serva-
2077 4595 2132 4656 ι)
2155 4580 2263 4635 cati
2316 4578 2649 4636 muneribus,
2700 4588 2790 4630 aut
2833 4577 3298 4644 persecutionihus
3341 4578 3549 4647 afﬂicti,
3591 4581 3745 4637 multi

470 4693 576 4747 tus,
606 4681 741 4736 alter
781 4695 910 4735 vero
948 4687 1003 4733 et
1046 4678 1351 4747 priusquam
1400 4684 1711 4729 nasceretur
1737 4674 2053 4743 reprobatus

469 4786 548 4830 est
577 4773 765 4846 (Ibid.,
798 4788 924 4835 xxv,
972 4771 1043 4824 24
1068 4769 1226 4839 seq.).
1264 4768 1554 4823 Duodecim
1594 4767 1760 4822 Jacob
1802 4769 1939 4823 ﬁlios
1962 4785 2055 4840 ge-

471 4868 611 4933 nuit,
644 4866 738 4921 sed
771 4881 836 4921 ex
867 4865 951 4920 his
977 4878 1113 4918 unus
1138 4878 1232 4931 per
1262 4862 1626 4916 innocentiam
1657 4860 1923 4928 venditus,
1952 4876 2056 4917 cte-

467 4960 568 5013 teri
622 4973 752 5014 vero
793 4973 887 5028 per
941 4953 1200 5011 malitiam
1253 4953 1563 5009 venditores
1611 4951 1791 5008 lratris
1840 4954 2057 5011 fuerunt

460 5051 661 5127 (Ibid.,
708 5067 915 5118 xxxvn,
962 5049 1075 5120 27).
1134 5046 1420 5102 Duodecim
1468 5058 1681 5116 quoque
1728 5047 1954 5115 apostoli
2002 5047 2056 5101 in

539 5174 566 5202 ἰ
602 5164 847 5230 Vindoc.,
880 5164 1003 5235 quia
1051 5164 1114 5217 ab
1161 5161 1299 5216 omni
1332 5157 1684 5235 _plen_itudine_
1706 5159 1830 5231 legis
1868 5160 2043 5215 distat.

466 5236 675 5301 Germ.,
699 5237 821 5305 quia
847 5229 909 5289 ab
939 5236 1078 5289 omni
1108 5233 1427 5305 plenitudine
1452 5231 1602 5299 longe
1630 5229 1803 5305 distat.

536 5309 563 5346 δ
587 5300 668 5362 Ita
691 5300 898 5371 Norm.,
930 5300 1157 5371 Bellov'.,
1178 5304 1338 5359 Corb.
1389 5300 1572 5356 Germ.
1607 5342 1622 5367 ,
1647 5300 1815 5355 Laud.
1854 5310 1906 5354 et
1927 5300 2045 5355 Val.

464 5378 549 5434 Cl.
574 5380 630 5432 lu
662 5378 847 5443 Vind.,
870 5380 1133 5447 impudica
1151 5392 1295 5429 conv.
1318 5373 1461 5428 Editi
1482 5385 1603 5425 cum
1629 5371 1837 5439 Germ.,
1857 5373 2051 5443 injusta

463 5450 859 5513 conversatione,
940 5512 943 5513 ν

542 5532 563 5558 ε
595 5519 723 5573 Rec.
758 5510 879 5584 Edi,
907 5512 1025 5571 hinc
1050 5516 1278 5572 Joannes
1301 5533 1390 5588 per
1416 5515 1651 5588 angelum
1671 5514 1926 5588 ~Pe_rga_mi
1948 5510 2051 5566 Ec-

464 5592 657 5645 ‘clesiw.
686 5591 739 5643 In
763 5582 886 5644 Mss.
913 5590 1139 5655 Turon.,
1166 5582 1392 5651 Bellov..
1428 5582 1620 5648 Laud,
1648 5582 1811 5641 Corb.
1838 5582 2046 5650 Germ.,

466 5661 674 5732 (Serua,
707 5674 834 5721 ειε.,
872 5678 1001 5723 non,
1029 5678 1118 5732 per
1147 5660 1382 5732 angelum
1402 5659 1650 5720 Joannes,
1691 5660 1806 5732 sed,
1838 5656 2050 5732 angelus

467 5738 559 5799 per
585 5729 839 5782 Joannem
883 5728 1137 5799 loquitur;
1183 5730 1343 5797 idque
1373 5746 1528 5787 sacro
1572 5729 1738 5782 textui
1765 5738 1819 5781 et
1856 5728 2052 5781 rationi

473 5807 641 5868 magis
666 5800 927 5863 congruit.

2160 4673 2213 4726 in
2248 4687 2311 4726 ea
2333 4671 2401 4725 ab
2424 4681 2566 4725 statu
2600 4670 2722 4725 ﬁdei
2746 4671 2944 4724 infirmi
2972 4672 3188 4736 cadunt,
3219 4687 3442 4737 eamque
3474 4674 3570 4742 ipsi
3597 4685 3745 4743 post-

2161 4778 2321 4832 quam
2351 4764 2664 4818 ceciderunt
2690 4760 3099 4836 persequuntur,
3131 4763 3253 4831 quid
3284 4764 3426 4817 aliud
3452 4782 3608 4833 quant
3648 4782 3743 4821 cu-

2163 4858 2229 4910 tis
2265 4871 2377 4909 sua:
2417 4856 2748 4924 nigredinem
2794 4857 3008 4923 patitur,
3042 4866 3098 4909 ut
3132 4858 3183 4910 in
3227 4856 3355 4925 ipsis
3404 4858 3741 4925 postmodum

2126 4949 2301 5006 .lteda
2352 4957 2624 5018 appareat,
2676 4950 2729 5002 in
2758 4948 2953 5019 quibus
2993 4951 3137 5018 prius
3180 4952 3401 5021 pulchra
3427 4953 3743 5032 videbatur?

2164 5046 2298 5099 Dum
2347 5043 2491 5097 enim
2521 5042 2576 5095 hi
2626 5042 2716 5109 qui
2758 5042 2901 5110 prius
2949 5043 3216 5097 exteriora
3265 5044 3400 5099 bene
3425 5046 3742 5113 dispensare

2228 5155 2255 5194 ά
2285 5156 2534 5225 Plerique
2573 5155 2756 5210 Norm.
2782 5196 2797 5221 ,
2853 5158 2973 5226 quia
3011 5160 3179 5214 minus
3221 5170 3383 5215 essent
3427 5161 3577 5226 bona,
3622 5175 3741 5229 qua

2154 5230 2263 5299 ipse
2289 5237 2479 5298 ageret.
2786 5234 2793 5239 ”
3192 5266 3195 5269 λ

2233 5309 2256 5335 ε
2281 5299 2507 5361 Torum,
2535 5315 2595 5353 ex
2617 5314 2829 5365 persona
2850 5301 3127 5369 passionis.
3554 5352 3557 5353 ν

2154 5368 2157 5371 λ
2196 5440 2205 5443 Α
2235 5369 2253 5407 ι’
2279 5371 2442 5424 Gilot.
2470 5379 2522 5423 et
2555 5372 2690 5438 plur.
2751 5368 2874 5443 Ed.’,
2907 5380 2961 5423 ut
2990 5373 3226 5443 gerendo.
3259 5373 3315 5426 ln
3363 5372 3624 5427 Gussanv.
3657 5373 3738 5428 le-

2158 5440 2299 5511 gitur
2328 5444 2658 5515 pronuntiet,
2681 5441 2822 5515 quod
2859 5440 3107 5497 tuendum
3141 5444 3742 5515 typographicum'esse

2128 5526 2529 5576 censeremus,
2562 5512 2661 5565 nisi
2714 5514 2764 5564 in
2817 5523 2924 5566 vet.
2965 5515 3131 5567 Paris.
3162 5512 3402 5570 et~8asil.
3444 5517 3602 5571 etiam
3645 5529 3743 5570 oe-

2130 5592 2422 5653 ,curreret.
2458 5583 2583 5656 Mss.
2619 5597 2745 5656 vero
2784 5586 2920 5638 miro
2956 5599 3217 5641 consensu
3264 5588 3459 5642 habent
3491 5601 3741 5656 prsentia-

2161 5656 2352 5725 tiet,‘ret
2382 5657 2449 5725 ita
2478 5654 2758 5721 legendum
2790 5657 3053 5708 sermonis
3074 5659 3245 5712 series
3279 5662 3487 5725 probat.

2230 5733 2254 5770 ε
2282 5724 2471 5785 Laud.,
2502 5726 2553 5776 in
2576 5725 2790 5795 infimis,
2820 5728 2911 5780 sed
2938 5727 3212 5784 mendose.
3243 5724 3341 5785 Hic
3362 5740 3577 5787 sanctus
3602 5726 3743 5787 Gre-

2159 5797 2337 5863 gorius
2361 5795 2581 5864 opponit
2616 5795 2869 5863 inﬁrmos,
2891 5798 3131 5865 fortibus.
