4024 6352
764 216 797 239 Ὁ

498 301 602 358 187

1704 313 1948 375 8880⁸1⁸1
1984 316 2312 376 GREGOBH
2350 317 2564 376 MAGNI

497 425 736 487 raverat,
783 418 885 474 nisi
909 418 1024 491 jam
1050 435 1164 478 sua
1207 414 1432 482 cithara
1471 438 1632 499 atque
1679 444 1868 502 organi
1896 442 2084 488 cantus
2113 444 2166 503 Α
2190 436 2312 504 quia
2361 436 2562 489 electus
2590 448 2815 504 quisque
2852 449 2961 505 quo
2989 440 3188 491 sanctas
3237 394 3632 503 pradicatitinis
3663 445 3763 487 vox

493 507 689 562 silebat
714 518 879 579 atque
908 513 961 566 in
996 513 1197 568 luctum
1242 530 1395 572 versa
1426 516 1659 588 fuerant,
1691 523 1812 592 quia
1836 539 1933 579 eos
1948 538 2083 595 quos

493 602 838 671 praedicando
880 620 988 661 non
1017 616 1272 677 traxerat,
1322 614 1554 669 amando
1592 615 1789 671 flebat?
1813 618 1968 686 Quod
1996 620 2077 673 nis

409 717 429 773 ,-
492 693 689 748 tuirum
717 696 958 764 quotidie
986 707 1171 753 sancta
1212 700 1455 758 Ecclesia
1503 720 1663 777 agere
1690 723 1797 762 non
1842 709 2078 778 desistit.

414 796 424 831 ρ
491 801 613 855 qua
643 787 1041 856 praedicationis
1077 792 1296 848 verbum
1335 811 1471 862 pene
1514 799 1713 869 ubique
1757 802 2081 859 conticuisse

486 877 598 946 jam
640 879 925 947 conspicit.
974 880 1081 935 Alii
1131 899 1362 955 namque
1401 888 1548 957 loqui
1583 891 1943 959 dissimulant,
1986 893 2082 949 alii
2120 944 2123 949 ,

496 978 646 1024 recta
675 971 863 1026 audire
892 984 1263 1035 contemnunt.
1293 979 1400 1036 Sed
1426 983 1719 1041 electorum
1767 1004 1919 1043 mens
1947 989 2075 1045 dum

484 1072 666 1120 tacere
714 1078 933 1124 cantum
984 1073 1377 1138 pradicationis
1417 1082 1702 1151 conspicit,
1750 1098 1970 1154 gemens
2010 1102 2073 1141 ac

484 1157 644 1212 tacita
669 1158 735 1221 ad
764 1158 921 1215 ﬂetus
947 1163 1106 1219 redit.
1133 1165 1285 1222 Dicat
1305 1182 1435 1240 ergo
1461 1188 1473 1224 :
1519 1171 1674 1228 Versa
1693 1185 1770 1229 est
1796 1176 1851 1230 in
1874 1176 2071 1232 luctum

479 1248 678 1304 cit/rara
728 1266 861 1317 mea,
920 1260 969 1309 st
1003 1271 1257 1326 organum
1292 1277 1461 1318 meum
1502 1266 1558 1318 in
1606 1282 1777 1321 vocem
1813 1270 2066 1345 ﬂentium,

2185 527 2352 592 siluit,
2380 542 2446 582 eo
2472 527 2667 581 damna
2696 526 2953 582 Ecclesia
2980 526 3196 597 gravius
3233 525 3448 595 plangit.

2258 618 2541 688 Hueusque
2563 618 2751 674 beatus
2774 618 2876 673 Job
2904 618 3189 687 descripsit
3216 618 3354 671 mala
3381 630 3498 686 qua
3521 614 3761 686 pertulit,

2184 710 2289 765 hoc
2308 724 2438 765 vero
2462 725 2528 765 ex
2561 710 2679 764 loco
2708 710 2895 778 incipit
2935 725 3161 765 narrare
3188 709 3436 765 subtilius
3479 708 3616 763 bona
3642 721 3764 778 qua

2181 803 2328 859 fecit.
2374 804 2479 857 Sed
2513 803 2714 857 doloris
2765 803 2927 858 verba
2977 802 3233 858 historica
3274 811 3436 872 atque
3472 800 3762 872 allegorica

2183 895 2518 963 expositione
2564 897 3002 964 transcurrimus,
3047 895 3299 950 virtutum
3340 907 3472 950 vero
3502 908 3667 964 opera
3693 908 3763 949 ex

2182 1003 2373 1057 magna
2402 997 2553 1059 parte
2584 988 2735 1059 juxta
2766 989 2934 1045 solius
2975 988 3214 1043 historia
3244 996 3447 1043 textum
3492 995 3759 1055 tenemus,

2181 1098 2249 1137 ne
2269 1082 2315 1137 si
2348 1084 2461 1137 hac
2504 1081 2570 1136 ad
2601 1081 2900 1152 indaganda
2946 1080 3203 1153 mysteria
3238 1078 3522 1147 trahimus,
3560 1079 3761 1136 verita-

2180 1182 2285 1230 tem
2312 1172 2541 1231 fortasse
2568 1175 2749 1245 operis
2773 1189 3001 1231 vacuare
3030 1173 3323 1230 videamur.

1289 1514 1644 1602 LIBER
1721 1520 2390 1608 VIGESIMUS
2469 1526 2958 1610 PRIMUS.

473 1662 855 1745 Eiponitur
877 1686 1015 1762 cap.
1047 1674 1357 1765 .XXXInlt'b.
1394 1676 1547 1765 Job,
1580 1676 1661 1765 ad
1690 1699 1934 1765 versum
1956 1682 2035 1742 21s
2061 1684 2398 1765 exclusive,
2422 1694 2486 1765 et
2518 1682 2796 1765 laudatis
2820 1687 3003 1765 prius
3035 1687 3345 1764 castitate,
3383 1680 3759 1763 humilitate,

852 1750 1314 1831 misericordia,
1346 1750 1544 1818 multa
1574 1757 1645 1819 de
1675 1763 1999 1823 occasione
2021 1764 2265 1843 peccati
2293 1750 2596 1844 fugienda
2622 1750 3017 1841 potissimum
3043 1750 3367 1828 docentur.

982 1874 1211 1932 CAPUT
1255 1874 1542 1937 PRIMUM.

540 1960 592 2016 1.
624 1957 689 2013 In
714 1963 1035 2032 explicandis
1061 1972 1220 2022 sacris
1245 1970 1551 2041 Scripturis,
1577 1990 1670 2029 nec
1690 1975 1829 2031 solus
1851 1976 2060 2033 histori-

467 2067 554 2105 cus
582 2068 762 2107 sensus
812 2058 1102 2124 sequendus
1141 2069 1238 2128 est,
1284 2078 1376 2115 nec
1407 2080 1607 2135 semper
1636 2067 1961 2138 allegoricus.
1988 2098 2059 2109 ——

466 2142 775 2201 Intellectus
813 2151 950 2204 sacri
992 2151 1190 2222 eloquii
1231 2152 1372 2209 inter
1413 2165 1615 2211 textum
1655 2166 1721 2213 et,
1740 2163 2053 2231 mysterium

467 2242 613 2289 tanta
643 2245 724 2291 est
749 2236 1041 2296 libratione
1064 2252 1089 2279 ⁸
1124 2242 1449 2312 pensandus,
1478 2256 1537 2301 ut
1573 2246 1846 2319 utriusque
1887 2253 2057 2322 partis

469 2327 626 2384 lance
676 2330 949 2387 moderata
978 2375 992 2400 ,
1047 2335 1188 2390 hunc
1251 2352 1429 2408 neque
1480 2339 1658 2396 nimia
1701 2338 2055 2401 discussionis

463 2419 665 2489 pondus
695 2420 981 2492 deprimat,
1055 2441 1229 2496 neque
1273 2443 1460 2484 rursus
1491 2441 1673 2503 torpor
1701 2435 1923 2491 incuria
1964 2453 2053 2491 va—

462 2527 617 2568 cuum
645 2513 931 2597 relinquat.
965 2517 1145 2574 Multa
1172 2519 1370 2591 quippe
1415 2522 1535 2593 ejus
1576 2528 1863 2583 sententia
1904 2537 2050 2586 tanta

461 2604 834 2675 allegoriarum
866 2613 1220 2682 conceptione
1246 2626 1373 2669 sunt
1413 2617 1667 2687 gravida,
1716 2630 1773 2675 ut
1802 2624 2063 2694 quisquis

460 2711 550 2759 eas
572 2696 639 2753 ad
660 2700 831 2755 solam
863 2711 1048 2759 tenere
1083 2705 1360 2763 historiam
1386 2710 1599 2780 nititur,
1632 2728 1815 2768 earum
1862 2717 2047 2772 notitia

460 2805 553 2863 per
588 2806 740 2849 suam
772 2795 1036 2852 incuriam
1070 2799 1329 2869 privetur.
1372 2803 1652 2860 Nonnulla
1684 2821 1813 2863 vero
1845 2810 1916 2862 ita
1955 2824 2050 2865 ex-

460 2885 743 2944 terioribus
775 2890 1060 2963 praceptis
1088 2894 1407 2966 inserviunt,
1433 2908 1494 2954 ut
1522 2901 1567 2955 si
1598 2902 1717 2971 quis
1739 2915 1833 2956 eas
1877 2902 2045 2958 subti-

459 2978 562 3034 lius
602 2992 888 3051 penetrare
939 2984 1232 3054 desiderat,
1262 2991 1425 3063 677
1454 2993 1597 3049 intus
1643 2994 1856 3065 quidem
1912 2997 2043 3052 nihil

459 3069 714 3219 invegiat,
733 3076 829 3132 sed
852 3076 957 3133 hoc
985 3078 1085 3135 sibi
1109 3082 1271 3137 etiam
1298 3085 1437 3154 quod
1462 3083 1594 3141 foris
1624 3087 1917 3158 loquuntur
1950 3090 2045 3146 ab-

459 3175 581 3218 scon
625 3172 697 3219 at.

458 3172 697 3221 scondat.

2088 1893 2140 1955 B
2166 1889 2216 1943 iu
2260 1888 2527 1945 viriditate
2559 1899 2937 1959 permaneant;
2969 1891 3254 1960 variusque
3293 1890 3560 1960 virgarum
3592 1870 3742 1945 color

2163 1979 2412 2044 efficitur,
2440 1979 2564 2033 dum
2594 1989 2781 2035 cortex
2822 1995 2892 2035 ex
2926 1991 3077 2048 parte
3115 1978 3467 2045 subtrahitur,
3500 1995 3565 2036 ex
3598 1993 3749 2050 parte

2161 2070 2441 2126 retinetur.
2475 2074 2615 2127 Ante
2645 2072 3093 2128 considerationis
3131 2073 3273 2128 enim
3324 2084 3520 2133 nostra
3566 2074 3752 2129 oculos

2158 2165 2573 2233 pracedentium
2614 2175 2823 2235 patrum
2872 2169 3153 2222 sententia
3198 2169 3346 2238 quasi
3390 2167 3553 2238 virga
3585 2169 3751 2223 varia

2159 2271 2448 2328 ponuntur.
2478 2257 2533 2313 ln
2564 2261 2757 2329 quibus
2783 2261 2910 2315 dum
2947 2261 3258 2331 plerumque
3288 2261 3615 2317 intellectum
3660 2260 3749 2317 lit—

2158 2359 2287 2413 tera:
2332 2348 2588 2421 fugimus,
2636 2354 2786 2423 quasi
2832 2353 3089 2408 corticem
3120 2352 3505 2418 subtrahimus,
3535 2359 3591 2407 et
3619 2352 3746 2407 dum

2156 2438 2475 2510 plerumque
2505 2440 2829 2497 intellectum
2861 2443 3056 2498 littera
3097 2443 3396 2512 sequimur,
3431 2444 3578 2513 quasi
3624 2459 3751 2498 cor-

2156 2532 2313 2586 ticem
2348 2548 2702 2589 reservamus.
2735 2535 2975 2611 Dumque
3013 2535 3080 2589 ab
3111 2537 3236 2605 ipsis
3272 2546 3295 2574 ε
3324 2544 3509 2591 cortex
3545 2532 3736 2592 littera

2154 2624 2488 2693 subducitur,
2521 2628 2787 2698 allegoria
2823 2630 3025 2683 candor
3062 2624 3287 2685 interior
3320 2631 3740 2695 demonstratur,

2156 2725 2214 2770 et-
2252 2717 2378 2772 dttm
2427 2726 2609 2773 cortex
2660 2718 3002 2788 relinquitur,
3042 2721 3326 2775 exterioris
3377 2718 3742 2791 intelligentia

2152 2809 2380 2863 virentia
2415 2809 2661 2879 exempla
2711 2818 3095 2865 monstrantur.
3128 2812 3270 2878 Quas
3311 2812 3446 2866 bene
3486 2813 3650 2869 Jacob
3691 2817 3744 2868 in

2153 2917 2305 2971 aqua
2334 2888 2607 2957 canalibus
2636 2903 2841 2972 posuit,
2871 2903 2993 2972 quia
3031 2912 3085 2958 et
3113 2901 3440 2972 Redemptor
3476 2918 3659 2960 nnSter
3690 2908 3742 2959 in

2151 2986 2303 3046 libris
2333 3005 2423 3046 eas
2451 3006 2622 3046 sacrae
2651 2992 2910 3057 scientia,
2945 2993 3136 3062 quibus
3164 3006 3263 3047 nos
3312 2994 3629 3050 intrinsecus
3661 2998 3744 3051 in-

2146 3081 2441 3151 fundimur,
2476 3082 2609 3138 fixit.
2640 3082 2744 3137 Has
2787 3084 3108 3151 aspicientes
3148 3086 3345 3139 arietes
3385 3100 3507 3140 cum
3551 3088 3741 3143 oribus

2146 3181 2369 3239 coeunt,
2410 3177 2528 3245 quia
2580 3174 2865 3229 rationales
2900 3172 2928 3210 τι
2971 3172 3143 3229 nostri
3188 3176 3405 3245 spiritus
3434 3219 3447 3243 ,
3503 3180 3630 3233 dum
3683 3179 3737 3233 in

522 3256 577 3313 2.
613 3257 875 3315 Probatur
893 3263 1035 3334 prior
1064 3268 1453 3338 prepositio.—
1477 3266 1629 3325 Unde
1663 3270 1799 3327 bene
1818 3224 2039 3349 'qiloque
2068 3278 2115 3344 ρ
2146 3279 2329 3322 earum
2353 3224 2656 3321 inientione
2685 3266 2846 3321 deﬁxi
2875 3277 3031 3334 sunt,
3063 3224 3285 3337 singulis
3317 3224 3616 3339 quibusque
3646 3280 3737 3325 aco

457 3349 756 3407 narratione
783 3353 1035 3411 historica
1067 3373 1160 3425 per
1188 3358 1629 3428 signiﬁcationem
1656 3358 1850 3417 dicitur
1878 3382 1890 3416 :
1917 3362 2042 3418 Tol-

456 3442 559 3496 lens
587 3438 749 3496 Iacob
792 3444 959 3516 virgas
985 3444 1232 3519 populeas
1262 3444 1464 3520 virides,
1503 3461 1551 3505 et
1578 3452 1961 3526 amygdalinas,
1994 3466 2042 3509 et

455 3550 516 3590 ea:
541 3534 788 3607 platanis,
814 3553 881 3593 ea:
907 3550 1051 3611 parte
1079 3542 1405 3598 decorticavit
1432 3560 1536 3611 eas,
1571 3540 1906 3617 detractisque
1931 3563 2043 3602 cor-

454 3627 657 3697 ticibus,
686 3632 742 3685 in
769 3628 848 3686 his
877 3629 906 3670 δ
938 3650 1055 3704 quae
1093 3628 1383 3706 exspoliata
1409 3641 1614 3708 fuerant
1654 3640 1847 3693 candor
1879 3657 2043 3713 appa-

453 3721 583 3787 ruit;
610 3721 702 3776 illa
726 3740 843 3779 vero
871 3738 984 3797 qua:
1011 3729 1385 3798 integra‘erant
1412 3731 1602 3786 viridia
1625 3745 2041 3802 permanserunt,

452 3823 598 3885 atque
627 3817 681 3869 in
709 3816 847 3872 hunc
881 3820 1089 3875 modum
1119 3822 1261 3877 color
1287 3823 1494 3890 effectus
1528 3834 1604 3880 est
1634 3824 1804 3880 varius
1835 3825 2040 3888 (lienes.

452 3920 577 3972 xxx,
605 3906 718 3977 57).
753 3908 853 3965 Ubi
879 3921 932 3965 et
956 3912 1201 3967 subditur
1230 3930 1243 3967 :
1278 3909 1557 3985 Posuitque
1587 3933 1671 3970 eas
1691 3916 1744 3971 in
1771 3917 2040 3971 canalibus

452 3990 503 4053 ἱῆ
541 4000 723 4067 quibus
751 4000 1107 4067 effundebatur
1139 4021 1304 4074 aqua,
1343 4016 1397 4059 ut
1439 4023 1556 4059 cum
1584 4008 1833 4061 venissent
1867 4024 2042 4080 greges

452 4086 521 4142 ad
544 4089 816 4145 bibendum
834 4132 848 4156 ,
874 4102 990 4147 ante
1016 4093 1188 4150 oculos
1214 4094 1456 4151 haberent
1483 4097 1669 4170 virgas,
1695 4106 1739 4152 et
1763 4101 1815 4152 in
1837 4108 2041 4171 aspectu

448 4197 625 4238 earum
668 4184 1008 4254 conciperent.
1060 4182 1379 4258 Factumque
1415 4198 1488 4243 est
1527 4199 1583 4243 ut
1617 4191 1671 4244 in
1715 4192 1829 4261 ipso
1872 4193 2042 4247 calore

451 4275 614 4327 coitus
645 4290 758 4330 oves
786 4275 1106 4331 intuerentur
1132 4279 1320 4349 virgas,
1359 4289 1403 4333 et
1439 4288 1678 4347 parerent
1707 4274 1966 4336 maculosa
1991 4288 2039 4335 et

449 4366 621 4435 varia,
644 4376 692 4421 et
719 4368 916 4423 diverso
947 4367 1117 4424 colore
1146 4387 1380 4441 respersa
1410 4366 1599 4446 (Ibid.,
1630 4370 1719 4435 58,
1754 4371 1865 4444 39).
1898 4366 2036 4440 Quid

449 4471 533 4518 est
570 4463 712 4517 enim
743 4460 924 4534 virgas
951 4463 1170 4532 virides,
1203 4460 1591 4536 atnygdalinas,
1624 4474 1783 4536 atque
1823 4481 1889 4521 ex
1922 4464 2037 4538 pla-

448 4554 589 4609 tanis
618 4563 741 4609 ante
768 4569 987 4625 gregum
1014 4557 1201 4613 oculos
1231 4572 1451 4627 ponere,
1483 4556 1584 4612 nisi
1616 4568 1711 4626 per
1738 4557 2036 4628 Scriptura

2148 3358 2381 3413 tionibus
2432 3358 2842 3427 permiscentur,
2884 3368 2942 3412 ut
2987 3358 3121 3414 tales
3170 3360 3307 3414 fetus
3348 3368 3568 3428 cperum
3615 3370 3738 3430 pro-

2147 3456 2354 3515 creent,
2378 3448 2549 3519 qualia
2574 3449 2817 3517 exempla
2842 3450 3257 3515 praecedentium
3280 3453 3332 3504 in
3355 3452 3570 3505 vocibus
3599 3462 3737 3522 pra-

2148 3546 2427 3610 ceptorum
2454 3541 2671 3607 'vident;
2712 3542 2767 3595 et
2804 3540 3069 3597 diversqu
3103 3543 3338 3597 colorem
3390 3544 3569 3612 proles
3610 3544 3733 3599 boni

2148 3635 2324 3705 operis
2356 3630 2583 3702 habeat,
2613 3635 2734 3703 quia
2763 3646 2817 3690 et
2846 3651 3225 3704 nonnunquam
3266 3640 3290 3674 ⁸
3322 3635 3595 3693 subtracto
3640 3639 3727 3693 lita
3754 3674 3767 3686 .

2149 3735 2278 3781 tera
2322 3726 2541 3795 certice,
2575 3727 2783 3781 acutius
2824 3726 3030 3782 interna
3079 3728 3381 3783 considerat
3400 3769 3423 3793 ,ν
3447 3737 3501 3782 et
3540 3738 3733 3787 reser-

2145 3824 2271 3871 vato
2312 3831 2691 3888 nonnunquam
2737 3816 2972 3872 historia
3005 3819 3255 3886 tegmine,
3292 3816 3430 3873 bene
3457 3832 3518 3873 se
3553 3820 3608 3873 in
3637 3830 3737 3876 ex.-

2148 3911 2430 3966 terioribus
2458 3908 2673 3965 format.
3500 3966 3503 3967 ν

2218 4003 2271 4058 3.
2306 4000 2563 4056 Probatur
2587 4000 2767 4055 altera.
2789 4030 2856 4041 -—-
2886 4001 3017 4055 Nam
3049 4001 3171 4071 Quia
3213 4002 3408 4057 divina
3452 4004 3738 4058 sententia

2146 4097 2431 4166 aliquando
2460 4090 2968 4149 interlus’rimanda
2996 4104 3146 4157 sunt,
3181 4095 3467 4165 aliquando
3494 4095 3735 4149 exterius

2145 4186 2517 4251 Observauda,
2564 4200 2659 4255 per
2700 4188 3041 4243 Salomonem
3084 4200 3294 4257 quoque
3338 4188 3581 4241 dicitur:
3627 4187 3734 4254 Qui

2144 4276 2342 4350 fortiter
2379 4279 2562 4351 premit
2590 4279 2745 4332 ubera
2774 4281 2843 4333 ad
2881 4279 3189 4333 eliciendum
3230 4280 3334 4347 lac,
3362 4279 3599 4349 exprimit
3639 4282 3739 4332 esse

2144 4380 2346 4442 tyrum;
2383 4382 2427 4426 et
2461 4372 2548 4441 qui
2589 4372 2899 4425 vehementer
2925 4368 2943 4407 ί
2971 4371 3226 4441 emungit,
3256 4370 3391 4424 elicit
3428 4370 3741 4439 sanguinem

2148 4462 2327 4533 (Prov.
2358 4480 2492 4527 xxx,
2522 4465 2647 4536 55).
2695 4464 2868 4520 Ubera
2915 4466 3111 4534 quippe
3157 4465 3362 4519 fortiter
3410 4463 3733 4532 premimus,

2144 4570 2271 4611 cum
2296 4556 2455 4612 Verba
2482 4557 2625 4611 sacri
2655 4556 2854 4626 eloquii
2882 4557 3064 4612 subtili
3111 4556 3384 4611 intellectu
3415 4570 3732 4625 pensamus,

448 4660 619 4703 sacra
663 4649 859 4703 seriem
891 4649 1233 4720 antiquorum
1272 4650 1491 4705 Patrum
1535 4650 1670 4706 vitas
1714 4658 1875 4722 atque
1914 4666 2039 4708 sen-
2066 4660 2117 4728 ι)
2144 4665 2241 4719 qua
2291 4640 2562 4718 pressione
2592 4651 2715 4703 dum
2749 4651 3181 4718 lac.quarimus,
3214 4649 3465 4725 butyrum
3506 4651 3726 4704 inveni-

448 4739 645 4795 tentias
675 4739 728 4794 in
754 4741 1056 4811 exemplum
1085 4741 1294 4811 populis
1322 4742 1597 4811 praeberet
1625 4738 1755 4811 Qua
1783 4738 2033 4799 nimirum

446 4832 570 4904 quia
597 4832 749 4901 juxta
777 4835 999 4890 rationis
1028 4850 1252 4891 examen
1285 4845 1446 4893 recta
1476 4847 1629 4903 sunt,
1662 4836 1826 4907 virga
1858 4842 2032 4893 nomi-

446 4934 659 4982 nantur.
688 4924 889 4995 Quibus
928 4942 992 4983 ex
1042 4934 1193 4999 parte
1218 4929 1488 4999 ;corticem
1534 4929 1831 5000 subtrahit,
1875 4942 1933 4986 ut
1978 4933 2033 4987 in

444 5017 531 5075 his
560 5033 681 5086 qua
717 5018 1104 5090 exspoliantur,
1149 5020 1366 5078 intimus
1413 5020 1616 5077 candor
1663 5028 1945 5094 appareat;
1979 5026 2036 5079 et

444 5125 511 5168 ex
542 5118 696 5183 parte
730 5112 987 5168 corticem
1015 5123 1222 5182 servat,
1254 5122 1311 5168 ut
1350 5114 1489 5169 sicut
1523 5114 1731 5170 fuerant
1770 5114 2026 5181 exterius,

516 5230 810 5303 fEbroic.,
833 5231 976 5289 Utic.
1007 5248 1071 5288 ac
1102 5233 1264 5302 plur.,
1287 5232 1585 5303 suspensus.

518 5299 547 5341 δ
583 5303 695 5370 Sic,
743 5294 1018 5373 praeeunte
1065 5294 1311 5373 Vulgata,
1355 5294 1545 5373 legitur
1590 5302 1643 5358 in
1692 5300 1820 5357 Mss.
1863 5294 2026 5357 Corb.

446 5371 654 5440 Garum,
679 5370 894 5453 _Norm.,
925 5370 1358 5453 Germ.,_i.a_ud.,
1395 5370 1509 5453 Val.
1544 5373 1649 5439 CL,
1677 5382 1807 5453 εις-,ε
1838 5373 2032 5453 quibus

450 5446 793 5500 consentiunt
822 5440 1031 5504 veteres
1058 5440 1201 5504 Edit.
1231 5448 1288 5503 ln
1315 5440 1480 5502 veteri
1523 5456 1700 5500 tamen
1732 5440 1831 5499 Ed.
1853 5440 2024 5497 'Basil.

442 5512 632 5589 babes,
660 5532 777 5589 qua:
800 5519 1013 5589 integra:
1036 5530 1209 5583 erant,
1238 5518 1445 5573 virides.
1473 5516 1614 5589 Idem
1642 5515 1832 5589 legitur
1861 5513 2035 5589 innGi-

442 5582 539 5658 ιρι.
576 5582 774 5642 Arrisit
799 5582 967 5658 magis
998 5582 1253 5646 Romanis
1283 5588 1589 5658 Editoribus
1615 5582 1715 5641 sub
1736 5587 1888 5658 Sixto
1910 5582 1952 5637 ν
1978 5592 2034 5639 et

445 5652 736 5730 Gussanv.,
767 5652 1204 5730 quw'exspoliatw
1230 5661 1499 5730 fuerant...
1524 5656 1630 5730 illa
1665 5672 1781 5711 vero
1820 5657 2031 5730 integra

446 5759 539 5803 ._.A..
562 5727 770 5803 virides.
802 5727 1029 5799 Deinde,
1050 5742 1099 5788 st
1125 5727 1362 5803 parerent
1385 5728 1672 5786 maculosos
1695 5736 1743 5783 et
1771 5727 1961 5794 varias,
1983 5734 2032 5781 et

443 5796 553 5854 ditt.
573 5798 675 5856 col.
700 5814 978 5869 respersas.

2141 4758 2281 4812 mus,
2305 4744 2426 4813 quia
2453 4743 2577 4797 dum
2607 4743 2793 4799 nutriri
2821 4744 2901 4799 vel
2934 4744 3077 4799 tenui
3109 4743 3385 4797 intellectu
3412 4744 3728 4813 quarimus,

2141 4836 2381 4892 ubertate
2412 4835 2634 4893 interna
2668 4837 3001 4907 pinguediuis
3047 4838 3311 4907 angimur.
3344 4836 3497 4904 Quod
3538 4846 3722 4891 tamen

2136 4942 2235 4983 nec
2281 4928 2444 4983 nimie
2493 4944 2595 4983 nec
2639 4919 2851 4996 semper
2887 4927 3151 4997 agendum
3200 4935 3314 4993 est,
3361 4942 3427 4983 ne
3472 4926 3601 4981 dum
3642 4927 3728 4982 lac

2136 5022 2393 5092 quaritttr
2419 5020 2486 5075 ab
2515 5020 2792 5089 uberibus,
2832 5022 3045 5089 sanguis
3074 5028 3352 5086 sequatur.
3402 5018 3729 5088 Plerumque

2134 5114 2333 5170 etenim
2381 5113 2597 5184 quidam
2625 5111 2750 5167 dum
2781 5110 2941 5167 verba
2973 5113 3113 5167 sacri
3152 5111 3349 5181 eloquii
3397 5110 3516 5178 plus
3562 5120 3723 5181 quam

2215 5242 2238 5269 ε
2268 5230 2323 5285 in
2369 5228 2537 5285 Laud.
2569 5229 2901 5298 perantiquo,
2933 5229 3128 5293 cortis;
3155 5228 3295 5296 quod
3343 5227 3568 5283 fortasse
3594 5228 3722 5287 olittt

2136 5302 2188 5355 in
2216 5314 2313 5357 usu
2340 5312 2456 5356 erat
2488 5315 2583 5369 pro
2603 5309 2809 5365 certem;
2832 5301 2957 5354 ltinc
2978 5300 3033 5352 in
3054 5300 3267 5355 casibus
3289 5299 3462 5366 ﬂexis,
3488 5300 3717 5368 corticis,

2138 5375 2343 5441 cortici,
2372 5384 2500 5441 etc.,
2531 5386 2633 5425 non
2667 5372 2899 5434 cortecis,
2924 5372 3129 5424 corteci.
3566 5394 3567 5401 η
3648 5428 3649 5431 η

2209 5441 2235 5481 ἀ
2268 5439 2518 5509 Vindoc.,
2550 5444 2709 5496 nostri
2738 5458 2932 5496 sensus.

2213 5520 2237 5553 ο
2267 5514 2448 5570 Germ.
2474 5524 2528 5568 et
2555 5512 2786 5576 Gentet.,
2815 5514 3069 5566 subtracta
3091 5510 3271 5565 littera
3297 5513 3503 5567 cortice.
3690 5572 3699 5579 ,

2217 5585 2234 5623 ί
2270 5582 2474 5639 Vindoc
2494 5590 2548 5638 et
2574 5594 2678 5639 νει.
2706 5585 2805 5638 Ed.
2830 5585 3023 5647 Parim,
3052 5585 3283 5650 emlgst.
3313 5583 3540 5651 Turon.,
3560 5583 3699 5651 smul

2136 5660 2231 5731 git.
2278 5654 2679 5731 Corh._Germ.,
2708 5640 3021 5726 emulgetur;
3047 5640 3238 5731 Laudi,
3280 5640 3557 5731 Germne't
3602 5640 3698 5712 Vni

2136 5720 2244 5796 CL,
2273 5728 2564 5798 emulgitur.
2596 5720 2877 5792 Normani,
2904 5725 3208 5797 emungitur,
3237 5728 3389 5780 etim
3414 5720 3575 5781 infra.
