4066 6348
332 290 442 349 180

1183 295 1544 352 κοιηλιιυκ
1582 295 1713 351 LIB.
1754 294 1899 352 XXI.
1928 294 2250 353 *CAPUT
2289 297 2458 354 XXXI
2500 298 2563 353 Β.
2599 299 2761 356 JOB.’

3500 296 3606 360 {ﬁli

327 406 536 464 debent
578 405 911 473 discutiunt,
952 408 1118 482 878
1158 410 1214 463 in
1266 398 1539 465 carnalem
1586 410 1914 467 intellectum
1943 415 2001 475 Α
2025 409 2119 464 has
2146 412 2385 478 corporis
2416 408 2693 467 fenestras
2713 412 2923 466 incaute
2948 411 3188 468 exterius
3213 413 3461 484 respicit,
3489 414 3605 485 ple-

328 498 553 555 cadunt.
596 498 921 568 Sanguinem
968 500 1162 570 quippe
1207 501 1388 567 elicit,
1432 502 1519 570 qui
1572 501 1916 556 vehementer

327 591 610 659 emungit,
639 591 765 660 quia
793 592 1007 647 carnale
1053 590 1283 649 efficitur
1316 593 1415 648 huc
1459 595 1602 662 quod
1642 609 1711 648 ex
1753 594 1916 648 nimia

330 682 559 752 spiritus
602 681 938 737 discussione
982 684 1233 739 sentitur.
1279 684 1427 741 Unde
1476 699 1697 740 necesse
1731 695 1815 741 est
1857 694 1919 740 ut

332 773 477 829 beati
521 774 631 830 Job
654 790 838 844 opera,
866 791 982 846 quae
1025 776 1163 833 inter
1200 778 1587 848 increpantium
1620 780 1917 834 amicorum

332 868 501 923 verba
530 867 735 923 idcirco
761 878 949 924 narrat
972 882 1043 926 ne
1067 868 1261 927 afﬂicta
1294 887 1446 927 mens
1474 873 1618 927 illius
1646 874 1701 927 in
1727 872 1917 943 despe«

331 959 546 1014 ratione
564 958 777 1015 deﬁciat
794 999 810 1025 ,
835 961 985 1030 juxta
1008 962 1217 1030 pondus
1237 963 1473 1019 historia
1495 975 1916 1033 perserutemur,

334 1060 362 1089 ι
387 1067 456 1106 ne
478 1053 527 1107 si
557 1052 675 1109 hsce
713 1055 926 1110 animus
950 1055 1231 1125 plusquam
1256 1072 1476 1113 necesse
1497 1070 1579 1114 est
1607 1060 1920 1127 spiritaliter

332 1145 653 1215 investiget,
682 1161 712 1200 a
739 1146 1030 1202 verborum
1054 1149 1171 1219 eius
1213 1150 1468 1205 uberibus
1506 1153 1721 1221 sanguis
1764 1154 1921 1208 nobis

331 1251 433 1309 pro
454 1237 593 1292 lacte
615 1238 960 1308 respondeat.
977 1239 1034 1295 Si
1054 1241 1267 1310 quando
1287 1256 1418 1297 vero
1433 1243 1674 1312 quaedam
1699 1242 1919 1314 mystica

333 1332 393 1387 in
437 1345 656 1387 suorum
709 1346 929 1403 operum
977 1336 1286 1389 narratione
1333 1338 1652 1404 permiscet,
1692 1338 1757 1390 ad
1802 1337 1923 1391 hac

334 1433 672 1481 neeesseest
704 1432 763 1479 ut
810 1438 963 1480 mens
1003 1427 1213 1481 concita
1262 1426 1480 1488 redeat,
1512 1427 1579 1479 ad
1622 1442 1740 1495 quia
1786 1426 1924 1482 hanc

334 1517 476 1587 ipse,
506 1527 567 1571 ut
609 1517 767 1571 datur
804 1516 1062 1589 intelligi,
1090 1519 1226 1573 ordo
1267 1519 1533 1587 loquentis
1567 1528 1741 1574 vocat.
1788 1519 1921 1574 Nam

332 1618 552 1665 uitans
580 1608 661 1661 vir
691 1617 971 1679 postquam
997 1623 1061 1663 ea
1100 1624 1219 1679 qua:
1249 1608 1352 1664 sibi
1387 1624 1481 1676 per
1519 1608 1783 1678 ﬂagellum
1815 1609 1922 1663 Do-

335 1700 464 1755 mini
490 1698 702 1754 fuerant
725 1698 923 1754 inﬂicta
951 1700 1216 1764 narravit,
1245 1712 1385 1752 nunc
1412 1713 1506 1767 per
1528 1699 1768 1752 ordinem
1800 1714 1921 1766 pro-

2022 519 2247 572 rumque
2273 504 2323 557 in
2354 503 2758 559 delectationem
2791 506 2992 574 peccati
3025 505 3183 560 etiam
3213 507 3401 562 nolens
3425 508 3603 576 cadit;

2019 602 2177 664 atque
2216 596 2481 665 obligatus
2523 596 2825 663 desideriis,
2854 598 3037 667 incipit
3067 598 3202 652 velle
3241 599 3380 668 quod
3414 600 3604 658 noluit.

2019 685 2265 751 Princeps
2305 687 2499 757 quippe
2546 689 2723 742 anima
2754 687 2881 743 dum
2924 699 3047 745 ante
3078 705 3183 745 non
3222 692 3498 760 providet,
3539 705 3608 746 ne

2020 779 2230 833 incaute
2277 781 2457 835 videat
2484 780 2627 850 quod
2676 784 3043 850 concupiscat,
3073 798 3214 839 ecca
3259 794 3379 854 post
3421 784 3607 853 incipit

2019 869 2327 926 desiderare
2353 872 2494 941 quod
2525 873 2676 928 vidit.
2716 874 2864 928 l,'nde
2890 886 2943 930 et
2974 872 3254 942 P'rOphette
3283 890 3455 941 mens,
3485 890 3605 946 quas

2020 965 2294 1019 sublevata
2316 979 2459 1028 saepe
2485 966 2755 1036 mysteriis
2775 968 2998 1023 internis
3024 966 3311 1033 intererat,
3336 971 3455 1035 quia
3480 967 3608 1021 alie-

2022 1070 2143 1109 nam
2189 1054 2468 1139 conjugem
2522 1057 2733 1110 incaute
2776 1057 2939 1121 vidit,
2981 1058 3327 1113 obtenebrata
3366 1069 3604 1127 postmm

2022 1148 2146 1201 dum
2189 1148 2402 1202 sibimet
2448 1148 2626 1202 illicite
2651 1149 2927 1216 conjunxit
2956 1148 3044 1219 (II
3078 1150 3205 1219 Reg.
3236 1166 3321 1213 xr,
3351 1150 3432 1220 ἓ).
3475 1152 3608 1205 San-

2021 1253 2139 1294 ctus
2166 1249 2343 1295 autem
2384 1241 2487 1307 vir,
2514 1240 2600 1312 qui
2632 1243 2865 1311 acceptis
2900 1244 3141 1312 corporis
3182 1244 3609 1305 sensibus,velut

2020 1331 2276 1402 subjectis
2313 1332 2478 1403 679
2508 1333 2767 1388 ministris
2797 1336 3019 1404 quidam
3066 1334 3403 1401 aequissimus
3439 1334 3607 1404 iudex

2024 1435 2248 1494 praeest,
2281 1426 2463 1494 culpas
2494 1424 2755 1492 conspicit
2783 1434 3068 1494 antequam
3101 1425 3354 1492 veniant,
3382 1434 3435 1479 et
3464 1425 3610 1478 velut

2026 1526 2051 1553 °
2075 1515 2344 1570 insidianti
2384 1515 2521 1569 hosti
2552 1508 2812 1569 fenestras
2840 1516 3079 1583 corporis
3121 1514 3351 1579 claudit,
3382 1515 3567 1569 dicens
3594 1532 3608 1569 :

2023 1606 2207 1681 Pepigi
2238 1608 2403 1678 {tedas
2428 1625 2544 1661 cum
2571 1608 2730 1662 oculis
2760 1609 2907 1675 meis,
2932 1621 2986 1662 ut
3015 1627 3078 1663 ne
3109 1612 3377 1679 cogitarem
3408 1609 3612 1677 quidem

2026 1701 2087 1755 de
2117 1702 2329 1771 virgine.
2362 1702 2431 1756 Ut
2458 1703 2598 1755 enim
2631 1701 2982 1772 cogitationes
3015 1696 3196 1757 cordis
3223 1713 3371 1757 caste
3398 1716 3613 1757 scrvare

338 1790 489 1862 prius
537 1790 905 1845 enumerando
951 1791 1211 1858 virtutes,
1259 1788 1432 1859 qualis
1477 1801 1602 1843 ante
1649 1788 1915 1858 ﬂagellum
1950 1772 1996 1830 Β
2025 1796 2316 1866 potuisset,
2344 1794 2515 1849 fmdus
2536 1795 2852 1867 ctrmpculis
2878 1795 3108 1866 pepigit,
3138 1811 3204 1849 ne
3229 1796 3374 1864 prius
3402 1795 3611 1849 incaute

342 1882 507 1938 fuerit
530 1884 845 1949 inualescit;
877 1884 956 1937 sic
977 1883 1102 1938 vitat
1128 1896 1240 1937 suae
1270 1882 1542 1937 historiam
1574 1891 1780 1947 texens,
1803 1880 1830 1919 δ
1862 1890 1923 1935 ut

244 2050 249 2057 ι
308 1975 395 2032 ei
439 1989 704 2045 perrarum
745 1973 948 2044 aliquid
989 1973 1131 2044 quod
1160 1973 1447 2043 allegorice
1484 1972 1707 2040 intelligi
1754 1974 1923 2041 possit

341 2068 655 2132 illst-serat,
673 2075 936 2137 quatenus
958 2075 1014 2121 et
1038 2082 1106 2120 ex
1137 2080 1329 2136 magna
1360 2075 1507 2134 parte
1534 2065 1784 2120 historica
1811 2065 1925 2118 sint

336 2173 452 2229 qua
480 2168 774 2223 memorat,
804 2167 859 2213 et
894 2166 1073 2213 tamen
1112 2156 1397 2227 aliquando
1428 2172 1522 2225 per
1572 2158 1685 2211 haec
1731 2156 1919 2210 eadem

335 2249 400 2303 ad
429 2248 724 2318 spiritalem
756 2249 1157 2319 intelligentiam
1199 2258 1505 2316 consurgat.
1548 2257 1571 2285 α
1597 2250 1710 2314 Qua
1742 2250 1922 2317 itaque

335 2337 647 2397 fortitudine
688 2345 758 2396 ab
802 2343 951 2397 omni
999 2342 1150 2410 lapsu
1196 2341 1465 2396 exteriora
1511 2354 1606 2395 sua
1662 2342 1919 2395 custodiae

335 2430 609 2488 interioris
629 2432 909 2502 disciplina
940 2432 1349 2495 constrinxerit,
1375 2431 1606 2486 insinuat
1634 2431 1858 2486 dicens:

963 2533 1187 2590 CAPUT
1231 2534 1291 2589 ll.

403 2626 535 2681 ευ.
578 2642 743 2693 xxxi,
784 2641 939 2681 reas.
981 2626 1033 2679 1.
1063 2652 1137 2667 -
1165 2624 1350 2696 Pepigr'
1398 2626 1560 2686 rudus
1596 2640 1711 2679 eum
1757 2625 1920 2678 oculis

338 2719 480 2783 areis,
510 2726 565 2772 ut
588 2735 652 2771 ne
676 2719 953 2789 cogitarem
979 2718 1184 2786 quidem
1212 2717 1275 2770 de
1303 2716 1516 2785 uirgine.

407 2810 464 2864 Δ.
495 2808 580 2863 Ne
608 2822 748 2864 tuens
767 2808 953 2863 illicita
972 2810 1331 2877 concupiscat,
1360 2807 1629 2860 eohibendi
1655 2814 1770 2860 sunt
1800 2821 1919 2859 sen-

340 2916 423 2956 sus
442 2899 716 2954 exteriores
735 2901 820 2966 qui
845 2908 963 2952 sunt
984 2900 1155 2951 aditus
1180 2898 1386 2952 mentis.
1410 2894 1608 2950 Intueri
1658 2912 1758 2949 non
1781 2895 1923 2948 decet

339 2990 476 3062 quod
526 2990 873 3059 concupiscere
917 3005 1018 3042 non
1068 2989 1299 3041 licet.—
1335 2987 1470 3041 Cum
1519 2987 1588 3041 sit
1637 2985 1922 3040 invisibilis

342 3084 547 3149 anima,
574 3096 906 3151 nequaquam
944 3094 1320 3150 corporearum
1353 3094 1533 3134 rerum
1564 3079 1924 3134 delectatione

2023 1888 2287 1957 aspiceret
2332 1887 2473 1957 quod
2527 1887 2869 1955 postmodum
2922 1889 3121 1942 invitus
3170 1884 3394 1943 amaret.
3449 1887 3613 1943 Valde

2022 1993 2255 2046 namque
2288 1973 2307 2015 ί
2341 1989 2421 2032 est
2461 1977 2600 2047 quod
2648 1992 2776 2032 caro
2804 1977 3053 2032 deorsum
3104 1978 3296 2046 trahit,
3339 1988 3393 2032 et
3444 1978 3611 2033 semel

2021 2070 2229 2138 Species
2272 2067 2457 2121 forma!
2499 2067 2647 2122 cordi
2677 2078 2702 2114 ε
2733 2084 2828 2138 per
2868 2069 3053 2123 oculos
3083 2067 3282 2139 illigata
3316 2071 3404 2122 vix
3436 2065 3610 2138 magni

2022 2158 2325 2214 luctaminis
2356 2173 2515 2211 manu
2547 2158 2793 2214 solvitur.
2840 2156 2916 2212 Ne
2960 2174 3089 2229 ergo
3130 2158 3371 2226 quaedam
3407 2158 3611 2213 lubrica

2023 2251 2075 2305 in
2094 2252 2415 2322 cogitatione
2439 2264 2735 2315 versemus,
2763 2248 3154 2322 providendum
3179 2252 3330 2305 nobis
3349 2263 3463 2318 est;
3487 2252 3609 2321 quia
3682 2308 3683 2311 η

2025 2342 2220 2397 intueri
2259 2339 2283 2377 δ
2326 2357 2429 2396 non
2472 2340 2626 2396 decet
2676 2342 2816 2411 quod
2862 2358 2966 2396 non
3017 2343 3143 2397 licet
3181 2342 3505 2413 concupisci.
3543 2341 3612 2397 Ut
3672 2330 3686 2389 η’

2022 2434 2163 2489 enim
2202 2434 2395 2487 munda
2445 2449 2597 2487 utens
2660 2432 2711 2488 in
2767 2435 3088 2504 cogitatione
3153 2444 3392 2489 servetur
3438 2452 3465 2487 a
3506 2436 3612 2489 las-
3650 2418 3653 2421 5

2023 2527 2162 2581 civia
2230 2528 2245 2563 ι
2316 2525 2602 2595 voluptatis
2670 2541 2780 2580 sua:
2830 2526 3165 2596 deprimendi
3238 2537 3360 2581 sunt
3426 2524 3613 2590 oculi,

2024 2616 2176 2685 quasi
2206 2616 2421 2686 quidam
2448 2626 2693 2685 raptores
2723 2616 2790 2670 ad
2821 2617 3055 2686 culpam.
3099 2618 3279 2687 Neq-te
3306 2616 3453 2671 enim
3502 2616 3613 2669 Eva

2026 2706 2228 2780 lignum
2258 2708 2479 2763 vetitum
2525 2709 2870 2779 contigisset,
2905 2710 3004 2763 nisi
3056 2710 3157 2764 hoc
3206 2710 3353 2781 prius
3404 2710 3616 2764 incaute

2026 2802 2341 2870 respiceret.
2372 2802 2641 2871 Scriptum
2674 2803 2869 2872 quippe
2900 2810 2983 2879 est
3010 2819 3043 2875 ε,
3066 2800 3213 2856 Vidit
3260 2801 3450 2856 mulier
3480 2803 3616 2869 quod

2028 2896 2212 2949 bonum
2238 2900 2367 2950 esset
2394 2897 2590 2971 lignum
2616 2898 2686 2949 ad
2711 2898 3038 2964 vescendum,
3064 2906 3110 2949 et
3134 2896 3406 2967 pulchrum
3430 2896 3617 2964 oculis,

2027 2998 2335 3059 aspectuque
2362 2987 2692 3053 delectabile;
2720 2998 2765 3042 et
2811 2987 2925 3043 tulit
2954 2989 3015 3042 de
3054 2994 3224 3059 fructu
3266 2988 3431 3054 illius,
3460 2999 3507 3042 et
3534 3004 3619 3042 co-

2028 3081 2188 3135 medit
2213 3078 2418 3152 (Genes.
2441 3097 2499 3135 ιιι
2516 3122 2529 3145 ,
2552 3079 2631 3151 6).
2657 3078 2791 3134 Hinc
2812 3096 2940 3151 ergo
2960 3078 3288 3151 pensandum
3314 3090 3396 3135 est
3418 3088 3621 3151 quanto

340 3177 594 3245 tangitur,
625 3174 723 3229 nisi
751 3174 891 3244 quod
921 3173 1188 3228 inhaerens
1231 3175 1445 3242 corpori
1486 3172 1638 3240 quasi
1676 3169 1923 3243 quaedam
1948 3154 1998 3221 C
2030 3174 2322 3230 debeamus
2346 3171 2715 3228 moderamine
2735 3186 2864 3242 erga
2890 3164 3071 3227 illicita
3097 3174 3266 3227 visum
3296 3172 3621 3244 restringere

340 3265 647 3336 egredieudi
684 3264 945 3319 foramina
986 3263 1228 3332 ejusdem
1258 3266 1496 3333 corporis
1522 3277 1712 3317 sensus
1740 3263 1924 3316 habet.

341 3361 500 3416 Visus
544 3360 760 3431 quippe,
790 3359 1022 3425 auditus,
1071 3366 1274 3428 gustus,
1317 3357 1597 3422 odoratus,
1634 3364 1689 3410 et
1729 3362 1924 3433 tactus,

339 3452 493 3523 quasi
520 3450 767 3520 quaedam
796 3448 893 3503 vite
921 3447 1115 3503 mentis
1143 3456 1296 3515 sunt,
1327 3445 1519 3515 quibus
1547 3444 1689 3498 foras
1719 3444 1924 3509 veniat,

340 3555 403 3602 et
424 3560 491 3601 ea
517 3557 640 3616 quae
666 3533 815 3598 extia
843 3541 962 3611 eius
1007 3550 1134 3596 sunt
1175 3541 1526 3595 substantiam
1562 3538 1927 3605 concupiscat.

343 3637 446 3696 Per
474 3635 574 3690 bos
613 3637 808 3690 etenim
836 3634 1078 3701 corporis
1106 3645 1297 3687 sensus
1338 3633 1487 3700 quasi
1531 3644 1624 3697 per
1662 3630 1929 3683 fenestras

339 3728 599 3800 quaedam
621 3728 888 3783 exteriora
912 3739 1138 3795 quaeque
1160 3724 1335 3778 anima
1364 3721 1611 3790 respicit,
1636 3719 1928 3789 reSpiciens

340 3824 691 3895 concupiscit.
717 3822 853 3877 Hinc
872 3821 1072 3877 etenim
1101 3818 1365 3875 Jeremias
1384 3817 1494 3870 ait:
1518 3812 1761 3869 Ascendit
1791 3828 1930 3866 mors

342 3915 375 3957 ἀ
410 3933 500 3984 per
548 3918 797 3987 fenestras
844 3922 1075 3977 nostras,
1116 3912 1346 3981 ingressa
1388 3907 1684 3962 estdomus
1733 3916 1933 3959 nostras

344 4009 565 4080 Herem.
588 4024 664 4075 rx,
690 4005 810 4076 Ἢ).
840 4005 981 4059 Mors
1008 4003 1202 4073 quippe
1231 4015 1325 4070 per
1363 3998 1623 4054 fenestras
1657 3996 1937 4077 ascendit,

345 4109 403 4157 et
425 4100 643 4154 domum
668 4093 988 4166 ingreditur,
1019 4106 1139 4146 cum
1171 4105 1270 4161 per
1299 4103 1490 4145 sensus
1534 4087 1778 4157 corporis
1807 4100 1934 4141 con-

345 4190 676 4261 cupiscentia
702 4185 941 4253 veniens,
970 4182 1329 4247 habitaculum
1353 4178 1517 4234 intrat
1542 4179 1754 4233 mentis.
1780 4176 1931 4244 Quod

347 4294 531 4338 contra
574 4281 677 4334 hoc
714 4274 857 4349 quod
900 4277 1008 4345 jam
1056 4289 1199 4343 smpe
1242 4271 1480 4329 diximus
1526 4270 1594 4325 de
1638 4271 1793 4340 iustis
1842 4286 1936 4339 per

349 4374 537 4430 Isaiam
585 4370 815 4425 dicitur:
851 4364 953 4433 Qui
980 4374 1097 4419 sunt
1140 4365 1191 4415 hi
1228 4363 1315 4431 qui
1364 4371 1415 4414 ut
1456 4360 1610 4415 nubes
1655 4361 1858 4426 volant,
1890 4370 1937 4413 et

2032 3282 2131 3321 nos
2157 3266 2246 3337 qui
2296 3265 2593 3320 mortaliter
2636 3264 2892 3331 vivimus,
2924 3266 2969 3319 si
3011 3273 3064 3319 et
3109 3278 3279 3319 mater
3325 3266 3619 3320 viventium

2032 3370 2123 3426 per
2154 3360 2337 3411 oculos
2364 3357 2429 3411 ad
2461 3365 2688 3411 mortem
2729 3358 2895 3411 venit.
2926 3355 3059 3412 Hinc
3090 3358 3251 3411 etiam
3299 3357 3398 3411 sub
3424 3352 3623 3412 Judmm

2030 3462 2185 3516 voce,
2216 3465 2334 3518 quae
2363 3448 2628 3504 exteriora
2669 3449 2899 3503 videndo
2942 3451 3325 3517 concupiscens
3365 3451 3501 3504 bona
3544 3450 3623 3502 in-

2033 3541 2227 3593 teriora
2257 3539 2594 3607 perdiderat,
2630 3539 2890 3606 proliheta
2926 3537 3095 3592 dicit:
3136 3538 3330 3592 Oculus
3359 3556 3498 3592 meus
3536 3538 3624 3592 de-

2032 3629 2295 3699 praedatus
2332 3639 2407 3683 est
2451 3631 2677 3683 animam
2722 3646 2886 3683 meam
2919 3628 3131 3701 (Thren.
3160 3647 3249 3693 tu,
3276 3628 3387 3700 5i).
3416 3630 3624 3686 Concu-

2034 3720 2291 3790 piscendo
2327 3721 2469 3774 enim
2519 3720 2773 3784 visibilia,
2817 3721 3115 3777 invisibiles
3155 3722 3382 3777 virtutes
3424 3706 3623 3779 amisit.

2033 3811 2165 3879 Quae
2208 3825 2335 3882 ergo
2364 3812 2676 3866 interiorem
2706 3809 2941 3866 fructum
2974 3827 3068 3882 per
3097 3813 3419 3869 exteriorem
3452 3812 3625 3870 visum

2040 3904 2054 3956 i
2087 3905 2338 3975 perdidit,
2356 3918 2449 3974 per
2479 3905 2692 3963 oculum
2717 3906 2961 3973 corporis
2992 3905 3217 3976 pertulit
3246 3908 3477 3976 praedam
3507 3922 3625 3963 cor-

2036 3998 2140 4052 dis.
2168 3996 2322 4052 Unde
2352 3995 2507 4051 nobis
2532 3995 2599 4049 ad
2641 3996 3046 4052 custodiendam
3092 3998 3268 4053 cordis
3310 3999 3624 4054 munditiam

2036 4091 2359 4145 exteriorum
2387 4103 2600 4158 quoque
2625 4102 2880 4143 sensuum
2907 4087 3184 4158 disciplina
3232 4088 3494 4144 servanda
3521 4099 3623 4145 est.

2038 4179 2170 4236 Nam
2209 4179 2539 4249 quantalibet
2585 4179 2787 4235 virtute
2837 4192 2988 4234 mens
3036 4180 3254 4249 polleat,
3297 4181 3627 4251 quantalibet

2037 4271 2295 4342 gravitate
2319 4270 2524 4339 vigeat,
2551 4268 2797 4325 carnales
2825 4279 3002 4326 tamen
3028 4284 3219 4325 sensus
3247 4272 3455 4344 puerile
3476 4272 3626 4343 quid-

2040 4363 2159 4417 dam
2187 4362 2418 4417 exterius
2452 4372 2818 4431 perstrepunt,
2844 4371 2898 4419 et
2926 4364 3027 4418 nisi
3056 4362 3326 4420 interioris
3353 4369 3627 4436 gravitatis

351 4464 494 4538 quasi
522 4454 881 4518 calumbtead'
913 4457 1156 4527 fenestras
1204 4470 1323 4508 suas
1368 4451 1524 4518 (Isai.
1550 4469 1614 4506 1.x
1633 4495 1648 4518 ,
1671 4453 1767 4521 8)?
1795 4453 1954 4507 Justi'
2043 4454 2281 4523 pondere
2302 4460 2357 4508 et
2379 4453 2531 4523 quasi
2559 4452 2783 4522 juvenili
2810 4454 3040 4524 quodam
3064 4444 3246 4525 vigore
3268 4456 3625 4522 refreuentur,‘

351 4572 580 4629 namque
608 4556 789 4611 volare
831 4560 892 4607 ut
929 4549 1096 4605 nubes
1126 4546 1251 4602 dicti
1283 4552 1435 4611 sunt,
1472 4545 1593 4613 quia
1625 4559 1654 4596 a
1701 4553 1935 4599 terrenis

352 4651 610 4722 contagiis
630 4648 1009 4709 sublevantur;
1035 4648 1090 4696 et
1116 4637 1265 4708 quasi
1294 4635 1557 4691 columbae
1577 4635 1642 4688 ad
1669 4634 1932 4689 fenestras

354 4759 479 4801 suas
495 4750 640 4807 sunt,
664 4740 784 4810 quia
814 4752 907 4808 per
931 4747 1122 4791 sensus
1146 4728 1387 4800 corporis
1411 4726 1679 4782 exteriora
1701 4739 1932 4795 quasque

355 4837 650 4895 intentione
686 4850 793 4889 non
837 4829 1128 4900 respiciunt
1172 4822 1499 4894 rapacitatis,
1544 4834 1744 4890 eosque
1789 4816 1934 4874 foras

356 4947 465 4989 non
495 4928 630 5000 rapit
665 4922 1097 4994 concupiscentia
1123 4916 1379 4975 carnalis.
1410 4912 1660 4985 Quisquis
1687 4925 1815 4968 vero
1842 4926 1936 4981 per

431 5056 458 5085 ι
494 5044 603 5100 Val.
632 5041 741 5107 CL,
765 5056 827 5095 ne
852 5040 895 5093 si
923 5040 1029 5092 hac
1054 5038 1370 5091 animum....
1403 5032 1701 5102 spiritaliter
1730 5029 1940 5086 investi-

359 5127 483 5191 gata
539 5116 733 5177 ulsent,
764 5126 826 5165 ea:
850 5108 1111 5164 verborum
1128 5148 1142 5175 ,
1168 5116 1274 5162 etc.

430 5184 459 5228 ι’
490 5135 698 5241 [εοηηη
730 5192 785 5237 ut
814 5180 860 5234 ei
890 5190 1122 5241 perraro.

437 5192 459 5228 ι’
490 5192 698 5251 Norm.,
730 5192 785 5237 ut
814 5192 859 5234 ei
890 5192 1122 5249 perraro.

437 5269 460 5299 ε
494 5254 727 5324 Gemet.,
756 5252 1052 5325 quantique
1080 5247 1377 5325 fortitudine

432 5328 461 5367 δ
492 5314 817 5393 ῦοηιι.,’ρὲν
842 5314 1090 5388 fenestras
1115 5333 1253 5393 suas.
1287 5314 1569 5378 Uticensis,
1602 5314 1943 5393 Beccens.‘et

362 5402 491 5467 alii,
520 5416 610 5469 per
640 5385 883 5467 fenestras
916 5387 1735 5469 ῑειεδέῖιξετζιιιρηιρε-υεειναδηη,ἶ
1762 5392 1811 5469 et
1850 5385 1940 5437 de~

363 5457 959 5539 mes'iitgre'ditur,rcum.
992 5459 1103 5514 Val.
1247 5457 1403 5539 habet
1430 5470 1659 5539 quoque,
1688 5462 1735 5508 et
1763 5457 1940 5536 domos

369 5525 679 5612 ingreditur.
703 5525 824 5604 Legi
850 5537 1007 5612 debet
1036 5530 1373 5612 cx_V'ulgata,
1398 5528 1710 5612 exterisque
1738 5525 1940 5581 versio-

368 5603 553 5673 libus.
570 5620 627 5665 et
650 5622 719 5663 ex
742 5616 886 5665 testu
912 5603 1069 5664 Heln,
1098 5604 1353 5673 [equestras
1369 5607 1590 5673 nostras,
1614 5608 1720 5657 etc.

447 5692 472 5721 ε
505 5668 678 5747 naui,
710 5678 968 5733 insidianti
1000 5668 1171 5728 morti.
1214 5670 1304 5726 Sic
1340 5669 1619 5747 legendum
1650 5668 1836 5724 suadet
1867 5668 1944 5747 |_o-
2012 5678 2013 5681 κ

303 5776 309 5783 ·
374 5769 472 5812 cus
494 5752 644 5808 Isaia
668 5739 759 5818 qui
786 5748 1079 5816 duplicatur
1108 5757 1263 5812 supra
1285 5739 1557 5818 g‘ascendit
1586 5755 1723 5818 mors
1750 5756 1841 5818 per
1866 5742 1942 5809 fe-

266 5836 301 5866 λ
377 5810 577 5891 uestras
603 5810 833 5887 usuras;
856 5810 1042 5876 'verum
1081 5810 1448 5872 contradicunt
1490 5810 1620 5873 Mss.
1647 5811 1856 5882 Anglic.
1885 5818 1941 5866 et

2042 4546 2108 4601 ad
2158 4547 2306 4601 ﬂuxa
2347 4559 2573 4614 quaeque
2599 4553 2653 4601 et
2679 4545 2815 4601 levia
2846 4556 3076 4601 mentem
3108 4558 3356 4603 enervem
3387 4550 3627 4606 trahunt.

2112 4637 2164 4692 5.
2198 4635 2501 4706 Emptum
2528 4634 2629 4689 Job
2666 4652 2766 4689 non
2791 4636 2955 4690 solum
2996 4639 3187 4703 carnis,
3215 4639 3304 4692 sed
3332 4641 3486 4692 etiam
3516 4654 3629 4693 coro

2043 4729 2123 4782 dis
2151 4738 2197 4782 et
2228 4726 2409 4782 mentis
2436 4726 2693 4781 luxuriam
2722 4728 3053 4799 refrenantis.
3085 4726 3190 4784 Per
3219 4722 3433 4802 Moysen
3478 4729 3629 4785 luatu-

2040 4821 2121 4874 ria
2148 4826 2470 4890 perpetrata,
2502 4834 2594 4889 per
2614 4818 2873 4874 Christum
2902 4821 3057 4875 etiam
3082 4824 3306 4893 cogitata
3333 4824 3624 4879 damnatur.

2049 4913 2150 4980 Qui
2184 4912 2301 4969 cali
2338 4912 2459 4968 ciris
2496 4920 2572 4969 est
2596 4913 2858 4969 luxuriam
2903 4915 3134 4985 deserat,
3166 4932 3271 4971 non
3310 4916 3509 4983 timore,
3540 4916 3628 4972 sed

2049 5032 2247 5101 nostri,
2280 5030 2369 5103 qui
2394 5045 2524 5103 ‘prai
2553 5046 2610 5085 se
2640 5029 2817 5103 ferunt
2842 5030 3111 5103 insidianti
3150 5034 3301 5089 hosti.
3337 5032 3517 5090 Germ.
3553 5042 3629 5088 ta‘

2047 5094 2170 5155 men
2202 5094 2257 5156 et
2285 5094 2444 5155 Curii.
2475 5101 2656 5156 Germ.
2687 5100 2886 5156 habent
2912 5102 3178 5157 insidianti
3207 5104 3378 5158 morti.

2122 5175 2139 5210 ¹
2178 5171 2380 5246 Placuit
2430 5171 2851 5246 recentioribus_
2867 5172 3161 5246 editoribus
3211 5174 3408 5246 addere
3454 5188 3628 5246 grave,

2045 5258 2167 5297 cum
2199 5244 2253 5298 in
2287 5243 2417 5299 Mss.
2448 5253 2501 5299 et
2525 5244 2788 5313 prioribus
2814 5243 3041 5302 Excusis
3064 5245 3375 5313 simpliciter
3399 5243 3624 5315 legatur,

2047 5314 2209 5385 valde
2221 5331 2433 5385 namque
2460 5325 2532 5385 est
2562 5315 2720 5385 quod.

2122 5393 2147 5454 β
2179 5382 2362 5439 Germ.
2394 5397 2447 5439 et
2477 5382 2591 5438 Val.
2616 5383 2719 5450 L‘l.,
2749 5398 2839 5454 per
2866 5384 3042 5438 oculos
3065 5382 3231 5438 illata.

2066 5500 2069 5501 ν
2116 5452 2148 5491 ¹ι
2177 5455 2361 5511 Germ.
2385 5465 2441 5509 et
2474 5456 2683 5521 Norm.,
2724 5452 2829 5509 non
2851 5455 3029 5522 debet,
3058 5454 3200 5525 quod
3228 5453 3389 5511 etiam
3433 5455 3629 5514 habent

2045 5526 2285 5581 nonnulli
2316 5526 2475 5581 Editi.

2123 5595 2140 5634 ί
2174 5596 2380 5663 Gertn.,
2404 5596 2635 5659 Gemet.,
2662 5596 2801 5651 Utic.
2828 5612 2889 5667 ac
2920 5596 3143 5667 Pratel.,
3170 5599 3445 5655 voluntatis
3471 5614 3601 5655 sua.

2122 5668 2137 5716 t
2170 5667 2339 5743 _Giit_)l.
2372 5668 2423 5743 in
2454 5667 2694 5743 margine
2726 5680 2821 5731 pro
2850 5666 3075 5743 diversa
3096 5666 3348 5740 lectione,
3380 5672 3629 5743 protulit,

2046 5738 2190 5810 quod
2214 5739 2374 5796 etiam
2402 5736 2599 5795 habent
2624 5736 2818 5809 aliquae
2846 5743 2955 5811 vet.
2979 5737 3122 5801 Edit.
3329 5736 3340 5767 τ
3380 5736 3392 5743 '
3492 5744 3503 5755 ε
