4066 6348
476 345 573 403 191

1251 351 1610 410 MORALIUM
1648 349 1778 406 ωε.
1822 346 1967 403 XXI.
2009 369 2080 387 --
2119 340 2186 397 ΙΝ
2223 341 2450 401 CAPUT
2489 342 2943 402 xxxrn.'soe.

3624 348 3743 401 ilii'

474 436 745 520 charitate.
766 493 837 507 —
864 464 1148 523 Videamus
1172 467 1331 538 igitur
1353 469 1620 539 quomodo
1652 469 1839 525 beatus
1869 468 1969 525 .lob
1995 459 2340 527 id‘A-WQW-
2364 456 2515 511 Νυιίι
2543 460 2746 529 Ρτοάεεῑ
2765 459 2841 513 υεί
2861 459 3075 528 superba
3101 456 3326 524 ωειίωεέ
3351 459 3429 513 νει
3454 461 3715 515 Ιιιίνηὶιὲιαε
3746 488 3753 495 ο

473 555 614 624 quod
645 556 700 611 in
724 571 789 612 eo
816 555 1015 613 fluxum
1046 574 1108 613 ac
1138 558 1338 630 puerile
1363 576 1489 617 caro
1516 562 1704 632 sapere
1731 563 1929 639 potuit,
1958 561 2044 634 ju-

472 648 631 703 venili
668 644 950 719 Sapientia:
979 653 1162 721 vigore
1198 650 1507 710 restrinxite
1528 658 1619 712 Ait
1645 659 1788 713 enim
1815 652 2063 733 :‘Pepigi:

474 740 775 815 {ardescunt
805 746 1145 801 oculis’meis.‘
1173 746 1237 801 Et
1280 749 1547 817 quia‘non
1590 750 1641 805 in
1679 766 1738 807 se
1778 753 2059 807 actionem'

472 833 854 902 tantummodo,
883 836 974 890 sed
996 828 1063 905 :et
1089 838 1465 907 cogitationem
1496 842 1716 896 luxuriae
1756 844 2041 909 exstinxit,

468 936 684 982 secutus
709 927 946 997 adjunxit
974 916 995 987 ιη
1025 931 1092 987 Ut
1121 930 1193 989 ne
1210 938 1487 1008 cogitarem
1514 930 1717 1007 quidem
1737 940 1803 994 de
1826 934 2061 1011 uirgine.‘

465 1017 678 1074 Sciebat
709 1014 1251 1081 nimirumluxuriam
1276 1034 1419 1083 ‘esse
1460 1028 1721 1086 incorde
1772 1032 2044 1088 refrenan-

464 1112 614 1175 dam,
647 1114 879 1181 sciebat,
914 1132 1008 1186 per
1035 1122 1204 1175 sancti
1246 1122 1476 1191 Spiritus
1504 1123 1732 1190 donttm,
1766 1126 1907 1195 quod
1939 1126 2044 1183 Re-

464 1204 710 1272 demptor
737 1216 922 1263 noster
950 1212 1177 1266 veniens
1225 1214 1357 1283 legis
1389 1210 1654 1285 praecepla
1700 1221 2046 1276 transcende-

462 1306 655 1383 ret,'et
688 1299 761 1352 ab
782 1300 969 1355 electis
998 1304 1107 1358 suis
1154 1320 1259 1359 non
1290 1309 1509 1361 'solum'
1538 1292 1806 1366 luxuriam
1839 1315 2040 1383 carnis,

463 1389 554 1443 sed
583 1378 758 1445 "etiam
808 1393 986 1448 cordis
1033 1396 1303 1465 aboleret,
1348 1398 1533 1456 dicens
1566 1420 1579 1455 :
1614 1402 1877 1474 Scriptum
1924 1378 2046 1459 est}

465 1483 583 1538 Non
612 1486 958 1554 adulternbis;
990 1507 1083 1563 ego
1112 1503 1283 1549 autem
1304 1498 1445 1571 dico.
1467 1499 1625 1563 vobis,
1657 1503 1897 1568 quoniam
1935 1520 2043 1557 om-

463 1577 540 1631 nis
576 1579 665 1648 qui
692 1579 867 1633 viderit
895 1583 1153 1666 mulierem
1178 1570 1249 1639 ad
1278 1590 1734 1660 concupiscendum
1764 1610 1905 1657 eam,
1928 1596 2043 1664 jam

464 1669 736 1724 moechatus
775 1681 847 1726 est
881 1690 994 1727 eam
1036 1675 1089 1728 in
1134 1680 1285 1733 corde
1324 1698 1415 1734 suo
1460 1681 1673 1753 (Matth.
1704 1699 1755 1749 v,
1786 1685 1898 1755 27).
1944 1686 2044 1742 Per

464 1759 680 1829 Moysen
702 1764 897 1833 quippe
920 1767 1127 1823 luxuria
1156 1780 1476 1840 perpetrata,
1504 1789 1598 1842 per
1618 1785 1886 1832 auctorem
1912 1772 2047 1835 vero

464 1854 735 1909 tnunditite
764 1857 977 1912 luxuria
999 1861 1227 1930 cogitata
1271 1863 1574 1921 damnatur.
1608 1867 1746 1922 Hinc
1775 1880 1857 1924 est
1896 1855 2045 1927 enim

462 1945 601 2011 quod
633 1945 904 2017 discipulis
947 1950 1145 2016 primus
1187 1949 1436 2010 Ecclesiae
1478 1967 1660 2025 pastor
1696 1961 1826 2017 dicit
1856 1980 1871 2017 :
1905 1963 2041 2019 Pro-

461 2046 570 2105 pter
601 2041 735 2117 (μιοᾴ
772 2038 1465 2129 εαεσίηειὶιιυηιὸθέωεηιὶε
1503 2062 1699 2121 vestrte,
1732 2056 1888 2109 sobrii
1925 2034 2045 2128 per:

460 2126 585 2197 ferte
611 2141 808 2199 sperate
835 2132 889 2185 in
914 2126 1161 2203 eam-qua:
1187 2136 1399 2203 o/fertur
1424 2126 1569 2195 vobis
1590 2146 1809 2213 gratiam
1841 2146 1888 2216 (Ι
1919 2126 2047 2203 Pet.‘

460 2234 505 2284 ι,
538 2221 649 2289 13).
680 2222 911 2280 Lumbos
940 2228 1081 2281 enim
1119 2233 1296 2287 carnis
1324 2236 1647 2307 succingere
1664 2249 1743 2293 est
1776 2240 2037 2307 luxuriam

384 2348 387 2349 ν
460 2311 531 2364 ab
560 2312 751 2368 elfectu
781 2316 1070 2375 refrenare.
1097 2320 1329 2379 Lumbos
1352 2341 1477 2381 vero
1503 2331 1696 2386 mentis
1729 2302 2039 2406 succingere

461 2412 545 2489 est
585 2405 720 2459 hanc
761 2407 921 2463 etiam
960 2412 1352 2489 alcogitatione
1390 2420 1731 2492 restringere.
1776 2405 1926 2480 Hinc,
1954 2436 2037 2483 est

460 2496 599 2562 quod
630 2499 870 2593 angelus,
900 2504 989 2589 qui
1027 2502 1284 2562 Joannem
1316 2510 1601 2593 alloquitur
1634 2514 1892 2586 (Apoc.t,
1923 2508 2043 2594 13),-

460 2600 597 2646 Iona
625 2606 783 2648 aurea
811 2610 974 2666 super
1002 2601 1262 2656 mamillas
1283 2605 1489 2662 cinctus
1515 2609 1680 2681 680
1706 2626 1825 2669 esse
1854 2615 2036 2682 perhi-

456 2680 639 2757 betur.
683 2683 815 2750 Quia
846 2681 1360 2753 enimg’Testamenti
1406 2696 1537 2753 Novi
1583 2680 2034 2765 mundittaﬁetiam

455 2773 639 2847 cordis
668 2772 927 2831 luxuriam
961 2777 1160 2851 frenat,
1193 2785 1413 2855 angelus
1451 2790 1539 2859 qui
1584 2792 1636 2845 in
1663 2808 1746 2848 .eo
1792 2801 2040 2866 apparuit

462 2864 517 2919 in
567 2876 781 2935 pectore
830 2873 1035 2929 cinctus
1081 2875 1241 2931 venit.
1288 2880 1456 2946 Quem
1502 2885 1820 2947 benesona
1864 2864 2036 2953 aurea

460 2958 697 3035 stringit,
722 2963 842 3031 quia
871 2964 1110 3033 quisquis
1137 2982 1381 3037 superna:
1412 2976 1594 3042 patrita
1616 2979 1754 3035 civis
1784 2992 1894 3052 est,
1928 3000 2032 3041 non

460 3050 566 3120 iam
602 3052 791 3107 timore
819 3056 1091 3126 supplicii,
1138 3061 1234 3116 sed
1278 3079 1461 3121 amore
1491 3068 1766 3127 cbaritatis
1806 3050 2037 3132 immun-l

461 3144 643 3199 ditiam
670 3140 902 3203 "deserit.
930 3150 1122 3207 Malum
1144 3170 1271 3210 vero
1308 3157 1533 3216 luxurias
1576 3174 1669 3219 aut
1708 3150 2035 3237 cogitatione

445 3245 815 3324 perpetretur,
848 3236 939 3295 aut
967 3256 1149 3314 opere.
1178 3245 1412 3305 Callidus
1439 3267 1667 3323 namque
1695 3264 1720 3292 ἰ
1746 3236 1915 3313 hostis
1938 3240 2035 3314 no;

442 3334 571 3407 .ster
592 3342 712 3383 cum
740 3331 807 3384 ab
826 3331 1017 3389 eli'ectu
1039 3338 1216 3406 operis
1238 3341 1538 3419 expellitur,
1563 3358 1766 3401 secreta
1796 3351 2038 3419 polluere

439 3421 781 3505 cogitatione
810 3425 1040 3480 molitur.
1071 3428 1221 3485 Unde
1242 3440 1298 3486 et
1323 3436 1557 3503 serpenti
1586 3453 1614 3491 a
1648 3438 1876 3497 Domino
1906 3444 2037 3505 dici-

571 3531 585 3567 :
618 3512 835 3605 Pectore
862 3527 909 3572 et
938 3531 1103 3576 ventre
1130 3540 1271 3593 repes
1302 3525 1505 3595 (Genets.
1536 3531 1764 3603 nihil).
1806 3535 2037 3607 Serpens

460 3604 710 3665 videlicet
755 3620 938 3667 ventre
978 3615 1147 3684 repit,
1190 3620 1405 3687 quando
1453 3622 1620 3679 hostis
1656 3604 1920 3691 lubricus
1944 3646 2038 3700 per

441 3697 685 3779 humana
718 3705 954 3759 membra
984 3706 1196 3762 sibimet
1221 3711 1429 3767 subdita
1466 3731 1634 3785 usque
1671 3720 1737 3772 ad
1772 3697 2034 3791 expletio-

460 3805 582 3873 nem
628 3795 804 3863 operis
834 3795 1096 3852 luxuriam
1138 3812 1370 3857 exercet.
1403 3804 1636 3874 Serpens
1673 3820 1851 3865 autem
1897 3816 2037 3882 repit

461 3893 700 3955 pectore,
729 3888 942 3958 quando
967 3905 1059 3944 eos
1084 3907 1218 3960 quos
1246 3894 1298 3948 in
1329 3910 1491 3962 opere
1519 3900 1741 3957 luxuriae
1771 3921 1874 3961 non
1901 3909 2041 3965 valet

462 3977 647 4045 polluit
695 3978 746 4033 in
796 3981 1140 4050 cogitatione.
1190 3986 1344 4043 Alius
1392 3989 1571 4061 itaque
1600 3995 1882 4065 luxuriam
1926 4003 2038 4072 jam

436 4078 732 4157 perpetrat
786 4074 1026 4140 actione,
1075 4075 1199 4133 huic
1257 4096 1479 4151 serpens
1529 4089 1667 4156 repit
1712 4105 1778 4146 ex
1832 4105 2037 4153 ventre.

432 4163 611 4245 ΖΑΙὶιιε
654 4174 829 4221 autem
875 4171 1285 4237 perpetrandam
1333 4189 1513 4234 versat
1557 4181 1610 4235 in
1658 4194 1866 4251 mente,
1918 4188 2041 4245 huic

463 4272 680 4347 serpens
708 4260 930 4345 repithex
967 4270 1203 4330 pectore.
1235 4265 1341 4322 Sed
1372 4271 1492 4339 quia
1521 4277 2041 4347 percogitatiouem

463 4338 527 4405 ad
570 4338 1023 4422 explendai'opera
1076 4338 1403 4427 pervenitur,
1447 4338 1599 4418 recte
1638 4338 1861 4437 serpens
1892 4360 2041 4441 prius

463 4451 784 4515 pectore,et
838 4447 1180 4514 postmodum
1226 4458 1413 4521 repere
1440 4466 1649 4521 ventre
1698 4460 2037 4522 describitur.

464 4533 610 4615 [Rea
649 4533 788 4609 [11.]
820 4536 970 4593 Unde
999 4539 1187 4596 beatus
1210 4530 1338 4609 'Job,
1364 4546 1486 4614 quia
1514 4548 1847 4621 disciplinam
1878 4555 2038 4611 etiam

466 4626 532 4699 in.
567 4627 891 4698 cogitatione
922 4632 1121 4699 tenuit,
1150 4650 1255 4712 una.
1282 4640 1523 4693 custodia
1554 4646 1819 4714 serpentis
1857 4635 2042 4717 pectus

423 4778 431 4787 .
467 4731 819 4799 ventremque
833 4726 1132 4791 superavit,
1158 4725 1340 4783 dicens
1364 4730 1589 4804 :ﬁPept'gi
1610 4734 1773 4804 [tedas
1796 4753 1910 4792 cum
1935 4757 2047 4796 ocu-

428 4886 434 4891 .
468 4810 532 4908 lis
560 4815 702 4877 meis,
727 4824 784 4868 ut
809 4832 870 4869 ne
899 4820 1170 4890 cogitarem
1190 4823 1477 4897 quidemne
1497 4827 1707 4897 virgine.
1731 4806 1875 4905 [νέξ.
1897 4832 1925 4886 1
1934 4834 1961 4887 Ι
1972 4833 2044 4908 1.]

422 4974 429 4981 ‘
468 4902 905 4985 Quam‘nimirum
919 4910 1098 4965 cordis
1110 4914 1424 4990 munditiam
1449 4902 2045 4994 quisquisadipiscinon

468 4997 699 5065 appetit,
727 4998 855 5068 quid
883 4999 1026 5054 aliud
1048 5017 1205 5072 quam
1234 5004 1473 5075 ejusdem
1500 5024 1529 5063 a
1552 5023 1612 5065 se
1643 5013 1916 5070 munditia
1950 5030 2046 5071 au-

470 5095 673 5144 ctorem
705 5089 948 5159 repellit!
977 5078 1795 5173 Unde'et,'beatusJob'protinus
1819 5106 2001 5163 subdit
2025 5125 2041 5164 :

1085 5184 1310 5245 CAPUT
1349 5191 1434 5247 Ill.
1483 5226 1486 5239 ι

422 5356 425 5357 ν
492 5302 497 5309 ι
546 5277 1072 5359 hamis—Quam
1097 5284 1232 5353 enim
1259 5294 1455 5352 partem
1476 5287 1623 5357 ,Deus
1651 5293 1853 5348 haberet
1881 5295 1936 5348 in
1968 5311 2050 5351 me

474 5369 781 5442 desuperfet
805 5373 1147 5429 hereditatem
1174 5362 1506 5456 Omnipotens
1527 5384 1590 5436 de
1614 5386 1861 5453 excelsis?

544 5461 605 5519 6.’
633 5462 835 5520 Uttﬂei
862 5458 1339 5536 bereditassimus,
1369 5473 1425 5526 in
1463 5474 1607 5528 nobis
1648 5487 1908 5546 peccatum
1945 5497 2051 5536 non

445 5634 471 5661 "
548 5646 1341 5733 '._Recent.Edit.,adt_ter-sarius_
1357 5669 1591 5733 noster...
1607 5670 1796 5716 secreta
1822 5642 2048 5733 polluere

416 5732 425 5747 ’
477 5719 797 5803 cogitationis
815 5719 1041 5781 molitur.
1063 5729 1307 5803 Nostram
1330 5731 1453 5786 lect.
1474 5732 1670 5788 habent
1690 5719 1892 5803 antiqui
1914 5733 2048 5791 Cod.

479 5796 1236 5877 tatuhestcusi“quamgexatzttl
1278 5815 1471 5877 manu;
1504 5803 1548 5857 si
1597 5809 1772 5861 tamen
1815 5796 2051 5877 excipias

478 5856 633 5917 curtis
662 5854 873 5921 derum”
890 5870 973 5923 cui
1003 5872 1114 5923 ree.
1142 5854 1241 5945 sit;
1271 5854 1575 5926 sanatam}.

2149 564 2251 601 non
2280 557 2439 602 casta.
2458 564 2536 589 ·-
2564 553 2641 604 Ac
2666 550 2710 604 si
2739 561 2921 620 aperte
2951 550 3129 605 dicat:
3162 550 3219 605 Si
3265 560 3496 605 mentem
3530 553 3582 606 in
3626 567 3717 607 co-
3745 576 3754 587 ο

2149 638 2402 711 gitatione
2418 640 2689 710 ‘polluero,
2712 643 2827 711 ejus
2854 643 2943 713 qui
2970 642 3242 698 munditia:
3268 654 3451 699 auctor
3474 654 3719 713 est,‘esse
3744 665 3753 682 ο

2149 730 3049 803 basreditasnequaquam'possum.
3080 733 3231 789 Nulla
3256 734 3397 789 enim
3430 736 3565 790 bona
3588 744 3715 792 sunt
3744 756 3751 777 =

2146 830 2360 892 caetera,
2392 823 2436 878 si
2465 825 2660 880 occulti
2686 825 2881 894 judicis
2922 826 3086 882 oculis
3115 828 3372 882 castitatis
3409 828 3716 883 testimonio
3742 834 3743 837 ‘

2147 928 2252 968 non
2274 940 2283 947 τ
2306 917 2699 985 approbantur.
2735 918 3173 987 Umnesquippe
3219 920 3441 974 virtutes
3489 917 3549 975 in'
3581 936 3745 976 con-‘

2146 1016 2330 1075 spectu
2371 1008 2665 1063 conditoris
2710 1010 2910 1064 vicaria
2938 1024 3038 1079 Ope
3067 1025 3125 1071 se
3154 1010 3463 1080 sublevant,
3495 1021 3551 1065 ut
3595 1010 3741 1080 quia

2146 1098 2439 1152 una'virtus
2466 1100 2582 1154 sine
2607 1101 2708 1153 alia
2736 1101 2820 1155 vel
2845 1100 2986 1169 nulla
3013 1099 3348 1171 esqomnino,
3370 1103 3453 1156 vel
3472 1101 3712 1171 minima,

2145 1190 2378 1244 vicissim
2424 1205 2520 1246 sua
2566 1191 2941 1262 conjunctione
2989 1192 3292 1247 iniciantur.
3341 1194 3396 1247 Si
3441 1194 3579 1247 enim
3630 1196 3715 1249 vel

2050 1300 2055 1307 '
2145 1281 2443 1336 castitatem
2477 1282 2745 1335 humilitas
2770 1283 3011 1348 deserat,
3040 1282 3125 1336 vel
3155 1274 3507 1337 humilitatem
3549 1283 3713 1339 castis

2145 1382 2225 1428 tas
2246 1373 2530 1443 relinquat,
2554 1374 2692 1444 apud
2721 1384 2994 1433 auctorem
3021 1374 3336 1429 humilitatis
3362 1384 3414 1429 et
3443 1374 3716 1431 munditia
3804 1418 3833 1419 ρ

2145 1466 2399 1534 prodesse
2425 1467 2547 1535 quid
2577 1468 2829 1535 praevalet
2856 1468 3583 1536 velsuperbacastitam-vel
3614 1471 3737 1525 hum

2145 1561 2340 1614 milites
2375 1560 2679 1629 inquinata?
2708 1560 2945 1619 Sanctus.
2980 1561 3139 1633 igitur
3176 1562 3256 1616 vir
3298 1571 3353 1615 ut
3388 1562 3455 1618 ab
3492 1573 3715 1619 auctore

2145 1668 2242 1709 suo
2288 1653 2543 1708 in'bonis
2601 1654 2818 1724 reliquis
2868 1656 3127 1725 possideri
3184 1666 3484 1722 mereatur,
3520 1658 3740 1712 cordis

2114 1812 2117 1813 ν
2144 1749 2460 1804 munditiam
2479 1749 2806 1815 custodiens,
2828 1750 2968 1805 dicat
2987 1770 2999 1805 :
3018 1750 3209 1825 'Pepigi
3231 1753 3395 1823 [trdus
3415 1755 3712 1806 cum'ocult‘s

2070 1835 2117 1895 B
2144 1840 2287 1904 meis,
2315 1850 2372 1894 stt
2401 1857 2462 1894 ne
2488 1842 2760 1911 cogitarem
2794 1842 3093 1912 quidem‘de
3120 1844 3333 1913 virgine.
3372 1842 3735 1910 Quam-,enim'

2144 1939 2337 2000 partem
2378 1930 2757 1985 haberet‘Detts
2797 1932 2850 1984 in
2895 1932 3247 2003 me'desuper,
3272 1941 3332 1985 'et
3370 1933 3737 1987 htcreditatem‘

2145 2024 2473 2093 Omnipotens
2505 2025 2567 2079 de
2593 2026 2839 2079 excelsis?
2858 2028 2934 2080 Ac
2950 2024 2999 2081 'si
3027 2037 3207 2097 aperte
3233 2028 3475 2097 fateatur,
3496 2028 3707 2085 'dicens.
3734 2054 3737 2061 -

2140 2118 2168 2158 δ
2191 2120 2401 2175 Habere
2428 2135 2516 2175 me
2547 2119 2949 2188 possessionem
2977 2136 3125 2175 suam
3166 2122 3493 2177 excelsorum
3529 2122 3712 2177 condi-

2141 2218 2225 2266 tor
2255 2213 2460 2280 renuit,
2492 2214 2536 2265 si
2568 2227 2718 2267 mens
2765 2228 2881 2268 mea
2925 2220 3061 2267 ante
3084 2224 3441 2283 conspectum
3467 2213 3609 2268 illius
3656 2215 3735 2268 in'

2141 2305 2337 2359 inlimis
2360 2304 2639 2359 desideriis
2670 2304 2910 2360 tabescit.

2156 2402 2161 2407 '
2208 2397 2260 2451 7.
2296 2395 2544 2466 Cogitatio
2567 2397 2829 2449 immunda
2867 2414 2971 2451 non
3003 2399 3231 2467 inquinat
3260 2414 3372 2452 cum
3397 2395 3593 2468 pulsat,
3620 2401 3709 2455 sed

2140 2504 2253 2541 cum
2295 2505 2384 2557 per
2410 2487 2790 2542 delectationem
2833 2489 3091 2562 subjugat.
3126 2488 3191 2543 In
3218 2505 3368 2543 carne
3396 2492 3712 2562 corruptibili

2138 2584 2318 2651 sufficit
2346 2591 2609 2653 peccatum
2652 2599 2751 2635 non
2793 2592 3119 2651 regnare.'—
3146 2581 3250 2637 Sed
3295 2583 3433 2638 inter
3463 2583 3576 2638 haec
3605 2583 3711 2654 (De

2141 2677 2341 2746 penit.,
2370 2676 2491 2729 dist.
2511 2673 2576 2741 2,
2610 2692 2655 2729 c.
2681 2673 2773 2745 23)
2817 2674 3090 2730 sciendum
3120 2686 3203 2730 est
3231 2674 3369 2729 aliud
3390 2689 3530 2731 esse
3569 2676 3709 2744 quod

2138 2774 2346 2825 animus
2377 2770 2442 2824 de
2480 2770 2770 2824 tentatione
2812 2772 2989 2822 carnis
3019 2754 3233 2838 patitur,
3262 2769 3402 2823 aliud
3431 2783 3558 2823 vero
3586 2782 3710 2824 cum

2142 2881 2237 2935 per
2266 2879 2583 2919 consensum
2613 2862 3058 2918 delectationibus
3083 2862 3361 2931 obligatur.
3396 2862 3712 2931 Plerumque

2140 2964 2281 3017 cnim
2322 2960 2640 3031 cegitatione
2673 2975 2836 3029 prava
2878 2960 3134 3029 pulsatur,
3163 2958 3257 3015 sed
3290 2959 3567 3024 renititur;
3601 2958 3735 3028 plet

2140 3070 2362 3125 rumque
2409 3062 2583 3107 autem
2633 3067 2753 3107 cum
2797 3068 3100 3121 perversum
3145 3053 3268 3120 quid
3310 3046 3712 3121 concipit,,hoc

2142 3148 2280 3201 intra
2328 3146 2870 3215 scmetipsum‘etiam
2922 3160 3014 3214 per
3057 3145 3377 3200 desiderium
3420 3147 3601 3201 volvit.
3650 3148 3713 3203 Et

2139 3239 2387 3293 nimirum
2428 3247 2659 3292 mentem
2693 3252 3025 3307 nequaquam
3053 3239 3303 3306 cogitatio
3334 3238 3603 3292 immunda
3634 3240 3714 3294 in-

2140 3330 2321 3401 quinat
2346 3344 2467 3386 cum
2498 3330 2700 3397 pulsat,
2730 3330 2823 3383 sed
2861 3344 2981 3382 cum
3028 3328 3161 3385 hanc
3199 3330 3299 3384 sibi
3345 3346 3438 3400 per
3480 3332 3713 3387 delecta-

2140 3426 2338 3479 tionem
2388 3424 2653 3494 subjugat.
2694 3423 2829 3477 Hinc
2876 3423 3070 3477 etenim
3113 3424 3427 3492 praedicator
3471 3425 3715 3495 egregius

2140 3519 2301 3573 dicit:
2335 3517 2568 3573 Tentatio
2600 3535 2684 3573 vas
2720 3534 2821 3573 non
2854 3512 3228 3588 apprehendat,
3252 3518 3369 3571 nisi
3402 3519 3623 3572 humana
3658 3515 3715 3583 (Ι

2140 3610 2259 3665 Cor.
2285 3627 2349 3677 x,
2378 3608 2487 3680 15).
2521 3609 2756 3665 Humana
2796 3611 2994 3680 quippe
3032 3608 3249 3663 tentatio
3282 3618 3394 3673 est,
3422 3608 3580 3679 εει
3612 3621 3714 3675 qua

2140 3699 2454 3772 plerumque
2485 3711 2507 3737 ο
2536 3702 2588 3755 in
2618 3703 2937 3771 cogitatione
2967 3701 3231 3771 tangimur
3257 3700 3415 3753 etiam
3445 3701 3711 3761 nolentes,
3798 3776 3801 3777 ν

2141 3796 2262 3865 quia
2294 3805 2351 3849 ut
2393 3810 2771 3863 nonnunquam
2798 3804 2851 3849 et
2882 3794 3062 3849 illicita
3102 3794 3169 3846 ad
3197 3792 3432 3865 animum
3462 3793 3711 3847 veniant:

2142 3890 2243 3945 hoc
2270 3890 2453 3959 utique
2481 3889 2536 3943 in
2570 3886 2967 3959 nobismetipsis
2994 3902 3057 3942 ex
3084 3886 3423 3940 humanitatis
3455 3886 3711 3954 corrupti-

2142 3982 2267 4036 bilis
2296 3982 2529 4052 pondere
2562 3984 2836 4038 habemus.
2862 3981 2978 4036 lam
3008 3997 3137 4037 vero
3164 3978 3484 4035 dmmoniaca
3510 3989 3623 4047 est,
3657 3988 3713 4032 et

2130 4078 2251 4131 non
2292 4078 2523 4131 humana
2564 4075 2811 4143 tentatio,
2844 4091 2963 4130 cutn
2993 4075 3056 4128 ad
3100 4074 3197 4130 hoc
3225 4072 3363 4145 quod
3392 4072 3567 4129 carnis
3599 4086 3711 4126 cor-

2124 4150 2461 4239 ruptibilitas
2488 4169 2719 4241 suggerit
2748 4186 2842 4241 per
2867 4185 3185 4225 consensum
3213 4185 3273 4226 se
3293 4171 3501 4225 animus
3524 4168 3714 4225 asum-

2143 4262 2242 4330 git.
2271 4262 2403 4315 Hinc
2434 4264 2623 4317 iterum
2654 4262 2783 4317 dicit
2808 4262 2827 4315 ε’
2846 4262 2970 4315 Non
2997 4272 3167 4334 regnet
3194 4273 3451 4330 peccatum
3478 4264 3528 4316 in
3554 4272 3713 4317 oestro
3744 4322 3749 4329 ρ

2144 4358 2350 4410 mortali
2388 4372 2596 4426 corpore
2642 4357 2816 4427 (Rom.
2840 4373 2921 4422 VI,
2952 4355 3063 4425 i2).
3112 4357 3391 4412 Peccatum
3436 4358 3628 4425 quippe
3659 4357 3710 4410 in

2149 4450 2358 4504 mortali
2390 4464 2615 4519 corpore
2661 4464 2991 4519 nequaquam
3040 4464 3143 4503 non
3174 4464 3317 4514 esse,
3348 4449 3441 4503 sed
3494 4462 3712 4517 regnare

2148 4541 2448 4612 prohibuit,
2475 4542 2597 4610 quia
2624 4543 2676 4595 in
2702 4556 2863 4595 carne
2889 4540 3217 4609 corruptibili
3236 4528 3348 4594 non
3376 4555 3596 4610 regnare
3624 4554 3712 4608 po-

2148 4640 2279 4697 test,
2308 4631 2400 4686 sed
2429 4646 2533 4685 nou
2556 4646 2677 4686 esse
2703 4646 2807 4685 non
2839 4641 3027 4699 potest.
3059 4631 3166 4685 Hoc
3200 4629 3370 4699 ipsum
3412 4645 3635 4699 namque
3664 4629 3713 4687 ei

2122 4725 2215 4789 de
2244 4733 2465 4795 peccato
2508 4726 2697 4779 tentari
2729 4736 3005 4795 peccatum
3032 4736 3142 4789 est,
3169 4742 3274 4793 quo
3319 4724 3439 4793 quia
3486 4722 3715 4793 quandiu

2152 4820 2378 4875 vivimus
2424 4820 2654 4885 perfecte
2704 4819 3010 4873 omnimodo
3055 4835 3158 4874 non
3212 4833 3483 4881 caremus;
3534 4826 3715 4870 sancta

2114 4968 2117 4973 .
2151 4915 2455 4986 praedicatio
2485 4914 2732 4982 quoniam
2766 4914 2865 4966 hoc
2895 4912 3160 4981 expellere
3189 4912 3344 4980 plene
3374 4908 3715 4977 non’potuit,
3810 4919 3823 4925 ·

2150 5012 2198 5066 ei
2226 5010 2294 5065 de
2322 5009 2487 5064 nostri
2515 5007 2689 5062 cordis
2720 5006 3016 5061 habitacula
3043 5022 3263 5076 regnum
3295 5005 3439 5070 tulit,
3472 5014 3529 5060 ut
3556 5018 3717 5072 appe-

2112 5096 2119 5179 ς
2153 5104 2281 5157 titus
2317 5101 2533 5155 illicitus
2562 5099 2662 5154 etsi
2698 5099 3009 5169 plerumque
3046 5098 3199 5153 bonis
3226 5097 3419 5152 nostris
3445 5094 3716 5164 cogitatio-

2152 5195 2310 5252 nibus
2339 5195 2546 5249 occulte
2570 5208 2628 5248 se
2656 5193 2803 5262 quasi
2833 5191 2917 5246 iur
2940 5192 3158 5265 inserit,
3189 5191 3376 5245 saltem
3402 5192 3447 5244 si
3476 5189 3713 5259 ingredi-

2151 5297 2260 5356 tur,
2291 5303 2394 5342 non
2424 5286 2744 5341 dominetur.
2769 5283 2863 5339 Vir
2899 5285 3060 5355 igitur
3102 5293 3314 5340 sanctus
3357 5282 3538 5338 dicens
3565 5300 3581 5337 :
3614 5280 3717 5337 Pe-

2128 5370 2260 5453 ‘pigi
2290 5381 2450 5451 {trdus
2480 5395 2592 5432 cum
2620 5378 2778 5431 oculis
2806 5378 2947 5442 meis,
2975 5387 3030 5432 ut
3057 5394 3118 5430 ne
3143 5378 3412 5445 cogitarem
3432 5375 3632 5445 quidem
3657 5376 3720 5428 de

2158 5479 2374 5546 virgine,
2416 5487 2744 5543 nequaquam
2788 5474 2898 5527 vult
2926 5472 3146 5542 intelligi
3173 5473 3293 5561 quia
3330 5471 3445 5541 ejus
3488 5473 3724 5530 animum

2154 5704 2155 5707 η
2226 5663 2253 5703 ι’
2284 5663 2359 5718 Ita
2386 5678 2506 5719 cum
2537 5663 2699 5723 Corb.
2740 5649 2946 5731 Germ.,
2974 5666 3155 5722 Norm.
3188 5673 3244 5724 et
3280 5665 3397 5723 aliis
3432 5664 3582 5732 Hm,
3611 5672 3721 5719 vet.

2155 5732 2296 5789 Edit.
2324 5734 2379 5788 in
2408 5744 2634 5802 recent.,
2667 5739 2847 5793 habere
2870 5739 2927 5790 in
2956 5754 3053 5793 me.

2158 5886 2189 5933 ν
2227 5817 2252 5929 ξ
2284 5806 2523 5931 [chean
2533 5808 2847 5865 addiderunt
2873 5810 3031 5877 turpi,
3076 5810 3488 5867 reclamantibus
3515 5807 3640 5863 ηεςι
3670 5814 3722 5862 et

2192 5890 2221 5932 ε
2252 5916 2263 5929 .
2383 5889 2427 5933 ct
2450 5890 2492 5933 ll
2533 5916 2540 5929 .

2192 5889 2263 5932 Ei.
2298 5889 2540 5933 mensis.
