4024 6352
491 378 592 442 195

1710 380 1952 443 SANCTI
1990 380 2319 441 GREGORII
2356 368 2570 440 MAGNI

3643 370 3748 435 tes

484 505 717 568 consilio,
742 505 1265 579 incomprehensibilis
1293 504 1538 575 cogitatu,
1566 505 1717 577 cujus
1737 503 1874 559 oculi
1897 501 2061 571 aperti
2092 500 2145 566 Α
2166 497 2194 539 ἀ
2215 500 2368 557 Scire
2394 500 2538 557 Deus
2566 498 2762 556 dicitur
2789 497 2931 555 scire
2962 511 3062 553 nos
3087 495 3287 560 facere,
3320 496 3522 553 usitato
3546 504 3750 555 nostra

482 596 644 668 683
674 608 808 663 sunt,
840 613 991 664 super
1014 611 1181 649 omnes
1206 595 1315 648 vias
1340 593 1570 664 ﬁliorum
1591 593 1777 661 Adam,
1801 602 1855 648 ut
1878 593 2067 648 reddas

454 691 755 755 ‘unicuique
800 688 1079 743 secundum
1124 687 1230 741 vias
1248 697 1453 754 suas,et
1494 688 1775 741 secundum
1844 689 2065 758 fructum

485 793 511 821 κ
535 784 949 838 ndinventionum
973 786 1085 852 ejus
1110 781 1325 853 (Jerent.
1352 797 1519 849 xxxii,
1542 781 1655 852 18).

556 877 641 929 ill.
679 874 839 928 Nulla
861 876 971 928 sine
1001 873 1230 928 mercede
1252 873 1403 940 bona,
1427 874 1573 927 nulla
1600 872 1740 926 mala
1759 873 1872 927 sine
1890 888 2064 942 pana.

484 992 553 1005 —-
579 964 670 1019 Sic
719 962 933 1019 easdem
982 963 1096 1017 vias
1148 963 1405 1019 Dominus
1448 963 1631 1019 subtili
1672 963 2066 1021 examinatione

482 1057 821 1135 considerat,
871 1066 928 1111 ut
975 1055 1029 1112 in
1072 1050 1389 1126 unoquoque
1439 1066 1684 1111 nostrum
1724 1071 1825 1113 nec
1850 1072 1911 1112 ea
1943 1070 2066 1127 quas

481 1159 786 1204 remuneret
834 1149 968 1204 bona
998 1155 1301 1217 praetereat,
1338 1163 1437 1203 nec
1467 1148 1627 1214 mala,
1659 1164 1780 1219 quas
1809 1148 2068 1204 videlicet

481 1240 805 1308 displicent,
842 1241 959 1294 sine
1001 1239 1364 1308 increpatione
1405 1239 1756 1310 derelinquat.
1803 1238 1940 1295 Hinc
1983 1247 2067 1295 est

482 1330 629 1387 enim
654 1331 795 1400 quod
822 1331 1070 1399 angelum
1099 1329 1354 1385 Ecclesiae
1383 1330 1626 1400 Pergami
1666 1339 1721 1385 et
1746 1330 1799 1384 in
1843 1329 2065 1400 quibus-

481 1422 603 1476 dam
627 1423 835 1486 laudat,
865 1432 920 1476 et
950 1422 1001 1476 in
1032 1421 1348 1491 quibusdam
1376 1420 1649 1491 redarguit
1673 1420 1861 1475 dicens
1895 1437 1909 1473 :
1942 1420 2065 1474 Scio

482 1515 567 1567 ubi
596 1515 816 1579 habitas,
834 1514 922 1569 ubi
939 1515 1083 1568 sedes
1104 1523 1179 1569 est
1196 1502 1421 1583 satante,’
1437 1524 1485 1569 et
1509 1525 1647 1568 tenes
1667 1529 1852 1571 nomen
1874 1530 2064 1581 meum,

480 1617 528 1661 et
556 1625 655 1662 non
677 1608 875 1678 negasti
906 1609 1058 1677 ﬁdem
1077 1623 1241 1662 meam
1262 1608 1447 1679 (Apoc.
1473 1623 1534 1672 tt,
1558 1608 1648 1675 15,
1677 1606 1790 1678 ii).
1818 1609 1881 1661 Et
1904 1606 2065 1677 paulo

491 1707 614 1766 post
646 1715 661 1752 :
691 1696 798 1753 Sed
829 1697 987 1752 habeo
1029 1698 1300 1751 adversum
1327 1706 1377 1751 te
1417 1713 1602 1765 pauca,
1628 1697 1751 1766 quia
1776 1696 1930 1751 habes
1958 1695 2066 1749 illic

481 1796 697 1842 tenentes
744 1786 1028 1841 doctrinam
1070 1785 1313 1841 Balaam.
1361 1786 1499 1843 Hinc
1540 1784 1569 1825 δ
1597 1785 1786 1856 angelo
1812 1786 2066 1841 Ecclesia:

2167 592 2448 649 locutionis
2497 591 2677 661 modo,
2708 590 2799 662 qui
2848 588 3034 646 latum
3064 588 3212 646 diem
3238 586 3469 645 dicimus
3490 628 3505 655 ,
3535 603 3608 646 ex
3636 601 3751 658 quo

2165 684 2428 757 contingit
2453 691 2511 740 ut
2540 684 2806 741 laetemur.
2842 683 2979 739 Hinc
3003 692 3089 739 est
3114 682 3261 739 enim
3287 680 3434 753 quod
3460 681 3529 737 ad
3576 681 3751 737 Abra-

2165 778 2289 834 ham
2317 779 2574 836 Dominus
2601 778 2735 835 dicit
2758 795 2789 834 :.
2807 778 2963 833 Nunc
2982 778 3194 848 cognovi
3215 778 3351 848 quod
3372 777 3553 832 timeas
3575 772 3750 831 Deum

2168 868 2377 942 (Genes.
2400 872 2493 941 23,
2522 873 2634 945 12).
2660 877 2844 949 Neque
2866 872 3012 928 enim
3034 880 3248 926 creator
3269 877 3572 938 temporum
3590 866 3751 937 quid-

2165 974 2329 1032 quam
2369 964 2624 1035 cognovit
2648 978 2715 1019 ex
2746 970 3027 1031 tempore;
3053 960 3149 1017 sed
3168 974 3501 1031 cognoscere
3528 957 3644 1029 ejus
3664 965 3753 1015 est

2165 1070 2232 1112 ex
2260 1057 2548 1126 cujuslibet
2575 1071 2755 1114 causa:
2804 1055 3130 1125 emergentis
3174 1052 3405 1110 articulo
3453 1051 3611 1107 nobis
3657 1065 3752 1106 co.

2164 1148 2455 1219 gnitionem
2504 1148 2767 1219 praebere.
2813 1147 2948 1214 Quis
2980 1161 3109 1203 vero
3150 1155 3369 1202 statera
3398 1146 3621 1219 nomine
3648 1143 3752 1201 nisi

2166 1239 2426 1297 Mediator
2456 1241 2552 1298 Dei
2578 1252 2633 1298 et
2658 1243 2937 1297 hominum
2969 1240 3315 1311 designatur!
3361 1240 3421 1295 ln
3443 1254 3553 1311 quo
3597 1252 3754 1308 aqua

2166 1332 2319 1387 lance
2350 1336 2531 1388 omnia
2577 1335 2766 1389 merita
2816 1342 3001 1388 nostra
3050 1341 3366 1402 pensantur,
3395 1340 3453 1387 et
3500 1330 3555 1385 in
3599 1328 3758 1400 cujus

2168 1426 2450 1495 praeceptis
2479 1425 2823 1495 agnoscimus
2849 1424 2976 1495 quid
3004 1426 3060 1478 in
3087 1434 3270 1479 nostra
3301 1424 3408 1478 vita
3439 1424 3614 1477 minus
3658 1422 3755 1475 ba-

2167 1515 2407 1570 beamus.
2442 1517 2501 1570 ln
2531 1516 2630 1571 hac
2658 1526 2832 1571 autem
2864 1524 3066 1571 statera
3114 1514 3492 1585 appendimur,
3540 1514 3755 1584 quoties

2166 1609 2231 1664 ad
2279 1608 2401 1665 vitae
2450 1608 2568 1680 ejus
2622 1610 2865 1678 exempla
2924 1622 3300 1678 provocamur.
3351 1608 3485 1662 Hinc
3524 1620 3757 1676 namque

2167 1703 2425 1770 scriptum
2454 1713 2538 1756 est
2574 1719 2587 1754 :
2629 1699 2864 1755 Christus
2906 1708 2929 1738 ⁸
2963 1715 3058 1769 pro
3096 1699 3239 1753 nobis
3277 1715 3461 1769 passus
3485 1708 3589 1761 est,
3619 1697 3757 1753 vobis

2168 1794 2459 1864 relinquens
2512 1794 2805 1863 exemplum
2832 1836 2846 1860 ,
2901 1804 2956 1847 ut
3000 1793 3287 1865 sequamini
3332 1791 3497 1863 θεῶ
3543 1791 3757 1861 uestigia

484 1878 751 1956 Thyatira!
770 1879 964 1934 dicitur
991 1895 1006 1932 :
1038 1877 1177 1932 Νουὶ
1196 1894 1352 1949 opera
1374 1889 1484 1944 tua.
1505 1887 1556 1935 et
1578 1876 1881 1933 duritatem
1901 1888 2060 1944 tuam.
2094 1883 2142 1945 B
2169 1890 2299 1956 ejus,
2329 1887 2415 1952 qui
2439 1895 2699 1954 peccatum
2727 1900 2827 1938 non
2851 1885 2991 1952 fecit,
3024 1901 3114 1938 nec
3138 1886 3367 1938 inuentus
3394 1893 3470 1937 est
3511 1882 3658 1937 dolus
3697 1881 3758 1937 its

480 1980 527 2022 et
550 1954 731 2038 ﬁdem,
764 1981 810 2023 et
850 1970 1224 2038 ministerium,
1247 1983 1291 2025 et
1320 1970 1625 2041 patientiam
1645 1979 1807 2036 tuam,
1830 1980 1880 2025 et
1907 1986 2065 2040 opera

481 2072 569 2116 tua
597 2063 872 2117 novissima
899 2065 1053 2131 plura
1083 2064 1336 2131 prioribus
1360 2079 1379 2127 ;
1406 2064 1496 2117 sed
1524 2062 1685 2117 habeo
1721 2063 1989 2117 adversum
2020 2072 2068 2117 te

484 2161 510 2192 ο
538 2170 726 2224 pauca,
748 2155 870 2223 quia
894 2155 1146 2224 permittis
1177 2155 1439 2209 mulierem
1477 2152 1704 2217 Iezabel,
1727 2170 1843 2224 quas
1868 2170 1921 2208 se
1942 2154 2066 2208 dicit

481 2248 778 2316 preplteten,
802 2248 986 2302 docere
1015 2259 1061 2301 et
1087 2247 1326 2302 seducere
1347 2263 1517 2302 servos
1541 2263 1699 2312 meos,
1721 2257 1768 2301 et
1795 2247 2063 2318 fornicari,

480 2348 528 2391 et
558 2340 872 2392 manducare
923 2337 1266 2407 idolothytum
1315 2337 1515 2408 (Ibid.,
1567 2338 1689 2406 i9).
1745 2337 1884 2393 Ecce
1928 2337 2065 2393 bona

426 2442 431 2447 '
481 2439 769 2498 memorat,
800 2448 898 2487 nec
921 2441 1098 2487 tamen
1129 2432 1420 2487 resecanda
1443 2432 1583 2489 mala
1610 2431 1727 2487 sine
1751 2431 2065 2501 ptenitentia

378 2526 385 2539 ‘
481 2524 707 2590 relaxat,
737 2524 859 2593 quia
889 2523 1096 2579 scilicet
1126 2524 1203 2578 sic
1227 2523 1559 2593 singulorum
1586 2522 1701 2585 vias
1725 2523 2062 2589 considerat,

481 2619 559 2673 sic
603 2631 816 2688 gressus
866 2632 1188 2673 enumerans
1238 2628 1449 2686 pensat,
1480 2628 1537 2672 ut
1589 2616 1773 2672 subtili
1817 2614 2067 2674 examine

483 2708 774 2778 perpendat
803 2709 887 2764 vel
910 2719 1166 2779 quantum
1215 2713 1444 2780 quisque
1492 2710 1558 2767 ad
1607 2711 1749 2767 bona
1789 2709 2063 2780 proficiat,

485 2802 566 2856 vel
593 2809 849 2872 quantum
880 2801 947 2856 ad
975 2802 1119 2857 mala
1145 2801 1367 2857 devians
1395 2804 1507 2858 suis
1554 2800 1882 2871 profectibus
1934 2815 2066 2857 con-

434 2932 437 2939 -
487 2894 729 2951 tradicat.
756 2894 1147 2951 lncrementum
1172 2895 1368 2966 quippe
1385 2898 1724 2962 meritorum,
1749 2896 1888 2965 quod
1912 2896 2069 2952 bona:

486 2988 608 3041 vita:
635 2987 826 3045 studiis
847 2994 1096 3056 augetur,
1130 2987 1447 3058 plerumque
1475 2987 1600 3042 mali
1631 2987 1953 3043 admistione
1980 3003 2067 3043 re-

487 3079 748 3145 trahitur;
777 3086 832 3133 et
855 3079 1053 3134 bonum
1075 3079 1216 3149 quod
1246 3079 1459 3134 animus
1485 3080 1761 3148 operando
1783 3080 2068 3145 construit,

487 3168 588 3225 hoc
631 3170 733 3224 alia
798 3170 1153 3240 perpetrando
1216 3170 1489 3240 pervertit.
1546 3171 1699 3227 Unde
1756 3172 1927 3229 sancti
1970 3169 2069 3225 viri

2167 1991 2255 2030 ore
2297 1979 2429 2043 ejus.
2466 1976 2568 2041 Qui
2599 1990 2712 2029 cum
2739 1976 3150 2040 malediceretur,
3185 1974 3202 2011 '
3251 1991 3353 2031 non
3382 1972 3754 2041 maledicebat;

2166 2083 2281 2120 cum
2306 2076 2589 2136 pateretur,
2611 2083 2712 2121 non
2733 2068 3139 2122 comminabatur
3161 2065 3213 2136 (ι
3238 2064 3352 2121 Pet.
3380 2082 3441 2134 tt,
3477 2064 3594 2136 2|).
3620 2065 3758 2121 illnc

2169 2173 2262 2228 per
2293 2160 2515 2213 Paulum
2545 2158 2783 2225 dicitur:
2817 2157 2921 2211 Per
2959 2160 3257 2228 patientium
3306 2165 3330 2206 s
3373 2173 3639 2212 curramus
3683 2150 3758 2211 ad

2168 2251 2488 2318 propositum
2509 2250 2652 2303 nobis
2696 2260 2972 2313 certamen,
3000 2250 3303 2319 aspicientes
3349 2244 3380 2286 ³⁵
3417 2249 3469 2301 in
3499 2256 3759 2303 auctorem

2102 2404 2109 2427 '
2170 2344 2292 2412 ﬁdei
2308 2352 2355 2396 et
2368 2353 2831 2397 consummatorem
2843 2343 3142 2412 Jesum,qui
3162 2342 3422 2411 proposito
3446 2340 3542 2396 sibi
3565 2341 3758 2411 gaudio

2168 2442 2410 2497 sustinuit
2440 2456 2666 2506 crucem,
2687 2441 2985 2512 confusione
3027 2446 3319 2505 contempta
3340 2434 3530 2508 (Hebr.
3554 2451 3659 2503 xu,
3674 2435 3757 2503 1).

2170 2536 2251 2592 Ad
2279 2536 2384 2590 hoc
2413 2536 2593 2604 itaque
2623 2534 2876 2587 Dominus
2909 2531 3158 2601 apparuit
3177 2532 3229 2584 in
3256 2545 3443 2598 carne,
3476 2540 3533 2586 ιιι
3563 2533 3760 2589 humat-

2171 2642 2296 2682 nam
2328 2627 2494 2680 vitam
2523 2622 2862 2679 admonendo
2882 2622 3170 2688 excitaret,
3196 2621 3446 2690 exempla
3470 2620 3760 2691 probando

2170 2721 2513 2783 accenderet,
2542 2718 2823 2773 moriendo
2848 2716 3161 2779 redimeret,
3186 2715 3521 2785 resurgendo
3541 2729 3761 2782 repara-

2171 2824 2278 2867 ret.
2309 2808 2443 2865 Cum
2472 2825 2600 2879 ergo
2631 2808 2772 2862 nulla
2824 2808 2879 2866 in
2928 2823 2988 2862 se
3035 2807 3227 2862 beatus
3258 2804 3371 2862 'Job
3412 2806 3533 2875 jure
3576 2804 3761 2863 redar-

2172 2906 2381 2975 guenda
2413 2904 2645 2975 reperit,
2676 2903 2742 2956 ad
2768 2902 3122 2957 excedentem
3154 2899 3333 2956 omnis
3382 2898 3762 2968 Redemptoris

2172 3002 2336 3055 vitam
2365 3001 2561 3054 mentis
2590 2997 2777 3051 oculos
2807 2996 2999 3059 tendit,
3032 3004 3090 3049 ut
3122 2994 3178 3048 in
3205 2993 3300 3048 illa
3325 2990 3613 3063 cognoscat
3647 2991 3760 3062 ipse

2174 3093 2300 3162 quid
2326 3093 2502 3145 minus
2517 3089 2732 3154 habeat,
2756 3102 2877 3142 cum
2902 3086 3061 3142 dicit:
3087 3087 3149 3142 Si
3169 3085 3422 3140 ambulavi
3442 3085 3497 3141 in
3517 3085 3761 3152 uanitate,

2175 3199 2221 3243 et
2249 3187 2501 3257 festinavit
2531 3187 2585 3237 its
2610 3185 2730 3238 dolo
2764 3199 2851 3254 pes
2875 3198 3034 3247 meus,
3062 3181 3323 3251 appendat
3361 3196 3441 3235 me
3474 3181 3530 3234 in
3569 3186 3763 3233 statera

487 3272 633 3317 tanto
661 3277 720 3318 se
745 3262 996 3318 subtilius
1023 3263 1077 3317 in
1102 3263 1424 3334 cogitatione
1450 3264 2067 3335 constringunt,quanto
2091 3276 2141 3341 ο
2172 3281 2332 3349 iuga,
2359 3288 2407 3332 ει
2434 3278 2562 3331 κῆαι
2585 3274 2731 3330 Dem
2756 3273 3139 3344 simplicitatem
3180 3286 3368 3327 meatu.
3397 3272 3477 3326 Ac
3503 3272 3551 3326 si
3570 3281 3765 3342 aperte

489 3370 514 3408 tt
544 3369 777 3425 superno
797 3353 980 3425 judice
1004 3354 1300 3410 districtius
1341 3354 1677 3411 considerari
1705 3356 2065 3424 conspiciunt.

487 3450 715 3505 Mentem
743 3450 939 3520 quippe
968 3447 1280 3514 discutiunt,
1303 3442 1546 3505 invenire
1568 3451 1612 3504 si
1636 3464 1740 3524 qua
1763 3448 2069 3520 derelique-

487 3544 595 3601 rint
620 3553 888 3614 quaerunt,
919 3550 978 3597 ut
1004 3550 1153 3599 tanto
1180 3543 1310 3598 flant
1342 3541 1847 3613 irreprehensibiles
1864 3541 2030 3612 judici
2050 3586 2065 3613 ,

486 3646 679 3708 quanta
704 3636 1021 3706 semetipsos
1062 3635 1301 3706 quotidie
1329 3644 1385 3691 et
1410 3638 1526 3690 sine
1555 3641 1857 3692 cessatione
1886 3650 2068 3704 repre-

488 3727 745 3784 hendunt.
779 3728 887 3784 Nec
904 3737 1078 3782 tamen
1103 3727 1204 3782 hac
1230 3727 1296 3783 de
1326 3743 1383 3782 re
1404 3727 1514 3799 jam
1543 3729 1732 3799 gaudia
1761 3730 2068 3785 securitatis

486 3831 727 3884 sumunt,
763 3820 887 3891 quia
917 3823 983 3874 ab
1012 3820 1103 3874 illo
1133 3835 1193 3874 se
1219 3819 1391 3873 videri
1418 3822 1879 3890 considerantaqui
1912 3822 1965 3876 in
1991 3822 2071 3878 eis

487 3921 541 3969 et
568 3912 656 3967 illa
687 3912 829 3967 videt
849 3926 968 3982 qua:
990 3910 1172 3966 videre
1202 3911 1306 3980 ipsi
1328 3912 1383 3964 in
1404 3913 1707 3981 semetipsis
1732 3929 1836 3967 non
1868 3914 2067 3969 valent.

486 4004 555 4059 Et
579 4003 792 4074 quidem
820 4003 1007 4059 beatus
1046 4002 1146 4057 Job
1177 4001 1523 4070 perfectionis
1553 4002 1713 4055 vitam
1744 4005 1882 4059 inter
1920 4015 2070 4060 vete-
2102 4062 2121 4073 ρ

486 4111 576 4151 res
603 4095 808 4160 tenuit;
840 4094 933 4151 sed
959 4094 1082 4164 quia
1102 4092 1220 4163 ejus
1241 4093 1467 4149 intentio
1491 4094 1557 4148 ad
1586 4093 1958 4162 Redemptoris
1979 4097 2071 4150 ad-

489 4196 705 4243 ventum
739 4186 1051 4257 prophetico
1075 4184 1266 4253 spiritu
1315 4184 1548 4253 erumpit
1579 4188 1631 4239 in
1684 4185 1825 4240 illius
1871 4202 2074 4258 praece-

486 4279 615 4352 ptis,
644 4290 831 4350 pensat
854 4279 968 4348 ipse
990 4292 1152 4349 quam
1183 4278 1344 4333 multa
1394 4276 1464 4335 de
1508 4277 1843 4350 perfectione
1892 4281 2072 4338 minus

488 4372 702 4430 habeat.
731 4373 882 4429 Unde
911 4382 964 4429 et
993 4371 1210 4427 subdit:
1348 4386 1351 4387 ν

807 4485 1036 4544 carm
1074 4485 1316 4559 γιιγαι.
1355 4485 1456 4552 γι,
1488 4486 1615 4543 Res.
1655 4486 1751 4561 v1.

564 4578 726 4637 Vens.
759 4578 815 4648 5,
838 4579 894 4636 6.
932 4607 1004 4620 —-
1030 4578 1094 4636 Si
1119 4578 1375 4633 ambulavi
1400 4580 1455 4633 in
1483 4579 1735 4646 vanitate,
1765 4591 1814 4636 et
1858 4581 2076 4651 {estina-

2172 3372 2313 3427 dicat
2343 3389 2360 3425 :
2390 3370 2449 3426 Si
2473 3383 2579 3439 qua
2600 3383 2830 3438 unquam
2850 3366 3056 3431 leviter,
3072 3365 3121 3420 si
3144 3380 3249 3435 qua
3261 3364 3565 3435 perniciose
3580 3377 3765 3435 perpe-

2171 3464 2329 3528 travi,
2347 3460 2442 3518 Dei
2456 3470 2512 3517 et
2533 3462 2811 3516 hominum
2830 3459 3090 3515 Mediator
3105 3469 3380 3528 appareat,
3399 3465 3458 3513 ut
3478 3457 3533 3512 in
3549 3457 3669 3527 ejus
3688 3454 3762 3512 vi-

2175 3567 2225 3612 ta
2261 3570 2583 3626 cognoscam
2616 3569 2687 3609 an
2725 3568 2825 3624 ego
2853 3557 3119 3608 veraciter
3148 3551 3382 3620 simplex
3423 3549 3637 3604 fuerim.
3664 3548 3759 3617 Qui

2173 3650 2339 3718 enim,
2360 3659 2418 3704 ut
2437 3649 2694 3714 diximus,
2716 3660 2938 3703 suorum
2958 3658 3259 3715 temporum
3272 3640 3418 3698 viros
3439 3649 3761 3706 excesserat,

2175 3744 2523 3800 Mediatorem
2543 3743 2635 3799 Dei
2657 3752 2712 3797 et
2736 3740 3010 3796 hominum
3039 3737 3335 3809 quaerebat,
3356 3747 3415 3791 ut
3446 3737 3500 3792 in
3521 3736 3614 3790 illo
3638 3751 3764 3806 pen-

2174 3848 2325 3894 satus
2364 3848 2679 3909 agnosceret
2704 3837 2752 3890 si
2792 3837 2953 3890 vitant
2984 3835 3286 3903 simplicem
3318 3848 3444 3889 vere
3485 3832 3766 3888 tenuisset.

2178 3932 2329 3987 Dicat
2353 3947 2516 4002 ergo:
2537 3929 2812 3999 Appendat
2840 3945 2918 3983 me
2936 3929 2993 3981 in
3012 3936 3202 3982 statera
3218 3928 3389 3997 justa,
3409 3935 3458 3980 et
3476 3925 3604 3979 sciet
3629 3921 3769 3979 Deus

2178 4025 2552 4092 simplicitatem
2577 4037 2761 4075 meam.
2788 4020 2941 4087 Quod
2966 4028 3051 4075 est
3085 4019 3227 4075 scire
3258 4033 3364 4075 .me
3400 4016 3582 4074 faciat.
3612 4019 3693 4073 At:
3722 4016 3769 4068 si

2177 4127 2423 4187 patenter
2449 4102 2705 4181 fateatur,
2724 4115 2910 4169 dicens
2933 4131 2949 4167 :
2970 4114 3241 4181 Quantum
3267 4111 3336 4167 ad
3371 4112 3619 4166 huniaua:
3647 4108 3771 4164 vita

2179 4214 2433 4277 modum,
2472 4211 2491 4249 ί
2544 4210 2692 4265 nulla
2721 4210 2778 4264 in
2808 4224 2896 4264 me
2934 4205 3377 4277 reprehendenda
3416 4202 3527 4274 jam
3571 4202 3770 4267 video;

2176 4303 2274 4360 sed
2287 4302 2389 4357 nisi
2410 4301 2669 4357 Mediator
2700 4300 2790 4356 Dei
2806 4308 2862 4355 et
2880 4298 3157 4353 hominum
3173 4311 3293 4351 cum
3315 4293 3610 4352 subtilioris
3644 4294 3771 4349 vitae

2180 4394 2462 4466 praeceptis
2485 4402 2763 4461 appareat,
2796 4400 3056 4460 quantum
3082 4387 3258 4443 adhuc
3282 4402 3309 4441 a
3355 4400 3479 4443 vera
3511 4383 3772 4453 simplici-

2178 4496 2293 4545 tate
2321 4485 2650 4553 discrepent,
2672 4497 2779 4538 non
2808 4493 3098 4553 cognosco.
3121 4478 3325 4533 Rectus
3346 4492 3476 4531 vero
3497 4474 3632 4531 ordo
3653 4489 3769 4529 ser-

2180 4591 2356 4647 vatur,
2390 4580 2438 4635 si
2464 4579 2615 4649 prius
2637 4580 2689 4632 in
2716 4575 2973 4638 vanitate,
2998 4583 3053 4628 et
3074 4570 3415 4642 postmodum
3446 4584 3543 4638 pes
3565 4569 3623 4624 in
3640 4566 3769 4623 dolo

488 4674 560 4730 sit
594 4674 650 4729 in
679 4673 800 4728 dolo
821 4689 907 4743 pes
931 4689 1095 4739 meus,
1125 4673 1382 4744 uppendat
1411 4689 1490 4728 me
1527 4674 1584 4728 its
1609 4683 1803 4729 statera
1827 4676 1996 4746 justa,
2024 4683 2074 4730 et
2099 4665 2157 4730 Β
2179 4674 2465 4732 festinasse
2490 4672 2717 4727 dicatur.
2748 4668 2975 4724 Vanitas
3006 4664 3201 4735 quippe
3249 4664 3317 4717 ad
3360 4662 3652 4730 levitatem,
3674 4661 3768 4714 do-

491 4768 619 4822 sciat
642 4764 786 4823 Deus
812 4766 1191 4834 simplicitatem
1222 4781 1409 4819 meam.

563 4860 653 4915 11.
686 4857 871 4914 Sancti
893 4858 1077 4915 merita
1103 4874 1197 4912 sua
1224 4857 1278 4911 in
1302 4857 1782 4929 Christotanquans
1812 4857 1873 4914 in
1903 4870 2061 4916 statsr

490 4958 663 5007 curent
682 4949 988 5021 appendere,
1008 4958 1064 5005 ut
1084 4948 1221 5020 quod
1246 4949 1415 5004 minus
1436 4949 1645 5014 habent,
1670 4959 1969 5021 agnoscant.
1991 4982 2063 5033 τ-

560 5163 588 5193 ι
632 5152 862 5209 Additur
902 5153 955 5208 in
1000 5150 1184 5209 Germ.
1234 5160 1288 5208 et
1319 5151 1373 5205 in
1397 5158 1602 5206 recent.
1636 5148 1766 5217 Ed.,
1800 5166 2069 5206 manuum.

488 5226 603 5283 Non
630 5232 807 5282 exstat
842 5224 897 5279 in
946 5233 1066 5279 catt.
1092 5224 1242 5293 Mss.
1303 5231 1397 5279 aut
1441 5229 1552 5278 vet.
1610 5221 1858 5293 vulgatis.
1903 5221 2074 5278 Abest

488 5298 646 5353 etiam
674 5311 705 5350 a
733 5306 877 5349 textu
906 5292 1172 5350 Jeremiaa.

561 5368 588 5408 δ
612 5367 918 5448 Omiserant
946 5366 1140 5421 Excusi
1163 5362 1428 5430 Ecclesia,
1445 5362 1589 5489 Ἑιοιι
1610 5363 1836 5433 legimus
1858 5363 1909 5416 in
1941 5362 2070 5419 Mss.

561 5450 682 5489 mter
711 5453 872 5489 uuam
894 5453 949 5489 ιιι
974 5438 1159 5489 Germ.
1182 5446 1236 5489 et
1262 5434 1425 5489 Corb.
1505 5450 1644 5489 erm.

490 5450 682 5507 praeter
711 5453 872 5509 quam
894 5439 949 5493 in
974 5438 1159 5492 Germ.
1182 5446 1236 5491 et
1262 5434 1425 5490 Corb.
1457 5434 1644 5491 Germ.

564 5521 587 5549 ο
620 5509 779 5565 Deest
796 5525 965 5577 pauca
994 5508 1047 5561 in
1076 5506 1242 5561 Laud.
1262 5532 1285 5573 σ
1308 5505 1470 5562 Corb.
1500 5503 1707 5571 Germ.,
1727 5504 2067 5573 Uttc.,Becc.

491 5588 547 5637 et
564 5579 682 5637 aliis
709 5579 898 5638 Nam.

560 5651 588 5690 τι
617 5646 775 5707 Corb.
801 5649 985 5707 Germ.
1016 5659 1070 5705 et
1090 5647 1288 5713 Laud.,
1316 5646 1445 5701 scire
1468 5644 1585 5702 Dei.

564 5733 588 5761 °
616 5720 780 5776 Corb.
818 5717 1001 5774 Germ.
1029 5730 1083 5774 et
1110 5720 1304 5785 Laud.,
1328 5732 1425 5786 pro
1446 5716 1605 5771 vobis.
1630 5718 1976 5787 Antiquarius
1996 5718 2073 5774 le-

490 5806 644 5860 gens,
673 5790 813 5860 vobis
855 5788 1142 5860 relirujueus
1180 5787 1469 5860 exemplum
1499 5788 1897 5860 ttt_sequa_mitti,
1940 5798 2071 5854 etc.,

492 5855 812 5922 Existimavit
852 5855 1005 5920 prius
1019 5860 1181 5917 etiam
1200 5871 1322 5915 esse
1342 5855 1700 5922 scribendum,
1723 5856 1951 5914 Christus
1978 5875 2072 5926 pro

2184 4768 2266 4823 lus
2298 4780 2426 4823 vero
2464 4764 2531 4818 ad
2560 4762 2831 4841 malitiam
2863 4758 3114 4830 pertinet.
3148 4755 3219 4810 Et
3261 4753 3502 4811 nonnulli
3534 4754 3771 4823 plerum-

2184 4874 2291 4928 que
2316 4858 2385 4913 ad
2412 4854 2656 4927 quatdam
2689 4863 2811 4924 post
2830 4851 3092 4908 malitiosa
3118 4847 3460 4922 perveniunt,
3477 4846 3599 4916 quia
3626 4842 3774 4916 prius

2176 4953 2314 5011 levia
2354 4964 2461 5007 non
2491 4948 2790 5025 declinant,
2820 4945 3075 5017 Sequitur
3103 4985 3114 4998 .

2177 5148 2337 5213 vobis,
2360 5156 2466 5202 etc.
2489 5144 2546 5201 ln
2576 5152 2724 5200 textu
2746 5141 2937 5197 Graeco
2959 5142 3153 5211 legitur
3181 5156 3199 5193 :
3228 5135 3466 5213 Christus
3486 5134 3768 5213 κνοριᾳιίε.

2179 5205 2360 5291 passus
2382 5228 2475 5282 est,
2494 5215 2637 5291 nobis
2660 5215 2842 5286 relinq.
2971 5205 3358 5291 ut'sequamini.
3372 5205 3769 5291 Quodverbutn

2180 5278 2420 5358 ﬂagitare
2460 5278 2675 5341 'videtur
2720 5295 2776 5358 ut
2802 5278 2962 5358 "prius
3012 5278 3238 5352 legatur,
3275 5278 3415 5331 vobis
3456 5278 3770 5346 relinquens.

2181 5355 2415 5415 Consule
2433 5359 2652 5413 criticos
2676 5356 2741 5411 ad
2761 5355 2904 5410 hunc
2929 5355 3126 5408 locum.
3192 5368 3197 5369 ί

2260 5427 2282 5467 ί
2309 5429 2472 5493 Utlc.,
2507 5429 2661 5483 Becc.
2688 5437 2742 5481 et
2764 5426 2873 5487 alii,
2904 5440 3007 5476 non
3037 5418 3448 5478 remaledicebat.
3475 5416 3628 5493 Quod
3661 5431 3773 5493 tex-

2184 5502 2261 5557 tui
2290 5488 2480 5556 Graeco
2506 5497 2790 5567 respondet
2813 5495 2911 5551 nisi
2940 5493 3193 5549 malueris
3212 5499 3426 5545 vertere
3458 5508 3470 5544 :
3502 5488 3774 5543 maledicta

2184 5588 2289 5627 non
2308 5587 2362 5625 re
2398 5580 2536 5625 essu.

2257 5651 2283 5690 ι
2328 5589 2537 5708 Neam”
2560 5639 2723 5694 Corb.
2750 5636 2930 5694 Germ.
2951 5676 2966 5701 ,
2998 5633 3165 5693 Laud.
3187 5640 3242 5689 et
3271 5630 3478 5694 Germ,
3510 5645 3773 5686 cuneatus

2186 5713 2524 5784 propositum.

2258 5779 2291 5822 π
2316 5782 2562 5850 Plerique
2590 5779 2772 5837 Norm.
2794 5821 2811 5848 ,
2838 5780 2890 5834 in
2918 5786 3195 5850 auctore...
3246 5785 3294 5833 et
3342 5780 3769 5850 consummato".

2264 5854 2280 5891 ί
2318 5844 2566 5917 Vindan,
2597 5851 2773 5908 nullus
2792 5844 2870 5907 me
2888 5847 3234 5919 reprehendat
3265 5850 3374 5920 jam
3395 5844 3558 5900 video.
