4066 6348
765 473 989 531 CAPUT
1026 473 1119 531 vn
1148 474 1293 549 [Vet.
1341 477 1499 550 v11].

406 565 576 623 Vens.
609 569 664 620 τ.
694 597 766 609 —
796 568 859 623 Si
896 569 1169 625 declinavit
1195 588 1398 641 gressus
1420 589 1561 628 meus
1589 573 1654 627 de
1672 574 1775 628 uie.

409 660 496 717 ις.
523 661 569 716 Α
589 662 670 717 via
697 662 1034 730 declinamus,
1055 667 1249 732 quoties
1267 668 1436 721 errori
1460 668 1823 723 consentimus.
1851 695 1923 713 --

333 754 520 810 Toties
544 770 762 826 gressus
782 756 851 813 de
871 757 954 812 via
987 758 1220 822 deerunt
1243 801 1257 824 ,
1293 762 1503 830 quoties
1551 771 1731 819 nostra
1771 761 1921 833 cogi-

332 848 470 904 tatio
495 848 601 904 iter
640 851 980 908 rectitudinis
1009 868 1103 921 per
1142 868 1461 909 consensum
1488 854 1741 924 relinquit
1760 858 1921 911 erro.

332 941 430 996 ris.
462 940 626 1008 Quasi
659 958 790 999 vero
820 952 895 999 tot
917 959 1138 1014 gressus
1162 954 1320 1001 extra
1348 946 1491 1000 viam
1520 948 1924 1017 ponimus,un

330 1032 607 1100 pervenis
634 1032 924 1091 desideriis
952 1051 981 1089 a
1012 1037 1246 1092 cmlestis
1288 1037 1412 1093 vita;
1441 1038 1800 1095 delectatione
1836 1053 1922 1095 se,

328 1138 601 1194 paramur.
627 1123 701 1181 Ut
729 1126 874 1181 enim
909 1127 1118 1195 prmfati
1145 1143 1352 1193 sumus,
1382 1131 1560 1185 adhuc
1589 1132 1777 1188 carnis
1802 1146 1922 1185 cor-

328 1215 603 1283 ruptibilis
630 1217 869 1286 pondere
895 1220 1119 1288 gravati,
1163 1235 1500 1292 nequaquam
1554 1223 1795 1278 valemus
1841 1224 1922 1278 sic

330 1306 534 1370 vivere,
566 1317 627 1362 ut
649 1307 793 1363 nulla
835 1324 936 1364 nos
966 1312 1133 1378 possit
1161 1312 1334 1382 culpat
1376 1314 1660 1369 delectatio
1687 1314 1919 1383 pulsare:

328 1398 434 1453 Sed
464 1399 613 1455 aliud
642 1409 726 1455 est
773 1402 1044 1458 nolentem
1094 1405 1258 1475 tangi,
1300 1404 1446 1461 aliud
1494 1407 1920 1463 consentientem

328 1488 568 1543 animum
598 1492 807 1559 perimi.
840 1491 1026 1548 Sancti
1055 1503 1234 1550 autem
1290 1497 1387 1551 viri
1421 1506 1567 1551 tanto
1598 1498 1921 1567 vigilantiori

328 1593 387 1635 se
413 1580 905 1650 circumspectione
925 1584 1265 1653 custodiunt,
1294 1594 1499 1657 quanto
1527 1603 1585 1643 se
1618 1588 1816 1657 pulsari
1844 1590 1921 1643 si-

329 1669 513 1727 nistris
540 1679 566 1708 ιι
597 1671 836 1729 motibus
865 1673 948 1729 vel
978 1675 1307 1731 transitoria
1354 1676 1725 1737 delectationis
1770 1678 1919 1734 dedi-

330 1770 581 1830 gnantur.
623 1759 775 1825 Unde
799 1771 855 1821 et
881 1764 1057 1820 adhuc
1083 1765 1371 1825 subditur:
1434 1827 1441 1833 ,

776 1869 1007 1927 CAPUT
1037 1873 1153 1930 VIII
1183 1873 1312 1947 [Rsc
1341 1875 1463 1949 νη.

420 1984 542 2039 lstn.
570 2014 641 2025 —
670 1985 734 2042 Si
752 1996 954 2042 secutus
979 1999 1051 2043 est
1073 1999 1253 2047 acutus
1269 2007 1407 2046 meus
1432 2009 1521 2047 cor
1541 2010 1728 2053 meum.

411 2074 495 2131 15.
527 2076 883 2133 Cordiillicita
906 2082 1286 2151 concupiscenti
1329 2086 1506 2140 oculus
1540 2089 1786 2156 famulari
1829 2090 1923 2143 de-

332 2176 497 2239 neget.
540 2166 780 2224 Tentatio
826 2172 1104 2240 aliquando
1155 2191 1244 2245 per
1297 2178 1471 2232 oculos
1535 2181 1789 2249 trahitur,
1827 2183 1927 2236 ali—

332 2262 541 2330 quando
603 2265 909 2320 intrinsecus
961 2269 1263 2341 concipitur.
1322 2272 1422 2337 Qui
1481 2275 1723 2328 exteriori
1766 2277 1929 2346 negli-

331 2366 505 2428 genter
567 2358 726 2412 utitur
768 2404 785 2430 ,
853 2362 1086 2415 interiori
1145 2365 1297 2418 oculo
1360 2369 1503 2436 juste
1570 2376 1810 2421 cwcatur.
1858 2398 1928 2407 —

335 2449 478 2505 Ecce
527 2455 718 2509 iterum
762 2470 857 2525 per
913 2456 1182 2512 interioris
1242 2459 1439 2528 vigoris
1503 2462 1799 2516 custodiam
1860 2462 1927 2517 ad

334 2544 665 2599 exteriorum
695 2548 1061 2603 membrorum
1085 2549 1428 2619 disciplinam
1456 2554 1615 2619 redit,
1642 2554 1766 2615 utsi
1798 2553 1927 2623 quid

336 2637 571 2692 lortasse
601 2654 696 2694 cor
742 2640 986 2697 illicitum
1036 2646 1470 2717 concupisceret,
1509 2662 1721 2715 pressus
1760 2633 1925 2702 disci-

327 2728 489 2797 plina:
524 2731 830 2801 magisterio
850 2734 1040 2789 oculus
1068 2735 1255 2790 videre
1277 2747 1571 2794 recusaret.
1597 2738 1746 2793 Sicut
1773 2739 1922 2794 enim

327 2833 475 2887 saepe
527 2822 757 2876 tentatio
789 2837 884 2892 per
924 2825 1112 2879 oculos
1143 2826 1397 2893 trahitur,
1429 2828 1506 2881 sic
1536 2843 1922 2898 nonnunquam

337 2922 602 2981 concepta
631 2914 957 2971 intrinsecus
984 2918 1252 2987 compellit
1288 2919 1393 2973 sibi
1424 2920 1761 2977 extrinsecus
1792 2938 1921 2978 ocu-

328 3001 414 3056 los
437 3002 734 3060 deservire.
758 3007 891 3062 Nam
920 3010 1236 3081 plerumque
1260 3025 1346 3065 res
1373 3012 1624 3079 quaelibet
1652 3014 1924 3071 innocenti

328 3102 511 3149 mente
536 3097 843 3163 restricitur,
879 3099 972 3154 sed
1005 3101 1122 3169 ipso
1151 3114 1439 3172 conspectu
1484 3105 1695 3160 animus
1720 3120 1925 3161 concu-

327 3188 605 3257 piscentize
652 3189 827 3262 gladio
876 3193 1203 3249 confoditur:
1234 3196 1350 3251 Non
1394 3198 1572 3266 enim,
1606 3210 1662 3253 ut
1688 3201 1919 3271 exempli

329 3294 488 3334 causa
522 3280 628 3351 jam
660 3283 914 3349 diximus,
935 3287 1098 3359 685
1130 3287 1295 3342 David
1324 3289 1463 3344 Uria:
1484 3290 1771 3362 conjugem
1797 3292 1923 3349 ideo

327 3374 567 3430 studiose
598 3379 864 3447 respexit,
896 3380 1019 3448 quia
1061 3382 1434 3451 concupierat,
1466 3384 1560 3439 sed
1591 3387 1922 3455 potiusideo

328 3470 638 3538 concupivit
666 3470 786 3540 quia
816 3471 1029 3527 incaute
1059 3476 1321 3544 respexit.
1359 3473 1447 3529 Fit
1478 3492 1612 3532 vero
1644 3489 1806 3534 rectae
1836 3495 1923 3535 re-

328 3559 640 3617 tributionis
667 3565 914 3619 examine
942 3562 969 3601 ι’
998 3574 1059 3619 ut
1078 3565 1168 3635 qui
1190 3567 1444 3622 exteriori
1466 3568 1800 3640 negligenter
1822 3572 1925 3624 uti-

328 3661 441 3718 tur,
472 3652 715 3710 interiori
742 3658 901 3711 oculo
933 3673 1036 3711 non
1066 3658 1266 3730 injuste
1286 3669 1541 3716 caacetur.
1561 3661 1721 3731 Saepe
1740 3672 1921 3720 autem

328 3743 653 3800 intrinsecus
683 3748 1118 3818 concupiscentia
1152 3750 1480 3818 dominatur,
1506 3761 1559 3806 et
1582 3752 1922 3812 illecebratus

329 3838 542 3892 animus
570 3838 638 3893 ad
669 3853 796 3894 usus
819 3856 947 3896 suos
971 3856 1162 3897 sensus
1183 3857 1475 3912 corporeus
1497 3842 1746 3901 famulari
1776 3862 1924 3903 more

331 3930 630 4000 tyrannidis
658 3933 843 4002 exigit,
873 3934 1091 4001 suisque
1122 3935 1488 4003 voluptatibus
1506 3937 1694 3992 oculos
1720 3939 1924 3995 servire

332 4022 629 4091 cumpellit,
648 4034 825 4093 atque,
843 4034 902 4078 ut
923 4025 993 4079 ita
1011 4025 1205 4092 dicam,
1227 4026 1488 4082 fenestras
1504 4028 1720 4083 luminis
1748 4029 1813 4083 ad
1842 4038 1924 4084 te-

330 4116 529 4172 nebras
558 4119 732 4186 aperit
751 4120 1029 4174 excitatis.
1053 4120 1206 4177 Unde
1238 4122 1410 4199 sancti
1433 4123 1535 4177 viri
1556 4139 1678 4179 cum
1707 4125 1924 4180 sinistra

333 4211 535 4282 pulsari
568 4213 926 4269 delectatione
955 4231 1015 4269 se
1041 4217 1299 4283 sentiunt,
1325 4218 1440 4287 ipsa
1471 4233 1568 4288 per
1586 4235 1706 4289 qua:
1738 4220 1925 4277 format

330 4302 541 4369 species
567 4303 634 4357 ad
680 4316 915 4360 mentem
948 4305 1246 4376 ingreditur
1274 4308 1579 4376 disciplinae
1609 4312 1927 4381 magisterio

331 4396 533 4451 lumina
567 4400 1025 4469 reetringunt,\ne
1051 4417 1227 4471 prava:
1254 4403 1562 4474 cogitationi
1597 4405 1733 4461 visio
1779 4407 1929 4460 leno-

298 4486 305 4495 ’
331 4489 511 4544 cinata
540 4492 849 4547 lamuletur.
881 4493 1010 4559 Quae
1037 4494 1083 4549 si
1109 4511 1341 4565 unquam
1366 4498 1636 4553 subtiliter
1664 4498 1929 4554 custodiri

331 4580 620 4651 negligitur
640 4624 653 4647 ,
683 4585 1023 4668 cogitationis
1055 4586 1386 4641 immunditia
1423 4588 1671 4656 protinus
1697 4590 1763 4644 ad
1794 4603 1922 4660 ope-
1953 4614 2007 4679 Ι)

332 4675 598 4739 rationem
628 4678 839 4732 transit.
878 4661 1032 4737 Unde
1057 4688 1112 4752 et
1154 4694 1280 4734 mox
1308 4679 1558 4735 subditur
1588 4698 1602 4734 :

767 4789 995 4849 CAPUT
1034 4792 1104 4848 IX
1132 4793 1281 4868 [Rea
1322 4791 1477 4865 V11].

413 4903 539 4959 Isto.
569 4935 639 4951 ς-
665 4905 729 4962 Et
754 4909 797 4961 si
824 4908 877 4960 in
904 4908 1138 4964 manibus
1170 4910 1293 4964 meis
1319 4908 1540 4964 adhwsit
1568 4913 1792 4968 macula.

420 4998 507 5053 M.
539 4998 623 5054 Ne
660 4998 810 5071 culpa
836 4999 904 5054 ad
934 5017 1062 5071 Opus
1090 5001 1324 5069 prodeat,
1371 5002 1512 5058 intus
1553 5003 1640 5057 ubi
1678 5005 1924 5073 nascitur,

334 5091 711 5161 exstinguatur.
741 5121 811 5132 —
859 5092 1083 5149 Sanctus
1139 5109 1269 5164 ergo
1297 5096 1377 5149 vir
1406 5096 1587 5155 sciens
1635 5096 1776 5166 ottod
1817 5099 1929 5169 ple-

340 5198 569 5252 rumque
600 5200 759 5254 prava
782 5185 1035 5256 cogitatio
1057 5201 1147 5254 per
1164 5188 1347 5243 oculos
1370 5189 1549 5241 veniat
1575 5188 1640 5242 ad
1673 5198 1928 5257 mentem,

341 5276 507 5355 paulo
533 5280 776 5346 superius
807 5279 942 5335 dixit
973 5295 988 5333 :
1038 5277 1221 5351 Pepigi
1250 5282 1416 5351 [rudus
1437 5296 1551 5334 cum
1593 5283 1754 5336 oculis
1784 5284 1928 5352 meis,

418 5400 443 5426 δι
477 5390 700 5463 Turon.,
730 5393 952 5448 moribus
986 5392 1063 5463 vel
1108 5394 1400 5447 transitorie
1446 5393 1811 5463 dedignantur.
1858 5395 1932 5450 ita

336 5460 503 5517 etiam
525 5462 722 5518 habent
747 5465 863 5520 Val.
888 5465 996 5533 CL,
1025 5462 1186 5517 Germ
1209 5474 1263 5518 et
1284 5466 1494 5530 Norm.,
1520 5460 1723 5519 retenta
1751 5473 1929 5521 tamen

339 5544 477 5587 voce
509 5535 747 5595 motibus.

416 5600 443 5678 If
490 5603 739 5678 Vindoc"
764 5614 819 5660 ut
846 5605 935 5671 qui
958 5605 1213 5660 exteriora
1232 5606 1543 5678 negligenter
1576 5605 1824 5673 intuetur,
1850 5608 1931 5660 in-

542 5676 688 5729 oculo
718 5693 820 5731 non
840 5678 1027 5748 injuste
1049 5685 1281 5748 cwcetur.

422 5755 445 5784 ο
484 5745 559 5801 Ita
580 5745 922 5812 cumNormI,
959 5745 1404 5812 Turon.,Laud.,
1442 5747 1556 5802 Val.
1606 5748 1713 5813 CL,
1762 5748 1925 5803 Corb.

344 5815 551 5881 Cornu,
579 5826 684 5872 vet.
716 5817 890 5881 Editi;
925 5819 977 5872 in
1004 5818 1196 5888 quibus
1232 5829 1410 5873 tamen
1439 5819 1630 5888 legitur
1672 5820 1923 5873 oculus...

347 5888 669 5956 constrictus,
726 5905 822 5957 pro
854 5888 1028 5945 oculos
1062 5891 1386 5946 constrictos.
1432 5889 1777 5947 Recentiores
1807 5903 1929 5958 poet

1172 381 1529 441 MORALIUM
1574 382 1701 441 LIB.
1747 383 1888 441 XXI.
1932 411 2001 425 -ο
2039 383 2264 439 CAPUT
2305 381 2473 437 XXXI
2514 384 2573 438 Β.
2611 383 2751 441 JOB.

1950 477 2003 538 Α
2026 486 2083 530 ut
2106 492 2172 531 ne
2192 468 2468 548 cogitarem
2496 479 2699 547 quidem
2722 477 2785 531 de
2808 475 3023 548 virgine.
3076 474 3418 547 Perpendens
3444 482 3610 541 etiam

3432 328 3439 337 ο
3508 378 3611 443 198

2028 567 2171 637 quod
2201 582 2581 638 nonnunquam
2605 570 2656 629 in
2688 576 2868 629 mente
2912 567 3103 636 oritur,
3132 568 3230 629 sed
3259 568 3382 631 huic
3404 569 3609 635 obortae

2022 658 2163 723 oculi
2188 674 2442 730 perverse
2472 659 2819 726 famulantur,
2849 659 2924 715 ait
2955 678 2968 713 :
2999 659 3062 719 Si
3098 671 3299 721 secutus
3329 667 3402 719 est
3433 662 3612 729 oculus

2022 768 2162 813 mus
2186 769 2276 815 cor
2297 770 2483 815 meum.
2531 754 2608 813 Ae
2642 754 2686 809 si
2722 765 2905 827 aperte
2949 754 3128 817 dicat:
3158 754 3266 813 Nec
3304 756 3501 833 passim
3532 756 3612 821 vi-

2022 844 2154 905 dete
2180 846 2325 907 volui
2352 862 2473 918 qua:
2498 846 2957 917 concupiscerem,
2987 862 3087 907 nec
3116 845 3347 905 videndo
3376 862 3609 929 unquam

2023 946 2239 997 secutus
2263 953 2380 997 sum
2407 954 2527 1009 qua:
2560 937 2859 1006 concupivi.
2894 937 3047 997 Dicat
3085 953 3214 1010 ergo
3258 955 3272 997 :
3326 938 3389 999 Si
3413 951 3614 999 secutus

2022 1039 2097 1093 est
2123 1027 2302 1085 oculus
2325 1046 2466 1087 meus
2494 1046 2584 1086 cor
2602 1046 2809 1095 meum,
2857 1031 2984 1099 quia
3021 1042 3075 1089 et
3124 1032 3167 1092 si
3207 1030 3333 1105 quid
3378 1047 3621 1105 unquam

2024 1119 2266 1181 illicitum
2293 1136 2446 1183 mens
2484 1123 2620 1195 ejus.
2669 1131 2729 1183 ut
2776 1121 3021 1183 videlicet
3064 1123 3313 1190 humana,
3346 1128 3611 1199 concepit,

2026 1212 2231 1273 altioris
2262 1213 2567 1285 disciplina:
2598 1213 2906 1285 magisterio
2949 1226 2967 1249 ο
3023 1215 3344 1271 constrictos
3369 1215 3519 1287 sequi
3550 1230 3611 1272 se

2027 1323 2125 1378 per
2155 1306 2338 1365 illicita
2358 1307 2565 1378 sibique
2609 1306 2855 1369 famulari
2888 1306 3071 1363 oculos
3093 1306 3283 1377 noluit.
3317 1308 3613 1375 Pensemus

2026 1399 2092 1454 ad
2118 1400 2233 1459 haec
2261 1401 2614 1461 conscientias
2642 1409 2875 1467 nostras,
2931 1408 2985 1463 et
3026 1403 3209 1471 quanti
3259 1400 3509 1460 culminis
3536 1401 3616 1455 vir

2026 1495 2127 1551 iste
2150 1492 2343 1561 fuerit.
2396 1510 2461 1550 ex
2516 1495 2686 1559 nostri
2738 1494 2921 1557 cordis
2966 1494 3268 1571 dejectione
3316 1494 3615 1555 videamus.

2024 1585 2166 1643 Ecce
2185 1588 2230 1645 si
2259 1601 2364 1657 qua
2394 1586 2578 1647 illicita
2607 1587 2896 1656 aliquando
2934 1586 3221 1659 cogitavit,
3272 1586 3394 1661 quia
3432 1602 3495 1642 ea
3525 1587 3613 1649 ci-

2028 1675 2133 1731 tius
2154 1676 2292 1745 intra
2316 1692 2510 1735 arcana
2541 1678 2723 1737 cordis
2751 1678 2931 1751 gladio
2957 1681 3128 1737 sancti
3179 1678 3381 1753 vigoris
3408 1679 3616 1747 exstin-

2027 1768 2125 1834 xit,
2140 1770 2439 1855 ‘pervenire
2459 1768 2549 1829 illa
2571 1784 2737 1839 usque
2755 1769 2819 1831 ad
2840 1784 3001 1841 opera
3030 1784 3134 1829 non
3155 1770 3414 1843 permisit.
3441 1769 3615 1836 Unde,

1952 1860 2001 1921 B
2029 1869 2087 1917 ut
2114 1861 2489 1931 praemisimus,
2512 1862 2655 1917 illico
2686 1864 2973 1932 sulijungit.
2992 1862 3059 1921 Et
3085 1865 3129 1921 si
3150 1865 3204 1919 in
3234 1866 3463 1925 manibus
3490 1868 3617 1925 meis

2030 1950 2251 2005 aduersi:
2280 1950 2505 2009 macula.
2529 1952 2753 2020 Quando
2774 1954 2918 2013 enim
2951 1955 3159 2017 macula
3188 1955 3240 2011 in
3262 1956 3532 2022 manibus,
3561 1957 3615 2013 id

2030 2053 2113 2098 est
2136 2044 2290 2117 culpa
2322 2045 2620 2103 actionibus
2650 2045 2897 2110 inhaeret,
2928 2061 3087 2116 quam
3115 2061 3339 2105 censura
3371 2048 3614 2119 discipli-

2031 2154 2113 2193 na:
2170 2154 2277 2197 nou
2326 2139 2538 2197 sinebat
2585 2141 2638 2197 in
2686 2141 3007 2210 cogitatione
3075 2142 3376 2211 prolicere?
3432 2142 3617 2217 Neque

2029 2233 2172 2295 enim
2204 2233 2359 2302 culpa
2389 2233 2455 2291 ad
2477 2247 2614 2305 opus
2636 2233 2852 2302 prodire
2876 2232 3223 2303 permittitur.
3254 2232 3299 2291 si
3341 2235 3484 2296 intus
3526 2235 3617 2291 ubi

2031 2326 2272 2379 nascitur
2303 2325 2697 2397 exstinguatur.
2755 2324 2811 2385 Si
2841 2336 3022 2383 autem
3051 2326 3331 2387 teutationi
3374 2326 3426 2383 in
3454 2328 3617 2385 corde

2031 2420 2268 2475 nascenti
2297 2418 2487 2477 festiue
2512 2433 2617 2474 non
2669 2418 2935 2475 resistitur
2959 2460 2985 2486 ,η
3029 2419 3129 2475 hac
3167 2420 3356 2481 eadem
3384 2436 3486 2492 qua
3518 2436 3616 2477 ηυ-

2030 2512 2190 2566 tritur
2219 2526 2365 2569 mora
2391 2511 2699 2577 roboratur;
2725 2510 2751 2549 ἀ
2776 2522 2831 2566 et
2852 2512 3095 2571 existens
3110 2509 3241 2571 foris
3266 2512 3319 2575 in
3340 2510 3616 2583 operibus,

2029 2605 2166 2659 vinci
2211 2606 2299 2659 vix
2330 2605 2616 2673 pravalet,
2672 2605 2798 2674 quia
2839 2604 3007 2673 ipsam
3059 2606 3199 2661 intus
3252 2604 3615 2665 membrorum

2028 2697 2300 2753 dominam
2349 2706 2583 2757 mentem
2627 2697 2891 2768 captivam
2951 2707 3115 2757 tenet.
3162 2698 3294 2766 Quia
3351 2712 3481 2755 vero
3529 2700 3614 2754 vir

2008 2797 2251 2851 .sanctus
2278 2791 2554 2858 Superiora
2598 2790 2777 2849 omnia
2820 2790 2921 2847 sub
2961 2792 3269 2855 conditione
3310 2792 3523 2857 intulit,
3568 2792 3613 2847 si

2030 2882 2145 2943 huc
2171 2898 2400 2953 unquam
2424 2884 2831 2952 perpetrarent,
2856 2870 3119 2940 sententia
3143 2900 3203 2947 se
3224 2884 3613 2953 maledictiqnis

2027 2976 2292 3045 astringit,
2322 2976 2511 3031 dicens
2538 2992 2551 3028 :
2950 2991 2957 3005 ί
3186 2996 3189 2999 λ

2451 3067 2683 3127 CAPUT
2711 3067 2761 3122 χ
2800 3065 2956 3139 tneo.
2993 3065 3191 3139 VIII].

2100 3159 2263 3219 Vsus.
2294 3162 2349 3215 8.
2403 3191 2472 3203 -
2503 3156 2707 3225 Seram,
2738 3171 2783 3215 et
2804 3162 2941 3217 alius
2964 3162 3222 3228 comedat,
3272 3172 3318 3221 et
3341 3165 3612 3235 progenies

2027 3269 2139 3309 mea
2161 3254 2466 3310 eradicetur.

2099 3344 2187 3401 i5.
2208 3346 2342 3401 Serit
2348 3348 2560 3418 jejunus
2578 3348 2972 3418 prwdicator,et
2992 3349 3129 3409 alius
3147 3352 3385 3414 comedit,
3406 3352 3615 3416 quando

2026 3454 2142 3515 qua:
2169 3441 2314 3493 docet
2336 3456 2438 3493 non
2466 3451 2726 3507 operatur.
2758 3468 2828 3485 εσ-
2868 3440 3014 3497 More
3044 3441 3181 3502 sacri
3208 3441 3404 3515 eloquii
3431 3457 3615 3498 serere

2026 3512 2277 3595 dicimus,
2306 3531 2620 3595 verbavitae
2643 3532 2951 3600 pmdicare.
2983 3531 3115 3589 Hinc
3132 3514 3331 3591 etenim
3357 3535 3616 3602 propheta

2026 3622 2147 3677 ait:
2196 3620 2342 3675 Beati
2389 3623 2479 3691 qui
2531 3623 2795 3679 seminatis
2825 3638 2980 3690 super
3030 3638 3203 3676 omnes
3252 3640 3411 3693 aquas
3458 3626 3614 3697 (Issi.

2026 3709 2340 3780 unum).
2384 3721 2407 3753 ο
2457 3714 2669 3771 Sancta;
2712 3715 2909 3781 quippe
2960 3714 3211 3769 Ecclesiae
3242 3715 3617 3784 praedicatores

2026 3819 2190 3874 super
2217 3820 2404 3861 omnes
2455 3819 2621 3874 aquas
2661 3804 2929 3863 seminare
2982 3806 3290 3873 conspexit,
3332 3807 3453 3876 quia
3484 3824 3615 3863 cun-

2028 3899 2133 3954 ctis
2182 3899 2289 3955 late
2340 3899 2551 3968 populis
2606 3898 2766 3967 verba
2819 3900 2960 3963 vitas,
3021 3901 3173 3967 quasi
3202 3901 3437 3961 ualeatis
3461 3902 3617 3969 panis

2028 4008 2217 4063 grana,
2252 3991 2610 4051 tradiderunt.
2664 3990 2960 4049 Coniedere
2986 4002 3164 4049 autem
3195 4000 3280 4054 est
3303 3993 3457 4053 bonis
3485 4008 3615 4062 ope-

2027 4084 2178 4140 ribus
2202 4083 2405 4140 satiari.
2466 4082 2618 4139 Unde
2648 4097 2743 4150 per
2782 4084 3129 4150 semetipsum
3178 4082 3386 4141 Veritas
3437 4082 3569 4143 dicit
3600 4100 3616 4138 :

2031 4176 2182 4231 Heus
2209 4177 2350 4230 cibus
2371 4184 2442 4230 est
2471 4186 2524 4231 ut
2554 4175 2745 4243 faciant
2780 4176 3090 4229 voluntatem
3120 4174 3232 4243 ejus
3272 4176 3358 4243 qui
3378 4175 3515 4231 misit
3542 4190 3619 4229 me

2030 4268 2214 4340 (Joan.
2240 4284 2315 4334 tv,
2348 4267 2463 4337 '54).
2520 4266 2577 4323 Si
2629 4279 2762 4335 ergo
2787 4280 2849 4323 ea
2875 4281 2993 4335 quae
3025 4268 3242 4334 protulit
3271 4266 3442 4323 facere
3486 4282 3619 4334 prac-

2030 4364 2283 4426 teruiisit,
2316 4360 2392 4416 sit
2418 4378 2430 4412 :
2462 4360 2671 4422 Seram,
2689 4368 2739 4413 et
2767 4359 2903 4415 alius
2928 4360 3179 4417 comedat.
3243 4360 3319 4419 Ac
3347 4358 3392 4418 si
3434 4365 3620 4429 aperte

2030 4454 2178 4510 dicat
2206 4470 2220 4507 :
2274 4451 2427 4520 Quod
2454 4465 2517 4506 os
2545 4465 2723 4509 meum
2757 4450 3021 4519 loquitur,
3059 4463 3163 4503 non
3193 4464 3310 4517 ego,
3362 4448 3457 4505 sed
3489 4449 3620 4503 alter

2033 4554 2310 4615 operetur.
2336 4542 2665 4599 Praedicator
2686 4543 2883 4610 quippe
2905 4542 3067 4612 686
3091 4542 3233 4609 quia
3256 4542 3370 4601 suis
3398 4540 3621 4598 vocibus

2038 4632 2278 4695 moribus
2301 4635 2605 4702 descrepat,
2629 4634 2847 4703 jejunus
2874 4634 3005 4689 serit
3031 4634 3169 4701 quod
3213 4633 3351 4691 alius
3383 4634 3614 4701 mandu-

2039 4740 2143 4793 cet,
2189 4729 2311 4795 quia
2347 4742 2445 4781 suo
2494 4725 2700 4783 semine
2743 4727 2858 4792 ipse
2888 4740 2995 4781 non
3037 4725 3290 4792 pascitur,
3345 4727 3559 4795 quando
3584 4742 3617 4783 a
3684 4724 3687 4725 ⁷

2039 4824 2188 4878 verbi
2216 4823 2300 4876 sui
2342 4820 2665 4879 rectitudine
2707 4835 2869 4887 prava
2906 4819 3116 4877 actione
3156 4829 3433 4879 vacuatur.
3474 4820 3617 4893 [γει.

2050 4912 2238 4983 V111,]
2264 4912 2461 4982 thuia
2477 4913 2789 4981 plerumque
2812 4912 3061 4982 discipuli
3084 4914 3353 4969 incassum
3376 4913 3510 4973 bona
3526 4930 3621 4969 au-

2038 5008 2207 5071 diunt,
2221 5019 2343 5067 eum
2365 5019 2429 5063 ex
2458 5002 2696 5073 magistri
2714 5004 2821 5059 vita
2838 5018 3060 5075 operum
3079 5006 3329 5075 exemplo
3343 5005 3623 5071 destruun-

2048 5108 2155 5166 tur,
2185 5107 2331 5159 recte
2359 5095 2695 5167 subiungitur
2728 5112 2741 5147 :
2790 5093 2857 5151 Et
2886 5096 3151 5167 progenies
3176 5112 3286 5153 utea
3318 5097 3618 5155 eradicatur.

2117 5196 2204 5249 16.
2235 5191 2366 5265 Ejus
2393 5193 2653 5261 progenies
2673 5191 2986 5257 eradicatur,
3008 5194 3130 5261 quia
3153 5208 3279 5258 quos
3303 5207 3391 5261 per
3418 5192 3623 5248 verbum

2038 5287 2221 5363 gignit,
2252 5301 2342 5354 per
2361 5286 2650 5350 exemplum
2680 5293 2841 5337 necat.
2873 5310 2945 5323 —
2990 5282 3234 5337 Doctoris
3264 5282 3406 5339 enim
3434 5298 3625 5357 prege.

2038 5400 2219 5459 Genu.
2254 5398 2472 5471 proprie
2497 5405 2671 5471 marte
2710 5395 2789 5471 sic
2827 5396 3002 5449 locum
3026 5393 3171 5471 banc
3195 5403 3549 5471 lususvel-unt
3604 5418 3619 5457 :

2036 5464 2340 5524 constrictus
2361 5474 2412 5521 si:
2439 5485 2529 5534 per
2547 5467 2726 5519 illicita
2743 5467 2947 5531 dueere,
2973 5465 3166 5536 sibique
3184 5464 3427 5534 famulari
3447 5471 3621 5527 oculus

2036 5545 2426 5674 “antistat,
2458 5618 2505 5662 et
2534 5609 2703 5660 estest
2753 5605 2898 5673 ῖονίεο
2945 5604 3111 5660 δωδ-
3143 5606 3345 5676 ⁰⁸¹¹¹¹ον
3404 5610 3619 5675 Emi“

2032 5700 2095 5740 ac
2122 5684 2303 5746 Prol...
2321 5692 2368 5736 et
2388 5682 2560 5735 exiens
2589 5678 2749 5746 foras.
3216 5698 3219 5702 ι

2108 5754 2341 5832 spy-at”
2396 5751 2588 5832 Sancta
2629 5748 2818 5817 quippe
2862 5746 3094 5802 Ecclesia
3145 5752 3621 5821 practice-sons”...

2035 5828 2284 5882 ~seminare
2304 5828 2583 5892 conspexit.
