4066 6348
453 412 556 472 I99
638 422 641 427 '

1596 444 1597 447 η
1649 400 1892 459 SANCTI
1929 396 2254 469 GREGORII
2296 396 2505 487 MAGNl
2560 464 2567 470 .

3611 398 3711 451 9.00

453 508 572 586 ιιῑέε
593 514 893 585 eradicatur
941 521 1154 596 quando
1208 521 1255 577 is
1295 520 1384 591 qui
1414 532 1510 590 per
1536 517 2027 575 verbum'nascitur
2053 513 2108 573 Δ
2131 512 2213 567 nis
2241 511 2431 583 gaudia
2460 520 2877 581 consequuntur.
2912 510 3035 565 llaec
3060 510 3238 578 paucis
3283 524 3378 579 per
3408 521 3690 565 excessum

453 639 552 696 per
587 606 923 689 exemplum,”
946 610 1201 686 necatur,‘
1252 615 1375 684 quia
1402 614 1572 684 quem
1603 612 2031 683 lingua'vigilans

450 715 641 787 gignit,
669 714 790 769 vitae
812 709 1130 781 negligentia
1152 702 1366 763 occidit.
1414 706 1597 777 Neque
1620 706 1762 760 enim
1788 702 2032 797 ltorpenti

453 810 609 868 nobis
629 817 709 865 est
732 817 910 863 mente
932 803 1313 860 transeundum
1337 803 1477 873 quod
1516 803 1655 871 apud
1687 802 2032 858 Salomonem

360 907 366 911 ’
454 903 643 958 mulier
688 901 875 966 ﬁlium,
930 914 1091 969 quem
1120 897 1375 967 ‘vigilans
1417 896 2034 960 lactare'consueverat',

456 995 728 1051 dormiens
756 970 1025 1048 interemit
1047 987 1168 1061 (HI
1203 989 1329 1060 Reg.
1361 988 1443 1054 ttt,'
1472 987 1740 1059 l9),'qttia
1784 985 2035 1040 nimirum

456 1088 694 1159 magistri
743 1086 1025 1157 vigilantes
1073 1084 1285 1155 quidem
1317 1068 1562 1151 scientia,
1614 1083 1708 1140 sed
1742 1083 1861 1155 vita
1914 1081 2039 1135 dur-

457 1176 998 1248 mientes,auditores
1020 1178 1150 1234 suos
1176 1192 1309 1249 quos
1338 1194 1433 1249 per
1458 1178 1666 1245 vigilias
1697 1174 2041 1245 praedicatio-

460 1275 546 1331 nis
568 1273 829 1338 nutriunt,
860 1270 985 1325 dum
1015 1270 1156 1340 quod
1181 1270 1367 1325 dicunt
1388 1250 1565 1324 facere
1591 1268 1861 1337 negligant
1879 1306 1894 1332 ,
1918 1270 1931 1347 "
1945 1279 2042 1334 per

402 1376 405 1379 '
434 1348 708 1421 somnum
731 1363 962 1433 torporis
984 1362 1264 1430 occidunt,
1298 1358 1697 1430 et'negligendo
1728 1360 2041 1437 opprimunt

457 1472 594 1529 quos
613 1458 761 1513 alere
780 1456 1064 1511 verborum
1096 1454 1232 1510 lacte
1261 1452 1609 1509 videbantur.
1631 1450 1783 1507 Unde
1814 1448 2043 1519 plerum-

438 1546 565 1618 ‘que
592 1548 715 1603 dum
748 1545 1373 1629 ipsireprehensihiliter
1403 1534 1609 1610 vivunt,
1640 1553 1697 1598 et
1737 1542 1935 1596 habere
1962 1540 2045 1593 di-
2134 1558 2139 1563 ο

461 1639 694 1709 scipulos
738 1639 863 1695 vitae
912 1638 1196 1694 laudabilis
1220 1645 1543 1717 “nequeunt,
1574 1647 1648 1690 ‘et
1697 1634 1900 1689 alienos
1945 1632 2045 1687 sibi

414 1731 736 1788 "attrahere
763 1740 1047 1795 conantur,
1086 1738 1385 1798 qttantenus
1412 1729 1535 1784 dum
1565 1728 1736 1782 bonos
1767 1742 1826 1781 se
1849 1724 2046 1801 habere

434 1814 1051 1891 ‘seQuaces'ostendunt,
1086 1820 1223 1886 apud
1251 1818 1449 1889 judicia
1485 1820 1758 1874 hominum
1785 1826 2045 1873 excusent
2074 1803 2117 1851 Γ

2134 602 2385 670 diximus,
2411 614 2467 657 ut
2495 605 2795 658 auditorum
2825 602 3107 672 progenies
3135 613 3159 638 η
3198 618 3292 671 per
3317 603 3596 657 doctorum
3626 620 3718 659 ne-
3814 624 3821 631 ι

2134 696 2440 767 gligentiam
2469 698 2698 766 qualiter
2726 698 3081 766 exstinguitur
3108 707 3531 751 monstraremus
3549 738 3564 762 ,
3589 697 3712 766 quia

2136 791 2560 861 quisquisjuxta
2622 792 2722 849 hoc
2773 790 2913 862 quod
2964 790 3197 860 loquitur
3252 787 3537 855 nonivivit,
3589 802 3723 854 quos

2132 887 2311 940 verbo
2337 886 2519 956 genuit
2567 901 2597 940 a
2627 886 2915 940 stabilitate
2945 884 3293 939 rectitudinis
3320 897 3487 952 Opere
3514 884 3718 951 evellit.

2137 978 2242 1035 Sed
2270 980 2455 1035 beatus
2502 980 2664 1050 687
2714 980 2837 1045 Job,
2881 995 3017 1049 quos
3067 977 3720 1047 praedicationevigilatts

2138 1070 2326 1135 edidit,
2355 1086 2687 1141 nequaquam
2716 1073 2929 1126 actione
2949 1072 3225 1126 dormiens
3252 1072 3531 1133 exstinxit,
3562 1078 3721 1137 atque

2140 1164 2263 1220 ideo
2292 1166 2516 1221 ﬁdenter
2539 1165 2663 1221 dicit
2693 1183 2705 1218 :
2737 1166 2790 1221 Si
2822 1166 3106 1236 quominus
3133 1166 3379 1236 prasdicta
3431 1164 3721 1233 complevi,

2126 1255 2357 1320 ’Seram,
2382 1266 2427 1310 et
2454 1258 2588 1310 alius
2616 1258 2862 1321 comedat,
2897 1269 2943 1310 et
2981 1258 3246 1325 progenies
3275 1273 3387 1311 mea
3410 1257 3722 1311 eradicetur.
3810 1240 3821 1255 ’

2144 1348 2244 1416 Qui
2275 1350 2449 1405 adhuc
2476 1366 2535 1407 se
2564 1351 2631 1406 dc
2652 1351 3014 1421 inquinatione
3037 1354 3182 1419 pravi
3212 1352 3391 1419 operis
3411 1351 3725 1418 discutiens,

2134 1442 2324 1497 'snhdit
2359 1432 2409 1496 ε’
2436 1468 2441 1471 ι
2746 1464 2749 1479 λ
3198 1458 3201 1459 ⁷

2503 1533 2827 1591 CAPUT-XI
2853 1533 2994 1608 [νει.
3023 1545 3072 1589 et
3100 1535 3222 1589 Rec.
3252 1533 3378 1606 IX].

2131 1648 2139 1655 -
2182 1657 2186 1662 ~
2221 1624 2384 1681 Vsus.
2415 1626 2480 1681 9.‘
2501 1655 2572 1668 --
2612 1628 2673 1683 Si
2702 1628 2966 1695 deceptum
3009 1637 3081 1682 est
3113 1644 3410 1682 cor'meum
3437 1644 3589 1700 super
3615 1644 3730 1683 ntu-

2147 1718 2289 1782 liere,
2320 1728 2368 1772 et
2394 1714 2440 1771 si
2468 1720 2535 1771 ad
2560 1721 2746 1773 ostium
2782 1718 2805 1756 δ
2834 1721 2985 1773 amici
3011 1720 3109 1773 mei
3133 1720 3404 1774 insidiatus
3430 1737 3563 1776 sum.

2224 1810 2310 1865 18.
2336 1811 2403 1864 In
2424 1814 2583 1865 sacris
2610 1813 2792 1867 litteris
2818 1814 3127 1867 adulterium
3148 1825 3194 1866 et
3212 1815 3485 1883 [ornicatie
3501 1816 3734 1886 aliquan-

436 1912 439 1925 ‘
464 1914 606 1969 mala
634 1928 752 1983 qum
780 1923 963 1982 agunt,
988 1922 1041 1967 et
1069 1912 1219 1981 quasi
1252 1912 1692 1980 persnbditorum
1721 1912 1883 1966 vitam
1907 1925 2050 1964 mor-
2079 1896 2128 1956 Β
2156 1906 2222 1959 do
2249 1906 2651 1977 distinguuntur,
2702 1905 2980 1976 aliquando
3004 1908 3153 1979 idem
3190 1919 3391 1961 sonant.
3428 1908 3735 1981 Utrumque

434 2008 437 2011 ’
464 2000 672 2057 tileram
705 2010 886 2072 tegant
911 2002 1307 2071 negligentiam.
1343 2002 1495 2057 Unde
1521 2002 1629 2056 illic
1659 2002 1851 2056 mulier
1884 1999 2051 2054 lilium

431 2093 435 2099 ’
464 2096 584 2166 quia
610 2096 862 2159 exstinxit
889 2094 1193 2164 proprium,
1228 2095 1470 2164 quaesivit
1509 2093 1764 2148 alienum.
1816 2093 1922 2149 Sed
1975 2101 2053 2146 ta-

432 2188 435 2201 '
464 2203 587 2249 men
613 2203 793 2243 veram
817 2196 1039 2241 matrem
1060 2186 1363 2241 Salomonis
1392 2186 1622 2257 gladius
1661 2187 1884 2250 invenit,
1928 2187 2051 2255 quia

428 2280 434 2301 ‘
467 2270 716 2334 videlicet
740 2278 893 2348 cujus
922 2277 1129 2333 fructus
1167 2279 1330 2343 vivat,
1363 2278 1446 2333 vel
1473 2274 1636 2351 cujus
1657 2280 1927 2343 intereat,"
1962 2293 2054 2333 ex-

430 2377 438 2385 '
471 2376 643 2424 tremo
667 2374 913 2425 examine
937 2369 1013 2423 ira
1063 2368 1293 2424 districti
1336 2360 1533 2438 iudicis
1574 2369 1925 2423 demonstrat.
1951 2368 2052 2424 Ubi

430 2473 523 2518 "et
562 2462 693 2516 illud
738 2470 820 2517 est
848 2462 1078 2517 solerter
1104 2462 1436 2525 intuendum,
1464 2462 1633 2531 quod
1684 2462 1873 2517 vivens
1908 2461 2048 2516 illius

422 2562 435 2579 ‘
468 2553 616 2622 prius
660 2552 824 2607 dividi
878 2553 1202 2621 praecipitur,
1260 2563 1317 2608 ut
1359 2553 1462 2608 soli
1512 2554 1849 2623 postmodum
1895 2559 2053 2609 matri

475 2642 751 2710 reddatur,
811 2644 934 2712 quia
962 2642 1014 2697 in
1046 2643 1144 2698 hac
1168 2644 1274 2698 vita
1304 2645 1455 2715 quasi
1499 2645 1685 2714 partiri
1743 2646 2055 2702 conceditur

467 2736 898 2807 vimidiscipuli,
942 2736 1068 2792 dum
1108 2752 1172 2792 ex
1204 2724 1303 2791 illa
1321 2752 1703 2807 nonnunquam
1729 2738 1865 2793 alter
1912 2738 2052 2805 apud

429 2828 634 2886 ’Deum
662 2829 932 2895 meritum,
985 2829 1321 2884 alter-vero-
1349 2829 1489 2900 apud
1541 2829 1784 2885 homines
1833 2829 2045 2886 laudem

468 2919 669 2978 habere
697 2922 1040 2992 permittitur.
1490 2930 1493 2931 '

541 3014 627 3068 17.
669 3014 881 3067 Amissis
899 3000 1131 3083 ‘propriis
1157 3004 1517 3083 ﬁliis,'alienos
1542 3019 1703 3072 vivere
1742 3019 1952 3072 invidet.
1980 3044 2052 3060 -ι

430 3110 445 3135 ³
468 3104 575 3160 Sed
603 3102 735 3158 falsa
766 3114 935 3159 mater
962 3118 1084 3161 eum
1100 3110 1271 3177 ’quem
1312 3124 1416 3163 non
1465 3100 1671 3179 genuit,
1692 3106 1904 3165 Voccidi
1924 3102 2042 3163 'non

414 3206 425 3221 ί
469 3195 675 3261 metuit,
702 3196 823 3266 quia
850 3207 1163 3266 arrogantes
1196 3198 1522 3275 magistriet
1546 3198 1825 3254 charitatis
1859 3200 2081 3270 ignari,'

426 3306 431 3315 '
471 3291 518 3346 si
546 3289 931 3361 plenissimum
981 3305 1175 3346 nomen
1220 3291 1499 3347 laudis‘ex
1548 3294 1740 3348 alienis
1774 3292 2051 3362 discipulis

471 3384 721 3453 consequi
747 3391 1039 3452 nequeunt,
1091 3399 1275 3440 eorum
1328 3386 1496 3441 vitam
1526 3387 1863 3442 .crudeliter'
1901 3388 2044 3441 inse-

428 3506 431 3507 ν
472 3482 751 3544 qnuntur.‘-
779 3474 1188 3531 lnvidieenim
1212 3491 1220 3500 '
1243 3475 1387 3532 face'
1414 3478 1682 3544 succensi,
1718 3477 1905 3531 nolunt
1934 3476 2056 3530 aliis

470 3564 669 3634 vivere,
706 3580 859 3636 lquos
907 3576 977 3621 se“
1008 3566 1495 3637 conspiciuntnon
1541 3567 2039 3637 possepossidere.

434 3690 441 3696 ο
470 3655 624 3713 Unde
646 3656 752 3711 illic
773 3671 1019 3723 perversa
1046 3657 1236 3713 mulier
1264 3658 1461 3713 clamat
1491 3674 1509 3719 ξ
1538 3658 1649 3713 Nec
1669 3676 1811 3714 meus
1833 3661 1920 3725 sit,
1962 3676 2054 3714 nec

470 3750 615 3804 istius
646 3747 833 3818 (Ibid.,
866 3747 978 3818 26).
1008 3748 1077 3804 Ut
1096 3749 1512 3816 enim‘diximus,
1537 3764 1672 3819 quos
1699 3750 1800 3804 Silii
1824 3750 2053 3819 obsequi

473 3854 580 3895 non
601 3839 782 3894 vident
804 3840 870 3894 ad
899 3840 1121 3910 gloriam
1151 3841 1524 3910 temporalem,
1549 3856 1645 3896 eos
1671 3842 1790 3895 aliis
1812 3842 2057 3896 invident

422 3952 429 3957 ·
473 3932 660 3986 vivere
689 3946 784 4002 per
809 3932 1108 3988 veritatem.
1140 3932 1308 3987 "Vera
1337 3944 1515 3993 autem
1552 3942 1725 3989 mater
1755 3938 1948 4005 satagit
1999 3946 2059 3990 ut

422 4056 425 4057 ν
480 4020 596 4091 ejus
624 4020 763 4075 [ilius
806 4022 995 4077 saltem
1025 4022 1165 4091 apud
1192 4031 1503 4077 extraneum
1528 4020 1603 4077 sit
1648 4033 1703 4077 et
1727 4024 1890 4090 vivat,
1938 4025 2062 4095 quia

416 4124 421 4147 τ
473 4113 775 4168 concedunt
826 4127 1042 4168 veraces
1078 4114 1317 4183 magistri
1365 4124 1423 4169 ut
1473 4129 1540 4169 ex
1569 4129 1753 4170 eorum
1779 4116 2062 4185 discipulis

416 4226 421 4230 α
475 4204 567 4260 alii
597 4204 811 4274 quidem
833 4204 1119 4274 magisterii
1146 4204 1355 4261 laudem
1394 4206 1644 4274 habeant,
1672 4208 1717 4262 si
1746 4216 1925 4264 tamen
1964 4209 2051 4264 in-

476 4297 779 4367 tegritatem
823 4295 946 4350 vita:
985 4296 1145 4351 iidem
1196 4296 1441 4367 discipuli
1472 4312 1579 4354 non
1604 4338 1605 4341 η
1630 4299 1899 4355 amittant.
1932 4301 2064 4357 .Per

475 4406 595 4461 qua:
626 4388 834 4460 pietatis
857 4389 1061 4446 viscera
1091 4390 1208 4445 haec
1247 4392 1434 4447 eadem
1456 4408 1580 4449 vera
1611 4404 1783 4449 mater
1809 4396 2061 4465 agnosci-

416 4592 423 4599 ‘
476 4578 831 4650 approbatur;
864 4589 918 4635 et
936 4579 1046 4634 sola
1077 4579 1316 4649 recipere
1342 4589 1509 4636 totum
1534 4582 1747 4651 meruit,
1774 4599 1893 4654 quae
1910 4584 2062 4655 quasi

2146 1995 2485 2066 pro/libitum.
2520 2000 2593 2050 Ab
2626 1999 2885 2066 utriusque
2911 1998 2988 2054 vel
3018 2001 3320 2070 cogitatione
3346 1999 3444 2055 Job
3472 2002 3734 2057 abstinuit.

2120 2150 2129 2155 ,
2154 2115 2225 2128 -
2250 2088 2502 2153 Quamvis
2527 2105 2900 2158 nonnunquam
2921 2107 2949 2144 a
2968 2101 3117 2145 reatu
3140 2093 3383 2146 adulterii
3404 2110 3735 2163 nequaquam

2120 2246 2123 2249 _
2157 2180 2423 2249 discrepet
2444 2181 2597 2250 culpa
2627 2182 3013 2246 fornicationis,
3044 2198 3164 2236 cum
3198 2183 3404 2237 Veritas
3430 2184 3607 2240 dicat:
3641 2186 3739 2250 Qui

2157 2274 2334 2326 viderit
2356 2273 2445 2344 (ι).
2469 2272 2559 2339 52,
2582 2291 2633 2343 q.
2662 2273 2716 2340 5,
2737 2291 2850 2346 cap.
2884 2274 2968 2342 15)
2992 2275 3259 2329 mulierem
3284 2277 3351 2329 ad
3375 2277 3739 2345 concupiscen-

2122 2434 2123 2437 η
2157 2367 2278 2419 dum
2310 2383 2440 2432 eam,
2465 2369 2581 2437 jam
2608 2366 2882 2439 inte‘cltatus
2909 2376 2980 2420 est
3005 2382 3116 2419 eam
3147 2368 3197 2420 in
3220 2366 3372 2420 corde
3400 2384 3492 2420 suo
3524 2366 3736 2440 (Matth.

2120 2526 2125 2537 I
2157 2477 2211 2525 v,
2241 2459 2357 2529 28).
2415 2462 2463 2531 (ο
2494 2460 2627 2525 Quia
2666 2460 2807 2514 enim
2838 2458 3025 2514 Graeco
3056 2461 3216 2515 verbo
3259 2461 3499 2531 mptcltns
3536 2460 3742 2516 adulter

2120 2617 2128 2626 _
2159 2553 2372 2615 dicitur,
2405 2570 2523 2607 cum
2557 2569 2661 2606 non
2716 2554 2884 2608 aliena
2927 2554 3153 2622 conjux,
3199 2554 3293 2609 sed
3338 2555 3533 2609 mulier
3569 2555 3742 2610 videri

2124 2714 2128 2719 ο
2161 2646 2489 2718 prohibetur,
2551 2658 2733 2715 aperte
2769 2646 2971 2709 Veritas
3018 2644 3254 2700 ostendit
3283 2648 3406 2715 quia
3432 2651 3593 2702 etiam
3625 2648 3742 2702 solo

2122 2798 2127 2813 ε
2159 2742 2274 2793 visu
2301 2753 2419 2792 cum
2454 2739 2679 2807 turpiter
2717 2737 2797 2791 vel
2835 2739 3052 2806 innupta
3084 2739 3500 2806 concupiscitur,
3531 2738 3744 2795 adulte-

2160 2833 2296 2886 rium
2330 2818 2713 2900 perpetratur.)
2773 2829 2971 2884 Tamen
3016 2829 3329 2901 plerumque
3364 2846 3429 2886 ex
3463 2832 3603 2898 loco,
3659 2831 3744 2886 vel

2120 2990 2121 2993 η
2159 2924 2347 2979 ordine
2370 2921 2799 2990 concupiscentis
2843 2920 3193 2983 discernitur,
3247 2921 3370 2991 quia
3416 2923 3623 2978 scilicet
3668 2921 3744 2977 sic

2120 3078 2123 3081 δ
2162 3015 2304 3070 hunc
2362 3016 2413 3068 in
2446 3028 2599 3069 sacro
2628 3012 2814 3066 ordine
2843 3010 3079 3066 studiosa
3111 3014 3571 3082 concupiscentia,
3607 3014 3743 3070 sicut

2162 3112 2308 3166 illum
2340 3110 2841 3179 adulteriiinquinat
2868 3108 3043 3177 culpa.
3076 3107 3130 3161 In
3159 3108 3402 3177 personis
3430 3117 3603 3163 tamen
3636 3123 3743 3162 non

2164 3202 2511 3256 dissimilibus
2566 3202 2705 3255 idem
2746 3201 2971 3255 luxuria:
3024 3199 3367 3270 distinguitur
3421 3210 3638 3265 reatus,
3692 3201 3743 3255 in

2163 3294 2354 3362 quibus
2398 3294 2775 3349 lornicationis
2826 3293 3019 3361 culpa,
3057 3295 3180 3364 quia
3224 3295 3291 3350 ab
3320 3295 3563 3351 adulterii
3595 3304 3744 3353 reatu

2116 3389 2549 3455 ,discernitttr,
2617 3389 2982 3457 przedicatoris
3048 3389 3251 3461 egtcgii
3329 3388 3506 3459 lingua
3590 3399 3744 3445 testa-

2119 3489 2290 3544 _tur,
2328 3481 2441 3553 qui
2506 3483 2642 3534 inter
2700 3490 2893 3535 caetera
2956 3481 3190 3546 asserit,
3249 3481 3433 3536 dicens
3487 3497 3502 3533 :

2116 3634 2121 3647 ὦ
2164 3572 2467 3649 [ονηίωνίἱν
2502 3587 2659 3640 neque
2680 3572 2838 3625 idolis
2864 3573 3155 3637 servientes,
3211 3588 3366 3642 neque
3394 3572 3637 3638 adulteri,
3668 3589 3746 3627 re-

2114 3732 2115 3735 η
2163 3682 2316 3735 gnum
2364 3664 2461 3718 Dei
2489 3665 2810 3733 possidebunt
2859 3662 2910 3731 (1
2941 3666 3060 3719 Car.
3091 3680 3163 3730 νι,
3198 3664 3273 3736 9).
3322 3662 3349 3702 δ
3398 3663 3549 3732 Quod
3606 3666 3745 3719 enim

2112 3810 2117 3817 .
2166 3759 2433 3829 disjtutcto
2482 3761 2650 3814 reatui
2705 3759 3023 3814 sententiam
3081 3760 3297 3824 subdit,
3350 3775 3505 3827 quam
3540 3761 3745 3815 valdca

2112 3903 2119 3909 .
2165 3867 2225 3907 se
2252 3853 2502 3906 dissideat
2532 3851 2785 3905 ostendit.
2841 3851 2942 3904 Per
2991 3851 3094 3905 hoc
3142 3866 3268 3921 ergo
3321 3851 3459 3921 quod
3514 3851 3745 3907 dicitur:

2118 4002 2121 4005 _
2170 3945 2230 4000 Si
2259 3944 2520 4014 deceptum
2549 3952 2622 3995 est
2650 3957 2737 3995 cor
2767 3957 2936 3994 meum
2957 3956 3109 4009 super
3138 3942 3366 4006 muliere,
3401 3958 3575 4013 neque
3599 3941 3745 4011 cogi-

2114 4102 2118 4109 .
2170 4045 2310 4091 tasse
2342 4037 2421 4088 vir
2444 4046 2658 4090 sanctus
2680 4034 2748 4088 de
2779 4033 3143 4088 forniCationis
3183 4036 3387 4090 macula
3415 4036 3745 4090 demonstra-

2108 4186 2117 4193 .
2150 4128 2275 4189 .‘tur.
2336 4127 2439 4181 Per
2477 4127 2578 4182 hoc
2625 4139 2799 4205 autem
2828 4126 2969 4196 quod
3014 4126 3264 4193 subjicit:
3299 4125 3367 4180 Et
3400 4128 3443 4180 si
3467 4130 3534 4180 uti
3564 4128 3745 4181 ostium

2106 4276 2129 4295 (η
2172 4220 2325 4274 amici
2352 4221 2450 4273 mei
2472 4221 2767 4273 insiditatus
2792 4236 2929 4299 sum,
2964 4229 3210 4290 patenter
3231 4220 3515 4276 inn0tescit
3547 4221 3688 4289 qttod
3719 4236 3746 4277 a

2102 4372 2116 4380 ,
2168 4306 2327 4368 τεθια
2351 4313 2596 4367 adulterii
2625 4312 2760 4367 liber
2784 4312 2901 4366 fuit.
2931 4310 3036 4367 Sed
3068 4313 3135 4366 ad
3167 4314 3280 4368 hinc
3304 4312 3529 4369 fortasse
3556 4314 3745 4382 aliquis

2105 4458 2110 4473 ι
2171 4407 2349 4461 dicat:
2398 4406 2533 4471 Quid
2566 4405 2634 4460 de
2654 4420 2712 4459 se
2735 4405 2930 4459 mirum
2961 4414 3178 4459 sanctus
3205 4407 3283 4459 vir
3308 4408 3520 4473 asserit,
3565 4408 3607 4459 si
3639 4422 3745 4462 non

412 4502 419 4507 '
476 4492 585 4551 tur,
615 4484 737 4553 quia
776 4498 935 4539 omne
965 4484 1331 4553 magisterium
1373 4486 1426 4541 in
1479 4489 2053 4545 examinecharitatis

2171 4501 2343 4554 solum
2379 4498 2445 4552 ah
2469 4498 2714 4552 adulterii
2741 4499 2995 4567 crimine,
3026 4512 3231 4581 ‘verum
3275 4499 3436 4553 etiam
3458 4516 3485 4552 a
3518 4497 3743 4554 fornica-

3569 3481 3746 3551 Neque

2172 4592 2329 4647 tionis
2355 4589 2720 4661 inquinatione
2745 4606 2802 4645 se
2835 4580 3060 4646 liberum
3089 4591 3363 4646 servavit?
3415 4590 3540 4645 Haec
3568 4602 3743 4649 autent

418 4676 425 4697 τ
477 4676 646 4725 totum
672 4670 957 4735 concessit,
983 4671 1103 4739 quia
1127 4669 1651 4741 ﬁdelesprtepositi,
1685 4689 1780 4743 pro
1810 4689 1876 4730 eo
1915 4675 2057 4745 quod
2088 4644 2144 4709 ι)
2170 4644 2627 4755 parvipenditnus,
2680 4684 2726 4738 si
2779 4683 3029 4738 virtutum
3085 4684 3199 4754 ejus
3247 4694 3485 4755 tempora
3530 4686 3745 4742 minime

414 4789 423 4798 ο
477 4777 543 4819 ex
570 4761 725 4816 bonis
755 4760 1034 4831 discipulis
1063 4762 1176 4816 suis
1206 4776 1313 4817 non
1341 4762 1515 4818 solum
1561 4764 1680 4818 aliis
1708 4764 1919 4821 laudem
1950 4781 2056 4822 non

477 4858 739 4926 invident,
790 4858 885 4914 sed
911 4859 1189 4915 utilitatem
1214 4861 1293 4916 eis
1319 4863 1479 4917 etiam
1505 4863 1779 4932 profectus
1807 4876 2056 4932 exorant,

476 4949 577 5022 ipsi
607 4960 663 5006 et
690 4951 1004 5022 integroset
1029 4951 1267 5007 viventes
1295 4952 1430 5008 filios
1457 4955 1738 5025 recipiunt,
1763 4958 1975 5027 quando
2000 4938 2056 5014 in

472 5055 729 5114 supremo
747 5044 993 5100 examine
1010 5059 1077 5100 ex
1095 5058 1281 5101 eorum
1305 5046 1415 5101 vita
1449 5048 1702 5117 perlecta:
1748 5049 2059 5111 retributio-

547 5188 579 5251 ξι
617 5180 736 5237 Val.
765 5181 875 5246 CL,
899 5197 988 5251 per
1023 5192 1287 5238 doctorum
1313 5166 1489 5240 suam.

547 5249 577 5291 δ
616 5249 999 5323 ϐοττυριβ’ὶιι⁷
1025 5254 1205 5309 Germ.
1259 5256 1383 5310 etin
1409 5254 1512 5309 Ed.
1543 5265 1772 5323 recent.,
1815 5265 1923 5312 tttm
1951 5259 2057 5319 hoc
2098 5272 2101 5277 '

476 5322 619 5398 loco,
649 5333 761 5398 tum
789 5322 1163 5398 infra,_inim_ici
1184 5328 1307 5398 mei.
1360 5325 1415 5380 in
1448 5335 1594 5380 textu
1627 5322 1787 5381 llehr.
1830 5329 2054 5398 ejusque

476 5395 814 5469 versionibus
827 5395 1074 5469 omnibus
1094 5394 1287 5469 legitur
1307 5398 1374 5448 ad
1402 5398 1584 5469 ostium
1606 5398 1778 5463 amici,
1803 5394 2053 5469 velsocii,
2096 5440 2099 5449 .

476 5472 571 5519 aut
590 5465 805 5533 proximi
835 5463 949 5518 mei.
1000 5464 1141 5518 Idem
1191 5465 1414 5519 habetur
1444 5465 1496 5520 in
1527 5469 1727 5524 omnib.
1766 5468 1896 5524 Mss.
1932 5463 2053 5528 An;

514 5534 859 5614 lic.,nNorm_.,
892 5533 1086 5614 Lauda
1112 5535 1355 5614 Vin-doc?
1387 5534 1547 5614 corb.
1576 5538 1783 5605 ϐαι-ιιι..
1814 5539 2045 5614 Turon.,

526 5605 597 5658 al.
620 5604 699 5660 Cl.
725 5604 851 5659 etin
874 5614 978 5660 vet.
1012 5606 1111 5661 Ed.
1153 5604 1336 5660 lirari
1378 5609 1519 5661 subit
1549 5619 1651 5663 tam
1682 5604 1921 5667 crassum
1956 5604 2045 5670 eri

476 5691 655 5755 rorem
684 5675 763 5755 sic
791 5687 1134 5755 prOpagatum
1161 5678 1357 5755 fuisse,
1401 5691 1585 5755 contra
1606 5681 1858 5739 Codicum
1886 5685 2043 5755 Mss.,

478 5748 595 5802 sive
618 5746 676 5803 S.
698 5744 1007 5815 Scriptura,
1032 5750 1146 5803 sive
1176 5748 1452 5803 Moralium
1472 5752 1650 5808 tidem.

555 5817 713 5872 c'liic
730 5818 1004 5897 medemur
1032 5819 1339 5897 obscuritati
1371 5830 1569 5897 textus,
1624 5839 1851 5897 eumque
1898 5834 2046 5886 resti-

484 5888 678 5946 tuimus
726 5886 961 5944 adhibita
1014 5890 1359 5958 parenthesi,
1408 5901 1463 5949 et
1506 5894 1745 5952 detracta
1765 5886 2043 5966 'particula

2169 4792 2474 4846 pensamus.
2503 4775 2736 4829 Necdum
2762 4775 2902 4829 enim
2929 4776 2994 4831 ad
3027 4777 3419 4831 restrictionem
3460 4780 3637 4832 (aruis
3660 4794 3743 4833 re-

2166 4870 2353 4925 velata;
2374 4868 2559 4938 gratia!
2592 4866 2884 4922 districtior
2928 4883 3152 4923 censura
3204 4881 3573 4940 processerat,
3626 4885 3769 4939 quae.

2171 4978 2278 5017 non
2302 4959 2473 5015 solum
2499 4961 2761 5029 corporis,
2785 4960 2877 5014 sed
2900 4967 2953 5014 et
2975 4960 3150 5019 cordis
3176 4961 3442 5016 lasciviam
3467 4962 3743 5031 reprehen-

2120 5036 2121 5041 η
2167 5056 2271 5111 dit.
2304 5052 2545 5109 Necdum
2573 5052 2861 5108 multorum
2885 5053 3268 5110 continentium
3316 5056 3573 5111 castitatis
3605 5056 3741 5111 bona

2165 5197 2322 5266 quod,
2350 5202 2491 5259 ante,
2526 5203 2694 5248 tamen
2723 5194 3042 5265 plerumque,
3072 5212 3190 5266 quae
3220 5197 3451 5253 abundat
3475 5199 3526 5252 in
3557 5199 3738 5254 Germ.

2161 5269 2295 5351 eta
2349 5266 2539 5332 Edttis,
2585 5273 2640 5320 et
2684 5281 2803 5336 quas
2858 5276 3042 5323 contra
3096 5277 3217 5323 ext.
3276 5269 3403 5324 Mss.
3453 5270 3610 5325 fidem
3657 5283 3740 5326 est

2158 5339 2620 5465 adgitganavimus
2650 5408 2811 5464 etiam
2847 5408 2986 5466 hunc
3031 5412 3203 5465 locum
3238 5408 3289 5464 in
3317 5410 3522 5480 Germ.,
3573 5411 3734 5470 Corb-

2162 5479 2363 5554 Germ._
2393 5490 2449 5535 et
2495 5482 2759 5554 in__Editis
2808 5483 3307 5550 corruptissimum,
3356 5485 3587 5538 maxime
3636 5501 3740 5554 ope

2124 5590 2127 5595 ι
2161 5553 2292 5607 Mss.
2320 5551 2505 5607 Norm.
2556 5551 2766 5605 Nullum
2799 5567 2926 5608 sane
2969 5554 3263 5623 legitimum
3304 5569 3517 5609 sensum
3547 5551 3737 5611 extun-

2154 5624 2284 5697 dere
2331 5627 2599 5697 potuimus
2644 5636 2707 5676 ex
2763 5624 2848 5697 his
2884 5639 3011 5697 quae,
3031 5623 3284 5697 exhibent
3322 5624 3565 5695 Vulgati;
3596 5628 3735 5697 quod

2098 5734 2103 5739 η
2155 5696 2287 5748 enim
2314 5694 2587 5763 disjunctw
2610 5694 2771 5746 reatui
2799 5696 3062 5748 sententia:
3084 5695 3275 5761 subdit,
3319 5705 3424 5752 etc.
3467 5698 3509 5752 E
3552 5694 3735 5754 contra

2156 5774 2300 5836 patet
2327 5775 2524 5819 nostrae
2546 5766 2672 5836 lect.
2695 5767 3474 5836 sensus,scilicetlornicarios
3504 5780 3558 5824 et
3585 5771 3734 5825 adul-
3786 5780 3793 5783 ‘

2155 5834 2297 5894 teros
2322 5837 2374 5891 in
2402 5837 2574 5894 verbis
2600 5835 2844 5906 Apostoli
2875 5834 3147 5907 distingui.
