4066 6348
254 426 352 483 201

1040 425 1405 483 MORALIUM
1448 426 1577 480 LIB.
1621 423 1762 480 XXI.
1801 452 1872 465 —
1910 422 1978 479 IN
2019 419 2250 478 CAPUT
2286 417 2480 476 XXXI’
2502 417 2565 474 Β.
2604 416 2742 475 JOB.

256 539 508 597 imitanda
533 541 874 609 prodierant,
898 536 972 598 ἐι
1016 550 1192 599 tamen
1222 543 1406 598 beatus
1447 541 1549 597 Job
1591 540 1831 611 exempla
1857 542 2147 604 Aterram,
2202 533 2228 573 (³
2258 546 2307 590 et
2350 536 2606 591 nascentia
2650 535 2762 605 ejus
2808 530 2986 604 (Deut.
3010 543 3179 600 χχιιι,
3217 528 3332 601 22).
3379 528 3521 602 Ignis

256 638 700 707 munditite,qua:
734 654 841 695 non
880 649 1187 709 acceperat,
1244 639 1505 694 tradebat.
1563 640 1605 692 Α
1657 639 1838 693 multis

255 740 432 785 autem
460 745 603 785 nunc
626 730 788 786 etiam
812 741 930 801 post
957 732 1372 801 prohibitionem
1400 731 1494 789 Dei
1536 731 1712 785 carnis
1740 731 1840 784 im-

256 824 518 879 munditia
545 833 902 895 perpetrant.
958 825 1090 880 Hinc
1138 840 1266 895 ergo
1288 823 1641 896 colligendum
1673 833 1777 890 est,
1810 832 1836 861 ι

256 930 374 970 cum
398 926 543 971 tanta
575 916 730 984 culpa
759 933 901 972 nunc
927 918 1086 973 etiam
1120 929 1239 988 post
1268 926 1592 988 praeceptum
1618 918 1674 972 in
1719 932 1840 987 gra—

256 1010 410 1065 vibus
440 1010 796 1079 delinquitur,
851 1027 972 1068 cum
1002 1023 1200 1082 quanta
1231 1012 1383 1067 laude
1413 1021 1568 1066 antea
1596 1025 1627 1065 a
1663 1010 1841 1081 gravi-

257 1099 357 1160 bus
382 1104 769 1161 abstinebatur.
793 1105 894 1173 Qui
916 1107 961 1159 si
988 1106 1087 1162 hoc
1110 1122 1340 1188 ququam
1362 1104 1572 1171 fecerit,
1596 1105 1838 1162 eamdem

258 1199 476 1268 culpam
505 1199 644 1254 verti
671 1200 774 1254 sibi
803 1202 1007 1269 expetit
1036 1201 1086 1254 in
1113 1215 1346 1275 poenam,
1372 1199 1557 1255 dicens
1587 1217 1603 1250 :

871 1293 1094 1349 CAPUT
1119 1293 1230 1348 XII.

334 1385 498 1443 Vsus.
527 1387 617 1442 10.
645 1417 717 1430 --
740 1387 977 1443 Scortum
998 1386 1209 1443 alterius
1237 1390 1303 1443 sit
1329 1404 1458 1443 uxor
1487 1405 1622 1457 mea,
1652 1395 1700 1443 et
1746 1405 1840 1442 su-

261 1497 347 1549 per
374 1481 518 1535 illam
548 1481 871 1535 incurventur
891 1481 1004 1535 alii.
1540 1542 1549 1551 Ι

331 1571 417 1626 19.
460 1571 715 1647 Luxurias
744 1574 932 1626 crimen
979 1589 1134 1641 usque
1177 1573 1245 1626 ad
1291 1574 1628 1642 perditionem
1676 1582 1838 1640 vorat,

264 1680 532 1734 omnesque
551 1667 763 1719 virtutes
784 1666 1017 1719 destruit.
1047 1664 1212 1719 Nemo
1261 1665 1345 1718 hic
1382 1666 1492 1720 sine
1516 1674 1738 1736 peccato.
1774 1695 1844 1706 --

264 1754 333 1811 Et
354 1754 477 1827 quia
501 1758 811 1827 plerumque
843 1756 943 1811 hoc
990 1756 1130 1826 quod
1155 1754 1397 1812 faciendo
1431 1771 1535 1813 non
1558 1757 1844 1827 perpendi-

267 1864 385 1905 mus
409 1866 562 1920 quam
600 1866 763 1921 grave
812 1851 900 1915 sit,
951 1850 1206 1920 patiendo
1265 1864 1552 1920 pensamus
1599 1849 1841 1920 ejusdem

1940 631 2136 700 quippe
2169 636 2365 683 terram
2406 635 2565 697 atque
2615 626 2733 695 ejus
2780 621 3052 680 nascentia
3100 620 3367 690 comedit,
3392 636 3515 679 cum

1939 721 2104 777 libido
2130 735 2365 783 carnem,
2389 730 2548 789 atque
2574 733 2667 788 per
2696 716 2832 772 hanc
2861 716 3040 772 omnia
3064 717 3200 773 bene
3246 725 3364 771 acta
3392 731 3519 773 con-

1924 810 2121 866 ‘sumit.
2180 809 2312 865 Nam
2369 808 2623 878 quidquid
2648 807 2823 878 prodit
2848 823 2914 863 ex
2956 807 3106 879 fruge
3146 807 3523 877 rectitudinis,

1941 901 2044 957 hoc
2069 903 2321 957 nimirum
2340 909 2650 956 concremat
2700 896 2910 960 ﬂamma
2953 899 3335 969 corruptionis.
3369 897 3526 954 DiCat

1940 1009 2105 1065 ergo:
2139 992 2286 1063 Ignis
2314 1002 2388 1048 est
2414 974 2577 1063 usque
2619 993 2685 1044 ad
2743 991 3080 1060 perditionem
3134 993 3385 1046 devorans
3412 1032 3427 1056 ,
3479 999 3527 1045 et

1941 1089 2114 1144 omnia
2147 1087 2413 1142 eradicans
2442 1085 2722 1157 genimina,
2781 1082 2899 1153 quia
2925 1085 2970 1138 si
2997 1082 3359 1153 corruptionis
3385 1081 3529 1136 malo

1944 1197 2048 1239 non
2073 1182 2362 1246 resistitur,
2391 1188 2447 1236 et
2471 1160 2563 1234 illa
2593 1176 2966 1250 proculdubio
2993 1186 3216 1245 pereunt
3241 1193 3360 1248 qua:
3387 1177 3528 1231 bona

1945 1272 2279 1329 videbantur.
2294 1271 2401 1327 Sed
2425 1270 2601 1326 solent
2628 1268 2912 1325 nonnullos
2941 1268 3009 1323 ad
3027 1268 3378 1325 humilitatem
3402 1267 3528 1322 vitia

1940 1375 2208 1431 sternere,
2236 1375 2399 1436 atque
2428 1364 2494 1419 ad
2518 1372 2782 1419 tumorem
2809 1362 3004 1418 mentis
3036 1362 3263 1416 virtutes
3292 1362 3523 1416 elevare.

1943 1462 2091 1537 [γει.
2121 1461 2199 1534 1.]
2235 1459 2596 1528 Quaerendum
2626 1473 2753 1529 ergo
2780 1457 2934 1539 nobis
2962 1465 3064 1524 est,
3124 1471 3169 1510 st
3213 1456 3398 1511 beatus
3426 1453 3528 1511 Job

1943 1555 1997 1608 in
2054 1564 2200 1609 tanta
2260 1554 2522 1610 castitatis
2584 1550 2847 1607 munditia
2913 1550 3073 1605 etiam
3132 1547 3348 1604 humilis
3410 1546 3530 1603 fuit.

1942 1649 2049 1706 Sed
2076 1656 2293 1705 sanctus
2338 1648 2421 1702 vir
2442 1662 2563 1702 cum
2589 1646 2695 1700 alta
2723 1645 2978 1699 virtutum
3025 1650 3225 1708 teneat,
3272 1656 3431 1712 quam
3460 1640 3531 1698 de

1944 1756 2005 1797 se
2036 1741 2256 1797 humilia
2283 1739 2498 1805 sentiat,
2522 1746 2747 1807 repente
2774 1736 2967 1807 aperit,
2993 1749 3116 1791 cum
3145 1734 3454 1806 subjungit:

2545 1826 2773 1886 CAPUT
2795 1828 2930 1883 XIII.

248 1945 376 2005 qvim
402 1919 646 1999 facinoris
674 1944 814 2014 quod
837 1960 895 1999 se
914 1919 1047 2014 pati,
1077 1946 1121 1999 si
1156 1919 1281 2000 reus
1310 1944 1399 2012 sit,
1419 1943 1617 2000 debere
1639 1943 1844 1999 denun-

2020 1927 2183 1983 ths.
2216 1924 2380 1981 1⁸5.-
2400 1922 2463 1979 Si
2484 1919 2769 1989 contempsi
2786 1919 3046 1990 judicinm
3072 1919 3243 1973 subire
3257 1934 3374 1973 cum
3391 1934 3534 1976 servo

277 2036 746 2104 tiat,esprimendo
776 2036 1098 2102 manifestat,
1123 2035 1308 2091 dicens
1341 2052 1356 2089 :

352 2129 498 2186 Ven.
528 2130 825 2197 Η,12.-
874 2129 989 2185 Hoc
1038 2132 1172 2185 enim
1220 2130 1366 2199 nefas
1413 2139 1487 2185 est
1536 2124 1582 2183 εὶ
1602 2129 1844 2197 iniquitas

272 2223 521 2289 maxima;
570 2223 705 2293 ignis
729 2232 803 2278 est
833 2240 989 2291 usque
1016 2225 1084 2278 ad
1114 2222 1451 2292 perditionem
1479 2227 1744 2287 devorans,
1778 2216 1846 2275 ret

269 2317 436 2370 omnia
462 2315 731 2371 eradicans
754 2316 1026 2387 genimina.

334 2409 503 2481 638
537 2410 650 2465 Hoc
689 2410 829 2466 inter
859 2417 1135 2479 peccatum
1164 2410 1327 2466 distat
1352 2419 1406 2465 et
1432 2408 1669 2479 crimen',
1701 2409 1846 2479 quod

178 2506 181 2513 '
268 2514 425 2555 omne
452 2501 655 2557 crimen
686 2511 960 2571 peccatum
987 2511 1091 2569 est,
1131 2517 1238 2557 non
1271 2511 1448 2579 tamen
1479 2516 1639 2558 omne
1659 2516 1847 2571 pecca-

269 2602 380 2649 tum
403 2594 603 2649 crimen
632 2604 732 2649 est.
766 2595 837 2649 Et
857 2595 911 2650 in
942 2596 1040 2651 hac
1079 2596 1191 2649 vita
1236 2597 1386 2650 multi
1430 2596 1547 2650 sine
1599 2595 1844 2661 crimine,

268 2685 446 2741 nullus
475 2702 606 2742 vero
632 2702 751 2742 esse
773 2688 890 2742 sine
920 2689 1156 2756 peccatis
1185 2688 1344 2742 valet.
1388 2688 1536 2743 Unde
1564 2696 1619 2743 et
1656 2687 1849 2756 μνέεόὶ-

274 2790 428 2835 calor
451 2790 693 2848 sanctus,
719 2795 839 2835 cum
863 2782 1040 2835 virum
1069 2782 1285 2852 dignum
1315 2781 1479 2850 gratia
1528 2780 1850 2836 sacerdotali

271 2872 620 2938 describeret,
652 2884 986 2942 nequaquam
1016 2876 1148 2928 dixit
1180 2892 1192 2928 :
1231 2873 1287 2928 Si
1314 2873 1433 2943 quis
1453 2874 1571 2929 sine
1599 2882 1847 2942 peccato;

270 2964 387 3029 sed,
413 2964 474 3019 Si
502 2967 611 3034 quis
639 2968 749 3020 sine
771 2966 982 3019 crimine
1009 2975 1083 3020 est
1110 2965 1237 3038 (Tit.
1267 2982 1305 3032 ι,
1334 2966 1411 3036 6).
1440 2966 1568 3033 Quis
1582 2983 1712 3022 vero
1732 2982 1852 3022 esse

272 3059 389 3113 sine
413 3068 638 3128 peccato
685 3060 876 3126 valeat,
934 3075 1055 3115 cum
1083 3059 1319 3116 Joannes
1343 3060 1521 3115 dicat:
1575 3060 1639 3116 Si
1667 3062 1853 3116 dixeri-

274 3166 386 3204 tnus
412 3152 532 3220 quia
555 3161 813 3222 peccatum
842 3168 946 3205 non
1002 3150 1268 3219 habemus,
1317 3154 1649 3223 nosmetipsos
1702 3156 1853 3209 sedu-

274 3244 447 3308 cimus,
483 3253 529 3297 et
562 3244 741 3298 veritas
762 3246 818 3297 in
842 3244 983 3298 nobis
1012 3260 1114 3299 non
1142 3256 1214 3300 est
1242 3245 1293 3313 (Ι
1323 3245 1478 3300 Joan.
1504 3262 1544 3317 ι,
1564 3246 1641 3316 8).
1667 3246 1723 3303 In
1749 3263 1852 3318 qua

1948 2037 2062 2075 meo
2093 2030 2117 2059 °
2174 2029 2221 2075 et
2248 2018 2439 2073 ancilla
2466 2033 2601 2083 mea,
2628 2032 2743 2070 cum
2769 2014 3110 2073 disceptarent
3135 2013 3405 2067 adversum
3430 2030 3531 2069 me.

2015 2112 2108 2168 20.
2140 2112 2279 2167 Mira
2306 2109 2407 2165 Job
2427 2111 2481 2163 in
2506 2117 2647 2163 tanta
2682 2108 2799 2161 vitae
2826 2107 3121 2161 innocentia
3148 2107 3435 2161 humilitas.
3463 2136 3535 2148 —-

1946 2206 2045 2275 Qui
2074 2206 2217 2261 enim
2234 2204 2465 2275 judicari
2496 2218 2620 2258 cum
2651 2201 2827 2257 servis
2854 2200 3171 2270 ancillisque
3198 2217 3302 2255 non
3331 2202 3534 2268 renuit,

1946 2299 2147 2369 liquido
2170 2299 2370 2353 indicat
2387 2297 2530 2368 quod
2552 2305 2736 2352 contra
2755 2295 2957 2351 nullum
2979 2311 3209 2365 unquam
3229 2294 3531 2364 proximum

1947 2393 2165 2461 apudse
2195 2390 2429 2445 tumidus
2469 2389 2590 2446 fuit.
2635 2389 2780 2445 Inter
2806 2390 2921 2443 haec
2943 2398 3121 2444 autem
3152 2389 3283 2444 libet
3312 2388 3527 2455 intueri,

1948 2481 2111 2537 vitam
2133 2498 2283 2538 suam
2307 2483 2359 2537 in
2382 2481 2630 2538 omnibus
2654 2489 2853 2551 quanta
2873 2481 2955 2536 vir
2975 2492 3190 2536 sanctus
3211 2481 3537 2537 discretione

1949 2576 2255 2633 custodivit.
2285 2576 2399 2631 Non
2427 2575 2570 2631 enim
2599 2576 2757 2647 longe
2792 2574 3038 2645 superius
3062 2574 3198 2629 dixit
3229 2591 3241 2625 :
3282 2572 3537 2628 Videbant

1950 2686 2028 2723 me
2082 2671 2305 2737 iuvenes,
2348 2679 2399 2723 et
2428 2668 2889 2733 abscondebantur,
2927 2677 2975 2721 et
3030 2683 3173 2721 senes
3218 2678 3537 2738 assurgentes

1950 2764 2184 2828 stabant;
2210 2763 2463 2833 principes
2484 2761 2748 2815 cessabant
2778 2760 2936 2831 loqui,
2965 2769 3012 2814 et
3040 2760 3261 2831 digitum
3288 2775 3541 2829 superpo-

1951 2856 2135 2909 nebant
2155 2856 2229 2909 ori
2255 2872 2347 2908 suo
2360 2871 2378 2919 ;
2408 2870 2582 2908 vocem
2601 2869 2748 2907 suam
2772 2850 3070 2906 cohibebant
3094 2854 3269 2916 duces,
3292 2863 3338 2906 et
3360 2852 3541 2923 lingua

1951 2963 2128 3001 eorum
2156 2946 2351 3016 gutturi
2379 2962 2471 2999 suo
2515 2944 2828 2999 adhwrebat.
2880 2943 3035 3015 (Reg.
3063 2941 3162 3014 X.]
3212 2942 3362 2999 Nunc
3409 2959 3540 3000 vero

1952 3038 2065 3095 ait:
2100 3037 2160 3095 Si
2190 3039 2474 3106 contempsi
2513 3037 2773 3107 judicium
2820 3036 2989 3090 subire
3016 3053 3132 3090 cum
3158 3052 3303 3091 servo
3340 3054 3451 3092 meo
3494 3047 3544 3093 et

1951 3131 2145 3203 ancilla
2176 3148 2309 3199 mea,
2367 3147 2483 3185 cum
2531 3131 2702 3203 689
2748 3130 3087 3202 disceptarent
3128 3132 3401 3187 adversum
3440 3150 3541 3190 me.

1953 3227 2087 3294 Quis
2116 3227 2274 3297 digne
2305 3227 2652 3283 considerare
2682 3226 2859 3282 valeat
2895 3225 3055 3296 hujus
3082 3227 3185 3282 viri
3215 3237 3323 3282 tam
3370 3227 3542 3285 subli-

272 3335 521 3391 videlicet
547 3350 882 3405 peccatorum
926 3346 981 3392 et
1008 3338 1292 3392 criminum
1324 3338 1672 3395 distinctione
1713 3356 1846 3410 pen-

1954 3321 2058 3375 mia
2084 3321 2339 3377 virtutum
2357 3321 2759 3377 moderamina?
2781 3320 2836 3375 In
2860 3335 2965 3390 quo
2985 3329 3132 3375 tanta
3145 3330 3228 3376 est
3249 3323 3546 3381 auctoritas

275 3427 498 3482 sandum
522 3437 605 3483 est
630 3430 752 3499 quia
776 3429 1026 3485 nonnulla
1054 3441 1273 3500 peccata
1298 3432 1530 3487 animam
1580 3432 1851 3502 polluunt,

274 3522 297 3559 δ
324 3537 485 3591 quam
506 3525 729 3578 crimina
750 3525 1113 3596 esstinguunt.
1140 3524 1293 3582 Unde
1314 3526 1503 3582 beatus
1525 3527 1626 3581 Job
1649 3528 1852 3583 crimen

275 3615 496 3670 luxuria:
526 3615 807 3680 deﬁniens,
830 3618 934 3674 ait:
969 3617 1114 3689 Ignis
1137 3630 1211 3674 est
1240 3636 1399 3691 usque
1420 3622 1490 3672 ad
1520 3622 1854 3690 perditionem

276 3707 545 3772 devorans,
592 3707 713 3777 quia
754 3708 1003 3764 nimirum
1034 3722 1216 3765 reatus
1242 3710 1399 3780 hujus
1442 3710 1695 3767 facinoris
1746 3728 1851 3769 non

277 3801 447 3857 solum
480 3816 649 3870 usque
679 3802 746 3856 ad
794 3802 1215 3872 inquiuationent
1261 3804 1515 3870 maculat,
1542 3804 1636 3859 sed
1683 3794 1873 3875 usque.

278 3892 341 3948 ad
362 3893 717 3962 perditionem
740 3904 910 3949 vorat.
968 3894 1033 3950 Et
1051 3898 1173 3963 quia
1207 3897 1498 3965 quamlibet
1522 3896 1627 3952 alia
1659 3897 1856 3953 fuerint

279 3985 420 4042 bona
449 4001 633 4055 opera,
657 3988 703 4042 si
729 3986 952 4043 luxuriat
980 3990 1160 4044 scelus
1189 4004 1297 4044 non
1329 3989 1591 4055 abluitur,
1635 3990 1858 4046 immen-

280 4079 437 4134 sitate
464 4079 621 4147 hujus
665 4080 905 4135 criminis
934 4081 1255 4149 obruuntur,
1310 4090 1524 4138 secutus
1564 4083 1849 4153 adjunsit:

280 4171 350 4225 Et
373 4173 548 4226 omnia
569 4172 839 4228 eradi‘cans
863 4175 1145 4245 genimina.
1198 4172 1479 4231 Genintina
1511 4178 1710 4247 quippe
1735 4188 1855 4235 sunt

283 4265 476 4320 anima:
504 4266 844 4335 operationes
872 4267 1045 4321 bona}.
1070 4265 1169 4322 Cui
1192 4276 1372 4323 tamen
1400 4270 1447 4323 si
1487 4283 1739 4337 perverso
1766 4286 1861 4325 or-

281 4357 406 4413 dine
434 4373 562 4413 caro
589 4358 915 4425 dominatur,
958 4360 1079 4428 igne
1108 4361 1330 4415 luxuriae
1358 4362 1538 4416 omnia
1566 4364 1705 4419 bene
1732 4379 1857 4434 pro-

1960 3415 2255 3485 regiminis,
2289 3414 2424 3470 utad
2456 3415 2725 3470 silentium
2756 3415 3148 3485 restringantur
3175 3414 3343 3471 duces
3366 3424 3544 3473 :tanta

1956 3508 2228 3564 humilitas
2244 3508 2442 3576 cordis,
2459 3516 2518 3563 ut
2533 3524 2597 3564 ex
2610 3524 2763 3578 atquo
2779 3508 2843 3561 ad
2853 3507 3111 3577 judicium
3131 3510 3311 3575 venire
3327 3510 3549 3579 permit-

1956 3608 2135 3655 tantur
2162 3600 2391 3655 ancillae.
2431 3597 2573 3654 Ecce
2601 3608 2823 3667 apparet
2852 3597 2991 3653 miro
3019 3594 3181 3653 modo
3211 3600 3265 3653 in
3283 3608 3549 3668 potestate

1956 3691 2286 3761 principibus
2313 3689 2334 3729 ί
2356 3691 2551 3760 potior,
2585 3690 2638 3745 in
2665 3689 2959 3761 certamine
2991 3692 3162 3745 servis
3178 3691 3440 3762 aequalis;
3483 3692 3543 3747 in

1956 3798 2100 3844 ctetu
2118 3776 2414 3856 principum
2446 3800 2654 3841 memor
2674 3784 2972 3855 regiminis,
2998 3785 3053 3840 in
3067 3785 3359 3842 certamine
3372 3786 3547 3843 iamu-

1959 3881 2133 3937 Iorum
2161 3895 2368 3935 memor
2388 3877 3030 3949 conditionis.Sequippe
3050 3880 3151 3935 sub
3177 3895 3304 3936 vero
3330 3880 3552 3939 domino
3646 3950 3653 3955 ι

1960 3976 2217 4031 famulum
2242 3974 2519 4044 conspicit,
2539 3973 2767 4045 ideoque
2783 3973 2963 4029 cordis
2988 3973 3277 4031 altitudine
3304 3991 3366 4032 se
3386 3991 3549 4048 super

1961 4068 2185 4124 famulos
2214 4083 2319 4124 non
2340 4066 2568 4124 extollit.
2592 4066 2745 4123 Unde
2771 4075 2826 4124 et
2855 4067 3097 4136 protinus
3119 4067 3339 4125 subdit:

2552 4180 2782 4238 CAPUT
2819 4179 2960 4235 XIV.

2036 4275 2202 4332 Vens.
2236 4274 2325 4328 M.
2350 4303 2421 4315 —
2443 4273 2583 4340 Quid
2610 4272 2744 4327 enim
2766 4273 2961 4341 faciam
2989 4287 3107 4325 cum
3161 4273 3438 4329 surrexerit
3484 4274 3555 4329 ad

1954 4370 2303 4442 judicandum
2343 4368 2524 4423 Deus?
2580 4375 2629 4421 et
2675 4383 2791 4421 cum
2832 4366 3120 4437 quaesierit,
3165 4368 3291 4437 quid
3342 4383 3555 4439 respon-

281 4444 389 4506 Iata
422 4462 849 4507 concremantur.
897 4451 1050 4506 Nulla
1081 4454 1274 4523 quippe
1302 4465 1428 4508 ante
1470 4455 1855 4525 omnipotentis
1928 4526 1933 4541 ,
1963 4462 2090 4518 debo
2115 4462 2228 4517 illi?

282 4544 383 4601 Dei
412 4546 599 4601 oculos
619 4546 838 4617 justitim
864 4546 1181 4617 pietatisque
1209 4557 1335 4601 sunt
1359 4562 1521 4617 Opera
1547 4589 1562 4616 ,
1592 4564 1713 4619 quae
1740 4565 1861 4605 cor-

282 4641 548 4710 ruptionis
567 4645 812 4713 contagio
841 4651 1205 4697 monstrantur
1233 4641 1531 4697 immunda.
1555 4644 1693 4712 Quid
1714 4645 1859 4701 enim

2035 4554 2126 4609 21.
2162 4552 2264 4618 Qui
2294 4551 2414 4606 aliis
2444 4561 2694 4620 praesunt,
2716 4548 2828 4604 Dea
2850 4565 2904 4604 se
2922 4550 3126 4605 subesse
3147 4567 3347 4618 semper
3366 4560 3538 4609 atten-

1968 4648 2112 4703 dant.
2138 4674 2211 4688 -—
2234 4644 2339 4712 Qui
2365 4652 2643 4699 venturum
2666 4641 2902 4711 judicem
2929 4645 3163 4712 cogitat,
3186 4642 3559 4702 indesinenter

281 4735 508 4806 prodest
530 4735 575 4790 si
606 4736 691 4804 pie
711 4750 987 4807 quisquam
1042 4735 1345 4790 necessitati
1389 4736 1711 4805 compatitur
1743 4753 1863 4806 pro-
1891 4723 1948 4787 1)
1972 4736 2212 4810 quotidie
2252 4735 2519 4791 rationum
2548 4748 2767 4789 suarum
2797 4734 2853 4787 in
2897 4734 3088 4789 melius
3133 4748 3326 4790 causas
3368 4747 3549 4803 parat;

282 4827 436 4894 ximi,
470 4827 682 4899 quando
704 4828 864 4899 impie
904 4838 927 4867 ο
955 4828 1300 4897 semetipsum
1328 4825 1553 4883 destruit
1584 4827 1866 4884 habitatio-

283 4939 413 4981 nem
446 4922 577 4978 Dei?
632 4922 687 4979 Si
742 4936 870 4993 ergo
912 4936 1005 4990 per
1051 4920 1231 4976 ccrdis
1281 4917 1589 4974 munditiam
1631 4920 1867 4977 libidinis

285 5018 503 5073 ﬂamma
532 5033 637 5073 non
663 5016 1037 5086 exstinguitur,
1071 5015 1338 5071 incassum
1360 5014 1612 5085 quaelibet
1641 5017 1867 5072 virtutes

286 5112 557 5175 oriuntur,
583 5109 719 5165 sicut
748 5124 844 5177 per
867 5107 1082 5179 Moysen
1108 5106 1303 5161 dicitur
1334 5122 1350 5160 :
1405 5104 1552 5176 Ignis
1590 5110 1776 5163 exarsit
1804 5108 1868 5162 ab

284 5203 372 5258 ira
402 5218 535 5270 mea,
563 5211 610 5256 et
637 5202 834 5256 ardebit
859 5199 1099 5268 usquead
1120 5200 1313 5254 inferos
1342 5198 1616 5267 deorsum;
1645 5203 1868 5258 comedet

374 5351 400 5380 ι
433 5339 625 5405 Laud.,
650 5340 765 5395 Val.
789 5338 873 5395 CI.
899 5337 1151 5392 etNorm.
1171 5340 1250 5393 sic
1278 5339 1501 5402 habent;
1526 5347 1580 5392 at
1603 5339 1655 5393 in
1672 5339 1882 5405 Germ.,

299 5413 468 5469 Corh.
503 5411 683 5467 Germ.
708 5420 761 5466 et
791 5412 842 5465 in
868 5410 1037 5464 Editis
1058 5409 1250 5479 legitur
1275 5428 1287 5464 :
1315 5424 1431 5463 cum
1451 5419 1645 5481 quanta
1664 5411 1881 5481 culpa...

303 5502 421 5540 cum
443 5493 605 5544 tanta,
631 5494 735 5537 θιρ.

378 5554 405 5595 δ
449 5556 654 5619 Germ.,
689 5553 879 5619 Laud.,
910 5551 1072 5608 Corb.
1095 5553 1536 5620 Germ.,VaLCI.
1566 5565 1619 5611 et
1648 5553 1886 5625 plerique

302 5627 517 5687 Norrn.,
545 5641 664 5678 nam
684 5625 895 5678 crimina
925 5626 1271 5694 exstinguuut.

387 5709 411 5738 ο
452 5698 506 5752 1η
536 5697 696 5750 Corb.
729 5695 935 5761 Germ.,

306 5912 541 5969 destruit.

666 6003 938 6067 Panos.
983 6002 1269 6069 LXXVI.

978 5697 1384 5784 prima-manu,
1432 5696 1655 5784 Tum},
1690 5696 1883 5764 Laud.,

307 5769 521 5834 Germ.,
566 5766 776 5833 Norm.,
822 5777 951 5837 etc.,
978 5768 1045 5820 ita
1092 5769 1304 5837 legitur,
1345 5770 1502 5822 Corb.
1557 5768 1765 5836 Germ.,
1798 5784 1885 5824 se-

307 5842 487 5897 cunda
532 5851 697 5895 manu
748 5845 804 5893 et
858 5836 1099 5909 Vulgatis
1146 5836 1475 5897 habentibus
1520 5840 1576 5894 in
1622 5841 1887 5910 semetipso

1984 4840 2011 4879 s
2034 4830 2126 4899 qui
2173 4836 2431 4883 aeternum
2463 4826 2746 4881 Dominum
2798 4836 3028 4885 tremore
3074 4816 3579 4894 cordis'intuetur;

1973 4926 2094 4997 jura
2144 4924 2451 4995 temporalis
2492 4921 2714 4977 dominii
2761 4936 2925 4992 super
2968 4923 3240 4995 subjectos
3283 4925 3561 4982 moderari

1977 5016 2338 5088 compellitur.
2365 5014 2659 5085 Perpendit
2684 5014 2831 5069 enim
2860 5014 2937 5070 nil
2960 5030 3081 5072 esse
3109 5015 3251 5086 quod
3293 5026 3562 5089 tempora—

1980 5112 2104 5168 liter
2124 5118 2320 5182 praeest
2338 5109 2570 5174 caneris,
2599 5107 2811 5177 quando
2837 5107 2916 5163 illi
2937 5108 3005 5163 ad
3031 5108 3363 5164 reddendam
3387 5110 3556 5165 ratio-

1982 5219 2107 5262 nem
2133 5202 2319 5259 subest
2346 5202 2436 5272 qui
2464 5202 2584 5257 sine
2612 5200 2719 5256 line
2762 5199 3089 5256 dominatur.
3140 5200 3295 5269 Saepe
3325 5216 3557 5271 namque

2058 5339 2084 5378 ά
2124 5339 2289 5422 Cori).
2322 5336 2501 5395 Germ.
2526 5347 2580 5393 et
2600 5335 2795 5406 Laud.,
2827 5344 2875 5392 et
2905 5335 3213 5402 nascentias,
3255 5335 3396 5405 quod
3426 5334 3564 5391 infra

1987 5422 2287 5560 ηιξαὺᾞξί,
2322 5484 2501 5560 iteca“
2527 5479 2761 5560 Gemet.,
2793 5491 2839 5535 et
2866 5479 3067 5534 ancillis
3086 5477 3246 5560 meis;
3298 5486 3459 5547 atque
3489 5478 3565 5535 ita
3595 5467 3605 5541 λ

1990 5570 2205 5622 semper
2233 5555 2427 5624 legitur
2447 5556 2499 5609 in
2529 5552 2688 5619 hujus
2709 5561 2889 5605 textus
2922 5552 3320 5605 retractatione.

2063 5622 2083 5663 ί
2114 5625 2305 5679 Lautl..
2338 5627 2498 5679 Corb.
2527 5625 2732 5679 Germ.,
2770 5621 2882 5674 Val.
2913 5618 2994 5674 Cl.
3015 5618 3260 5679 .-Turon.
3297 5621 3503 5677 Vindoc

2065 5641 2079 5663 ι
2114 5641 2305 5688 Laud.,
2338 5641 2498 5679 norb.
2527 5641 2732 5685 uenti,
2776 5641 2882 5674 vat.
2913 5641 2994 5674 ω.
3015 5641 3260 5682 ,.1uron.
3306 5641 3524 5678 vutuoc.
3546 5664 3562 5687 ,

1989 5696 2204 5761 Norm.,
2239 5696 2309 5749 ita
2336 5698 2568 5757 habent;
2622 5692 2772 5760 cujus
2801 5691 2951 5745 vocis
2994 5691 3111 5744 loco
3141 5690 3353 5762 legitur,
3384 5693 3567 5749 Domi-

1996 5785 2092 5823 nus
2113 5767 2388 5835 potentior,
2415 5770 2467 5821 in
2490 5766 2671 5820 Germ.
2702 5770 2757 5816 et
2778 5761 3035 5835 Vulgatis.

2065 5849 2090 5886 8
2113 5834 2281 5901 ’Etliti,
2312 5840 2433 5907 quia
2461 5838 2584 5890 dum
2606 5846 2870 5907 wter_num.
2899 5834 3187 5905 Sequimur
3206 5836 3333 5905 Mss,
3355 5836 3567 5903 Germ.,

1994 5910 2111 5964 V'al.
2140 5911 2244 5977 CL,
2275 5904 2478 5977 Nurum,
2509 5907 2665 5966 Corb.
2703 5904 2909 5975 Germ.,
2932 5904 3035 5964 etc.

3091 5997 3132 6056 7
