4024 6352
498 289 604 347 905

1687 291 1931 349 SANCTI
1968 289 2298 350 casconu
2337 244 2550 347 uacui

3656 286 3764 345 204

491 398 801 457 transitoria
838 408 1073 470 potestas
1124 402 1356 457 animum
1401 415 1494 471 per
1542 402 1765 473 abrupta
1813 405 2064 461 elationis
2091 406 2147 468 Α
2168 409 2377 473 petunt,
2411 401 2508 457 sed
2532 399 2745 471 quando
2770 399 2838 456 ab
2860 400 3062 456 eisdem
3084 399 3313 457 subditis
3342 400 3509 458 Deum
3537 400 3762 458 minime

409 544 414 553 ,
489 492 646 563 rapit.
689 484 767 550 .Et
809 484 932 563 quia
974 508 1039 569 eo
1086 494 1309 563 quisque
1338 492 1639 563 extollitur,
1688 511 1795 565 quo
1846 509 1909 557 se
1950 510 2071 553 esse

486 598 648 656 super
667 584 875 656 aliquos
904 582 1079 653 videt‘,
1110 586 1255 642 illum
1301 594 1509 658 oportet
1539 591 1628 658 qui
1660 605 1823 659 super
1879 605 1939 647 se
1986 600 2069 646 est

486 689 700 747 semper
745 675 981 747 aspiciat,
1019 688 1076 732 ut
1104 677 1219 748 ejus
1246 689 1391 735 metu
1434 679 1523 750 qui
1555 694 1715 751 supra
1752 682 1931 737 omnia
1986 691 2069 737 est

402 757 409 778 ³
484 777 815 827 crescentem
843 770 1162 827 intrinsecus
1188 771 1354 827 anitui
1377 782 1637 829 tumorem
1669 784 1897 843 premat.
1929 781 1956 811 α
1978 770 2087 830 ιη-’

396 882 411 925 ς
485 867 666 919 tuetur
692 860 837 918 enim
886 862 977 932 qui
1007 863 1107 917 sub
1137 864 1254 933 ipso
1283 865 1425 931 sint,
1470 864 1565 920 sed
1612 864 1920 921 consideret
1970 865 2068 921 sub

390 948 411 959 λ
484 968 591 1026 quo
639 955 753 1023 ipse
808 954 912 1024 sit,
972 964 1029 1012 ut
1055 972 1122 1013 ex
1175 960 1605 1014 consideratione
1662 945 1797 1016 veri.
1826 960 2063 1029 domini,

492 1048 769 1106 decrescat
813 1058 988 1107 tumor
1032 1051 1183 1108 falsae
1224 1052 1625 1110 dominationis.
1677 1054 1831 1110 Unde
1875 1054 2065 1111 beatus

484 1139 609 1209 Job,
641 1142 765 1213 quia
785 1142 902 1214 ejus
924 1143 1185 1215 judicium
1212 1144 1299 1216 qui
1326 1159 1485 1215 super
1509 1145 1689 1201 omnia
1710 1154 1792 1201 est
1839 1146 2060 1213 metuit,

479 1235 570 1293 hic
615 1236 683 1291 ad
712 1238 1009 1306 temporale
1050 1236 1309 1307 judicium
1355 1236 1567 1293 famulis
1612 1238 1833 1308 aequalis
1881 1238 2061 1309 venit,

480 1331 664 1388 dicens
686 1348 705 1385 :
733 1330 797 1386 Si
820 1334 1099 1399 contempsi
1140 1331 1397 1403 judicium
1424 1330 1595 1386 subire
1623 1347 1738 1385 cum
1767 1347 1908 1386 servo
1952 1347 2065 1386 meo

478 1433 527 1479 et
548 1424 738 1479 ancilla
767 1440 908 1489 mea,
960 1428 1075 1477 cum
1118 1424 1459 1493 disceptarent
1490 1423 1762 1477 adversum
1792 1436 1890 1477 me.
1927 1422 2064 1491 Quid

478 1514 612 1569 enim
639 1514 828 1584 faciam
859 1530 977 1568 cum
1012 1515 1289 1573 surrexerit
1319 1516 1385 1567 ad
1409 1512 1758 1586 judicanduni
1806 1514 1987 1569 Deus?
2016 1526 2063 1569 et

479 1621 595 1660 cum
618 1606 895 1675 qutesierit,
944 1604 1068 1677 quid
1095 1606 1407 1677 respondebo
1450 1606 1570 1660 illi?
1622 1607 1720 1672 Qui
1753 1617 1809 1660 ut
1853 1622 2064 1676 semper

478 1716 574 1758 eor
612 1702 668 1757 in
697 1688 1001 1757 humilitate
1044 1704 1345 1772 deprimat,
1391 1719 1723 1775 nequaquam
1752 1706 1811 1759 in
1859 1705 2060 1762 eisdem

2174 494 2350 549 timeri
2380 490 2821 563 deprehendunt,
2852 500 2911 547 ut
2951 491 3183 549 humana
3230 491 3420 548 saltem
3468 489 3759 551 formidine

2173 600 2396 657 peccare
2461 594 2736 655 metuant;
2795 584 2887 657 qui
2943 584 3119 641 divina
3159 584 3363 656 judicia
3416 599 3523 641 non
3572 584 3759 641 formi-

2170 679 2317 736 dant.
2378 678 2719 750 Nequaquam
2768 693 2896 749 ergo
2947 680 3221 749 praepositi
3271 691 3339 734 ex
3374 678 3479 733 hoc
3531 687 3762 749 quaesito

2172 777 2364 832 timore
2391 774 2739 847 superbiunt,
2792 774 2847 829 in
2891 789 2995 844 quo
3036 788 3143 829 non
3174 786 3324 829 suam
3355 770 3615 844 gloriam,
3660 772 3758 828 sed

2169 868 2501 926 subditorum
2539 868 2801 939 justitiam
2831 874 3095 937 quaerunt.
3125 865 3183 922 ln
3213 880 3278 922 eo
3303 865 3444 921 enim
3471 864 3610 937 quod
3643 880 3756 922 tne-

2170 969 2280 1016 tum
2309 960 2408 1016 sibi
2437 976 2468 1014 a
2498 975 2748 1030 perverse
2777 959 3081 1015 viventibus
3119 960 3360 1031 exigunt,
3411 959 3562 1030 quasi
3592 974 3621 1013 a
3650 973 3757 1013 non

2170 1040 2505 1118 hominibus,
2535 1052 2628 1108 sed
2673 1051 2847 1108 brutis
2872 1051 3194 1108 animalibus
3223 1051 3568 1109 dominantur
3587 1092 3604 1118 ,
3635 1049 3761 1121 quia

2170 1142 2413 1199 videlicet
2440 1158 2506 1198 ex
2535 1158 2638 1214 qua
2688 1153 2836 1213 parte
2863 1141 3114 1199 bestiales
3144 1152 3269 1198 sunt
3303 1142 3541 1209 subditi,
3572 1156 3640 1199 ex
3690 1155 3756 1197 ea

2167 1238 2324 1290 etiam
2355 1237 2551 1291 debent
2578 1235 2852 1311 formidini
2878 1232 3059 1307 jacere
3083 1237 3363 1292 substrati.

2235 1328 2325 1383 24.
2361 1328 2524 1383 Nulla
2553 1339 2760 1400 cogente
2794 1328 2902 1382 vitii
2943 1328 3235 1399 corrigendi
3259 1325 3584 1395 necessitate,
3615 1340 3756 1396 pra:-

2169 1422 2258 1476 lati
2285 1423 2448 1476 metui
2476 1406 2755 1493 refugiant,
2790 1430 2836 1474 et
2860 1412 3027 1490 pluris
3054 1420 3320 1474 wstimari.
3375 1446 3447 1459 --
3465 1415 3596 1473 Cum
3626 1431 3763 1473 vero

2166 1515 2317 1570 deest
2366 1516 2554 1569 vitium
2604 1515 2747 1584 quod
2776 1515 3092 1584 corrigatur,
3144 1527 3247 1567 non
3306 1511 3377 1568 de
3434 1510 3754 1567 excellentia

2167 1610 2463 1679 potestatis,
2498 1609 2593 1665 aed
2621 1610 2690 1664 de
2733 1609 3035 1678 aequalitate
3061 1608 3385 1663 conditionis
3409 1607 3667 1681 gaudent;
3701 1615 3760 1663 et

2167 1716 2273 1757 non
2295 1700 2466 1757 solum
2497 1702 2565 1757 ab
2592 1702 2671 1757 eis
2702 1703 2889 1767 metui,
2914 1700 3011 1756 sed
3044 1701 3204 1755 etiam
3238 1702 3357 1770 plus
3377 1716 3535 1771 quam
3564 1713 3759 1759 neces-

477 1792 692 1850 famulis
711 1796 1149 1866 conspicit,quud
1172 1796 1272 1852 sibi
1292 1805 1461 1853 status
1482 1807 1564 1853 est
1578 1798 1780 1870 dispar,
1797 1800 1891 1855 sed
1920 1797 2060 1868 quod
2092 1808 2142 1871 Β
2166 1808 2225 1849 se
2256 1802 2340 1850 est
2369 1793 2627 1849 honorari
2664 1792 2956 1863 refugiunt.
2987 1791 3173 1862 Neque
3202 1795 3345 1847 enim
3378 1792 3496 1848 leve
3524 1808 3584 1848 se
3622 1806 3752 1864 per-

478 1895 666 1943 natura
691 1888 1012 1942 communis.
1047 1886 1197 1955 Unde
1220 1889 1382 1943 etiam
1413 1888 1624 1944 subdit:

900 1978 1131 2036 CAPUT
1168 1978 1260 2036 xv
1303 1981 1451 2054 (Yet.
1494 1979 1633 2054 ιη.

547 2071 709 2131 Vlns.
745 2074 835 2130 15.
865 2104 936 2115 -
982 2073 1233 2141 Nunquid
1254 2091 1356 2129 non
1383 2076 1438 2129 in
1470 2086 1610 2133 utero
1632 2078 1751 2147 fecit
1769 2093 1879 2143 me,
1900 2079 1987 2146 qui
2012 2090 2061 2133 et

478 2166 627 2223 illum
654 2175 896 2237 operatus
925 2176 1021 2233 est,
1047 2176 1093 2233 et
1116 2167 1351 2237 formavit
1376 2168 1431 2220 in
1453 2168 1603 2221 vulva
1629 2185 1760 2221 unus
1777 2170 1803 2222 ?
2006 2158 2009 2163 ί

544 2257 637 2312 22.
663 2256 895 2329 Cogitant
914 2256 1259 2327 (equalitatem
1273 2258 1579 2312 conditionis
1594 2298 1610 2323 ,
1634 2275 1735 2312 non
1760 2268 2060 2329 potestatem

479 2348 721 2406 ordinis?
752 2358 797 2403 et
822 2346 939 2419 plus
965 2350 1204 2420 prodesse
1228 2366 1383 2419 quam
1414 2366 1631 2421 praeesse
1658 2350 1914 2405 studeant.
1993 2381 2061 2390 —

476 2440 791 2497 Potentibus
822 2441 951 2496 viris
982 2455 1172 2511 magna
1203 2452 1285 2496 est
1318 2444 1485 2497 virtus
1510 2442 1848 2508 humilitatis,
1882 2444 2059 2498 consi—

476 2535 658 2592 derata
686 2535 959 2607 azqualitas
999 2534 1338 2590 conditionis.
1389 2534 1588 2591 Omnes
1618 2552 1849 2605 namque
1881 2535 2058 2590 homi-

476 2647 574 2688 nes
603 2641 799 2695 natura,
819 2628 1053 2698 aequales
1078 2644 1297 2696 sumus;
1345 2629 1440 2685 sed
1471 2629 1696 2685 accessit
1725 2631 2060 2698 dispensatu-

476 2725 556 2781 rio
579 2724 788 2787 ordine,
821 2735 876 2777 ut
904 2722 1222 2788 quibusdam
1252 2723 1453 2791 praelati
1486 2724 1782 2779 videamur.
1813 2723 1869 2781 Si
1900 2723 2060 2795 igitur

474 2816 580 2873 hoc
606 2830 638 2870 a
672 2826 853 2870 mente
898 2815 1247 2883 deprimimus
1295 2815 1435 2883 quod
1478 2815 1846 2882 temporaliter
1878 2831 2062 2871 acces-

447 2908 567 2973 'sit,
598 2905 903 2963 invenimus
949 2904 1110 2961 citius
1151 2905 1293 2977 quod
1340 2908 1654 2962 naturaliter
1699 2923 1906 2962 sumus.
1940 2907 2059 2963 Ple-

474 3014 703 3071 rumque
727 2998 870 3054 enim
892 3014 952 3054 se
975 3000 1154 3054 animo
1173 3009 1390 3067 accepta
1420 3008 1656 3065 potestas
1679 3000 1885 3070 objicit,
1912 3016 2062 3054 eum-

474 3107 578 3164 que
607 3089 829 3147 tumidis
856 3091 1265 3162 cogitationibus
1295 3092 1443 3146 fallit.
1476 3091 1630 3147 Manu
1660 3109 1789 3165 ergo
1821 3093 2060 3149 humilli-

474 3198 580 3241 ma:
608 3182 1048 3239 considerationis
1069 3182 1449 3241 deprimendus
1477 3198 1557 3239 eat
1591 3194 1767 3241 tumor
1784 3187 2050 3241 elationis.

1140 3198 1449 3253 pnmenaus
1477 3198 1557 3239 εει
1591 3198 1767 3241 mmor
1784 3198 2050 3241 θιῃιιυηιε,
2085 3198 2129 3263 C
2165 3198 2384 3235 manu,
2421 3198 2550 3235 λιιι,
2570 3198 2647 3242 υ).
2676 3198 2811 3228 null;
2839 3198 3095 3244 propuctu
3124 3219 3138 3242 ,
3160 3198 3280 3231 cum
3303 3198 3370 3232 aa
3400 3198 3628 3235 vraenua
3660 3198 3754 3237 su-

1140 3290 1233 3329 ;am
1264 3290 1415 3330 mens
1454 3277 1731 3331 descendi;
1759 3278 1826 3334 de
1855 3280 2057 3333 νειηιίρθ
2106 3278 2111 3279 ί
2163 3263 2344 3318 blimia
2374 3266 2598 3333 rapitur,
2624 3264 2766 3320 filius
2789 3268 3018 3321 hominis
3037 3280 3252 3324 vocatur
3280 3269 3459 3342 (Esse.
3483 3287 3561 3339 nt,
3582 3273 3660 3343 i),
3696 3284 3754 3331 ut

477 3270 533 3332 Si
558 3270 702 3330 enim
725 3274 866 3345 apud
892 3276 1233 3345 semetipsam
1264 3290 1415 3330 mens
1454 3277 1731 3331 descendit
1759 3278 1826 3334 de
1855 3280 2057 3333 vertice

477 3364 750 3441 culminis,
780 3368 936 3424 citius
963 3368 1241 3439 planitiem
1272 3368 1479 3424 invenit
1500 3371 1756 3425 naturalis
1788 3371 2060 3441 mqualita-

478 3464 570 3520 tis.
602 3456 734 3518 Nam
755 3505 771 3529 ,
805 3470 865 3517 ut
909 3460 1115 3533 praefati
1144 3476 1327 3516 sumus
1346 3502 1362 3527 ,
1392 3476 1581 3516 omnes
1609 3456 1853 3518 homines
1877 3472 2060 3518 natura

480 3546 713 3628 aequales
737 3554 943 3627 genuit,
973 3553 1068 3611 sed
1099 3548 1337 3610 variante
1355 3556 1668 3612 meritorum
1689 3555 1900 3621 ordine,
1927 3559 2059 3614 alios

481 3648 601 3706 aliis
627 3649 958 3720 dispensatio
984 3647 1190 3703 occulta
1221 3651 1507 3719 postponit.
1543 3649 1658 3719 Ipsa
1684 3660 1859 3705 autem
1883 3651 2060 3706 diver-

476 3734 633 3807 sitas,
663 3757 782 3811 qua:
805 3740 1029 3795 accessit
1056 3755 1119 3793 ex
1151 3741 1303 3803 vitio,
1336 3750 1481 3796 recte
1513 3753 1594 3795 est
1628 3741 1820 3796 divinis
1844 3741 2061 3813 judiciis

477 3832 741 3898 ordinata,
793 3841 851 3885 ut
892 3830 1014 3900 quia
1046 3830 1221 3884 omnis
1271 3830 1432 3886 homo
1458 3831 1559 3885 iter
1584 3818 1907 3894 vitae‘aeuue
1954 3849 2060 3887 non

477 3916 739 3996 graditur,
781 3920 917 3975 alter
942 3921 1009 3974 ab
1050 3920 1220 3975 altero
1268 3933 1502 3991 regatur.
1534 3922 1713 3978 Sancti
1742 3936 1919 3979 autem
1961 3924 2060 3979 viri
2104 3972 2107 3979 λ

476 4029 598 4072 cum
651 4018 911 4084 praesunt,
961 4025 1066 4065 non
1117 4011 1168 4065 in
1218 4027 1275 4066 se
1328 4024 1648 4081 potestatem
1701 4014 1926 4079 ordinis,
1966 4015 2057 4070 sed

476 4108 833 4176 aqualttatem
856 4102 1179 4157 conditionis
1208 4104 1521 4168 attendunt,
1540 4121 1637 4158 nec
1666 4119 1900 4173 praeesse
1930 4121 2059 4176 gau-

476 4199 607 4255 dent
630 4195 955 4261 hominibus,
989 4195 1082 4250 sed
1108 4194 1379 4265 prodesse.
1409 4196 1593 4251 Sciunt
1621 4197 1762 4251 enim
1794 4199 1937 4266 quod
1958 4214 2054 4253 an-

479 4291 614 4361 tiqui
646 4299 823 4359 patres
866 4289 1035 4341 nostri
1063 4331 1076 4355 ,
1108 4302 1213 4344 non
1246 4299 1353 4369 tam
1398 4304 1552 4358 reges
1580 4288 1851 4343 hominum
1899 4305 2056 4360 quam

472 4394 718 4455 pastores
739 4396 989 4452 pecorum
1008 4380 1174 4437 fuisse
1198 4392 1578 4437 memorantur.
1596 4383 1662 4436 Et
1681 4394 1801 4437 cum
1824 4383 1935 4439 Noe
1955 4383 2059 4438 Do—

474 4478 652 4533 minus
673 4475 901 4544 ﬂiilsque
918 4475 1039 4545 ejus
1063 4476 1265 4531 diceret
1281 4493 1294 4528 ι
1316 4477 1481 4547 690
1499 4476 1717 4530 Crescite
1735 4489 1781 4530 et
1809 4480 2059 4548 multipli-

2168 1889 2273 1957 peri
2304 1886 2556 1943 damnum
2586 1885 2903 1941 humilitatis
2926 1886 3171 1951 credunt,
3214 1886 3258 1941 si
3287 1887 3354 1941 ab
3378 1889 3456 1941 eis
3484 1901 3579 1956 pro
3638 1901 3754 1943 me-

2162 1981 2267 2033 rito
2295 1977 2520 2033 fortasse
2549 1977 2752 2031 ordinis
2778 1977 2941 2043 pluris
2962 1975 3313 2030 metimentur.
3342 1976 3476 2030 Hinc
3494 1984 3579 2031 est
3602 1978 3750 2033 enim

2163 2069 2303 2137 quod
2358 2071 2557 2138 primus
2610 2076 2792 2135 pastor
2852 2066 3131 2139 Ecclesiae,
3185 2082 3331 2135 cum,
3388 2067 3646 2122 adorante
3687 2083 3750 2123 se

2162 2157 2409 2215 Cornelio
2430 2203 2444 2226 ,
2478 2173 2639 2228 super
2672 2172 2731 2230 se
2759 2159 2858 2213 sibi
2893 2159 3149 2213 honorem
3181 2158 3388 2213 videret
3415 2159 3653 2215 oblatum
3682 2161 3753 2216 ad

2165 2253 2518 2321 aequalitatem
2562 2250 2890 2304 cotiditionis
2921 2242 3033 2305 s’um
3061 2250 3217 2305 citius
3242 2251 3489 2317 recurrit,
3518 2252 3705 2308 dicens
3732 2270 3747 2305 :

2166 2343 2359 2413 Surge,
2395 2350 2442 2395 et
2470 2342 2579 2411 ipse
2615 2357 2710 2412 ego
2736 2340 2888 2395 hante
2917 2357 3029 2395 sum
3064 2344 3199 2410 (Act.
3228 2357 3281 2405 ι,
3311 2339 3427 2414 26).
3453 2342 3581 2412 Quis
3603 2345 3747 2400 enim

2165 2437 2364 2488 nesciat
2393 2434 2531 2499 quod
2556 2432 2818 2488 conditori
2840 2448 2939 2489 suo
2964 2433 3127 2488 homo
3150 2434 3345 2490 debeat
3367 2424 3423 2490 ei
3446 2450 3550 2489 non
3584 2435 3753 2491 homio

2165 2526 2217 2578 ni
2249 2526 2549 2593 prosterni?
2572 2525 2723 2593 Quia‘
2742 2540 2869 2594 ergo
2893 2524 3167 2580 humiliari.
3185 2525 3289 2581 sibi
3321 2526 3438 2596 plus
3465 2540 3622 2597 quam
3652 2529 3754 2584 de-
3834 2550 3839 2559 ’

2165 2615 2277 2670 buit
2307 2617 2602 2684 proximum
2624 2616 2772 2677 vidit,
2792 2631 2858 2670 ne
2875 2618 3013 2671 ultra
3034 2615 3379 2672 humanitatis
3408 2628 3579 2674 metas
3596 2633 3753 2677 meus

2164 2708 2562 2770 intumesceret,
2584 2721 2702 2783 esse
2728 2724 2786 2762 se
2810 2708 3081 2762 hominem
3116 2702 3441 2780 recognovit,
3487 2720 3754 2781 quatenus

2164 2802 2293 2857 illati
2342 2786 2440 2856 sibi
2474 2804 2692 2858 honoris
2721 2804 3005 2858 elationem
3033 2800 3299 2875 frangeret
3334 2819 3400 2859 ex
3449 2805 3756 2862 considera.

2164 2904 2216 2949 ta
2246 2895 2547 2965 aequalitate
2573 2896 2915 2965 conditionis.
2940 2896 3075 2951 Hinc
3102 2913 3131 2952 a
3154 2895 3359 2953 Joanne
3378 2899 3603 2968 angelus
3616 2882 3754 2956 ado-t

2164 2998 2330 3056 ratus,
2366 3001 2666 3043 creaturam
2708 3003 2909 3045 seesse
2936 2992 3221 3061 cognovit,
3252 2992 3479 3048 dicens:
3515 2992 3644 3048 Vide
3690 3008 3755 3049 ne

2167 3079 2376 3147 feceris;
2407 3095 2676 3159 consereus
2698 3089 2815 3134 tuus
2845 3097 2979 3149 sum,
3011 3092 3057 3136 et
3085 3068 3304 3152 fratrum
3332 3097 3534 3141 tuorum
3562 3089 3754 3158 (Apoc.

2165 3174 2384 3235 xix,i0;
2421 3164 2647 3242 xxtt,9).
2676 3172 2811 3228 Hinc
2839 3174 3095 3244 propheta
3124 3219 3138 3242 ,
3160 3191 3280 3231 cum
3303 3180 3370 3232 ad
3400 3179 3628 3235 videnda
3660 3196 3783 3237 sum

2172 3355 2365 3409 ductus
2386 3356 2453 3411 ad
2466 3357 2732 3425 ctelestia,
2758 3359 3026 3414 hominem
3039 3374 3100 3415 se
3117 3375 3237 3417 esse
3258 3366 3579 3420 meminerit.
3605 3366 3683 3421 Ac
3702 3368 3748 3422 si

2163 3462 2283 3502 eum
2305 3447 2486 3502 divina
2510 3463 2609 3503 vox
2631 3449 2811 3503 verbis
2832 3452 3189 3517 apertioribus
3213 3453 3500 3511 admoneat
3519 3458 3704 3514 dicens
3720 3460 3745 3513 ':

2162 3540 2427 3594 Memento
2454 3542 2579 3609 quid
2606 3542 2701 3606 sis,
2732 3558 2799 3596 ne
2822 3544 2889 3596 de
2916 3543 3000 3599 his
3030 3544 3096 3598 ad
3126 3560 3246 3615 quae
3279 3549 3484 3617 raperis
3514 3551 3741 3604 extolla-

2163 3632 2258 3697 ris,
2303 3632 2396 3687 sed
2442 3632 2777 3688 altitudinem
2820 3636 3165 3690 revelationis
3209 3647 3448 3708 tempera
3489 3644 3747 3696 memoria

2163 3725 2504 3780 conditionis.
2539 3726 2617 3781 Ex
2641 3742 2706 3782 eo
2726 3742 2854 3798 ergo
2873 3728 3230 3799 colligendum
3253 3741 3336 3785 est
3376 3744 3573 3802 quanta
3599 3751 3751 3790 com-

2163 3820 2337 3875 munis
2362 3829 2566 3875 naturae
2596 3823 2852 3877 memoria
2885 3821 2939 3876 in
2960 3823 3127 3879 corde
3152 3808 3385 3894 deprimi
3403 3827 3598 3883 debeat
3630 3839 3748 3884 ter-

2162 3928 2306 3967 retia:
2330 3912 2608 3981 p0testutis
2649 3923 2865 3978 tumor,
2907 3915 2954 3969 si
2979 3930 3043 3969 ex
3093 3917 3437 3973 humanitatis
3485 3921 3751 3977 vocabulo

2162 4005 2357 4073 agitur,
2388 4020 2454 4059 ne
2484 4008 2824 4075 cogitationis
2878 4008 3042 4062 elatio
3070 4024 3137 4065 ex
3163 4013 3387 4065 secretis
3431 4012 3751 4075 cmlestibns

2162 4106 2466 4166 generetur.
2508 4097 2673 4168 Cujus
2712 4099 2959 4179 videlicet
3001 4100 3349 4157 humanitatis
3390 4103 3528 4159 bene
3560 4105 3753 4160 beatus

2161 4188 2262 4244 Job
2290 4198 2503 4259 semper
2530 4191 2955 4249 recordationem
2986 4196 3181 4262 tenuit,
3206 4196 3297 4266 qui
3331 4197 3406 4251 ait
3439 4213 3455 4250 :
3491 4196 3749 4268 Nunquid

2164 4300 2263 4336 non
2284 4284 2337 4336 in
2366 4294 2510 4337 utero
2538 4285 2656 4354 fecit
2681 4300 2777 4352 me,
2807 4286 2901 4354 qui
2929 4296 2976 4340 et
3002 4286 3153 4341 illum
3176 4297 3419 4357 operatus
3446 4298 3541 4356 est,
3565 4300 3613 4344 et
3635 4291 3751 4360 for-

2162 4378 2313 4429 mavit
2360 4378 2413 4429 in
2442 4376 2593 4429 vulva
2637 4378 2805 4431 unus?
2852 4380 2929 4432 Ac
2983 4379 3029 4433 si
3076 4388 3262 4448 aperte
3288 4380 3431 4435 dicat
3459 4382 3607 4435 :Cur
3637 4396 3751 4436 non

2162 4484 2313 4540 tuque
2335 4469 2629 4525 debeamus
2653 4473 2705 4526 in
2740 4472 3027 4541 cujuslibet
3055 4474 3250 4543 negotii
3289 4474 3491 4545 judicio
3520 4475 3744 4538 discuti,

476 4566 662 4620 camini
688 4564 718 4606 δ
743 4576 788 4619 et
816 4564 1021 4632 implete
1049 4579 1257 4630 terram,
1280 4566 1458 4620 subdit
1482 4584 1496 4618 :
1529 4566 1592 4619 Et
1625 4578 1785 4622 terror
1808 4580 1967 4624 vester
1995 4586 2056 4623 ac

2168 4563 2251 4631 qui
2284 4577 2377 4631 per
2402 4563 2695 4619 conditoris
2727 4564 3015 4634 potentiam
3048 4582 3234 4623 sumus
3279 4569 3556 4639 mqualiter
3585 4569 3752 4626 facti?

474 4670 659 4713 tremor
679 4660 741 4710 sit
762 4672 913 4726 super
933 4668 1113 4711 cuncta
1135 4658 1383 4712 animalia
1402 4668 1554 4712 terra
1579 4658 1786 4727 (Cenes.
1804 4675 1879 4730 Ix,
1899 4663 1925 4716 1
1940 4702 1954 4726 ,
1974 4664 2050 4732 7).

473 4748 590 4806 Non
626 4748 768 4804 enim
792 4748 865 4802 ait
894 4766 909 4805 :
937 4748 1021 4802 Sit
1058 4761 1219 4817 super
1251 4750 1494 4803 homines
1516 4787 1531 4812 ,
1564 4751 1650 4815 qui
1702 4752 1866 4806 futuri
1898 4760 2050 4818 sunt;

438 4895 451 4907 _.
473 4844 590 4907 sed,
614 4842 697 4896 Sit
716 4857 869 4910 super
899 4851 1081 4895 cuncta
1108 4840 1357 4894 animalia
1376 4850 1546 4896 teme.

439 4925 448 4961 ³
544 4936 636 4993 25.
662 4934 831 4993 Homo
882 4933 1267 4988 irrationalibus
1304 4935 1651 4989 animantibus
1675 4974 1690 5001 ,
1738 4952 1840 4990 non
1886 4948 2054 4993 autem

471 5030 667 5098 ceteris
696 5027 985 5084 hominibus
1005 5036 1191 5080 natura
1219 5037 1295 5081 est
1316 5030 1582 5095 praelatus.
1615 5057 1686 5069 —
1709 5029 1880 5085 Homo
1902 5032 2055 5099 quip-

471 5136 541 5191 pe
582 5121 903 5177 animalibus
950 5118 1434 5189 irrationabilibus,
1486 5136 1592 5177 non
1622 5133 1800 5177 autem
1845 5124 2056 5177 caeteris

473 5213 781 5271 hominibus
797 5221 982 5266 natura
999 5210 1246 5279 praelatus
1259 5223 1341 5267 est
1357 5229 1370 5277 ;
1395 5213 1661 5269 etidcirco
1682 5216 1731 5269 ei
1751 5216 1963 5279 dicitur,
1999 5228 2054 5269 ut

471 5310 541 5366 ab
568 5308 885 5365 animalibus
916 5315 963 5361 :t
982 5320 1087 5361 non
1107 5306 1175 5360 ab
1198 5305 1413 5361 homine
1430 5307 1700 5371 timeatur,
1724 5308 1844 5375 quia
1869 5318 2055 5363 contra

473 5412 717 5461 naturam
741 5401 1019 5472 superbire
1045 5411 1149 5468 eSt,
1176 5400 1245 5455 ab
1270 5388 1460 5470 aequali
1481 5401 1616 5455 velle
1639 5400 1839 5465 timeri,
1868 5415 2057 5470 quam-

474 5498 560 5555 vis
592 5499 902 5571 plerumque
930 5510 962 5551 a
991 5492 1219 5552 subditis
1247 5494 1407 5548 etiam
1438 5491 1608 5548 sancti
1636 5492 1731 5546 viri
1764 5492 1936 5548 timeri
1966 5508 2059 5562 ap-

466 5686 471 5707 α
544 5658 727 5713 ιἘίιίιὶ
756 5660 911 5721 male,
933 5658 1557 5730 intueaturgrcpugnant
1603 5644 2050 5730 euiniexempia—

476 5734 557 5788 ria
590 5731 714 5785 MSS.
740 5740 794 5782 et
821 5729 990 5782 sancti
1012 5727 1250 5796 Gregorii
1284 5724 1632 5796 propositum,
1666 5724 1837 5796 quiut
1860 5724 1930 5796 ad
1951 5724 2047 5779 hu-

476 5804 752 5857 militatem
777 5814 871 5851 nos
901 5793 1167 5865 provocei,
1199 5796 1440 5847 hortatur
1483 5794 1545 5843 ad
1580 5793 2049 5860 considerandum,

2162 4655 2269 4710 Sed
2297 4658 2418 4729 quia
2448 4659 2710 4712 castitatis
2737 4658 2851 4728 ejus
2878 4670 3038 4729 atque
3066 4660 3383 4718 humilitatis
3398 4673 3516 4718 acta
3542 4678 3747 4734 cogno-

2164 4748 2355 4813 vimus,
2372 4762 2511 4803 nunc
2522 4749 2853 4804 liberalitatis
2865 4765 3025 4819 opera
3039 4766 3445 4817 noxnoscamus.
3460 4755 3750 4825 Sequitur:

2443 4846 2668 4905 CAPUT
2710 4849 2825 4904 xvr
2851 4850 2992 4922 [νει.
3017 4850 3159 4920 xu,
3193 4852 3453 4928 Rec.Xl].

2238 4939 2397 4995 Vens.
2426 4942 2511 4995 16.
2543 4972 2610 4983 -
2634 4942 2693 4998 Si
2717 4946 2892 5014 negavi
2917 4948 3053 5014 quod
3079 4944 3310 5003 volebant
3324 4952 3658 5021 pauperibus,
3687 4965 3742 5009 et

2165 5034 2336 5087 oculos
2363 5035 2529 5087 vidum
2556 5048 2849 5103 exspectare
2879 5037 2994 5097 feci.
3512 5104 3513 5107 η

2231 5128 2320 5181 25.
2358 5126 2654 5183 Liberalitas
2683 5131 2779 5184 Job
2800 5134 3108 5203 pauperibus
3130 5142 3304 5191 dantis
3329 5139 3395 5191 ad
3425 5152 3605 5191 eorum
3650 5155 3747 5193 vo-

2164 5230 2288 5273 tum.
2325 5219 2428 5287 Qui
2447 5231 2590 5274 extra
2612 5231 2771 5276 metas
2789 5224 2977 5291 inopia'
3002 5237 3207 5294 petunt,
3245 5229 3469 5283 obtinere
3498 5247 3600 5284 non
3651 5248 3756 5287 me.

2162 5322 2357 5367 rentur.
2389 5342 2456 5353 —
2486 5312 2583 5368 Per
2610 5314 2722 5368 haec
2751 5312 2888 5371 dicta
2926 5318 3002 5373 vir
3025 5327 3241 5375 sanctus
3266 5321 3602 5388 ostenditur,
3640 5338 3751 5378 non

2164 5406 2333 5458 solum
2366 5405 2432 5458 ad
2457 5400 2685 5473 inopiam
2717 5408 3060 5476 pauperibus,
3104 5409 3199 5465 sed
3230 5411 3389 5466 etiam
3420 5412 3487 5466 ad
3512 5411 3752 5467 habendi

2166 5493 2494 5549 desiderium
2524 5492 2844 5552 deservisse.
2878 5496 2984 5554 Sed
3010 5497 3137 5569 quid
3158 5501 3202 5555 si
3226 5502 3339 5572 ipsa
3362 5503 3559 5559 vellent
3582 5502 3753 5578 ωι

2159 5668 2266 5726 non
2289 5653 2389 5726 qui
2410 5653 2652 5726 subsint,
2678 5656 2769 5712 sed
2797 5656 2885 5726 qui
2917 5659 3099 5723 praesit
3128 5658 3304 5715 nobis.
3328 5712 3333 5715 _

2234 5722 2261 5763 δ
2288 5722 2539 5795 Vindoc.,
2572 5726 2686 5783 Val.
2710 5727 2788 5784 Cl.
2814 5722 2875 5784 et
2896 5722 3105 5797 Germ.,
3133 5738 3183 5787 et
3206 5731 3414 5803 replete.
