4066 6348
307 340 414 403 205

1096 347 1452 407 MOliALIUM
1494 351 1625 407 LIB.
1664 351 1811 425 νΧΧΙ.
1855 380 1923 391 -
1965 351 2026 405 ΙΝ
2066 349 2291 408 CAPUT
2333 352 2504 409 XXXI
2546 354 2605 407 Β.
2648 354 2787 409 JUB.

3471 354 3574 409 206

305 436 567 512 pauperes
597 455 717 513 quas
764 440 998 498 fortasse
1029 444 1277 514 accipere
1328 460 1435 501 non
1464 444 1784 515 espediret?
1812 445 1895 499 An
1921 446 1976 506 Α
2003 444 2233 515 metipso
2260 444 2526 512 habuerit,
2550 462 2618 502 an
2647 447 2941 504 conditoris
2969 449 3052 504 sui
3080 448 3251 519 gratia
3292 446 3361 503 sit
3385 461 3578 504 conse-

305 534 425 605 quia
454 535 507 590 in
536 533 808 606 Scriptura
838 550 989 591 sacra
1011 536 1112 592 dici
1145 552 1405 608 pauperes
1429 537 1656 594 humiles
1687 537 1884 606 solent,

275 636 335 669 κι
355 644 417 685 ea
445 628 561 685 sola
587 629 897 686 aestimanda
918 640 1189 700 suntquae
1218 632 1464 702 accipere
1496 647 1759 703 pauperes
1796 645 1891 687 vo-

304 723 439 791 lunt,
470 740 591 795 quae
617 726 844 781 humiles
877 725 1102 795 petunt?
1126 702 1220 781 Ἐι
1251 725 1436 796 procul
1478 702 1643 781 dubio
1680 733 1894 796 oportet

306 821 365 870 ut
397 818 768 872 incunctanter
795 816 952 873 detur
979 816 1234 890 quidquid
1280 833 1402 873 cum
1429 832 1556 873 vera
1590 816 1892 873 humilitate

303 911 626 983 requiritur;
655 911 706 966 id
733 921 837 977 est,
865 911 1005 983 quod
1037 926 1143 968 non
1172 929 1233 968 ex
1258 911 1549 982 desiderio,
1572 912 1668 969 sed
1696 928 1762 968 ex
1795 926 1891 968 ne-

304 1006 561 1071 cessitate
595 1003 916 1075 postulatur.
952 1006 1085 1062 Nam
1115 1006 1268 1062 valde
1289 1005 1399 1078 iam
1444 1007 1726 1078 superbire
1768 1016 1890 1075 est,

302 1110 455 1157 extra
486 1110 658 1158 metas
702 1103 897 1174 inopiae
927 1103 1123 1175 aliquid
1155 1104 1481 1160 desiderare.
1512 1104 1666 1161 Unde
1711 1112 1767 1161 et
1804 1120 1866 1161 su

304 1199 470 1271 perbe
492 1197 794 1271 petentibus
821 1196 1019 1254 dicitur
1048 1216 1061 1253 :
1091 1197 1273 1254 Petitis
1308 1209 1357 1253 et
1386 1215 1488 1253 non
1519 1198 1754 1268 accipitis
1775 1239 1790 1263 ,
1834 1214 1891 1255 et:

301 1290 440 1360 quod
465 1298 599 1344 male
624 1290 805 1358 petatis
836 1288 977 1360 (Jac.
1002 1306 1076 1355 iv,
1108 1288 1186 1360 ‘5).
1223 1289 1358 1357 Quia
1381 1304 1508 1361 ergo
1542 1289 1617 1344 illi
1645 1301 1772 1345 sunt
1804 1304 1895 1345 ve-

302 1386 500 1441 raciter
522 1400 820 1456 pauperes,
864 1385 956 1455 qui
1006 1384 1174 1440 inﬂati
1206 1398 1302 1453 per
1347 1383 1616 1467 superbiae
1641 1384 1892 1452 Spiritum

302 1478 409 1535 non
447 1488 579 1535 sunt
599 1521 614 1546 ,
645 1494 781 1550 quos
823 1487 1009 1549 aperte
1038 1477 1248 1533 Veritas
1270 1476 1544 1547 exprimit,
1572 1492 1695 1532 cum
1721 1477 1852 1533 dicit
1877 1496 1891 1531 :

300 1569 445 1626 Beati
473 1585 722 1642 pauperes
755 1569 939 1640 spiritu
972 1566 1188 1640 (Matth.
1225 1584 1280 1635 v,
1307 1568 1393 1639 3);
1442 1578 1590 1624 recte
1618 1584 1758 1623 nunc
1800 1584 1895 1638 per

299 1672 545 1721 sanctum
569 1660 744 1716 virum
773 1659 1009 1715 dicitur;
1038 1659 1098 1715 Si
1129 1660 1305 1732 negavi
1336 1660 1473 1730 quod
1507 1660 1739 1714 volebant
1764 1677 1896 1730 pau-

299 1755 525 1831 peribus,
556 1755 808 1824 quoniam
838 1753 929 1825 qui
982 1768 1044 1809 ea
1088 1754 1272 1817 volunt
1301 1768 1423 1823 qua:
1453 1753 1693 1825 proiecto
1725 1754 1892 1824 liquet

1995 544 2177 609 culus,
2206 539 2527 595 innotescat.
2552 537 2807 615 Sequitur
2832 558 2843 593 :

2349 630 2574 688 CAPUT
2618 631 2783 687 XVIII
2825 632 2972 707 [Rea
3020 629 3217 705 XIII].

2141 719 2306 779 Vens.
2341 723 2429 780 18.
2458 755 2527 765 -
2550 723 2685 792 Quia
2715 727 2776 780 ab
2803 725 3027 797 infantia
3054 743 3166 780 mea
3199 725 3354 779 cret-it
3384 736 3583 778 mecum

1996 814 2273 883 miseratio,
2332 825 2379 871 et
2407 817 2469 871 de
2495 830 2637 872 utero
2667 818 2845 873 matris
2874 835 2998 875 mete
3026 835 3223 891 egressa
3254 828 3328 873 est
3366 832 3582 871 mecum.

2066 911 2155 969 28.
2184 914 2366 970 Sancti
2383 915 2515 970 bona
2540 932 2635 971 sua
2664 933 2768 971 non
2795 916 2913 984 sibi,
2930 917 3019 972 sed
3045 914 3155 972 Deo
3184 917 3431 970 tribuunt.
3455 914 3587 982 Qui-

1997 1005 2117 1059 dam
2149 1005 2273 1061 dum
2303 1014 2453 1061 (etate
2474 1015 2730 1076 crescunt,
2757 1006 2820 1061 ab
2846 1008 3139 1062 innocentia
3165 1009 3480 1062 decrescunt.
3517 1035 3585 1047 —

1996 1100 2266 1159 Miseratio
2295 1102 2495 1161 etenim
2538 1105 2642 1160 etsi
2663 1103 2781 1173 ejus
2805 1103 3217 1171 fueritarbitrii,
3241 1115 3297 1160 ut
3327 1122 3447 1161 cum
3470 1104 3587 1175 ipso

1997 1195 2285 1265 proﬁceret
2309 1236 2326 1263 ,
2358 1195 2529 1266 liquet
2558 1207 2737 1253 tamen
2786 1196 2907 1268 quia
2938 1195 3057 1269 eius
3098 1196 3307 1253 arbitrii
3353 1214 3460 1253 non
3492 1198 3587 1253 luit

1998 1298 2056 1343 ut
2082 1304 2203 1343 cum
2234 1289 2355 1361 ipso
2382 1289 2451 1345 de
2477 1299 2631 1345 utero
2672 1289 2861 1345 exiret.
2895 1289 3123 1346 Constat
3148 1306 3278 1362 ergo
3323 1289 3447 1363 quia
3474 1305 3587 1346 sum
3676 1314 3679 1317 ·

1998 1385 2177 1440 virtuti
2209 1385 2282 1439 nil
2326 1385 2531 1453 tribuit,
2565 1384 2657 1456 qui
2710 1383 2947 1456 profecto
2998 1394 3229 1441 testatur
3271 1385 3395 1454 quia
3424 1383 3527 1439 hoc
3558 1390 3585 1421 °

1997 1494 2063 1534 ex
2094 1479 2425 1535 conditionis
2450 1494 2674 1535 munere
2698 1480 2931 1549 accepit.
2962 1479 3169 1534 Bonum
3198 1478 3357 1549 igitur
3386 1477 3527 1547 quod
3555 1494 3589 1536 ι

1996 1572 2309 1629 conditione
2340 1573 2593 1628 habuisse
2623 1587 2683 1628 se
2727 1573 2974 1640 intimat,
3009 1575 3174 1644 liquet
3204 1574 3389 1643 procul
3418 1572 3581 1628 dubio

1994 1668 2119 1736 quia
2150 1664 2216 1721 ad
2240 1664 2450 1720 laudem
2481 1664 2779 1720 conditoris
2812 1676 3016 1753 narrat,
3072 1664 3319 1719 iudicans
3350 1664 3417 1718 ab
3467 1664 3588 1733 ipso

1997 1775 2056 1816 se
2096 1761 2371 1830 accepisse
2401 1768 2460 1813 ut
2488 1760 2608 1831 pius
2634 1767 2814 1827 esset,
2857 1772 2887 1812 a
2929 1772 3036 1829 quo
3065 1756 3273 1827 accepit
3320 1767 3377 1811 ut
3404 1766 3595 1826 esset;

302 1849 445 1919 quod
483 1849 559 1905 eis
600 1862 708 1903 non
760 1844 1077 1927 expediunt.
1134 1860 1200 1901 80
1257 1847 1375 1916 ipso
1433 1845 1575 1915 (ιιιοά
1625 1845 1895 1915 ευριπ-ωδε
1925 1868 1973 1929 Β
2000 1853 2126 1923 quia
2152 1853 2408 1909 sicutsuo
2438 1866 2603 1921 opere
2645 1852 2697 1905 in
2726 1860 2881 1905 utero
2910 1849 3159 1905 conditus
3193 1866 3296 1904 non
3329 1848 3461 1913 fuit,
3514 1851 3591 1906 ita

305 1943 573 2003 abundant
599 1942 819 2011 Spiritu,
845 1941 957 2012 iam
988 1954 1252 2011 pauperes
1271 1953 1376 1993 non
1403 1949 1545 1994 sunt.
1574 1938 1678 1994 Sed
1700 1939 1889 1994 beatus

305 2037 407 2099 Job
442 2037 564 2101 dum
598 2050 864 2107 pauperes
894 2034 1126 2095 humiles
1153 2032 1413 2104 appellat,
1440 2032 1698 2103 quidquid
1728 2032 1798 2087 ab
1823 2046 1891 2089 eo

299 2132 536 2203 accipere
564 2147 762 2202 pauper
788 2130 993 2195 voluit,
1043 2143 1150 2184 non
1184 2128 1418 2200 negavit,
1471 2129 1598 2198 quia
1628 2128 1891 2184 veraciter

294 2224 522 2295 quisque
577 2223 793 2281 humilis
842 2220 1041 2292 1tquod
1087 2236 1195 2276 non
1236 2220 1411 2293 potuit
1461 2230 1738 2291 oportere,
1789 2234 1892 2277 nec

293 2317 482 2374 voluit.
964 2322 971 2323 ’

360 2410 454 2467 26.
485 2409 841 2480 Muniﬁcentia
865 2406 968 2462 Job
997 2423 1103 2463 non
1131 2406 1301 2460 solum
1325 2422 1394 2461 ex
1433 2422 1663 2469 munere,
1696 2404 1787 2458 sed
1828 2419 1894 2459 ea:

290 2504 452 2560 dandi
500 2505 761 2561 celeritate
818 2501 1110 2573 pensanda.
1166 2498 1363 2557 —Sed
1419 2514 1539 2555 cum
1590 2498 1892 2569 largitatem

288 2596 490 2652 mentis
545 2611 658 2653 sua:
687 2594 910 2661 indicat,
962 2592 1087 2663 quia
1133 2592 1203 2648 ad
1249 2602 1427 2646 votum
1459 2606 1519 2645 se
1570 2588 1893 2658 pauperibus

290 2690 632 2747 concurrisse
663 2685 1001 2755 manifestat,
1030 2696 1256 2741 necesse
1294 2694 1378 2738 est
1407 2692 1465 2737 ut
1488 2696 1795 2751 qua-ramus
1824 2695 1891 2735 ne

292 2783 471 2837 lumen
527 2777 912 2836 misericordias
980 2764 1214 2831 dationis
1271 2774 1523 2830 tarditate
1582 2770 1887 2827 iuseaverit.

292 2871 448 2928 Unde
488 2870 798 2939 subiungit:
850 2865 965 2920 cEt
1011 2866 1189 2921 oculos
1237 2867 1403 2919 vidua:
1452 2876 1719 2934 expectare
1765 2863 1883 2934 feci.

292 2965 567 3021 Petentem
596 2978 653 3017 se
686 2964 897 3017 viduam
924 2970 1238 3032 exspectare
1269 2961 1465 3026 uoluit,
1491 2967 1549 3013 ut
1576 2974 1684 3013 non
1714 2958 1888 3013 solum

287 3070 353 3111 ex
377 3068 619 3120 munere,
658 3052 754 3109 sed
777 3053 941 3107 etiam
973 3068 1038 3106 ex
1069 3052 1353 3107 celeritate
1403 3049 1665 3116 muneris,
1716 3048 1886 3104 bono-

288 3165 406 3205 rum
455 3162 673 3217 operum
706 3146 897 3201 merita
946 3159 1189 3217 augeret.
1224 3145 1381 3202 Unde
1431 3146 1568 3207 alias
1623 3145 1886 3215 scriptum

1995 1961 2095 2002 nec
2119 1960 2215 2003 sua
2244 1947 2442 2001 virtute
2470 1944 2538 2000 ab
2559 1955 2713 2000 utero
2761 1945 2925 2017 692
2980 1944 3097 2013 pius
3136 1942 3255 1998 fuit.
3303 1944 3408 1999 Sed
3459 1959 3590 2014 pen-

1991 2039 2217 2095 sandum
2239 2039 2394 2095 nobis
2414 2048 2499 2094 est
2518 2079 2534 2103 ,
2560 2036 2700 2107 quod
2728 2038 2965 2092 asserit:
2988 2036 3151 2089 Crevit
3181 2052 3403 2091 mecum.
3435 2036 3585 2090 Non-

1994 2130 2123 2184 nulli
2147 2129 2518 2213 enim‘quoad
2550 2138 2760 2185 aetatem
2814 2138 3088 2193 crescunt,
3149 2128 3217 2184 ab
3273 2127 3586 2185 innocentia

1994 2222 2331 2278 decrescunt.
2380 2221 2579 2276 Electis
2631 2236 2757 2276 vero
2785 2235 2907 2275 cum
2960 2220 3092 2275 {oris
3122 2230 3253 2276 tetas
3300 2222 3542 2288 corporis
3569 2262 3587 2289 ,

1996 2318 2141 2372 intus
2163 2357 2181 2385 ,
2211 2316 2258 2371 si
2284 2314 2389 2370 dici
2418 2315 2604 2377 liceat,
2639 2315 2839 2370 crescit
2864 2323 2995 2368 aetas
3018 2314 3251 2369 virtutis.
3281 2315 3537 2385 Sequitur
3566 2331 3583 2369 :

2208 2407 2435 2464 CAPUT
2477 2406 2594 2461 XIX
2631 2410 2641 2478 ί
2674 2404 2783 2460 Vct.
2818 2402 2993 2473 XIII,
3037 2405 3163 2461 Rec.
3191 2402 3380 2477 XIV].

2068 2502 2231 2559 Vnus.
2267 2503 2355 2566 19,
2382 2502 2558 2555 2t).-
2580 2500 2641 2556 Si
2670 2499 2879 2568 despexi
2902 2508 3293 2569 praetereuntem
3314 2542 3328 2566 ,
3369 2516 3427 2553 eo
3453 2500 3589 2569 quod

1993 2611 2094 2649 non
2110 2594 2343 2648 habuerit
2372 2594 2748 2667 indumentum,
2774 2600 2823 2645 et
2852 2590 3043 2662 absque
3066 2593 3376 2662 operimento
3392 2610 3588 2664 paupe-

1994 2702 2136 2751 rem;
2164 2687 2208 2740 si
2230 2690 2334 2739 non
2359 2685 2723 2738 benedixerunt
2746 2682 2873 2736 mihi
2899 2681 3065 2747 latera
3082 2686 3218 2758 ejus,
3241 2693 3289 2738 et
3315 2685 3378 2738 de
3397 2684 3589 2740 velleri-

1993 2777 2084 2831 bus
2111 2778 2278 2831 ovium
2301 2792 2526 2829 mearum
2554 2775 2835 2846 calefactus
2858 2784 2952 2830 est.

2062 2869 2154 2927 29.
2190 2867 2675 2923 Misericordiamiu
2722 2883 2976 2939 pauperes
3006 2870 3275 2922 comitetur
3300 2868 3587 2943 humilitas.

1995 2960 2097 3024 Qui
2111 2960 2391 3029 prtemissis
2402 2959 2602 3028 probris
2614 2958 2990 3029 eleemosynam
3002 2959 3256 3029 tribuunt,
3269 2960 3357 3015 vix
3372 2979 3464 3029 pro
3476 2962 3588 3016 illa-

1992 3061 2045 3104 ta
2065 3052 2259 3120 injuria
2281 3049 2862 3119 satisfaciunt—Quod
2877 3065 3165 3121 pauperem
3187 3068 3292 3111 non
3319 3052 3587 3124 despexit,

1993 3143 2244 3217 virtutem
2263 3141 2857 3209 humilitatisexhibuit;
2876 3142 3018 3211 quod
3042 3152 3219 3198 autem
3237 3144 3468 3214 operuit,
3482 3146 3587 3215 pie-

288 3252 373 3303 est
404 3260 415 3295 :
447 3241 527 3297 Ne
551 3242 694 3295 dicas
717 3241 880 3294 amico
908 3250 997 3295 tuo
1020 3281 1037 3308 ,
1068 3238 1197 3294 vade
1224 3248 1271 3293 et
1311 3250 1582 3305 revertere,
1615 3255 1729 3293 cras
1760 3239 1893 3294 dabo
1922 3252 1969 3315 ρ
2001 3237 2146 3291 tatis.
2166 3236 2294 3290 Duae
2308 3235 2504 3305 quippe
2522 3233 2955 3291 isttevirtutesita
2973 3235 3588 3293 sibimetesseconnexai
3638 3242 3647 3251 '

288 3334 536 3399 tibi,cum
572 3320 747 3386 statim
783 3332 945 3400 possis
985 3330 1110 3384 dare
1145 3329 1329 3401 (Prov.
1363 3345 1444 3399 ιιι,
1474 3328 1543 3385 28
1560 3334 1599 3398 ).
1621 3329 1726 3385 Sed
1751 3345 1885 3384 non-

299 3424 435 3482 nulli
465 3424 639 3485 solent
666 3417 902 3479 exterius
934 3423 1102 3479 multa
1136 3422 1341 3493 largiri,
1377 3422 1677 3476 communis
1706 3433 1885 3478 autem

287 3521 412 3574 vita:
461 3519 685 3588 gratiam
762 3517 1087 3588 repellentes
1192 3514 1392 3570 habere
1459 3529 1757 3591 pauperes,
1793 3529 1885 3569 so—

286 3614 404 3667 cios
460 3611 516 3665 ln
563 3610 859 3665 domestica
905 3613 1320 3665 conversatione
1386 3611 1677 3678 refugiunt.
1734 3606 1888 3663 Unde

285 3704 475 3761 beatus
503 3701 625 3765 Job,
657 3710 712 3756 ut
742 3717 850 3757 non
881 3702 1053 3757 solum
1085 3716 1144 3755 se
1171 3700 1409 3755 insinuet
1436 3701 1683 3755 exterius
1712 3700 1884 3755 multa

289 3795 610 3871 praebuisse,
642 3794 734 3848 sed
763 3793 903 3863 apud
935 3806 995 3848 se
1024 3806 1269 3862 quosque
1294 3793 1486 3859 in0pes
1516 3790 1677 3845 etiam
1711 3793 1762 3855 in
1789 3793 1885 3846 do-

290 3890 521 3946 mestica
557 3886 971 3941 conversatiooe
1005 3885 1295 3952 recepisse,
1332 3885 1575 3947 protinus
1601 3882 1883 3954 adiungit:

685 3976 913 4033 CAPUT
955 3975 1096 4031 xvu
1137 3976 1291 4050 ilice.
1321 3974 1485 4049 XII].

358 4070 528 4126 Vnus.
567 4071 654 4123 17.
700 4099 770 4109 --
803 4068 861 4124 Si
889 4069 1087 4123 comedi
1136 4067 1420 4122 buccelram
1481 4082 1649 4121 meam
1710 4066 1884 4132 solus,

281 4176 329 4221 et
359 4180 469 4219 non
496 4161 713 4216 comedit
734 4161 967 4230 pacilius
988 4176 1052 4213 ea:
1071 4176 1150 4214 ea.
1250 4168 1259 4183 ’

354 4257 449 4312 27.
480 4253 664 4325 Inopes
692 4255 912 4325 hospitio
958 4254 1241 4325 recipiendi
1280 4265 1327 4309 et
1351 4254 1419 4307 ad
1459 4270 1691 4309 mensam
1736 4254 1887 4311 adhi-

284 4351 468 4407 bendi.
522 4376 590 4388 —
611 4345 827 4403 Scilicet
857 4347 1041 4415 pietati
1083 4362 1143 4400 se
1174 4346 1541 4415 praeiudicium
1576 4346 1755 4401 facere
1784 4360 1886 4400 ωε-

284 4449 507 4510 timans,
538 4443 583 4499 si
609 4444 757 4499 solus
802 4442 1115 4497 comederet
1168 4443 1311 4513 quod
1336 4442 1596 4497 Dominus
1640 4443 1882 4497 omnium

282 4539 644 4596 communiter
720 4542 979 4593 creasset.
1053 4535 1221 4602 Quae'
1268 4535 1507 4603 profecto
1575 4536 1886 4589 communio

1992 3329 2212 3393 debent,
2238 3326 2259 3368 ί
2277 3336 2337 3383 ut
2358 3326 2555 3383 vicario
2580 3342 2797 3399 semper
2819 3343 2983 3399 opere
3000 3328 3588 3401 fulciantur;quatenus

1991 3437 2091 3477 nec
2108 3422 2400 3487 humilitas,
2416 3435 2538 3477 cum
2552 3430 2839 3477 veneratur
2853 3423 3178 3493 proximum,
3197 3423 3457 3494 largitatis
3472 3440 3585 3494 gra-

1993 3518 2125 3569 tiam
2147 3518 2383 3580 deserat,
2447 3530 2545 3570 nec
2577 3523 2750 3583 pietas
2792 3530 2916 3569 cum
2957 3512 3191 3585 largitur
3240 3517 3583 3571 intumescat.

1996 3609 2138 3678 Erga
2162 3606 2512 3677 indigentiam
2544 3608 2723 3676 itaque
2764 3605 2992 3678 proximi
3024 3608 3375 3664 humilitatem
3416 3613 3587 3679 pietas

1993 3701 2197 3767 lulciat,
2230 3699 2504 3756 humilitas
2533 3700 2808 3769 pietatem,
2834 3710 2890 3755 ut
2915 3715 3036 3756 cum
3068 3701 3396 3773 indigentem
3425 3704 3587 3761 rebus

1994 3793 2315 3849 necessariis
2362 3802 2566 3847 natura:
2629 3803 2732 3879 tum
2800 3803 3110 3850 consortem
3179 3794 3411 3859 videris,
3481 3812 3582 3853 nec

1994 3900 2087 3954 per
2116 3884 2447 3955 impietatem
2477 3885 2693 3939 desinas
2729 3894 2913 3959 tegere
2933 3928 2949 3952 ,
3003 3902 3104 3942 nec
3134 3903 3231 3958 per
3277 3892 3584 3961 superbiam

1993 3978 2231 4048 negligas
2260 3972 2506 4033 venerari
2537 3993 2695 4048 quem
2724 3980 2880 4049 tegis.
2903 3978 3038 4034 Nam
3060 3990 3187 4036 sunt
3210 3984 3451 4038 nonnulli
3484 3988 3576 4056 qui

1994 4086 2118 4124 mox
2152 4082 2207 4124 ut
2261 4070 2329 4124 ab
2356 4070 2538 4142 egenis
2590 4071 2846 4127 fratribus
2878 4074 3078 4128 luerint
3130 4078 3428 4131 necessuia
3462 4094 3586 4148 pos-

1994 4162 2167 4228 tulati,
2200 4174 2321 4231 post
2349 4163 2489 4219 dona
2520 4165 2784 4233 largituri,
2816 4165 2867 4218 in
2898 4182 2993 4221 eos
3021 4168 3172 4235 prius
3190 4172 3579 4227 contumeliosa

1995 4256 2155 4312 verba
2174 4256 2502 4327 iaculantur.
2530 4257 2629 4326 Qui
2660 4259 2760 4313 etsi
2792 4258 2953 4315 rebus
2980 4261 3339 4318 ministerium
3370 4265 3583 4333 pietatis

1995 4350 2296 4422 perﬁciunt,
2321 4350 2499 4404 verbis
2521 4359 2697 4405 tamen
2720 4352 2944 4421 gratiam
2969 4352 3290 4409 humilitatis
3318 4356 3583 4425 perdunt;

1995 4442 2067 4497 ita
2099 4451 2159 4498 ut
2206 4443 2520 4512 plerumque
2576 4441 2822 4496 videatur
2866 4442 2988 4512 quia
3021 4443 3188 4498 illatae
3232 4444 3344 4515 iam
3376 4446 3586 4516 iniuria:

1995 4536 2410 4592 satislactionem
2468 4535 2703 4600 solvunt,
2736 4551 2856 4590 cum
2905 4547 3026 4605 post
3048 4538 3403 4594 contumelias
3440 4540 3582 4597 dona

281 4627 713 4705 conversationis
762 4642 884 4684 esse
940 4643 1064 4683 cum
1120 4625 1313 4681 talibus
1361 4629 1500 4681 intra
1554 4626 1878 4682 domesticos
1912 4633 2304 4705 Dlargiuntur.
2378 4630 2486 4683 Nec
2546 4628 2723 4699 magni
2769 4640 2850 4683 est
2899 4630 3079 4699 operis
3118 4632 3261 4700 quod
3318 4635 3583 4700 postulata

278 4703 533 4797 parietcs‘
550 4722 732 4789 debet,
775 4735 840 4775 ex
868 4718 1061 4788 quibus
1092 4729 1308 4773 aeterna:
1356 4719 1640 4809 proficiant
1689 4720 1879 4774 merita

279 4815 673 4875 retributionis.
710 4811 867 4868 Unde
894 4821 1112 4867 sanctus
1142 4813 1221 4866 vir
1252 4814 1357 4867 non
1388 4813 1727 4882 quemlibet,
1746 4820 1761 4828 ‘
1783 4814 1877 4867 sed

278 4910 350 4966 ad
423 4905 859 4964 manducandum
931 4907 1134 4961 socium
1193 4907 1453 4976 pupillum
1506 4922 1566 4962 se
1626 4906 1880 4963 habuisse

277 4997 720 5073 perhibetﬁSed
738 5007 883 5056 tanta
900 4998 1009 5079 haec
1035 4999 1247 5067 pietatis
1279 5000 1488 5055 viscera
1518 5011 1694 5054 utrum
1729 5015 1760 5053 a
1786 5015 1872 5055 se-

355 5134 381 5158 ει
410 5120 506 5177 Sic
534 5117 759 5189 legimus
783 5116 845 5189 in
865 5124 971 5171 vet.
998 5116 1095 5189 E_d.
1130 5118 1260 5189 etin
1290 5119 1414 5189 Mss.
1444 5117 1606 5171 Corb.
1652 5119 1868 5177 Germ..

276 5196 515 5258 Turon.,
548 5186 738 5258 Laud,
770 5187 978 5258 Germ.,
1026 5186 1142 5240 Val.
1178 5187 1286 5258 CL,
1319 5187 1503 5243 Norm.
1542 5198 1596 5243 et
1644 5190 1713 5258 pl.
1766 5189 1871 5244 Re-

279 5256 820 5319 -:cntiores-Edilores
844 5272 913 5312 ex
939 5257 1042 5311 levi
1068 5257 1375 5325 coniectura
1408 5262 1583 5313 locum
1621 5256 1760 5315 nunc
1791 5262 1870 5314 sic

279 5341 596 5392 mutarunt:
626 5330 811 5385 easola
835 5329 1145 5383 aestimanda
1183 5329 1495 5399 (Gussauv.,
1546 5330 1865 5400 testimandi)

274 5404 647 5472 suntaccipere
661 5416 937 5472 pauperes,
971 5415 1083 5466 quae
1104 5401 1321 5472 liuinilcs
1353 5408 1550 5469 petunt.

352 5466 607 5535 bPlacuit
653 5466 981 5533 Editoribus,
1016 5468 1179 5524 verbo
1211 5466 1445 5539 oportere
1491 5472 1733 5535 sublato,
1775 5488 1863 5527 ac-

276 5563 498 5607 cersere
540 5544 594 5614 in
636 5542 751 5614 eius
799 5541 975 5614 locum
1022 5540 1264 5614 obtinere,
1310 5543 1453 5612 quod
1502 5558 1632 5597 sane
1672 5542 1868 5597 melius

276 5630 460 5676 sonat.
522 5612 721 5674 Verum
781 5612 1006 5682 nehipsis
1062 5613 1420 5681 obsequantur
1450 5615 1670 5670 obstant
1711 5615 1860 5678 Mss.,

280 5688 581 5764 pmsertjm
612 5683 804 5764 Laud?
840 5680 1041 5764 Germ,
1075 5680 1260 5764 l‘iorm.
1295 5694 1348 5764 et
1375 5683 1539 5764 Corb.
1574 5684 1754 5740 Germ.

358 5777 380 5803 e
405 5766 464 5817 ιιι
489 5760 697 5827 Germ,
728 5753 938 5819 Norm.,
964 5755 1361 5827 Laud.,AG0rb.
1406 5757 1591 5811 Germ.
1637 5766 1694 5813 et
1718 5756 1863 5824 aliis,

280 5850 331 5891 rt
360 5834 405 5889 si
427 5825 604 5886 oculos
618 5844 637 5894 ;
664 5839 824 5895 supra
849 5835 1023 5879 tamen
1056 5826 1145 5880 ubi
1168 5825 1309 5882 idem
1354 5834 1529 5882 textus
1571 5830 1859 5898 profertur,

286 5909 479 5979 legitur
510 5898 847 5973 simpliciter,
880 5902 928 5949 et
952 5897 1145 5952 oculos.

1995 4725 2259 4789 tribuunt,
2292 4723 2417 4794 quia
2446 4722 2563 4792 ipso
2586 4722 2815 4777 dationis
2836 4738 2951 4779 suae
2975 4740 3197 4789 munere
3222 4726 3307 4781 vix
3330 4728 3581 4785 eumdem

1993 4832 2274 4874 excessum
2299 4817 2565 4873 sermonis
2602 4826 2806 4886 tegunt.
2839 4817 3044 4886 Quibus
3084 4820 3223 4876 bene
3256 4836 3349 4891 per
3389 4823 3580 4881 Eccle-

1992 4910 2268 4966 siasticum
2321 4910 2510 4964 librum
2563 4909 2793 4965 dicitur:
2829 4910 2983 4965 Omni
3013 4911 3135 4966 dato
3177 4929 3278 4968 non
3301 4916 3389 4971 des
3422 4918 3584 4971 tristi-

1991 5002 2118 5055 tiam
2144 5001 2278 5055 verbi
2308 5000 2433 5054 mali
2462 4998 2651 5070 (Eccli.
2687 5017 2832 5068 xvtu,
2864 5003 2980 5073 i6).
3012 5004 3079 5058 Et
3116 5022 3332 5062 rursum
3360 5026 3373 5063 :
3406 5018 3429 5056 8
3449 5008 3584 5064 Ecce

2010 5191 2019 5200 ο
2052 5117 2077 5156 δ
2102 5119 2308 5201 Norm.,
2338 5120 2430 5187 sed
2461 5128 2631 5173 tamen
2663 5121 2841 5176 hac...
2871 5138 2941 5177 an
2961 5140 2994 5176 a
3015 5125 3302 5178 conditoris
3323 5128 3406 5179 sui
3454 5145 3575 5197 gra-

1980 5198 2096 5245 tia..
2110 5231 2123 5243 .
2150 5198 2453 5245 innotescat.

2055 5235 2235 5327 e'Ed.,
2284 5278 2346 5315 ea:
2383 5235 2690 5317 benditoris.
2744 5262 3052 5320 Lectionem
3085 5274 3323 5320 nostram
3372 5266 3574 5324 habent

1922 5352 1927 5359 ί
1961 5332 2188 5398 ‘Germz,
2214 5334 2397 5409 Nerio.
2434 5350 2643 5394 omnes.
2676 5334 2906 5409 Turium.
2934 5336 3094 5409 Corb.
3121 5336 3334 5409 Germ”
3356 5339 3564 5409 ‘Laud.,

1976 5413 2109 5469 etc.,
2139 5416 2193 5457 et
2214 5406 2377 5481 intra,
2410 5408 2545 5481 quod
2571 5424 2601 5459 a
2633 5407 2945 5474 conditione,
3000 5406 3088 5461 ubi
3118 5407 3172 5461 in
3221 5400 3329 5463 Ed.
3350 5400 3568 5481 legeba-

1980 5485 2064 5528 tur
2093 5476 2230 5546 quod
2257 5494 2287 5528 a
2317 5478 2599 5532 conditore.

2057 5545 2075 5583 ί
2098 5544 2304 5625 ῌοιιηιη
2331 5556 2385 5625 ut
2404 5548 2594 5625 vicaria
2622 5563 2821 5617 semper
2850 5564 2946 5625 ope
2968 5548 3296 5625 se__fulciant.
3328 5554 3402 5625 Ita
3434 5571 3567 5625 quo-

1979 5633 2083 5686 que
2108 5618 2306 5679 Laud,
2339 5619 2497 5687 (ξονι).
2535 5617 2715 5673 Germ.
2748 5628 2801 5670 et
2852 5617 2964 5673 Val.
2999 5618 3106 5683 CL,
3138 5620 3232 5676 sed
3279 5620 3328 5677 in
3362 5617 3567 5687 Turon.

1978 5684 2033 5742 et
2058 5684 2571 5773 Germ‘.ulegitur..ut
2594 5689 2862 5769 vicarian
2881 5705 3163 5773 puppem
3185 5694 3422 5763 fulciant.

2050 5769 2075 5806 ε
2104 5760 2157 5815 ln
2189 5759 2349 5813 Gilot.
2382 5772 2435 5811 et
2464 5756 2581 5812 aliis
2607 5756 2951 5815 recentiorib.
2988 5756 3151 5823 Edit,,
3185 5756 3317 5820 ladde
3338 5771 3564 5825 verbum.

1979 5829 2198 5887 Veteres
2217 5828 2312 5883 Ed.
2329 5828 2805 5886 consentiuntMss.
2830 5874 2844 5894 ,
2867 5831 3190 5902 habentque,
3214 5856 3321 5892 cccc
3344 5843 3566 5895 verbum.
