4024 6352
537 394 639 449 207

1756 389 2003 448 SANCTI
2046 389 2371 447 GREGORII
2412 389 2626 447 MAGNI

3707 389 3814 446 308

536 509 740 563 verbum
766 522 919 578 super
957 491 1137 561 datum
1164 505 1352 559 bonum
1370 544 1384 570 ,
1413 512 1460 558 et
1492 513 1703 574 utraque
1753 522 1869 559 cum
1917 505 2120 559 homine
2146 509 2200 569 Α
2227 505 2342 573 ipso
2364 505 2594 559 deterior
2630 502 2741 568 llat,
2764 517 2869 574 quo
2895 516 2954 559 se
2976 502 3233 574 indigenti
3257 503 3506 575 proximo
3523 503 3805 561 meliorem

539 602 821 671 iustiﬁcata
853 600 1040 672 (Ibid.,
1075 599 1200 670 17),
1233 599 1501 660 videlicet,
1559 611 1615 655 ut
1642 600 1824 686 datum
1874 601 2117 656 exhiberi

534 692 729 747 debeat
780 707 874 761 per
929 693 1215 760 pietatem,
1249 701 1305 745 ct
1354 694 1547 746 bonum
1577 696 1800 748 verbum
1837 695 1994 748 tribui
2025 709 2120 762 per

537 783 892 841 humilitatem
909 786 996 839 .At
1011 793 1218 848 contra,
1237 784 1326 838 alii
1341 799 1541 867 egenos
1563 782 1755 840 fratres
1779 800 1885 839 non
1907 787 2123 839 student

530 878 692 933 rebus
737 876 924 932 fulcire
951 889 1074 932 cum
1105 877 1334 944 possint,
1369 878 1462 932 sed
1512 877 1720 932 blandis
1765 888 1971 932 tantum
2000 894 2116 933 ser-

533 970 785 1025 monibus
812 980 836 1006 α
862 971 1062 1027 fovere.
1096 972 1241 1040 Quos
1271 973 1618 1028 vehementer
1644 972 1829 1027 Jacobi
1865 974 2123 1042 praedica-

533 1061 610 1117 tio
638 1072 819 1116 sancta
843 1064 1220 1132 reprehendit,
1272 1064 1455 1119 dicens
1482 1082 1496 1117 :
1525 1065 1586 1120 Si
1629 1077 1799 1138 autem
1846 1067 2005 1136 frater
2031 1077 2122 1121 aut

530 1171 678 1209 soror
705 1155 832 1209 nudi
853 1167 995 1225 sunt,
1025 1167 1071 1211 et
1099 1157 1327 1227 indigent
1357 1159 1492 1212 victu
1518 1159 1839 1224 quotidiana,
1865 1159 2002 1212 dicat
2031 1177 2124 1214 au-

533 1257 635 1300 tem
665 1248 852 1316 aliquis
882 1266 946 1303 ea:
975 1249 1113 1302 vobis
1159 1250 1263 1302 illis
1288 1265 1305 1301 :
1331 1249 1409 1303 Ite
1436 1251 1487 1302 in
1519 1267 1661 1321 pace,
1695 1251 2036 1320 calefacimini
2076 1261 2126 1304 et

532 1345 869 1408 saturatttini,‘
896 1361 998 1398 non
1017 1344 1258 1398 dederitis
1282 1355 1452 1397 autem
1481 1347 1549 1398 eis
1572 1361 1686 1415 qua:
1707 1346 1994 1399 necessaria
2008 1356 2126 1399 sunt

533 1436 765 1504 corpori,
792 1437 916 1506 quid
949 1436 1086 1489 vobis
1117 1437 1384 1506 proderit?
1415 1434 1440 1474 ι)
1466 1437 1610 1502 Quos
1648 1438 1884 1492 Joannes
1914 1453 2126 1507 quoque

535 1527 824 1596 Apostolus
854 1528 1127 1594 admonet,
1154 1527 1340 1582 dicens
1371 1545 1385 1582 :
1413 1526 1597 1582 Filioli
1634 1531 1755 1592 mei,
1800 1545 1901 1582 non
1932 1531 2124 1598 diliga-

534 1642 649 1678 mus
677 1627 842 1687 verbo,
875 1641 964 1678 nec
988 1626 1186 1695 lingua,
1243 1625 1330 1678 sed
1373 1641 1523 1692 apere
1551 1635 1598 1678 et
1628 1626 1834 1678 veritate
1863 1623 1923 1697 (1
1957 1624 2118 1678 Joan.

534 1699 756 1786 111,15).
794 1715 1014 1770 Dilectio
1060 1729 1290 1784 namque
1336 1725 1515 1769 nostra
1561 1730 1771 1784 semper
1816 1715 2120 1770 exhibenda

535 1815 619 1861 est
645 1816 698 1860 et
723 1806 1069 1861 veneratione
1097 1807 1385 1871 sermonis,
1429 1816 1483 1861 et
1510 1807 1810 1862 tniniSterio
1838 1808 2124 1879 largitatis.

2229 606 2392 665 putat.
2427 594 2600 650 Minus
2626 596 2819 666 quippe
2841 595 2993 666 ineps
3021 608 3101 651 est
3131 597 3218 667 qui
3252 607 3454 652 vestem
3486 612 3589 652 non
3649 596 3814 652 habet

2225 708 2384 762 quam
2415 693 2504 761 qui
2530 692 2908 747 humilitatem.
2945 691 3096 748 Unde
3124 706 3346 747 necesse
3369 703 3451 747 est
3481 701 3538 746 ut
3571 707 3690 747 cum
3719 708 3816 746 ua-

2229 793 2360 840 tura:
2393 796 2587 840 nostra:
2618 797 2896 842 consortes
2920 787 3194 841 exteriora
3224 801 3330 842 non
3359 786 3558 842 habere
3599 786 3813 857 conspi-

2227 879 2417 942 cimus,
2453 894 2610 949 quam
2645 880 2808 934 multa
2839 879 2994 933 nobis
3025 879 3203 934 desint
3234 879 3372 934 bona
3403 879 3656 958 interiora
3688 893 3820 947 pen-

2230 987 2442 1036 semus;
2475 981 2736 1042 quatenus
2766 986 2886 1028 sese
2912 987 3074 1042 super
3098 971 3285 1043 inopes
3306 973 3560 1044 cogitatio
3581 987 3687 1028 non
3710 971 3821 1028 ele-

2227 1080 2336 1133 vet,
2368 1082 2486 1122 cum
2518 1069 2744 1122 solerter
2773 1068 2922 1122 videt
2951 1069 3073 1136 quia
3122 1082 3226 1124 nos
3253 1077 3402 1124 tanto
3429 1068 3610 1124 verius
3640 1081 3814 1138 quan-

2228 1161 2359 1213 to’et
2389 1159 2612 1214 interius
2656 1159 2957 1230 indigentes
2986 1176 3195 1216 sumus.

2300 1248 2608 1312 51.“;Etiam
2666 1253 2937 1322 incognitis
2987 1263 3222 1323 erogetur
3268 1252 3607 1322 eleemosgna.
3655 1249 3824 1304 —Et

2233 1343 2356 1411 quia
2387 1353 2511 1397 sunt
2543 1344 2782 1398 nonnulli
2809 1345 2900 1414 qui
2936 1345 3149 1415 pietatis
3189 1359 3299 1399 sua:
3343 1345 3548 1398 viscera
3601 1342 3825 1396 tendere

2239 1447 2405 1502 usque
2431 1432 2496 1487 ad
2528 1434 2824 1503 incognitos
2855 1434 3120 1501 nesciunt,
3152 1433 3245 1488 sed
3288 1432 3416 1487 solis
3443 1446 3578 1503 quos
3608 1446 3702 1502 per
3733 1445 3823 1486 as-

2226 1526 2528 1582 siduitatem
2563 1527 2766 1580 notitiae
2794 1525 3074 1580 didicerint
3123 1526 3466 1591 miserentur,
3518 1524 3659 1593 apud
3684 1536 3821 1592 quos

2229 1621 2480 1674 nimirum
2515 1621 2633 1688 plus
2666 1619 2995 1673 familiaritas
3038 1633 3193 1687 quam
3243 1626 3434 1670 natura
3462 1617 3601 1670 valet
3631 1656 3647 1678 ,
3693 1613 3821 1666 dum

2231 1711 2549 1780 quibusdam
2591 1709 2893 1764 necessaria
2937 1724 3040 1762 non
3086 1708 3208 1778 quia
3255 1706 3520 1770 homines,
3563 1704 3657 1759 sed
3701 1702 3824 1772 quia

2235 1799 2342 1853 noti
2374 1808 2518 1863 sunt,
2554 1799 2871 1868 largiuntur,
2903 1798 3040 1853 bene
3073 1812 3214 1852 nunc
3246 1811 3340 1866 per
3375 1796 3587 1852 beatum
3614 1793 3717 1850 Job
3743 1793 3825 1848 di-

607 1896 749 1968 [Vet.
792 1895 878 1951 XI
895 1897 978 1969 V.)
1003 1897 1326 1963 Pauperibus
1347 1898 1717 1970 eleemosynam
1736 1900 1938 1969 dantes,
1965 1913 2138 1969 patro-
2167 1900 2216 1960 B
2240 1900 2405 1950 citur:
2438 1897 2500 1951 Si
2535 1897 2743 1967 despexi
2776 1906 3182 1967 prwtereuntem,
3209 1912 3266 1949 eo
3298 1897 3433 1965 quod
3465 1911 3566 1949 non
3594 1891 3826 1946 habuerit

535 1990 613 2043 nis
643 2006 856 2042 munera
877 1989 1160 2058 oﬂ'erimus.
1195 1989 1523 2044 Seminantus
1547 2007 1659 2060 qua:
1685 2002 1858 2056 postea
1881 2007 1995 2043 cum
2019 2007 2128 2043 nta-

535 2098 638 2152 gno
667 2085 843 2152 fenore
872 2090 1147 2134 metamus.
1181 2110 1252 2120 —
1273 2081 1497 2136 Multum
1531 2097 1656 2137 vero
1687 2082 1753 2137 ad
1770 2083 2128 2136 edomandam

539 2172 718 2228 dantis
750 2173 1054 2244 superbiam
1081 2173 1246 2238 valet,
1271 2174 1316 2228 si
1347 2189 1470 2227 cum
1500 2183 1712 2228 terrena
1745 2175 1931 2230 tribuit
1964 2175 2128 2230 verba

534 2263 766 2319 sollicite
794 2263 1030 2333 magistri
1061 2264 1295 2318 cmlestis
1330 2275 1538 2332 penset,
1571 2268 1661 2335 qui
1687 2266 1802 2320 ait:
1828 2263 2014 2321 Facite
2039 2284 2130 2321 vo-

535 2354 610 2409 bis
639 2357 832 2409 amicos
861 2356 923 2410 de
947 2373 1239 2409 mammona
1265 2356 1569 2427 iniquitatis,
1603 2369 1657 2412 ut
1681 2375 1795 2411 cum
1815 2359 2130 2428 defeceritis,

535 2448 784 2516 recipiant
818 2464 904 2503 vos
949 2449 1004 2502 in
1032 2457 1226 2504 (eterna
1255 2449 1580 2503 tabernacula
1612 2448 1762 2519 (Luc.
1797 2467 1912 2514 xv1,
1944 2450 2035 2522 9).
2071 2451 2128 2508 Si

535 2539 680 2594 enim
701 2555 886 2595 eorum
910 2540 1162 2595 amicitiis
1184 2549 1384 2595 azterna
1410 2543 1752 2596 tabernacula
1777 2543 2129 2612 acquirimus,

537 2631 726 2686 dantes
759 2632 940 2700 procul
972 2631 1137 2687 dubio
1168 2647 1395 2701 pensare
1415 2632 1696 2699 debemus,
1723 2635 1846 2702 quia
1891 2637 2128 2704 patronis

537 2725 715 2792 potius
751 2739 974 2781 munera
1003 2726 1280 2781 oderimus
1303 2741 1462 2796 quam
1486 2729 1669 2797 egenis
1691 2727 1829 2782 dona
1853 2729 2128 2796 largimur.

534 2816 672 2871 Hinc
695 2833 789 2887 per
817 2818 1037 2873 Paulum
1069 2819 1302 2874 dicitur:
1336 2819 1520 2874 Vestra
1569 2823 1889 2876 abundantia
1920 2823 2132 2876 illorum

534 2912 760 2982 inopiam
783 2912 1042 2983 suppleat,
1071 2924 1124 2966 ut
1149 2922 1197 2967 et
1221 2914 1431 2967 illorum
1461 2915 1776 2969 abundantia
1805 2929 1982 2970 vestra:
2012 2917 2129 2970 ino-

534 3005 632 3075 pia:
660 3006 724 3058 sit
751 3008 1157 3078 supplementum
1210 3005 1297 3078 (II
1327 3009 1442 3064 Cor.
1482 3025 1538 3075 11,
1574 3011 1696 3080 14).
1761 3011 1830 3066 Ut
1884 3012 2133 3066 videlicet

537 3098 766 3154 sollicite
794 3101 1191 3169 perpendamus
1217 3101 1344 3171 quia
1379 3114 1433 3156 et
1460 3117 1554 3156 eos
1583 3119 1719 3172 quos
1753 3120 1892 3158 nunc
1939 3105 2127 3173 in0pes

535 3189 836 3257 cernimus,
892 3192 1229 3246 abundantes
1301 3194 1625 3264 quandoque
1687 3195 2018 3262 videbimus;
2079 3207 2132 3251 et

2231 1988 2603 2042 indumentum.
2655 1989 2839 2059 ignoto
2887 1989 3030 2043 enim
3072 1989 3314 2058 proximo
3346 1988 3623 2042 ntisertum
3652 1999 3713 2040 se
3744 1985 3825 2038 in-

2235 2081 2402 2144 dicat,
2428 2096 2586 2150 quem
2617 2090 3029 2150 praetereuntem
3059 2091 3234 2146 vocat,
3264 2079 3384 2149 quia
3412 2077 3656 2134 videlicet
3683 2074 3824 2146 apud

2237 2175 2376 2244 piam
2431 2185 2664 2230 mentem
2710 2159 3044 2244 plus'natura
3093 2174 3234 2228 valet
3263 2188 3418 2243 quam
3452 2170 3663 2226 notitia.
3690 2169 3826 2224 Nam

2236 2275 2290 2320 et
2335 2265 2703 2336 unusquisque
2746 2268 2836 2336 qui
2865 2265 3086 2336 indiget,
3128 2279 3194 2320 eo
3237 2265 3354 2332 ipso
3394 2277 3501 2334 quo
3528 2261 3690 2318 homo
3720 2269 3826 2326 est,

2233 2359 2281 2415 ei
2308 2358 2419 2430 jam
2449 2357 2746 2428 incognitus
2774 2375 2879 2414 non
2912 2370 3014 2413 est.
3041 2358 3334 2428 Sequitur:

2670 2451 2896 2507 CAPUT
2933 2451 3032 2506 XX
3063 2450 3211 2523 [Rea
3246 2447 3397 2521 XV].

2308 2544 2470 2598 Vens.
2502 2545 2670 2598 2L—
2685 2544 2748 2599 Si
2777 2542 2936 2597 levavi
2956 2558 3110 2612 super
3144 2541 3401 2612 pupillum
3417 2557 3624 2596 manum
3642 2555 3827 2607 meatu,

2235 2634 2259 2671 ί¹
2282 2638 2433 2690 etiam
2463 2653 2579 2689 cum
2623 2637 2842 2690 viderent
2872 2652 2950 2689 me
2975 2636 3025 2688 in
3050 2645 3195 2704 porta
3223 2635 3553 2703 superiorem.

2306 2727 2393 2781 32.
2429 2728 2608 2781 Sancti
2640 2727 2852 2782 libenter
2881 2729 3129 2800 injuriam
3159 2727 3444 2798 patiuntur,
3477 2735 3526 2779 et
3567 2740 3683 2795 quis:
3733 2723 3828 2777 sibi

2236 2820 2479 2875 debentur
2507 2832 2685 2877 cavent
2719 2823 3000 2875 districtius
3030 2826 3254 2892 exigere.
3284 2849 3353 2860 -—
3381 2819 3495 2874 Mos
3520 2818 3654 2888 apud
3684 2825 3829 2872 vete-

2235 2928 2321 2978 res
2353 2913 2449 2968 fuit
2487 2925 2544 2969 ut
2571 2914 2638 2969 ad
2676 2925 2886 2984 portam
2917 2915 3161 2970 seniores
3191 2912 3462 2977 sederent,
3493 2911 3583 2980 qui
3616 2918 3830 2964 certan-

2237 3005 2368 3061 tium
2395 3005 2568 3076 jurgia
2595 3005 2881 3077 judiciaria
2927 3006 3323 3062 examinatione
3353 3014 3377 3042 ⁸
3421 3005 3828 3068 discernerent;

2236 3106 2497 3166 quatenus
2520 3103 2735 3164 urbem,
2762 3099 2816 3153 in
2842 3114 2945 3168 qua
2967 3097 3305 3153 concorditer
3325 3105 3601 3166 oporteret
3622 3095 3828 3160 vivere,

2237 3189 2511 3244 discordes
2542 3190 2760 3245 minime
2801 3191 3083 3246 intrarent.
3120 3190 3271 3247 Unde
3300 3198 3353 3245 et
3385 3205 3477 3258 per
3505 3189 3830 3259 prophetam

537 3283 698 3353 693
742 3283 833 3351 qui
877 3284 1564 3353 abundantesaspicimur,
1597 3287 1642 3340 si
1694 3286 1876 3354 largiri
1909 3289 2132 3358 negligi-
2164 3285 2207 3347 C
2241 3281 2496 3336 Dominus
2522 3283 2688 3337 dicit:
2730 3282 3034 3339 Constituite
3064 3286 3118 3338 in
3147 3293 3294 3354 porta
3323 3284 3597 3350 iudicium.
3627 3283 3830 3352 (Amos.

537 3391 654 3429 mus
676 3375 998 3446 quandoque
1025 3376 1214 3447 inopes
1245 3377 1467 3432 erimus.
1498 3378 1597 3444 Qui
1623 3379 1803 3447 itaque
1833 3392 1973 3434 nunc
1996 3390 2129 3434 tem-

538 3469 722 3534 porale
749 3468 1051 3523 subsidium
1086 3471 1307 3539 pauperi
1341 3469 1562 3537 tribuit,
1595 3469 1664 3525 ab
1689 3484 1754 3524 eo
1785 3469 2127 3538 postmodum

537 3571 795 3630 perpetua
825 3571 1162 3629 recepturus,
1196 3571 1252 3615 ut
1282 3561 1351 3615 ita
1397 3560 1590 3627 dicam,
1631 3563 1779 3631 quasi
1813 3561 1881 3616 ad
1928 3563 2134 3633 [fllgt'ln

537 3661 734 3706 terram
765 3651 983 3717 excolit,
1013 3667 1134 3721 qua:
1163 3651 1305 3720 quod
1345 3651 1617 3721 acceperit
1651 3653 1868 3708 uberius
1924 3655 2122 3709 reddit.

537 3740 728 3795 Restat
755 3755 883 3810 ergo
912 3749 968 3794 ut
1022 3755 1292 3808 nunquam
1345 3741 1507 3796 elatio
1557 3752 1743 3813 surgat
1789 3757 1856 3797 ex
1911 3733 2138 3802 munere

542 3833 756 3901 quando
813 3832 1065 3888 videlicet
1094 3833 1246 3889 dives
1296 3849 1366 3889 ex
1399 3850 1464 3889 eo
1493 3836 1634 3905 quod
1689 3839 1906 3907 pauperi
1957 3840 2139 3894 tribuit

539 3925 648 3994 agit
696 3933 753 3977 ut
779 3925 830 3978 in
868 3932 1186 3993 perpetuum
1234 3939 1435 3994 pauper
1465 3941 1572 3980 non
1601 3929 1690 3980 sit.
1746 3929 1939 3984 Beatus
1978 3931 2138 3999 igitur

541 4014 642 4070 Job
674 4023 733 4069 ut
761 4014 1043 4085 diligenter
1086 4015 1398 4070 ostenderet
1423 4015 1697 4070 humilitas
1727 4028 1890 4088 atque
1922 4021 2132 4075 miseri-

540 4109 722 4166 cordia
747 4116 945 4177 quanta
975 4108 1030 4161 in
1059 4123 1124 4162 eo
1154 4108 1317 4162 fuerit
1341 4109 1776 4164 consideratione
1795 4114 1994 4166 sociata
2018 4114 2092 4166 ait
2118 4131 2130 4165 :

540 4204 602 4258 Si
631 4200 852 4272 despexi
882 4211 1292 4269 praetereuntem,
1317 4217 1375 4254 eo
1410 4202 1548 4271 quod
1574 4219 1674 4255 non
1722 4205 1953 4258 habuerit
1981 4206 2133 4259 indu-

539 4303 788 4359 mentum,
837 4301 883 4346 et
912 4292 1098 4360 absque
1127 4293 1434 4362 operimento
1463 4311 1772 4362 pauperem;
1803 4298 1845 4350 si
1875 4314 1973 4350 non
2011 4300 2136 4366 ﬁbe-

541 4388 842 4440 nedix‘erunt
869 4385 995 4438 mihi
1022 4383 1186 4438 latera
1211 4389 1343 4455 ejus,
1363 4395 1410 4438 et
1434 4385 1496 4440 de
1519 4388 1787 4443 velleribus
1810 4391 1977 4442 ovium
1998 4407 2132 4444 mea-

541 4495 657 4532 rum
711 4477 993 4548 calefactus
1041 4486 1134 4531 est.
1191 4479 1269 4531 Ac
1299 4477 1344 4530 si
1377 4489 1561 4546 aperte
1591 4479 1832 4534 diceret:
1859 4481 1912 4535 ln
1952 4497 2136 4539 amore

539 4571 775 4641 proximi
804 4585 911 4625 uno
941 4569 1238 4638 eodemque
1283 4569 1473 4625 ordine
1497 4580 1551 4625 et
1597 4571 1863 4641 superbia:
1913 4575 2094 4629 vitium
2116 4619 2132 4641 ,

2242 3393 2293 3445 v,
2332 3379 2444 3450 15).
2478 3379 2590 3434 Hoc
2617 3381 2794 3450 itaque
2825 3383 2942 3436 loco
2972 3381 3097 3450 quid
3129 3392 3296 3454 porta:
3327 3380 3544 3435 nomine
3573 3378 3830 3448 exprimi-

2242 3483 2327 3527 tur
2357 3475 2462 3529 nisi
2502 3476 2552 3529 id
2589 3476 2730 3547 quod
2760 3477 3016 3548 agebatur
3038 3479 3090 3533 in
3123 3478 3318 3548 porta?
3342 3478 3491 3534 Sicut
3518 3476 3660 3532 enim
3709 3489 3828 3545 pug-

2240 3583 2371 3624 nare
2400 3581 2573 3624 castra
2601 3569 2848 3639 dicimus,
2882 3587 2979 3642 pro
3006 3588 3073 3628 eo
3098 3573 3238 3643 quod
3271 3583 3532 3644 pugnatur
3566 3569 3586 3609 ί
3617 3585 3681 3627 ex
3709 3585 3820 3625 cas-

2241 3662 2376 3729 tris;
2410 3663 2477 3718 ita
2514 3663 2798 3734 judicium,
2844 3665 2997 3734 quod.
3035 3667 3090 3721 in
3138 3674 3290 3736 porta
3319 3666 3403 3737 agi
3453 3672 3824 3728 consueverat,

2241 3763 2392 3822 porta
2426 3757 2751 3811 nominatur.
2789 3760 2842 3812 In
2876 3769 3026 3828 porta
3057 3773 3184 3829 ergo
3213 3774 3272 3814 se
3298 3759 3629 3828 superiorem
3659 3758 3826 3824 videt,

2241 3847 2329 3916 qui
2359 3863 2416 3902 se
2443 3849 2680 3904 melioris
2706 3853 2871 3919 partis
2897 3866 3018 3907 esse
3045 3852 3096 3906 in
3122 3851 3324 3921 judicio
3351 3852 3616 3922 aequitatis
3638 3852 3831 3906 merito

2239 3940 2524 4008 conspicit.
2576 3942 2772 3996 Beatus
2821 3943 2982 4014 igitur
3018 3943 3140 4009 Job,
3179 3945 3304 4012 quia
3351 3959 3449 4000 nec
3488 3954 3614 3999 tunc
3639 3953 3832 4000 centra

2241 4032 2499 4102 pupillum
2532 4042 2554 4078 8
2588 4048 2802 4088 manum
2834 4035 3067 4101 exeruit,
3111 4051 3231 4091 cum
3277 4051 3339 4092 se
3367 4039 3526 4093 etiam
3558 4053 3652 4106 per
3676 4034 3834 4106 justi-

2239 4126 2326 4178 tize
2357 4127 2605 4180 meritum
2636 4127 2899 4196 potiorem
2933 4127 3062 4181 vidit
3092 4169 3107 4196 ,
3150 4127 3305 4183 nobis
3335 4128 3542 4184 timoris
3586 4127 3833 4196 regulam

2238 4215 2537 4279 insinuans,
2584 4218 2752 4274 dicit:
2785 4218 2845 4275 Si
2875 4219 3034 4274 levavi
3063 4237 3214 4291 super
3242 4221 3499 4291 pupillum
3531 4219 3699 4291 694
3725 4237 3833 4274 ma-

2239 4324 2361 4361 num
2383 4325 2567 4374 meam,
2597 4312 2748 4364 etiam
2770 4328 2884 4367 cum
2913 4314 3131 4368 viderem
3150 4331 3230 4369 me
3251 4317 3303 4368 in
3326 4326 3473 4384 porta
3492 4317 3832 4385 superiorem.

2237 4399 2315 4454 Ac
2339 4403 2381 4454 si
2409 4413 2650 4471 patenter
2679 4404 2846 4460 dicat:
2873 4405 3056 4477 Neque
3087 4415 3212 4462 tunc
3231 4409 3471 4462 utilitatis
3504 4422 3637 4462 mea:
3670 4423 3832 4477 nego.

2241 4493 2309 4546 tia
2339 4502 2538 4551 virtute
2568 4505 2758 4552 contra
2791 4500 3045 4568 pupillum
3070 4504 3291 4571 exsequi
3311 4502 3476 4567 volui,
3502 4502 3720 4571 quando
3747 4517 3835 4560 me

2239 4584 2292 4639 in
2318 4585 2519 4654 judicio
2549 4580 2710 4644 etiam
2743 4606 2806 4645 ex
2831 4590 3037 4661 justitia
3067 4594 3325 4663 potiorem
3357 4594 3480 4647 vidi.
3503 4593 3648 4668 [νει.
3677 4593 3836 4667 XV.]

540 4672 597 4720 et
625 4665 917 4734 impietatis
947 4679 1218 4734 premens,
1268 4674 1688 4734 praetereuntem
1720 4672 2030 4739 quempiam
2073 4680 2128 4726 et

2243 4676 2420 4733 Sancti
2452 4681 2647 4735 etenim
2682 4681 2781 4737 viri
2832 4683 3045 4751 quando
3091 4700 3213 4739 cum
3262 4665 3837 4754 personisvtninoribus

539 4755 816 4810 humiliter
868 4754 1136 4824 aspiciens
1167 4768 1276 4809 non
1309 4755 1552 4824 despexi,
1607 4767 1662 4811 et
1709 4759 2132 4816 misericorditer

542 4844 787 4902 calefeci.
817 4845 1070 4916 Quisquis
1101 4847 1243 4901 enim
1277 4862 1439 4914 super
1467 4862 1591 4903 eum
1621 4850 1704 4903 cui
1727 4851 1926 4920 aliquid
1953 4853 2134 4907 tribuit

541 4941 680 4996 fastu
711 4954 771 4994 se
794 4938 1040 4994 elationis
1090 4939 1319 5004 extollit,
1369 4940 1627 5009 majorem
1682 4944 1889 5010 culpam
1942 4944 2136 4999 intrin-

542 5053 698 5095 secus
746 5035 1104 5106 superbiendo
1157 5037 1387 5104 peragit,
1439 5053 1598 5106 quam
1651 5038 1988 5094 extrinsecus
2030 5041 2134 5094 lar-

539 5130 757 5202 giendo,
778 5127 1104 5190 mercedem,
1134 5129 1298 5197 ﬁtque
1324 5127 1440 5197 ipse
1475 5128 1627 5184 bonis
1659 5130 2003 5187 interioribus
2033 5149 2131 5188 nu-

538 5225 641 5282 dus
659 5266 678 5294 ,
704 5240 826 5282 cum
851 5223 1056 5280 nudum
1088 5222 1322 5291 despicit
1349 5223 1619 5289 vestiens;
1660 5239 1832 5295 coque
1861 5227 1970 5298 agit
1992 5237 2048 5284 ut
2073 5244 2134 5285 se

614 5377 642 5404 ι
664 5366 916 5434 Vindoc.,
949 5367 1141 5434 favere.

614 5436 883 5504 bNortn.,
930 5437 1067 5495 quod
1098 5435 1350 5494 Joannes.
1409 5435 1626 5501 Germ.,
1675 5435 1858 5506 quibus
1903 5434 2132 5492 Joannes

543 5509 688 5563 dicit.

619 5590 643 5617 α
675 5579 910 5642 Gemet.,
945 5578 1303 5633 benedirerunt
1326 5596 1422 5635 me.

613 5653 638 5686 α
674 5651 835 5704 Deest
863 5653 1016 5703 etiam
1046 5667 1095 5702 tn
1132 5651 1272 5705 Laud
1307 5661 1357 5703 et
1389 5650 1520 5718 pler.
1549 5650 1733 5705 Norm.

617 5732 644 5759 ⁸
675 5720 849 5774 Locus
901 5721 989 5774 hic
1032 5722 1181 5774 varic
1213 5731 1487 5784 torquetur
1540 5724 1590 5775 in
1638 5723 1762 5777 Mss.
1800 5722 2020 5776 Vindoc.
2077 5733 2130 5778 et

542 5791 708 5846 Corb.
731 5790 913 5845 Germ.
946 5790 1166 5862 habent,
1195 5793 1584 5862 distinguerent.
1609 5795 1808 5849 Turon.
1841 5804 1894 5848 et
1920 5794 2128 5862 Germ.,

544 5863 930 5937 distringerent.
964 5860 1186 5927 Pratel.,
1236 5860 1416 5930 Becc.,
1462 5862 1605 5922 Utic.
1648 5876 1702 5923 et
1746 5867 1881 5936 pler.
1917 5860 2131 5937 Nomm,

543 5934 917 6004 disjuttyerettt.

2245 4772 2646 4828 contentionum
2685 4775 2894 4846 negotia
2927 4776 3177 4841 subeunt,
3227 4777 3352 4832 dum
3383 4792 3608 4847 gravare
3650 4779 3734 4833 vel
3783 4780 3837 4836 in

2245 4865 2480 4919 minimis
2512 4866 2719 4935 timent,
2753 4868 2852 4933 ipsi
2891 4879 3074 4924 contra
3103 4869 3362 4938 justitiam
3389 4874 3600 4940 gravari
3632 4889 3837 4939 nequa-

2246 4973 2401 5026 quam
2432 4959 2720 5031 refngiunt.
2770 4961 2959 5017 Sciunt
3001 4965 3200 5036 quippe
3228 4966 3349 5034 quia
3379 4967 3557 5022 omnis
3598 4967 3839 5026 humana

2239 5049 2446 5118 justitia
2487 5053 2744 5121 iujustitia
2782 5069 2903 5112 esse
2935 5056 2960 5093 ιι
3006 5059 3435 5127 reprelienditur,
3486 5061 3531 5115 si
3576 5062 3840 5119 divinitus

2247 5141 2484 5199 districto.
2526 5147 2809 5212 judicetur.
2842 5148 2993 5205 Unde
3035 5150 3136 5206 hoc
3161 5152 3300 5222 quod
3329 5153 3431 5207 sibi
3457 5158 3718 5224 competit
3748 5172 3839 5212 ca-

2238 5244 2364 5290 vent
2392 5238 2738 5296 vehementer
2764 5243 3002 5314 exigere,
3032 5259 3104 5300 ne
3131 5259 3317 5301 eorum
3355 5259 3508 5304 actus
3532 5263 3838 5317 supernam

2319 5373 2338 5412 τ
2370 5376 2579 5443 Norm.,
2611 5379 2664 5432 in
2685 5380 2889 5432 castris.

2312 5455 2338 5492 8
2370 5449 2442 5502 ita
2475 5449 2633 5504 Corb.
2669 5449 2876 5517 Germ.,
2914 5450 3081 5505 Laud.
3111 5459 3168 5507 et
3197 5451 3268 5518 pl.
3305 5450 3522 5519 Norrn.,
3556 5454 3647 5510 tibi
3688 5457 3842 5517 Editi

2239 5533 2362 5574 cum
2409 5520 2591 5598 (iernt.
2625 5520 2830 5598 habent
2867 5539 3073 5577 manuni
3119 5525 3384 5598 erercuit;
3413 5537 3468 5581 et
3500 5528 3660 5595 paulo
3692 5545 3840 5598 post,

2243 5593 2575 5669 potentiorem
2592 5609 2702 5669 pro
2727 5594 2997 5669 potiorem,
3029 5604 3097 5669 u_t_
3119 5594 3309 5662 legitur
3333 5593 3537 5669 passim
3568 5599 3618 5652 in
3653 5593 3788 5656 Mss.

2242 5662 2747 5741 prmsertimHCprb.
2791 5663 2973 5720 Germ.
2998 5706 3015 5733 ,
3055 5665 3240 5720 Norm.
3267 5705 3284 5732 ,
3331 5668 3559 5736 Turon.,
3595 5670 3788 5726 Germ.

2228 5731 2436 5805 Laud”
2466 5747 2519 5788 et
2547 5734 2660 5789 Val.
2689 5734 2772 5790 Cl.

2279 5800 2342 5928 ,ιξι
2371 5804 2482 5932 Abl?
2512 5805 2906 5894 deprehenditur
2956 5816 3015 5863 ut
3039 5817 3128 5866 est
3155 5809 3210 5866 in
3235 5821 3438 5869 recent.
3465 5812 3718 5880 Excusis,
3753 5815 3836 5874 in-

2279 5891 2292 5930 1
2322 5891 2365 5931 ts
2446 5891 2520 5932 ss.

2243 5885 2365 5931 Vills
2393 5885 2520 5934 MSS.
2569 5885 2578 5894 ’
