4066 6348
377 337 484 394 209

1153 327 1516 389 ΜοηΑιιυΜ
1557 328 1690 387 LIB.
1729 326 1869 386 XXI.
1913 356 1981 369 -—
2023 325 2088 381 IN
2127 324 2356 381 CAPUT
2395 325 2567 383 XXXI
2604 327 2666 384 Β.
2705 327 2840 383 JOB.

3541 329 3652 389 9.10

380 450 757 513 rectitudinem
785 451 1060 525 contingat
1105 451 1372 507 subtiliter
1399 453 1730 508 examinare.
1776 449 1882 506 Sed
1909 456 1969 503 ut
1993 448 2048 510 Α.
2069 459 2192 500 cum
2221 444 2545 515 quibuslibet
2572 445 2816 502 videatur
2842 460 2963 503 esse
2989 443 3017 484 ἀ
3046 446 3351 513 virtutibus,
3386 446 3610 501 solvitur
3631 489 3651 515 ,

381 546 606 604 inveniri
633 545 761 617 iusti
788 547 839 601 in
867 547 1048 602 divino
1091 546 1341 602 examine
1376 546 1615 612 valeant,
1647 545 1967 615 plerumque

383 639 520 709 apud
554 639 781 693 humana
802 637 1004 708 iudicia
1031 637 1244 708 gravari
1275 652 1334 692 se
1364 647 1417 692 et
1445 637 1641 707 injuste
1671 639 1963 706 patiuntur.

383 732 578 788 Beatus
601 741 775 786 autem
796 730 897 786 Job
921 729 1044 785 vitae
1071 745 1182 785 sua:
1205 729 1574 785 celsitudinem
1620 743 1863 793 narrans,
1913 738 1969 783 et

383 822 547 878 multa
563 833 688 878 sunt
715 822 918 890 etfmira
946 837 1064 892 qua:
1090 821 1241 876 dixit.
1266 820 1368 877 Sed
1392 821 1518 891 quia
1534 821 1846 891 plerumque
1869 819 1968 874 lut—

385 929 540 969 mana
570 927 721 968 mens
749 913 924 969 renuit
952 914 1088 967 bona
1118 911 1358 976 credere,
1387 927 1505 981 qua:
1534 911 1704 966 nescit
1731 910 1964 979 operari,

383 1006 652 1062 maledicti
702 1005 802 1060 sibi
847 1005 1166 1060 sententiam
1212 1005 1453 1073 protinus
1495 1003 1730 1071 subiicit,
1771 1004 1815 1057 si
1865 1017 1968 1073 qua

385 1101 575 1157 horum
604 1114 722 1170 qua:
748 1099 954 1153 dixerat
981 1112 1144 1166 epere
1173 1112 1276 1151 non
1303 1097 1563 1165 implevit,
1599 1095 1780 1150 dicens
1803 1114 1821 1150 :

774 1189 998 1262 CAPUT
1040 1188 1158 1243 XXI
1199 1187 1345 1262 [Reg
1389 1186 1572 1262 XVI].

456 1264 618 1318 Vens.
649 1261 738 1316 2‘2.
769 1291 840 1302 —
870 1261 1130 1314 Humerus
1171 1260 1310 1312 meus
1331 1260 1369 1311 ἀ
1389 1260 1641 1329 junctura
1670 1275 1766 1312 sua
1794 1260 1967 1329 cadat,

389 1366 437 1410 et
460 1355 725 1411 brachium
752 1371 918 1408 meum
947 1369 1061 1405 cum
1093 1352 1286 1405 ossibus
1315 1353 1419 1404 suis
1444 1357 1751 1404 conteratur.

452 1447 542 1504 55.
571 1447 855 1502 Concordia
883 1447 934 1499 in
956 1446 1216 1509 societate,
1249 1445 1358 1500 sine
1383 1445 1628 1512 patientia
1652 1459 1969 1517 perseverare

382 1556 481 1594 non
505 1548 687 1610 potest.
715 1569 784 1578 —
808 1538 940 1604 Quia
984 1537 1224 1606 operatio
1264 1551 1522 1606 corporea
1562 1553 1657 1606 per
1689 1539 1965 1595 humerum

379 1648 442 1688 ac
481 1631 758 1686 brachium
801 1631 995 1700 agitur,
1031 1631 1171 1684 bona
1200 1644 1322 1698 qua:
1345 1643 1438 1683 ore
1466 1629 1708 1698 protulit,
1738 1629 1784 1682 si
1804 1644 1966 1698 opere

383 1739 486 1779 non
516 1722 774 1796 implevit.
805 1723 999 1777 cadere
1042 1721 1142 1776 sibi
1185 1721 1468 1775 humerum
1496 1728 1550 1776 et
1594 1723 1798 1775 conteri
1839 1722 1966 1777 bra-

2070 540 2171 594 nisi
2205 554 2298 608 per
2339 539 2612 596 charitatis
2661 541 2932 596 vinculum
2979 540 3234 610 patientia
3281 549 3653 598 conservetur.

2067 634 2171 689 Sua
2202 635 2344 690 enim
2373 635 2514 689 bona
2546 644 2570 673 ο
2601 634 2776 704 perdit
2802 634 3014 704 operari
3061 633 3151 703 qui
3179 633 3357 689 aliena
3385 633 3525 687 mala
3553 644 3656 690 ro-

2069 726 2186 781 nuit
2212 727 2442 795 perpeti.
2477 725 2707 782 Fervore
2735 728 2930 799 quippe
2959 727 3204 783 iracundi
3235 725 3451 797 spiritus
3494 725 3655 780 laesus
3730 707 3736 716 ’

2069 820 2646 890 quisqueadilectione
2685 821 2872 886 resilit,
2895 830 2951 877 et
3000 836 3118 876 cum
3160 835 3220 875 se
3260 820 3494 876 exterius
3533 833 3656 890 gra-

2069 915 2180 967 vari
2244 929 2351 969 non
2417 914 2657 980 tolerat,
2715 914 2858 968 intus
2912 928 2970 968 se
3023 930 3118 981 per
3171 914 3423 968 amissum
3487 910 3506 950 ί
3564 913 3657 966 lu-

2069 1021 2188 1060 men
2243 1006 2516 1061 charitatis
2571 1006 2857 1071 obscurat;
2910 1021 3010 1061 nec
3063 1005 3206 1060 videt
3229 1005 3343 1075 iam
3373 1019 3482 1075 quo
3525 1012 3654 1058 ten-

2070 1098 2161 1153 dat
2186 1099 2375 1168 pedem
2407 1099 2533 1154 boni
2566 1099 2766 1168 operis,
2798 1099 2888 1167 qui
2918 1098 3130 1152 oculum
3158 1097 3388 1166 perdidit
3410 1095 3659 1151 dilectio-

2070 1191 2173 1244 nis.
2202 1189 2307 1245 Sed
2331 1190 2498 1244 sancti
2522 1190 2618 1243 viri
2645 1189 2896 1244 humerus
2919 1204 2948 1241 a
2975 1189 3222 1256 iunctura
3242 1202 3338 1242 sua
3361 1202 3466 1241 non
3491 1185 3656 1254 cadit,

2069 1284 2190 1353 quia
2221 1283 2468 1338 videlicet
2497 1283 2614 1352 ejus
2641 1283 2857 1353 dilectio
2897 1297 2927 1335 a
2970 1281 3184 1337 socialis
3214 1281 3337 1335 vitae
3367 1279 3658 1335 concordia

2068 1392 2166 1446 per
2192 1377 2577 1447 impatientiam
2605 1391 2711 1430 non
2735 1376 2960 1431 recedit.
2989 1375 3225 1446 Eiusque
3253 1375 3531 1429 brachium
3559 1375 3661 1429 mi-

2069 1467 2214 1522 nimc
2241 1467 2528 1538 frangitur,
2550 1469 2673 1537 quia
2705 1467 2878 1521 omnis
2907 1466 3023 1536 eius
3053 1465 3295 1534 operatio
3327 1467 3377 1519 in
3403 1465 3659 1534 coniunc-

2071 1559 2215 1613 tione
2259 1557 2486 1619 humeri,
2520 1557 2573 1610 id
2604 1567 2688 1611 est
2729 1558 2780 1611 in
2809 1557 3084 1611 charitatis
3113 1556 3454 1612 connexione
3481 1563 3660 1610 custo-

2071 1651 2234 1716 ditur,
2265 1650 2372 1706 Sed
2395 1664 2494 1720 qua
2518 1650 2955 1704 consideratione
2985 1651 3124 1704 bona
3151 1649 3266 1704 haec
3295 1657 3444 1703 tanta
3471 1649 3660 1718 egerit,

2069 1752 2227 1814 atque
2249 1761 2280 1799 a
2311 1745 2465 1799 malis
2493 1745 2742 1800 omnibus
2772 1759 2890 1799 sese
2915 1744 3258 1810 abstinuerit,
3290 1741 3531 1813 adiungit
3567 1740 3662 1797 dl-

383 1819 558 1871 chium
591 1823 826 1885 exoptat.
857 1815 933 1868 Ac
958 1816 1000 1868 si
1042 1821 1226 1884 aperte
1268 1813 1444 1867 dicat:
1474 1821 1501 1849 ει
1531 1812 1585 1867 Si
1613 1827 1674 1866 ea
1706 1828 1823 1882 quae
1852 1814 1962 1869 dixi
1995 1831 2042 1890 B
2068 1812 2195 1892 ρθήε
2216 1878 2228 1890 ,

388 1909 588 1979 operari
614 1908 790 1972 renui,
822 1907 994 1975 ipsum
1019 1905 1161 1973 quod
1185 1903 1314 1958 mihi
1337 1905 1404 1958 ad
1431 1904 1761 1972 operandum
1784 1905 1965 1962 datum

387 2011 466 2056 est
490 2000 730 2070 corporis
757 1999 1054 2054 membrum
1101 1997 1343 2066 perdam,
1375 2007 1434 2051 ut
1462 1997 1713 2052 videlicet
1741 1998 1897 2053 cadat
1934 2012 1964 2052 a

383 2111 623 2167 corpore,
655 2095 797 2166 quod
829 2107 1083 2148 exercere
1113 2092 1257 2146 nolui
1299 2092 1365 2146 ad
1397 2091 1703 2146 utilitatem.
1751 2092 1807 2144 Si
1837 2106 1966 2147 vero

380 2189 492 2244 ha>c
511 2187 780 2243 maledicti
804 2186 1069 2242 sententia
1095 2184 1160 2239 ad
1190 2185 1524 2254 spiritualem
1555 2194 1638 2238 est
1667 2183 1966 2254 intelligen-

376 2283 503 2337 tiam
533 2279 837 2346 rel’erenda,
869 2279 1037 2349 liquet
1066 2277 1305 2346 profecto
1346 2277 1488 2346 quod
1535 2276 1812 2330 brachium
1845 2291 1968 2331 cor-

378 2376 499 2446 pori
545 2389 643 2446 per
673 2373 955 2428 humerum
994 2370 1250 2440 jungitur.
1285 2368 1354 2424 Et
1398 2369 1540 2424 sicut
1569 2384 1661 2438 per
1687 2367 1964 2423 brachium

375 2473 514 2526 bona
562 2467 825 2538 Operatio,
870 2467 941 2520 ita
987 2479 1082 2534 per
1113 2464 1391 2518 humerum
1425 2461 1639 2518 socialis
1677 2463 1801 2516 vita:
1830 2475 1965 2516 con-

376 2561 585 2630 iunctio
615 2559 942 2628 designatur.
985 2556 1140 2612 Unde
1193 2554 1452 2625 prepheta
1495 2569 1706 2624 quoque
1755 2554 1964 2609 intuens

378 2662 592 2709 sanctos
620 2650 939 2706 universalis
986 2648 1240 2734 Ecclesia:
1268 2649 1497 2718 pepulos
1543 2647 1654 2702 Deo
1684 2648 1964 2704 concordi-

375 2757 462 2803 ter
486 2747 799 2812 servituros,
843 2745 954 2798 ait:
1003 2741 1068 2796 Et
1111 2743 1331 2797 servient
1382 2742 1427 2796 ei
1455 2739 1483 2780 δ
1525 2743 1578 2794 in
1607 2741 1817 2796 humero
1862 2760 1965 2799 uno

374 2836 644 2906 {Saphom
679 2849 760 2900 tu,
788 2833 867 2903 9).
893 2832 950 2887 In
981 2846 1046 2887 eo
1075 2846 1203 2902 ergo
1232 2830 1372 2901 quod
1399 2830 1567 2885 dicit:
1599 2830 1659 2885 Si
1687 2831 1845 2885 levavi
1871 2848 1963 2886 su-

376 2945 469 3000 per
498 2926 756 2998 pupillum
778 2941 984 2979 ntanum
1004 2940 1188 2988 meam,
1213 2924 1363 2978 etiam
1394 2940 1511 2976 eum
1535 2924 1756 2978 viderem
1794 2942 1873 2979 me
1908 2925 1964 2980 in

375 3032 527 3092 porta
554 3021 884 3091 superiorem,
915 3019 1103 3073 miram
1134 3017 1385 3072 virtutem
1416 3018 1686 3086 patientiae
1716 3032 1962 3074 servasse

375 3129 436 3171 se
464 3112 677 3179 asserit,
709 3112 798 3181 qui
842 3111 1049 3181 gravari
1092 3125 1150 3164 sc
1192 3125 1219 3162 a
1272 3109 1519 3180 personis
1567 3109 1827 3186 minimis,
1861 3125 1963 3166 nec

2454 1907 2683 1963 CAPUT
2721 1906 2868 1963 XXII
2909 1907 3057 1979 [Rec.
3090 1906 3303 1980 XVII].

2151 1999 2309 2054 Vens.
2335 1999 2426 2054 25.
2451 2030 2520 2041 —
2551 1999 2764 2067 Semper
2786 2001 2918 2054 enim
2946 2001 3094 2070 quasi
3122 2008 3373 2054 tumentes
3403 2015 3558 2066 super
3575 2015 3659 2054 me

2071 2093 2260 2161 ﬂuctus
2286 2093 2428 2146 timui
2451 2092 2638 2157 Deum,
2664 2101 2710 2146 et
2740 2094 2937 2161 pondus
2959 2095 3070 2163 ejus
3103 2093 3230 2146 ferre
3256 2109 3358 2146 non
3385 2093 3548 2162 potui.

2141 2183 2230 2237 55.
2263 2181 2485 2237 Timoris
2517 2182 2612 2237 Dei
2639 2193 2828 2252 quanta
2857 2185 2932 2237 vis
2959 2184 3025 2235 ad
3062 2183 3288 2237 Omnium
3315 2192 3659 2255 contemptum

2071 2275 2499 2345 persuadendum.
2529 2274 2758 2328 Extremi
2780 2274 2970 2347 judicii
3008 2275 3156 2346 signa
3181 2275 3392 2343 prtevia.
3425 2276 3542 2331 -Α
3566 2291 3661 2345 pa-

2069 2382 2196 2421 vore
2244 2375 2403 2421 tanta:
2453 2366 2810 2420 similitudinis
2865 2381 3192 2435 pensemus,
3243 2367 3285 2420 si
3342 2381 3652 2435 possumus,

2071 2470 2268 2532 quanta
2301 2462 2353 2515 in
2386 2468 2572 2515 sancto
2602 2461 2716 2514 viro
2748 2459 2910 2514 luerit
2939 2459 3018 2514 vis
3046 2457 3269 2514 timoris.
3299 2459 3518 2515 Fluctus
3548 2470 3659 2516 ete-

2070 2556 2179 2610 nim
2210 2571 2331 2610 cum
2375 2565 2638 2610 tumentes
2666 2554 2895 2623 desuper
2933 2553 3232 2618 imminent,
3262 2569 3492 2624 cumque
3531 2570 3654 2611 eam

2069 2665 2228 2719 quam
2252 2648 2502 2705 delerunt
2525 2658 2750 2704 mortem
2774 2649 3064 2714 minantur,
3090 2650 3232 2704 nulla
3258 2659 3382 2706 tunc
3402 2651 3660 2721 navigan-

2071 2742 2212 2797 tibus
2233 2728 2424 2797 rerum
2451 2757 2576 2797 cura
2599 2741 3000 2811 temporalium,
3032 2742 3179 2796 nulla
3208 2743 3389 2796 carnis
3421 2742 3661 2797 delecta-

2071 2835 2144 2889 tio
2170 2835 2237 2890 ad
2268 2845 2500 2890 mentem
2547 2835 2866 2900 reducitur;
2898 2850 2962 2890 ea
3014 2836 3127 2901 ipsa
3175 2850 3386 2906 quoque
3430 2851 3496 2891 ex
3536 2836 3660 2893 navi

2070 2929 2376 2999 proiiciunt,
2433 2944 2532 2998 pro
2579 2928 2771 2996 quibus
2811 2928 2963 2997 longa
3013 2927 3216 2997 navigia
3273 2939 3667 3013 sumpseruth

2036 3044 2038 3046 τ
2069 3026 2276 3076 cunctae
2305 3035 2393 3075 res
2432 3022 2484 3075 in
2524 3020 2834 3089 deSpectum
2869 3019 3065 3075 mentis
3094 3021 3336 3085 veniunt,
3367 3035 3550 3076 amore
3581 3022 3660 3076 vi-

2069 3117 2248 3173 vendi.
2282 3116 2444 3182 Quasi
2476 3130 2606 3186 ergo
2647 3124 2913 3169 tumentes
2961 3130 3123 3185 super
3165 3129 3224 3168 se
3266 3113 3457 3169 ﬂuctus
3488 3114 3659 3171 Deum

375 3217 560 3265 contra
583 3209 685 3262 hoc
711 3205 852 3276 quod
879 3205 981 3260 sibi
1008 3203 1155 3275 iuste
1191 3213 1500 3272 competere
1537 3212 1768 3273 poterat,
1798 3203 1964 3258 decli-
1991 3223 2039 3284 ρ
2071 3212 2280 3276 metuit,
2311 3211 2399 3279 qui
2429 3209 2555 3263 dum
2589 3223 2775 3262 veram
2802 3208 2963 3261 vitam
2998 3205 3286 3272 desiderat,
3313 3206 3493 3262 omnia
3525 3207 3661 3260 des-

375 3303 542 3358 navit.
572 3299 724 3368 Quod
758 3309 934 3353 tamen
965 3299 1009 3352 si
1050 3297 1272 3352 minime
1304 3296 1508 3363 fecerit,
1541 3297 1815 3365 adiungit:
1849 3295 1968 3350 Hu-

374 3409 544 3448 merus
572 3409 710 3446 meus
734 3408 765 3444 a
797 3392 1043 3460 iunctura
1079 3406 1172 3443 sua
1214 3391 1383 3443 cadat.
1415 3389 1552 3456 Quia
1581 3390 1830 3443 nimirum
1874 3391 1964 3460 qui

375 3484 688 3556 patientiam
721 3498 937 3539 servare
965 3483 1263 3537 contemnit
1307 3481 1561 3536 socialem
1607 3481 1766 3536 vitam
1809 3481 1966 3535 citius

379 3594 476 3650 per
505 3577 889 3647 impatientiam
921 3575 1148 3631 deserit.
1183 3575 1226 3631 A
1255 3575 1499 3643 iunctura
1529 3575 1724 3628 etenim
1761 3573 1966 3628 hume-

376 3688 472 3729 rus
500 3673 664 3735 cadit,
697 3687 817 3726 cum
846 3669 1186 3725 adversilatis
1211 3666 1412 3734 aliquid
1444 3666 1585 3720 ferre
1615 3666 1825 3719 animus
1858 3681 1965 3720 non

279 3763 284 3766 ’
377 3765 601 3831 valens,
654 3761 944 3817 fraternam
996 3758 1338 3815 concordiam
1389 3756 1676 3825 relinquit;
1732 3765 1786 3810 et
1813 3754 1967 3825 quasi

376 3859 678 3914 membrum
707 3867 982 3924 separatur
1036 3869 1064 3906 a
1093 3866 1314 3921 corpore
1336 3892 1354 3916 ,
1394 3865 1515 3904 cum
1545 3851 1593 3904 is
1618 3850 1706 3920 qui
1755 3850 1966 3916 operari

377 3952 514 4007 bona
548 3955 756 4020 poterat
781 3963 810 4002 a
838 3948 1097 4003 bonorum
1129 3943 1369 3998 omnium
1394 3941 1726 3997 abscinditur
1747 3940 1966 3994 univer-

376 4050 552 4102 sitate.
587 4046 768 4116 Neque
796 4044 938 4099 enim
990 4055 1218 4110 unquam
1269 4038 1472 4094 servari
1516 4036 1802 4091 concordia
1856 4035 1961 4089 nisi

377 4160 473 4216 per
497 4142 666 4197 solam
691 4139 998 4211 patientiam
1023 4138 1188 4195 valet.
1212 4136 1414 4190 Crebro
1441 4148 1671 4200 namque
1694 4133 1744 4187 in
1777 4132 1968 4187 huma-

377 4253 445 4292 na
477 4235 686 4290 actione
713 4231 968 4297 nascitur,
1003 4230 1143 4284 unde
1171 4236 1381 4283 mentes
1420 4226 1695 4281 ho‘minum
1725 4226 1964 4280 vicissim

378 4338 402 4367 α
433 4337 467 4382 a
497 4340 592 4380 sua
640 4323 840 4379 unitate
868 4336 931 4375 ac
978 4320 1264 4375 dilectione
1302 4326 1651 4384 separentur;
1683 4324 1737 4370 et
1766 4315 1869 4370 nisi
1898 4315 1964 4370 ad

377 4418 606 4472 adversa
635 4413 917 4470 toleranda
947 4426 1005 4467 se
1033 4412 1245 4465 animus
1275 4417 1556 4479 prteparet,
1592 4408 1777 4476 procul
1805 4407 1968 4464 dubio

293 4553 302 4560 .
377 4511 633 4564 humerus
663 4504 877 4574 corpori
917 4519 1021 4557 non
1069 4503 1314 4557 inhaeret.
1349 4501 1484 4556 Hinc
1531 4502 1727 4555 etenim
1767 4501 1966 4554 Paulus

2073 3302 2203 3372 picit
2228 3316 2348 3371 qua:
2375 3301 2462 3357 hic
2483 3300 2772 3370 possidens
2797 3299 3149 3376 portatL‘Nam
3175 3298 3319 3354 velut
3340 3306 3662 3366 tempestate

2069 3395 2388 3464 deprehensi
2430 3393 2640 3462 pondus
2675 3392 2824 3446 navis
2860 3391 3162 3460 abiicimus,
3195 3390 3408 3460 quando
3439 3391 3506 3442 ab
3551 3405 3663 3462 op-

2074 3501 2259 3554 pressa
2311 3494 2492 3539 mente
2520 3484 2786 3539 desideria
2822 3493 3032 3537 terrena
3077 3496 3435 3536 removemus.
3468 3481 3664 3551 Fitque

2069 3589 2128 3633 ut
2156 3589 2182 3627 κ
2199 3579 2470 3633 sublevata
2501 3578 2651 3632 navis
2669 3587 2870 3645 enatet,
2907 3591 3024 3645 qua:
3047 3575 3389 3644 mergebatur
3413 3586 3663 3643 onerata,

2069 3674 2190 3741 quia
2214 3672 2466 3726 nimirum
2497 3686 2638 3725 curae
2670 3685 2788 3739 quae
2821 3671 2872 3722 in
2905 3669 3004 3722 hac
3029 3669 3135 3722 vita
3163 3667 3473 3736 deprimunt
3503 3682 3662 3723 meu-

2071 3773 2179 3820 tem
2212 3766 2264 3818 in
2297 3763 2612 3833 prolundum
2646 3764 2883 3816 trahunt.
2909 3762 3038 3827 Quae
3060 3761 3312 3817 videlicet
3332 3775 3486 3816 mens
3515 3770 3665 3818 tanto

2069 3857 2230 3912 altius
2256 3857 2395 3910 inter
2421 3855 2771 3910 tentationum
2796 3854 2988 3908 lluctus
3015 3853 3296 3920 attollitur,
3321 3858 3526 3924 quanto
3557 3853 3664 3908 sol~

2072 3951 2267 4006 licitius
2293 3950 2359 4004 ab
2388 3949 2546 4019 huius
2573 3949 2752 4004 satculi
2779 3948 3103 4017 cogitatione
3128 3955 3406 4003 vacuatur.
3436 3945 3538 4004 Est
3566 3963 3664 4004 ve-

2069 4061 2133 4101 ro
2161 4054 2215 4100 et
2244 4045 2385 4100 aliud
2417 4044 2558 4115 quod
2591 4044 2659 4100 de
2690 4046 2853 4099 maris
2883 4046 3235 4101 concussione
3264 4044 3459 4101 debeat
3491 4046 3664 4102 soler-

2072 4150 2156 4194 ter
2199 4140 2416 4194 intueri.
2447 4139 2758 4208 Tempestas
2787 4139 2985 4208 quippe
3025 4154 3145 4193 cum
3179 4139 3372 4205 oritur,
3408 4140 3560 4211 prius
3582 4140 3664 4196 le-

2072 4246 2168 4286 nes
2209 4231 2386 4298 undae,
2449 4241 2502 4286 et
2553 4231 2887 4298 p05tmodum
2923 4230 3196 4286 volumina
3229 4245 3439 4302 maiora
3472 4233 3665 4288 conci-

2072 4333 2291 4389 tantur;
2343 4324 2408 4378 ad
2439 4332 2744 4378 extremum
2771 4323 2964 4378 fluctus
3009 4338 3070 4378 se
3097 4323 3149 4376 in
3183 4323 3290 4378 alta
3331 4324 3569 4395 erigunt,
3613 4332 3665 4383 et
3735 4334 3745 4362 “ι

2073 4419 2386 4485 navigantes
2416 4431 2656 4486 quosque
2687 4413 2712 4452 δ
2749 4415 2860 4483 ipsa
2891 4427 2982 4469 sua
3013 4415 3292 4469 altitudine
3320 4416 3665 4478 subvertunt.

2074 4508 2166 4563 Sic
2195 4511 2272 4563 sic
2313 4508 2563 4562 nimirum
2593 4518 2832 4563 extrema
2865 4508 2950 4562 illa
2983 4518 3259 4577 properat,
3289 4524 3413 4580 qua:
3440 4511 3664 4567 univer-

375 4601 489 4654 ait:
525 4597 750 4652 Invicem
792 4612 947 4649 onera
973 4604 1137 4648 vestra
1180 4601 1396 4664 portate,
1434 4600 1479 4644 et
1520 4595 1593 4645 sic
1621 4593 1964 4662 adimptebitis
1991 4610 2045 4671 Ι)
2068 4615 2185 4655 sum
2237 4599 2493 4653 mundum
2547 4600 2712 4672 696
2751 4601 2976 4655 subruat
3012 4609 3300 4670 tempestas
3338 4604 3664 4666 animarum.

377 4694 542 4763 legem
569 4688 760 4744 Christi
787 4687 987 4758 (Galat.
1019 4702 1094 4752 vt,
1124 4683 1205 4756 ἓ).
1235 4684 1366 4738 Hinc
1391 4698 1482 4752 per
1498 4683 1836 4752 semetipsam
1864 4684 1967 4740 Ve-

377 4786 511 4839 ritas
547 4784 712 4839 dicit:
768 4781 834 4836 In
880 4780 1126 4852 patientia
1173 4787 1337 4832 vestra
1390 4775 1714 4846 possidebitis
1765 4777 1968 4832 animas

377 4889 570 4934 vestras
590 4877 741 4949 (Luc.
771 4891 877 4940 χχι,
915 4875 1030 4943 19).

453 4971 598 5045 [Vet.
640 4967 830 5040 XVI.]
857 4967 945 5022 5i.
991 4966 1118 5021 Sine
1153 4965 1402 5038 patientia
1427 4964 1667 5019 charitati
1696 4967 1970 5035 conjuncta

379 5066 513 5118 bona
533 5077 688 5134 apem
709 5069 941 5131 pereunt.
965 5088 1036 5101 —-
1057 5058 1224 5114 Recte
1247 5067 1444 5122 autem,
1473 5056 1694 5112 humero
1719 5057 1961 5128 cadente,

379 5155 749 5226 subiungitur:
774 5152 844 5207 Et
871 5152 1132 5206 brachium
1155 5163 1320 5204 meum
1342 5165 1458 5202 cum
1487 5148 1681 5203 ossibus
1709 5149 1812 5202 suis
1835 5166 1968 5204 con-

385 5256 582 5302 teratur
603 5264 622 5303 :
660 5247 823 5319 695
853 5245 974 5312 quia
1006 5244 1255 5297 nimirum
1277 5251 1465 5298 cuncta
1490 5250 1672 5297 nostra
1699 5243 1962 5312 operatio.

457 5370 486 5400 ι
519 5361 755 5423 Ebroic..
788 5359 998 5415 Gemet.
1030 5371 1093 5411 ac
1121 5356 1210 5410 alii
1243 5356 1450 5420 Norm.,
1483 5357 1526 5408 si
1553 5357 1687 5409 bona
1713 5372 1845 5426 qum,
1874 5355 1962 5412 hic

381 5431 554 5491 Laud.
581 5433 736 5488 habet
761 5432 914 5498 ipsud
941 5429 1077 5500 quod
1105 5428 1249 5491 mihi,
1283 5441 1378 5496 pro
1407 5427 1595 5497 ipsum.
1849 5439 1858 5448 '

457 5504 484 5543 δ
519 5504 604 5558 AI.
646 5506 854 5557 humero
887 5518 1008 5564 uno,

464 5586 486 5615 ο
519 5575 753 5639 Getnet.,
780 5592 812 5628 a
840 5574 1104 5627 suavitate.

460 5645 486 5684 ἀ
514 5646 656 5702 Editi
677 5646 995 5700 addiderunt
1017 5644 1150 5713 fulta
1170 5684 1187 5710 ,
1216 5641 1356 5708 quod
1379 5640 1531 5698 abest
1557 5655 1587 5694 a
1617 5640 1742 5713 Mss.
1775 5640 1970 5709 Laud.,

387 5717 506 5774 Val.
549 5716 654 5776 Cl..
703 5716 912 5780 Norm.,
950 5712 1054 5769 etc.
1087 5713 1266 5767 Germ.
1311 5713 1493 5776 habet,
1536 5712 1806 5767 virtutibus
1839 5730 1972 5767 con-

389 5806 539 5845 nexa.
565 5787 724 5843 ϐου-ι).
757 5787 964 5848 Germ.,
995 5786 1267 5840 virtutibus
1295 5784 1466 5852 plena.

463 5871 488 5898 ο
515 5859 810 5923 Gussanv.,
842 5857 1012 5912 Vatic.
1052 5865 1108 5912 et
1145 5855 1216 5910 al.
1257 5857 1503 5920 recent.,'
1537 5854 1700 5925 pergit
1744 5854 1968 5923 operari.

2073 4693 2222 4748 Nunc
2249 4693 2392 4748 enim
2421 4693 2575 4748 bellis
2604 4703 2658 4748 et
2704 4693 2945 4749 cladibus
2978 4693 3126 4764 quasi
3152 4694 3478 4764 quibusdam
3509 4697 3665 4755 undis

2074 4799 2169 4839 sua
2197 4786 2353 4840 nobis
2381 4785 2600 4840 exordia
2628 4787 2883 4854 ostendit,
2913 4797 2966 4841 et
2995 4794 3196 4856 quanto
3224 4787 3290 4841 ad
3322 4789 3487 4844 linem
3519 4805 3664 4856 quo-

2080 4878 2208 4934 tidie
2238 4878 2649 4949 prepinquiores
2677 4879 2961 4945 efﬁcimur,
2992 4889 3144 4934 tanto
3171 4881 3425 4949 graviora
3457 4884 3664 4941 irruere

2079 4973 2477 5028 tribulationum
2501 4974 2771 5029 volumina
2794 4975 3057 5032 videmus.
3090 4976 3170 5030 Ad
3202 4987 3504 5032 extremum
3537 4993 3662 5035 vero

2075 5068 2364 5121 commotis
2386 5068 2635 5123 omnibus
2653 5067 2958 5132 elementis,
2984 5083 3249 5138 supernus
3261 5069 3427 5139 iudex
3446 5071 3661 5128 veniens

2072 5156 2232 5212 linem
2274 5157 2508 5213 omnium
2536 5169 2803 5229 apportat,
2839 5159 2963 5229 quia
2986 5160 3231 5216 videlicet
3271 5171 3402 5214 tune
3434 5169 3660 5228 tempes-

2073 5258 2156 5304 tas
2184 5250 2375 5306 lluctus
2414 5253 2469 5306 in
2495 5253 2688 5307 caelum
2735 5253 2896 5310 levat.
2931 5251 3083 5307 Unde
3113 5261 3167 5306 et
3195 5251 3430 5316 dicitur;
3483 5252 3659 5309 Adhuc

2075 5361 2180 5440 Sed
2206 5373 2394 5421 contra
2421 5369 2591 5423 sancti
2621 5367 2864 5440 Gregorii
2889 5377 3147 5430 mentem,
3172 5367 3260 5435 qui
3279 5365 3446 5424 docet
3465 5385 3658 5426 cessare

2075 5434 2206 5510 {tona
2233 5441 2430 5505 operari
2458 5441 2545 5504 qui
2592 5434 2759 5493 aliena
2786 5440 2895 5510 pati
2923 5447 3147 5510 recusat,
3178 5434 3232 5510 et
3277 5448 3465 5494 contra
3502 5442 3657 5494 tidem

2075 5505 2203 5580 Mss.
2231 5511 2437 5580 Anglic.
2469 5519 2524 5566 et
2545 5512 2750 5576 Norm.,
2775 5505 2980 5565 necnon
3008 5509 3169 5580 liorb.
3191 5507 3397 5573 Germ.,
3421 5510 3655 5576 Turou.,

2076 5577 2284 5644 Germ.,
2319 5577 2507 5645 Laud.,
2541 5593 2670 5645 etc.,
2699 5584 2889 5647 quibus
2919 5579 3260 5635 consentiunt
3289 5590 3398 5638 vet.
3433 5582 3580 5637 Edit.

2151 5648 2170 5686 ί
2207 5651 2319 5706 Val.
2347 5651 2429 5705 Cl.
2459 5656 2629 5706 lumen
2667 5651 2937 5704 claritatis.

2149 5730 2176 5768 ι
2205 5720 2438 5788 Gemet.,
2474 5725 2669 5790 aliique
2702 5723 2798 5791 pL,
2826 5721 3048 5774 relevata
3074 5725 3239 5781 navis.

2152 5792 2179 5828 h
2211 5793 2377 5848 Laud.
2409 5803 2464 5848 et
2483 5791 2602 5848 Val.
2629 5791 2734 5858 CL,
2764 5792 2878 5860 ipsa
2897 5793 3197 5847 valitudine.
