4024 6352
417 368 511 426 2H

1582 416 1590 427 ,
1618 351 1857 409 SANCTI
1894 347 2235 407 cascomt
2261 345 2471 404 MAGN!

3450 332 3469 349 ⁴
3569 329 3680 387 212

380 474 387 481 ’
418 487 691 547 modicum,
720 491 764 536 et
796 496 886 549 ego
919 474 1121 531 movebo
1154 489 1252 527 non
1278 470 1444 525 solum
1475 481 1682 533 terram,
1716 469 1801 520 sed
1842 468 1991 519 etiam
2019 471 2075 532 Α
2096 466 2267 518 vescit
2294 460 2586 516 invenisse.
2631 458 2736 515 Sed
2769 446 2909 514 inter
2939 460 3052 512 haec
3086 448 3413 524 pensandum
3440 458 3523 506 est
3555 446 3682 520 quia

374 596 379 649 ς
422 566 599 635 salum
620 576 819 648 (Aggae.
854 589 909 639 ιι,
940 570 1012 637 7).
1042 570 1211 633 Quam
1240 563 1445 621 scilicet
1469 571 1839 632 tempestatem
1872 561 1996 629 quia

417 672 585 727 sancti
615 670 710 725 viri
752 665 1031 735 vigilanter
1061 659 1327 728 aspiciunt
1355 655 1507 725 quasi
1539 660 1999 719 tumentessuper

421 779 480 817 se
507 760 743 829 quotidie
764 757 957 811 ﬂuctus
984 758 1375 819 expavescunt,
1400 756 1559 814 atque
1582 759 1648 800 ex
1680 745 1759 796 his
1790 740 2000 796 tribula-

420 854 650 907 li'onibus
680 860 704 887 ιι
730 863 849 918 qua:
880 832 1139 899 mundum‘
1185 840 1383 895 feriunt
1430 835 1724 907 praevident
1759 850 1877 904 qua:
1909 847 1996 887 se-

418 956 661 1015 quantur.

486 1044 573 1099 '56.
606 1041 871 1099 Iudicium
908 1048 1189 1093 extremum
1209 1035 1371 1089 sancti
1429 1029 1752 1103 formidant;
1812 1036 2000 1099 quanto

420 1138 579 1205 magis
608 1148 933 1207 expavescere
961 1130 1141 1184 debent
1166 1130 1473 1197 peceatores.
1501 1124 1642 1178 Bene
1668 1132 1845 1178 autem
1877 1124 2005 1177 sub-

380 1218 383 1219 7
418 1232 595 1286 ditur:
633 1229 699 1283 Et
731 1230 933 1301 pondus
971 1229 1084 1297 ejus
1123 1228 1256 1296 ferre
1284 1238 1389 1275 non
1418 1220 1584 1292 potui,
1635 1218 1885 1287 quoniam
1914 1217 2003 1283 qui

423 1326 645 1381 extremi
686 1321 873 1393 judicil
904 1320 1188 1374 adventum
1220 1317 1421 1369 intenta
1452 1321 1631 1393 mente
1678 1309 2003 1374 considerat,

419 1416 659 1489 profecto
692 1392 839 1467 videt
871 1410 991 1479 quia
1032 1419 1210 1463 tantus
1260 1420 1423 1477 pavor
1452 1392 1716 1468 imminet,
1750 1411 2003 1468 quantum

420 1524 525 1579 non
552 1508 723 1561 solum
753 1515 876 1560 tunc
904 1502 1105 1565 videre,
1138 1500 1232 1554 sed
1262 1513 1320 1553 se
1347 1496 1505 1552 etiam
1538 1509 1679 1548 nunc
1708 1492 2007 1562 praevidere

423 1599 788 1670 pertimescat.
841 1592 1281 1649 Consideratione
1328 1601 1558 1656 namque
1605 1585 1736 1639 tanti
1788 1583 2007 1639 terroris

380 1754 387 1759 ,
422 1703 564 1751 metu
595 1694 806 1747 animus
850 1671 1109 1760 paipitat,
1129 1696 1182 1740 et
1213 1681 1522 1739 intentionis
1551 1695 1663 1735 suae
1691 1678 1877 1735 oculos
1908 1678 2003 1733 de-

423 1789 648 1847 clinans,
699 1784 891 1838 intueri
945 1780 1083 1850 quod
1128 1776 1388 1849 praevidet
1419 1784 1649 1831 recusat.
1686 1773 1830 1827 Bene
1877 1786 2007 1841 ergo

2100 556 2288 611 beatus
2318 555 2418 609 Job
2448 556 2546 608 ista
2576 554 2643 609 de
2668 569 2726 608 se
2753 553 2986 622 loquitur
3011 551 3255 604 laudatus
3276 558 3329 603 et
3356 545 3677 617 flagellatus.

2103 650 2157 705 Si
2189 649 2346 720 igitur
2370 648 2557 702 saltem
2588 647 2997 707 admeritorum
3033 641 3329 713 profectum
3358 639 3429 693 ita
3460 650 3684 708 parcus.

2095 756 2191 825 sus
2219 750 2302 794 est
2349 740 2438 809 qui
2482 740 2559 793 sic
2606 738 2800 802 timuit,
2852 736 3118 805 quomodo
3163 730 3435 787 feriendus
3475 737 3559 783 est
3595 726 3686 796 qui

2104 831 2436 887 contemnit?
2460 829 2736 895 Quomodo
2759 828 3079 897 depressura
3100 833 3224 883 sunt
3253 822 3348 877 Dei
3366 820 3565 892 judicia
3590 832 3684 874 eos

2102 922 2192 992 qui
2222 936 2281 977 se
2308 922 2540 988 elevant,
2575 920 2619 973 si
2650 929 2703 974 et
2747 918 2869 972 illos
2899 916 2965 970 ad
3010 926 3218 984 tempus
3248 912 3553 981 deprimunt
3591 908 3683 979 qui

2106 1013 2223 1069 haec
2250 1027 2463 1082 semper
2486 1012 2538 1066 in
2564 1009 2862 1066 humilitate
2887 1008 3175 1064 formidant
3198 1006 3221 1061 ?
3251 1006 3530 1075 Quomodo
3556 1018 3691 1072 pon-

2106 1106 2204 1161 dus
2236 1105 2330 1161 Dei
2373 1106 2565 1176 poterit
2586 1102 2726 1159 ferre
2771 1104 2861 1173 qui
2892 1101 3119 1171 despicit
3144 1142 3158 1167 ,
3199 1100 3244 1155 si
3275 1099 3378 1153 hoc
3410 1108 3462 1152 et
3494 1094 3587 1176 ille
3637 1095 3692 1148 in

2105 1198 2328 1253 verbere
2373 1172 2591 1266 pertulit
2635 1196 2725 1264 qui
2772 1172 2865 1265 per
2907 1195 3150 1250 timorem
3200 1189 3483 1261 praevidit?
3531 1172 3687 1242 Unde

2108 1278 2449 1361 summopere
2496 1270 2889 1346 formidandum
2922 1289 3073 1345 nobis
3107 1295 3190 1342 est
3220 1284 3347 1340 illud
3389 1291 3548 1338 tanta:
3576 1281 3694 1335 dis-

2109 1385 2373 1439 trictionis
2416 1396 2661 1442 examen.
2702 1382 2924 1436 Constat
2964 1390 3140 1434 autem
3169 1377 3291 1447 quia
3336 1375 3390 1429 in
3443 1374 3542 1426 hac
3587 1372 3695 1425 vita

2109 1493 2229 1531 cum
2288 1478 2536 1545 percutit,
2585 1477 2631 1531 si
2677 1477 3071 1545 percussionem
3122 1470 3384 1528 correctio
3429 1465 3696 1537 sequitur,

2110 1571 2389 1638 disciplina
2425 1572 2588 1639 patris
2618 1581 2721 1637 est,
2753 1586 2857 1623 non
2884 1568 2962 1622 ira
2986 1568 3179 1639 judicis
3205 1583 3219 1632 ;
3250 1577 3400 1618 amor
3419 1561 3698 1627 corrigen-

2112 1662 2177 1714 tis
2205 1671 2305 1727 est,
2330 1679 2435 1715 non
2457 1662 2722 1717 districtio
2746 1662 3039 1731 punientis.
3072 1659 3150 1715 Ex
3173 1658 3289 1726 ipso
3314 1670 3443 1726 ergo
3463 1665 3699 1724 praesen-

2113 1752 2149 1805 ti
2199 1754 2421 1808 verbere
2464 1754 2662 1822 judicia
2692 1765 2895 1808 aeterna
2928 1752 3197 1822 pensanda
3245 1758 3386 1804 sunt.
3420 1742 3555 1801 Hinc
3584 1751 3699 1797 ete-

425 1883 656 1937 dicitur:
708 1877 775 1934 Et
814 1878 1015 1948 pondus
1059 1875 1170 1943 ejus
1198 1873 1333 1942 ferre
1374 1884 1478 1923 non
1516 1868 1679 1937 potui,
1722 1864 1846 1933 quia
1893 1876 2012 1915 cum

2121 1847 2228 1897 nim
2263 1846 2591 1915 perpendere
2616 1860 2957 1915 summopere
2978 1844 3232 1898 debemus
3260 1838 3529 1909 quomodo
3559 1834 3699 1889 fera-

386 2006 389 2011 ν
425 1988 679 2041 supernas
707 1968 1002 2039 majestatis
1029 1967 1135 2021 vim
1167 1965 1232 2019 ad
1260 1963 1517 2033 judicium
1544 1959 1811 2015 venientis
1835 1966 2007 2010 terro-

427 2078 647 2132 remque
674 2060 804 2116 tanti
827 2058 1093 2114 examinis
1122 2054 1513 2111 considerando
1539 2050 1751 2105 animus
1785 2054 2011 2102 conatur

426 2155 730 2226 exquirere,
762 2166 884 2207 mox
914 2150 981 2204 ad
1005 2149 1352 2217 semetipsum
1377 2144 1671 2214 refugiens,
1699 2154 1821 2196 sese
1849 2152 2007 2206 expa-

408 2266 409 2273 “
482 2277 518 2337 7⁸
554 2267 674 2322 Val.
700 2266 808 2331 CL,
840 2279 956 2334 qua:
982 2264 1217 2325 nondum
1247 2262 1460 2331 feriunt.

2118 1946 2201 1991 tur
2234 1939 2321 1992 ilia
2367 1954 2485 2006 quae
2516 1940 2786 2008 reprobat,
2819 1940 2865 1993 si
2914 1936 3043 1993 ferri
3090 1936 3249 1991 modo
3294 1934 3380 1989 vix
3410 1930 3551 1985 valet
3580 1928 3701 1998 eius

2118 2028 2198 2084 ira
2219 2044 2339 2100 quas
2370 2039 2577 2102 purgat.

432 2384 3704 2427 ___________.__.______.______—.___-————

1139 2508 1487 2591 LIBER
1562 2506 2223 2592 VIGESIMUS
2304 2500 2976 2588 SECUNDUS.

430 2667 612 2745 Quod
639 2674 965 2748 supererat
996 2663 1221 2748 capitis
1252 2683 1413 2748 xxst
1449 2662 1597 2748 libri
1616 2664 1737 2748 Job
1769 2664 2150 2748 explicatur,
2172 2660 2800 2748 commendanturque
2819 2650 3167 2748 prwsertim
3192 2660 3387 2723 animi
3411 2659 3703 2723 demissio

968 2754 1024 2805 et
1055 2740 1428 2818 moderatio,
1460 2744 1792 2823 patientia,
1832 2740 2131 2819 charitas,
2168 2754 2225 2804 et
2263 2763 2409 2823 erga
2443 2740 2725 2806 subditos
2754 2740 3146 2804 sollicitudo.

934 2887 1160 2945 CAPUT
1201 2886 1485 2943 PRIMUM.

493 2986 547 3042 1.
578 2983 659 3038 Ad
680 2979 957 3037 cavendam
993 2979 1417 3050 desperationem,
1452 2978 1569 3033 licet
1596 2986 1729 3033 recte
1758 2995 1788 3031 a
1817 2994 1871 3033 se
1898 2993 2015 3050 ges-

432 3086 593 3130 torum
621 3071 903 3126 recordari.
937 3100 1005 3109 —
1027 3077 1055 3106 ι
1081 3070 1231 3135 Quod
1275 3086 1302 3120 a
1336 3083 1423 3123 me
1467 3083 1611 3137 saepe
1653 3067 1762 3137 jam
1814 3068 2013 3122 dictum

432 3177 536 3231 est,
566 3166 669 3218 hoc
695 3172 783 3217 me
810 3161 1000 3217 crebro
1030 3170 1276 3230 repetere
1301 3176 1588 3216 onerosum
1621 3176 1725 3214 non
1758 3168 1861 3224 est,
1889 3162 2014 3229 quia

432 3270 489 3312 et
536 3255 855 3327 praedicatur
899 3255 1145 3324 egregius
1187 3250 1351 3306 dicit:
1391 3251 1585 3305 Eadem
1626 3252 1765 3305 vobis
1800 3251 2017 3305 scribere

433 3351 557 3406 mihi
601 3349 805 3418 quidem
837 3346 861 3383 δ
890 3362 993 3399 non
1038 3345 1266 3416 pigrum,
1299 3344 1437 3398 vobis
1466 3354 1633 3397 autem
1680 3344 2015 3397 necessarium

432 3441 600 3511 (Phil.
629 3455 708 3501 Ill,
742 3438 816 3507 i).
854 3436 1043 3491 Beatus
1068 3435 1171 3490 Job
1201 3418 1398 3490 idcirco
1424 3419 1606 3505 gestas
1636 3422 1860 3488 virtutes
1889 3450 2011 3487 nar-

2118 2888 2239 2941 dam
2287 2888 2436 2957 quasi
2470 2886 2862 2941 misericordes
2897 2928 2912 2953 ,
2960 2883 3055 2939 sed
3100 2894 3434 2954 nequaquam
3477 2882 3707 2952 iustos;

2117 2984 2376 3053 quosdam
2401 2996 2532 3037 vero
2567 2980 2718 3051 quasi
2738 2980 2941 3050 .justos,
2973 2977 3065 3033 sed
3096 2978 3146 3031 in
3172 2992 3232 3032 se
3259 2977 3433 3045 potius
3458 2991 3621 3045 quam
3650 2977 3709 3031 in

2119 3076 2346 3131 Doutino
2372 3074 2722 3130 conﬁdentes.
2763 3074 2830 3128 Et
2858 3081 3063 3127 certum
3092 3081 3177 3126 est
3206 3072 3326 3140 quia
3361 3085 3458 3125 nec
3486 3071 3709 3126 castitas

2119 3169 2173 3222 in
2203 3169 2319 3237 eius
2348 3168 2509 3223 corde
2541 3182 2662 3221 vera
2693 3177 2811 3231 est,
2838 3166 2924 3219 cui
2973 3164 3244 3220 humilitas
3286 3163 3462 3229 deest,
3513 3165 3712 3233 quippe

2126 3267 2149 3298 ο
2182 3260 2304 3326 quia
2333 3258 2579 3326 superbia
2610 3271 2669 3311 se
2707 3256 3028 3311 intrinsecus
3054 3263 3430 3324 corrumpente
3475 3253 3711 3309 fornica-

2124 3364 2229 3421 tttr,
2262 3354 2305 3407 si
2336 3354 2676 3422 semetipsum
2708 3352 2935 3421 diligens
2955 3392 2969 3417 ,
3003 3365 3032 3403 a
3052 3352 3234 3405 divino
3261 3349 3465 3405 recedit
3506 3361 3712 3404 amore.

2122 3446 2233 3503 Nec
2259 3446 2528 3500 humilitas
2556 3459 2679 3499 vera
2706 3454 2790 3499 est
2831 3444 2918 3501 cui
2968 3441 3330 3499 misericordia
3373 3443 3550 3511 juncta
3606 3454 3713 3495 non

433 3541 537 3599 rat,
582 3529 704 3600 quia
753 3528 890 3582 inter
936 3525 1316 3597 increpationis
1363 3524 1527 3580 verba
1558 3533 1613 3579 et
1652 3525 2012 3594 percussionis

2122 3547 2226 3603 est,
2255 3538 2377 3606 quia
2405 3551 2507 3591 nec
2532 3536 2691 3591 debet
2712 3534 2979 3592 humilitas
2999 3534 3127 3598 dici,
3151 3548 3269 3604 quae
3294 3533 3363 3588 ad
3384 3532 3711 3601 compassio-

434 3626 655 3680 verbera
683 3622 1073 3693 deprehensus,
1104 3636 1131 3672 a
1183 3619 1298 3688 spei
1340 3618 1532 3673 fiducia
1562 3628 1815 3674 "mentem
1860 3633 2010 3673 suam

433 3714 742 3791 labefactari
763 3714 1084 3769 considerat.
1122 3711 1285 3767 Multa
1313 3712 1510 3781 quippe
1531 3718 1585 3765 et
1614 3710 1787 3780 egisse
1813 3725 1872 3764 se
1903 3723 2015 3764 ma-

434 3809 477 3865 la
510 3810 578 3865 ab
607 3806 1001 3878 increpantibus
1028 3805 1215 3858 amicis
1242 3803 1503 3866 audierat,
1532 3808 1587 3857 et
1613 3816 1678 3855 ne
1710 3801 1887 3856 verbis
1915 3815 2011 3870 pa-

435 3904 567 3961 riter
594 3912 650 3959 et
685 3901 913 3971 ﬂagellis
952 3912 1134 3968 pressa
1168 3899 1220 3950 in
1248 3895 1675 3965 desperationem
1706 3907 1858 3947 mens
1887 3907 2017 3948 cor-

434 4007 574 4061 ruat,
598 3994 746 4047 hanc
783 4008 877 4061 per
906 4004 1120 4044 suarum
1152 3989 1404 4042 virtutum
1434 3985 1745 4042 memoriam
1777 3983 1841 4038 ad
1870 3999 2017 4052 spem
2048 3988 2063 4005 κ

435 4086 713 4149 reformat,
745 4093 800 4136 ut
825 4095 1160 4151 nequaquam
1189 4093 1248 4135 se
1274 4078 1466 4134 debeat
1493 4078 1546 4132 in
1575 4076 1882 4130 calamitate
1912 4075 2015 4130 de-

433 4179 624 4252 jicere,
665 4192 782 4247 quae
832 4171 1232 4245 tranquillitatis
1272 4186 1382 4225 sure
1424 4178 1670 4236 tempore
1721 4183 1781 4224 se
1823 4168 2022 4224 uzemi—

440 4280 595 4325 nerat
653 4277 759 4322 tam
807 4266 1053 4322 sublimia
1093 4265 1286 4334 egisse.
1330 4264 1459 4330 Quia
1508 4263 1665 4331 igitur
1718 4262 2023 4317 intentionis

434 4361 551 4431 ejus
578 4359 736 4432 697
763 4372 980 4412 causam
1024 4356 1278 4421 diximus,
1310 4363 1478 4409 restat
1519 4362 1576 4408 ut
1604 4352 1810 4408 auditas
1839 4354 2021 4408 virtu-

436 4464 521 4512 tes
552 4454 695 4509 illius
720 4450 989 4508 subtiliter
1015 4450 1430 4520 perpendamus.

509 4548 564 4601 2.
599 4543 716 4601 Una
730 4545 887 4599 virtus
912 4545 1022 4598 sine
1039 4544 1177 4609 aliis,
1201 4551 1287 4595 aut
1309 4541 1452 4595 nulla
1479 4548 1578 4603 est,
1600 4549 1687 4593 aut
1710 4539 2025 4594 minima.—

435 4639 553 4695 ﬂoc
579 4645 754 4691 autem
784 4635 1013 4704 primum
1044 4632 1317 4687 sciendum
1346 4637 1458 4697 est,
1490 4630 1612 4700 quia
1643 4629 1883 4699 quisquis
1915 4629 2022 4683 vir-

398 4730 554 4784 ‘tute
580 4726 756 4797 aliqua
802 4727 999 4794 pollere
1047 4724 1300 4789 creditur,
1354 4732 1479 4777 tunc
1531 4722 1793 4776 veraciter
1842 4720 2025 4790 pollet,

436 4837 560 4877 cum
587 4815 728 4876 vitiis
765 4833 832 4874 ex
858 4819 957 4872 alia
988 4827 1141 4888 parte
1169 4831 1274 4872 non
1304 4816 1564 4888 subjacet.
1596 4816 1727 4870 Nam
1756 4814 1802 4868 si
1838 4829 1905 4869 ex
1924 4813 2028 4868 alio

2118 3644 2240 3683 nem
2265 3629 2510 3682 fraternae
2538 3627 2765 3682 miseriae
2787 3625 2960 3681 nescit
2986 3624 3251 3679 inclinari.
3276 3624 3385 3679 Nec
3407 3623 3715 3679 misericor-

2118 3721 2205 3774 dia
2238 3735 2362 3774 vera
2393 3708 2476 3774 est
2501 3733 2624 3789 quas
2668 3734 2699 3773 a
2728 3717 3047 3774 rectitudine
3064 3716 3283 3786 iustitia:
3312 3716 3491 3771 existit
3515 3716 3714 3779 aliene,

2124 3812 2252 3880 quia
2283 3828 2400 3880 qua:
2432 3819 2608 3879 potest
2633 3825 2729 3880 per
2772 3809 3089 3878 iniustitiam
3121 3808 3307 3878 pollui.
3332 3808 3504 3863 nescit
3531 3807 3717 3875 procul

2120 3905 2283 3959 dubio
2327 3902 2647 3973 sibimetipsi
2685 3892 2951 3957 misereri.
2986 3901 3094 3956 Nec
3116 3900 3318 3970 iustitia
3338 3915 3462 3955 vera
3486 3909 3570 3955 est
3594 3915 3718 3969 qua

2122 3995 2372 4050 ﬁduciam
2400 4009 2552 4048 suam
2583 4008 2684 4048 non
2717 3994 2769 4049 in
2800 3993 3079 4048 conditore
3104 3994 3379 4056 omnium,
3409 3991 3505 4046 sed
3552 3991 3605 4046 iu
3652 4007 3720 4048 se

2126 4085 2378 4155 fortasse,
2411 4092 2504 4139 aut
2532 4085 2583 4138 in
2629 4084 2792 4139 rebus
2837 4084 3067 4159 conditis
3112 4084 3281 4153 ponit,
3335 4085 3459 4154 quia
3504 4084 3629 4138 dum
3686 4100 3720 4141 a

2124 4188 2368 4231 creatore
2383 4190 2533 4246 spem
2562 4176 2846 4241 subtrahit,
2872 4177 2988 4245 ipse
3013 4175 3116 4230 sibi
3141 4176 3448 4243 principalis
3493 4176 3719 4245 iustitiae

2126 4267 2366 4322 ordinent
2401 4266 2677 4336 pervertit.
2720 4266 2835 4323 Una
2864 4268 3043 4336 itaque
3072 4266 3244 4322 virtus
3282 4266 3398 4329 sine
3441 4267 3582 4331 aliis,
3627 4277 3721 4321 aut

2126 4359 2344 4413 omnino
2366 4358 2505 4412 nulla
2526 4366 2630 4423 est,
2656 4365 2748 4413 aut
2774 4355 3107 4427 imperfecta.
3137 4355 3206 4413 Ut
3231 4357 3399 4423 enim,
3428 4357 3567 4412 sicut
3590 4357 3720 4427 qui-

2126 4450 2348 4505 busdam
2382 4450 2553 4504 visum
2584 4458 2689 4515 est,
2722 4450 2790 4504 de
2835 4449 3021 4517 primis
3060 4458 3287 4518 quatuor
3315 4450 3599 4503 virtutibus
3637 4448 3721 4504 lo-

2127 4558 2279 4612 quur,
2321 4541 2345 4580 ά
2396 4542 2696 4613 prudentia,
2752 4544 3135 4613 temperantia,
3184 4542 3516 4607 fortitudine,
3558 4551 3720 4611 atque

2125 4634 2363 4704 iustitia;
2395 4643 2540 4691 tanto
2566 4636 2813 4703 perfecta:
2833 4642 2956 4689 sunt
2983 4634 3226 4705 singulas,
3258 4642 3456 4703 quanto
3479 4634 3719 4689 vicissim

2130 4729 2339 4785 sibimet
2370 4729 2689 4799 conjunctae.
2739 4728 3026 4799 Disjuncue
3073 4738 3252 4784 autem
3305 4725 3557 4797 perfectae
3593 4743 3721 4784 esse

2135 4837 2465 4901 nequaquam
2501 4832 2742 4889 possunt,
2766 4823 2888 4888 quia
2916 4834 3015 4874 nec
3033 4820 3313 4889 prudentia
3336 4834 3459 4883 vera
3487 4828 3573 4875 est
3593 4835 3718 4890 qua

439 4911 583 4968 vitiis
611 4908 875 4973 subditur,
898 4924 999 4965 nec
1025 4906 1124 4964 hoc
1148 4919 1231 4964 est
1258 4908 1512 4975 solidum,
1555 4906 1645 4961 ubi
1688 4915 1831 4962 stare
1872 4914 2026 4974 puta-
2054 4933 2110 4994 D
2129 4916 2292 4985 justa,
2328 4923 2633 4982 temperans
2661 4923 2716 4966 et
2740 4912 2893 4967 fortis
2925 4927 3027 4967 non
3059 4924 3164 4977 est,
3198 4926 3297 4967 nec
3324 4910 3564 4981 perfecta
3591 4924 3722 4969 tem-

441 5009 619 5064 batur.
655 5002 997 5074 Unaquaeque
1053 5002 1197 5057 enim
1242 5000 1410 5055 virtus
1462 5008 1610 5054 tanto
1664 4998 1839 5053 minor
1891 5007 1973 5051 est
2004 5040 2019 5066 ,

388 5134 396 5147 ’
444 5111 642 5174 quanto
680 5098 873 5155 desunt
893 5104 1101 5154 caetera:
1133 5115 1146 5148 :
1179 5094 1311 5151 Nam
1343 5108 1487 5163 saepe
1514 5092 1772 5162 quosdam
1804 5082 2033 5160 pudicos

447 5194 659 5267 quidem
688 5191 884 5249 vidisse
919 5204 1017 5246 nos
1044 5189 1281 5260 contigit,
1312 5185 1406 5242 sed
1447 5200 1549 5240 non
1578 5183 1804 5238 humiles
1831 5200 1844 5247 ;
1872 5195 2030 5251 quos-

447 5288 568 5343 dam
595 5300 723 5343 vero
743 5284 893 5355 quasi
916 5283 1167 5348 humiles,
1194 5279 1287 5337 sed
1311 5294 1417 5334 non
1442 5276 1849 5341 misericordes;
1872 5290 2033 5345 quos-

519 5432 544 5461 α
582 5422 806 5477 Reccnt.
834 5412 960 5485 Ed.,
988 5414 1127 5484 quod
1152 5421 1271 5466 ante
1297 5426 1451 5481 sape.
1483 5410 1764 5480 Sequimur
1806 5409 1931 5463 Mss.
1971 5418 2026 5464 et

453 5493 783 5617 vei’tﬁiiéu.
806 5560 989 5616 Codex
1004 5554 1432 5625 elegantissimus
1459 5559 1517 5607 et
1536 5540 2029 5625 emendatissimus,

450 5636 619 5692 Utic.‘
646 5647 707 5687 ac
760 5633 915 5687 Bccc.
956 5621 1173 5696 optimas
1210 5640 1419 5696 quoque
1448 5632 1611 5687 noue,
1651 5634 1755 5675 non
1796 5621 2026 5693 pigitum,

452 5704 886 5778 quodderivatur
912 5716 943 5753 a
964 5700 1129 5778 piget.

526 5790 546 5815 ε
573 5759 668 5830 Hic
689 5777 741 5828 in
765 5772 911 5837 varia
933 5759 1132 5822 abeunt
1150 5779 1281 5821 mss.
1305 5764 1434 5821 Cod.
1467 5765 1524 5819 In
1548 5762 1751 5819 'l'urou.
1771 5768 1828 5815 et
1846 5759 2025 5817 Germ.

452 5850 641 5919 legitur
673 5862 685 5898 :
716 5844 835 5913 quia
874 5838 1109 5908 superbia
1147 5853 1198 5889 se
1237 5838 1538 5891 intrinsecus
1568 5844 1926 5903 cor-rumpente
1954 5849 2031 5887 se-

2133 5006 2370 5076 perantia
2416 5020 2536 5074 qua:
2583 5004 2758 5070 fortis,
2785 5003 2929 5073 justa
2968 5014 3023 5061 at
3054 5005 3290 5074 prudens
3332 5020 3439 5061 non
3466 5015 3587 5073 est,
3620 5022 3722 5063 nec

2133 5095 2403 5155 fortitudo
2430 5095 2633 5166 integra
2681 5110 2802 5166 quas
2838 5095 3101 5165 prudens,
3155 5105 3456 5166 temperans
3481 5106 3538 5159 et
3576 5099 3722 5167 justa

2136 5207 2239 5247 non
2268 5199 2370 5257 est,
2405 5205 2503 5244 nee
2529 5202 2653 5244 vers
2673 5188 2879 5259 iustitia
2899 5203 3021 5259 quae
3049 5188 3304 5259 prudens.
3335 5188 3490 5246 tortis
3509 5200 3565 5247 et
3586 5200 3723 5247 tem-

2136 5285 2330 5343 perans
2361 5282 2466 5323 non
2497 5277 2599 5324 est.
2934 5298 2939 5303 -

2138 5408 2406 5473 metipsum
2444 5405 2659 5479 ditigens
2695 5419 2727 5456 a
2751 5404 2854 5479 diu.
2886 5405 3079 5479 timore
3120 5407 3415 5479 fornicatur.
3451 5406 3562 5479 Yal.
3586 5408 3716 5479 CL,

2136 5478 2421 5551 fornicatur
2449 5476 2769 5551 semetipsum
2796 5476 3026 5551 dieidem
3051 5492 3082 5527 a
3108 5477 3212 5530 div.
3241 5492 3436 5537 amore.
3462 5476 3716 5551 Vindoc.,

2134 5546 2456 5622 semetipsum
2501 5546 2717 5622 diligens
2768 5563 2809 5598 ας
2840 5548 2962 5622 ρίὶυη
2992 5560 3165 5622 angore
3204 5550 3532 5617 fornicatur;
3576 5546 3720 5622 Quod

2134 5621 2296 5674 etiam
2324 5618 2521 5671 habent
2548 5616 2730 5669 Norm.
2760 5626 2813 5671 et
2840 5615 3001 5670 Corb.
3036 5615 3215 5671 Germ.
3511 5615 3519 5617 ⁷
3592 5615 3611 5622 “
3786 5662 3789 5665 .

2205 5687 2422 5771 ἀραιὴ.
2444 5688 2948 5771 ὕει-ιηηΛΝοτῃ-ςρ
2976 5686 3113 5771 plur.
3146 5701 3267 5771 eum
3293 5682 3559 5771 vet.‘_i§d.,
3590 5704 3722 5771 pm-

2068 5732 2091 5791 ’
2138 5732 3267 5833 άεηιεῖιῒῖξνὶιῐὲὲλλέιεῐῐ·ῐδὲιῑιιιῡδϊἀῖιῑάῖ
3303 5732 3559 5833 ὶῖιὶήἓῐὶἱῗ
3580 5732 3725 5824 at;
3790 5756 3795 5765 -

2140 5836 2379 5902 perfecta:
2398 5836 2513 5883 sum
2537 5829 2768 5898 singulae.
