4066 6348
1132 365 1496 425 MORALIUM
1536 367 1666 427 LIB.
1709 365 1879 425 XXII.
1907 394 1977 409 -
2014 366 2082 422 IN
2120 364 2347 421 CAPUT
2386 363 2558 421 XXXI
2595 365 2656 420 Β.
2700 363 2836 421 JOB.

3413 414 3421 422 .
3512 355 3617 417 lu

416 483 469 537 3.
500 480 694 538 0m
719 484 775 551 in
797 482 898 538 loli
927 485 1575 541 conumrtrut.-‘—Beatus
1602 487 1780 555 itaque
1809 485 1932 550 Job,
1959 491 2014 555 Α
2040 484 2139 549 Qui
2165 484 2309 561 enim
2339 478 2497 539 rebus
2526 482 2825 539 labentibus
2848 479 3091 544 inhaeret,
3121 476 3213 539 illo
3234 475 3476 533 videlicet
3507 483 3618 529 tra-

346 571 489 640 quod
516 587 624 628 non
655 589 813 628 unam
841 574 960 630 sine
984 575 1111 641 alia,
1141 575 1236 630 sed
1264 577 1580 644 conjunctae
1604 575 1741 631 inse
1770 577 1936 631 virtu-

348 671 430 719 tes
466 663 736 733 habuerit,
783 666 1149 723 enumerando
1177 666 1414 738 singulas
1463 668 1770 725 innotescit.
1801 666 1933 737 Nam

344 755 485 811 bona
517 754 791 825 pudican
816 756 1117 823 insinuans,
1147 756 1321 814 dicit:
1350 758 1413 815 Si
1438 757 1708 828 deceptum
1730 769 1811 823 est
1847 776 1936 815 cor

270 854 277 857 “
346 864 517 905 meum
541 864 698 918 super
721 850 987 907 mulierem
1009 850 1162 922 (Cap.
1191 868 1343 918 xxxi,
1376 853 1454 921 9).
1478 855 1652 922 Atque
1673 862 1729 907 ut
1757 852 1933 907 eidem

343 944 616 1017 pudicitia:
643 945 1040 1005 demonstraret
1082 946 1399 1002 humilitatis
1429 949 1657 1017 gratiam
1704 946 1933 1003 nullate-

342 1053 448 1106 nus
477 1036 714 1097 defuisse
737 1078 755 1099 .
802 1047 922 1109 post
965 1046 1161 1094 cetera
1208 1038 1480 1109 subiungit
1508 1056 1521 1090 :
1553 1038 1615 1094 Si
1653 1024 1934 1107 tmtempsi

342 1130 514 1186 subire
817 1148 934 1186 cum
961 1146 1106 1187 seruo
1130 1148 1242 1187 meo
1275 1130 1454 1203 (Verr.
1483 1130 1596 1202 i3).
1622 1130 1725 1197 Qui
1750 1141 1808 1187 ut
1837 1131 1936 1186 hu-

344 1222 569 1303 militati
586 1238 699 1278 sua
729 1225 1040 1280 ostenderet
1063 1224 1495 1281 misericordiam
1516 1225 1682 1282 luisse
1707 1224 1935 1296 coniun-

338 1324 505 1382 ctam,
542 1316 699 1386 paulo
724 1327 843 1386 post
873 1317 1006 1373 dicit
1034 1334 1050 1372 ι
1084 1318 1144 1374 Si
1172 1319 1353 1391 negari
1379 1320 1516 1389 quod
1544 1318 1777 1377 volebant
1805 1328 1935 1389 pauo

340 1405 548 1474 peribis
596 1403 773 1478 (Verr.
826 1405 935 1475 16).
987 1406 1162 1476 Atque
1206 1418 1267 1461 ut
1313 1407 1735 1464 misericordiam
1783 1423 1933 1464 suam

336 1497 648 1553 ostenderet
674 1497 742 1552 de
766 1497 994 1568 iustitia:
1024 1499 1203 1557 radice
1248 1499 1602 1565 descendere,
1637 1500 1797 1570 paulo
1837 1516 1932 1556 su-

336 1588 521 1658 perius
550 1587 828 1655 prmisit,
854 1587 1038 1645 dicens
1070 1607 1084 1642 :
1119 1588 1181 1646 Si
1223 1589 1485 1646 ambulavi
1514 1592 1568 1645 in
1594 1592 1841 1657 uanitate,
1889 1600 1936 1645 et

338 1680 601 1749 festinavit
630 1680 684 1733 in
724 1679 844 1737 dolo
870 1697 957 1750 pes
980 1697 1121 1738 meus
1161 1682 1341 1754 (Vers.
1380 1683 1457 1753 ὅ).
1489 1686 1661 1752 Atque
1693 1692 1751 1739 ut
1778 1699 1934 1739 mon.

336 1778 610 1827 straretur
638 1784 797 1838 quam
826 1770 987 1827 tuerit
1014 1772 1080 1827 ad
1124 1781 1315 1828 cuncta
1364 1773 1613 1843 pavidus,
1644 1783 1699 1828 et
1725 1773 1792 1829 ad
1821 1789 1936 1829 om-

2043 580 2210 646 bitur,
2234 592 2342 649 quo
2369 578 2538 633 tendit
2562 579 2702 648 quod
2732 587 2897 634 tenet.
2930 574 3083 632 Prius
3112 576 3294 644 itaque
3321 571 3620 631 curandum

2039 680 2122 725 est
2151 686 2218 726 ne
2240 672 2361 740 quis
2382 671 2694 738 temporalia
2709 671 2916 741 diligat,
2940 684 3007 725 ac
3025 668 3220 727 deinde
3238 682 3305 723 ne
3332 668 3385 723 in
3413 665 3617 725 eisdem

2040 762 2422 830 temporalibus
2448 778 2569 833 qua:
2608 778 2714 819 non
2743 764 2809 820 ad
2837 764 3250 821 delectationem
3272 761 3399 829 sibi,
3425 760 3521 817 sed
3546 758 3619 815 ad

2040 872 2191 911 usuin
2224 854 2454 921 retinet,
2490 854 2737 910 ﬁduciam
2780 865 2961 924 ponat,
3006 854 3258 924 quoniam
3305 850 3621 921 conjuncws

2038 946 2446 1003 decurrentibus
2474 960 2597 1001 mox
2628 953 2825 1001 statum
2852 960 3005 1001 suum
3033 944 3242 1001 animus
3271 942 3462 1013 perdit.
3482 940 3619 997 Nam

2039 1043 2159 1098 vitae
2190 1042 2469 1110 praisentis
2511 1040 2705 1096 ﬂuctus
2734 1040 2900 1095 trahit
2942 1054 3101 1109 quem
3148 1038 3312 1103 levat,
3361 1044 3416 1091 et
3460 1034 3619 1091 valde
3662 1052 3671 1113 ᾖ

2039 1137 2265 1192 umens
2292 1147 2375 1190 est
2413 1134 2504 1203 qui
2533 1134 2585 1187 in
2618 1132 2758 1189 unda
2788 1132 3035 1198 volvitur,
3084 1139 3142 1185 et
3177 1130 3410 1201 plantam
3457 1125 3622 1198 ﬁgere

2036 1238 2279 1284 conatur.
2312 1226 2421 1282 Sed
2443 1235 2566 1280 sunt
2595 1224 2831 1295 plerique
2858 1225 2949 1291 qui
2993 1224 3095 1279 etsi
3147 1224 3200 1281 in
3254 1222 3412 1279 rebus
3448 1230 3623 1277 trans-

2037 1318 2286 1375 euntibus
2316 1316 2560 1371 ﬁduciam
2582 1329 2913 1386 nequaquam
2944 1320 3166 1385 ponunt,
3198 1325 3319 1367 cum
3346 1320 3524 1367 tamen
3550 1309 3624 1367 si-

1990 1460 2007 1471 .
2039 1412 2205 1466 bimet
2231 1408 2299 1462 ad
2328 1422 2456 1463 usus
2485 1406 2815 1463 necessarios
2841 1404 3052 1459 abunde
3082 1402 3298 1469 adsunt,
3334 1410 3512 1457 mente
3542 1408 3623 1455 ta-

2038 1504 2144 1558 cita
2174 1502 2442 1557 laetantur.
2472 1500 2584 1568 Qua
2623 1502 2677 1555 in
2712 1513 2770 1554 re
2796 1498 3012 1553 dubium
3044 1511 3151 1551 non
3179 1504 3285 1561 est,
3328 1494 3446 1564 quia
3477 1500 3623 1547 tanto

2037 1597 2265 1665 quisque
2309 1594 2483 1649 minus
2529 1592 2675 1648 dolet
2724 1590 2868 1661 quod
2916 1590 3092 1647 desint
3137 1597 3376 1653 aeterna,
3426 1592 3625 1656 quanto

2041 1688 2209 1758 magis
2237 1687 2434 1758 gaudet
2461 1684 2603 1754 quod
2633 1683 2811 1740 adsint
2850 1680 3161 1751 temporalia
3187 1697 3203 1745 ;
3232 1687 3286 1736 et
3313 1677 3403 1747 qui
3445 1677 3623 1743 minus

2039 1779 2185 1834 dolet
2213 1777 2355 1848 quod
2400 1776 2578 1831 desint
2627 1776 2973 1845 temporalia,
3022 1772 3221 1828 certius
3268 1777 3542 1839 exspectat
3568 1775 3626 1827 ut

342 1863 432 1919 nia
472 1863 894 1932 circumspectus
940 1864 1162 1921 inferius
1206 1850 1422 1932 asserit,
1467 1867 1651 1927 dicens
1676 1885 1692 1921 :
1725 1866 1938 1938 Semper
1964 1877 2016 1943 3
2038 1873 2218 1927 adsint
2247 1878 2467 1925 aeterna.
2496 1868 2607 1923 Hoc
2632 1870 2811 1937 itaque
2835 1867 2904 1923 de
2930 1867 3155 1923 terrenis
3184 1862 3345 1919 rebus
3372 1857 3625 1933 gaudium

342 1955 477 2011 enim
495 1955 644 2023 quasi
672 1963 924 2015 tumentes
952 1972 1106 2025 super
1146 1972 1226 2011 me
1262 1958 1448 2027 ﬂuctus
1479 1957 1621 2011 timui
1658 1955 1936 2013 Dominum

344 2043 520 2116 (Verr.
550 2043 671 2117 25).
699 2046 800 2115 Qui
839 2048 1044 2105 scilicet
1090 2050 1142 2103 in
1187 2049 1457 2119 prosperis
1484 2050 1690 2119 positus
1713 2090 1727 2114 ,
1774 2059 1937 2120 atque

341 2134 662 2195 abundantia
689 2151 871 2194 rerum
912 2137 1101 2205 fultus,
1140 2148 1165 2177 α
1191 2140 1238 2194 si
1269 2155 1419 2209 spem
1449 2148 1540 2195 aut
1570 2142 1623 2195 in
1650 2140 1762 2195 suis
1806 2141 1937 2197 acti-

342 2227 444 2283 bus
471 2228 642 2287 aut'in
673 2230 1171 2289 circumﬂuentibus
1211 2233 1373 2290 rebus
1404 2242 1647 2304 poneret,
1701 2235 1936 2302 proiecto

334 2320 517 2392 {astris
554 2322 662 2377 nun
690 2333 853 2379 esset.
886 2323 991 2381 Sed
1022 2324 1235 2395 quando
1260 2327 1358 2383 iste
1386 2327 1468 2381 vir
1510 2334 1728 2383 sanctus
1775 2327 1829 2381 in
1877 2342 1937 2382 se

332 2428 494 2485 spem
520 2415 720 2485 posuit,
747 2418 838 2485 qui
867 2425 1050 2487 aperte
1073 2417 1204 2473 dicit
1232 2434 1249 2473 :
1280 2415 1414 2473 Ecce
1444 2436 1545 2472 non
1587 2428 1659 2473 est
1684 2417 1936 2473 auxilium

338 2508 468 2561 nuta
490 2522 544 2561 tn
568 2523 647 2562 me
675 2506 816 2577 (Job.
851 2525 924 2576 vt,
957 2506 1083 2578 l5)?
1108 2508 1251 2582 [Vet.
1277 2521 1324 2563 et
1358 2510 1479 2565 Rec.
1515 2508 1626 2583 Il.)
1648 2511 1784 2579 Quid
1809 2498 1936 2581 ergo

338 2612 488 2657 nunc
532 2609 817 2670 superest.
867 2601 969 2656 nisi
1014 2611 1069 2661 ut
1116 2602 1261 2673 ipsas
1309 2619 1521 2675 quoque
1570 2604 1783 2660 divitias
1833 2621 1935 2676 qua

341 2697 525 2747 mente
546 2692 849 2761 possederit
872 2693 1207 2753 innotescat?
1248 2696 1335 2750 Ait
1361 2696 1502 2752 enim
1529 2714 1543 2750 :

415 2782 583 2856 ϐω
607 2782 735 2841 Ωιι).
769 2801 915 2852 xxxi,
944 2801 1097 2843 vltus.
1126 2786 1219 2842 24.
1243 2817 1312 2829 -—
1334 2787 1395 2843 Si
1420 2790 1598 2857 putavi
1626 2804 1809 2843 aurum
1851 2805 1931 2843 ro-

342 2873 442 2943 bur
471 2890 655 2941 meum,
683 2884 731 2931 et
754 2876 941 2949 obryzo
971 2878 1102 2943 dixi,
1134 2879 1329 2949 ﬁducia
1349 2895 1480 2934 mea.

975 2978 1202 3038 CAPUT
1229 2982 1294 3038 ll.

415 3068 472 3124 4.
504 3069 626 3127 Non
653 3071 706 3127 in
746 3071 1030 3129 labentibus
1054 3074 1266 3140 divitiis,
1293 3075 1381 3128 sed
1427 3076 1479 3129 in
1506 3072 1617 3130 Deo
1645 3075 1753 3131 solo
1776 3078 1940 3146 conﬁ-

344 3162 594 3217 dendum.
624 3163 894 3237 Obryzum
933 3165 1162 3223 dicimus
1186 3165 1213 3205 δ
1236 3167 1441 3223 obrude
1466 3183 1681 3224 aurum.
1711 3171 1937 3226 Sanctus

2038 1966 2225 2020 beatus
2254 1964 2358 2020 Job
2386 1981 2494 2021 non
2524 1979 2583 2045 ες
2622 1965 2870 2021 habuisse
2899 1962 3210 2025 testiﬁcaris,
3232 1954 3513 2029 subiungit
3536 1954 3624 2027 di-

2036 2073 2166 2115 cens
2193 2076 2207 2113 ἒ

2487 2146 2711 2203 CAPUT
2752 2144 2819 2201 ιιι
2846 2142 2992 2218 [γει.
3023 2142 3165 2216 Iit].

2114 2242 2278 2297 Vsus.
2305 2240 2398 2297 25,
2422 2271 2492 2283 —-
2520 2239 2581 2297 Si
2625 2241 2826 2294 laetatus
2874 2254 2988 2293 sum
3029 2253 3181 2306 super
3221 2238 3394 2293 multis
3436 2236 3625 2294 divitiis

2038 2334 2185 2399 meis,
2212 2344 2259 2388 et
2289 2333 2408 2402 quia
2428 2333 2655 2401 plurima
2682 2331 2868 2401 reperit
2894 2345 3075 2384 manus
3103 2344 3233 2383 mea.

2016 2476 2025 2479 ,
2109 2426 2163 2482 5.
2198 2425 2379 2481 Sancti
2406 2427 2650 2480 bonorum
2686 2424 3046 2494 temporalium
3072 2440 3200 2479 onus
3243 2434 3333 2477 aut
3362 2422 3627 2493 largiendo

2038 2518 2333 2588 partiuntur
2351 2561 2366 2584 ,
2396 2528 2485 2571 aut
2513 2518 2877 2573 contemnendo
2905 2523 3070 2570 totum
3097 2515 3375 2585 deponunt.
3401 2542 3472 2554 —
3492 2512 3628 2571 San-

2038 2607 2110 2663 cti
2153 2610 2349 2676 quippe
2403 2607 2504 2662 viri
2553 2610 2607 2661 in
2660 2607 2817 2675 hujus
2869 2605 3308 2676 peregrinationis
3347 2619 3625 2681 aerumna,

2041 2700 2292 2769 quoniam
2341 2716 2460 2755 eam
2506 2714 2664 2770 quam
2713 2706 2970 2768 appetunt
3019 2697 3196 2752 adhuc
3248 2695 3507 2753 creatoris
3543 2694 3627 2750 sui

2037 2792 2272 2860 speciem
2301 2792 2648 2859 contemplari
2679 2790 2899 2844 minime
2938 2790 3206 2852 sinuntur,
3236 2803 3449 2843 omnem
3486 2801 3625 2857 prae-

2036 2883 2209 2937 sentis
2238 2884 2355 2937 vitai
2386 2883 2593 2952 capiam
2622 2882 2852 2951 inepiam
2896 2883 3183 2951 deputant,
3212 2879 3338 2950 quia
3377 2878 3626 2934 videlicet

2041 2974 2113 3027 nil
2145 2984 2298 3028 extra
2326 2974 2495 3029 Deum
2526 2972 2720 3028 sufﬁcit
2769 2974 2933 3027 menti
2978 2987 3097 3038 quae
3143 2972 3403 3027 veraciter
3454 2969 3623 3025 Deum
3708 2969 3717 2981 '

2040 3066 2268 3137 quierit;
2300 3078 2353 3121 et
2382 3064 2692 3136 plerumque
2720 3063 2797 3119 eis
2827 3063 2938 3133 ipsa
2968 3079 3060 3117 sua
3092 3061 3415 3116 abundantia
3446 3060 3500 3113 iit
3524 3075 3622 3114 ve-

2042 3157 2320 3213 hementer
2340 3173 2575 3217 onerosa
2597 3197 2612 3221 ,
2636 3158 2757 3225 quia
2786 3151 2897 3209 hoc
2916 3157 3089 3224 ipsum
3118 3154 3350 3222 graviter
3375 3153 3624 3221 tolerant,

341 3267 479 3323 ergo
502 3254 586 3308 vir
612 3268 713 3313 nec
736 3266 928 3310 aurum
958 3256 1141 3323 robur,
1183 3271 1282 3313 nec
1328 3256 1433 3312 sibi
1480 3273 1602 3314 esse
1644 3259 1936 3331 obryzum,
1962 3251 2182 3332 C‘quod
2211 3250 2523 3306 festinantes
2553 3249 2620 3303 ad
2652 3250 2875 3318 patriam
2903 3250 2956 3302 in
2986 3251 3177 3303 itinere
3203 3246 3363 3301 multa
3389 3254 3622 3315 portant.

344 3343 405 3400 id
429 3354 509 3400 est
532 3346 678 3403 rudis
706 3346 822 3401 auri
853 3348 1050 3403 molem
1078 3348 1329 3405 ﬁduciam
1359 3349 1604 3417 credidit,
1632 3352 1757 3419 quia
1786 3367 1936 3421 spem

348 3446 375 3474 ε
410 3445 570 3507 atque
595 3437 1007 3495 delectationem
1032 3428 1269 3495 suam'in
1301 3441 1469 3495 solius
1495 3442 1663 3512 gratia
1696 3444 1938 3497 condito-

344 3528 423 3586 ris
451 3528 642 3601 ﬁgens,
674 3541 847 3602 neque
873 3530 942 3585 de
967 3532 1264 3601 quantitate
1289 3528 1432 3597 'auri,
1467 3547 1639 3601 neque
1661 3531 1729 3587 de
1757 3534 1940 3602 specie

346 3623 611 3693 peccavit.
646 3622 719 3678 De
746 3632 989 3680 creatore
1011 3624 1209 3694 quippe
1229 3623 1545 3694 desperasse
1568 3624 1765 3692 fuerat,
1789 3640 1938 3693 spem

345 3717 407 3775 in
427 3728 674 3775 creatura
706 3721 969 3786 posuisse.
1026 3720 1084 3775 In
1129 3720 1291 3776 rebus
1313 3729 1514 3801 ‘autem
1563 3720 1740 3778 dubiis
1788 3736 1939 3789 spem

351 3811 547 3869 ﬁxerat
572 3808 724 3867 dides
770 3814 880 3879 ille,
918 3813 1011 3884 qui
1042 3814 1252 3871 dicebat
1286 3832 1301 3867 :
1336 3816 1540 3880 Anima,
1590 3813 1740 3871 habes
1780 3816 1941 3868 multa

348 3903 483 3957 bona
513 3910 539 3940 α
570 3906 795 3973 reposita
823 3907 875 3959 in
906 3923 1069 3959 annos
1110 3907 1376 3976 plurimos,
1407 3908 1682 3975 requiesce,
1714 3909 1938 3973 comede,

355 3994 484 4062 bibe,
523 3998 752 4068 epulare.
781 3997 887 4054 Sed
913 3998 1301 4068 hunasupcrna
1323 4013 1420 4053 eoa:
1446 4000 1694 4068 increpat,
1725 3999 1899 4051 dicens
1922 4015 1940 4051 :

350 4087 545 4159 Stulte,
560 4089 657 4144 ltac
676 4100 824 4147 nocte
838 4091 1063 4146 animum
1086 4102 1225 4145 tuam
1246 4100 1474 4160 repetunt
1496 4101 1616 4155 ate;
1637 4107 1752 4161 qua:
1771 4092 1942 4143 autem
1980 4143 1999 4171 I

351 4182 570 4254 parasti,
599 4184 747 4253 cujus
774 4195 923 4240 erunt
950 4183 1102 4256 (Luc.
1134 4200 1233 4249 xu,
1268 4184 1367 4250 19,
1398 4182 1533 4253 20)?
1565 4183 1768 4239 Eadem
1799 4174 1940 4238 enim

353 4285 513 4333 nocte
558 4276 801 4335 sublatus
845 4284 966 4343 est,
1014 4277 1103 4347 qui
1155 4280 1209 4331 in
1253 4292 1432 4333 rerum
1476 4277 1574 4333 sibi
1616 4275 1941 4331 abundantia

352 4366 524 4425 multa
557 4378 797 4438 tempora
835 4369 1007 4425 fuerat
1034 4370 1391 4438 prai’stolatus,
1439 4376 1497 4422 ut
1538 4366 1743 4423 scilicet
1770 4368 1860 4437 qui
1888 4370 1940 4422 in

351 4459 570 4530 longum
600 4461 702 4523 sibi
728 4459 966 4517 subsidia
1007 4460 1309 4529 mitigando
1359 4461 1707 4529 prospiceret,
1749 4459 1940 4515 subse-

351 4562 607 4626 quentem
634 4555 774 4612 diem
822 4555 907 4610 vel
939 4569 1100 4609 unum
1139 4569 1358 4608 minime
1405 4554 1630 4609 videret.
1679 4554 1839 4618 Quasi
1892 4555 1943 4607 in

2045 3340 2197 3398 Unde
2227 3344 2285 3397 ﬁt
2322 3355 2379 3397 ut
2408 3346 2519 3397 huic
2568 3358 2688 3397 cum
2739 3341 3096 3412 indigentibus
3142 3340 3399 3409 proximis
3438 3338 3630 3394 devote

2045 3435 2364 3505 partiantur,
2391 3444 2651 3502 quatenus
2673 3434 2801 3509 dum
2823 3433 2986 3488 sumit
3016 3434 3117 3486 iste
3145 3432 3285 3503 quod
3310 3447 3416 3486 non
3447 3430 3627 3497 habet,

2044 3528 2275 3595 deponat
2299 3529 2390 3583 ille
2435 3529 2576 3597 quod
2625 3528 2853 3597 amplius
2902 3529 3163 3591 habebat;
3214 3543 3313 3582 nec
3354 3526 3632 3582 conviator

2045 3634 2244 3674 vacuus
2274 3620 2542 3685 ambulet,
2575 3634 2675 3674 nec
2703 3634 2825 3674 eum
2850 3634 3011 3688 quem
3043 3620 3313 3673 retardare
3338 3619 3393 3673 in
3419 3620 3502 3673 via
3529 3632 3629 3687 po-

2044 3716 2181 3764 terat
2234 3707 2452 3761 nitnium
2500 3725 2633 3762 unus
2678 3717 2885 3776 gravet.
2939 3707 3106 3761 Electi
3167 3722 3294 3776 ergo
3347 3708 3415 3762 de
3464 3707 3631 3760 multa

2045 3799 2365 3854 abundantia
2397 3800 2616 3853 minime
2653 3799 2817 3870 699
2847 3798 3127 3863 laetantur,
3181 3812 3338 3867 quam
3386 3797 3636 3852 videlicet

2046 3909 2143 3962 pro
2173 3910 2355 3948 amore
2384 3890 2619 3947 cmlestis
2649 3892 2949 3961 patrimonii
2993 3902 3085 3945 aut
3112 3890 3386 3962 largiendo
3430 3892 3636 3962 disper-

2043 3998 2194 4059 gunt,
2227 3998 2318 4041 aut
2344 3987 2685 4058 despicienda
2716 3986 2995 4041 deserunt.“
3022 3988 3273 4058 Sequitur
3307 4006 3318 4040 :

2478 4140 2481 4141 ί
2662 4075 2888 4131 CAPUT
2940 4078 3023 4130 tv.
3404 4148 3409 4154 ί

2121 4169 2281 4221 νιίιιε.
2300 4154 2479 4223 26-28.
2499 4199 2565 4208 -—
2583 4168 2641 4225 Si
2668 4169 2773 4223 vidi
2792 4169 2952 4225 solem
2977 4186 3093 4223 cum
3124 4168 3363 4241 fulgeret,
3393 4180 3438 4224 et
3463 4171 3636 4225 lunam

2046 4262 2356 4316 incedentem
2396 4262 2568 4327 clare;
2616 4272 2661 4316 et
2709 4250 2957 4316 ltrtatum"
2988 4273 3059 4315 est
3108 4262 3161 4316 in
3207 4264 3503 4317 abscondito
3548 4281 3637 4318 cor

2047 4370 2213 4406 meum
2233 4395 2247 4419 ,
2280 4364 2327 4407 et
2360 4354 2618 4407 osculatus
2644 4371 2760 4415 sum
2799 4360 3005 4407 manum
3034 4371 3201 4409 meam
3231 4372 3317 4410 ore
3358 4374 3489 4426 meo,
3526 4373 3639 4429 quc

2048 4457 2119 4498 est
2151 4444 2391 4514 iniquitas
2421 4444 2665 4509 matrima,
2698 4453 2744 4497 et
2773 4446 2974 4517 negatio
3008 4457 3186 4501 contra
3231 4444 3400 4502 Deum
3443 4448 3636 4505 altissi-

2049 4553 2207 4590 mum.

352 4646 506 4716 aquis
535 4646 677 4701 enim
706 4645 1067 4703 deﬂuentibus
1094 4642 1497 4700 fundamentum
1545 4658 1742 4713 ponere
1770 4652 1853 4699 est
1890 4646 1941 4697 in
1970 4646 2024 4706 ι)
2121 4626 2173 4681 6·
2208 4628 2399 4683 Sensus
2425 4637 2672 4693 εοετεεηι.
2705 4640 2749 4682 ει
2784 4629 3022 4682 continuo
3063 4630 3234 4685 studio
3263 4632 3399 4687 intra
3423 4645 3640 4690 mentem

353 4737 520 4794 rebus
543 4738 848 4797 labentibus
872 4737 988 4807 spei
1015 4736 1264 4801 ﬁduciam
1293 4736 1432 4792 velle
1472 4734 1726 4789 solidare.
1746 4722 1943 4788 ‘Stantc

352 4833 500 4891 enim
539 4834 593 4890 in
640 4842 956 4904 perpetuum
1003 4833 1134 4898 Deo,
1183 4838 1464 4887 transeunt
1508 4828 1766 4889 omnia.ﬁ
1807 4826 1943 4894 Quid

350 4939 487 4995 ergo
515 4938 545 4979 a
571 4936 753 4985 stante,
778 4924 961 4996 fugere
983 4933 1085 4990 est,
1114 4922 1218 4978 nisi
1245 4916 1646 4978 transeuntibus
1677 4918 1833 4975 rebus
1861 4918 1943 4973 in—

357 5015 612 5074 liuere?
647 5017 781 5085 Quis
806 5030 1035 5085 namque
1066 5029 1297 5086 unquam
1326 5011 1724 5071 decurrentium
1767 5007 1943 5064 ﬂumi-

356 5121 489 5164 num
535 5107 752 5164 tumidis
781 5108 803 5145 τ
830 5105 1120 5162 verticibus
1162 5113 1346 5173 raptus
1398 5116 1614 5159 manere
1653 5100 1770 5173 ipse
1811 5099 1947 5154 ﬁxus

357 5199 556 5269 potuit,
584 5200 836 5257 deorsum
866 5197 1007 5253 unda
1056 5196 1363 5252 deﬂuente?
1392 5195 1643 5267 Quisquis
1672 5208 1801 5265 ergo
1848 5192 1947 5259 de-_

359 5291 531 5348 ﬂuere
556 5292 775 5357 devitat,
807 5296 1053 5361 superest
1081 5299 1138 5343 ut
1159 5288 1301 5357 quod
1332 5287 1517 5343 deﬂuit
1544 5286 1730 5357 fugiat,
1766 5299 1833 5341 ne
1856 5299 1950 5353 per

356 5384 465 5442 hoc
490 5382 635 5455 quod
658 5392 805 5443 amat
822 5384 877 5441 in
903 5381 1006 5443 hoc
1031 5387 1251 5451 cogatur
1274 5378 1554 5450 pervenire
1577 5386 1601 5441 ε
1627 5375 1768 5446 quod
1794 5373 1945 5430 vitat.
1983 5428 1991 5439 ,

433 5530 461 5562 ι
489 5521 704 5579 Pratell.
736 5528 792 5576 et
814 5520 901 5576 alii
929 5508 1137 5584 Norm.,
1169 5519 1214 5573 si
1252 5532 1391 5588 spem
1414 5517 1468 5569 in
1494 5510 1600 5571 suis
1628 5516 1825 5569 actibus
1855 5531 1947 5584 po-

360 5603 526 5661 neret,
557 5598 784 5665 profecto
801 5593 977 5665 justus
994 5608 1103 5665 non
1128 5599 1273 5665 esset.

298 5701 310 5725 τ
432 5665 461 5703 ιι
489 5659 717 5729 Turni”
760 5659 953 5730 Liud.,
991 5660 1103 5717 Val.
1130 5660 1244 5730 CL,
1281 5660 1495 5727 Nom,
1533 5659 1659 5714 rude
1694 5672 1945 5715 cum...

289 5746 327 5807 ξι
357 5737 545 5792 fidem
582 5737 697 5790 atri
722 5734 922 5807 molem.
997 5804 1038 5807 __
1327 5803 1368 5807 _
1402 5776 1413 5785 .

294 5801 303 5825 ³
441 5818 465 5847 ε
506 5808 718 5864 Gemet.
759 5804 952 5877 aliique
994 5804 1179 5863 Norm.
1224 5817 1287 5861 ac
1327 5803 1524 5861 Turon.
1554 5818 1571 5868 ;
1600 5812 1745 5874 atque
1786 5801 1947 5857 dilec-

363 5878 571 5936 tionstn.

2054 4739 2198 4778 suam
2224 4740 2278 4775 se
2305 4723 2576 4792 colligunt.
2600 4752 2665 4764 —-
2692 4723 2953 4777 Incertum
3000 4738 3108 4777 nun
3136 4735 3219 4778 est
3246 4728 3387 4796 quod
3419 4738 3643 4796 utraque

2055 4815 2168 4869 haec
2212 4814 2491 4867 luminaria
2543 4813 2787 4866 humanis
2834 4813 3146 4869 ministeriis
3192 4817 3480 4887 deputata,
3516 4823 3641 4878 creti

2053 4908 2259 4963 militiae
2283 4917 2561 4962 vocantur.
2590 4905 2645 4960 In
2675 4922 2903 4977 quorum
2929 4909 3131 4964 cultum
3158 4911 3355 4967 multos
3375 4916 3641 4979 novimus,

2054 5002 2314 5069 scriptura
2347 5009 2500 5065 teste,
2530 4997 2811 5065 cecidisse,
2847 4999 2985 5055 sicut
3008 5002 3264 5074 scriptum
3293 5012 3376 5058 est
3404 5023 3415 5057 :
3445 5005 3644 5060 Adore-

2055 5104 2233 5149 uerunt
2264 5094 2546 5146 universam
2575 5092 2809 5146 militiam
2836 5095 2951 5147 caeli
2978 5091 3088 5165 (IV
3118 5095 3245 5167 Reg.
3277 5112 3405 5162 xvu,
3436 5097 3546 5169 16).
3578 5098 3651 5161 Et

2054 5188 2176 5256 quia
2211 5185 2289 5240 sol
2320 5191 2373 5239 et
2402 5182 2523 5267 luna
2554 5184 2708 5241 aliter
2734 5184 2985 5239 videntur
3030 5184 3095 5245 ad
3147 5202 3329 5254 usum,
3378 5188 3532 5242 aliter
3578 5189 3644 5244 ad

2060 5277 2479 5341 venerationem,
2512 5290 2577 5330 eo
2619 5292 2767 5331 more
2796 5293 2900 5348 quo
2929 5286 2960 5331 a
2992 5279 3289 5335 cultoribus
3317 5281 3428 5335 suis
3478 5296 3644 5338 vene-

2060 5373 2386 5439 rarisolent,
2417 5371 2585 5427 solem
2614 5379 2669 5426 et
2708 5370 2889 5426 lunam
2938 5370 3123 5428 beatus
3167 5372 3269 5429 Job
3311 5389 3642 5446 nequaquam

2127 5512 2155 5552 ἀ
2188 5515 2354 5575 Plur.,

2130 5584 2395 5661 e-Nnrm.,
2422 5586 2582 5639 Corb.
2617 5586 2798 5643 Germ.
2834 5594 2888 5661 et
2916 5584 3122 5661 Genu,
3153 5586 3277 5653 quid
3318 5603 3439 5661 ergo
3478 5588 3579 5643 nisi
3612 5605 3646 5645 a

2056 5665 2218 5712 stante
2250 5657 2424 5727 fugere
2452 5666 2547 5723 est,
2576 5655 2957 5727 transeuntibus
2975 5654 3251 5727 inhaerere.

2134 5726 2152 5765 ί
2179 5722 2385 5789 cem...
2409 5722 2593 5779 omnes
2614 5724 2824 5791 Norm.,
2843 5722 3037 5792 Laud,
3060 5723 3220 5785 Corb.
3244 5731 3426 5789 Germ.
3445 5741 3503 5787 et
3525 5730 3640 5787 Val.

2059 5799 2139 5854 Cl.
2153 5840 2167 5863 ,
2195 5808 2247 5851 et
2276 5797 2559 5849 verticibus.

2133 5877 2159 5914 ε
2191 5867 2442 5935 Vindoc..
2463 5867 2599 5935 quod
2623 5874 2784 5935 nocet.

2389 5517 2572 5585 posita.
