4066 6348
490 336 593 393 215

1692 343 1938 404 SANCTI
1977 344 2306 406 GMGORII
2339 344 2555 405 MAGNI

3650 348 3755 406 216

486 455 684 511 vidisse
710 469 770 514 se
798 455 1079 528 perhibet,
1110 470 1210 513 nec
1255 456 1491 513 laetatum
1541 456 1706 514 fuisse
1747 474 1841 517 cor
1884 476 2057 527 suum,
2094 466 2145 527 Α
2169 460 2456 515 novatione
2491 457 2738 515 fervoris.
2769 459 2950 518 Nescit
2974 463 3119 534 enim
3152 475 3304 519 mens
3345 475 3443 533 per
3480 470 3754 532 torporem

484 561 582 606 nec
609 550 903 606 osculatam
942 564 1155 604 manum
1183 564 1277 605 ore
1311 564 1428 604 suo.
1463 549 1521 605 in
1554 565 1661 621 qua
1689 552 1932 608 videlicet
1974 566 2063 608 os-

482 644 771 715 culatione,
798 644 922 715 quid
952 643 1094 698 aliud
1141 659 1299 714 quam
1338 645 1507 715 gratia
1551 647 1914 702 venerationis
1962 663 2059 702 ex-

481 736 763 806 primitur?
790 735 941 803 Quod
969 735 1014 790 si
1045 734 1267 791 fecisset
1293 753 1547 809 unquam,
1582 742 1683 794 hoc
1726 741 2059 811 iniquitatem

478 831 763 886 maximam
794 837 850 886 et
888 829 983 884 Dei
1028 832 1362 899 negationem
1409 842 1583 888 vocat.
1632 832 1739 890 Sed
1779 845 2057 905 postquam

478 932 623 979 tanta
652 923 719 978 de
761 936 821 977 se
848 920 982 977 locis
1002 923 1365 993 superioribus
1393 926 1645 980 virtutum
1673 926 1904 981 culmina
1939 942 2062 981 nar-

476 1019 627 1085 ravit,
653 1026 682 1056 ει
697 1016 823 1086 quid
846 1032 988 1073 nunc
1008 1018 1199 1073 mirum
1228 1028 1517 1083 memorat,
1532 1022 1577 1074 si
1600 1020 1764 1074 solem
1794 1035 1857 1075 ac
1880 1020 2058 1075 lunam

475 1124 578 1164 non
607 1124 667 1166 se
702 1110 962 1165 adorasse
1010 1109 1348 1165 manifestat?
1399 1109 1551 1166 Unde
1596 1114 1927 1179 pensandum
1978 1120 2061 1167 est

473 1202 610 1270 quod
646 1212 926 1273 postquam
970 1202 1023 1257 in
1054 1217 1188 1258 auro
1213 1217 1319 1258 non
1350 1202 1602 1258 habuisse
1648 1205 1912 1271 fiduciam,
1960 1220 2059 1261 nec

471 1291 523 1349 iu
553 1293 734 1349 multis
777 1295 977 1350 divitiis
1004 1295 1238 1350 lattatum
1278 1312 1337 1351 se
1385 1296 1549 1351 fuisse
1589 1305 1833 1361 testatur,
1885 1298 2060 1354 adhuc

471 1385 539 1441 ad
567 1386 878 1442 sublimiora
904 1387 1134 1455 ducitur,
1171 1397 1229 1442 ut
1277 1398 1424 1443 tanto
1473 1404 1569 1443 nos
1615 1391 1782 1463 magis
1824 1391 2055 1459 erudiat,

392 1498 395 1505 ·
468 1489 670 1549 quanto
696 1478 763 1534 de
791 1493 852 1535 se
899 1481 1075 1548 aliqua
1116 1481 1362 1536 subtilius
1408 1492 1610 1537 narrat.
1654 1483 1742 1537 Ait
1780 1485 1923 1539 enim
1954 1501 1968 1538 :
1997 1483 2059 1540 Si

470 1571 571 1625 vidi
604 1571 765 1641 solem
790 1588 903 1624 cum
934 1573 1174 1643 fulgeret,
1200 1583 1247 1627 et
1282 1574 1457 1626 lunam
1478 1574 1791 1629 incedentem
1821 1574 1981 1641 clare,
2012 1585 2059 1630 et

470 1660 697 1716 letatum
726 1671 799 1717 est
828 1664 881 1715 in
912 1662 1205 1717 abscondito
1234 1680 1322 1717 cor
1346 1680 1531 1718 meum.
1564 1663 1698 1731 Quid
1730 1665 1834 1720 hoc
1861 1667 1911 1719 in
1938 1665 2059 1720 loco

470 1756 652 1813 videre
678 1757 906 1825 dicitttr,
939 1758 1043 1814 nisi
1074 1760 1442 1815 desideranter
1468 1760 1699 1815 intueri?
1732 1760 1880 1817 Unde
1910 1762 2057 1816 Psal-

2164 550 2191 590 ἀ
2223 563 2584 622 veterascere,
2613 570 2733 625 quae
2755 556 2933 612 studet
2963 572 3060 628 per
3084 557 3409 614 desiderium
3439 573 3652 629 semper
3676 562 3759 614 in-

2162 646 2378 703 choare.
2414 648 2547 704 llinc
2576 664 2807 720 namque
2838 665 2935 719 per
2963 648 3185 705 Paulum
3237 650 3435 705 dicitur
3467 668 3480 703 :
3520 650 3752 704 [lenam-

2163 740 2288 793 mini
2314 740 2498 811 spiritu
2522 741 2707 795 mentis
2736 749 2913 795 vestra:
2942 739 3158 811 (Ephes.
3186 756 3275 808 tv,
3304 740 3422 813 23).
3450 740 3583 796 Hinc
3607 741 3757 797 Psal-

2163 832 2342 893 mista.
2370 832 2463 901 qui
2502 832 2569 887 ad
2618 831 2960 905 perfectionis
2997 832 3109 901 jam
3156 834 3367 888 culmen
3419 832 3752 903 pervenerat,

2163 926 2313 995 quasi
2340 925 2599 980 inchoans
2624 924 2836 981 dicebat
2865 946 2878 980 :
2914 925 3057 985 Dixi.
3076 943 3213 981 nunc
3240 929 3369 998 αερὶ
3393 927 3549 1001 (Psal
3570 934 3752 1000 LXxVI,

2164 1014 2277 1088 11),
2320 1016 2443 1087 quia
2473 1016 2723 1072 videlicet
2748 1018 2792 1072 si
2837 1017 3129 1074 lassescere
3175 1018 3245 1072 ab
3293 1019 3556 1075 inchoatis
3600 1021 3756 1076 bouis

2164 1107 2435 1177 nolumus,
2469 1108 2624 1163 valde
2654 1123 2878 1165 necesse
2906 1118 2992 1164 est
3025 1117 3081 1163 ut
3109 1108 3365 1165 inchoare
3394 1125 3492 1165 nos
3515 1112 3756 1181 quntidie

2162 1202 2464 1257 credamus.
2488 1199 2606 1271 Nec
2633 1200 2893 1256 abhorret
2917 1215 2945 1253 a
2977 1200 3199 1256 rationis
3226 1199 3417 1256 ordine
3444 1202 3586 1271 quod
3623 1215 3756 1256 auro

2161 1291 2389 1347 dicimus
2420 1293 2691 1364 ingenium
2719 1291 3010 1361 designari,
3042 1292 3167 1363 quia
3194 1292 3336 1347 sicut
3356 1292 3412 1347 in
3436 1302 3755 1348 ornamento

2163 1397 2349 1437 aurum
2378 1383 2731 1454 supponitur,
2778 1392 2839 1435 ut
2867 1397 3197 1454 gemmarum
3231 1383 3463 1453 desuper
3494 1382 3625 1438 ordo
3668 1382 3755 1438 di-

2156 1485 2443 1544 sponatur,
2474 1477 2544 1529 ita
2589 1475 2737 1531 clara
2769 1485 3079 1530 sanctorum
3111 1476 3322 1544 ingenia
3350 1476 3545 1532 divinis
3569 1491 3757 1532 mune-

2162 1567 2309 1619 ribus
2337 1565 2608 1621 humiliter
2634 1568 3069 1632 substernuutur,
3111 1575 3167 1620 et
3192 1565 3438 1621 distincta
3487 1580 3649 1635 super
3697 1581 3758 1623 se

2162 1660 2452 1727 gratiarum
2480 1659 2619 1714 dona
2649 1659 2968 1737 percipiunt.
2996 1660 3064 1715 Et
3091 1661 3193 1716 nisi
3213 1661 3341 1732 quid
3370 1662 3547 1717 simile
3566 1679 3757 1718 aurum

2161 1765 2282 1806 cum
2311 1751 2570 1821 sapientia
2596 1751 2839 1817 haberet,
2865 1753 3077 1824 quidam
3100 1752 3313 1821 sapiens
3337 1753 3559 1808 minime
3584 1753 3759 1809 dixis-

469 1846 623 1902 mista
650 1848 724 1903 ait
754 1865 770 1904 :
796 1845 1124 1918 Iniquitatem
1152 1849 1179 1888 δ
1205 1851 1249 1904 si
1271 1852 1510 1921 conspexi
1536 1852 1591 1905 in
1617 1852 1767 1906 corde
1795 1869 1928 1917 meo,
1953 1871 2051 1908 non

2161 1854 2290 1900 set:
2323 1844 2597 1912 Sapientia
2644 1846 2927 1912 absconsa,
2975 1857 3022 1900 et
3069 1846 3337 1903 thesaurus
3372 1847 3597 1913 invisus,
3639 1863 3759 1918 qua

466 1940 710 1995 exaudiat
749 1938 888 1996 Deus
916 1941 1087 2013 (Psal.
1116 1958 1254 2009 va,
1289 1942 1399 2012 18).
1433 1945 1562 2010 Quae
1592 1945 1839 1999 nimirum
1871 1946 2057 2015 iniqui-

464 2038 551 2087 tas
578 2032 633 2087 in
659 2047 754 2088 ore
778 2036 1005 2103 exprimi
1046 2050 1151 2089 non
1197 2045 1397 2105 posset.
1442 2038 1489 2091 si
1519 2052 1623 2091 non
1654 2039 2056 2107 conspiceretur

465 2124 519 2180 in
542 2125 726 2183 corde.
751 2126 855 2182 Sed
879 2127 1021 2182 aliud
1047 2137 1131 2182 est
1159 2127 1343 2183 videre
1367 2144 1460 2196 per
1481 2129 1763 2199 judicium,
1789 2130 1930 2183 aliud
1959 2142 2054 2193 per

466 2217 780 2287 appetitum.
806 2218 1002 2273 Beatus
1022 2234 1149 2289 ergo
1176 2217 1275 2273 Job
1305 2218 1591 2286 fulgentem
1614 2220 1803 2286 solem,
1831 2229 1885 2275 et
1909 2222 2054 2277 clare

466 2310 804 2367 incedentem
828 2311 1007 2366 lunam
1038 2324 1370 2382 nequaquam
1392 2313 1592 2369 vidisse
1621 2329 1680 2369 se
1701 2316 1965 2383 perhibet,
1994 2326 2053 2372 ut

468 2420 530 2459 se
573 2403 908 2460 demonstret
964 2406 1243 2475 prasentis
1285 2407 1419 2461 lucis
1462 2408 1694 2476 Speciem
1734 2424 1839 2483 non
1888 2425 2052 2480 appe-

465 2494 613 2551 tisse.
645 2495 723 2550 Ac
750 2495 796 2549 si
828 2503 947 2564 post
974 2494 1285 2564 deSpectum
1319 2508 1545 2553 terrente
1575 2512 1686 2553 sua:
1710 2500 2051 2557 abundantiae

464 2596 710 2656 patenter
738 2587 972 2642 insinuet
1003 2606 1016 2641 :
1062 2588 1198 2655 Quid
1229 2589 1425 2658 dicam,
1458 2590 1581 2661 quia
1613 2607 1945 2662 nequaquam
1994 2594 2051 2649 in

465 2694 595 2734 auro
626 2679 836 2733 limatus
866 2694 983 2734 sum
1005 2721 1020 2746 ,
1053 2681 1142 2749 qui
1174 2683 1225 2734 in
1258 2682 1368 2749 ipsa
1399 2697 1619 2753 quoque
1639 2685 1760 2739 luce
1790 2699 2048 2755 corporea

464 2770 754 2825 delectatus
794 2785 899 2824 non
953 2772 1107 2825 sum?
1148 2772 1328 2829 Sancti
1369 2776 1566 2829 etenim
1618 2776 1718 2831 viri
1771 2787 2048 2849 postquam

463 2863 642 2917 omnia
669 2863 954 2932 praesentis
993 2864 1118 2919 vita:
1144 2865 1535 2923 oblectamenta
1566 2868 1886 2939 despiciunt,
1938 2884 2051 2940 prae

462 2953 603 3009 illius
638 2955 773 3009 lucis
818 2958 1042 3013 interna:
1072 2958 1373 3027 dulcedine,
1408 2961 1474 3015 ab
1504 2962 1603 3016 hac
1650 2964 1905 3019 exteriori
1936 2967 2051 3020 ani-

462 3063 608 3103 mum
637 3048 754 3103 luce
782 3050 935 3119 quasi
966 3066 995 3103 a
1028 3053 1259 3107 tenebris
1287 3063 1562 3108 avertunt:
1597 3056 1931 3127 multumque
1962 3072 2049 3112 se-

461 3157 579 3196 cum
605 3141 926 3197 intrinsecus
952 3145 1301 3211 contendunt,
1327 3162 1395 3202 nc
1421 3146 1578 3216 hujus
1603 3150 1758 3216 lucis,
1790 3166 1909 3220 qua:
1940 3150 2047 3205 ful-

2160 1938 2352 1991 utilitas
2380 1938 2436 1991 in
2465 1938 2729 2008 utriusque
2758 1936 2955 2010 (Etcli.
2983 1953 3073 2004 xx,
3106 1938 3215 2005 5'2;
3247 1953 3333 1993 xu
3352 1980 3367 2004 ,
3401 1936 3529 2009 i7)?
3574 1938 3758 1997 Sancti

2159 2042 2337 2090 autem
2378 2035 2475 2089 viri
2506 2036 2671 2090 robur
2711 2050 2879 2115 suum.
2907 2050 3094 2090 aurum
3142 2050 3250 2090 non
3298 2035 3577 2106 deputant,
3633 2039 3756 2108 quia

2159 2128 2493 2198 quantolibet
2544 2128 2755 2197 ingenio
2799 2127 3055 2196 fulgeant,
3104 2128 3231 2182 nihil
3278 2143 3337 2182 se
3364 2143 3485 2183 esse
3531 2144 3603 2183 ex
3639 2130 3754 2183 suis

2156 2219 2356 2274 viribus
2384 2228 2632 2288 pensant.
2663 2219 2729 2272 Et
2756 2232 2876 2273 cum
2909 2220 3111 2274 sentire
3148 2218 3324 2273 omnia
3351 2220 3596 2276 valenter
3623 2235 3752 2290 pos-

2159 2321 2319 2379 sunt,
2348 2314 2497 2382 prius
2524 2311 2823 2383 intelligere
2852 2313 3172 2382 semetipsos
3211 2314 3450 2382 cupiunt,
3495 2322 3757 2384 quatenus

2158 2407 2338 2463 lumen
2369 2406 2570 2477 ingenii
2601 2420 2751 2461 more
2778 2407 2905 2461 solis
2938 2407 3085 2476 prius
3114 2406 3345 2461 illustret
3366 2406 3543 2461 locum
3571 2406 3625 2461 in
3647 2422 3756 2477 quo

2156 2502 2346 2565 oritur,
2379 2510 2434 2557 et
2463 2500 2803 2572 postmodum
2851 2511 3042 2555 caetera
3067 2542 3085 2568 ,
3131 2498 3196 2554 ad
3237 2515 3357 2569 qua:
3409 2500 3755 2570 procedendo

2156 2596 2430 2661 dilatatur,
2464 2610 2533 2649 ne
2559 2595 2602 2649 si
2633 2592 2960 2649 intendendo
2987 2592 3376 2664 cognoscendis
3402 2593 3525 2649 aliis
3550 2601 3754 2649 semet-

2158 2690 2301 2759 ipsos
2327 2686 2586 2759 nesciant,
2619 2687 2692 2742 ibi
2720 2688 2853 2743 solis
2880 2688 3059 2741 radius
3087 2686 3176 2742 ubi
3205 2689 3377 2741 oritur
3401 2687 3755 2747 obtenebres-

2155 2758 2260 2835 cat.
2295 2758 2494 2850 Ingenii
2526 2780 2703 2849 itaque
2754 2779 3001 2834 virtutem
3054 2778 3119 2832 ad
3162 2779 3589 2848 cognoscendam
3622 2795 3756 2851 pro.-

2156 2871 2325 2940 priam
2348 2870 2715 2925 inﬁrmitatem
2744 2870 2998 2939 dirigunt,
3022 2879 3181 2941 atque
3202 2885 3270 2926 ex
3295 2870 3619 2927 inﬁrmitatis
3640 2887 3758 2930 sua

2154 2962 2348 3017 melius
2386 2962 2694 3032 cognitione
2723 2960 3128 3017 convalescunt.
3160 2965 3365 3017 Aurum
3411 2978 3539 3034 ergo
3591 2965 3757 3021 robur

2155 3069 2259 3109 non
2291 3054 2547 3119 creditur,
2579 3054 2625 3108 si
2656 3054 2710 3108 in
2740 3063 2960 3124 accepto
2989 3055 3203 3125 ingenio
3232 3052 3427 3111 fiducia
3456 3072 3559 3111 non
3591 3056 3756 3113 habe-

2156 3156 2261 3202 tur.
2294 3148 2448 3215 Quod
2487 3148 2624 3203 bene
2654 3146 2907 3203 Salomon
2934 3147 3253 3215 admonens,
3286 3149 3365 3204 ait
3393 3168 3404 3201 :
3438 3148 3585 3203 Habe
3608 3150 3755 3220 ﬁdu-

459 3246 548 3304 get
575 3235 929 3302 extrinsecus,
957 3237 1311 3296 delectatione
1359 3245 1654 3311 rapiantur.
1689 3245 1802 3301 Lux
1850 3247 2048 3318 quippe

2156 3243 2287 3295 ciant
2312 3243 2366 3295 in
2394 3241 2616 3295 Domino
2641 3249 2664 3278 °
2686 3240 2738 3294 in
2762 3250 2866 3294 toto
2896 3241 3049 3295 corde
3074 3251 3181 3308 tuo,
3214 3251 3259 3296 et
3281 3257 3344 3295 ne
3363 3243 3604 3296 innitaris
3626 3259 3755 3313 pru-

400 3362 417 3377 ,
458 3328 685 3384 visibilis
704 3330 756 3413 si
788 3321 1001 3387 incaute
1028 3331 1285 3403 diligitur,
1312 3349 1341 3387 a
1371 3335 1491 3391 luce
1522 3337 1769 3392 invisibili
1800 3354 1894 3393 cor
1924 3355 2046 3413 ‘cae-

436 3433 631 3491 catur,
660 3410 783 3493 quia
811 3434 1008 3493 quanto
1032 3434 1181 3481 extra
1210 3444 1269 3482 se
1298 3428 1510 3485 inhians
1530 3433 1740 3488 animus
1781 3410 2040 3502 funditur,

457 3524 606 3571 tanto
657 3516 885 3585 amplius
945 3518 997 3573 in
1046 3519 1270 3576 internis
1326 3522 1597 3579 obtutibus
1650 3528 2043 3586 reverberatur.

458 3607 612 3665 Unde
638 3609 867 3665 solertes
905 3611 1102 3682 quique
1130 3628 1199 3667 ne
1226 3616 1499 3684 corporeis
1524 3619 1770 3674 sensibus
1794 3620 1952 3675 nimis
1978 3621 2046 3677 ad

456 3704 722 3760 exteriora
773 3704 1096 3771 dilabantur,
1143 3710 1396 3763 continuo
1438 3711 1611 3764 studio
1643 3710 1779 3766 intra
1810 3721 2045 3777 mentem

456 3811 608 3852 suam
664 3798 868 3854 occulta
922 3800 1178 3855 custodiae
1225 3802 1502 3871 disciplina
1552 3818 1612 3858 se
1656 3790 1933 3873 colligunt,
1988 3814 2045 3861 ut

458 3898 609 3943 tanto
639 3891 806 3959 magis
838 3891 1176 3946 inveniantur
1198 3894 1419 3949 interius
1448 3896 1681 3963 integri,
1718 3908 1917 3966 quanto
1948 3899 2047 3953 mi-

457 3996 565 4038 nus
584 3991 711 4038 sunt
750 3984 985 4039 exterius
1014 3984 1137 4039 fusi.
1172 3985 1283 4041 Hoc
1335 3986 1477 4041 enim
1526 3988 1709 4059 vigore
1754 3990 2047 4059 disciplinae

457 4075 597 4130 intra
625 4076 819 4130 mentis
839 4089 949 4131 suae
968 4091 1029 4133 se
1050 4092 1243 4131 arcana
1264 4079 1677 4146 constrinxerat,
1701 4082 1790 4151 qui
1818 4084 2048 4139 exterio-

455 4170 533 4225 ris
564 4170 689 4225 vitm
730 4173 1019 4239 appetitum
1062 4173 1302 4241 fugiens,
1347 4173 1559 4229 dicebat
1590 4192 1603 4227 :
1636 4174 1785 4229 Diem
1828 4175 2049 4232 hominis

456 4278 562 4317 non
586 4263 851 4333 concupiui
872 4304 887 4329 ,
927 4273 948 4301 ο
979 4273 1035 4319 tu
1063 4265 1160 4318 scis
1184 4264 1398 4335 (Jerem.
1430 4282 1569 4329 xvn,
1599 4266 1894 4337 16).‘Quod
1921 4284 2049 4341 ergo

458 4353 597 4422 apud
626 4354 937 4422 prophetam
963 4355 1158 4410 dicitur
1180 4374 1194 4410 :
1215 4356 1365 4411 Diem
1389 4358 1611 4413 hominis
1631 4375 1733 4415 non
1757 4363 2045 4432 concupiui,

460 4456 516 4499 tu
542 4445 664 4511 scis,
689 4448 789 4501 hoc
816 4446 883 4500 de
908 4448 1197 4516 semetipso
1219 4448 1411 4504 beatus
1436 4449 1535 4507 Job
1557 4451 1733 4506 verbis
1759 4452 1877 4507 aliis
1901 4468 2049 4509 asse-

459 4538 552 4600 rit,
575 4538 697 4607 quia
728 4537 1016 4607 fulgentem
1056 4540 1224 4595 solem
1255 4552 1308 4596 et
1329 4543 1506 4596 lunam
1537 4543 1871 4600 incedentem
1900 4538 2047 4601 clare

2154 3333 2342 3386 dentia:
2370 3342 2470 3387 tua:
2498 3330 2691 3402 (Prov.
2723 3347 2810 3405 tu,
2843 3330 2931 3402 5).
2968 3331 3120 3387 Dicat
3147 3347 3277 3404 ergo
3313 3348 3329 3388 :
3362 3331 3423 3387 Si
3458 3335 3632 3401 putaui
3658 3350 3756 3387 au-

2150 3440 2267 3477 rum
2294 3422 2450 3477 robur
2477 3439 2676 3489 meum,
2708 3432 2756 3476 et
2784 3406 2969 3493 obryso
2994 3420 3126 3486 dixi,
3157 3424 3351 3492 ﬁducia
3395 3439 3527 3477 mea.
3580 3425 3656 3478 Ac
3703 3424 3752 3482 si

2152 3525 2336 3585 aperte
2363 3515 2612 3584 fateatur,
2643 3517 2829 3571 dicens
2862 3533 2875 3568 :
2904 3514 3014 3570 Nec
3042 3530 3160 3584 quia
3188 3516 3451 3572 veraciter
3483 3516 3748 3586 intellexi,

2152 3623 2273 3664 meo
2299 3608 2517 3678 ingenio
2545 3608 2741 3675 tribui,
2769 3622 2870 3664 nec
2898 3607 3069 3663 menti
3101 3610 3350 3677 propriae,
3375 3609 3421 3663 si
3450 3624 3550 3679 qua
3574 3610 3753 3680 egisse

2152 3718 2241 3759 me
2269 3702 2409 3758 bona
2451 3702 2703 3772 contigit,
2754 3702 2868 3757 lucc
2912 3701 3286 3772 principaliten
3325 3700 3594 3771 deputavi.
3645 3702 3750 3770 Qui

2151 3796 2326 3851 adhuc
2365 3794 2614 3849 subtilius
2673 3790 3026 3850 humilitatem
3074 3794 3231 3850 nobis
3273 3794 3358 3849 sui
3399 3793 3575 3850 cordis
3616 3794 3752 3851 insi-

2154 3905 2344 3958 nuans,
2374 3889 2616 3960 adiungit
2640 3888 2827 3943 dicens
2859 3906 2873 3941 :

2568 4022 2571 4023 κ
2621 3981 2847 4037 CAPUT
2874 3981 2918 4036 v
2946 3980 3094 4054 [Rec.
3125 3980 3220 4036 Ill
3230 3995 3270 4055 1.

2226 4078 2369 4134 Vsus
2391 4077 2482 4131 25.
2531 4107 2600 4117 —
2645 4075 2707 4131 Si
2756 4078 2959 4130 lwtatus‘
3002 4093 3119 4130 sum
3159 4064 3313 4147 super
3340 4073 3512 4130 multis
3556 4075 3747 4131 diuitiis

2151 4171 2298 4237 meis,
2329 4180 2377 4225 et
2405 4168 2529 4240 quia
2555 4168 2779 4239 plurima
2804 4169 2993 4234 reperit
3020 4152 3201 4223 manus
3227 4184 3359 4223 mea.

2223 4260 2279 4316 8.
2306 4259 2476 4315 Multa
2515 4260 2570 4314 in
2609 4260 2772 4315 sacris
2820 4259 3004 4315 litteris
3052 4261 3339 4332 intelligere
3378 4261 3745 4330 periculosum,

2152 4350 2554 4413 nisi'intellecta
2582 4355 2961 4409 custodiantur.
2992 4385 3061 4395 —
3105 4356 3243 4421 Quid
3288 4355 3483 4412 multas
3529 4357 3746 4413 divitias

2154 4451 2449 4523 appellatas
2476 4464 2570 4519 per
2598 4448 3042 4520 significationem
3070 4449 3089 4488 τ
3124 4450 3413 4517 credimus,
3434 4450 3537 4506 nisi
3566 4451 3744 4506 abun-

2154 4544 2335 4600 dantia
2364 4544 2611 4599 acumina
2638 4544 2983 4599 cuttsiliorum
3007 4544 3030 4597 ?
3077 4543 3205 4611 Quae
3232 4544 3524 4614 quaerentis
3553 4559 3745 4600 manus

462 4646 566 4684 non
598 4631 815 4697 viderit,
846 4640 1006 4703 atque
1052 4647 1119 4687 ex
1150 4634 1235 4688 his
1277 4634 1331 4688 in
1376 4635 1552 4690 cordis
1597 4638 1790 4692 abditis
1836 4637 2047 4693 laetatus
2075 4649 2129 4711 ι)
2152 4638 2377 4717 invenit,
2409 4652 2531 4693 cum
2554 4637 2670 4692 haec
2693 4637 2945 4707 cogitatio
2972 4636 3251 4691 tractantis
3279 4636 3469 4707 gignit.
3505 4636 3608 4690 llas
3628 4644 3743 4691 ete—

460 4738 566 4777 non
598 4725 685 4787 sit,
716 4725 836 4791 quia
877 4727 1126 4780 nimirum
1172 4727 1405 4795 gaudere
1452 4744 1558 4783 non
1603 4740 1811 4798 poterat
1856 4732 1921 4786 de
1963 4731 2047 4787 his

461 4833 575 4888 qua:
603 4834 698 4887 per
717 4819 1086 4874 delectationis
1108 4820 1429 4876 desiderium
1459 4837 1563 4877 non
1590 4823 1824 4879 videbat.

531 4910 670 4984 [Vet.
702 4910 729 4964 l
743 4910 831 4983 V.]
852 4912 905 4967 7.
940 4913 1124 4968 Caveat
1154 4928 1215 4970 ne
1233 4932 1341 4970 sua:
1360 4916 1644 4985 prudentia:
1668 4918 2045 4973 innituntur.—

460 5005 517 5060 Si
548 5020 675 5061 vero
704 5012 894 5059 cuncta
937 5007 1050 5061 haec
1089 5022 1208 5076 quae
1251 5008 1403 5078 juxta
1449 4990 1723 5064 historiam
1763 5012 2043 5066 tractando

455 5097 620 5169 700
657 5096 1011 5153 discurrimus
1057 5113 1152 5168 per
1200 5101 1468 5171 allegoriae
1509 5114 1739 5172 'quoque
1789 5104 2043 5173 mysteria

460 5201 878 5259 perscrutemur,
911 5193 1039 5263 quid
1064 5194 1162 5249 ltoc
1188 5196 1239 5250 in
1267 5194 1384 5249 loco
1405 5210 1591 5250 aurum
1612 5188 1925 5265 accipimus,
1946 5193 2046 5250 nisi

399 5344 403 5351 λ
463 5287 700 5353 praeclari
742 5287 1044 5344 intellectus
1087 5289 1391 5358 ingenium;
1442 5289 1571 5361 quid
1619 5290 1894 5361 obryzum,
1945 5288 2047 5344 nisi

464 5379 729 5435 mentem?
751 5397 869 5452 quae
906 5383 1029 5437 dum
1076 5383 1197 5452 igne
1240 5386 1438 5439 amoris
1468 5384 1802 5454 excoquitur,
1831 5396 2045 5451 semper

464 5470 516 5525 in
547 5486 607 5528 se
643 5486 820 5532 servat
846 5478 1139 5533 claritatem
1167 5478 1573 5547 pulchritudinis
1617 5476 1922 5548 quotidiana
1964 5468 2045 5532 in-

537 5645 562 5707 f
593 5637 780 5702 Laud.,
810 5641 943 5707 quod
972 5656 1107 5695 nunc
1124 5642 1372 5695 nimirum
1399 5650 1665 5696 memorat.

534 5705 563 5747 ³³
612 5707 757 5764 Prat.
793 5705 847 5764 et
889 5713 977 5766 alii
1023 5713 1335 5779 Norm.,-si
1376 5715 1621 5784 aspexi...
1659 5728 1762 5768 non
1801 5711 2061 5768 exaudiet-

465 5777 755 5907 Der‘lieest
774 5858 828 5906 tu
850 5854 948 5909 scis
972 5854 1023 5909 in
1047 5852 1213 5924 Utic.,
1251 5854 1446 5910 Pratel.
1469 5871 1531 5927 ac
1555 5855 1693 5925 plur.

2152 4735 2262 4789 nim
2289 4732 2546 4789 Salomon
2594 4728 2870 4798 sapientia:
2912 4727 3124 4782 divitias
3168 4718 3560 4798 contemplatus
3605 4728 3679 4782 ait
3719 4744 3738 4781 :

2152 4826 2357 4881 Corona
2384 4823 2693 4893 sapientium
2722 4820 2910 4873 divitiae
2938 4834 3115 4872 eorum
3145 4816 3326 4891 (Prov.
3357 4833 3467 4885 xtv,
3494 4816 3610 4889 24).
3639 4818 3742 4886 Qui

2150 4916 2274 4986 quia
2300 4914 2516 4970 divitias
2562 4926 2668 4966 non
2721 4908 2936 4964 metalla
2993 4918 3227 4975 terrena,
3268 4908 3363 4962 sed
3403 4908 3741 4977 prudentiam

2151 5007 2413 5073 nominat,
2446 5004 2591 5059 illico
2622 5016 2717 5071 per
2766 5000 3202 5056 contrarietatem
3250 4999 3429 5054 subdit
3459 5017 3473 5052 :
3504 4996 3742 5055 Fatuitas

2152 5100 2433 5156 stultorum
2460 5094 2812 5167 irnprudentia
2835 5092 3020 5162 (lbid.,
3044 5091 3157 5162 24).
3190 5090 3249 5147 Si
3296 5091 3437 5148 enim
3481 5106 3738 5153 coronam

2153 5192 2475 5263 sapientium
2502 5198 2746 5244 terrenas
2771 5186 2977 5240 divitias
3006 5185 3228 5248 diceret,
3255 5183 3439 5252 procul
3469 5184 3635 5240 dubio
3658 5184 3740 5239 fa-

2152 5286 2398 5342 tuitatem
2427 5282 2711 5339 stultorum
2740 5287 3107 5350 paupertatem
3133 5276 3308 5347 potius
3342 5292 3504 5347 quam
3532 5280 3736 5347 impru-

2150 5376 2385 5434 dentiam
2411 5376 2690 5430 fateretur.
2720 5371 2825 5428 Sed
2856 5370 2982 5425 dum
3004 5368 3305 5424 fatuitatem
3328 5370 3613 5425 stultorum
3637 5371 3737 5424 im-

2150 5471 2486 5543 prudentiam
2530 5463 2800 5532 subdidit,
2830 5464 3130 5534 sapientum
3175 5460 3391 5517 divitias
3434 5464 3560 5534 quia
3612 5478 3735 5533 pru-

2218 5631 2246 5673 (ι
2275 5632 2484 5703 Germ,
2514 5632 2679 5687 Lauu.
2711 5642 2765 5689 et
2791 5633 2932 5689 Corb
2959 5632 3165 5699 Germ.,
3190 5638 3514 5687 veterescere.

2222 5716 2245 5743 ο
2290 5706 2453 5761 Corh.
2504 5704 2710 5773 Germ.,
2759 5705 2948 5773 Laud.,
2995 5703 3176 5760 Germ.
3222 5711 3279 5759 et
3317 5703 3478 5774 plen,
3517 5714 3584 5757 ex
3628 5706 3734 5757 toto

2146 5780 2523 5912 εοξάῧίηειοθ..
2549 5845 2786 5903 dicimus.
