4066 6348
311 409 412 464 an
969 446 985 476 ,

1104 403 1465 463 MORALIUM
1505 403 1634 460 LIB.
1678 400 1922 458 χχιι-
1943 400 2011 459 IN
2049 357 2278 466 cApU'r
2312 409 2490 470 mu
2527 411 2590 472 Β.
2631 412 2771 471 JOB.

3479 417 3584 477 218

308 521 543 578 dentiam
592 521 810 588 dixerit,
853 519 1126 576 indicavit.
1189 520 1293 575 Has
1336 536 1389 574 tn
1417 533 1476 576 se
1505 518 1702 572 Paulus
1723 533 1895 573 scten-
1919 524 1974 581 Α
2002 535 2166 590 opera
2199 525 2484 584 redderem
2533 543 2598 584 ex
2644 533 2675 566 ι
2703 529 2868 600 gratia
2899 529 3184 588 creditoris
3227 533 3430 604 accepi.
3479 535 3583 591 Sed

311 618 400 672 tia:
423 617 640 672 divitias
663 617 1088 685 contemplatus,
1123 622 1180 669 et
1207 615 1713 683 contemplationem
1742 628 1894 668 suam

308 711 741 766 consideratione
790 712 1038 764 humanae
1091 708 1392 779 fragilitatis
1439 708 1743 770 humilians,
1773 707 1890 760 ait:

310 803 573 858 Habemus
618 804 906 857 thesaurum
936 805 1092 856 istum
1123 804 1175 856 in
1198 803 1331 856 vasis
1371 801 1610 870 ﬁctilibus
1640 800 1702 872 (1
1714 799 1737 853 I
1771 798 1892 855 Cor.

311 910 390 961 tv,
421 894 504 966 7).
520 894 712 949 Multas
737 897 914 965 itaque
937 894 1075 962 apud
1098 909 1196 948 nos
1218 894 1427 948 divitias
1444 894 1891 960 reperintus,cum

307 987 448 1041 dona
472 984 791 1040 abundantis
821 984 1205 1055 intelligentia,
1238 999 1391 1040 sacra
1435 985 1646 1053 eloquia
1678 984 1893 1037 investi-

307 1081 482 1149 gando
508 1078 854 1147 percipimus,
883 1080 1116 1148 atquein
1151 1079 1232 1134 his
1263 1078 1438 1146 plura,
1470 1094 1570 1132 nec
1601 1087 1778 1131 tamen
1820 1077 1893 1130 si-

305 1170 472 1224 bimet
510 1169 718 1224 diversa
742 1169 1023 1224 sentimus.
1067 1169 1182 1224 Non
1225 1177 1306 1222 est
1345 1178 1520 1222 autem
1551 1183 1736 1224 secura
1761 1169 1893 1222 laeti-

309 1266 384 1318 tia
401 1265 558 1335 701
577 1263 630 1318 in
653 1263 847 1318 divinis
871 1263 1080 1333 paginis
1103 1263 1186 1317 vel
1211 1261 1386 1326 fortia,
1403 1263 1484 1317 vel
1503 1263 1891 1329 multacognos-

253 1347 260 1356 ’
303 1371 452 1416 cere,
487 1359 581 1412 sed
611 1357 817 1424 cognita
844 1356 1136 1410 custodire.
1162 1356 1294 1410 Nam
1325 1359 1415 1424 qui
1449 1356 1583 1409 bene
1620 1355 1884 1424 intelligit,

305 1456 335 1485 ι
377 1449 502 1518 quid
549 1448 890 1516 intelligendo
938 1449 1133 1503 debeat
1155 1448 1415 1517 agnoscit.
1449 1445 1477 1484 ι’
1509 1446 1718 1511 Quanto
1745 1447 1888 1500 enim

302 1542 578 1596 intellectu
630 1541 786 1595 latius
809 1541 1134 1603 extenditur,
1163 1549 1313 1594 tanto
1347 1540 1412 1594 ad
1439 1540 1699 1605 explenda
1727 1553 1888 1608 opera

301 1633 512 1687 enixius
562 1633 774 1702 ligatur.
825 1633 976 1688 Unde
1021 1635 1074 1688 in
1131 1633 1423 1701 Evangelio
1470 1632 1672 1686 Veritas
1712 1632 1888 1686 dicit:

300 1723 396 1779 Cui
428 1726 644 1777 multum
674 1727 852 1778 datum
892 1735 993 1790 est,
1027 1736 1050 1764 ε
1084 1725 1299 1779 multum
1323 1734 1573 1796 queretur
1613 1727 1676 1778 ab
1700 1740 1796 1788 eo;
1843 1732 1890 1777 et

300 1819 381 1870 cui
408 1818 882 1872 commendaverunt
910 1819 1146 1884 multum,
1175 1819 1292 1889 plus
1316 1827 1538 1889 repetent
1564 1817 1627 1870 ab
1647 1834 1704 1871 eo
1729 1815 1886 1885 (Luc.

301 1925 395 1974 xu,
428 1907 542 1979 48).

374 1999 512 2074 [γει.
553 2000 722 2074 v.19.
770 2001 1120 2075 Intelligentta
1171 2011 1313 2071 aata,
1358 2011 1431 2056 est
1480 2005 1628 2072 quasi
1652 2006 1869 2074 pecunia

305 2106 476 2149 mutuo
510 2107 744 2168 accepta,
791 2115 905 2152 cum
935 2101 1110 2170 fenore
1154 2100 1438 2154 reddenda.
1465 2131 1536 2143 ——
1564 2099 1891 2168 Deptttemus

305 2187 464 2254 igitur
492 2189 904 2259 intelligentiam
937 2189 1112 2243 datam
1144 2190 1297 2260 quasi
1322 2191 1599 2259 pecuniam
1628 2201 1887 2258 mutuam,

299 2279 420 2346 quia
455 2296 562 2349 quo
595 2284 711 2350 plus
741 2283 896 2336 nobis
923 2271 1161 2336 creditur
1206 2297 1270 2336 ex
1302 2282 1650 2353 benignitate,
1701 2298 1764 2338 eo
1791 2283 1888 2338 de-

294 2371 497 2426 bitores
547 2373 778 2442 amplius
841 2384 1084 2429 tenemur
1127 2375 1179 2427 in
1229 2389 1442 2442 opere;
1474 2385 1529 2429 et
1575 2374 1890 2445 plerumque

296 2465 487 2520 eadem
520 2466 894 2536 intelligentia:
919 2477 1138 2536 accepta
1162 2468 1410 2536 pecunia,
1439 2481 1560 2521 cum
1591 2467 1657 2522 ad
1702 2482 1889 2522 usuras

304 2561 645 2614 auditoribus
695 2563 872 2628 datur,
925 2551 1210 2629 amittiiur,
1257 2564 1357 2617 nisi
1399 2573 1554 2617 caute
1604 2563 1886 2618 tribuatur.

292 2652 474 2724 Neque
507 2657 650 2709 enim
683 2657 1017 2725 negligenter
1069 2655 1384 2710 intuendum
1432 2663 1516 2710 est
1566 2655 1617 2708 in
1684 2656 1888 2725 Regum

295 2749 594 2815 volumine,
628 2751 769 2820 quod
821 2751 1200 2820 prophetarum
1249 2751 1340 2804 lilii
1389 2766 1510 2806 cum
1562 2751 1614 2804 iu
1655 2748 1890 2806 Jordane

291 2841 437 2912 ligna
469 2843 761 2909 caederent,
805 2846 893 2897 uni
923 2858 1108 2897 eorum
1152 2844 1360 2898 securis
1403 2857 1470 2897 ex
1526 2843 1807 2898 manubrio
1833 2844 1888 2898 in

297 2936 623 3005 profundum
673 2937 820 3004 lapsa
870 2937 1132 3005 disparuit
1177 2935 1284 3006 (IV
1331 2935 1460 3006 Reg.
1515 2934 1611 3006 vt).
1667 2935 1888 2991 Ferrum

293 3030 493 3100 quippe
518 3031 568 3083 in
602 3030 884 3084 manubrio
913 3038 997 3084 est
1042 3030 1240 3084 donum
1283 3029 1587 3084 intellectus
1615 3028 1666 3083 in
1704 3031 1886 3084 corde.

289 3122 454 3192 Ligna
479 3138 605 3178 vero
635 3137 728 3192 per
772 3122 872 3176 hoc
899 3121 1109 3178 caedere
1132 3131 1213 3177 est
1265 3137 1426 3192 prave
1452 3132 1672 3193 agentes
1701 3124 1886 3178 incre-
1935 3129 1938 3132 “

292 3232 442 3286 pare.
503 3217 654 3283 Quod
699 3231 1079 3286 nonnunquam
1132 3217 1258 3271 dum
1322 3217 1464 3272 ﬂuxe
1506 3218 1704 3286 agitur,
1757 3217 1882 3271 dum

1919 1917 1969 1978 B

2001 633 2274 689 nunquam
2329 624 2467 678 Deus
2512 635 2748 680 mentem
2789 626 2989 682 deserit
3039 644 3156 697 qua:
3184 630 3236 684 in
3270 639 3499 697 peccatis
3525 646 3586 686 se

2006 715 2270 768 veraciter
2301 717 2563 787 agnoscit.
2604 717 2756 775 Unde
2809 732 2862 774 et
2902 737 3028 778 mox
3073 721 3296 778 Elisa'us
3339 724 3582 792 veniens,

2000 806 2200 876 lignum
2227 808 2489 864 deorsum
2521 813 2702 879 mittit,
2751 824 2801 868 et
2828 813 3023 868 ferrum
3059 814 3110 867 in
3139 815 3471 884 superﬁciem
3497 826 3582 870 at-

2004 900 2168 968 tollit,
2200 901 2326 970 quia
2353 902 2606 958 videlicet
2637 904 2964 973 Redemptor
2994 917 3174 960 noster
3205 907 3289 975 pie
3318 922 3414 959 uos
3470 920 3582 959 res-

2001 993 2228 1061 piciens,
2267 1009 2360 1049 cor
2387 998 2688 1062 peccatoris
2711 997 2972 1062 humiliat,
2997 1007 3050 1052 et
3081 998 3129 1052 ei
3151 1013 3307 1068 quam
3328 997 3583 1052 amiserat

2001 1085 2408 1157 intelligentiam
2466 1090 2741 1154 reformat,
2797 1089 2997 1160 lignum
3030 1089 3242 1158 mergit,
3275 1097 3330 1142 et
3379 1087 3578 1142 ferrum

1995 1179 2218 1246 relevat,
2252 1181 2375 1248 quia
2405 1195 2502 1236 cor
2530 1180 2737 1252 affligit,
2771 1193 2825 1237 et
2853 1182 3128 1236 scientiam
3163 1190 3392 1248 reparat.
3430 1178 3580 1234 Unde

1994 1269 2132 1326 bene
2151 1273 2202 1326 in
2221 1274 2322 1327 alia
2346 1274 2699 1329 translatione
2721 1275 2917 1330 dicitur
2932 1274 3072 1344 quod
3093 1273 3354 1342 confregit
3378 1273 3578 1344 lignum

1993 1372 2153 1432 atque
2175 1364 2421 1434 iactavit,
2449 1377 2502 1421 et
2524 1368 2602 1421 sic
2627 1367 2827 1422 ferrum
2850 1367 3083 1421 sustulit.
3107 1365 3326 1436 Lignnm
3349 1376 3581 1431 namque

1991 1453 2334 1526 confringere
2362 1466 2447 1511 est
2478 1471 2584 1544 ’cor
2613 1457 2684 1511 ab
2730 1458 2962 1512 elatione
3013 1466 3318 1512 conterere.
3352 1456 3575 1525 Lignum

1993 1547 2059 1599 ad
2091 1547 2194 1600 ima
2217 1549 2424 1616 jactare
2453 1559 2539 1605 est
2584 1552 2783 1605 elatum
2812 1567 2907 1606 cor
2938 1552 2991 1604 in
3015 1551 3338 1620 cognitione,
3363 1562 3417 1602 ut
3444 1550 3581 1603 dixi-

1993 1652 2134 1704 mus,
2185 1640 2415 1709 propriaa
2463 1642 2793 1698 infirmitatis
2850 1643 3154 1698 humiliore.
3216 1642 3387 1711 Atque
3436 1642 3582 1696 illico

1994 1725 2189 1780 ferrum
2212 1729 2277 1782 ad
2303 1730 2640 1798 superficiem
2683 1732 2842 1796 redit,
2871 1732 2994 1800 quia
3039 1731 3105 1785 ad
3133 1744 3290 1785 usum
3317 1731 3581 1785 exercita-

1993 1819 2157 1874 tionis
2191 1823 2430 1890 pristinze
2448 1822 2795 1892 intelligentia
2821 1824 3066 1879 recurrit.

2077 1916 2164 1969 10.
2198 1914 2338 1969 Hinc
2366 1918 2429 1971 de
2450 1918 2586 1972 dono
2615 1919 2709 1972 sibi
2734 1919 2924 1972 credito
2943 1919 3076 1990 justi
3092 1919 3207 1990 plus
3231 1918 3405 1972 timent
3426 1933 3581 1988 quam

1997 2009 2519 2079 gnudeant.——Igitur
2575 2011 2824 2080 quoniam
2870 2010 3066 2065 donum
3111 2009 3412 2064 intellectus
3436 2009 3580 2078 quod

1993 2103 2261 2170 accipitur
2290 2103 2381 2157 vix
2411 2118 2534 2157 cum
2568 2113 2646 2158 tot
2674 2103 3076 2156 difficultatibus
3113 2101 3410 2156 custoditur
3463 2103 3578 2170 (cu-

1994 2196 2221 2249 randum
2269 2197 2466 2265 quippe
2489 2206 2571 2250 est
2596 2211 2662 2251 ne
2693 2199 2805 2249 0tiu
2831 2206 3060 2265 torpeat,
3093 2194 3385 2249 curandum
3424 2208 3490 2248 ne
3521 2193 3577 2248 in

1995 2289 2382 2343 exercitatione
2411 2289 2590 2357 operis
2614 2289 2742 2342 vitio
2779 2288 3024 2342 elationis
3045 2286 3375 2356 evanescat),
3407 2284 3578 2342 sancti

1993 2383 2094 2436 viri
2139 2382 2362 2437 minime
2407 2383 2677 2436 exsultant
2726 2397 2848 2437 cum
2898 2389 3228 2452 cognoscunt
3253 2380 3411 2450 702
3457 2393 3577 2448 quas

1997 2473 2218 2537 faciant,
2244 2477 2338 2530 sed
2369 2490 2491 2529 cum
2527 2475 2725 2529 faciunt
2773 2492 2890 2544 qua:
2931 2484 3324 2545 cognoverant;
3347 2474 3465 2527 etsi
3497 2473 3577 2527 in-

1993 2567 2284 2636 telligeudo
2312 2569 2652 2637 congaudent
2692 2569 2898 2622 muneri
2949 2566 3236 2636 largitoris,
3289 2565 3576 2620 maerentes

1993 2670 2170 2716 tamen
2197 2661 2543 2716 considerant
2567 2662 2806 2716 debitum
2834 2663 3036 2731 operis,
3059 2673 3116 2715 ut
3134 2660 3391 2714 videlicet
3413 2659 3577 2712 actio-

1992 2771 2060 2809 ne
2087 2757 2552 2826 persolvantquod
2576 2757 2654 2810 eis
2683 2764 3038 2825 prmrogatum
3062 2765 3143 2808 est
3161 2755 3214 2808 in
3243 2753 3572 2822 cognitione.

1993 2846 2198 2901 Stultus
2237 2862 2467 2915 namque
2502 2858 2584 2903 est
2632 2847 2843 2902 debitor
2889 2849 2977 2917 qui
3022 2845 3262 2914 gaudens
3321 2845 3576 2914 pecunias

1992 2946 2203 2991 mutuas
2237 2940 2450 3008 accipit,
2483 2949 2537 2993 et
2568 2948 2777 3006 tempus
2817 2952 2924 3008 quo
2975 2937 3202 2992 reddere
3246 2935 3439 2990 debeat
3466 2949 3576 2990 non

1991 3033 2236 3087 attendit.
2261 3032 2564 3086 Moderatur
2593 3044 2770 3086 autem
2797 3031 2979 3084 laetitia
3011 3027 3332 3098 accipiendi,
3359 3026 3572 3097 quando

1991 3127 2174 3180 solerti
2228 3126 2558 3191 providentia
2622 3126 2786 3181 etiam
2840 3125 3184 3179 constitutum
3218 3132 3426 3192 tempus
3455 3121 3575 3177 red-

1989 3219 2146 3273 dendi
2179 3221 2465 3289 cogitatur.
2497 3218 2635 3286 Quia
2666 3218 2826 3288 igitur
2852 3217 2949 3270 viri
2975 3216 3102 3283 justi
3142 3217 3195 3269 in
3227 3215 3309 3268 his
3337 3230 3457 3284 qua:
3486 3214 3576 3267 vi-

290 3310 480 3378 lapsus
503 3324 654 3363 vanas
677 3310 862 3379 gloriae
894 3310 946 3363 in
987 3319 1205 3378 accepta
1254 3310 1441 3365 eadem
1469 3309 1494 3346 ἀ
1528 3311 1751 3366 scientia
1781 3327 1883 3367 non
1910 3307 1957 3368 C
1992 3311 2220 3379 gilanter
2265 3305 2571 3380 intelligunt
2601 3325 2786 3364 secura
2839 3309 3023 3362 laetitia
3068 3325 3172 3362 non
3226 3309 3572 3372 extolluntur,

291 3403 517 3467 vitatur,
564 3402 759 3456 ferrum
792 3402 843 3454 in
874 3416 1009 3471 aqua
1039 3401 1300 3470 perditur,
1353 3402 1474 3472 quia
1518 3416 1584 3456 ex
1616 3402 1882 3457 dissoluto

209 3553 212 3556 _
289 3510 456 3564 opere
487 3493 834 3563 intelligentia
885 3493 1144 3548 faluatur.
1198 3495 1366 3562 Quam
1411 3495 1646 3563 profecto
1685 3494 1884 3549 intelli-

290 3586 528 3656 gentiam
573 3585 638 3639 ad
674 3586 774 3639 hoc
803 3587 1047 3640 novimus
1073 3585 1212 3649 dari,
1242 3597 1300 3640 ut
1341 3595 1464 3640 ante
1493 3587 1670 3640 dantis
1698 3590 1884 3643 oculos

293 3693 360 3732 ex
385 3678 525 3732 bona
553 3678 746 3732 debeat
766 3679 977 3732 actione
1005 3678 1236 3732 restitui.
1255 3677 1408 3732 Unde
1432 3685 1578 3731 recte
1597 3678 1641 3730 is
1663 3680 1752 3746 qui
1779 3678 1885 3733 fer-

293 3787 413 3826 rum
445 3777 702 3825 amiserat
723 3771 991 3825 clamabat
1024 3769 1213 3823 :Ileu!
1242 3769 1379 3823 heu!
1409 3770 1539 3824 heu!
1569 3770 1768 3824 domine
1789 3773 1878 3838 mi,

289 3875 339 3919 et
369 3865 465 3919 hoc
484 3867 651 3934 ipsum
686 3873 710 3902 °
740 3874 920 3918 mutua
952 3880 1246 3932 acceperam
1278 3863 1385 3935 (IV
1411 3864 1541 3933 Reg.
1568 3878 1646 3928 Vt,
1673 3862 1753 3933 5).
1779 3865 1882 3918 Ha-

288 3959 420 4015 bent
445 3959 590 4014 enim
624 3958 725 4013 hoc
752 3958 907 4012 electi
933 3958 1232 4027 pr0prium,
1262 3965 1321 4010 ut
1367 3957 1408 4010 si
1466 3957 1677 4025 quando
1723 3957 1800 4012 eis
1829 3958 1882 4013 in

289 4068 385 4107 sua
416 4053 640 4106 scientia
667 4049 688 4089 ί
728 4053 920 4105 furtiva
944 4067 1094 4105 vana:
1122 4050 1308 4120 gloriae
1341 4051 1495 4118 culpa
1530 4050 1791 4118 subrepit,
1815 4050 1882 4105 ad

291 4158 388 4198 cor
419 4143 677 4198 velociter
706 4141 951 4206 redeant,
978 4149 1032 4196 et
1053 4141 1306 4212 quidquid
1341 4141 1391 4194 in
1422 4155 1480 4195 se
1508 4150 1631 4195 ante
1656 4142 1882 4197 diStricti

286 4236 486 4307 iudicis
532 4237 718 4289 oculos
763 4233 1071 4288 damnabile
1122 4234 1420 4300 inveniunt,
1460 4233 1711 4302 lacrymis
1741 4233 1883 4290 inse-

288 4339 545 4397 quantur.
564 4326 669 4394 Qui
697 4323 884 4379 ﬂentes
915 4341 1020 4378 non
1050 4325 1223 4378 solum
1253 4333 1408 4378 caute
1434 4323 1722 4394 inspiciunt
1742 4325 1882 4380 mala

287 4437 411 4491 qua:
441 4422 849 4487 commiserunt,
885 4419 980 4473 sed
1012 4434 1076 4472 ex
1100 4429 1320 4487 accepto
1349 4433 1571 4473 munere
1608 4435 1726 4489 qua:
1754 4421 1880 4474 red-

288 4513 420 4568 dere
448 4512 611 4565 etiam
644 4511 781 4564 bona
817 4519 841 4555 8
866 4509 1189 4571 debuerunt,
1238 4509 1361 4576 quia
1385 4509 1631 4562 nimirum
1657 4519 1801 4562 tanto
1821 4524 1882 4564 se

288 4604 529 4670 amplius
558 4612 873 4670 peccatores
895 4602 1154 4662 sentiunt,
1187 4608 1386 4666 quanto
1409 4614 1471 4652 ex
1507 4601 1759 4669 neglectis
1787 4603 1882 4657 bo-

1986 3401 2199 3455 dicatur
2225 3412 2411 3456 recte:
2451 3401 2512 3455 Si
2552 3400 2754 3453 lwtatus
2793 3415 2906 3451 sum
2961 3415 3114 3469 super
3171 3397 3344 3452 multis
3387 3398 3577 3452 divitiis

1986 3494 2130 3555 meis,
2167 3501 2214 3545 et
2242 3495 2363 3560 quia
2395 3493 2619 3561 plurima
2647 3492 2832 3559 reperit
2858 3507 3042 3543 manus
3065 3505 3196 3543 mea.
3229 3492 3306 3544 Ac
3325 3490 3370 3543 si
3391 3501 3576 3557 aperto

1988 3585 2258 3638 dicetetur
2286 3601 2300 3636 :
2325 3586 2669 3652 Nequaquam
2693 3598 2778 3636 me
2809 3583 2862 3635 in
2892 3596 2956 3634 eo
2980 3581 3299 3650 locupletem
3327 3595 3394 3634 ex
3417 3579 3575 3650 iusti-

1988 3677 2060 3731 tia
2094 3676 2324 3741 credidi,
2357 3691 2464 3745 quo
2495 3683 2637 3729 recta
2689 3689 2809 3742 quae
2838 3687 2997 3742 agere
3022 3672 3180 3726 debui
3221 3673 3378 3726 etiam
3411 3671 3573 3725 multa

1987 3770 2234 3839 cognovi,
2273 3784 2370 3823 nec
2398 3768 2751 3838 intelligentia
2778 3781 2873 3821 cor
2903 3767 3113 3830 extulit,
3143 3768 3262 3834 quia
3289 3763 3418 3820 illud
3441 3780 3575 3819 con-
3663 3823 3670 3834 ,

1986 3861 2238 3914 sideratio
2259 3860 2448 3916 debitae
2470 3858 2797 3928 operationis
2822 3859 3036 3925 pressit.
3059 3856 3206 3929 [Vet.
3234 3855 3361 3928 VL]
3384 3857 3573 3912 Scien-

1985 3952 2111 4006 dum
2146 3966 2273 4006 vero
2325 3961 2426 4018 est,
2479 3951 2622 4021 quod
2653 3950 2974 4020 plerumque
3001 3948 3279 4018 contingit,
3319 3946 3337 3985 ί
3372 3957 3428 4003 ut
3451 3963 3574 4004 cum

1986 4046 2352 4115 intelligentiae
2400 4043 2629 4098 altitudo
2670 4041 2986 4111 percipitur,
3035 4042 3177 4096 circa
3223 4040 3571 4108 semetipsum

1985 4141 2196 4193 animus
2227 4137 2381 4191 valde
2431 4137 2695 4191 sollicitus
2741 4135 2810 4188 ab
2838 4133 3087 4190 elationis
3118 4133 3269 4201 lapsu
3305 4140 3570 4185 teneatur.

1987 4231 2093 4288 Sed
2123 4246 2244 4285 cum
2278 4232 2412 4283 mira
2450 4244 2568 4299 qum
2600 4227 2847 4298 intelligit
2889 4227 3048 4281 etiam
3081 4225 3292 4293 Operari
3322 4223 3570 4293 cmperit,

1984 4342 2051 4382 eo
2083 4328 2196 4396 ipso
2249 4336 2628 4391 nonnunquam
2674 4336 2780 4390 quo
2831 4322 2972 4374 foras
3011 4318 3311 4373 ostenditur
3340 4317 3570 4383 labitur,

1985 4428 2145 4487 atque
2192 4417 2243 4470 in
2294 4415 2408 4469 suis
2437 4413 2646 4468 actibus
2698 4425 2758 4466 se
2805 4419 3031 4465 caeteros
3075 4407 3265 4477 praeire
3291 4406 3570 4476 gloriatur.

1986 4511 2204 4566 Beatum
2233 4509 2395 4577 igitur
2418 4507 2521 4561 .lob
2541 4506 2680 4559 sicut
2710 4502 3074 4572 intelligentia:
3089 4515 3277 4555 aurum
3302 4514 3408 4553 non
3422 4507 3570 4568 extu-

1990 4607 2070 4668 lit,
2122 4620 2218 4659 nec
2273 4604 2451 4656 lumen
2501 4613 2712 4669 quoque
2752 4606 2880 4652 ante
2909 4598 3171 4651 humanos
3199 4594 3384 4649 oculos
3415 4592 3566 4648 mirae

290 4697 376 4750 nis
393 4711 512 4766 qua:
530 4709 686 4764 agere
707 4704 949 4763 poterant
975 4692 1249 4748 debitores
1275 4699 1542 4746 tenentur.
1569 4694 1734 4748 [lecte
1755 4710 1881 4765 ergo
1907 4699 1962 4760 Ι)
1987 4695 2324 4768 operationis
2351 4690 2600 4746 elevavit.
2637 4690 2784 4745 Unde
2811 4698 2864 4742 et
2892 4696 3020 4756 apte
3036 4686 3308 4756 subiungit
3341 4703 3352 4738 :

289 4791 379 4860 qui
413 4791 613 4844 ferrum
645 4789 892 4858 perdidit,
939 4788 1206 4842 clamabat
1254 4805 1265 4837 :
1300 4784 1456 4838 Heu!
1500 4787 1634 4838 heu!
1663 4787 1797 4841 Iteu!
1834 4798 1881 4842 et

288 4882 386 4936 hoc
411 4883 578 4952 ipsum
611 4894 786 4935 mutuo
841 4897 1158 4949 acceperam.
1201 4880 1278 4934 Ac
1326 4879 1371 4932 si
1413 4878 1556 4932 dicat
1583 4896 1596 4930 :
1622 4879 1754 4933 Illud
1787 4897 1882 4949 per

290 4977 701 5033 dissolutionem
731 4975 1066 5045 negligentiae
1096 4973 1325 5043 perdidi,
1355 4973 1499 5041 quod
1530 4981 1588 5027 ut
1617 4987 1711 5042 per
1739 4975 1877 5031 bona

362 5149 389 5178 ι
411 5138 578 5199 Editi,
607 5139 730 5208 quid
738 5135 1080 5211 intelligendo
1098 5137 1526 5211 operaridebeat.
1554 5137 1728 5211 Abest
1749 5155 1871 5211 ορε-

287 5213 398 5266 rari
421 5228 448 5264 a
479 5206 932 5276 Turo'n.,Germ.,
969 5206 1162 5270 Laud.,
1202 5208 1360 5264 Corb.
1394 5207 1602 5272 Germ.,
1639 5209 1752 5263 Val.
1782 5206 1866 5266 Cl.

287 5293 344 5338 et
372 5284 556 5337 Norm.
591 5279 872 5342 ottutibus;
913 5277 1232 5348 aliundeque
1273 5293 1464 5333 sensus
1523 5281 1728 5349 integer
1766 5293 1869 5348 est,

287 5357 485 5409 omissa
515 5355 610 5406 hac
638 5366 786 5405 voce.

359 5427 388 5465 δ
423 5427 567 5478 Prat.
596 5439 657 5476 ac
681 5424 771 5476 alii
799 5419 1008 5485 Norm.,
1041 5429 1232 5489 quanto
1251 5420 1383 5474 enim
1413 5420 1698 5475 intellectus
1721 5424 1872 5479 latius

284 5497 599 5553 extenditur.

364 5579 386 5606 ε
423 5566 615 5632 Laud.,
649 5566 759 5633 plus
785 5565 1097 5633 queritur...
1133 5562 1244 5628 plus
1275 5574 1464 5631 petent.
1493 5563 1565 5617 Ita
1590 5580 1801 5634 quoque
1821 5566 1874 5620 in

289 5639 413 5693 Val.
445 5639 525 5692 Cl.
560 5649 614 5690 et
661 5638 866 5699 Nurum,
900 5635 945 5688 si
978 5634 1216 5689 vat-uiam
1248 5638 1485 5705 excipias
1523 5637 1662 5706 plus,
1719 5637 1874 5706 cuius

288 5711 413 5766 loco
439 5709 649 5778 legitur,
676 5707 913 5769 multum,
947 5709 998 5758 in
1023 5706 1209 5760 Nortn.

363 5780 390 5818 ά
418 5776 662 5845 liceant”,
685 5779 955 5848 sapientia,
982 5789 1167 5833 contra
1189 5776 1315 5834 Mss.
1333 5788 1387 5833 et
1406 5786 1508 5833 vet.
1532 5777 1869 5835 Excusorum

288 5851 614 5988 “filum.
649 5919 818 5978 Corb.
856 5919 1040 5979 Germ.
1086 5928 1142 5977 et
1197 5920 1406 5986 Germ.,
1451 5929 1688 5978 mutuum
1728 5934 1871 5976 asce-

2436 4783 2662 4839 CAPUT
2705 4781 2768 4834 Vl
2811 4780 2959 4854 [Rea
2991 4779 3116 4851 IV].

2063 4880 2222 4936 Vens.
2253 4877 2344 4935 26.
2367 4906 2439 4918 —
2462 4876 2522 4932 Si
2552 4876 2654 4929 vidi
2675 4875 2833 4928 solem
2862 4889 2979 4926 cum
3014 4873 3249 4944 fulgeret.

2061 4977 2148 5030 Η.
2199 4974 2279 5030 Ad
2331 4975 2579 5028 bonorum
2639 4984 2849 5039 operum
2901 4983 3109 5021 suorum
3166 4965 3422 5038 fulgorem
3470 4984 3569 5024 non

1980 5163 2310 5280 “insuam”
2345 5215 2530 5286 furtiue
2557 5228 2701 5286 uana:
2728 5212 3102 5286 glorimculpa
3141 5208 3440 5286 subripitur.
3494 5208 3567 5264 Ita

1982 5292 2143 5345 etiam
2176 5281 2359 5343 Germ.
2389 5286 2574 5350 Corb.,
2599 5281 2808 5350 Germ.,
2838 5282 2957 5336 Val.
2987 5284 3066 5335 (ΣΙ.
3111 5290 3166 5335 et
3209 5281 3401 5343 Laud.,
3445 5294 3565 5333 mu-

1983 5373 2090 5414 tato
2114 5362 2300 5428 furtive
2323 5360 2374 5412 in
2406 5358 2616 5429 furtiva.

2005 5439 2012 5446 '
2056 5442 2080 5479 ε
2114 5420 2238 5487 Post
2264 5420 2543 5484 debuerunt
2574 5430 2624 5482 in
2656 5425 2841 5482 Germ.
2872 5433 2926 5480 et
2946 5423 3129 5479 Norm.
3165 5420 3380 5476 additur
3402 5428 3564 5475 atten-

1982 5505 2130 5573 dunt,
2158 5504 2296 5573 quia,
2324 5514 2427 5556 etc.

2059 5571 2087 5610 ιι
2118 5562 2294 5637 Εέιίιί,⁷
2317 5573 2617 5634 conditoris,
2644 5567 2785 5637 quod
2814 5565 3189 5637 etiamlegitur
3211 5564 3268 5637 in
3289 5562 3564 5618 nonnullis

1981 5646 2109 5700 Mss.
2144 5634 2390 5707 Vindoc.,
2413 5644 2584 5697 Corb.
2616 5634 2824 5702 Germ.,
2849 5636 3042 5699 Laud.,
3079 5634 3198 5690 Val.
3233 5635 3339 5700 CL,
3373 5637 3564 5691 habent

1979 5717 2269 5780 creditoris,
2301 5713 2441 5782 quod
2465 5713 2630 5768 Gilot.
2666 5709 2994 5782 prodtversa
3022 5707 3146 5763 lect.
3171 5707 3471 5782 annotavit.

2057 5785 2074 5825 ί
2113 5776 2360 5850 νίιιόὸοξ,
2389 5795 2447 5840 ut
2473 5799 2589 5837 cum
2617 5776 2951 5849 intelligentia
2978 5793 3067 5832 cor
3094 5781 3314 5846 extollit,
3342 5776 3565 5833 altitudo

1977 5859 2276 5928 percipitur.
