4024 6352
752 270 791 293 η,

1705 355 1955 417 ΞΛΜτί
1996 351 2324 413 ακωοιιιι
2366 354 2582 415 HAG-Nl

3665 353 3772 411 9‘10

498 434 779 526 exultavit.
809 468 933 526 Non
952 470 1231 527 absoluitur
1259 471 1455 525 debitor
1481 471 1569 541 qui
1597 472 1758 526 multa
1777 471 1965 532 reddit,
1995 468 2084 523 sed
2109 471 2160 531 Δ
2194 467 2381 522 bemus
2410 452 2674 537 inspicere
2701 482 2819 538 quae
2844 469 2981 523 bona
3010 468 3236 531 necdum
3260 467 3500 536 fecimus,
3524 481 3684 541 quam
3708 483 3772 523 ea

500 563 591 637 qui
612 563 806 617 omnia.
830 562 1008 619 -Sol
1033 562 1232 632 quippe
1258 563 1312 617 in
1358 562 1562 631 fulgore
1612 572 1695 621 est
1720 563 1919 623 bonum
1945 576 2081 630 Opus

503 654 557 709 in
614 653 1063 713 manifestatione.
1122 653 1391 723 Scriptum
1448 669 1681 725 namque
1727 653 2081 711 esui.th

401 768 419 805 ιλ
498 749 592 804 lux
630 758 792 804 vestro
836 765 1008 805 coram
1058 748 1365 814 hominibus,
1417 757 1471 802 ut
1494 748 1697 802 videant
1723 764 1880 819 opera
1916 756 2082 801 vestra

400 822 412 897 θ
496 844 651 908 bona,
703 850 751 896 et
797 841 1083 912 gloriﬁcent
1127 852 1323 911 patrem
1362 848 1582 895 vestrum
1624 841 1711 908 qui
1736 840 1790 892 in
1837 838 1977 893 caelis
2007 846 2081 892 est

396 918 401 925 ’
439 955 443 959 δ
496 933 715 1004 (Matth.
749 949 801 1001 v,
834 930 951 1004 16).
1005 933 1070 987 Et
1121 948 1334 987 rursum
1362 951 1377 989 :
1408 930 1528 987 Sint
1577 931 1737 986 lumbi
1763 932 1914 997 vestri
1937 946 2083 1001 pne.

497 1029 670 1094 cincti,
704 1008 755 1080 et
778 1028 1000 1082 lucerna:
1028 1028 1268 1082 ardentes
1294 1024 1445 1097 (Luc.
1477 1040 1573 1090 xu,
1606 1023 1720 1094 55).
1754 1023 1905 1090 Quod
1936 1023 2079 1077 enim

505 1119 607 1173 hoc
636 1119 690 1173 in
741 1119 861 1174 loco
902 1098 1139 1188 fulgente
1187 1117 1323 1186 sole,
1354 1118 1407 1173 id
1436 1117 1487 1172 in
1527 1116 1818 1186 Evangelio
1846 1115 2081 1171 lucernis

496 1210 810 1266 ardentibus
840 1212 1172 1280 designatur.
1226 1194 1431 1265 Bonum
1462 1211 1656 1279 quippe
1696 1224 1831 1279 opus
1856 1224 1978 1265 cum
2025 1210 2079 1265 in

501 1302 680 1371 medio
709 1303 1031 1372 perﬁdorum
1062 1304 1225 1367 lucet,
1254 1304 1471 1359 lucerna
1499 1302 1651 1359 ardet
1674 1303 1725 1358 in
1746 1292 2101 1369 nocte;cum'

500 1408 628 1448 vero
660 1394 710 1447 in
744 1394 985 1450 Ecclesia
1013 1394 1345 1463 resplendet,
1375 1395 1457 1449 sol
1479 1394 1644 1465 fulget
1665 1394 1720 1449 in
1746 1393 1852 1448 die.
1874 1394 2078 1449 Bonum

496 1502 632 1552 opus
663 1488 709 1542 si
733 1488 909 1543 adhuc
940 1490 1044 1544 tale
1068 1500 1169 1552 est,
1203 1488 1347 1560 quod
1388 1490 1491 1544 soli
1523 1489 1650 1545 mali
1678 1489 1968 1557 mirantur,
1999 1491 2079 1545 lu-

495 1594 657 1635 cerna
680 1582 932 1637 videlicet
962 1584 1013 1637 in
1034 1593 1192 1639 nocte
1220 1592 1338 1651 est;
1377 1585 1422 1638 si
1444 1593 1623 1640 autem
1655 1584 1726 1639 ita
1753 1585 1988 1654 prolicit,
2021 1597 2081 1642 ut

493 1674 673 1726 inuitari
703 1688 731 1727 a
766 1674 923 1731 bonis
957 1690 1019 1729 ac
1045 1675 1458 1745 perfectioribus
1490 1676 1677 1745 possit,
1706 1677 1958 1733 nimirum
1997 1679 2078 1734 sol

488 1763 648 1815 estin
670 1763 777 1817 die.
810 1763 1014 1819 Bonum
1037 1770 1171 1837 opus
1190 1781 1313 1822 cum
1332 1782 1428 1837 per
1451 1768 1681 1823 activam
1713 1776 1739 1805 ⁸
1773 1770 1932 1824 vitam
1958 1784 2080 1825 cor.

2186 576 2304 628 qua:
2326 575 2437 630 tam
2469 576 2566 615 nos
2592 546 2787 617 fecisse
2828 560 3149 631 gaudemus.
3191 558 3294 617 Sed
3340 559 3506 617 habet
3540 560 3645 615 boc
3676 560 3775 612 ltu-

2186 667 2341 707 mana
2380 651 2665 707 inﬁrmitas
2714 652 3017 721 preprium.
3048 651 3265 723 utplus
3302 651 3353 705 ei
3393 650 3585 706 intueri
3612 649 3777 703 libeat

2187 746 2330 814 quod
2359 746 2461 801 sibi
2493 748 2547 801 in
2578 761 2637 801 se
2668 744 2840 814 placet
2867 760 3023 814 quam
3056 746 3195 816 quod
3220 744 3319 801 sibi
3345 745 3397 800 in
3421 758 3480 799 se
3500 742 3773 812 displicet.

2186 840 2354 909 (Eger
2383 840 2579 909 quippe
2609 840 2798 895 oculus
2823 840 3178 909 cordistdum
3204 839 3453 903 laborare
3498 838 3548 890 in
3596 834 3775 890 consi-

2188 933 2468 997 deratione
2497 948 2593 987 sua
2614 931 2825 997 metuit,
2856 932 3007 1000 quasi
3052 930 3321 1003 quoddam
3360 936 3588 985 stratum
3626 925 3774 981 dele-

2190 1022 2438 1077 ctationis
2458 1022 2512 1075 in
2539 1021 2742 1085 animo,
2763 1020 2851 1075 ubi
2876 1020 3107 1077 molliter
3123 1020 3318 1090 jaceat,
3338 1018 3560 1090 requirit
3580 1035 3595 1083 ;
3613 1025 3775 1087 atque

2188 1114 2388 1173 idcirco
2414 1131 2539 1185 quae
2563 1115 2843 1171 commoda
2869 1114 2938 1171 de
2968 1114 3200 1184 peractis
3219 1112 3372 1169 bonis
3400 1113 3471 1167 sit
3491 1120 3772 1168 assecutus
3829 1122 3836 1131 '

2185 1203 2454 1274 intelligit,
2490 1206 2583 1261 sed
2604 1220 2725 1275 quae
2741 1204 2935 1261 damna
2952 1202 2978 1241 ἀ
3002 1205 3069 1260 de
3089 1204 3343 1275 neglectis
3360 1204 3558 1274 patitur
3578 1204 3769 1260 nescit.

2185 1295 2507 1369 Plerumque
2545 1298 2689 1352 enim
2740 1297 2844 1353 hoc
2901 1298 3029 1351 vitio
3072 1305 3343 1355 tentantur
3380 1296 3539 1353 etiam
3588 1296 3769 1351 electi.

2183 1388 2507 1460 Plerumque
2537 1402 2727 1447 eorum
2768 1389 2914 1447 cordi
2964 1390 3269 1461 suggeritur
3296 1400 3354 1445 ut
3380 1389 3516 1445 bona
3545 1403 3774 1460 quaeque

2193 1497 2309 1551 quae
2342 1482 2586 1538 fecerunt
2613 1487 2680 1539 ad
2706 1485 2940 1539 animum
2973 1493 3245 1547 revocent,
3270 1492 3323 1536 et
3343 1482 3640 1537 securitatis
3658 1481 3770 1552 jam

2088 1571 2101 1583 '
2128 1568 2148 1589 '
2184 1572 2370 1629 laatitia
2397 1574 2690 1631 exsultent.
2738 1575 2844 1631 Sed
2879 1575 2925 1631 si
2972 1590 3099 1630 vere
3137 1575 3295 1631 electi
3331 1586 3495 1641 sunt,
3525 1575 3593 1629 ab
3620 1589 3686 1631 eo
3716 1575 3770 1630 in

2182 1679 2287 1733 quo
2314 1665 2414 1720 sibi
2445 1668 2657 1734 placent
2685 1665 2885 1721 mentis
2920 1666 3105 1723 oculos
3135 1666 3427 1731 divertunt,
3472 1682 3687 1729 omnem
3716 1668 3771 1724 in

2182 1769 2242 1812 se
2264 1755 2334 1813 de
2360 1759 2590 1826 peractis
2609 1758 2762 1813 bonis
2788 1759 3030 1814 laetitiam
3053 1758 3380 1831 deprimunt,
3397 1769 3449 1815 et
3466 1759 3531 1815 de
3554 1759 3636 1814 his
3653 1775 3771 1830 quas

493 1856 639 1923 poris
687 1856 848 1925 ιυοει,
897 1860 1051 1928 quasi
1099 1860 1335 1917 lucerna,
1374 1876 1561 1927 more,
1598 1861 1777 1918 ιυωεη
1830 1878 1897 1919 εχ
1942 1874 2077 1920 testa
2110 1863 2160 1929 Β
2186 1863 2246 1903 se
2278 1852 2455 1903 minus
2481 1851 2656 1919 egisse
2684 1851 2987 1920 intelligunt
3014 1852 3283 1906 tristitiam
3310 1851 3609 1921 requirunt,
3638 1851 3773 1907 indi-

492 1947 823 2015 resplendet.
860 1952 992 2006 Cum
1018 1968 1144 2008 vero
1188 1968 1282 2021 per
1308 1954 1477 2009 solam
1508 1956 1760 2014 virtutem
1806 1960 2004 2014 mentis
2028 1960 2081 2015 in

491 2042 949 2111 contemplatione
979 2046 1263 2115 attollitur,
1295 2049 1445 2117 quasi
1499 2063 1648 2108 more
1696 2050 1825 2106 solis
1852 2051 1920 2106 de
1938 2052 2083 2106 coelo

495 2135 717 2190 veniens
745 2136 833 2190 lux
866 2139 1096 2194 videtur.
1138 2140 1270 2207 Quia
1322 2141 1483 2209 igitur
1533 2144 1700 2199 multa
1744 2144 1932 2200 beatus
1980 2144 2083 2199 Job

496 2229 873 2299 hospitalitatis
900 2248 966 2288 ac
996 2233 1382 2290 misericordia:
1402 2236 1471 2292 de
1496 2251 1558 2293 se
1578 2239 1715 2293 bona
1743 2248 2080 2305 narraverat,

494 2336 615 2389 quae
645 2322 888 2391 profecto
918 2333 1067 2379 tanto
1095 2325 1272 2382 adhuc
1299 2327 1543 2397 minima,
1575 2341 1779 2400 quanto
1806 2340 1863 2386 et
1887 2345 2080 2401 corpo-

494 2414 684 2469 raliter
713 2425 937 2471 noverat
956 2429 1130 2487 gesta,
1153 2420 1220 2474 ad
1246 2422 1502 2476 virtutum
1519 2420 1840 2493 spiritalium
1869 2426 2081 2482 culmen

496 2506 691 2561 mentis
719 2510 932 2564 oculum
968 2526 1249 2578 revocans,
1300 2515 1647 2584 perfectionis
1673 2533 1784 2573 sua:
1810 2531 2076 2588 meminit,

490 2605 547 2652 et
573 2598 742 2655 lucem
768 2603 1161 2672 exemplorum,
1185 2620 1344 2675 quam
1362 2607 1430 2663 de
1445 2623 1505 2664 se
1533 2610 1656 2666 aliis
1686 2613 2077 2681 tribuit,solem

491 2693 721 2747 vocavit.
758 2693 910 2766 μίας.
951 2696 1040 2769 V.]
1070 2697 1209 2754 Sunt
1238 2715 1371 2755 vero
1401 2704 1643 2759 nonnulli
1675 2707 1763 2773 qui
1791 2708 2080 2766 cum'bona

487 2786 665 2856 aliqua
710 2788 940 2853 faciunt,
998 2792 1342 2861 iniquitatem
1398 2808 1615 2857 suarum
1664 2800 1908 2867 protinus
1945 2802 2082 2856 obli-

458 2864 465 2871 ’
491 2874 789 2943 visc'untur,
822 2890 877 2934 et
896 2880 1075 2936 cordis
1105 2882 1317 2937 oculum
1349 2882 1404 2939 in
1436 2864 1875 2945 consideratione
1905 2889 2079 2946 bono-

497 2983 618 3022 rum
660 2986 886 3040 operum
916 2989 1039 3044 quae
1064 2976 1329 3033 exhibent
1372 2978 1572 3050 ﬁgunt;
1602 2990 1764 3053 atque
1791 2998 1859 3040 eo
1888 2999 1947 3040 se
1970 2985 2079 3053 jam

495 3071 715 3119 sanctos
745 3068 1079 3153 existimant,
1109 3086 1218 3141 quo
1253 3073 1393 3128 inter
1416 3073 1552 3130 bona
1582 3091 1700 3145 qua:
1726 3058 1893 3147 agunt
1915 3080 2082 3134 malo-

495 3170 617 3210 rum
641 3172 883 3226 suorum,
932 3162 986 3219 in
1011 3164 1207 3233 quibus
1253 3174 1307 3219 et
1352 3164 1584 3223 fortasse
1614 3169 1786 3225 adhuc
1822 3171 2077 3239 implicati

2188 1955 2321 2021 gnos
2352 1957 2413 1999 se
2443 1943 2736 2009 mslimant,
2768 1952 2820 1999 et
2844 1959 2983 2015 pene
3013 1944 3112 2000 soli
3143 1944 3279 1999 bona
3305 1959 3398 1999 sua
3422 1959 3524 1999 non
3562 1944 3770 2009 vident,

2187 2048 2307 2102 qua:
2332 2034 2389 2087 in
2420 2049 2480 2088 se
2516 2036 2747 2091 videnda
2798 2037 3051 2092 omnibus
3078 2036 3143 2092 ad
3175 2037 3477 2108 exemplum
3510 2039 3769 2107 prtebent.

2192 2125 2325 2181 ilinc
2351 2136 2437 2183 est
2470 2129 2611 2197 quod
2643 2129 2860 2195 Paulus,
2893 2130 3023 2185 dum
3045 2131 3255 2202 expleta
3284 2131 3336 2186 in
3367 2145 3426 2187 se
3454 2132 3591 2187 bona
3624 2142 3773 2203 post-

2191 2233 2445 2288 poneret,
2468 2230 2524 2276 et
2553 2222 2669 2277 sola
2691 2221 2867 2279 adhuc
2900 2222 3105 2293 reliqua
3132 2237 3254 2293 quas
3302 2231 3485 2278 essent
3512 2224 3776 2297 explenda

2144 2316 2147 2319 ’
2187 2314 2472 2383 cogitaret,
2500 2313 2635 2367 dixit
2668 2332 2682 2369 :
2713 2312 2825 2384 Ego
2870 2331 2950 2370 me
2976 2331 3075 2369 non
3125 2313 3346 2368 arbitror
3383 2314 3776 2385 apprehendisse

2186 2402 2412 2475 (Philip.
2450 2420 2528 2469 ιιι,
2556 2403 2667 2477 15).
2697 2406 2834 2481 llinc
2857 2415 2942 2461 est
2972 2406 3113 2477 quod
3139 2416 3195 2465 ut
3226 2416 3408 2476 posset
3428 2421 3488 2463 se
3535 2409 3601 2461 de
3623 2408 3777 2463 bouis

2186 2513 2304 2564 qua:
2332 2498 2525 2567 agebat
2559 2499 2870 2563 lmmiliare,
2920 2499 3170 2556 studebat
3222 2500 3288 2555 ad
3314 2501 3551 2557 animum
3580 2513 3776 2575 praete-

2184 2591 2284 2643 rita
2311 2589 2447 2643 mala
2478 2591 2760 2659 reducere,
2789 2590 2974 2647 dicens
3001 2610 3013 2645 :
3048 2592 3146 2658 Qui
3165 2593 3305 2659 prius
3326 2593 3403 2662 fui
3425 2592 3772 2662 blasphemus,

2184 2691 2230 2735 et
2259 2686 2572 2751 persecutor,
2603 2692 2648 2738 et
2667 2682 3064 2739 contumeliosus
3097 2682 3151 2755 (I
3184 2682 3316 2738 Tim.
3342 2699 3381 2752 t,
3408 2680 3519 2755 l5).

2226 2801 2400 2874 .[Vst.
2440 2802 2552 2856 VII
2562 2800 2602 2873 .]
2630 2805 2714 2859 15.
2742 2803 2960 2868 Quando
2984 2803 3117 2858 bona
3144 2819 3178 2856 a
3200 2820 3256 2859 se
3294 2805 3436 2875 facta
3480 2804 3535 2858 in
3580 2820 3777 2859 memo-

2185 2894 2317 2948 riam
2337 2896 2586 2960 revocari,
2606 2903 2696 2950 aut
2718 2910 2934 2950 narrare
2961 2894 3311 2962 liceat.—Qui
3332 2904 3389 2953 et
3415 2896 3460 2953 si
3486 2896 3777 2963 aliquando

2188 2984 2323 3041 dixit
2349 3001 2367 3039 :
2392 2984 2597 3041 Bonum
2625 2994 2885 3041 certamen
2930 2987 3137 3055 certari,
3170 3002 3378 3041 cursum
3406 2988 3774 3051 consummavi.

2188 3077 2347 3147 ﬁdem
2375 3079 2569 3133 servari
2595 3076 2683 3149 (11
2717 3076 2849 3132 Tim.
2880 3093 2954 3140 tv.
2980 3079 3071 3145 της
3101 3078 3412 3133 Intuendum
3435 3091 3778 3147 summopere

2187 3183 2271 3228 est
2292 3172 2414 3240 quia
2444 3170 2571 3226 illud
2603 3186 2669 3226 eo
2693 3182 2933 3239 tempore
2955 3169 3134 3231 intulit
3160 3184 3266 3238 quo
3314 3169 3423 3238 jam
3451 3185 3516 3225 ex
3545 3184 3778 3239 corpore

462 3257 641 3313 \sunt,
666 3251 978 3306 memoriam
1004 3253 1297 3309 declinant.
1323 3256 1426 3323 Qui
1456 3257 1665 3314 scilicet
1711 3260 1757 3314 si
1788 3260 2079 3316 districtio-
2109 3249 2159 3316 (Ξ
2186 3263 2550 3319 discessurum
2610 3276 2669 3316 se
2719 3276 2842 3317 esse
2883 3262 3154 3330 cognovit.
3183 3260 3258 3316 lbi
3288 3261 3488 3331 quippe
3519 3260 3777 3329 pra-misit

502 3355 626 3396 nem
652 3340 848 3411 iudicis
874 3345 1156 3415 vigilanter
1184 3348 1546 3415 attenderem,
1579 3351 1697 3416 plus
1712 3338 1779 3407 de
1797 3352 1950 3407 malis
1970 3355 2083 3408 suis

494 3442 797 3490 metuerent
832 3453 992 3506 quam
1034 3440 1111 3494 'de
1165 3442 1496 3510 imperfectis
1546 3444 1702 3500 bonis
1723 3447 2077 3515 exsultarent,

492 3526 654 3598 703
702 3529 817 3598 plus
848 3531 1176 3600 inspicerent
1213 3534 1355 3604 quod
1397 3535 1467 3590 de
1506 3537 1593 3591 his
1629 3553 1749 3607 qua;
1781 3538 1959 3594 adhuc
2003 3542 2083 3596 eis

493 3619 704 3689 agenda
736 3631 860 3677 sunt
888 3623 1165 3680 debitores
1194 3636 1463 3696 tenentur,
1494 3642 1657 3698 quam
1686 3630 1829 3699 quod
1856 3644 2081 3699 operan-

494 3722 582 3766 tes
606 3714 846 3781 quadam
872 3717 981 3785 jam
1010 3717 1178 3773 debiti
1205 3727 1413 3789 partem
1445 3720 1681 3777 solvunt.
1716 3721 1899 3792 Neque
1939 3725 2082 3793 enim

492 3805 775 3861 absolutus
788 3818 870 3861 est
893 3808 1106 3864 debitor
1124 3810 1217 3879 qui
1246 3811 1412 3866 multa
1430 3812 1628 3879 reddit,
1647 3814 1741 3868 sed
1758 3815 1848 3883 qui
1868 3816 2045 3870 omnia
2064 3832 2080 3881 ;

492 3914 594 3953 nec
615 3901 682 3954 ad
713 3900 957 3956 bravium
981 3902 1222 3957 victoria:
1248 3905 1499 3972 pervenit
1513 3905 1606 3974 qui
1637 3907 1690 3960 in
1719 3921 1911 3975 magna
1934 3916 2085 3977 parte

404 4036 407 4037 ν
489 3982 780 4056 spectaculi
811 3990 1073 4046 velociter
1115 3993 1303 4060 currit,
1338 3992 1367 4031 δ
1407 3994 1452 4048 si
1476 3994 1626 4062 juxta
1669 4004 1839 4050 metas
1863 3998 2084 4053 veniens

490 4078 544 4131 in
576 4077 678 4133 hoc
701 4079 843 4147 quod
872 4088 956 4135 est
998 4080 1263 4150 reliquum
1315 4082 1519 4138 deﬁcit.
1570 4083 1679 4139 Nec
1725 4085 1791 4139 ad
1834 4086 2082 4154 quaelibet

491 4169 760 4226 destinata
787 4172 902 4227 loca
930 4173 1273 4243 pergentibus
1295 4174 1603 4231 inchoando
1627 4175 1843 4244 prodest
1863 4178 2081 4246 longum

456 4264 597 4320 Oiter
625 4278 867 4334 carpere,
912 4267 959 4321 si
991 4281 1099 4321 non
1138 4250 1317 4322 etiam’
1360 4279 1528 4324 totum
1579 4269 1792 4326 valeant
1826 4285 2081 4327 consum-

491 4370 662 4412 mare.
686 4358 789 4425 Qui
818 4372 951 4431 ergo
977 4368 1236 4415 aeternam
1268 4361 1432 4416 vitam
1458 4363 1775 4432 querimus,
1819 4364 1910 4434 qui
1934 4365 2081 4421 aliud

490 4464 655 4517 quam
676 4451 920 4519 quaedam
950 4450 1142 4507 itinera
1171 4454 1398 4523 agimus,
1455 4469 1551 4524 per
1575 4470 1697 4524 qua:
1738 4455 1805 4511 ad
1854 4460 2079 4525 patriam

490 4540 843 4597 festinamus?
880 4543 987 4599 Sed
1039 4545 1166 4613 quid
1208 4547 1428 4613 prodest
1475 4548 1619 4617 quod
1662 4550 1933 4618 carpimus
1973 4561 2080 4606 tam

2185 3355 2374 3410 dicens
2403 3372 2415 3409 :
2443 3352 2556 3425 Ego
2584 3355 2719 3413 enim
2741 3355 2858 3423 jam
2882 3353 3098 3420 delibor,
3132 3361 3181 3407 et
3208 3362 3404 3425 tempus
3428 3368 3554 3407 mea:
3580 3354 3777 3408 resolu-

2186 3448 2341 3504 tionis
2362 3448 2519 3502 instat
2544 3446 2737 3517 (lbid.,
2799 3444 2880 3518 6).
2903 3445 3056 3502 Tunc
3082 3460 3213 3516 ergo
3232 3445 3298 3501 ad
3323 3445 3638 3502 memoriam
3658 3459 3775 3514 per-

2185 3538 2476 3594 fectionem
2508 3536 2717 3593 reduxit
2747 3536 2947 3606 operis,
2993 3551 3116 3591 cum
3160 3536 3269 3605 jam
3300 3536 3549 3607 praevidit
3573 3535 3640 3591 ad
3667 3540 3774 3591 lar-
3852 3526 3855 3529 ’

2184 3632 2375 3703 gitatis
2399 3608 2637 3699 spatium
2672 3624 2894 3685 minime
2931 3629 3158 3687 subesse
3196 3638 3405 3699 tempus
3426 3630 3775 3699 operationis.

2187 3722 2337 3778 Sicut
2366 3722 2534 3788 enim,
2562 3721 2689 3778 dum
2728 3720 2982 3789 vivimus,
3017 3720 3278 3776 debemus
3323 3721 3460 3776 bona
3512 3730 3697 3776 nostra
3743 3735 3777 3777 a

2188 3814 2448 3869 memoria
2474 3813 2759 3882 repellere,
2792 3828 2861 3867 ne
2882 3812 3164 3877 extollant,
3195 3812 3268 3866 ita
3314 3813 3777 3882 appropinquante

2184 3908 2354 3971 exitu,
2385 3907 2697 3975 plerumque
2722 3920 2784 3961 ea
2815 3904 2882 3960 ad
2912 3906 3227 3961 memoriam
3260 3912 3283 3942 °
3313 3905 3505 3961 iterum
3550 3920 3776 3961 revoca-

2190 4012 2335 4065 mus,
2369 4007 2423 4052 ut
2455 3998 2711 4052 videlicet
2737 3996 2983 4052 ﬁduciam
3014 3998 3307 4066 praebeant,
3339 4005 3394 4055 et
3431 3997 3777 4067 desperatum

2184 4091 2441 4149 timorem
2474 4100 2740 4159 premant.
2773 4090 2873 4157 Qui
2904 4090 3007 4145 etsi
3035 4088 3331 4147 Corinthiis
3360 4092 3498 4145 bona
3524 4106 3617 4145 sua
3640 4106 3777 4146 enu-

2184 4181 2453 4237 merando
2502 4181 2763 4247 narravit,
2819 4179 2982 4251 70h.
3022 4181 3146 4235 illos
3182 4181 3502 4236 conﬁrmare
3547 4182 3772 4248 studuit,

2184 4290 2292 4331 non
2321 4289 2378 4328 se
2401 4274 2701 4329 ostendere.
2738 4274 2866 4329 Nam
2889 4276 3010 4343 quia
3034 4274 3223 4329 eadem
3265 4274 3404 4329 bona
3435 4271 3454 4309 ί
3487 4290 3595 4329 non
3627 4273 3681 4329 in
3713 4288 3777 4330 se

2186 4366 2515 4428 attenderet,
2550 4364 2812 4434 patefacta
2841 4365 3185 4420 tribulatione
3213 4365 3440 4436 propria:
3462 4366 3777 4421 tentationis

2180 4457 2520 4525 edocuitqua
2552 4471 2809 4525 expressa
2830 4456 3147 4528 subiunxit;
3179 4454 3403 4526 Pmpter
3426 4458 3562 4527 quod
3593 4458 3775 4530 placeo

2184 4550 2313 4604 mihi
2343 4550 2802 4618 ininﬁrmitatibus
2834 4552 2958 4604 meis
2989 4548 3072 4620 (11
3105 4546 3223 4603 Cor.
3268 4564 3360 4615 xtl,
3410 4548 3518 4621 l0).
3554 4547 3620 4605 Ut
3643 4563 3776 4621 ergo

490 4633 683 4700 multa,
706 4634 767 4687 si
793 4649 858 4689 ea
884 4650 1007 4705 quat
1038 4636 1106 4691 ad
1136 4626 1557 4706 perveniendum
1605 4649 1829 4705 restant,
1860 4642 2084 4711 tnegligi-
2114 4640 2166 4713 ι)
2190 4640 2485 4710 discipulos
2508 4642 2821 4707 instrueret,
2847 4641 2913 4696 de
2935 4656 2995 4696 se
3019 4654 3227 4695 summa
3249 4639 3541 4707 referebat;
3569 4648 3777 4696 utvero

490 4741 610 4783 mus
635 4729 877 4798 reliqua?

572 4818 655 4873 12.
689 4818 814 4874 Non
840 4822 966 4891 quid
987 4822 1188 4876 itineris
1224 4824 1341 4893 jam
1379 4835 1639 4893 peractum
1680 4828 1767 4893 sit,
1798 4841 2083 4885 considere-

490 4928 627 4977 mus,
659 4912 749 4967 sed
770 4915 896 4983 quid
916 4914 1135 4984 supersit
1159 4918 1750 4986 peragendum—More
1771 4920 1953 4991 itaque
1974 4922 2082 4975 via-

493 5011 695 5068 torum,
728 5018 1064 5074 nequaquam
1096 5005 1355 5061 debemus
1403 5010 1647 5077 aspicere
1687 5024 1941 5081 quantum
1968 5014 2080 5082 jam

491 5096 596 5153 iter
622 5097 851 5167 egimus,
884 5099 977 5152 sed
1009 5108 1263 5168 quantum
1313 5113 1556 5171 superest
1592 5114 1613 5142 ο
1649 5113 1704 5157 ιιι
1743 5119 2077 5175 peragamus,

492 5202 549 5246 ut
589 5188 862 5263 paulisper
912 5192 1003 5246 ﬁat
1045 5194 1372 5261 praeteritum
1419 5194 1561 5267 quod
1610 5195 1983 5253 indesinenter
2028 5209 2081 5253 et

496 5283 684 5338 timide
710 5283 886 5340 adhuc
911 5284 1207 5341 attenditur
1236 5280 1497 5342 futurum.
1529 5286 1775 5358 Amplius
1805 5287 1965 5359 igitur
1986 5290 2080 5346 de-

560 5476 587 5506 ι
618 5469 694 5523 Ita
714 5468 878 5525 Corb.
909 5468 1116 5536 Germ.,
1142 5468 1355 5534 Norm.,
1401 5469 1629 5535 Turon.,
1655 5468 1868 5537 ρει-ωε,
1901 5470 2072 5527 Laud.

489 5538 549 5598 In
591 5540 1001 5607 recentioribus,
1056 5543 1107 5595 in
1147 5541 1447 5607 corporibus
1491 5541 1645 5606 lucet,
1686 5550 1797 5596 vet.
1846 5541 2074 5598 Excusis

486 5606 771 5667 lectionem
799 5611 930 5667 Mss.
958 5606 1333 5668 retinentibus.

561 5681 588 5721 ιν
622 5681 889 5755 ναιιοι..
941 5682 1027 5755 sed
1066 5684 1153 5753 qui
1182 5682 1340 5755 juxta
1384 5690 1563 5739 metas.
1608 5682 1683 5738 Ita
1716 5683 1882 5741 etiam
1909 5680 2072 5743 Corb.

414 5804 417 5807 .
484 5752 696 5817 Genu"
720 5753 927 5817 Norm.,
958 5752 1164 5818 Germ.,
1184 5752 1394 5808 omisso
1414 5755 1524 5817 qui.

566 5834 591 5863 ο
620 5822 741 5878 Val.
770 5822 851 5878 Cl.
878 5831 933 5879 et
952 5823 1144 5889 Laud.,
1169 5833 1226 5877 ut
1252 5838 1539 5891 pergamus.

2191 4734 2329 4789 sein
2362 4732 2671 4809 humilitate
2710 4732 3029 4798 custodiret,
3088 4732 3532 4811 considerationis
3560 4734 3774 4789 oculum

2190 4841 2297 4880 non
2332 4826 2385 4887 in
2426 4825 2709 4881 virtutibus
2738 4824 2875 4889 suis,
2907 4824 3001 4880 sed
3048 4825 3100 4878 in
3133 4825 3531 4880 inﬁrmitatibus
3556 4824 3772 4882 ﬁxerat.

2190 4915 2401 4971 Habent
2421 4917 2601 4986 itaque
2625 4916 2898 4986 proprium
2927 4916 3095 4972 sancti
3137 4917 3257 4983 viri,
3291 4927 3346 4970 ut
3389 4920 3525 4970 bona
3552 4917 3773 4987 quidem

2187 5023 2307 5077 quae
2358 5017 2524 5077 agunt
2562 5008 2820 5073 videant;
2860 5016 2915 5064 et
2959 5018 3139 5064 tamen
3185 5024 3305 5063 cum
3337 5010 3661 5079 peregerint,
3705 5011 3777 5065 ab

2192 5117 2381 5157 eorum
2407 5102 2669 5156 memoria
2693 5101 2879 5157 oculos
2901 5110 3162 5157 avertant.
3191 5102 3344 5157 Unde
3366 5112 3513 5157 recte
3539 5116 3633 5171 per
3654 5103 3778 5159 bea-

2186 5204 2301 5249 tum
2340 5194 2444 5251 Job
2471 5194 2706 5251 dicitur:
2736 5193 2799 5251 Si
2847 5196 2953 5249 vidi
2991 5196 3147 5251 solem
3190 5211 3303 5250 cum
3350 5196 3589 5265 fulgeret.
3623 5198 3703 5251 Ac
3728 5198 3777 5252 si

2188 5298 2372 5359 aperte
2401 5292 2602 5347 diceret
2633 5309 2645 5345 :
2675 5288 2820 5359 Opus
2847 5305 3022 5347 meum
3052 5291 3211 5347 etiam
3242 5306 3364 5348 cum
3421 5290 3539 5346 aliis
3589 5286 3799 5344 exem-'

2262 5470 2287 5510 ἀ
2311 5472 2533 5539 Turon.,
2566 5473 2629 5526 de
2648 5473 2996 5544 inegligentiis.

2259 5552 2284 5581 ο
2317 5544 2454 5598 Editi
2483 5559 2603 5597 cum
2631 5543 2793 5599 Corb.
2824 5543 3032 5610 Germ.,
3049 5548 3191 5611 juste
3217 5552 3538 5601 revocamus'.
3574 5546 3771 5611 Germ.
3834 5596 3846 5608 .

2186 5614 2381 5685 abiecit
2407 5610 2739 5677 adverbium‘,
2766 5615 2892 5670 Mss.
2926 5610 3134 5686 Anglic.
3173 5625 3227 5670 et
3250 5617 3390 5675 ,aliis
3429 5619 3628 5674 nostris
3668 5624 3767 5677 ha-

2184 5688 2437 5757 bentibus
2457 5687 2657 5752 iterum,
2692 5695 2746 5741 et
2774 5687 2973 5757 optimo
2999 5686 3214 5755 quidem
3245 5702 3428 5745 sensu.

2259 5755 2282 5796 ί
2306 5757 2535 5826 Turon.,
2566 5773 2669 5812 non
2693 5759 2747 5812 in
2767 5755 2842 5825 se,
2870 5758 2957 5823 sed
2981 5758 3035 5811 irt
3069 5758 3289 5814 Domitio
3307 5761 3608 5817 «minet.
