4024 6352
221 361 298 414 ﬁt
1034 364 1391 422 MORALIUM
1435 365 1562 422 LIB.
1609 367 1771 424 XXII.
1813 398 1882 409 —
1921 369 1987 427 IN
2026 372 2252 431 CAPUT
2294 372 2462 433 XXXI
2503 377 2563 433 Β.
2605 377 2744 435 ΙΘΒ.

3384 360 3501 445 m.

217 476 417 545 piorum
474 475 650 529 lucem
698 476 982 542 tribueret,
1014 478 1078 533 ad
1114 481 1543 551 przesumptionis
1573 484 1795 555 gratiam
1827 485 1881 545 Α
1904 484 2087 542 inhoc
2107 491 2249 559 quod
2269 491 2338 547 de
2359 506 2419 548 se
2440 496 2783 553 extrinsecus
2801 494 2988 556 haberi
3012 502 3332 571 considerat,
3353 508 3485 564 illud

214 584 308 623 non
332 570 568 633 attendi,
592 569 719 639 quia
740 569 866 625 dum
896 570 964 625 de
985 586 1051 627 eo
1079 573 1265 630 extolli
1296 575 1471 643 timui,
1490 575 1559 641 ab
1583 578 1796 631 intuen-

213 665 271 719 do
288 679 363 717 eo
383 665 579 720 oculos
608 666 802 720 averti.
832 663 1083 736 Sequitur
1116 685 1132 721 :

818 757 1048 813 CAPUT
1098 758 1208 815 VII.

269 843 404 899 lato.
435 874 507 885 —
533 852 605 900 at
630 846 807 901 lanam
836 848 1145 905 incedentem
1173 851 1331 905 clare.

202 941 206 949 '
267 934 365 991 14.
396 934 575 991 Fama
600 953 666 992 ea:
694 937 843 994 bonis
869 941 1108 1011 operibus
1134 958 1240 996 non
1267 942 1800 1009 aucupanda.—Post

212 1028 560 1098 pramissum
615 1030 807 1097 solem,
855 1039 980 1102 apte
1017 1049 1230 1103 quoque
1270 1034 1605 1091 incedentem
1656 1034 1799 1091 clare

209 1118 384 1185 lunam
403 1120 678 1188 subdidit,
698 1124 819 1192 quia
850 1125 1099 1181 videlicet
1126 1136 1247 1197 post
1268 1128 1403 1198 opus
1421 1128 1637 1194 bonum,
1656 1128 1795 1185 fama

209 1215 493 1275 laudabilis
531 1218 801 1290 sequitur,
834 1236 928 1291 per
960 1239 1122 1294 quam
1146 1224 1360 1281 celebre
1391 1241 1585 1281 nomen
1616 1227 1666 1281 in
1698 1227 1797 1284 hac

210 1312 500 1382 presenti:
528 1314 655 1368 vita
676 1323 835 1369 nocte
864 1304 1189 1385 possidetur.
1220 1318 1275 1374 Si
1297 1327 1474 1374 autem
1504 1335 1687 1375 verum
1714 1330 1798 1375 est

208 1403 339 1473 quod
400 1404 630 1473 quidam
695 1415 925 1476 putarit,
976 1408 1385 1468 illustrationem
1456 1413 1633 1469 lunam
1701 1430 1797 1485 per

212 1496 481 1551 occultum
542 1497 809 1553 circulum
840 1514 870 1555 a
900 1500 1050 1557 radio
1076 1502 1210 1558 solis
1237 1506 1501 1574 accipere,
1533 1517 1589 1560 ut
1630 1508 1797 1572 possit

218 1587 380 1643 lucem
414 1591 708 1645 nocturnis
736 1592 986 1648 cursibus
1007 1595 1281 1663 exhibere,
1300 1597 1369 1652 ab
1399 1598 1556 1666 hujus
1585 1600 1793 1669 signiti-

211 1682 421 1737 catiouis
454 1682 658 1740 ordine
689 1683 805 1739 haec
842 1700 1052 1758 quoque
1080 1690 1314 1758 suspicio
1370 1708 1474 1746 non
1515 1695 1789 1783 abhorret.

217 1776 359 1832 Fama
388 1780 599 1849 quippe
618 1794 650 1833 a
684 1779 824 1835 bono
855 1796 1016 1850 opere
1043 1784 1186 1839 vires
1215 1786 1431 1855 accipit,
1462 1796 1487 1823 α
1513 1794 1566 1842 et
1597 1776 1794 1843 favoris

1902 583 2238 640 obliviscitur
2265 586 2331 641 ad
2364 590 2505 658 quod
2530 590 2798 646 introrsus
2816 593 3124 651 anhelabat.
3174 622 3175 625 η

1974 674 2116 747 [νει.
2150 675 2343 749 VIIL]
2377 679 2463 733 l5.
2508 679 2887 750 Intelligentia,
2920 686 3050 740 bona
3076 703 3253 755 opera,
3285 691 3485 777 tondes,

1900 764 2182 825 humilitati
2209 768 2308 824 Job
2345 771 2502 841 (quod
2535 787 2656 827 raro
2679 777 2890 847 accidit)
2919 779 3049 835 nihil
3087 764 3387 838 uomit.
3416 812 3489 828 -

1901 860 2037 926 Quia
2059 861 2220 931 igitur
2243 873 2485 919 sanctum
2516 866 2688 922 virum
2722 869 3073 942 intelligentia
3113 875 3355 932 scientiae
3380 893 3488 934 non

1900 953 2138 1020 corrupit
2161 994 2175 1018 ,
2207 952 2276 1008 de
2328 955 2510 1012 multis
2546 958 2749 1014 divitiis
2776 962 3010 1030 gaudere
3057 965 3318 1036 despexit.
3350 969 3487 1035 Quia

1903 1057 2034 1098 vero
2077 1058 2200 1099 eum
2262 1048 2577 1117 magnitudo
2627 1049 2819 1116 ‘operis
2862 1068 2968 1109 non
3024 1055 3264 1124 inﬂavit,
3314 1060 3485 1116 solem

1900 1134 2187 1206 lulgentem
2229 1153 2333 1193 non
2366 1139 2517 1196 vidit.
2560 1140 2696 1209 Quia
2723 1153 2902 1199 autem
2936 1145 3080 1201 illttm
3123 1156 3148 1195 ε
3199 1163 3299 1204 nec
3346 1148 3487 1211 fama

1903 1226 2075 1283 laudis
2102 1228 2318 1295 extulit,
2361 1230 2507 1286 clare
2540 1232 2881 1290 incedentem
2926 1235 3107 1291 lunam
3156 1239 3376 1295 minime
3404 1251 3488 1295 at-

1899 1319 2091 1374 tendit.
2115 1318 2249 1377 Sunt
2271 1323 2414 1376 enim
2446 1325 2687 1379 nonnulli
2716 1327 2807 1395 qui
2849 1342 2916 1383 eo
2957 1328 3010 1383 in
3053 1329 3338 1387 elationem
3364 1346 3486 1388 cor-

1898 1422 2085 1481 ruunt,
2116 1427 2222 1481 quo
2249 1428 2347 1483 per
2374 1416 2625 1470 subtilem
2663 1418 3079 1488 intelligentiam
3103 1422 3183 1477 vel
3212 1437 3334 1492 quae
3377 1438 3485 1483 nou

1898 1503 2102 1560 faciunt
2149 1507 2286 1562 bona
2327 1520 2678 1578 cognoscunt.
2712 1511 2775 1568 lli
2819 1513 3071 1568 nimirum
3101 1528 3265 1584 super
3307 1516 3488 1575 multis

1874 1597 2394 1668 -divitiis’l:etantur,
2438 1617 2557 1657 cum
2602 1605 2855 1674 quaelibet
2885 1620 3095 1662 summa
3144 1607 3489 1680 intelligendo

1896 1688 2194 1755 reperiunt,
2226 1696 2385 1757 atque
2421 1690 2474 1744 in
2503 1690 2734 1747 elatione
2782 1692 2912 1761 ipsis
2943 1694 3343 1751 inventionibus
3369 1710 3491 1752 cor-

1898 1790 2245 1849 rumpuntur.
2299 1779 2437 1836 Sunt
2486 1797 2614 1837 vero
2658 1783 2896 1839 nonnulli
2954 1800 3088 1855 quos
3140 1786 3490 1858 intelligentia

225 1873 434 1940 gratiam
451 1874 607 1939 quasi
626 1874 927 1931 claritatem
952 1876 1166 1932 luminis
1186 1882 1440 1950 aspergit.
1462 1879 1561 1934 Est
1578 1890 1633 1936 et
1651 1882 1793 1936 aliud
1828 1879 1875 1941 Β
1898 1873 2114 1942 quidem
2174 1888 2279 1928 11οη
2317 1870 2522 1942 ’διέπειν
2576 1876 2671 1931 Sed
2700 1876 2941 1932 exhibita
2991 1880 3233 1949 Operatio
3262 1881 3487 1937 exallat.

233 1963 279 2018 in
302 1964 419 2019 luna
445 1966 585 2035 quod
624 1981 722 2037 per
748 1962 1149 2026 similitudinem
1178 1972 1315 2027 bona
1344 1976 1615 2044 spargenti
1640 1976 1793 2031 fama

232 2060 506 2114 conveniat.
552 2058 671 2115 Lux
711 2074 943 2133 namque
992 2064 1108 2131 ejus
1154 2066 1316 2120 etiam
1360 2067 1412 2120 in
1457 2068 1790 2123 tenebrarum

226 2159 441 2221 tempore
465 2150 572 2209 iter
602 2154 1012 2211 ambulantibus
1058 2157 1314 2225 ostendit,
1355 2161 1475 2228 quia
1499 2170 1552 2215 et
1578 2162 1705 2218 dum
1727 2164 1795 2220 de

214 2243 364 2297 aliena
403 2244 519 2299 vita
562 2244 653 2300 lux
686 2247 862 2302 laudis
888 2251 1102 2314 emicat,
1158 2250 1291 2306 alios
1324 2250 1352 2290 δ
1381 2254 1449 2307 ad
1478 2266 1792 2311 exercitium
1844 2242 1847 2251 ’

214 2335 327 2392 boni
358 2340 553 2408 operis
583 2338 851 2407 illustrat;
886 2358 1116 2412 cumque
1162 2346 1307 2401 illius
1334 2347 1514 2415 opinio
1541 2348 1682 2403 clara
1706 2364 1795 2403 co-

205 2430 504 2500 gnoscitur,
540 2433 664 2487 huic
713 2436 871 2503 quasi
925 2439 1169 2508 pergenti
1227 2440 1282 2494 in
1322 2438 1515 2495 itinere
1563 2444 1809 2511 exempli

208 2521 381 2579 lumen
416 2523 717 2591 praebetur.
775 2527 883 2582 Sed
925 2543 1307 2600 nonnunquam
1351 2547 1485 2602 opus
1541 2534 1701 2602 quod,
1728 2536 1794 2589 ab

203 2614 367 2669 aliena
398 2615 664 2684 opinione
686 2621 923 2673 sumitur
953 2624 1130 2676 minus
1170 2624 1370 2677 mundo
1425 2625 1694 2681 desiderio
1743 2629 1793 2681 in

205 2706 379 2762 animo
407 2705 699 2766 formatur.
730 2710 865 2767 Nam
908 2713 1134 2769 inﬁrmas
1172 2728 1382 2772 mentes
1410 2731 1529 2772 cum
1564 2718 1698 2772 bona
1727 2720 1797 2774 de

206 2798 322 2854 aliis
362 2800 622 2868 audiunt,
654 2802 942 2874 aliquando
981 2822 1039 2861 se
1079 2808 1145 2863 ad
1194 2809 1565 2879 Operationem
1597 2823 1793 2866 rectam

206 2908 304 2948 non
352 2908 550 2948 amore
590 2896 824 2962 virtutis,
854 2900 948 2953 sed
1002 2902 1361 2957 delectatione
1405 2903 1577 2958 laudis
1601 2922 1794 2961 accen-

202 2985 349 3041 dunt.
380 2986 453 3042 Et
479 2986 724 3057 profecto
752 2990 916 3060 liquet
936 2993 1059 3062 quia
1099 2994 1237 3048 sicut
1291 3006 1311 3033 ο
1350 3005 1533 3051 natura
1564 2998 1691 3053 solis
1714 3009 1799 3057 eat

208 3082 262 3134 ut
297 3095 538 3150 quaeque
570 3083 802 3151 attigerit
852 3086 1107 3139 accendat
1144 3097 1199 3141 et
1235 3087 1422 3153 siccet,
1469 3089 1536 3143 ita
1598 3091 1796 3149 lunaris

208 3170 334 3240 ignis
365 3182 456 3227 est
488 3173 764 3242 preprinm
790 3182 845 3229 ut
869 3176 1123 3247 quidquid
1148 3181 1430 3247 contigerit
1458 3192 1647 3237 exurat
1676 3184 1795 3254 qui-

1897 1969 1997 2036 Qui
2041 1969 2169 2024 dum
2226 1972 2468 2027 actiones
2520 1986 2647 2035 suas
2688 1973 3003 2043 respiciunt,
3063 1974 3208 2043 apud
3252 1984 3490 2031 mentem

1897 2077 2048 2116 suam
2074 2063 2177 2117 sibi
2200 2074 2426 2118 caeteros
2464 2064 2799 2136 dedignando
2830 2074 3178 2134 postponunt.
3213 2064 3278 2119 Hi
3305 2063 3489 2141 videli-

1899 2164 1986 2210 cet
2015 2154 2123 2210 etsi
2149 2156 2202 2210 in
2227 2157 2410 2212 multis
2441 2157 2638 2212 divitiis
2670 2172 2777 2213 non
2813 2157 3069 2229 gaudeat,
3098 2158 3267 2214 solem
3310 2167 3488 2215 tamen

1897 2247 2186 2318 fulgenti-in
2215 2250 2398 2304 vident
2424 2246 2451 2286 ιι
2476 2250 2598 2320 quia
2625 2251 2692 2305 de
2722 2251 2837 2304 sola
2861 2250 2986 2306 boni
3016 2249 3198 2320 operis
3221 2252 3486 2320 magnitu-

1897 2339 2023 2394 dine
2046 2334 2195 2410 quasi
2225 2340 2357 2405 alios
2380 2340 2728 2410 despiciendo
2754 2349 2980 2397 tument.
3014 2342 3082 2396 Et
3100 2351 3226 2397 sunt
3245 2340 3497 2398 nonnulli
3563 2408 3571 2417 ν

1898 2447 2037 2503 quos
2075 2450 2173 2487 nec
2220 2435 2461 2501 operatio
2484 2434 2696 2503 propria
2740 2434 2981 2501 extollit;
3003 2434 3101 2491 sed
3130 2449 3252 2491 cum
3281 2434 3487 2491 laudari

1899 2525 1967 2578 ab
2013 2524 2320 2579 hominibus
2365 2540 2462 2595 pro
2506 2528 2607 2581 hac
2634 2526 2822 2581 eadem
2868 2527 3349 2596 bona/operatione
3376 2542 3486 2584 cm-

1899 2615 2091 2685 perint,
2119 2614 2247 2682 ipsis
2292 2604 2566 2671 hominum
2610 2616 2881 2691 favoribus
2910 2618 3128 2685 devicti,
3158 2620 3311 2689 quasi
3359 2633 3485 2674 ma-

1896 2722 2032 2777 gnos
2060 2721 2118 2762 se
2162 2700 2427 2777 quosdam
2454 2709 2506 2761 in
2530 2724 2626 2762 sua
2654 2708 2976 2779 cogitatione
3021 2710 3381 2783 conspiciunt,
3405 2718 3489 2765 at-

1900 2814 2000 2869 que
2036 2814 2067 2853 a
2093 2800 2273 2855 cordis
2301 2801 2546 2855 custodia
2596 2802 2986 2858 dissolvuntur.
3020 2802 3083 2857 Hi
3113 2802 3353 2871 profecto
3388 2804 3489 2862 etsi

1898 2891 2189 2965 fulgentem
2209 2893 2376 2948 solem
2406 2893 2589 2948 videre
2603 2894 3111 2960 noluerunt,lunam
3138 2902 3314 2950 tamen
3342 2894 3490 2953 clare

1901 2984 2237 3041 incedentem
2270 2986 2585 3056 respiciunt,
2608 2987 2732 3057 quia
2757 2988 2895 3041 inter
2917 2986 3076 3055 hujus
3101 2985 3221 3042 vitae
3240 2988 3489 3043 tenebras

1899 3081 2023 3134 dum
2072 3080 2127 3134 in
2176 3080 2442 3149 opinionis
2486 3096 2595 3135 sua:
2645 3081 2888 3137 claritate
2930 3081 3168 3135 animum
3218 3080 3488 3151 deligunt,

1904 3174 2215 3230 humilitatis
2244 3175 2468 3244 gratiam
2486 3174 2635 3244 quasi
2683 3190 2748 3230 ex
2796 3184 3060 3230 nocturno
3093 3175 3291 3230 lumine
3335 3173 3489 3229 amit-

209 3264 340 3329 dem,
376 3266 477 3321 sed
508 3267 1097 3325 exurendohumidum
1127 3272 1335 3328 reddat.
1389 3276 1465 3327 Ad
1498 3277 1662 3330 vitam
1695 3279 1795 3348 igi-

1906 3278 2046 3335 tunt;
2076 3278 2130 3324 et
2158 3278 2424 3325 intuentes
2466 3270 2669 3335 lunam,
2703 3284 2762 3324 se
2795 3284 2898 3323 non
2933 3271 3134 3333 vident,
3170 3269 3259 3337 qui
3290 3276 3490 3324 semet-

213 3370 284 3416 tur
306 3363 511 3416 bonam
544 3362 678 3417 alios
700 3360 725 3399 ἀ
752 3380 847 3433 pro
865 3380 1046 3420 amore
1070 3352 1415 3423 Dei'allectus
1444 3373 1572 3424 recti
1594 3374 1794 3441 operis,

211 3455 326 3510 alios
356 3470 497 3509 vero
553 3470 704 3510 amor
753 3457 926 3511 laudis
965 3458 1279 3513 inﬂammat.
1342 3459 1445 3515 Sed
1496 3477 1617 3515 cum
1662 3464 1795 3518 recti

212 3549 382 3615 operis
415 3546 612 3604 aﬂ‘ectu
647 3549 1019 3616 accendimur,
1067 3553 1217 3620 quasi
1246 3568 1341 3623 per
1370 3555 1543 3623 ignem
1594 3554 1723 3609 solis
1766 3569 1795 3608 a

212 3639 456 3693 vitiorum
491 3639 718 3695 humore
747 3642 1031 3696 siccamur.
1061 3644 1193 3698 Eum
1221 3659 1349 3699 vero
1379 3660 1536 3715 quem
1567 3646 1631 3699 ad
1660 3661 1796 3716 opus

211 3731 399 3785 bonum
435 3732 611 3787 laudis
638 3747 791 3787 amor
812 3744 1094 3803 provocat,
1128 3738 1413 3802 concupita
1445 3740 1605 3802 fama,
1643 3740 1794 3809 quasi

212 3822 349 3889 luna,
378 3824 619 3893 attingit,
649 3826 768 3895 quia
793 3825 1039 3881 videlicet
1060 3828 1177 3898 ejus
1206 3830 1440 3883 animum
1465 3841 1517 3884 et
1549 3834 1793 3887 accendit

209 3928 256 3971 et
293 3917 544 3973 resolvit.
576 3919 836 3974 Accendit
873 3919 1080 3975 scilicet
1124 3921 1188 3975 ad
1235 3923 1553 3978 exercitium
1592 3927 1792 3994 operis,

212 4007 429 4061 resolvit
459 4021 591 4062 vero
620 4007 685 4061 ad
707 4010 1197 4079 concupiscentiam
1220 4012 1440 4067 favoris;
1474 4013 1794 4085 Plerumque

209 4106 377 4155 tamen
409 4098 478 4153 ad
510 4100 820 4156 exercenda
849 4102 1177 4172 bonaopera
1220 4104 1392 4159 aliena
1437 4121 1537 4160 nos
1594 4106 1794 4164 utiliter

208 4193 456 4264 exempla
487 4193 835 4261 persuadent.
857 4194 927 4249 Et
956 4210 1078 4251 cum
1104 4205 1284 4251 mente
1314 4198 1497 4252 humili
1529 4201 1793 4269 opinionis

207 4286 393 4341 aliena:
426 4284 570 4339 bena
598 4285 940 4355 suscipimus,
994 4296 1177 4343 nostra
1231 4289 1313 4344 vel
1341 4291 1405 4345 ad
1435 4291 1627 4347 melius
1654 4296 1791 4348 bona

204 4378 579 4447 producimus,
604 4377 691 4434 vel
722 4378 788 4434 ad
820 4380 1017 4447 bonum
1048 4381 1186 4435 mala
1212 4392 1598 4450 permutamus.
1631 4387 1793 4441 Cum-

203 4487 299 4542 que
354 4484 459 4525 nos
509 4469 580 4526 de
619 4472 729 4524 vita
774 4472 1000 4540 proximi
1044 4473 1196 4527 fama:
1248 4474 1506 4544 splendor
1550 4479 1789 4549 irradiat,

203 4578 351 4620 mens
383 4572 592 4631 nostra,
625 4572 682 4619 ut
714 4565 1085 4635 praediximus,
1125 4577 1148 4603 θ
1194 4583 1313 4636 qua:
1338 4569 1405 4622 ad
1435 4569 1799 4628 obtinendum

1903 3364 2045 3429 ipsos
2073 3365 2283 3417 nescire
2311 3362 2594 3433 incipiunt,
2617 3362 2743 3417 dum
2777 3366 2974 3419 mentis
2994 3364 3182 3421 oculos
3212 3364 3263 3418 in
3284 3363 3489 3419 transi-

1902 3457 2095 3510 torium
2127 3455 2363 3511 favorem
2393 3455 2651 3527 deﬁgunt.

1976 3551 2062 3604 16.
2109 3549 2251 3603 Varii
2285 3552 2353 3617 ad
2399 3552 2632 3602 virtutem
2682 3564 2979 3618 progressus
3008 3557 3054 3601 et
3084 3551 3297 3619 gradus.
3352 3550 3490 3617 Quid

1897 3645 1952 3698 in
1976 3659 2078 3698 uno
2102 3659 2304 3714 quoque
2324 3644 2667 3696 metuendum.
2696 3672 2766 3682 -—-
2795 3641 2887 3697 Sic
2917 3651 3094 3697 autem
3122 3641 3388 3709 proiectus
3406 3650 3489 3699 est
3586 3656 3593 3665 ‘

1901 3735 2209 3797 hominum,
2263 3732 2403 3786 sicut
2461 3734 2785 3788 incrementa
2826 3745 2945 3787 esse
2993 3733 3350 3800 conspicimus
3397 3748 3488 3787 ar-

1898 3827 2195 3882 bustorum.
2222 3824 2315 3879 Vis
2339 3826 2537 3896 quippe
2561 3825 2757 3879 futura:
2786 3825 2993 3881 arboris
3023 3830 3172 3893 prius
3198 3827 3249 3881 in
3280 3826 3488 3883 semine

1900 3929 2004 3985 est,
2028 3919 2365 3988 postmodum
2400 3920 2450 3973 in
2481 3930 2624 3986 ortu,
2648 3928 2805 3991 atque
2835 3920 2900 3973 ad
2922 3929 3219 3976 extremum
3251 3920 3489 3990 produci:

1898 4022 1986 4067 tur
2016 4015 2066 4068 in
2107 4028 2307 4067 ramos.
2341 4012 2431 4067 Sic
2459 3994 2707 4066 nimirum
2744 4010 2821 4067 sic
2868 4012 3287 4083 uniuscujusque
3320 4013 3488 4069 virtus

1898 4109 2192 4164 succrescit
2219 4107 2514 4176 operantis.
2561 4105 2865 4161 Seminatur
2910 4120 3141 4176 namque
3182 4107 3235 4162 in
3288 4105 3488 4162 intelli-

1898 4200 2314 4270 gentia,'oritur
2351 4201 2401 4253 in
2432 4200 2770 4267 operatione,
2798 4207 2957 4267 atque
2992 4198 3057 4252 ad
3087 4198 3329 4275 ultimum
3362 4213 3488 4254 con-

1900 4292 2121 4347 valescit
2147 4306 2313 4359 usque
2343 4290 2408 4344 ad
2453 4290 2722 4358 prolectus
2771 4290 2946 4357 magni
2979 4289 3334 4344 latitudinem.
3379 4289 3488 4345 Sed

1899 4400 2018 4438 cum
2046 4383 2339 4454 quemlibet
2380 4397 2473 4435 sua
2507 4382 2854 4450 intelligentia
2900 4381 3126 4444 extollit,
3159 4381 3317 4435 arbor
3370 4397 3487 4450 qure

1900 4479 2028 4532 oriri
2074 4486 2280 4543 poterat
2310 4480 2361 4529 in
2392 4476 2596 4531 semine
2648 4475 2927 4545 putrescit.
2968 4474 3099 4527 Cum
3131 4484 3309 4530 autem
3367 4488 3488 4542 post

1899 4574 2260 4642 operationem
2322 4570 2515 4624 bonam
2565 4568 2813 4623 elationis
2874 4576 3022 4636 peste
3074 4570 3438 4636 corrumpitur
3467 4608 3486 4636 ,

204 4660 417 4714 virtutis
441 4660 547 4713 iter
574 4672 633 4712 se
656 4656 855 4727 dirigit,
886 4660 1037 4728 quasi
1073 4661 1124 4713 in
1155 4660 1294 4713 lunm
1334 4661 1534 4717 lumine
1579 4678 1795 4734 gressus
1819 4660 1875 4725 Ι)
1903 4667 2050 4733 quasi
2076 4666 2184 4734 jam
2209 4673 2325 4718 orta
2346 4659 2746 4717 siccatur.Cum
2778 4674 2904 4713 vero
2932 4674 3107 4729 neque
3123 4659 3487 4731 intelligentia,

204 4755 379 4822 ponit.
411 4750 518 4808 Sed
550 4752 692 4806 sicut
720 4767 784 4806 ex
824 4752 1001 4807 aliena
1040 4752 1293 4820 Opinione
1339 4754 1674 4824 proﬁcimus,
1716 4757 1796 4812 sic

205 4847 541 4914 plerumque,
568 4846 613 4896 si
642 4844 795 4897 famae
825 4854 1023 4898 nostrae
1050 4840 1071 4881 ί
1106 4843 1353 4898 laudibus
1385 4845 1730 4913 intendimus,
1766 4863 1796 4901 a

207 4938 403 4992 virtute
431 4932 741 5000 va’cuamur,
770 4936 935 5008 705
963 4935 1081 5005 quia
1113 4951 1234 4991 cum
1264 4936 1559 4992 delectatur
1581 4940 1794 4996 animus

271 5064 297 5090 ι
330 5051 585 5115 Vindoc.,
615 5060 661 5103 et
687 5050 979 5119 splendoris
1008 5050 1249 5118 gratiam.

276 5125 300 5163 ιι
326 5123 404 5179 Ita
434 5137 557 5176 cum
591 5121 716 5175 Mss.
741 5119 905 5175 Corb.
950 5120 1159 5185 Geim.,
1207 5119 1415 5184 Norm.,
1451 5122 1643 5189 Laud.,
1680 5124 1795 5181 Val.

205 5198 281 5253 Cl.
316 5204 374 5250 et
406 5204 515 5247 vel.
546 5190 689 5246 Edit.
723 5189 779 5243 In
804 5200 1009 5246 recent.
1046 5206 1189 5257 vero,
1233 5191 1300 5244 ad
1349 5195 1631 5248 exercenda
1661 5195 1797 5251 bona

204 5268 395 5338 operis.
429 5264 614 5320 Germ.
643 5268 817 5316 totum
867 5261 1008 5315 hunc
1040 5261 1321 5343 locum.sic
1345 5264 1637 5330 contrahit,
1672 5270 1799 5335 quia

202 5352 250 5393 et
280 5340 409 5393 dum
455 5336 521 5390 de
571 5334 744 5387 aliena
792 5333 898 5386 vita
946 5334 1040 5404 tua:
1067 5348 1181 5403 qua
1209 5332 1354 5388 illius
1379 5336 1620 5404 opinione
1648 5337 1797 5394 clara

205 5409 539 5481 coanoacitur
584 5404 889 5471 ostenditur,
943 5402 1063 5457 huic
1094 5404 1244 5473 quasi
1286 5402 1514 5477 pergenti
1557 5423 1621 5461 ex
1647 5410 1799 5464 itine-

204 5488 591 5613 fc'cel‘lcecent”
618 5553 819 5601 natura
838 5544 966 5601 solis
989 5555 1085 5607 est,
1107 5544 1233 5601 Mss.
1262 5557 1315 5601 et
1339 5547 1509 5619 autiq.
1541 5547 1642 5604 Ed.
1665 5564 1795 5606 con-

209 5619 616 5677 tradicentibus.
1598 5680 1599 5683 η

278 5688 571 5757 “Iuram,
614 5690 822 5757 Germ,
853 5689 1019 5748 Corb.
1060 5689 1268 5755 Germ.,
1299 5703 1419 5745 cum
1468 5692 1545 5760 pl.
1578 5692 1793 5765 Norm.,

210 5779 598 5907 Ἶῗῖζῖἶέζ,
628 5850 744 5906 qua:
770 5834 839 5889 ad
886 5833 1186 5891 atumat
1234 5834 1446 5897 virtut,“
1495 5838 1570 5891 tu
1613 5832 1666 5893 οὶ
1706 5838 1792 5892 di-

216 5907 355 5973 figit.

1906 4772 2078 4825 neque
2103 4756 2343 4825 operatio
2385 4754 2702 4820 corrumpit,
2729 4748 2747 4788 ί
2782 4753 2876 4805 sed
2908 4763 3257 4807 excrescente
3287 4753 3489 4822 magni-

1904 4850 2108 4914 tudine,
2131 4849 2256 4903 dum
2291 4850 2439 4900 lavor
2462 4828 2791 4899 laudantiu’m
2825 4843 3084 4913 sequitur.
3108 4853 3269 4914 atque
3298 4859 3327 4898 a
3348 4852 3489 4900 statu

1899 4958 1996 4996 suo
2021 4943 2155 4997 bene
2175 4942 2448 5008 operantis
2468 4939 2706 4993 animum
2735 4937 2946 5003 evertit,
2967 4936 3269 5007 linguarum
3297 4948 3482 4994 ventos

1981 5053 2003 5093 ί
2038 5052 2177 5108 Editi
2207 5052 2317 5106 fere
2344 5062 2555 5116 omnes,
2595 5050 2833 5104 laudibus
2860 5050 3139 5109 inhiamust
3175 5051 3488 5109 lnhmsimus

1908 5129 2036 5182 Mss.
2065 5124 2227 5178 (λοι-ι).
2261 5122 2470 5188 Germ.,
2495 5122 2720 5188 Turon.,
2762 5121 2956 5185 Laud.,
2981 5122 3186 5188 Germ.,
3240 5122 3488 5190 Vindoc.,

1906 5199 2088 5252 Norrn.
2124 5207 2176 5249 ct
2209 5190 2306 5248 Ed.
2341 5190 2692 5264 Palici/£95,
2717 5193 2810 5264 ubi
2837 5190 3048 5264 legitur,
3081 5193 3413 5264 intendimus.

1978 5276 2003 5315 s
2048 5267 2209 5321 Corli.
2241 5265 2401 5320 Germ
2436 5307 2451 5330 ,
2490 5263 2605 5317 Val.
2637 5262 2746 5329 CL,
2777 5258 2991 5318 Ebri'iic.
3018 5304 3032 5325 ,
3074 5261 3162 5318 alii
3204 5258 3388 5318 Norm.
3431 5270 3487 5319 et

1904 5340 2113 5396 Germ..
2148 5354 2239 5391 nec
2269 5338 2407 5404 fama
2438 5336 2736 5389 laudabilis.

1980 5408 2008 5446 ιι
2043 5408 2213 5463 Verba
2247 5409 2672 5481 limc,gnsque_ad
2706 5405 3046 5481 despicienda
3066 5413 3280 5481 fument
3309 5404 3485 5481 inclu-
3545 5469 3555 5481 ν

1907 5478 2253 5545 sive,desunt
2284 5484 2334 5533 in
2360 5475 2833 5545 Germ.,Vindoc.,
2865 5477 3026 5531 Corb.
3056 5475 3242 5531 Germ.
3273 5486 3326 5532 et
3347 5475 3487 5534 Nor-
3530 5490 3535 5495 ·

1900 5568 2048 5606 man.

1981 5624 1995 5662 ί
2027 5623 2238 5686 Norm.,
2277 5621 2366 5675 sed
2394 5628 2707 5676 emeaccnte
2744 5617 3111 5693 magnitudine
3151 5620 3379 5676 calidum
3408 5621 3489 5693 ﬁt-

1914 5710 2024 5760 ιοῖς
2051 5696 2178 5750 olim
2232 5704 2409 5747 tamen
2444 5693 2717 5758 legebatur
2744 5691 2798 5743 in
2840 5691 2976 5745 Utic.
3010 5699 3064 5743 et
3094 5692 3278 5753 Becc..
3307 5700 3367 5756 ut
3401 5691 3489 5748 hic

1908 5769 2125 5837 tegitur.
2159 5766 2214 5820 In
2248 5775 2354 5818 vet.
2383 5764 2479 5816 Ed.
2522 5761 2733 5837 babes:
2762 5763 2852 5815 sed
2891 5774 3261 5820 senescentem
3290 5765 3473 5836 magni

1900 5834 2129 5893 tudinem
2162 5840 2282 5891 dunt
2308 5838 2473 5905 favor.
2492 5874 2506 5889 .
2528 5872 2543 5888 .
2567 5834 2815 5903 sequitur.
