4024 6352
543 394 648 452 223

1753 387 2008 448 SANCTI
2042 383 2377 446 GREGORII
2416 387 2633 449 ιιΑσΝι

3704 398 3815 456 924

543 516 706 573 arbor
731 510 1050 585 pertulit,et
1080 520 1242 567 omne
1267 508 1410 581 quod
1449 508 1506 565 in
1540 521 1606 565 ea
1629 508 1908 566 robustum
1936 520 2125 563 ereve-
2151 504 2204 567 A
2229 516 2417 576 specto
2467 512 2609 566 enim
2665 511 2869 569 honore
2906 479 3202 571 conditoris
3223 557 3241 585 ,
3293 516 3640 589 semetipsum
3690 520 3817 591 plus

546 612 631 666 ra't
661 617 953 680 tempestas
980 608 1137 661 famae
1175 602 1434 660 radicitus
1458 604 1673 661 evulsit.
1703 603 1820 673 Quo
1848 604 1993 660 enim
2042 617 2131 659 ar-

545 702 645 757 bor
671 702 832 755 altius
856 698 921 753 ad
951 697 1233 765 superiora
1261 698 1581 762 surrexerit,
1612 712 1680 752 eo
1706 707 1992 751 ventorum
2019 700 2129 751 vim

544 790 913 848 vehementius
950 789 1136 855 sentit,
1165 790 1291 859 quia
1330 803 1439 860 quo
1477 790 1597 859 plus
1621 790 1846 859 quisque
1874 789 1928 843 in
1972 788 2129 844 bonis

544 886 798 957 operibus
843 884 1125 950 attollitur,
1157 898 1223 938 eo
1252 883 1501 953 ampliori
1551 883 1622 937 ab
1649 897 1747 939 ore
1796 882 2128 938 laudantium

546 983 669 1037 ilatu
697 981 967 1052 fatigatur.
998 980 1058 1037 Si
1082 982 1279 1049 itaque
1300 978 1474 1035 adhuc
1501 978 1664 1034 arbor
1693 980 1747 1033 in
1775 978 1980 1034 semine
2023 986 2128 1048 est,

542 1076 885 1131 metuendum
912 1083 995 1128 est
1024 1090 1091 1127 ne
1119 1073 1233 1142 ipsa
1255 1072 1496 1127 scientiae
1517 1069 1823 1142 cognitione
1853 1069 2127 1139 putrefiat.

542 1166 596 1220 Si
622 1169 732 1233 jatn
776 1166 841 1219 ad
867 1165 1154 1235 virgultum
1183 1164 1400 1231 prodiit,
1429 1164 1724 1218 curandum
1767 1172 1851 1218 est
1894 1178 1961 1218 ne
1995 1164 2133 1219 hanc

542 1273 731 1313 manus
781 1258 1031 1313 elationis
1082 1267 1283 1327 tangat,
1314 1266 1475 1328 atque
1527 1272 1557 1310 a
1603 1257 1870 1312 viriditate
1897 1272 2011 1312 suae
2038 1272 2127 1313 ac-

545 1348 708 1404 tionis
749 1348 1029 1404 arefaciat.
1086 1346 1144 1403 Si
1199 1357 1376 1401 autem
1424 1348 1621 1402 valenti
1664 1348 1858 1403 robore
1893 1347 2005 1419 jam
2063 1348 2130 1403 ad

542 1442 644 1496 alta
685 1457 745 1496 se
798 1442 1061 1507 sublevat,
1096 1440 1255 1495 valde
1292 1440 1690 1495 formidandum
1739 1451 1843 1503 est,
1878 1456 1946 1495 ne
1992 1441 2132 1497 hanc

543 1535 777 1589 admotae
803 1532 972 1588 laudis
995 1542 1187 1587 ventus
1217 1534 1434 1603 gravior
1459 1533 1721 1587 radicitus
1742 1533 1959 1589 evellat.

611 1624 755 1698 (Yet.
789 1623 920 1697 IX.]
953 1625 1116 1696 706
1145 1625 1233 1679 17.
1281 1623 1523 1679 Pericula
1550 1642 1615 1678 ea:
1651 1625 1791 1694 fama
1812 1636 1860 1679 et
1890 1626 2131 1680 Immanis

541 1719 800 1781 laudibus.
817 1718 956 1773 Deus
984 1720 1231 1788 permittit
1256 1720 1449 1787 opponi
1471 1719 1829 1774 detractiones.
1845 1720 2031 1775 -Sed
2050 1720 2133 1774 in-

541 1820 622 1865 ter
653 1812 768 1864 haec
792 1811 1070 1865 sciendum
1101 1811 1322 1880 estquia
1345 1825 1414 1866 ne
1433 1810 1801 1865 immoderatis
1826 1821 1853 1849 ιι
1884 1812 2130 1868 laudibus

2233 614 2417 657 amare
2466 604 2993 678 convincitur,eujus
3024 609 3303 680 praeconiis
3347 612 3573 667 iuuatur.
3616 612 3818 681 Quam-

2232 694 2317 751 vis
2338 711 2716 765 nonnunquam
2764 699 2923 755 etiam
2972 703 3140 757 sancti
3168 702 3263 757 viri
3294 705 3362 758 de
3408 704 3541 759 bona
3573 720 3670 760 sua
3698 706 3818 776 opi-

2234 788 2398 843 nione
2437 790 2736 859 gaudeant;
2776 793 2868 848 sed
2892 807 3015 848 eum
3056 809 3150 862 per
3170 795 3306 851 hanc
3331 797 3397 851 ad
3440 798 3659 853 meliora
3692 814 3819 867 pro-

2241 876 2407 934 licere
2448 881 2725 938 audientes
2773 896 3019 954 pensant,
3057 902 3161 943 non
3200 889 3310 958 jam
3333 890 3403 946 de
3421 890 3673 960 opinione
3694 907 3815 958 sua,
3854 940 3859 961 ξ

2235 969 2331 1024 sed
2357 969 2426 1026 de
2454 973 2817 1043 proximorum
2866 978 3099 1047 gaudent
3118 978 3347 1036 utilitate
3385 983 3505 1051 quia
3553 983 3693 1039 aliud
3732 993 3816 1040 est
3854 980 3861 995 ⁵

2233 1061 2446 1121 favores
2473 1081 2736 1136 quaerere,
2767 1077 2821 1124 et
2870 1070 3014 1126 aliud
3051 1071 3119 1127 de
3159 1074 3485 1142 profectibus
3513 1077 3806 1133 exsultare.

2233 1156 2345 1223 Qua
2368 1158 2418 1212 in
2442 1173 2501 1214 re
2530 1173 2751 1216 necesse
2778 1170 2938 1217 estut
2964 1178 3083 1218 eum
3111 1167 3435 1223 audientium
3466 1169 3677 1225 utilitati
3703 1186 3815 1227 non

2236 1251 2466 1321 proiicit,
2481 1262 2715 1307 mentem
2752 1265 2988 1310 nostram
3014 1256 3150 1312 fama
3180 1259 3459 1314 laudabilis
3483 1268 3589 1316 non
3610 1262 3811 1332 elevet,

2234 1345 2328 1399 sed
2370 1343 2575 1417 fatiget.
2606 1348 2741 1403 Cum
2779 1352 2920 1403 enim
2954 1351 3199 1407 humanae
3236 1353 3433 1423 lingua:
3470 1355 3816 1411 attestatioue

2234 1436 2532 1504 laudamur,
2574 1436 2830 1495 doecuita
2872 1444 3171 1510 pulsatione
3218 1446 3537 1516 requirimur
3574 1445 3701 1517 quid
3744 1446 3816 1503 de

2237 1530 2525 1598 nobisipsis
2566 1533 2883 1589 sentiamus.
2934 1535 3173 1605 Superba
3225 1540 3420 1594 etenim
3459 1553 3610 1594 mens
3648 1540 3815 1595 etiam

2233 1639 2353 1679 cum
2372 1627 2441 1680 de
2457 1640 2517 1681 se
2534 1623 2667 1681 falsa
2694 1629 2829 1683 bona
2852 1630 3103 1685 dicuntur
3120 1633 3373 1698 exsultat,
3396 1636 3517 1706 quia
3546 1651 3654 1691 non
3669 1635 3817 1707 apud

2234 1717 2399 1773 Deum
2441 1719 2673 1789 qualiter
2699 1722 2866 1790 vivat,
2896 1725 2989 1779 sed
3017 1726 3155 1795 apud
3195 1726 3438 1783 homines
3478 1731 3710 1799 qualiter
3733 1729 3818 1785 in-

2235 1819 2495 1877 notescat,
2539 1813 2827 1883 excogitat.
2886 1816 3153 1879 Iudicium
3194 1821 3335 1875 enim
3377 1821 3447 1878 de
3488 1837 3549 1879 se
3573 1825 3817 1895 omnipo-

540 1919 809 1969 eruamur,
835 1904 1151 1973 plerumque
1198 1906 1333 1960 miro
1376 1906 1602 1960 rectoris
1648 1906 1817 1960 nostri
1874 1905 2124 1962 modera-
2152 1898 2202 1960 B
2231 1903 2395 1957 tentis
2420 1903 2518 1957 Dei
2550 1904 2878 1975 despiciens,
2908 1920 2963 1963 et
3001 1911 3336 1967 solummodo
3367 1913 3641 1995 hominum
3669 1932 3814 1986 qua}

540 1999 684 2056 tuine
711 2000 875 2055 etiam
900 2000 1329 2057 detractionibus
1378 2000 1608 2057 lacerari
1658 2003 2038 2069 permittimur.
2072 2012 2132 2059 ut

539 2106 659 2147 cutn
688 2107 786 2148 nos
807 2109 908 2149 vox
940 2095 1208 2150 laudantis
1238 2095 1433 2161 elevat,
1466 2095 1645 2163 lingua
1676 2096 2008 2152 detrahentis
2032 2098 2133 2153 hu-

539 2185 731 2248 miliet,
759 2186 882 2251 quia
926 2195 984 2240 et
1008 2186 1172 2241 arbor
1201 2203 1347 2256 saepe
1375 2205 1495 2258 qua:
1539 2190 1696 2244 unius
1726 2192 1867 2246 renti
1899 2192 2131 2263 impulsu

540 2276 613 2331 ita
635 2277 953 2346 impellitur,
974 2289 1031 2331 ut
1060 2295 1198 2349 pene
1220 2282 1329 2350 jam
1361 2283 1475 2337 erui
1501 2298 1665 2352 posse
1702 2285 1968 2350 videatur,
2004 2287 2129 2342 alte-

541 2368 655 2422 rius
682 2385 712 2424 e
740 2370 955 2424 diverso
978 2372 1246 2425 venientis
1272 2373 1397 2428 flatu
1423 2376 1669 2445 erigitttr,
1694 2376 1751 2431 e't
1784 2392 1905 2444 quae
1936 2377 2037 2431 hac
2065 2393 2134 2434 ex

542 2471 694 2531 parte
721 2462 1072 2518 inflexionem
1108 2466 1349 2533 pertulit,
1379 2468 1447 2521 ab
1493 2469 1597 2523 alia
1628 2469 1695 2525 ad
1745 2478 1941 2526 statum
1970 2472 2130 2527 redit.

542 2554 695 2612 Unde
712 2565 761 2611 et
784 2556 876 2611 illa
907 2557 1070 2612 arbor
1092 2558 1199 2614 alte
1221 2559 1452 2615 radicata
1484 2563 1637 2632 quasi
1682 2563 1821 2617 inter
1840 2564 2134 2620 adversan-

542 2655 623 2702 tes
668 2656 857 2704 ventos
886 2649 992 2704 lixa
1021 2658 1263 2714 steterat,
1297 2666 1417 2720 quae
1458 2653 1673 2709 dicebat
1710 2672 1723 2707 :
1763 2653 1865 2709 Per
1914 2657 2135 2726 gloriam

542 2748 588 2793 et
629 2738 1021 2811 ignobilitatem,
1052 2757 1143 2808 per
1176 2744 1448 2812 infamiam
1485 2753 1532 2799 et
1576 2745 1761 2800 bonam
1809 2747 2004 2816 famam
2035 2747 2135 2820 (ΙΙ

541 2830 662 2886 Cor.
696 2846 772 2900 vr,
800 2830 880 2902 8).
903 2832 1062 2903 Saepe
1084 2835 1226 2890 enim
1254 2837 1369 2889 laus
1400 2835 1538 2891 bene
1578 2840 1786 2907 agentis
1805 2841 2028 2897 auribus
2051 2843 2141 2913 in:

518 2923 779 2979 'solenter
807 2924 1047 2990 admota,
1095 2925 1222 2981 dum
1275 2926 1405 2983 foris
1455 2932 1796 2987 sermonibus
1826 2936 2135 3004 perstrepit,

544 3016 687 3071 intus
729 3017 1016 3087 quamdam
1062 3018 1279 3075 mentib
1311 3037 1407 3090 per
1435 3024 1677 3090 tacitum,
1718 3026 1968 3084 elationis
2007 3038 2139 3087 tent-

523 3112 804 3178 ‘pestatem
834 3111 1039 3180 gignit:
1072 3112 1237 3179 fitque
1267 3124 1326 3168 ut
1366 3117 1487 3181 hoc,
1515 3118 1657 3187 quod
1685 3119 1896 3177 animus
1925 3123 1993 3179 de
2032 3127 2138 3181 hu-

547 3201 719 3257 manis
750 3201 1023 3259 favoribus
1038 3206 1255 3277 gaudet,
1282 3223 1386 3264 non
1416 3208 1574 3266 facile
1600 3216 1840 3270 exterius
1867 3220 2135 3289 ostendat,

2233 2010 2378 2063 rens,
2396 1996 2539 2051 inter
2556 1999 2766 2055 auditas
2786 2002 2970 2058 laudes
2986 2007 3280 2073 extollitur,
3297 2018 3351 2063 et
3371 2024 3491 2079 quae
3508 2009 3610 2065 hoc
3639 2012 3817 2066 solum

2236 2088 2545 2157 quaesierat,
2573 2094 2723 2161 quasi
2745 2092 2814 2149 de
2842 2095 3027 2150 bravio
3050 2100 3229 2167 operis
3252 2100 3482 2158 laetatur.
3508 2104 3577 2157 At
3605 2114 3818 2172 contra,

2222 2181 2277 2235 si
2306 2196 2402 2237 cor
2429 2185 2691 2240 veraciter
2720 2188 2918 2244 humile
2958 2200 3073 2258 est,
3115 2193 3251 2248 bona
3296 2210 3414 2265 qua:
3442 2194 3510 2251 de
3550 2211 3607 2252 se
3645 2199 3819 2267 audit,

2236 2287 2327 2331 aut
2365 2277 2583 2337 minime
2610 2285 2978 2349 recognoscit,
3006 2295 3060 2341 et
3097 2289 3221 2356 quia
3247 2288 3376 2344 falsa
3416 2289 3667 2346 dicuntur
3698 2307 3817 2346 me-

2236 2371 2369 2435 tuit;
2409 2381 2499 2425 aut
2528 2382 2676 2428 certe
2714 2374 2758 2428 si
2797 2376 2989 2431 adesse
3041 2391 3103 2432 ea
3148 2378 3249 2433 sibi
3298 2381 3559 2436 veraciter
3595 2384 3718 2449 scit,
3753 2397 3822 2443 eo

2212 2464 2353 2533 ipso
2390 2461 2640 2519 formidat
2680 2481 2748 2521 ne
2785 2468 2853 2521 ab
2891 2477 3091 2524 aeterna
3152 2471 3245 2526 Dei
3301 2473 3654 2530 retributione
3712 2478 3824 2532 sint

2236 2556 2474 2624 perdita,
2515 2573 2622 2628 quo
2665 2559 2777 2614 haec
2827 2562 3132 2617 considerat
3182 2564 3485 2620 hominibus
3521 2566 3824 2639 divulgata,

2237 2647 2399 2718 707
2423 2660 2682 2719 pavetque
2713 2652 3059 2708 vehementer
3078 2671 3146 2711 ne
3169 2670 3295 2726 Spes
3320 2658 3483 2714 futuri
3508 2664 3748 2718 muneris
3770 2665 3825 2721 in

2238 2740 2540 2796 mercedem
2572 2754 2906 2811 permutetur
2933 2749 3227 2805 transitorii
3261 2750 3478 2808 favoris.

2250 2858 2253 2859 '
2310 2844 2398 2899 19.
2430 2845 2615 2901 Sancti
2642 2849 2750 2902 suis
2778 2852 3019 2907 laudibus
3063 2856 3383 2911 cruciantur.
3411 2888 3484 2901 —
3507 2859 3623 2928 Qua
3661 2876 3732 2917 ex
3763 2877 3828 2918 re

2240 2935 2412 3004 agitur
2437 2947 2494 2992 ut
2531 2939 2823 2996 electorum
2861 2944 3075 3001 animus
3104 2961 3296 3018 magno
3343 2950 3558 3007 laudum
3598 2968 3820 3011 suarum

2239 3026 2362 3111 igne
2390 3031 2681 3099 crucietur,
2715 3044 2874 3103 atque
2900 3037 2967 3089 ab
3009 3040 3153 3092 omni
3186 3043 3420 3109 torporis
3457 3044 3538 3099 sui
3573 3048 3826 3118 rubigine

2240 3137 2471 3178 maerore
2500 3126 2835 3195 cogitationis
2856 3141 3202 3199 excoquatur.
3233 3134 3396 3190 Cauta
3419 3138 3557 3192 enim
3577 3141 3830 3198 conside-

2241 3217 2450 3274 ratione
2472 3221 2721 3289 trepidat,
2746 3238 2812 3278 ne
2823 3234 2914 3278 aut
2934 3225 3000 3279 de
3014 3225 3096 3281 his
3116 3227 3169 3281 in
3183 3230 3373 3299 quibus
3387 3231 3628 3290 laudatur
3643 3244 3699 3291 et
3719 3252 3830 3295 non

549 3292 647 3347 sed
694 3304 874 3349 tamen
923 3298 1287 3367 corruptionis
1326 3300 1433 3356 vim
1487 3318 1599 3359 non
1645 3308 1878 3364 tenuiter
1916 3280 2140 3369 interius
2168 3280 2213 3346 Ο
2243 3320 2368 3364 ειιηι
2397 3314 2567 3380 majus
2600 3314 2690 3367 Diti
2731 3315 2986 3383 judicium
3019 3280 3275 3386 inveniat.
3315 3332 3408 3378 aut
3434 3326 3501 3380 de
3531 3328 3613 3383 his
3637 3328 3689 3383 in
3710 3332 3831 3400 qui-

551 3384 767 3440 sentiat.
792 3386 855 3440 Et
878 3396 1005 3441 sunt
1026 3389 1270 3445 nonnulli
1294 3407 1429 3461 quos
1458 3394 1528 3448 ita
1553 3396 1665 3451 laus
1696 3397 1943 3463 inilat,ut
1972 3417 2140 3472 usque

551 3478 618 3533 ad
640 3479 804 3534 verba
833 3479 1084 3536 elationis
1137 3484 1431 3553 pertrahat.
1464 3487 1691 3555 Quidam
1735 3505 1882 3560 vero,
1915 3502 1976 3548 ut
2003 3510 2143 3569 prm-

550 3571 807 3640 diximus,
839 3574 943 3631 hoc
967 3577 1141 3647 ipsum
1190 3580 1493 3651 patefacere
1530 3586 1671 3655 quod
1700 3587 1981 3644 elevantur
2018 3607 2143 3648 eru-

550 3663 799 3734 bescunt,
832 3676 994 3740 atque
1036 3671 1232 3727 auditis
1287 3675 1401 3729 suis
1439 3679 1733 3746 praeconiis
1775 3684 2135 3758 extolluntur;

551 3760 647 3815 sed
672 3770 852 3818 tamen
882 3776 1049 3832 usque
1086 3764 1154 3820 ad
1200 3766 1450 3823 elationis
1479 3772 1642 3827 verba
1694 3789 1797 3828 non
1837 3787 2058 3845 exeunt,
2087 3791 2142 3836 et

551 3853 788 3922 gaudere
817 3870 878 3911 se
909 3856 961 3910 io
1016 3858 1212 3913 talibus
1241 3875 1348 3915 non
1401 3864 1715 3922 ostendunt.
1751 3868 1905 3925 Unde
1952 3872 2143 3930 beatus

553 3945 676 4016 Job,
703 3949 829 4018 quia
872 3961 1097 4006 noverat
1141 3965 1484 4025 arrogantem
1516 3974 1575 4014 se
1614 3975 1719 4015 non
1773 3964 1947 4020 solum
1994 3968 2142 4025 nullo

552 4040 713 4095 modo
757 4041 809 4095 in
847 4043 1068 4107 verbis,
1116 4046 1212 4101 sed
1258 4048 1420 4103 etiam
1462 4050 1514 4104 in
1558 4054 1883 4122 cogitatione
1929 4073 2142 4129 quoque

553 4132 714 4186 tacita
750 4133 971 4189 minime
1001 4136 1184 4203 fuisse,
1236 4148 1515 4209 postquam
1546 4142 1683 4199 dixit
1712 4162 1729 4201 :
1755 4146 1818 4201 Si
1844 4149 1950 4203 vidi
1981 4155 2142 4209 solem

549 4240 666 4279 cum
692 4224 928 4297 fulgeret,
954 4237 1003 4283 et
1025 4230 1199 4285 lunam
1227 4232 1543 4289 incedentem
1586 4238 1743 4307 clare,
1784 4241 1929 4299 illico
1953 4245 2139 4303 subdi-

549 4316 667 4374 dit:

1131 4414 1359 4473 CAPUT
1410 4418 1545 4475 Vlll.

620 4499 786 4559 Vsus.
825 4502 918 4560 27.
943 4536 1011 4550 --
1024 4503 1092 4559 Et
1110 4508 1342 4563 (relatum
1359 4522 1430 4566 est
1457 4514 1512 4567 in
1524 4514 1821 4574 abscondito
1844 4535 1933 4575 cor
1946 4538 2135 4580 meum.

618 4594 707 4650 18.
742 4594 819 4651 De
845 4597 954 4653 suis
999 4599 1243 4656 laudibus
1293 4604 1373 4658 vel
1416 4608 1567 4661 tacite
1613 4609 1783 4666 (talari
1809 4615 2035 4670 vetitum.
2065 4648 2137 4659 —

544 4683 656 4753 Qua
688 4688 937 4746 videlicet
973 4694 1314 4749 attestatione
1360 4698 1493 4767 quid
1541 4700 1697 4756 nobis
1742 4701 2000 4776 inanitur,
2034 4709 2137 4766 nisi

543 4780 685 4849 quod
717 4797 911 4853 magno
940 4796 1083 4840 metu
1114 4796 1170 4841 et
1211 4788 1705 4859 circumspectione
1751 4812 1885 4867 opus
1920 4810 2023 4869 est,
2068 4819 2137 4861 ne

544 4887 700 4929 mens
730 4886 913 4931 nostra
951 4893 1183 4950 unquam
1217 4880 1287 4936 de
1333 4883 1444 4938 suis
1476 4885 1722 4942 laudibus
1751 4891 1833 4945 vel
1863 4894 2020 4947 tacita
2048 4896 2137 4951 lae-

543 4970 726 5024 tetur?
753 4968 1010 5042 Quisquis
1049 4974 1194 5029 enim
1221 4985 1243 5013 ο
1269 4977 1425 5045 (μιηεί
1466 4978 1763 5037 claritatem
1810 4983 1949 5039 lunae
1979 4987 2134 5045 fama;

543 5077 658 5118 suae
676 5062 1100 5133 magnitudinem
1123 5067 1406 5137 conspicit,
1421 5070 1630 5142 sibique
1659 5075 1709 5129 in
1742 5077 1956 5133 occulto
1984 5096 2135 5137 men-

543 5154 611 5209 tis
640 5153 892 5226 gaudium
923 5155 1071 5223 facit,
1108 5158 1197 5213 eui
1238 5160 1340 5217 iste
1369 5162 1471 5218 nisi
1517 5169 1723 5222 auctori
1770 5184 1830 5223 se
1871 5175 2133 5244 praetulit,

542 5245 696 5315 cujus
724 5244 867 5303 dono
905 5255 965 5302 ut
990 5246 1129 5305 bene
1185 5262 1506 5321 operaretur
1552 5260 1810 5326 percepit,
1844 5270 1902 5317 et
1955 5273 2134 5324 tamen

541 5335 594 5391 in
614 5335 732 5408 ejus
759 5353 983 5396 munere
1012 5339 1082 5398 de
1106 5344 1277 5413 gratia
1312 5360 1424 5401 suae
1465 5345 1639 5404 laudis
1672 5349 1995 5411 hilarescit?
2024 5359 2131 5416 De-

611 5480 644 5553 fi.
668 5470 1044 5553 Proerttamur
1071 5475 1126 5531 in
1179 5477 1278 5534 Ed.
1324 5478 1518 5550 legitur
1546 5482 1824 5553 erigamur.
1875 5487 2128 5550 Fortasse

538 5543 868 5619 antiquarios
910 5562 1097 5616 parum
1120 5562 1340 5617 gnarus,
1373 5543 1494 5604 cum
1527 5543 1738 5619 putaret
1760 5558 1923 5612 verbo
1952 5543 2128 5619 5&2};

450 5660 451 5663 η
541 5611 826 5705 significari
869 5611 1070 5705 tantum
1107 5611 1573 5705 eripereétuutazit
1612 5640 1851 5705 eruam_ur
1955 5611 2130 5705 eripit:

538 5699 673 5768 mur.
685 5684 1007 5768 "Primum"
1024 5684 1301 5768 legiturin
1316 5689 1456 5768 Alias.
1496 5692 1700 5750 Turon.
1715 5736 1732 5761 ,
1777 5684 1977 5768 Laud.,
1989 5684 2126 5763 Val.

537 5754 931 5882 ὦίὖιάὸθη
963 5754 1173 5829 North,
1204 5761 1371 5818 duob.
1395 5754 1797 5836 Sangermq'id
1827 5754 2122 5834 «reciis;

536 5835 592 5879 οι
624 5835 791 5881 UOH).
814 5835 883 5881 (ἱ.

612 5895 640 5935 ι»
675 5895 751 5952 ita
777 5898 886 5954 duo
913 5895 1444 5974 Sangorm..Nor‘m.,
1463 5904 1780 5977 Laud.,Val.
1807 5910 1890 5971 Ci.
1920 5923 1977 5972 et
2016 5918 2131 5991 ph,

2245 3402 2598 3459 bnslaudatur
2617 3417 2670 3463 et
2686 3418 2808 3463 sunt
2822 3421 3132 3481 competens
3148 3418 3423 3484 prtemium
3444 3422 3646 3489 perdat.
3676 3424 3832 3484 Unde

2246 3500 2559 3569 plerumque
2590 3504 2648 3558 tit
2687 3514 2744 3559 ut
2777 3506 2912 3560 sicut
2943 3508 3169 3577 injustus
3197 3526 3261 3566 ex
3301 3512 3457 3567 laude
3497 3530 3590 3570 sua
3636 3518 3828 3590 pollui-

2246 3605 2351 3664 tur,
2377 3596 2450 3650 ita
2497 3597 2577 3651 vir
2612 3599 2787 3666 justus
2832 3601 3011 3655 audita
3068 3618 3164 3658 sua
3200 3604 3358 3660 laude
3389 3618 3660 3679 purgetur.
3695 3611 3826 3669 Nam

2244 3688 2369 3743 dum
2392 3687 2531 3744 bona
2569 3704 2689 3760 quae
2720 3693 2828 3762 egit
2856 3693 2924 3746 ab
2945 3696 3250 3753 hominibus
3273 3699 3497 3767 proferri
3525 3707 3824 3772 e0gnoscit,

2244 3780 2440 3837 subtile
2479 3794 2665 3840 contra
2692 3800 2772 3852 se,
2800 3798 2857 3842 ut
2876 3787 3077 3843 dictum
3105 3802 3207 3859 est,
3236 3797 3461 3851 extremi
3488 3797 3673 3867 judieii
3703 3816 3829 3855 exa-

2246 3887 2368 3926 men
2396 3877 2605 3941 metuit,
2638 3892 2702 3931 ac
2726 3880 2964 3949 trepidus
2992 3883 3056 3937 ad
3084 3886 3465 3942 conscientiam
3500 3894 3752 3956 recurrit,
3777 3902 3829 3952 et

2244 3963 2498 4033 quidquid
2522 3966 2631 4021 illic
2647 3968 2784 4023 inest
2813 3973 3237 4039 reprehensibile
3257 3980 3495 4048 corrigit.
3522 3982 3653 4036 Dum
3683 3984 3828 4043 enim

2250 4054 2387 4108 bona
2420 4070 2515 4110 sua
2548 4057 2846 4117 innotuisse
2892 4061 3163 4131 formidat,
3198 4068 3547 4127 subtilitatem
3593 4076 3830 4135 secuturi

2172 4210 2177 4215 η
2243 4149 2507 4204 examinis
2561 4153 2965 4220 pertimescens,
2997 4158 3043 4211 si
3086 4173 3189 4226 qua
3244 4160 3295 4215 in
3344 4177 3404 4217 se
3452 4165 3585 4219 mala
3616 4169 3831 4226 occulta

2243 4252 2370 4297 sunt
2397 4253 2655 4313 amputat.
2690 4246 2856 4302 Pavet
2883 4263 3114 4319 namque
3137 4250 3183 4305 si
3211 4253 3400 4308 saltem
3430 4254 3549 4310 talis
3581 4257 3694 4313 Deo
3723 4274 3832 4320 non

2242 4338 2544 4392 ostenditur
2592 4341 2766 4408 qualis
2804 4340 2872 4395 ab
2924 4341 3228 4399 hominibus
3282 4355 3517 4415 putatur,
3547 4359 3602 4404 et
3656 4366 3832 4420 neque

2242 4438 2526 4486 contentus
2550 4442 2633 4486 est
2677 4433 2811 4487 utin
2843 4450 2948 4503 quo
2980 4436 3147 4504 potuit
3195 4436 3563 4508 innotescere,
3618 4442 3672 4496 in
3727 4444 3832 4502 hoc

2242 4524 2436 4579 debeat
2457 4541 2757 4582 remanere.
2788 4527 2904 4583 Jam
2923 4532 3065 4585 enim
3089 4532 3156 4586 de
3177 4531 3329 4587 bonis
3355 4536 3465 4589 suis
3488 4536 3639 4605 quasi
3669 4539 3834 4594 retri-

2160 4647 2215 4710 Β
2247 4616 2519 4674 butionem
2551 4621 2649 4675 sibi
2680 4623 2868 4677 factam
2901 4626 3151 4691 aestimat,
3184 4627 3285 4681 nisi
3313 4629 3465 4683 eiset
3488 4629 3588 4682 alia
3617 4646 3739 4699 qum
3762 4633 3835 4687 ab

2249 4711 2554 4768 hominibus
2586 4720 2899 4773 neseiuntur
2921 4720 3192 4789 adiungat.
3217 4721 3370 4793 Unde
3394 4724 3529 4779 bene
3557 4741 3649 4794 per
3675 4727 3834 4782 Salo-

2244 4819 2454 4861 monem
2484 4807 2677 4863 dicitur
2708 4827 2723 4862 ε
2758 4810 2910 4866 Sicut
2939 4812 3185 4882 probatur
3232 4816 3285 4868 in
3316 4819 3621 4886 conﬂatorio
3646 4835 3835 4891 argen~

2245 4909 2371 4963 tum,
2401 4908 2447 4952 et
2476 4901 2531 4953 in
2572 4903 2781 4971 fornace
2800 4919 3003 4969 aurum,
3037 4906 3111 4959 ita
3141 4908 3387 4974 probatur
3413 4910 3565 4965 homo
3594 4928 3682 4966 ore
3710 4914 3835 4967 lau-

2210 5047 2214 5051 ,
2243 4994 2415 5047 daulis
2446 4992 2626 5060 (Prov.
2660 4994 2953 5066 xxvn,2i).
2974 4988 3269 5068 Argentum
3298 5004 3493 5071 quippe
3510 5006 3592 5059 vel
3614 5020 3829 5075 aurum,

2242 5085 2286 5138 si
2302 5085 2588 5153 reprohum
2602 5095 2703 5151 est,
2720 5086 2839 5157 igne
2859 5092 3211 5157 consumitur;
3230 5095 3273 5148 si
3294 5095 3519 5163 probum
3536 5112 3685 5161 vero,
3704 5099 3834 5168 igne

2244 5176 2568 5231 declaratur.
2592 5177 2679 5234 Sic
2704 5179 2954 5235 nimirum
2982 5192 3066 5237 est
3085 5194 3138 5238 et
3158 5200 3348 5241 sensus
3373 5190 3666 5255 operantis.
3693 5189 3830 5244 Nam

2242 5268 2414 5337 qualis
2443 5272 2537 5337 sit,
2570 5272 2625 5325 in
2652 5286 2717 5327 eo
2746 5272 2885 5342 quod
2929 5274 3176 5331 laudatur
3204 5280 3523 5335 ostenditur.
3575 5282 3632 5338 Si
3677 5283 3828 5340 enim

2243 5377 2302 5418 se
2331 5364 2530 5419 auditis
2553 5367 2668 5421 suis
2700 5366 2951 5423 laudibus
2966 5372 3343 5469 extollit.quid
3372 5376 3473 5432 iste
3493 5376 3635 5431 aliud
3664 5394 3831 5449 quam

2231 5502 2297 5586 ad
2323 5516 2459 5585 quos
2487 5504 2714 5586 accedit.
2749 5503 2848 5558 Ed.
2881 5505 3051 5562 Paris.
3080 5506 3233 5586 l.l_95,
3268 5510 3318 5562 in
3346 5524 3447 5586 qua
3482 5511 3696 5583 legitur,
3726 5530 3823 5586 per

2232 5575 2443 5657 tacitam
2472 5575 2708 5656 elationis
2738 5587 3103 5646 tempestatem.
3139 5580 3190 5632 In
3221 5575 3432 5657 caeteris
3461 5575 3662 5639 omisso
3683 5575 3691 5578 ⁷
3709 5575 3823 5657 per,

2233 5644 2446 5723 legitur,
2478 5647 2715 5723 incitant.
2737 5688 2751 5723 τ
2776 5685 2791 5701 .
2812 5644 3158 5723 tempestatem
3183 5652 3367 5723 gignit.

2307 5724 2331 5790 ς
2362 5715 2542 5790 ΞΛΜ.
2573 5727 2628 5773 et
2661 5717 2774 5772 Val.
2799 5715 3082 5790 (ληψιαεί
3102 5715 3334 5778 claritate
3356 5723 3512 5781 luna.

2302 5782 2331 5871 ᾖ
2361 5786 2588 5872 ςΓιιτοςιη
2614 5793 2813 5872 occulta
2837 5782 3236 5872 dispensatione.
3266 5792 3329 5851 In
3374 5798 3583 5856 Gemet.
3610 5813 3713 5872 pro
3738 5816 3826 5858 rc-

2232 5858 2488 5928 quirimur
2513 5861 2631 5933 lego
2658 5863 2982 5932 requirimus.
