4066 6348
309 367 414 424 2εὲ

1038 357 1040 362 ’
1077 349 1438 413 HORALIUH
1474 349 1604 406 LIB.
1646 347 1812 404 XXII.
1859 361 1926 389 -δ
1963 341 2032 400 ΙΝ
2081 337 2311 399 CAPUT
2347 335 2521 394 XXXI
2559 348 2619 392 υ.
2661 334 2799 392 .IOB.

3471 334 3579 390 226

311 493 504 536 aurum
535 477 625 532 vel
653 479 931 545 argentum
961 471 1250 541 reprobum
1279 469 1410 534 fuit,
1445 481 1604 537 quem
1641 463 1896 520 videlicet
1921 465 1977 526 Α
2007 471 2134 512 num
2165 469 2314 510 suam
2341 467 2438 508 ore
2465 466 2563 545 suo
2577 544 2586 545 ἡ
2602 449 2901 507 osculatam
2930 447 3097 504 fuisse
3123 461 3185 504 se
3211 447 3459 517 denegat.
3505 449 3584 504 Ac

316 575 503 629 [οι-νει
552 570 749 639 linguae
777 562 1150 634 consumpsit?
1178 563 1234 618 Si
1286 557 1718 616 autemfavores
1771 570 1897 611 suos

313 668 562 732 audiens,
584 664 654 718 ad
684 660 904 732 superni
924 658 1114 730 judicii
1137 654 1622 714 considerationem
1645 650 1808 718 redit,
1835 663 1900 704 ac

318 780 384 818 ne
411 763 479 817 de
503 762 588 815 liis
610 757 749 829 apud
777 766 804 794 ι
835 754 1104 812 occultum
1132 752 1402 815 arbitrum.
1415 757 1665 820 gravetur
1690 745 1898 809 metuit,

317 855 469 927 quasi
508 850 912 924 expurgationis
940 848 1061 918 igne
1089 849 1154 902 ad
1185 844 1606 916 magnitudinem
1643 840 1903 896 claritatis

317 945 600 1009 excrescit,
631 955 686 999 et
714 943 856 998 unde
890 939 1194 996 incendium
1226 935 1596 1004 trepidationis
1639 931 1896 997 sustinet,

322 1039 446 1094 inde
488 1038 688 1093 clarius
725 1035 914 1106 fulget.
943 1035 1139 1089 Beatus
1169 1031 1328 1101 igitur
1369 1029 1496 1095 Job,
1526 1027 1652 1098 quia
1700 1039 1903 1095 nequa-

322 1146 482 1202 quam
515 1131 584 1185 de
613 1128 924 1197 operatione
952 1139 1013 1180 se
1045 1123 1312 1193 praetulit,
1359 1120 1587 1174 fidenter
1623 1115 1752 1172 dicit
1784 1133 1796 1167 :
1844 1113 1908 1170 Si

323 1226 427 1281 ridi
467 1225 626 1279 solem
654 1237 770 1275 cum
797 1221 1034 1289 fulgeret.
1075 1217 1206 1283 Quia
1248 1229 1376 1270 vero
1415 1213 1554 1266 hunc
1583 1209 1610 1248 δ
1649 1225 1681 1265 a
1720 1206 1906 1278 judicii

328 1317 604 1372 interioris
631 1315 824 1371 intuitu
848 1314 986 1366 fama
1011 1309 1294 1365 laudabilis
1332 1323 1436 1362 non
1464 1303 1907 1374 divertit,adjun-

327 1408 406 1478 git
432 1424 448 1460 :
475 1405 544 1460 Et
568 1408 742 1460 lunam
772 1404 1087 1458 incedentem
1135 1401 1289 1454 clare.
1327 1400 1459 1466 Quia
1489 1410 1667 1452 autem
1703 1396 1910 1466 opinio-

330 1500 413 1555 nis
441 1514 555 1554 sua:
576 1497 748 1568 gratia
771 1495 1009 1550 animum
1032 1493 1376 1559 devinci,nec
1403 1490 1559 1544 tacita
1592 1490 1912 1558 cogitatione

331 1589 607 1660 permisit,
651 1587 892 1657 protinus
935 1584 1188 1649 subdidit
1222 1601 1234 1635 :
1287 1581 1354 1635 Et
1387 1583 1431 1635 si
1481 1581 1708 1634 ltetatum
1746 1588 1818 1634 est
1859 1579 1914 1632 in

331 1681 626 1735 abscondito
675 1695 761 1733 cor
795 1694 982 1732 meum.
1010 1678 1030 1748 [
1060 1675 1166 1731 νει.
1201 1674 1312 1747 Χ.]
1343 1675 1409 1729 Ει
1435 1675 1560 1744 quia
1608 1675 1917 1742 plerumque

333 1771 727 1825 inconsiderata
757 1784 930 1835 mens,
979 1769 1103 1823 dum
1136 1767 1439 1821 transitorio
1483 1766 1651 1820 favori
1682 1781 1788 1821 non
1835 1780 1920 1820 re-

2001 549 2049 605 εἰ
2080 556 2326 618 patenter
2348 546 2490 601 dicat
2514 563 2527 597 :
2551 544 2665 618 Ego
2697 557 2814 599 mea
2844 557 3011 612 opera
3043 551 3296 613 tanquam
3331 556 3448 598 mea
3475 557 3585 597 non

2004 638 2246 709 profero,
2281 638 2405 708 quia
2434 635 2667 690 auctoris
2697 633 2781 689 sui
2821 633 3277 705 gratiamnegare
3320 632 3589 690 convinci-

2005 740 2110 800 tur,
2142 729 2383 801 quisquis
2404 727 2507 784 sibl
2534 726 2721 784 tribuit
2740 726 2884 798 quod
2909 736 3181 797 operatur.
3211 725 3365 784 Unde
3385 735 3440 784 et
3465 739 3590 798 pro-

2006 828 2151 884 tinus
2167 825 2352 882 subdit
2380 842 2392 877 :

2632 914 2857 972 CAPUT
2895 914 2964 971 Χ.

2079 1035 2243 1090 Vens.
2266 1032 2358 1088 28.
2385 1031 2601 1098 -ριιω
2628 1040 2702 1085 est
2731 1029 2976 1100 iniquitas
3015 1030 3264 1099 maxima,
3305 1039 3355 1088 et
3390 1031 3591 1106 negatio

2009 1125 2192 1183 contra
2219 1126 2386 1181 Deum
2415 1125 2743 1180 altissimum.

2082 1223 2171 1277 21.
2209 1221 2372 1278 Deum
2394 1229 2542 1291 negat
2567 1219 2655 1286 qui
2681 1219 2744 1274 de
2768 1218 2956 1274 viribus
2976 1219 3083 1273 suis
3107 1219 3384 1290 prtesumit.
3415 1248 3486 1259 —
3511 1218 3601 1274 Li-

2010 1323 2140 1384 quet
2165 1313 2362 1368 etenim
2403 1312 2527 1380 quia
2553 1311 2702 1366 illum
2731 1321 2909 1382 negat,
2940 1311 3098 1381 cujus
3125 1311 3377 1380 despecta
3404 1311 3598 1382 gratia,

2011 1404 2113 1460 sibi
2131 1405 2274 1459 vires
2303 1403 2431 1458 boni
2468 1401 2648 1472 operis
2676 1414 2913 1473 arrogat.
2941 1402 3094 1470 Quod
3124 1414 3272 1458 recte
3311 1417 3522 1473 quoque
3549 1410 3606 1458 et

2015 1495 2269 1564 iniquitas
2298 1493 2536 1550 maxima
2571 1502 2812 1558 vocatur,
2844 1494 3097 1564 quoniam
3121 1509 3284 1551 omne
3326 1505 3604 1566 peccatum

2017 1589 2160 1658 quod
2187 1604 2255 1643 ex
2279 1586 2590 1642 infirmitate
2606 1597 2690 1642 est
2710 1601 2861 1656 spem
2889 1601 3224 1657 nequaquam
3254 1586 3452 1656 perdit,
3482 1587 3606 1658 quia

2017 1694 2049 1734 a
2077 1694 2312 1750 superno
2329 1679 2510 1749 judice
2530 1679 2742 1732 veniam
2770 1678 3014 1749 requirit.
3049 1679 3408 1749 Prtesumptio
3428 1687 3606 1734 autem

2024 1773 2236 1827 virtutis
2273 1771 2502 1840 propriae
2543 1779 2692 1824 tanto
2736 1770 2952 1841 gravius
3004 1770 3058 1825 in
3101 1771 3476 1840 desperatione
3502 1777 3606 1840 est,

334 1864 558 1928 nititur,
615 1862 680 1916 ad
727 1861 827 1916 hoc
868 1876 1036 1930 usque
1077 1857 1421 1928 pertrahitur,
1477 1867 1534 1912 ut
1583 1857 1762 1911 laudet
1798 1856 1915 1926 ipsa
1946 1849 2223 1935 Bquamo
2254 1863 2466 1934 longius
2488 1861 2555 1916 ab
2575 1861 2897 1916 humilitate.
2917 1859 3163 1932 Cumque
3199 1860 3340 1916 vires
3357 1861 3470 1917 'sibi
3519 1861 3614 1917 u-i.

335 1955 477 2024 quod
508 1953 658 2020 facit,
687 1951 982 2009 conditioni
1027 1967 1144 2023 qua:
1185 1951 1459 2020 prtemissa
1490 1960 1573 2006 est
1607 1950 1761 2021 quasi
1788 1964 1918 2006 con-

336 2064 468 2118 grue
497 2049 827 2104 subinlertur
854 2063 869 2101 :

952 2116 1178 2173 CAPUT
1216 2117 1307 2171 ιχ.

412 2214 630 2273 lmn.—
656 2211 720 2268 Et
759 2212 1024 2268 osculatus
1068 2230 1182 2266 sum
1225 2229 1432 2266 "ianum
1472 2228 1636 2267 meam
1679 2196 1922 2266 ore'meo.

411 2305 501 2361 20.
540 2307 668 2373 Deo,
703 2323 803 2361 non
851 2307 972 2372 sibi,
1000 2323 1094 2359 sua
1122 2306 1253 2360 bona
1277 2321 1433 2376 opera
1461 2307 1707 2360 tribuunt.
1746 2303 1927 2358 Gratia

343 2405 672 2475 prteveniens.
699 2433 760 2443 —
793 2403 893 2458 Per
921 2417 1134 2455 manum
1176 2403 1368 2470 quippe
1415 2401 1679 2470 operatio,
1724 2414 1820 2469 per
1867 2413 1928 2454 os

345 2509 524 2553 autem
552 2497 750 2552 locutio
781 2498 1123 2566 designatur;
1151 2497 1288 2551 sicut
1317 2511 1409 2563 per
1433 2495 1772 2550 Salomonem
1796 2492 1932 2548 dici-

346 2601 427 2646 tur
471 2610 484 2646 :
514 2591 788 2646 Abscondit
819 2592 960 2660 piger
991 2606 1195 2642 manum
1217 2605 1360 2642 suam
1385 2599 1407 2625 ο
1430 2589 1524 2642 sub
1551 2588 1712 2642 axilla
1738 2604 1852 2652 sua,
1884 2597 1934 2641 et

349 2683 551 2736 laborat
581 2683 626 2736 si
655 2683 721 2735 ad
763 2698 819 2735 os
851 2698 998 2734 suum
1037 2684 1270 2752 porrigat
1300 2697 1410 2735 eam
1454 2685 1473 2751 ί
1484 2681 1637 2733 Prov.
1666 2695 1784 2746 xxx,
1814 2679 1932 2751 24).

349 2776 508 2846 Pigro
537 2777 686 2831 labor
725 2784 810 2830 est
860 2792 1074 2830 manum
1110 2791 1258 2829 suam
1303 2777 1368 2829 ad
1396 2790 1458 2830 os
1487 2775 1779 2844 porrigere,
1811 2775 1935 2845 quia

351 2867 657 2922 desidiosus
687 2868 919 2937 quisque
969 2868 1290 2937 praedicator
1320 2882 1420 2922 nec
1454 2870 1554 2922 hoc
1581 2867 1695 2923 vult
1726 2867 1939 2937 Operari

353 2965 497 3032 quod
526 2963 678 3017 dicit.
708 2962 923 3018 Manum
973 2967 1171 3033 quippe
1214 2963 1278 3017 ad
1310 2979 1369 3018 os
1398 2966 1674 3035 porrigere
1711 2974 1795 3019 est
1819 2963 1942 3020 voci

355 3069 467 3110 sure
490 3071 652 3125 opere
676 3057 1028 3112 concordare.
1062 3058 1278 3112 Manum
1310 3073 1457 3132 ergo
1484 3073 1635 3112 suam
1668 3059 1944 3114 osculatur

357 3165 454 3203 ore
483 3164 602 3212 suo,
627 3149 717 3219 qui
744 3150 922 3204 laudat
956 3151 1095 3220 quod
1128 3151 1274 3218 facit,
1295 3163 1350 3205 et
1381 3151 1687 3206 testimonio
1717 3157 1946 3223 propria:

2021 1955 2134 2010 buit
2173 1955 2371 2024 operis,
2417 1954 2482 2008 ad
2521 1953 2848 2022 adjutorium
2898 1967 3007 2007 non
3064 1952 3294 2008 recurrit
3342 1954 3612 2020 auctoris;

2022 2047 2189 2116 ﬁtque
2233 2056 2292 2100 ut
2321 2060 2386 2101 eo
2414 2044 2630 2115 gravius
2659 2050 2912 2114 peccator
2959 2052 3162 2113 pereat,
3189 2059 3297 2114 quo
3339 2053 3395 2100 et
3437 2045 3613 2117 ipsum

2023 2136 2148 2204 hoc,
2182 2137 2306 2206 quia
2332 2146 2415 2192 est
2442 2147 2718 2206 peccator,
2747 2136 2975 2207 ignorat.
3010 2135 3304 2206 Sequitur:

2455 2268 2682 2328 CAPUT
2721 2269 2793 2325 XI
2822 2269 2972 2343 [Itec.
3004 2269 3079 2325 Vl
3097 2267 3128 2340 ξ.

2109 2384 2565 2443 Vuns.29.—Si
2608 2385 2810 2456 gavisus
2850 2402 2967 2440 sum
3017 2399 3084 2440 aa
3128 2401 3336 2442 ruinam
3373 2390 3484 2459 ejus
3530 2389 3622 2461 qui

2033 2498 2112 2537 me
2136 2480 2337 2547 oderat,
2358 2492 2405 2534 et
2433 2478 2688 2534 exsultavi
2714 2479 2854 2548 quod
2894 2479 3168 2534 inuenisset
3194 2495 3307 2534 eum
3336 2482 3556 2535 malum.

2105 2573 2196 2628 ‘22.
2221 2573 2318 2629 Dei
2340 2573 2623 2642 discipulos
2648 2588 2740 2627 nos
2766 2572 2894 2643 facit
2936 2573 3047 2627 sola
3073 2575 3318 2629 charitas.
3349 2573 3627 2630 Charitatis

2038 2677 2338 2738 argumenta
2385 2677 2436 2722 et
2476 2667 2646 2738 signa.
2671 2695 2742 2706 ——
2771 2666 3164 2736 Omnipotentis
3211 2667 3307 2724 Dei
3360 2683 3466 2724 nos
3509 2684 3630 2728 esse

2039 2759 2358 2831 discipulos,
2383 2761 2497 2814 sola
2528 2758 2772 2814 custodia
2809 2760 3086 2815 citaritatis
3133 2760 3342 2831 probat.
3372 2761 3507 2818 Hinc
3549 2771 3635 2818 est

2046 2851 2191 2907 enim
2219 2853 2363 2922 quod
2393 2867 2489 2921 per
2519 2852 2861 2922 semetipsum
2899 2852 3105 2908 Veritas
3126 2853 3256 2908 dicit
3282 2871 3296 2908 :
3330 2853 3398 2908 In
3423 2855 3520 2909 hoc
3543 2871 3635 2910 co-

2045 2955 2288 3016 gnoscent
2307 2960 2504 3011 omnes,
2535 2944 2657 3014 quia
2686 2945 2783 2996 mei
2803 2945 3045 3015 discipuli
3069 2947 3210 3012 estis,
3242 2947 3288 3001 si
3316 2946 3639 3002 dilectionem

2048 3037 2324 3106 habueritis
2350 3039 2417 3091 ad
2446 3037 2658 3091 invicem
2685 3034 2866 3106 (Joan.
2915 3052 3034 3108 xm,
3065 3037 3178 3109 35).
3211 3038 3343 3105 Quae
3384 3038 3642 3094 nimirum

2051 3133 2268 3189 dilectio
2301 3133 2346 3188 si
2377 3146 2472 3187 cor
2502 3141 2741 3187 nostrum
2775 3135 3038 3187 veraciter
3063 3135 3254 3202 replet,
3280 3135 3492 3190 duobus
3520 3149 3640 3190 mo-

360 3240 648 3296 locutionis
671 3243 773 3296 sibi
804 3243 1053 3296 virtutem
1085 3243 1273 3297 tribuit
1299 3246 1499 3313 operis.
1527 3244 1638 3312 Qua
1661 3245 1714 3300 in
1744 3261 1804 3301 re
1825 3247 1942 3315 quis

2058 3229 2131 3283 dis
2161 3227 2371 3283 ostendi
2400 3226 2570 3292 solet,
2599 3225 2803 3280 scilicet
2825 3227 2870 3282 si
2902 3237 2957 3281 et
2978 3227 3179 3283 amicos
3200 3227 3254 3282 in
3284 3227 3419 3298 Deo,
3445 3239 3502 3284 et
3529 3229 3636 3284 ini-

361 3333 677 3402 despicitur,
713 3332 816 3388 nisi
848 3334 893 3389 is
924 3335 1011 3403 qui
1046 3335 1160 3402 ipsa
1201 3335 1460 3403 operandi
1507 3352 1731 3392 munera
1789 3338 1950 3408 largi-

366 3427 492 3480 tur?
528 3427 676 3482 Unde
707 3427 845 3483 bene
869 3444 963 3496 pcr
984 3430 1255 3499 egregium
1283 3431 1689 3498 praedicatorem
1721 3432 1912 3486 dicitur
1936 3450 1948 3485 :

369 3519 508 3587 Quid
537 3531 702 3574 autem
735 3522 907 3586 habes,
930 3524 1066 3592 quod
1086 3540 1187 3576 non
1216 3525 1492 3593 accepisti?
1521 3523 1582 3579 Si
1603 3533 1770 3578 autem
1794 3526 1957 3597 708

370 3613 629 3680 accepisti,
658 3614 779 3682 quid
826 3613 1090 3685 gloriaris,
1118 3615 1265 3681 quasi
1305 3632 1406 3668 non
1452 3617 1703 3686 acceperis
1734 3617 1752 3687 (
1778 3614 1807 3668 Ι
1833 3615 1956 3670 Cor.

371 3720 448 3768 tv,
475 3705 572 3774 7)?
597 3705 779 3761 Sancti
820 3716 997 3760 autem
1025 3707 1125 3760 viri
1172 3711 1349 3761 sciunt
1391 3717 1511 3776 post
1537 3707 1695 3778 primi
1723 3708 1961 3777 parentis

374 3798 584 3866 lapsum
614 3798 682 3853 de
709 3799 1046 3867 corruptibili
1077 3801 1248 3868 stirpe
1278 3815 1337 3855 se
1367 3801 1542 3854 editos
1565 3840 1581 3866 ,
1612 3809 1666 3855 et
1714 3817 1820 3856 non
1851 3801 1960 3855 vir-

377 3899 491 3946 tute
518 3895 753 3962 propria,
777 3891 872 3949 sed
901 3897 1267 3962 praeveniente
1295 3909 1528 3962 superna
1553 3893 1726 3965 gratia
1755 3895 1820 3948 ad
1852 3911 1965 3951 me-

378 3986 516 4044 liora
543 4002 602 4042 se
619 3997 738 4042 vota
767 3987 851 4043 vel
873 4002 1034 4056 Opera
1057 3997 1451 4054 commutatus;
1477 3999 1528 4044 et
1558 3988 1816 4058 quidquid
1865 3990 1967 4045 sibi

381 4079 509 4136 mali
541 4082 718 4136 inesse
747 4091 1097 4151 cognoscunt,
1143 4080 1210 4136 de
1242 4082 1458 4135 mortali
1511 4085 1800 4152 propagine
1839 4097 1962 4139 sen-

383 4168 520 4224 tiunt
547 4171 830 4237 meritum;
873 4173 1130 4241 quidquid
1163 4187 1294 4228 vero
1322 4174 1375 4228 in
1410 4189 1468 4228 se
1500 4173 1623 4229 boni
1654 4173 1968 4245 inspiciunt,

383 4259 702 4317 immortalis
727 4263 913 4332 gratia:
941 4274 1274 4334 cognoscunt
1315 4265 1537 4332 donum,
1586 4267 1742 4336 eique
1770 4269 1840 4323 de
1878 4284 1968 4323 ac-

384 4363 543 4421 cepto
591 4370 814 4410 munere
859 4355 1128 4410 debitores
1175 4358 1330 4423 fiunt,
1361 4359 1448 4428 qui
1481 4368 1538 4414 et
1594 4361 1974 4429 praiveniendo

387 4444 537 4500 dedit
557 4448 635 4501 eis
654 4449 850 4504 bonum
877 4448 1014 4502 velle
1035 4449 1175 4518 quod
1196 4450 1500 4518 noluerunt,
1519 4463 1573 4507 et
1600 4454 1977 4525 subsequendo

391 4538 660 4592 concessit
687 4538 887 4593 bonum
919 4553 1076 4608 posse
1123 4540 1264 4608 quod
1298 4541 1499 4597 volunt.
1544 4542 1694 4601 Unde
1717 4545 1854 4601 bene
1882 4563 1976 4616 per

390 4627 653 4682 Joannem
704 4628 900 4683 dicitur

393 4721 719 4786 seculorum,
755 4723 1009 4776 mittentes
1039 4738 1254 4777 coronas
1283 4741 1404 4778 suas
1443 4736 1559 4780 ante
1587 4729 1830 4784 thronum
1871 4732 1983 4787 Do-

395 4814 518 4865 mini
551 4811 736 4883 (Apoc.
765 4829 843 4878 tv,
873 4815 985 4884 10).
1011 4813 1252 4870 Coronas
1278 4827 1516 4888 namque
1536 4836 1659 4875 suas
1683 4831 1808 4879 ante
1839 4827 1987 4880 thro-

398 4920 526 4959 num
558 4906 767 4960 Domini
794 4907 1006 4963 mittere
1040 4917 1124 4964 est
1152 4910 1504 4965 certaminum
1553 4927 1770 4967 suorum
1819 4915 1988 4971 victo-

397 4998 510 5052 rias
535 5013 642 5052 non
669 4997 770 5053 sibi
802 4999 1056 5068 tribuere,
1087 5001 1181 5057 sed
1212 5003 1439 5069 auctori,
1473 5015 1529 5059 ut
1558 5008 1624 5060 ad
1655 5006 1810 5061 illum
1844 5008 1983 5065 refe-

399 5102 522 5147 rant
541 5091 766 5161 gloriam
796 5093 989 5159 laudis,
1021 5109 1051 5146 a
1077 5109 1182 5163 quo
1211 5110 1271 5151 se
1314 5097 1489 5152 sciunt
1519 5098 1660 5154 vires
1706 5100 1986 5170 accepisse

326 5238 348 5254 η
383 5184 732 5270 (certaminis.
767 5182 960 5238 Beatus
1014 5201 1143 5256 ergo
1189 5186 1324 5252 Job,
1378 5190 1501 5258 quia
1551 5191 1632 5245 sic
1687 5193 1824 5248 bona
1867 5209 1988 5266 qua:

341 5309 344 5311 ›
403 5283 656 5343 cperatus
683 5286 766 5330 est
797 5285 998 5339 narrat,
1044 5286 1103 5330 ut
1151 5286 1328 5334 tamen
1362 5279 1477 5335 haec
1524 5297 1637 5337 sua:
1691 5287 1989 5354 Operationi

404 5383 516 5422 non
563 5369 778 5436 tribuat,
807 5368 906 5424 sed
933 5368 1002 5423 ad
1032 5371 1266 5426 auctoris
1302 5373 1513 5429 laudem
1553 5388 1818 5446 recurrat,
1871 5396 1983 5435 ma-

449 5519 508 5591 ἀ
541 5510 733 5577 Laud.,
772 5511 878 5591 duo
911 5512 1192 5583 Sangerm.
1233 5522 1286 5591 et
1318 5513 1446 5591 γει.
1478 5514 1592 5591 C1,,
1623 5518 1877 5572 occultant
1904 5537 1991 5574 ar-

406 5583 619 5646 bitrem;
646 5583 786 5652 quod
810 5583 921 5652 jam
953 5600 1061 5638 non
1087 5586 1252 5639 semel
1279 5586 1706 5642 observavimus.

482 5652 510 5690 h
545 5653 858 5730 Val.‘_Cl.,_a
878 5657 1087 5730 judicis
1127 5657 1398 5711 interioris.
1438 5659 1684 5724 Vindoc.,
1708 5661 1828 5730 quia
1875 5679 1992 5718 vero

412 5727 549 5779 hunc
569 5726 773 5778 auditus
797 5726 1052 5780 interioris
1072 5727 1259 5780 intuitu
1289 5731 1428 5795 [auia
1453 5726 1747 5788 laudabilis.

495 5807 514 5834 ε
543 5797 741 5862 Laud.,
763 5797 978 5871 _Norm.,
1001 5800 1110 5853 duo
1131 5802 1415 5871 Sangerm.
1448 5813 1502 5856 et
1526 5804 1662 5871 plur.
1694 5807 1786 5862 sub
1807 5805 1996 5864 ascella

416 5885 530 5924 sua.
559 5871 730 5936 Quam
762 5869 1042 5926 lectionem
1083 5869 1338 5928 exhibent
1359 5881 1464 5929 vet.
1502 5869 1637 5930 Edit.

2055 3323 2224 3377 micos
2253 3321 2519 3390 diligimus
2560 3330 2780 3390 propter
2830 3318 3022 3376 Deum.
3073 3320 3180 3377 Sed
3224 3322 3505 3378 sciendum
3558 3331 3645 3378 est

2056 3414 2179 3484 quia
2223 3414 2423 3473 inimici
2454 3412 2668 3468 dilectio
2709 3423 2836 3468 tunc
2863 3414 3136 3469 veraciter
3163 3414 3486 3482 custoditur,
3517 3431 3642 3474 cum

2059 3522 2160 3562 nec
2189 3506 2256 3561 de
2287 3508 2525 3576 proiectu
2551 3505 2870 3576 addicimur,
2907 3521 3008 3563 nec
3033 3507 3100 3562 de
3124 3509 3278 3563 ruina
3313 3509 3457 3564 illius
3481 3509 3638 3564 laeta-

2061 3596 2349 3652 mur.Nam
2376 3611 2522 3666 stupe
2544 3598 2596 3650 in
2624 3596 2929 3652 dilectionis
2952 3598 3186 3667 imagine
3210 3613 3332 3668 erga
3368 3597 3646 3653 inimicum

2063 3690 2272 3743 animus
2299 3688 2716 3757 fallitur,‘seque
2740 3687 2881 3742 hunc
2910 3687 3133 3760 diligere
3174 3690 3425 3756 assumat,
3457 3689 3502 3742 si
3525 3690 3644 3760 ejus

2066 3780 2187 3836 vitae
2209 3781 2514 3835 contrarius
2545 3795 2655 3833 non
2686 3778 2903 3835 existat.
2935 3779 3041 3834 Sed
3071 3780 3375 3836 dilectionis
3404 3779 3514 3835 vim
3560 3795 3654 3836 oc-

2066 3880 2207 3936 culte
2229 3890 2282 3935 et
2313 3878 2576 3936 veraciter
2601 3888 2692 3934 aut
2721 3875 2746 3914 d
2781 3875 3053 3948 profectus
3091 3878 3330 3948 inimici,
3371 3889 3466 3935 aut
3493 3895 3652 3948 casus

2071 3973 2384 4043 interrogat.
2415 3973 2529 4027 Hac
2554 3973 2756 4028 etenim
2788 3971 2856 4027 de
2881 3987 2940 4027 re
2963 3972 3028 4026 ad
3054 3972 3271 4042 plenum
3315 3957 3659 4044 semetipSam

2071 4081 2224 4122 mens
2252 4065 2485 4120 hominis
2529 4064 2858 4132 nescit,'nisi
2905 4080 3028 4120 eum
3058 4082 3216 4136 quem
3261 4067 3366 4122 sibi
3409 4068 3661 4123 adversa-

2074 4160 2210 4214 rium
2238 4161 2408 4214 credit
2437 4160 2491 4214 in
2522 4157 2735 4215 defectu
2767 4159 2852 4214 vel
2885 4160 3122 4230 profectu
3169 4170 3408 4217 mutasse
3439 4163 3655 4218 modum

2076 4257 2157 4311 sui
2207 4265 2377 4311 status
2428 4252 2716 4308 invenerit.
2747 4252 2806 4308 Si
2851 4250 2996 4308 enim
3045 4253 3114 4308 de
3169 4255 3524 4322 prOSperitate
3570 4254 3664 4308 ad-

2077 4349 2293 4416 dicitur,
2326 4359 2380 4404 et
2410 4347 2477 4403 de
2500 4346 2805 4402 calamitate
2854 4361 2914 4401 se
2943 4347 3176 4401 odientis
3201 4351 3430 4414 ltetatur,
3461 4358 3668 4408 constat

2076 4443 2202 4512 quia
2228 4456 2333 4496 non
2361 4449 2504 4495 amat
2523 4455 2681 4510 quem
2707 4453 2810 4493 non
2834 4439 3085 4495 vultesse
3112 4439 3415 4507 meliorem,
3442 4457 3670 4512 eumque

2083 4534 2242 4588 etiam
2273 4541 2506 4588 stantem
2535 4540 2659 4587 voto
2681 4532 3049 4598 persequitur,
3080 4547 3240 4601 quem
3265 4534 3526 4590 cecidisse
3551 4550 3670 4606 gra.

941 4645 956 4681 :
1010 4630 1361 4684 Adorat'erunt
1390 4634 1633 4688 viventem
1687 4637 1740 4690 in
1793 4639 1983 4695 stecula
2010 4624 2065 4687 Β
2090 4628 2307 4683 inlatum

2163 4720 2306 4795 [Vet.
2346 4719 2454 4793 XI]
2493 4721 2656 4793 709
2691 4719 2784 4778 25.
2828 4719 2930 4786 Qui
2952 4736 3223 4790 possumus
3238 4719 3404 4776 illtesa
3426 4721 3674 4778 charitate

2092 4815 2153 4868 tle
2172 4816 2368 4868 inimici
2397 4815 2547 4868 ruina
2578 4815 2763 4881 ltctari,
2797 4823 2888 4867 aut
2910 4813 2973 4868 de
2996 4814 3108 4884 ejus
3128 4815 3296 4885 gloria
3318 4811 3512 4871 dolere.
3541 4816 3676 4882 Quid

2092 4912 2186 4963 hac
2208 4911 2260 4961 in
2289 4924 2343 4961 re
2364 4910 2658 4962 cavendum.
2683 4935 2754 4947 —-
2781 4906 2886 4964 Sed
2920 4908 3058 4962 inter
3104 4907 3221 4964 haec
3274 4909 3552 4964 sciendum
3599 4917 3678 4967 est

2095 5002 2216 5072 quia
2245 5002 2460 5056 evenire
2482 5001 2801 5072 plerumque
2821 5000 2957 5056 solet
2982 5010 3167 5056 utnon
3195 5001 3390 5056 amissa
3420 5002 3680 5058 cliaritato

2096 5104 2151 5150 et
2191 5093 2390 5149 inimici
2441 5107 2538 5147 nos
2569 5093 2723 5148 ruina
2755 5091 3008 5160 ltetiticet,
3037 5104 3089 5148 et
3123 5109 3333 5148 rursum
3363 5093 3478 5163 ejus
3512 5094 3681 5163 gloria

2097 5191 2216 5246 sine
2244 5188 2458 5244 invidia:
2486 5189 2638 5258 culpa
2662 5188 2964 5254 contristet,
2997 5203 3118 5241 cum
3142 5197 3197 5242 et
3219 5199 3406 5242 ruente
3426 5201 3492 5241 eo
3517 5203 3683 5255 quos-

2097 5287 2218 5341 dam
2251 5284 2386 5338 bene
2413 5281 2544 5352 erigi
2565 5282 2856 5348 credimus,
2875 5289 2929 5336 et
2949 5281 3260 5352 proliciente
3281 5280 3375 5334 illo
3401 5280 3684 5350 plerosque

2095 5378 2293 5449 injuSIe
2321 5375 2547 5448 opprimi
2579 5375 2953 5431 formidamus.
2985 5373 3098 5442 Qua
3130 5373 3182 5427 in
3214 5387 3274 5428 re
3320 5383 3554 5428 mentem
3584 5390 3682 5429 no-

2170 5515 2198 5555 ά
2223 5519 2316 5574 Hic
2346 5519 2500 5575 toties
2541 5517 2735 5588 legitur
2775 5525 3074 5588 provectus,
3106 5524 3343 5588 provectu
3373 5524 3429 5570 et
3457 5511 3680 5583 similia,

2100 5591 2154 5645 in
2181 5591 2308 5646 Mss.
2338 5591 2500 5646 duob.
2535 5586 2819 5659 Sa'ngerm.
2850 5597 2904 5641 et
2935 5589 3144 5659 Nurum,
3185 5586 3398 5659 quoties
3441 5589 3494 5659 in
3544 5588 3669 5642 Edi-

2102 5665 2170 5716 tis
2198 5665 2388 5732 legitur
2415 5657 2694 5732 profectus,
2723 5659 2988 5729 profectu;
3014 5657 3174 5732 etiam
3220 5658 3308 5712 ubi
3336 5658 3481 5712 vocis
3512 5659 3683 5732 defec-

2105 5743 2186 5788 tus
2216 5730 2480 5803 oppositio
2511 5732 2578 5784 ad
2608 5731 2947 5803 scribendum
2981 5730 3236 5798 profectus
3285 5732 3511 5785 suadere
3541 5731 3681 5803 vide-

2106 5801 2303 5859 batur!
2341 5807 2395 5857 in
2424 5804 2623 5873 defectu
2650 5801 2728 5854 uel
2756 5809 2993 5869 provectu
3019 5811 3242 5855 mutasse
3262 5803 3494 5856 modum.
3517 5803 3583 5858 Et
3605 5801 3686 5857 in-

2107 5879 2209 5946 fra,
2235 5891 2326 5931 nec
2351 5877 2461 5948 ejus
2479 5877 2593 5945 jam
2619 5873 2851 5946 defectus
2871 5886 2962 5928 nec
2987 5884 3252 5945 provectus
3274 5873 3490 5932 addicit.
