4066 6348
316 350 427 410 229

952 384 955 387 ι
1035 386 1041 393 .
1077 328 1442 406 mensuum
1483 342 1613 409 LIB,
1654 338 1823 397 xxu.
1865 333 2035 391 —~lN
2076 330 2305 390 CAPUT
2345 331 2520 388 xxxx
2558 332 2619 388 Β.
2658 330 2797 388 JOB.

3490 326 3599 384 230

316 463 619 537 inquinant,
654 471 682 501 ι
712 462 797 518 vel
826 476 931 519 non
961 464 1183 519 omnino
1224 465 1341 519 haec
1388 467 1634 533 agentem
1663 462 1903 530 gravant,
1931 457 1990 518 Α
2011 464 2223 506 sacrum
2247 438 2531 527 eloquium;
2546 448 2675 504 dicit
2710 466 2723 501 ε
2755 446 3009 517 Respexit
3057 448 3124 502 ad
3173 460 3394 501 munera
3441 444 3594 511 Abel,

318 574 514 630 magna
566 546 858 627 magisterii
910 564 1026 613 arte
1065 554 1450 613 dissimulanda
1495 562 1637 621 sunt,
1696 552 1915 621 ipsaque

319 650 423 705 hac
452 647 875 705 dissimulatione
902 645 1201 704 toleranda.
1252 646 1385 715 Quae
1425 653 1611 701 contra
1643 656 1741 698 nos
1769 641 1918 696 illata

318 741 477 799 citius
497 757 529 799 a
553 740 715 801 corde
766 740 1025 801 laxamus.
1056 740 1101 795 si
1126 746 1311 795 nostra
1337 736 1480 794 circa
1510 733 1783 808 proximos
1829 746 1917 788 er-

320 848 441 893 rata
472 834 864 908 cognoscimus.
900 832 1052 889 Unde
1071 830 1207 888 bene
1228 844 1438 901 quoque
1460 844 1555 899 per
1576 827 1917 883 Salomoncm

317 930 517 987 dicitur
546 947 557 983 :
582 926 793 985 Cunctis
827 924 1151 982 sermonibus
1172 923 1260 991 qui
1280 922 1523 975 dicuntur
1545 936 1608 975 ne
1630 931 1917 973 accommo.

318 1022 409 1079 des
440 1040 527 1079 cor
555 1033 720 1091 tuum,
748 1038 810 1077 ne
841 1022 970 1093 forte
997 1018 1180 1073 audias
1208 1004 1405 1072 servum
1429 1026 1574 1069 tuum
1602 1010 1918 1066 maledicen-

320 1120 421 1167 tem
462 1112 570 1168 tibi.
617 1111 728 1183 Scit
768 1112 902 1167 enim
942 1120 1030 1165 tua
1058 1108 1390 1177 conscientia,
1424 1107 1544 1179 quia
1575 1113 1623 1160 et
1655 1114 1707 1158 tu
1745 1104 1919 1158 crebro

320 1206 638 1261 maledixisti
662 1206 780 1261 aliis
805 1202 1002 1277 (Eccle.
1037 1219 1132 1292 vn,
1162 1200 1259 1268 22,
1290 1199 1407 1271 2⁸5).
1454 1196 1589 1253 Dum
1620 1199 1761 1253 enim
1791 1211 1925 1292 pen-

320 1312 504 1355 samus
530 1298 715 1370 quales
740 1312 865 1370 erga
895 1297 1028 1351 alios
1059 1287 1274 1362 fuimus,
1308 1308 1427 1350 esse
1465 1293 1606 1346 circa
1658 1304 1754 1344 nos
1788 1287 1923 1343 tales

322 1389 461 1444 alios
489 1390 670 1446 minus
720 1388 991 1457 dolemus,
1022 1388 1147 1459 quia
1175 1385 1347 1441 aliena
1380 1382 1637 1452 injustitia
1669 1381 1721 1435 in
1764 1377 1922 1434 nobis

322 1479 563 1537 vindicat
602 1481 749 1553 quod
772 1481 826 1538 in
853 1497 911 1537 se
935 1480 1080 1552 juste
1100 1487 1282 1535 nostra
1320 1472 1659 1532 conscientia
1682 1478 1917 1528 accusat.

326 1571 582 1645 Sequitur
610 1593 621 1627 :
918 1630 923 1637 ,

716 1664 946 1723 CAPUT
984 1662 1105 1719 XIV
1146 1662 1296 1739 Ilico.
1344 1658 1536 1732 VIII].

387 1756 565 1811 “Vens.
586 1782 591 1785 ι
609 1755 703 1812 52.
722 1791 796 1803 -
826 1754 983 1811 Foris
1012 1773 1114 1810 non
1146 1754 1333 1809 mansit
1378 1752 1701 1823 peregrinus,
1733 1749 1921 1804 ostium

262 1846 269 1849 ⁴
327 1866 499 1905 meum
527 1850 715 1905 uiatori
747 1851 942 1920 patuit.

400 1939 497 1995 97.
538 1939 910 1996 Misericordiae
937 1942 990 1995 in
1014 1940 1271 2010 parcendo
1301 1937 1541 1993 succedat
1574 1933 1933 1989 misericordia

330 2034 385 2086 in
412 2022 703 2104 largiendo.
727 2062 798 2074 —
820 2032 974 2101 Quia,
1008 2042 1142 2087 teste
1165 2030 1352 2097 Paulo,
1384 2028 1621 2085 charitas
1646 2025 1855 2097 patiens
1878 2033 1932 2078 et

337 2123 568 2194 benigna
595 2124 754 2199 711
780 2124 1100 2180 describitur
1130 2121 1185 2194 (Ι
1209 2122 1331 2177 Cor.
1351 2136 1468 2190 xm,
1488 2119 1566 2190 4),
1594 2134 1689 2189 per
1716 2118 1927 2189 patien-

335 2219 466 2272 tiam
514 2217 684 2273 aliena
719 2218 857 2272 mala
889 2218 1265 2289 aequanimiter
1294 2216 1509 2279 tolerat,
1549 2229 1643 2284 per
1686 2210 1931 2281 benigni-

260 2374 273 2379 _
336 2314 502 2363 tatem
525 2299 736 2380 quoque
760 2309 899 2363 bona
926 2308 1346 2363 misericorditer
1371 2305 1633 2376 impendit
1652 2319 1768 2359 sua.
1786 2302 1936 2358 Unde

336 2400 528 2456 beatus
556 2400 657 2457 Job
684 2412 735 2457 et
762 2402 1028 2472 patienter
1058 2403 1386 2458 domesticos
1413 2400 1793 2457 maledicentes
1817 2414 1936 2469 per-

339 2493 485 2559 tulit,
519 2502 573 2547 et
602 2494 833 2549 viatores
879 2505 1038 2564 atque
1070 2496 1381 2565 peregrinos
1407 2492 1549 2564 apud
1602 2509 1661 2548 se
1703 2492 1936 2560 benigne

335 2583 577 2653 suscepit
608 2602 622 2639 :
655 2584 757 2639 illis
802 2601 1009 2640 morum
1063 2587 1308 2657 exempla
1338 2585 1602 2648 tribuens,
1632 2585 1751 2639 istis
1778 2592 1933 2639 este-

337 2672 543 2728 riorum
567 2692 668 2744 ape
688 2692 1052 2745 concurrens;
1082 2679 1185 2732 illis
1214 2694 1308 2749 per
1336 2676 1802 2733 mansuetudinem
1829 2689 1937 2730 non

336 2766 582 2821 concitus
613 2769 678 2821 ad
710 2769 1072 2833 irascendum,
1116 2771 1235 2825 istis
1265 2786 1359 2840 per
1388 2768 1814 2825 misericordiam
1868 2766 1936 2821 ad

343 2844 775 2917 subireniendnm
801 2872 1038 2933 paratus.
1074 2864 1165 2919 Vir
1189 2865 1332 2919 enim
1362 2872 1580 2918 sanctus
1615 2862 1940 2932 Redempto-

338 2966 457 3005 rent
489 2956 698 3023 generis
730 2954 945 3010 humani
970 2971 1066 3026 per
1099 2956 1394 3026 pr0phetiat
1424 2957 1670 3026 spiritum
1700 2956 1934 3022 intuens,

340 3046 757 3114 praedicamenta
780 3063 993 3117 quoque
1012 3048 1155 3102 illius
1180 3048 1233 3103 in
1256 3063 1421 3120 opere
1444 3046 1713 3115 servabat,
1742 3046 1938 3116 quibus

340 3154 445 3193 nos
480 3128 748 3204 admonet,
794 3128 1020 3196 dicens':
1052 3140 1329 3209 Dimittite,
1358 3150 1404 3194 et
1436 3140 1719 3197 dimittetur
1751 3138 1886 3192 vobis
1915 3154 1935 3202 ;

2019 553 2074 600 et
2103 544 2169 598 ad
2198 542 2328 600 Cain
2350 556 2571 598 munera
2602 556 2711 596 non
2735 539 3003 609 respexit;
3032 537 3151 595 sed
3196 539 3345 610 prius
3375 538 3448 591 ait
3476 537 3597 607 quia

2017 637 2241 707 respexit
2266 637 2336 692 ad
2366 636 2516 705 Abel,
2548 650 2609 692 ac
2635 635 2830 692 deinde
2854 633 3148 705 subiunxit,
3181 632 3248 688 Et
3295 634 3363 687 ad
3394 649 3605 687 munera

2021 733 2152 803 ejus.
2201 729 2271 785 Et
2294 745 2505 786 rursum
2557 728 2686 783 dicit
2713 728 2836 799 quia
2861 744 2964 783 non
2986 728 3211 799 respexit
3259 727 3325 781 ad
3360 725 3507 788 Cain,
3542 738 3604 778 ac

2021 822 2215 879 deinde
2236 821 2492 886 subdidit,
2521 819 2631 875 Nec
2650 820 2720 873 ad
2735 835 2947 875 munera
2967 823 3095 892 ejus.
3119 818 3197 874 Ex
3216 818 3392 875 dantis
3412 819 3610 887 quippe

2022 916 2188 971 corde
2235 914 2288 970 id
2315 911 2456 984 quod
2485 904 2642 968 datur
2671 912 2947 981 accipitur.
2992 911 3195 966 idcirco
3223 902 3328 966 non
3359 912 3493 965 Abel
3534 925 3603 965 ex

2022 1004 2360 1073 muneribus,
2398 1004 2493 1061 sed
2523 1019 2587 1059 ex
2614 1003 2751 1061 Abel
2782 1019 3005 1061 munera
3045 1002 3221 1059 oblata
3272 1003 3607 1074 placuerunt.

2023 1100 2178 1158 Prius
2208 1112 2440 1169 namque
2471 1098 2538 1152 ad
2588 1111 2713 1153 eum
2766 1097 2959 1166 legitur
2998 1095 3253 1152 Dominus
3308 1096 3613 1163 respexisse

2024 1194 2114 1265 qui
2139 1193 2322 1259 dabat,
2347 1206 2505 1261 quam
2530 1190 2597 1244 ad
2629 1189 2721 1245 illa
2740 1189 2861 1259 dum
2884 1189 3064 1243 dabat.
3091 1188 3243 1244 Unde
3265 1189 3401 1243 bene
3422 1188 3613 1244 beatus

2024 1285 2126 1342 Job
2154 1285 2393 1341 dicturus
2427 1284 2579 1339 nobis
2611 1284 2664 1335 in
2695 1280 3071 1351 hospitalitatis
3096 1283 3261 1351 gratia
3308 1282 3609 1350 largitatem

2023 1391 2199 1443 suam,
2231 1377 2378 1445 prius
2409 1374 2553 1430 circa
2596 1372 2935 1429 adversarios
2973 1372 3195 1443 protulit
3222 1374 3532 1443 patientiam
3562 1383 3615 1428 et

2025 1469 2409 1542 benignitatem
2458 1484 2606 1534 suam
2646 1485 2660 1519 :
2695 1476 2718 1506 ο
2749 1468 2891 1537 quod
2922 1467 2989 1522 de
3019 1466 3172 1521 ruina
3198 1481 3303 1521 non
3332 1467 3617 1523 exsultavit

2026 1562 2253 1629 inimici,
2279 1560 2421 1632 quod
2450 1560 2625 1615 verbis
2655 1559 2931 1615 maledicis
2958 1566 3328 1629 persecutores
3355 1573 3481 1614 suos
3510 1576 3618 1615 nott

2026 1654 2288 1723 impetiit,
2320 1654 2462 1723 quod
2486 1654 2767 1709 scvientes
2797 1655 3117 1708 intrinsecus
3143 1654 3514 1725 aequanimiter
3542 1664 3621 1709 to-

2029 1747 2238 1813 leravit,
2267 1758 2319 1801 et
2353 1755 2481 1799 tunc
2508 1746 2722 1801 demum
2749 1745 3130 1813 hospitalitatis
3156 1760 3267 1801 sua:
3306 1746 3621 1800 munificen-

1962 1840 2163 1907 Btiam
2216 1838 2467 1907 protulit;
2523 1847 2573 1892 ut
2637 1826 2827 1891 auditd
2865 1834 3467 1892 scilicet‘narrationis
3508 1838 3623 1907 ejus

2034 1930 2241 1997 ordine,
2294 1931 2558 1986 discamus
2592 1930 2728 2000 ’quia
2773 1929 3042 1984 exteriora
3067 1944 3289 1985 munera
3316 1945 3383 1986 ex
3412 1930 3623 1986 interna

2034 2025 2213 2080 COI‘dIS
2271 2023 2526 2079 munditia
2571 2022 2915 2089 condiuntur,
2947 2031 3003 2076 ut
3032 2021 3287 2076 virtutum
3336 2021 3454 2092 ejus
3496 2036 3624 2078 con-

2037 2118 2205 2173 textio
2250 2118 2505 2171 lectorem
2541 2118 2731 2171 doceat
2768 2115 2940 2186 qualis
2991 2116 3129 2199 apud
3178 2130 3237 2171 se
3261 2129 3385 2171 esse
3410 2116 3625 2185 debeat,

2037 2229 2157 2269 cum
2181 2217 2447 2269 exteriora
2475 2214 2613 2268 bona
2642 2212 2758 2267 aliis
2790 2196 3181 2268 subministrat.

2108 2306 2197 2359 29.
2243 2303 2309 2360 1η
2340 2306 2480 2359 bonis
2511 2304 2749 2375 oneribus
2778 2306 3003 2358 cavenda
3054 2304 3229 2359 elatio.
3261 2333 3333 2348 -—
3380 2303 3484 2359 Sed
3513 2304 3628 2375 quis

2041 2414 2129 2458 se-
2153 2399 2292 2453 inlt'l'
2323 2408 2466 2453 tanta
2502 2398 2753 2453 virtutum
2794 2398 3027 2469 culmina
3061 2406 3303 2454 sanctum
3355 2414 3475 2454 esse
3525 2413 3629 2460 non

2041 2490 2332 2546 crederet?
2361 2490 2492 2558 Quis
2526 2505 2630 2543 non
2662 2497 2931 2560 utcunque
2962 2490 3092 2560 ipsis
3121 2499 3197 2545 tot
3220 2490 3427 2546 meritis
3456 2498 3629 2545 tenta-
3658 2512 3671 2515 -

2043 2593 2210 2648 retur,
2255 2593 2309 2636 ut
2354 2582 2397 2636 si
2440 2582 2651 2650 quando
2683 2591 2741 2638 ut
2770 2582 2932 2638 homo
2982 2582 3342 2652 delinqueret,
3376 2584 3628 2639 delictum

2042 2691 2194 2731 suum
2219 2674 2522 2730 hominibus
2552 2675 2715 2730 nollet
2748 2675 3039 2741 innotesci;
3073 2685 3127 2731 et
3155 2677 3269 2731 leve
3300 2691 3419 2733 esse
3448 2677 3633 2731 crede-

2045 2777 2145 2835 ret,
2197 2770 2243 2823 si
2288 2766 2413 2837 qnid
2462 2768 2517 2820 in
2561 2765 2793 2820 minimis
2821 2767 2981 2838 712
3012 2778 3289 2836 peccaret;
3318 2767 3633 2837 culpamque

2043 2878 2193 2917 suam
2222 2861 2403 2917 mallet
2437 2872 2455 2894 θ
2488 2861 2703 2916 silentio
2736 2862 3094 2931 tegerequam
3125 2876 3254 2917 voce
3280 2860 3639 2918 confessionis

2044 2956 2287 3027 aperire?
2320 2955 2473 3024 Saepe
2506 2969 2735 3025 namque
2766 2954 3027 3025 contingit
3065 2964 3124 3009 ut
3154 2956 3321 3011 elatus
3349 2955 3637 3011 virtutibus

2046 3051 2279 3117 animus,
2305 3051 2429 3103 dum
2458 3050 2620 3104 multa
2648 3049 2782 3103 bona
2810 3051 2861 3102 in
2886 3049 3241 3104 aestimatione
3272 3053 3636 3119 proximorum

2046 3144 2112 3199 de
2138 3158 2196 3199 se
2224 3143 2401 3219 spargi
2431 3141 2770 3211 cognoverit,
2801 3141 3017 3213 agnosci
3048 3156 3154 3196 non
3185 3141 3309 3197 velit
3337 3144 3381 3197 si
3408 3143 3533 3213 quid
3557 3151 3639 3200 est

341 3234 482 3298 date,
515 3244 564 3285 et
598 3232 800 3287 dabitur
834 3233 971 3288 vobis
1020 3232 1173 3306 (Luc.
1201 3248 1281 3302 ,vn,
1311 3231 1426 3303 57).
1472 3232 1497 3270 ιι
1549 3234 1684 3287 Dare
1714 3246 1947 3318 namque
1971 3226 2022 3294 C
2050 3236 2192 3307 quod
2238 3233 2735 3305 reprehensibiliter
2780 3232 2925 3288 facit.
2966 3231 3109 3302 Quas
3137 3234 3389 3290 videlicet
3441 3235 3639 3291 erroris

343 3338 590 3382 nostrum
617 3328 680 3381 ad
714 3343 802 3384 res
830 3330 1062 3397 pertinet
1086 3344 1220 3400 quas
1248 3330 1487 3385 exterius
1530 3326 1813 3391 habemus,
1860 3324 1943 3380 di-

345 3420 561 3473 mittere
591 3429 765 3473 autem
794 3419 859 3473 ad
887 3421 1233 3477 relaxandum
1252 3421 1498 3475 dolorem
1524 3434 1683 3487 quem
1720 3417 1944 3471 interius

350 3528 415 3565 ex
445 3512 617 3565 aliena
651 3514 799 3582 culpa
831 3516 1216 3567 contraximus.
1249 3514 1353 3567 Sed
1377 3512 1653 3574 sciendum
1705 3520 1787 3566 est
1818 3512 1943 3580 quia

352 3603 441 3671 qui
475 3602 718 3668 dimittit,
752 3612 803 3659 et
838 3620 941 3657 non
970 3604 1081 3669 dat,
1114 3605 1215 3659 etsi
1248 3606 1354 3658 non
1381 3605 1536 3673 plene
1564 3613 1816 3671 operatus
1836 3611 1942 3669 est,

351 3695 632 3760 meliorem
684 3705 858 3753 tamen
912 3695 1115 3765 partem
1163 3694 1791 3752 miseriCordize‘tennit.
1843 3694 1943 3761 Qui

350 3794 528 3839 autem
559 3788 675 3855 dat,
709 3798 762 3844 et
786 3790 1004 3844 minime
1019 3790 1261 3854 dimittit,
1282 3790 1503 3843 omnino
1523 3788 1945 3843 misericordiam

352 3876 551 3933 nullam
598 3876 763 3947 facit,
807 3881 929 3949 quia
965 3881 1033 3935 ab
1079 3881 1456 3949 omnipotente
1501 3880 1613 3935 Deo
1644 3894 1833 3934 munus
1879 3894 1948 3935 ex

354 3981 514 4022 manu
545 3983 649 4024 non
695 3971 975 4039 accipitur,
1027 3970 1169 4039 quod
1200 3971 1363 4026 corde
1393 3970 1627 4040 obligato
1666 3969 1719 4023 in
1750 3968 1948 4023 malitia

354 4062 647 4129 profertur.
1492 4052 1498 4057 ⁸

427 4153 522 4209 28.
566 4153 912 4226 Eleemosynte
939 4157 1218 4212 meritoria:
1242 4156 1582 4211 conditiones.
1610 4186 1681 4225 -τ
1709 4155 1947 4211 Mundari

354 4246 551 4300 etenim
579 4246 739 4302 debet
770 4249 913 4315 prius
933 4250 1143 4303 animus
1164 4249 1253 4318 qui
1284 4249 1684 4320 eleemosynam
1722 4248 1947 4317 praebet,

354 4336 479 4406 quia
509 4354 670 4393 omne
688 4340 829 4409 quod
852 4340 1009 4394 datur
1034 4341 1144 4395 Deo
1164 4356 1231 4395 ex
1258 4342 1437 4398 dantis
1462 4352 1643 4397 mente
1670 4351 1946 4410 pensatur.
1988 4376 1989 4383 η

355 4429 561 4484 Cuncta
590 4430 767 4501 itaque
795 4431 1010 4486 malitia:
1031 4433 1242 4488 macula
1271 4433 1339 4486 ab
1359 4432 1601 4488 interiori
1636 4443 1822 4487 nostro
1851 4432 1948 4485 ho-

358 4523 507 4578 mine
553 4525 892 4593 cogitationis
948 4526 1320 4580 immutatione
1372 4528 1625 4597 tergenda
1685 4538 1784 4590 est,
1826 4525 1950 4595 quia

2051 3332 2300 3384 tenebras
2352 3328 2553 3386 iddrco
2602 3342 2751 3384 mens
2803 3329 3017 3393 tolerat,
3064 3328 3186 3396 quia
3216 3328 3393 3384 cordis
3422 3329 3657 3403 oculuml
3732 3328 3741 3337 '

2050 3430 2229 3475 tumor
2250 3430 2459 3491 gravat.
2495 3419 2645 3474 Unde
2667 3419 2855 3474 beatus
2883 3417 2983 3474 Job
3010 3417 3149 3473 inter
3175 3427 3252 3475 tot
3271 3419 3465 3473 eximia
3500 3417 3635 3474 facta

2049 3515 2327 3580 virtutum,
2360 3514 2447 3584 qui
2479 3521 2586 3567 tam
2616 3527 2858 3568 summus
2886 3514 3089 3568 exstitit
3122 3516 3174 3567 in
3206 3514 3536 3583 operatione,
3582 3525 3640 3572 ut

1994 3628 1999 3641 ν
2048 3606 2444 3661 demonstraret
2470 3621 2629 3677 quam
2665 3606 2883 3661 humilis
2906 3604 3067 3662 fuerit
3094 3607 3146 3660 in
3167 3618 3366 3677 mente,
3398 3608 3640 3679 protinus

2051 3696 2294 3766 adjunxit
2328 3712 2342 3749 :

2297 3787 2521 3844 CAPUT
2565 3788 2654 3843 xv
2696 3787 2839 3861 [γει.
2883 3786 3057 3857 x111,
3104 3788 3227 3845 Rec.
3271 3788 3402 3862 IX].

2129 3881 2291 3938 Vsus.
2334 3884 2424 3938 '55.
2474 3868 2549 3924 -—‘
2589 3882 2650 3939 Si
2691 3880 2939 3937 abst’ondi
2986 3883 3138 3955 quasi
3184 3883 3332 3938 homo
3382 3895 3643 3956 peccatum

2050 3989 2240 4040 meum,
2273 3983 2319 4029 et
2342 3973 2501 4028 celavi
2522 3975 2574 4028 in
2597 3975 2717 4029 sinu
2742 3991 2851 4029 meo
2878 3976 3195 4044 iniquitatem
3223 3993 3404 4031 meam.

2122 4067 2211 4121 50.
2258 4065 2582 4121 Humilitatis
2608 4077 2967 4139 argumentum
2990 4080 3061 4121 est
3090 4069 3295 4139 culpant
3316 4087 3463 4124 suam
3482 4066 3644 4140 conﬁ-

2054 4160 2180 4225 teri;
2210 4158 2479 4229 superbiw,
2512 4157 3030 4243 e.rcusare..Peccata
3054 4163 3361 4230 excusando,
3410 4166 3647 4238 graviora

2050 4253 2414 4309 reddimus.-—
2441 4252 2564 4310 Haec
2584 4264 2709 4309 sunt
2732 4269 2961 4324 namque
2982 4272 3128 4333 verte
3150 4256 3466 4312 humilitatis
3490 4256 3643 4313 testi-

2055 4349 2255 4413 monia,
2288 4358 2342 4403 et
2370 4348 2706 4418 iniquitatem
2735 4364 2885 4403 suam
2917 4366 3184 4421 quemque
3212 4365 3560 4420 cognoscere,
3590 4362 3644 4407 et

2053 4441 2321 4509 cognitam
2351 4454 2485 4495 voce
2506 4438 2862 4496 confessionis
2888 4442 3121 4511 aperire.
3153 4442 3220 4495 At
3240 4454 3446 4511 contra,
3483 4446 3645 4499 usita-

2057 4540 2168 4593 tum
2197 4529 2411 4585 humani
2432 4532 2646 4600 generis
2671 4532 2856 4586 vitium
2888 4542 2988 4599 est,
3016 4529 3108 4587 ‘et
3134 4532 3343 4589 latendo
3366 4544 3641 4603 peccatum

353 4615 494 4669 iram
519 4615 716 4684 iudicis
754 4617 969 4686 placare
998 4621 1172 4673 nescit
1204 4619 1427 4684 oblatio,
1461 4619 1564 4672 nisi
1595 4634 1661 4672 ex
1690 4616 1946 4672 munditia
1982 4620 2030 4680 D
2054 4622 2412 4686 committere,
2446 4631 2501 4675 et
2529 4622 2877 4677 commissum
2915 4622 3159 4692 negando
3202 4624 3553 4693 abscondere,
3591 4638 3645 4684 et

357 4708 568 4777 placeat
588 4709 884 4765 oilerentis.
914 4711 1065 4767 Unde
1101 4714 1358 4779 scriptum
1386 4723 1468 4767 est
1500 4728 1514 4763 :
1540 4711 1779 4782 Respexit
1815 4713 1947 4766 Deus

356 4801 427 4853 ad
460 4799 585 4855 Abel
614 4811 664 4857 et
689 4802 757 4855 ad
782 4818 997 4858 munera
1040 4805 1172 4873 ejus,
1205 4805 1273 4857 ad
1302 4803 1433 4858 Cain
1461 4816 1633 4858 autem
1664 4813 1709 4858 et
1741 4807 1808 4858 ad
1839 4822 1949 4858 mu-

359 4908 483 4947 nera
503 4896 614 4964 ejus
646 4910 745 4948 non
766 4896 985 4966 respexit
1014 4893 1225 4965 (Genes.
1254 4910 1326 4961 tv,
1354 4894 1410 4961 4,
1443 4896 1519 4965 5).
1551 4894 1733 4963 Neque
1751 4897 1949 4951 etenim

436 5063 463 5091 ει
496 5059 551 5108 tn
582 5064 785 5111 recent.
814 5057 1006 5123 Editis,
1028 5057 1300 5113 contrario
1321 5072 1505 5121 sensu,
1530 5056 1609 5113 vel
1628 5056 1953 5124 omnimodo;

361 5126 448 5249 fui
491 5125 700 5250 lectipni
746 5138 1036 5197 repugnant
1084 5128 1185 5184 Ed.
1220 5138 1325 5184 vet.
1358 5138 1411 5184 et
1442 5128 1594 5193 Mss.,
1629 5139 1736 5182 tum
1765 5129 1953 5199 Angl.,

394 5210 478 5249 um
511 5213 605 5250 nos
635 5212 699 5250 rt.

394 5210 478 5249 um
511 5210 699 5251 llOSlI‘I.

437 5266 465 5304 δ
499 5268 553 5321 ln
586 5268 782 5340 iisdem,
804 5267 995 5333 Editis,
1038 5268 1162 5340 dare
1200 5282 1422 5340 namque
1444 5268 1514 5322 ad
1540 5284 1637 5324 res.
1674 5270 1956 5337 Addimus,

2058 4718 2359 4772 convictum
2389 4716 2726 4773 defendendo
2754 4717 3125 4787 multiplicare.
3182 4719 3256 4774 Ex
3304 4721 3396 4775 illo
3451 4723 3648 4793 quippe

2060 4813 2211 4881 lapsu
2236 4811 2397 4881 primi
2416 4810 2651 4867 hominis
2674 4809 2789 4865 haec
2810 4821 3094 4882 augmenta
3119 4814 3367 4884 nequitiae
3382 4815 3645 4881 ducimus,

2059 4919 2123 4957 ex
2145 4916 2253 4973 quo
2283 4901 2451 4971 ipsam
2485 4902 2718 4958 radicem
2750 4905 3009 4958 traximus
3050 4905 3243 4976 culpat.
3283 4906 3370 4962 Sic
3418 4924 3648 4978 namque

2128 5071 2153 5101 ο
2178 5061 2387 5117 Pastor.
2436 5060 2561 5125 Ed.,
2594 5062 2794 5115 silentio
2834 5069 3021 5117 tenere.
3058 5062 3117 5116 in
3173 5063 3270 5116 Ed.
3325 5063 3557 5117 Barthol.
3593 5064 3649 5118 et

2054 5132 2275 5197 Remb.,
2306 5132 2447 5193 etin
2493 5133 2740 5204 omnibus
2782 5133 2908 5204 Mss.
2942 5134 3162 5199 nostris,
3189 5143 3372 5203 tegere,
3413 5148 3481 5189 ex
3514 5150 3646 5204 quo,

2056 5213 2261 5274 mutato
2291 5221 2322 5274 g
2351 5205 2404 5274 in
2430 5220 2481 5267 n,
2519 5203 2686 5274 facile!
2703 5204 2803 5257 fuit
2832 5203 3045 5274 efficere
3071 5215 3257 5274 tenere.

2130 5272 2154 5313 ⁷
2185 5272 2501 5329 Ηίθίηῐιίιιη
2533 5282 2613 5327 est
2643 5272 2764 5329 Mss.
2790 5273 3094 5328 dissidium.
3126 5272 3332 5337 Germ.,
3368 5274 3566 5329 Turon'.
3594 5287 3647 5331 et

338 5339 865 5431 ζίιέεξςιιεξηαξμεε.
886 5339 1213 5397 nostrisfere
1231 5339 1498 5405 munibus.
1523 5352 1577 5395 et
1604 5357 1667 5395 ex
1690 5342 1960 5431 antiquio-
2057 5345 2220 5403 Corb.
2248 5344 2517 5431 Serm”)
2551 5344 2717 5431 prima
2742 5360 2901 5425 manu
2926 5345 3145 5431 habent,
3176 5346 3448 5431 ef'libendo
3469 5362 3651 5413 pecca-

334 5399 353 5427 ³
369 5410 517 5465 ribus
548 5399 789 5464 Excusis.

444 5492 467 5520 ε
498 5480 687 5546 Laud.,
734 5482 895 5537 Corb.
931 5478 1155 5545 'Germ.,
1195 5481 1379 5537 Norat.
1411 5490 1464 5537 el
1495 5482 1591 5550 pL,
1624 5484 1760 5551 quod
1787 5483 1953 5537 ruitur:

369 5570 474 5607 non
502 5551 791 5607 exsultauit.
824 5551 1034 5621 Germ,
1077 5553 1309 5608 secunda
1339 5567 1498 5606 manu
1528 5556 1663 5622 quod
1691 5554 1744 5607 in
1776 5553 1946 5609 ruina.

442 5626 469 5659 ά
497 5623 766 5693 Plerique,
810 5625 1124 5680 narrationis
1150 5640 1285 5689 sum;
1308 5621 1546 5678 fortasse
1564 5633 1748 5678 contra
1771 5638 1954 5693 gram-

373 5696 689 5751 maticorum
724 5694 906 5765 leges;
936 5707 989 5750 st
1021 5695 1186 5764 liquet
1216 5692 1529 5764 Gregorium
1579 5692 1789 5750 talibus
1816 5710 1953 5766 prae-

374 5768 545 5836 ceptis
570 5769 879 5834 scrupulose
925 5784 1031 5821 non
1070 5768 1510 5830 obtemperasse:
1547 5766 1950 5835 dnoSangerm.

375 5835 581 5894 nullum
606 5836 801 5894 habent
822 5852 1111 5906 pronomen
1138 5835 1427 5907 adjectum.

2061 5428 2187 5473 tum,
2238 5415 2377 5484 quod
2433 5417 2591 5467 etiam
2647 5417 2763 5479 Iern
2808 5417 2860 5467 in
2905 5415 3153 5469 omnibus
3200 5414 3405 5478 Nornt.,
3438 5433 3541 5471 uno
3581 5435 3643 5473 ex

2064 5488 2476 5540 liin'oicensibus
2504 5489 2741 5554 dempto,
2794 5486 2846 5539 in
2884 5501 2995 5554 quo
3031 5484 3221 5554 legitur
3264 5495 3312 5538 et
3352 5488 3421 5539 ad
3450 5488 3645 5544 libitum

2061 5567 2326 5625 peccatum
2369 5552 2699 5611 conmittere.
2747 5552 2939 5619 Laudi,
2969 5552 3130 5609 Corb.
3169 5552 3376 5624 Germ.,
3412 5562 3645 5615 secunda

2062 5643 2245 5691 tuseu,
2276 5640 2332 5683 et
2370 5626 2488 5686 Val.
2533 5626 2641 5693 CL,
2688 5635 2737 5680 et
2773 5625 2991 5677 labendo
3017 5633 3295 5692 peccatum,
3328 5636 3487 5696 gnam
3520 5633 3644 5686 lcet.

2063 5707 2359 5767 sequuntur
2389 5699 2486 5754 Ed.
2522 5708 2630 5753 vet.
2663 5696 2927 5767 Bartbot.,
2958 5696 3125 5751 Paris.
3153 5707 3211 5754 et
3234 5700 3391 5756 Baeti.
3422 5701 3644 5757 Vindoc.

2064 5781 2110 5823 et
2132 5764 2317 5824 blande
2343 5776 2609 5841 peceatum
2639 5764 2970 5820 committere.
