4066 6348
495 392 598 450 251

1588 428 1613 449 κ
1672 370 1923 451 εΑΝοτῐ
1954 386 2290 446 casconn
2329 386 2550 447 MAGNI

3657 387 3769 445 232
3798 362 3820 392 '

494 509 585 565 ille
612 506 741 563 dum
780 507 982 579 lignum
1012 506 1235 562 vetitum
1264 503 1597 577 contigisset,
1652 504 1933 560 abscondit
1959 517 2019 558 se
2044 516 2073 557 a
2103 503 2154 565 Α
2180 515 2278 571 per
2326 500 2639 571 nequitiam,
2688 516 2719 557 a
2765 502 3057 570 semetipso
3083 502 3228 558 foras
3252 509 3410 558 exeat
3435 515 3530 573 per
3558 502 3775 556 confes-

492 602 629 659 facie
655 601 865 657 Domini
890 597 1029 657 inter
1052 601 1197 671 ligna
1216 598 1468 671 paradisi.
1492 602 1551 655 in
1571 614 1678 671 qua
1697 598 2072 663 absconsione,

491 696 696 751 scilicet
723 694 845 765 quia
875 695 1038 750 Deum
1068 692 1238 748 latere
1276 706 1380 747 non
1429 700 1656 763 poterat,
1712 708 1818 746 non
1871 688 2074 745 latendi

492 789 713 843 effectus
742 786 1081 855 describitur,
1100 785 1209 841 sed
1238 785 1465 841 affectus
1514 794 1747 841 notatur.
1800 784 1902 852 Qui
1953 797 2075 841 cum

489 888 805 950 argueretur
838 892 867 933 a
911 878 1161 945 Domino,
1188 878 1330 948 quod
1358 878 1426 933 de
1456 878 1600 948 ligno
1628 878 1793 933 vetito
1821 876 2077 945 contigis-

488 979 592 1039 set,
619 971 764 1026 illico
786 970 1066 1041 respondit
1095 987 1109 1023 :
1138 968 1328 1025 Mulier
1351 986 1506 1040 quam
1525 969 1712 1024 dedisti
1732 969 1857 1023 mihi
1883 969 2077 1023 sociam

488 1064 601 1134 ipsa
624 1063 748 1118 mihi
768 1063 908 1119 dedit
929 1064 992 1117 de
1015 1064 1180 1167 tigno,
1196 1075 1242 1119 et
1268 1063 1465 1116 comedi
1486 1060 1692 1134 (Cenes.
1716 1076 1795 1131 nt,
1822 1059 1932 1131 i2).
1956 1059 2076 1132 Ipsa

488 1174 701 1228 quoque
744 1157 937 1214 mulier
981 1154 1232 1228 inquisita
1273 1157 1567 1227 respondit,
1600 1156 1823 1210 dicens:
1852 1154 2074 1224 Serpens

487 1249 682 1319 decepit
704 1266 805 1316 me,
850 1262 899 1306 et
944 1249 1139 1304 comedi
1167 1246 1355 1320 (Ibid.,
1390 1247 1502 1319 15).
1531 1248 1613 1303 Ad
1644 1248 1745 1302 hoc
1768 1247 1965 1321 quippe
1992 1261 2076 1301 re-

486 1342 665 1414 quisiti
716 1343 944 1411 fuerant,
999 1352 1058 1397 ut
1109 1352 1383 1412 peccatum
1432 1343 1573 1413 quod
1629 1341 2075 1413 transgrediendo

485 1434 873 1491 commiserant
916 1432 1229 1490 confitendo
1273 1434 1533 1489 delerent.
1582 1432 1733 1489 Unde
1762 1440 1818 1488 et
1844 1448 2071 1503 serpens

485 1529 580 1585 ille
621 1545 927 1599 persuasor,
961 1530 1053 1600 qui
1084 1546 1190 1585 non
1219 1539 1337 1586 erat
1378 1530 1712 1586 revocandus
1739 1534 1805 1586 ad
1836 1531 2070 1598 veniam,

485 1637 592 1678 non
621 1632 703 1678 est
726 1623 795 1677 de
819 1623 974 1694 culpa
999 1623 1305 1693 requisitos.
1328 1622 1693 1697 Interrogatus
1712 1624 1892 1694 itaque
1912 1626 2073 1699 homo

485 1722 569 1768 est
592 1712 683 1768 ubi
714 1724 876 1781 esset,
907 1725 966 1770 ut
995 1725 1354 1786 perpetratam
1398 1717 1608 1785 culpam
1656 1717 1969 1785 respiceret,
2018 1725 2073 1773 et

486 1806 792 1863 confitendo
820 1818 1170 1879 cognosceret
1212 1824 1368 1880 quam
1410 1810 1625 1879 longea
1666 1810 1957 1866 conditoris
1986 1810 2067 1864 sui

2178 596 2411 653 sionem.
2439 596 2648 653 Mortuo
2674 600 2819 654 enim
2852 598 2985 654 Veni
3024 600 3163 671 foras
3191 598 3405 664 dicitur,
3434 609 3490 654 ut
3509 598 3579 653 ab
3606 610 3777 653 excu-

2176 693 2387 747 satione
2416 704 2578 761 atque
2603 693 2962 749 occultatione
3013 695 3217 762 peccati
3256 692 3322 746 ad
3371 691 3771 748 accusationem

2134 852 2139 857 .
2177 796 2328 836 suam
2355 799 2452 839 ore
2486 786 2702 854 proprio
2725 787 2875 842 exire
2905 796 3242 856 provocetur.
3269 784 3419 842 Unde
3450 785 3616 840 David
3644 801 3777 856 pro-

2177 872 2360 944 pheta,
2390 870 2411 912 f
2448 874 2516 929 ah
2546 876 2629 930 illa
2663 878 2796 931 tanti
2826 888 2999 932 morte
3026 875 3279 931 facinoris
3325 875 3672 941 reviviscens,
3702 872 3775 931 ad

2178 980 2362 1023 vocem
2401 967 2617 1027 Domini
2661 971 2811 1040 quasi
2862 970 3005 1025 foras
3033 971 3184 1031 exiit.
3215 969 3368 1035 dum,
3422 956 3523 1038 per
3562 968 3772 1023 Nathan

2176 1064 2481 1135 correptus,
2518 1060 2660 1130 quod
2707 1062 2907 1117 fecerat
2935 1063 3207 1117 accusavit
3235 1059 3327 1130 (II
3361 1061 3484 1132 Reg.
3520 1072 3622 1127 xu,
3654 1059 3770 1129 I3).

2248 1151 2336 1207 '52.
2365 1150 2674 1207 Occultandi
2696 1155 2887 1219 peccati
2915 1154 3067 1223 culpa
3092 1153 3404 1209 vehementer
3424 1153 3665 1206 excrevit.
3692 1180 3767 1191 —

2176 1241 2312 1310 Quia
2340 1243 2504 1313 igitur
2527 1244 2641 1300 haec
2660 1246 3032 1301 occultationis
3055 1245 3207 1314 culpa
3228 1246 3280 1299 in
3310 1244 3545 1299 humano
3570 1257 3774 1314 genere

2176 1335 2530 1393 vehementer
2558 1337 2820 1405 excrevit,
2850 1338 2987 1393 bene
3017 1337 3203 1393 beatus
3232 1336 3334 1394 Job
3362 1352 3483 1392 cum
3516 1336 3719 1392 diceret
3752 1350 3765 1384 :

2176 1427 2241 1483 Si
2262 1429 2507 1484 abscondi
2530 1440 2793 1498 peccatum
2812 1416 3336 1501 meum,interposuit
3365 1446 3380 1485 :
3405 1429 3549 1500 quasi
3584 1427 3758 1482 homo.

2178 1519 2426 1577 Hominis
2454 1522 2654 1591 quippe
2700 1537 2819 1579 esse
2869 1525 3145 1592 pr0prinm
3176 1520 3459 1590 conspicit,
3508 1519 3652 1589 quod
3698 1534 3766 1573 ex

2173 1612 2411 1682 parentis
2440 1614 2639 1668 veteris
2674 1613 2974 1668 imitatione
2999 1613 3301 1669 descendit.
3354 1612 3453 1668 Ubi
3484 1614 3609 1680 apte
3634 1611 3766 1665 sub-

2176 1703 2318 1759 ditur
2350 1721 2364 1759 :
2397 1702 2465 1758 Et
2491 1705 2653 1758 celavi
2683 1706 2735 1758 in
2767 1707 2884 1758 sinu
2910 1720 3021 1759 meo
3050 1705 3374 1772 iniquitatem
3394 1718 3579 1756 meum.
3613 1700 3763 1774 [Vet.

2174 1794 2338 1863 XIV,
2388 1813 2491 1853 rec.
2524 1795 2623 1871 X.]
2677 1797 2957 1866 Scriptura
3010 1798 3208 1853 etenim
3267 1812 3417 1853 sacra
3451 1799 3765 1864 plerumque

481 1897 619 1954 facie
651 1910 677 1937 ι
705 1901 939 1956 abesset.
989 1900 1092 1956 Sed
1123 1900 1379 1958 adhibere
1407 1900 1624 1957 sibimet
1647 1903 1861 1972 utrique
1886 1900 2066 1956 defen-

2172 1888 2351 1944 sinum
2378 1905 2581 1960 ponere
2603 1906 2700 1961 pro
2727 1904 2905 1947 mente
2938 1892 3233 1955 consuevit,
3258 1890 3395 1945 sicut
3419 1903 3550 1944 voce
3581 1887 3767 1942 Eccle-

480 1992 650 2048 sionis
680 1994 870 2049 solatia
896 2008 1054 2064 quam
1084 1994 1440 2050 confessionis
1470 1996 1767 2064 elegerunt.
1826 1994 2068 2064 Cumque

479 2100 741 2143 excusare
770 2096 1045 2155 peccatum
1076 2086 1245 2143 voluit
1266 2088 1348 2143 vir
1391 2103 1487 2157 per
1528 2088 1829 2154 mulierem,
1876 2088 2069 2143 mulier

480 2183 575 2243 per
604 2183 936 2243 serpentem,
967 2182 1234 2228 auxerunt
1262 2174 1495 2244 culpam,
1530 2190 1689 2242 quam
1723 2174 1861 2229 tueri
1886 2173 2064 2229 conati

479 2273 603 2319 sunt
633 2280 646 2315 :
680 2262 896 2333 oblique
925 2263 1096 2318 Adam
1134 2263 1417 2319 Dominum
1467 2273 1712 2334 tangens,
1759 2264 1901 2336 quod
1953 2265 2067 2333 ipse

479 2354 682 2425 peccati
712 2368 899 2410 eorum
929 2364 1117 2409 auctor
1152 2355 1440 2422 exstiterit,
1470 2356 1561 2426 qui
1590 2356 1871 2412 mulierem
1896 2356 2063 2423 fecit;

479 2456 536 2503 et
563 2448 669 2502 Eva
700 2447 909 2516 culpam
938 2446 1006 2501 ad
1038 2446 1321 2502 Dominum
1351 2448 1612 2515 referens,
1646 2450 1733 2517 qui
1757 2459 2064 2518 serpentem

480 2535 531 2594 in
558 2538 804 2610 paradiso
831 2540 1122 2610 posuisset.
1179 2539 1279 2608 Qui
1307 2542 1450 2595 enim
1477 2556 1573 2596 ore
1600 2540 1802 2595 diaboli
1831 2540 2066 2597 fallentis

479 2630 758 2687 audierant
789 2649 804 2689 :
832 2630 996 2687 Eritis
1022 2634 1154 2687 sicut
1180 2634 1255 2687 dii
1301 2631 1488 2703 (Ibid.,
1520 2633 1601 2704 5),
1632 2634 1754 2704 quia
1796 2634 1906 2691 Deo
1944 2650 2066 2691 esse

478 2724 682 2781 similes
708 2722 764 2779 in
794 2724 1072 2781 divinitate
1098 2726 1477 2795 nequiverunt,
1511 2728 1577 2782 ad
1619 2728 1821 2782 erroris
1858 2728 1942 2782 sui
1970 2741 2065 2782 cu-

450 2822 678 2878 .mulum
724 2821 888 2879 Deum
928 2822 1030 2879 sibi
1078 2821 1255 2878 facere
1280 2822 1507 2879 similem
1540 2823 1594 2878 in
1633 2826 1788 2891 culpa
1819 2820 1847 2861 b
1885 2823 2065 2878 conati

477 2922 621 2970 sunt.
653 2914 743 2971 Sic
787 2928 915 2985 ergo
940 2922 1145 2969 reatum
1170 2929 1322 2970 suum
1344 2916 1482 2969 'dum
1514 2914 1805 2970 defendere
1832 2914 2063 2970 moliun-

478 3016 583 3073 tur,
628 3007 952 3063 addiderunt
988 3015 1049 3062 ut
1089 3007 1245 3075 culpa
1299 3022 1484 3063 eorum
1536 3007 1769 3063 atrocior
1821 3007 2061 3063 discussa

478 3096 629 3154 fieret
655 3113 814 3167 quam
837 3098 1013 3154 fuerat
1037 3109 1362 3170 perpetrata.

545 3192 634 3247 51.
678 3190 836 3246 Multi
873 3192 1129 3247 Adamum
1166 3193 1456 3260 imitantur,
1498 3192 1632 3249 velut
1661 3195 1898 3250 arborum
1923 3194 2065 3265 foliis

2174 1982 2268 2035 size
2301 1981 2368 2037 de
2400 1984 2835 2051 persecutoribus
2864 1985 3088 2053 nostris,
3119 1985 3210 2053 qui
3239 1981 3397 2043 nobis
3420 1990 3609 2035 natura
3637 1980 3763 2050 qui-

2125 2109 2127 2112 ‹
2169 2075 2292 2132 dem
2321 2079 2590 2146 conjuncti
2622 2090 2767 2144 sunt,
2796 2079 2891 2133 sed
2923 2080 3031 2132 vita
3081 2076 3360 2145 disiuncti,
3412 2090 3506 2144 per
3537 2072 3761 2127 Psalmi-

2167 2178 2303 2224 stam
2334 2170 2527 2225 dicitur
2551 2188 2562 2223 :
2599 2167 2775 2224 Redde
2804 2169 2981 2224 vicinis
3025 2170 3211 2223 nostris
3235 2168 3530 2237 septuplum
3557 2167 3611 2219 in
3637 2166 3758 2219 sinu

2168 2279 2345 2316 eorum
2392 2260 2563 2334 (Psal.
2591 2279 2809 2331 Lxxvut,
2860 2262 2972 2334 l2).
3002 2262 3080 2317 Ac
3102 2261 3148 2317 si
3194 2272 3377 2330 aperte
3403 2258 3648 2315 diceret:
3698 2256 3762 2312 In

2168 2366 2349 2413 mente
2378 2372 2473 2413 sua
2503 2358 2767 2427 recipiant
2795 2358 2897 2413 hoc
2925 2356 3065 2428 quod
3099 2357 3154 2411 in
3186 2354 3385 2411 nostris
3441 2351 3762 2423 corporibus

2172 2448 2456 2503 saevientes
2478 2457 2791 2518 operantur,
2835 2458 2892 2504 ut
2934 2448 3064 2503 dum
3110 2461 3209 2502 nos
3237 2445 3474 2502 exterius
3511 2459 3576 2499 ex
3608 2453 3763 2513 parte

2168 2541 2419 2609 puniunt,
2454 2540 2556 2609 ipsi
2588 2540 2814 2619 interius
2834 2538 3071 2609 perfecte
3098 2537 3409 2609 puniantur.
3432 2534 3568 2603 Quia
3599 2533 3762 2604 igitur

2166 2632 2321 2687 sinus
2347 2641 2622 2687 secretum
2659 2633 2857 2687 mentis
2875 2631 3158 2701 accipitur,
3192 2631 3244 2685 in
3276 2629 3398 2685 sinu
3424 2625 3760 2697 iniquitatem

2165 2725 2346 2781 celare
2367 2733 2450 2780 est
2481 2727 2616 2779 hanc
2636 2725 2692 2780 in
2714 2725 3061 2780 conscientiae
3080 2722 3317 2779 latibulis
3346 2722 3638 2787 occultare,
3660 2734 3763 2775 nec

2168 2835 2263 2889 per
2283 2820 2676 2876 confessionem
2720 2820 2993 2890 detegere,
3024 2819 3118 2874 sed
3149 2834 3243 2889 per
3269 2816 3634 2873 defensionem
3663 2828 3754 2869 ve-

2165 2911 2295 2967 lare.
2316 2914 2433 2979 Quo
2453 2921 2636 2967 contra
2650 2911 2881 2967 Jacobus
2901 2912 3034 2967 dicit
3060 2928 3073 2965 :
3101 2909 3426 2979 Conﬁtemini
3449 2909 3762 2963 alterutrum

2162 3015 2377 3077 peccata
2430 3016 2617 3075 vestra,
2669 3016 2719 3061 et
2771 3014 2913 3060 orate
2965 3023 3058 3076 pro
3112 3006 3346 3071 invicem,
3396 3013 3451 3058 ut
3496 3004 3763 3059 satvemini

2167 3097 2305 3170 (Jac.
2335 3115 2388 3168 v,
2444 3097 2557 3167 16).
2607 3098 2864 3153 Salomon
2919 3114 3131 3169 quoque
3182 3098 3301 3151 ait:
3334 3095 3436 3163 Qui
3490 3095 3762 3150 abscondit

2165 3193 2357 3245 seclera
2375 3206 2491 3256 sua,
2516 3206 2619 3243 non
2649 3190 2933 3259 dirigetur;
2964 3192 3053 3261 qui
3082 3198 3251 3243 autem
3273 3192 3533 3261 confessus
3561 3188 3738 3258 fuerit,

478 3292 741 3355 peccatum
769 3284 1075 3339 abscondere
1111 3285 1431 3356 cogitantem.
1471 3283 1720 3341 Peccator
1763 3303 1790 3340 e
1826 3288 2060 3357 sepulcro
2089 3288 2136 3352 C
2164 3291 2213 3335 et
2262 3280 2587 3349 dereliquerat
2632 3296 2713 3347 ea,
2756 3280 3163 3336 misericordiam
3205 3290 3533 3351 consequetur
3574 3278 3756 3352 (Prov.

477 3374 581 3429 escit
610 3390 699 3444 per
733 3375 1124 3447 confessionem.
1153 3406 1225 3417 —
1249 3376 1402 3433 Unde
1432 3394 1573 3433 nunc
1601 3394 1814 3449 quoque
1844 3379 2062 3435 humani

476 3467 686 3538 generis
714 3468 850 3523 rami
875 3482 943 3524 ex
978 3467 1078 3525 hac
1106 3468 1281 3525 adhuc
1305 3470 1487 3525 radice
1515 3472 1923 3529 amaritudinem
1957 3486 2063 3529 tra-

476 3557 630 3626 hunt,
660 3570 719 3615 ut
748 3575 869 3615 cum
890 3561 959 3617 de
984 3560 1115 3616 vitio
1140 3576 1240 3618 suo
1266 3563 1490 3633 quisque
1509 3566 1771 3636 arguitur,
1798 3577 1821 3605 ο
1849 3566 1949 3622 sub
1970 3567 2060 3623 de-

476 3644 779 3706 fensionum
809 3651 971 3708 verba
996 3653 1146 3723 quasi
1175 3654 1274 3709 sub
1295 3653 1542 3723 qutcdam
1570 3670 1630 3710 se
1658 3657 1911 3713 arborum
1934 3656 2060 3712 folia

472 3742 789 3810 abscondat,
832 3755 887 3801 et
928 3746 1076 3801 velut
1118 3745 1186 3800 ad
1238 3747 1482 3816 quaedam
1537 3750 1897 3805 excusationis
1951 3757 2064 3806 δύω

476 3850 640 3905 opaca
681 3845 894 3892 secreta
950 3837 1140 3892 faciem
1168 3837 1196 3874 α
1231 3837 1525 3893 conditoris
1569 3839 1753 3909 fugiat,
1799 3842 1925 3897 dum
1954 3858 2061 3897 non

390 3934 397 3939 ‘
476 3927 588 3981 vult
631 3926 793 3998 713
841 3928 1093 3997 cognosci
1121 3927 1261 3996 quod
1291 3928 1437 3983 fecit.
1472 3930 1529 3983 ln
1563 3945 1663 3999 qua
1688 3930 1944 3987 videlicet
1971 3948 2063 3988 oc-

478 4018 769 4076 cultatione
795 4034 900 4076 non
946 4034 1005 4075 se
1035 4019 1295 4095 Domino,
1314 4020 1409 4077 sed
1455 4019 1738 4077 Dominum
1782 4024 2064 4081 abscondit

477 4111 599 4168 sibi.
632 4113 755 4184 Agit
776 4115 974 4184 quippe
1000 4128 1068 4168 ne
1094 4113 1273 4168 omnia
1303 4114 1573 4171 videntem
1602 4116 1800 4185 videat,
1834 4133 1939 4174 non
1967 4134 2063 4175 au—

476 4210 581 4258 tem
610 4218 677 4257 ne
704 4204 821 4274 ipse
860 4194 1121 4260 videatur.
1176 4205 1295 4273 Quo
1323 4215 1514 4261 contra
1551 4209 1744 4279 cuique
1795 4212 2061 4279 peccaturi

476 4291 582 4363 iam
616 4293 895 4349 exordium
924 4294 1325 4353 illuminationis
1349 4306 1432 4353 est
1458 4298 1733 4356 humilitas
1763 4305 2059 4360 confessio-

477 4384 581 4450 nis,
624 4383 745 4455 quia
780 4384 1097 4457 sibimetipsi
1123 4387 1234 4456 jam
1264 4402 1489 4457 parcere
1518 4391 1714 4457 renuit,
1745 4394 1835 4463 qui
1865 4396 2063 4452 malum

476 4492 582 4535 non
609 4479 879 4535 erubescit
905 4477 1150 4536 confiteri
1170 4479 1310 4549 quod
1340 4480 1494 4548 fecit;
1527 4493 1581 4537 et
1602 4483 1693 4551 qui
1721 4483 2063 4544 defendendo

477 4581 503 4611 ⁸
528 4576 769 4631 accusari
798 4575 988 4645 potuit,
1028 4577 1328 4633 accusando
1365 4592 1426 4634 se
1472 4579 1761 4638 celerrime
1799 4584 2059 4640 defendit.

2165 3389 2353 3438 xxvnt,
2387 3374 2501 3444 l5).
3146 3422 3147 3429 η

2232 3465 2323 3521 55.
2348 3465 2501 3521 Ficta
2529 3479 2601 3522 est
2622 3468 2816 3540 peccati
2846 3469 3106 3539 confessio
3136 3465 3245 3522 sine
3275 3466 3585 3521 humilitate.
3624 3465 3751 3523 Sin~

2124 3606 2127 3611 .
2162 3575 2294 3614 certe
2319 3560 2649 3632 confessionis
2679 3561 2902 3617 indicia.
2933 3591 2999 3601 —
3039 3561 3145 3617 Sed
3175 3561 3313 3616 inter
3336 3560 3449 3616 haec
3478 3562 3758 3616 sciendum

2164 3653 2413 3723 estquod
2442 3656 2756 3725 plerumque
2781 3655 3027 3712 homines
3049 3664 3103 3710 et
3129 3657 3313 3726 culpas
3334 3656 3682 3722 confitentur,
3703 3664 3760 3710 et
3822 3692 3843 3707 ρ

2112 3752 2119 3759 ’
2169 3743 2401 3800 humiles
2424 3762 2531 3801 non
2555 3757 2701 3802 sunt.
2729 3746 2863 3802 Nam
2888 3748 3085 3802 multos
3112 3751 3361 3804 novimus
3389 3751 3479 3819 qui
3503 3758 3759 3819 arguente

2166 3841 2312 3895 nullo
2372 3850 2682 3911 peccatores
2729 3856 2787 3896 se
2814 3856 2938 3898 esse
2987 3843 3346 3907 confitentur;
3382 3856 3502 3897 cum
3533 3856 3662 3896 vero
3692 3839 3784 3897 de

2164 3935 2319 4005 culpa
2350 3950 2445 3991 sua
2494 3937 2699 3992 fuerint
2741 3937 2970 3993 fortasse
2999 3936 3257 4008 correpti,
3291 3936 3616 3993 defensionis
3663 3950 3759 4006 pa-

2167 4028 2449 4083 trocinium
2501 4038 2768 4100 quaerunt,
2822 4045 2892 4085 ne
2934 4039 3250 4100 peccatores
3280 4043 3402 4085 esse
3451 4028 3755 4083 videantur.

2165 4122 2267 4189 Qui
2291 4122 2337 4176 si
2371 4131 2496 4178 tunc
2522 4138 2643 4178 cum
2669 4123 2722 4178 id
2752 4133 2945 4193 sponte
2970 4125 3156 4181 dicunt
3197 4134 3509 4195 peccatores
3539 4138 3603 4179 se
3633 4137 3758 4178 esse

2164 4219 2343 4273 veraci
2398 4218 2697 4276 humilitate
2720 4233 3129 4291 cognoscerent,
3186 4236 3307 4276 cum
3351 4231 3647 4291 arguuntur
3690 4221 3761 4276 ab

2166 4310 2306 4381 aliis,
2342 4327 2463 4369 esse
2497 4328 2559 4369 se
2603 4315 2745 4384 quod
2772 4313 3009 4371 confessi
3060 4314 3272 4371 fuerant
3322 4330 3432 4370 non
3478 4324 3756 4387 negarent.

2165 4405 2282 4473 Qua
2333 4406 2390 4461 in
2444 4420 2506 4461 re
2536 4406 2732 4462 indicia
2792 4423 2935 4463 verae
2977 4406 3334 4464 confessionis
3377 4415 3523 4474 sunt,
3551 4407 3596 4462 si
3638 4421 3759 4462 cum

2167 4499 2397 4569 quisque
2423 4514 2485 4556 se
2515 4509 2853 4570 peccatorem
2904 4501 3055 4567 dicit,
3087 4501 3139 4557 id
3168 4501 3236 4557 de
3262 4517 3323 4557 se
3371 4502 3569 4557 dicenti
3598 4501 3758 4556 etiam

2167 4592 2323 4647 alteri
2355 4607 2462 4649 non
2489 4594 2835 4650 contradicit.
2856 4594 2989 4650 Nam
3012 4596 3135 4665 quia
3156 4594 3413 4664 scriptum
3444 4603 3527 4649 est
3545 4611 3558 4647 :
3578 4592 3759 4649 Justus

475 4665 632 4725 Unde
648 4678 702 4726 et
721 4678 935 4726 mortuo
958 4668 1183 4735 Lazaro,
1204 4671 1297 4739 qui
1318 4670 1461 4727 mole
1482 4686 1673 4745 magna
1697 4660 2058 4746 premebatur,
2088 4674 2146 4737 Ι)
2168 4683 2222 4737 in
2253 4684 2507 4755 principio
2535 4696 2805 4740 accusator
2833 4695 2906 4741 est
2933 4660 3043 4739 sui—
3060 4684 3244 4757 (Prov.
3267 4660 3284 4664 ⁷
3307 4700 3455 4750 χνιιι,
3488 4685 3601 4756 l7),
3655 4700 3758 4742 non

476 4774 814 4832 nequaquam
856 4762 1053 4819 dicitur
1108 4779 1122 4817 :
1168 4761 1471 4833 Revivisce,
1518 4766 1615 4822 sed
1666 4784 1681 4821 :
1734 4766 1867 4825 Veni
1922 4775 2064 4842 foras

477 4850 663 4924 (Joan.
695 4870 770 4922 si,
800 4850 912 4925 45).
958 4854 1042 4910 Ex
1088 4870 1191 4924 qua
1228 4854 1436 4913 scilicet
1477 4861 1898 4929 resurrectione,
1946 4878 2064 4935 qum

474 4953 623 5018 gesta
674 4944 727 5000 in
779 4945 922 5002 illius
966 4953 1057 5002 est»
1098 4961 1349 5017 corpore,
1393 4948 1637 5021 signatur
1686 4953 1915 5023 qualiter
1965 4972 2065 5012 nos

476 5037 859 5095 resuscitemur
894 5040 946 5093 in
975 5038 1163 5107 corde,
1206 5053 1328 5094 cum
1375 5040 1625 5098 videlicet
1675 5056 1888 5102 mortuo
1926 5047 2062 5105 dici-

478 5139 603 5188 tur:
648 5131 771 5187 Veni
814 5134 977 5205 foras,
1027 5141 1087 5187 ut
1133 5132 1387 5189 nimirum
1419 5135 1582 5193 homo
1612 5138 1667 5193 in
1699 5148 1918 5207 peccato
1964 5155 2065 5197 suo

481 5237 747 5295 mortuus,
778 5236 833 5282 et
876 5241 972 5297 per
1009 5226 1207 5284 molem
1238 5230 1394 5285 malae
1422 5231 1826 5290 consuetudinis
1848 5234 1960 5305 jam
1985 5250 2071 5293 se-

480 5319 681 5389 pultus,
703 5320 827 5391 quia
851 5319 990 5376 intra
1011 5320 1404 5378 conscientiam
1432 5336 1588 5379 suam
1608 5324 1905 5382 absconsus
1926 5326 2069 5399 facet

553 5469 581 5499 ι
607 5461 720 5517 Val.
748 5462 854 5526 CL.
886 5465 1091 5523 abisset.

552 5528 582 5571 δ
612 5530 902 5604 Gussanv.,
932 5540 1097 5593 notati
1138 5548 1274 5605 sunt,
1307 5554 1465 5608 quam
1493 5541 1777 5597 lectionem
1810 5545 1969 5601 nullis
2012 5548 2068 5605 in

483 5600 611 5681 mss.
661 5615 752 5658 aut
774 5600 1047 5681 veteribus
1084 5610 1230 5667 Edit.
1260 5600 1612 5681 invenimus,
1659 5612 1793 5669 alias
1832 5631 1863 5670 a
1904 5600 2069 5677 sensu

481 5672 882 5760 abhorrentem.
914 5678 1099 5760 Neque
1131 5690 1309 5737 tamen
1326 5672 1699 5760 ‘mendumest
1728 5672 2073 5760 typographi:

480 5756 634 5834 cum;
666 5762 795 5834 nam.
817 5764 953 5834 vera.
963 5752 1147 5834 lectio,
1169 5753 1338 5808 conati
1360 5764 1498 5820 sunt,
1536 5752 1845 5814 ibidcm'ad
1858 5752 2071 5834 margi-

482 5831 621 5889 liettli
634 5819 832 5889 reiecta
854 5819 1065 5889 legitur.

554 5896 579 5928 ε
603 5887 722 5945 Val.
747 5888 857 5963 CL,
888 5887 979 5947 sub
1002 5892 1359 5969 defensionum
1380 5898 1550 5969 verba,
1572 5900 1717 5972 quasi
1737 5911 1830 5961 sub
1847 5906 2073 5976 quodam

2170 4778 2341 4849 magis
2373 4789 2647 4847 peccator,
2682 4779 2778 4833 sed
2820 4778 2999 4848 justus
3024 4777 3196 4834 videri
3233 4778 3456 4847 appetit,
3487 4791 3610 4831 cum
3642 4791 3759 4845 pec-

2174 4880 2413 4927 catorem
2447 4871 2593 4943 714
2618 4887 2677 4928 se
2706 4872 2931 4943 quisque
2960 4871 3105 4927 nullo
3141 4878 3398 4942 arguente
3451 4866 3771 4934 confitetur,”

2172 4966 2268 5021 sed
2294 4964 2650 5021 confessionis
2682 4964 2962 5021 veritatem
2995 4965 3205 5035 probat,
3235 4980 3355 5019 cum
3388 4962 3527 5017 alter
3563 4962 3757 5018 malum

2172 5057 2316 5129 quod
2346 5055 2572 5114 fecimus
2595 5059 2852 5128 increpat.
2883 5058 3039 5127 Quod
3062 5060 3107 5115 si
3146 5058 3377 5129 superbe
3402 5054 3755 5121 defendimus,

2172 5151 2341 5223 liquet
2368 5153 2493 5222 quia
2514 5162 2825 5222 peccatores
2851 5168 2948 5210 nos
2975 5169 3047 5211 es
3094 5155 3250 5211 nobis
3282 5156 3403 5209 ficte
3433 5153 3755 5209 dicebamus.

2176 5242 2331 5301 Unde
2344 5257 2690 5315 summopere
2711 5246 3007 5301 curandum
3032 5255 3116 5302 est
3135 5257 3195 5302 ut
3217 5246 3354 5301 mala
3372 5260 3492 5314 qua:
3514 5244 3756 5310 fecimus,

2183 5346 2239 5393 et
2266 5344 2462 5408 sponte
2486 5334 2774 5407 fateamur,
2796 5347 2852 5395 et
2876 5338 2992 5395 hate
3020 5339 3141 5395 aliis
3170 5338 3516 5410 arguentibus
3539 5351 3642 5396 non
3671 5352 3757 5393 ne-

2136 5468 2139 5469 7
2175 5494 2228 5534 se
2256 5478 2500 5533 arborum
2543 5476 2689 5548 folio.
2730 5479 2977 5551 Plerique
3016 5479 3225 5548 Norm.,
3273 5479 3366 5534 sub
3407 5479 3756 5551 defensionum

2175 5552 2357 5617 verbis,
2384 5551 2532 5619 quasi
2562 5550 2655 5622 sub
2684 5550 2989 5618 quibusdam
3015 5554 3259 5606 arborum
3280 5551 3439 5622 foliis.

2249 5622 2275 5659 ά
2300 5622 2467 5694 Laud.
2492 5632 2545 5694 et
2596 5620 2713 5675 Val.
2739 5623 2849 5687 CL,
2877 5626 3172 5694 cognitoris.

2251 5703 2275 5776 ξ
2306 5692 2469 5776 fidem
2498 5692 2649 5760 Mss.,
2674 5692 2985 5751 accusare...
3038 5696 3329 5750 accusando
3356 5709 3410 5749 se
3449 5692 3755 5748 ceteberrimt

2449 5842 2664 5917 praeter.
2696 5836 2960 5904 Barthol.,
2984 5836 3045 5890 ab
3070 5836 3163 5917 ifta
3186 5841 3316 5893 tanti
3335 5836 3469 5892 mole
3496 5835 3749 5907 facinoris,

2180 5924 2209 5966 a
2236 5907 2427 5980 quibus
2456 5907 2712 5965 recedere
2739 5918 2937 5980 cogunt
2964 5924 3065 5967 nos
3090 5910 3217 5968 Mss.
