4066 6348
320 323 423 382 235

1098 325 1458 383 MORALIUM
1499 325 1626 384 LIB.
1671 289 1832 382 XXII.
1877 352 1944 368 -
1977 322 2040 382 lN
2081 324 2309 384 CAPUT
2352 320 2528 382 XXXI
2565 325 2630 381 Β.
2669 324 2810 381 Ioe.
2881 291 2887 298 ’

3479 321 3585 380 πε

314 451 522 506 gemas.
553 435 827 506 Superbiae
880 437 1074 507 quippe
1119 439 1302 494 vitium
1346 449 1430 494 est
1458 449 1514 493 ut
1543 440 1687 508 quod
1718 439 1785 494 de
1830 454 1890 496 se
1918 446 1970 506 Α
1997 440 2629 497 turbationevexatur.A
2647 435 3322 509 cunctisquippeexternis
3346 438 3580 494 motibus

314 523 465 579 fateri
491 524 717 594 quisque
737 525 884 593 quasi
914 539 1007 579 sua
1029 532 1220 594 sponte
1240 525 1509 595 dignatur.
1535 525 1636 581 hoc
1661 526 1762 582 sibi
1789 525 1898 582 dici

313 615 383 672 ab
415 617 533 672 aliis
560 617 876 691 dedignelur
1275 681 1278 684 4

386 710 476 767 5i.
506 711 606 766 Job
636 713 688 765 in
719 722 911 783 peccati
942 713 1258 783 confessione
1287 713 1571 768 humilitas.
1602 712 1752 782 Stepe
1774 729 1898 784 gra-

313 802 468 856 vioris
511 805 805 858 certaminis
838 816 911 860 est
948 815 1152 874 peccata
1181 807 1413 875 conﬁteri
1443 822 1596 874 quam
1623 806 1904 860 uitare..—

312 893 509 950 Beatus
556 897 734 966 itaque
753 895 852 951 Job
899 907 1110 966 quantm
1165 897 1324 954 luerit
1364 897 1678 954 humilitatis
1723 907 1904 954 osten-

311 985 429 1053 dit,
480 987 572 1058 qui
615 1003 676 1044 se
724 996 780 1045 et
824 989 962 1044 inter
1010 990 1344 1045 adversarios
1401 983 1624 1047 noverat
1688 993 1891 1056 vivere,

310 1088 366 1135 et
408 1090 586 1134 tamen
641 1097 747 1136 non
795 1082 1081 1138 verebatur
1124 1083 1308 1152 culpas
1365 1099 1496 1140 voce
1543 1084 1898 1140 confessionis

311 1176 545 1244 aperire.
575 1175 681 1230 Sed
725 1161 1019 1231 notandum
1049 1177 1192 1248 quod
1224 1177 1470 1247 superius
1520 1178 1746 1233 virtutes
1775 1191 1900 1233 suas

313 1266 577 1337 loquitur,
604 1267 824 1323 inferius
855 1278 1127 1338 peccatum
1162 1271 1372 1324 fatetur.
1409 1269 1542 1324 Hinc
1565 1272 1709 1325 enim
1737 1269 1895 1339 liqui-

311 1362 381 1416 do
411 1363 746 1417 demonstrat
775 1379 934 1431 quam
968 1379 1091 1418 vera
1116 1363 1184 1419 de
1211 1364 1364 1418 bonis
1411 1364 1523 1418 suis
1551 1363 1780 1428 dixerat,
1811 1361 1901 1432 qui

312 1454 483 1509 uoluit
511 1462 688 1509 tacere
711 1453 779 1508 de
819 1454 996 1508 malis.
1039 1454 1200 1510 Modo
1241 1455 1461 1509 virtutes
1506 1468 1630 1509 suas
1675 1452 1898 1519 indicat,

315 1546 478 1600 modo
508 1545 742 1616 culpam,
776 1546 899 1616 quia
949 1557 1003 1601 et
1063 1549 1451 1616 pcrpetraverit
1502 1555 1797 1616 peccatum,
1847 1553 1905 1600 et

311 1657 415 1695 non
463 1640 704 1708 tacuerit,
751 1641 1072 1697 manifestat.
1127 1640 1280 1696 Unde
1319 1639 1618 1696 certissime
1665 1648 1888 1710 apparet

312 1743 523 1805 quanta:
554 1734 832 1790 munditiae
864 1735 918 1788 in
949 1733 1340 1803 omnipotentis
1391 1734 1482 1788 Dei
1515 1733 1684 1788 oculis
1715 1733 1901 1798 fuerit,

2003 533 2243 590 eamdem
2265 534 2615 590 intentionem
2637 548 2785 588 suam
2809 529 2961 602 quasi
2977 531 3264 602 quemdam
3287 531 3587 588 secretissi-

2003 642 2148 682 mum
2177 633 2452 682 secessum
2497 627 2648 694 petit,
2684 619 2863 695 ibique
2896 635 2928 662 ι’
2950 623 3372 679 incommutabili
3413 623 3582 679 inhae-

2003 733 2148 782 rens,
2197 725 2252 772 et
2297 716 2572 773 mutabilia
2624 726 2813 771 cuncta
2859 717 3266 781 transcendens,
3301 718 3442 786 ipsa.
3469 715 3581 786 jam

2006 812 2390 881 tranquillitate
2420 810 2614 880 quietis
2646 825 2754 865 suae
2802 809 2856 864 in
2900 810 3098 864 mundo
3138 821 3290 865 extra
3328 809 3583 864 mundum

2005 913 2109 960 est.
2142 903 2364 960 Excedit
2392 901 2632 974 profecto
2680 903 2783 956 ima
2815 903 2991 957 omnia
3023 903 3320 958 intentione
3347 917 3584 957 summo-

2004 1011 2147 1063 rum,
2174 995 2333 1066 715
2362 1004 2414 1051 et
2432 995 2638 1051 cunctis
2659 995 2818 1050 rebus
2843 1010 2971 1064 quas
2990 1012 3092 1050 non
3111 995 3314 1065 appetit
3337 995 3587 1050 libertate

2005 1088 2232 1158 quadam
2262 1104 2320 1143 se
2348 1102 2631 1162 superesse
2653 1087 2836 1153 sentit,
2862 1102 2960 1143 nec
2991 1096 3361 1156 tempestatem
3407 1101 3586 1143 rerum

2010 1182 2385 1251 temporalium
2445 1163 2597 1238 intus,
2645 1182 2894 1251 sustinet,
2954 1197 3111 1251 quam
3158 1183 3392 1237 intuetur
3434 1181 3584 1235 foris.

2007 1278 2131 1347 quia
2164 1284 2376 1331 terrena
2404 1277 2605 1343 omnia,
2637 1291 2754 1345 qua:
2785 1275 3068 1346 concupita
3091 1275 3402 1345 opprimere
3432 1289 3584 1329 men-

2008 1379 2113 1424 tem
2150 1379 2412 1435 poterant,
2447 1369 2704 1438 despecta
2732 1367 3117 1437 subterjacent.
3155 1365 3305 1421 Unde
3337 1367 3470 1420 bene
3493 1379 3586 1434 per

2010 1459 2327 1528 prOphetam
2348 1457 2576 1513 dicitur:
2606 1457 2788 1513 Statue
2809 1457 2900 1510 tibi
2927 1453 3415 1524 speculam(1erem.
3437 1467 3587 1516 XXXI,

2008 1550 2121 1621 2i),
2155 1559 2211 1604 ut
2241 1551 2366 1605 dum
2408 1551 2634 1621 quisque
2665 1549 2973 1619 speculatur
3015 1561 3246 1614 summa,
3281 1546 3579 1614 superemi-

2012 1654 2140 1698 neat
2166 1644 2386 1698 inlitnis.
2420 1643 2554 1698 Hinc
2602 1642 2762 1697 etiam
2798 1643 3044 1697 llabacuc
3073 1641 3242 1696 dicit:
3275 1639 3446 1711 Super
3498 1654 3589 1691 cu-

2014 1739 2234 1800 stodiam
2257 1754 2421 1792 meam
2447 1740 2590 1791 stabo
2619 1736 2843 1808 (Habac.
2874 1751 2932 1800 ιι,
2967 1735 3043 1807 l).
3075 1736 3188 1789 Stat
3212 1735 3409 1803 quippe
3436 1746 3598 1802 super

312 1829 403 1898 qui
449 1838 503 1883 et
533 1828 722 1883 vitavit
753 1828 916 1894 mala,
970 1843 1036 1882 ne
1055 1828 1439 1891 committeret,
1471 1835 1526 1881 et
1573 1838 1748 1880 tamen
1779 1843 1980 1904 quae];
2012 1830 2306 1886 custodiam
2334 1846 2504 1897 suam,
2532 1829 2620 1899 qui
2651 1844 2746 1898 per
2773 1829 3048 1884 solertiam
3097 1826 3400 1896 disciplina:
3430 1817 3599 1881 terre-

313 1936 434 1976 eum
466 1922 805 1975 committere
833 1921 1075 1990 contigit,
1125 1919 1431 1974 hominibus
1459 1935 1567 1973 non
1593 1919 1898 1980 abscondit.

312 2024 574 2084 quatenus
596 2015 649 2069 ei
672 2014 968 2084 etjustitize
992 2015 1061 2069 sit
1083 2014 1249 2084 gloria
1273 2015 1577 2069 declinasse
1606 2023 1900 2081 peccatum,

312 2107 603 2176 etjustitia:
631 2107 872 2162 custodia
912 2106 1054 2176 quod
1114 2122 1221 2162 non
1254 2107 1426 2177 potuit
1479 2101 1756 2162 declinare
1786 2123 1909 2178 pro-

313 2199 531 2255 didisse.
566 2200 822 2255 Videatnr
851 2201 935 2254 vir
966 2201 1068 2255 iste
1091 2200 1314 2254 cuilibet
1341 2214 1563 2270 magnus
1616 2200 1668 2254 in
1701 2201 1904 2254 virtuti-

316 2293 413 2348 bus
442 2294 571 2358 suis,
609 2293 735 2347 mihi
764 2302 908 2348 certe
939 2292 1181 2348 sublimis
1210 2302 1433 2362 apparet
1472 2293 1635 2347 etiam
1678 2293 1730 2346 in
1783 2307 1907 2362 pec-

322 2386 458 2440 catis
485 2386 618 2441 suis.
652 2384 910 2440 Mirentur
943 2385 994 2438 in
1023 2400 1087 2438 eo
1132 2393 1157 2420 ει
1181 2387 1268 2452 qui
1297 2387 1480 2439 volunt
1505 2383 1764 2439 castitatis
1785 2397 1913 2437 con-

321 2478 626 2544 tinentiam,
666 2478 932 2534 mirentur
984 2477 1339 2548 integritatem
1367 2477 1610 2546 justitim,
1653 2476 1915 2530 mirentur

320 2573 538 2628 viscera
571 2573 821 2642 pietatis;
849 2588 950 2641 ego
982 2572 1034 2627 in
1061 2587 1124 2627 eo
1153 2587 1258 2626 non
1310 2570 1488 2625 minus
1518 2570 1758 2624 admiror
1785 2584 1916 2624 con-

316 2664 612 2719 fessionem
635 2664 994 2718 humilliniam
1019 2675 1356 2732 peccatorum
1380 2677 1539 2732 quam
1571 2669 1648 2715 tot
1665 2659 1913 2714 sublimia

317 2765 472 2826 gesta
503 2756 779 2810 virtutum.
814 2754 936 2810 St-io
967 2754 1109 2808 enim
1160 2754 1300 2824 quod
1336 2769 1428 2823 per
1461 2752 1791 2807 infirmitatis
1821 2766 1915 2806 ve-

318 2850 630 2905 recundiam
700 2850 1015 2919 plerumque
1101 2847 1368 2918 gravioris
1442 2856 1524 2900 est
1601 2843 1914 2900 certaminis

325 2946 616 2998 commissa
644 2953 860 3014 peccata
891 2943 1118 3012 prodere
1146 2956 1303 3010 quam
1334 2955 1438 2994 non
1465 2938 1696 2994 admissa
1721 2939 1912 3007 vitare,

323 3047 383 3094 et
412 3038 441 3077 ιι
475 3040 886 3110 unumquodque
911 3041 1106 3093 malum
1127 3039 1370 3108 quamvis
1400 3034 1675 3090 robustius
1693 3034 1911 3098 vitetur,

323 3138 503 3185 tamen
529 3130 780 3186 humilius
826 3130 1088 3200 proditur.
1131 3129 1347 3184 "Beatus
1372 3142 1502 3198 ergo
1534 3124 1657 3194 Job,
1685 3125 1798 3197 qui,
1829 3132 1914 3179 tot

2017 1928 2100 1980 nis
2114 1925 2393 1981 desideriis
2421 1939 2527 1980 non
2541 1923 2860 1987 succumbit,
2876 1922 2969 1978 sed
2993 1921 3372 1991 supereminet,
3390 1929 3448 1974 ut
3468 1919 3596 1975 dum

2016 2034 2230 2088 semper
2251 2027 2480 2074 stantem
2496 2017 2696 2088 appetit
2713 2017 3094 2083 aeternitatem,
3118 2010 3256 2067 infra
3280 2010 3413 2066 sitei
3430 2024 3594 2066 omne

2016 2111 2158 2181 quod
2184 2111 2390 2166 transit.
2691 2161 2694 2166 .

2087 2203 2178 2260 36.
2214 2206 2348 2272 Quia
2377 2205 2548 2258 carnis
2595 2203 2916 2273 inﬁrmitates
2960 2209 3007 2254 et
3034 2200 3437 2268 perturbationes
3493 2211 3598 2250 non

2017 2299 2263 2354 excludit.
2321 2297 2502 2352 Sancti
2562 2296 2654 2350 Dei
2707 2295 2841 2348 dono
2878 2291 3340 2362 imperturbabiles,
3389 2289 3600 2360 propria

2015 2392 2317 2460 inﬁrmitate
2345 2388 2810 2461 perturbationibus
2839 2386 3122 2457 subjacent.
3155 2413 3221 2424 —-
3252 2382 3454 2437 Tamen
3481 2379 3602 2450 quia

2016 2495 2234 2543 sanctus
2287 2485 2369 2539 vir
2424 2483 2753 2555 quantalibet
2793 2483 2991 2536 virtute
3033 2479 3345 2550 profecerit,
3377 2490 3500 2532 eum
3550 2475 3603 2529 in

2020 2577 2122 2632 hac
2142 2577 2253 2630 vita
2287 2578 2521 2646 positum
2554 2575 2729 2629 adhuc
2755 2575 3091 2629 extrinsecus
3113 2573 3292 2628 carnis
3315 2567 3604 2624 infirmitas

2019 2671 2233 2740 premit,
2268 2679 2323 2724 ut
2344 2671 2599 2739 scriptum
2625 2677 2708 2726 est
2741 2685 2754 2720 :
2811 2668 3116 2737 Quanquam
3159 2666 3214 2718 in
3241 2664 3465 2734 imagine
3508 2658 3606 2714 Dei

2019 2764 2244 2817 ambulet
2286 2764 2457 2828 homo,
2485 2771 2653 2815 tamen
2673 2777 2798 2814 vane
2820 2757 3151 2813 conturbatur
3177 2754 3354 2825 (Psal.
3375 2767 3605 2814 XXXVIII,

2021 2857 2102 2926 7),
2149 2857 2466 2925 plerumque
2516 2855 2710 2924 agitur,
2761 2863 2817 2907 ut
2861 2862 2914 2907 et
2960 2851 3204 2906 turbetur
3253 2849 3510 2910 exterius,
3556 2856 3608 2901 et

2019 2946 2475 3017 imperturbabilis
2537 2946 2792 3015 perduret
2842 2943 3102 3009 interius;
3164 2952 3216 2997 et
3272 2939 3414 3009 quod
3471 2953 3606 2992 vane

2019 3039 2330 3096 conturbari
2361 3047 2556 3109 potest,
2589 3040 2655 3092 de
2686 3038 2993 3092 inlirmitate
3012 3033 3190 3089 carnis
3222 3032 3313 3101 sit,
3365 3030 3609 3102 quamvis

2019 3134 2159 3204 quod
2212 3134 2263 3186 in
2312 3133 2541 3202 imagine
2590 3131 2681 3186 Dei
2729 3129 2988 3194 ambulat,
3031 3129 3097 3183 de
3147 3127 3343 3182 virtute
3389 3126 3605 3191 mentis,

324 3222 536 3292 magnis
562 3223 814 3293 operibus
833 3222 1280 3287 fultus,confiteri
1305 3221 1517 3288 culpam
1542 3233 1648 3273 non
1674 3216 1908 3284 erubuit,

2023 3235 2290 3298 quatenus
2307 3237 2362 3282 et
2379 3225 2820 3280 rohoreturintus
2841 3222 3021 3277 divino
3043 3219 3333 3290 adjutorio,
3359 3228 3413 3273 et
3431 3226 3607 3271 tamen

325 3313 562 3368 ostendit
595 3314 645 3367 in
675 3313 957 3368 virtutibus
986 3328 1145 3384 quam
1177 3311 1397 3366 humilis
1425 3310 1545 3366 fuit.
1572 3308 1676 3365 Sed
1699 3309 1816 3378 quia
1840 3323 1911 3364 ex

325 3403 633 3461 humilitate
679 3421 804 3461 vera
849 3420 1039 3461 secura
1068 3419 1286 3474 semper
1329 3403 1623 3459 auctoritas
1651 3402 1912 3468 nascitur,

325 3507 385 3553 ut
415 3506 564 3553 tanto
612 3500 738 3554 foris
768 3499 841 3553 nil
874 3509 1094 3566 metuat,
1145 3507 1346 3569 quanto
1375 3497 1444 3552 ad
1472 3511 1654 3564 rerum
1683 3495 1915 3550 culmina

326 3593 536 3646 animus
551 3607 641 3662 per
654 3592 902 3648 elationis
919 3592 1245 3648 desiderium
1262 3606 1366 3646 non
1385 3589 1628 3658 anhelat,
1647 3602 1914 3660 expressa

329 3684 674 3741 confessione
702 3685 926 3755 peccati,
960 3695 1109 3740 recte
1138 3682 1478 3755 subiungitur
1501 3699 1521 3732 :

902 3795 1131 3852 CAPUT
1169 3793 1307 3850 XVI.

409 3889 572 3946 Vens.
605 3891 696 3946 54.
725 3919 794 3932 --
820 3891 884 3949 Si
912 3892 1092 3961 οπραυὶ
1112 3889 1179 3945 ad
1201 3888 1588 3944 multitudinem
1611 3887 1845 3955 nimiam,
1871 3895 1921 3942 et

334 3984 588 4054 despectio
612 3985 1018 4055 prapinquorum
1047 3984 1225 4038 terruit
1248 3996 1360 4048 me;
1385 3987 1433 4036 et
1450 3995 1556 4034 non
1573 3979 1734 4050 magis
1759 3978 1920 4046 tacui,

333 4091 422 4129 nec
454 4093 684 4150 egressus
708 4093 822 4131 sum
852 4077 1058 4130 ostium.

406 4169 494 4224 55.
523 4169 704 4225 Cordis
727 4189 758 4224 a
786 4179 1102 4224 terrenarum
1126 4184 1295 4223 rerum
1316 4166 1598 4237 cupiditate
1620 4163 1766 4219 liberi
1791 4163 1922 4218 mira

335 4265 605 4320 securitas.
630 4264 755 4330 Que
777 4275 943 4318 tamen
973 4279 1004 4317 a
1025 4264 1267 4319 custodiae
1287 4260 1562 4333 disciplina
1591 4275 1693 4312 non
1722 4259 1919 4315 eximit.

335 4383 404 4395 -—
435 4356 619 4425 Magna
668 4365 750 4411 est
797 4354 1060 4411 securitas
1107 4355 1304 4419 cordis,
1351 4352 1422 4406 nil
1472 4349 1923 4420 concupiscentiae

338 4444 542 4502 habere
571 4446 863 4502 smcularis.
895 4446 1030 4501 Nam
1051 4447 1095 4500 si
1127 4446 1194 4501 ad
1226 4455 1436 4499 terrena
1465 4442 1806 4511 adipiscenda
1829 4457 1925 4496 cor

338 4538 555 4606 inhiat,
608 4555 856 4596 securum
939 4539 1388 4610 tranquillumque
1441 4552 1563 4593 esse
1616 4537 1925 4592 nullatenus

2022 3321 2199 3376 adhuc
2245 3321 2372 3377 foris
2403 3320 2612 3390 sarcina
2661 3326 2935 3387 prematur
2978 3316 3232 3369 humana.
3293 3311 3449 3368 Unde
3478 3313 3612 3366 bene

2025 3417 2272 3471 llabacuc
2324 3414 2516 3469 iterum
2548 3428 2706 3467 unam
2739 3409 3059 3467 sententiam
3093 3407 3315 3475 protulit
3353 3406 3423 3459 ad
3455 3414 3602 3458 utra-

2024 3526 2128 3582 que
2157 3507 2185 3546 ἀ
2217 3509 2567 3565 servientem.
2610 3508 2696 3561 Ait
2722 3509 2861 3560 enim
2898 3522 2912 3557 :
2946 3502 3013 3555 Et
3056 3501 3281 3555 introivit
3325 3508 3513 3552 tremor
3557 3496 3611 3549 in
3687 3509 3694 3518 '

2027 3619 2141 3656 ossa
2168 3617 2300 3666 mea,
2331 3610 2378 3655 et
2402 3602 2578 3655 subtus
2609 3614 2687 3652 me
2716 3596 2917 3650 turbata
2950 3604 3025 3648 est
3053 3596 3210 3647 virtus
3241 3609 3350 3646 mea
3383 3589 3610 3661 (Habac.

2025 3709 2104 3761 III,
2140 3692 2248 3764 16).
2293 3697 2368 3747 Ac
2411 3693 2456 3746 si
2506 3690 2713 3746 diceret
2745 3689 2896 3743 :Nou
2942 3702 3058 3742 mea
3101 3686 3268 3740 virtus
3311 3693 3394 3738 est
3415 3685 3468 3737 in
3511 3698 3613 3752 qua

2027 3783 2275 3854 superius
2310 3793 2333 3820 ο
2366 3791 2548 3852 raptus
2577 3777 3028 3849 imperturbabilis
3056 3789 3269 3842 maneo,
3326 3771 3345 3810 ί
3397 3783 3450 3828 et
3498 3787 3614 3828 mea

2027 3879 2197 3933 virtus
2229 3884 2310 3931 est
2334 3876 2384 3931 in
2415 3890 2516 3946 qua
2542 3873 2766 3929 inferius
2813 3869 3020 3926 tnrbor.
3050 3868 3168 3939 Ipse
3191 3883 3321 3936 ergo
3350 3879 3512 3936 super
3557 3879 3616 3920 se

2029 3970 2482 4042 imperturbabilis
2526 3976 2629 4034 est,
2673 3967 2787 4036 ipse
2815 3965 2914 4019 sub
2963 3980 3022 4019 se
3053 3959 3459 4033 perturbabilis,
3493 3959 3614 4029 quia

2030 4079 2193 4134 super
2219 4079 2281 4118 se
2336 4059 2706 4125 ascenderat,
2781 4059 2832 4112 in
2891 4065 3143 4126 quantum
3203 4053 3504 4123 rapiebatur
3549 4051 3617 4105 ad

2030 4170 2279 4221 summa;
2313 4162 2368 4209 et
2397 4153 2497 4207 sub
2542 4153 2832 4220 semetipso
2883 4158 3020 4215 erat,
3070 4147 3123 4202 in
3155 4154 3410 4216 quantum
3440 4142 3617 4198 adhuc

2032 4246 2287 4318 reliquias
2311 4245 2556 4302 trahebat
2585 4243 2640 4299 in
2687 4243 2889 4298 infima.
2916 4240 3034 4310 Ipse
3064 4253 3224 4309 super
3250 4252 3309 4292 se
3332 4238 3619 4305 impertur-

2033 4341 2223 4412 habilis
2251 4349 2354 4406 est,
2386 4337 2506 4408 quia
2553 4337 2606 4392 in
2642 4335 2734 4390 Dei
2762 4334 2872 4404 jam
2902 4330 3411 4399 contemplationem
3440 4335 3618 4381 trans-

2031 4433 2196 4498 ierat;
2255 4431 2370 4500 ipse
2399 4430 2499 4484 sub
2527 4442 2586 4482 se
2614 4424 3010 4496 perturbabilis,
3044 4421 3166 4492 quia
3196 4423 3294 4475 sub
3324 4418 3614 4487 semetipso
3661 4484 3670 4502 ¹

2039 4529 2214 4583 adhuc
2265 4524 2508 4578 inﬁrmus
2566 4521 2727 4575 homo
2774 4515 3102 4572 remanebat.
3155 4512 3286 4568 Huic
3339 4509 3619 4566 sententia:

338 4633 672 4702 potest,quia
688 4641 895 4687 autnon
921 4606 1100 4687 habita
1131 4606 1466 4700 concupiscit
1509 4638 1566 4684 ut
1596 4627 1811 4694 habeat,
1832 4636 1928 4683 aut
1957 4654 2005 4716 η
2036 4618 2203 4716 David
2237 4616 2492 4716 Propheta
2522 4612 2831 4716 είξηίξίηειιεν
2864 4612 2986 4716 311':
3186 4606 3295 4716 (ξίπί
3316 4609 3370 4658 in
3697 4635 3702 4640 '

338 4724 532 4798 adepta
571 4694 764 4781 ’πηριυῑι
793 4742 861 4781 ne
886 4726 1128 4792 amittat;
1152 4733 1204 4780 ει
1227 4694 1352 4780 ἀυίη
1395 4724 1447 4778 in
1471 4722 1714 4778 adversis
1743 4730 1929 4791 sperat
1957 4694 2001 4716 υ
2035 4709 2217 4765 mentis
2244 4722 2365 4762 mea:
2393 4721 2410 4759 :
2437 4705 2614 4758 Onmis
2638 4703 2789 4798 homo
2819 4700 3038 4798 mendax
3071 4696 3246 4770 (Psal.
3272 4694 3502 4798 ευρ).
3527 4696 3625 4749 Cui

339 4792 618 4888 prospera,
646 4823 698 4875 in
729 4821 999 4890 prosperis
1024 4820 1274 4876 formidat
1295 4819 1540 4884 adversa,
1571 4818 1674 4872 huc
1701 4798 1935 4887 illucque
2033 4800 2344 4875 responderi
2375 4809 2587 4870 potest:
2625 4796 2682 4854 Si
2731 4795 2907 4852 omnis
2934 4796 3114 4858 homo,
3166 4801 3222 4849 et
3268 4792 3622 4890 tu,_l‘a_lsaque

341 4885 499 4978 quasi
531 4885 872 4979 quibusdam‘
911 4911 1164 4968 ﬂuctibus
1209 4911 1472 4978 volvitur,
1525 4925 1589 4965 ac
1621 4923 1716 4978 per
1745 4885 1935 4962 modos
2031 4899 2140 4971 jam
2157 4900 2257 4954 erit
2279 4895 2545 4953 sententia
2559 4908 2716 4964 quam
2733 4890 3087 4958 mendaxipse
3110 4887 3396 4958 protulisti.
3421 4885 3476 4941 Si
3500 4899 3625 4979 vero

343 5002 530 5057 varios
560 5017 737 5056 rerum
768 5005 1145 5061 aiternantium
1178 5005 1532 5062 mutabilitate
1581 5009 1850 5059 versatur.
1877 5000 1934 5056 Si
2037 4994 2153 5063 ipse
2181 5005 2288 5046 ηοιι
2315 5003 2374 5044 es
2435 4985 2684 5052 mendax,
2742 4998 2865 5038 νεΐθ
2917 4982 3027 5051 iam
3073 4979 3337 5035 sellleﬂlia
3367 4992 3471 5032 non
3503 4975 3624 5038 εΐίῑν

343 5110 478 5151 vero
506 5095 673 5152 semel
702 5097 755 5152 in
777 5096 1106 5166 appetitione
1129 5114 1375 5168 supernae
1403 5098 1591 5170 patria:
1625 5097 1745 5152 forti
1770 5094 1933 5151 stabi-
2041 5089 2164 5158 quia
2194 5086 2321 5140 dum
2355 5092 2406 5138 tu
2443 5095 2599 5135 verax
2628 5094 2708 5145 es.
2745 5093 2849 5132 ιιοη
2882 5077 3058 5135 οηηιίε
3085 5075 3246 5130 homo
3288 5069 3628 5170 εοειιοεεὲυι·

345 5181 498 5243 litate
525 5186 736 5243 animus
769 5158 968 5259 (igitur,
1001 5190 1181 5244 minus
1197 5158 1384 5245 rerum
1403 5158 1781 5261 temporalium
1811 5201 1934 5257 per-
2043 5179 2296 5237 mendax.
2347 5175 2454 5235 Sed
2485 5173 2778 5230 notandum
2807 5181 2888 5228 est
2927 5170 3074 5244 quod
3105 5166 3444 5239 prmmittitur
3475 5179 3486 5214 :
3517 5158 3628 5231 Ego

2053 5343 2320 5401 haerentes
2349 5338 2451 5393 dici
2483 5351 2588 5391 non
2621 5342 2844 5405 possunt
2876 5332 2927 5386 in
2957 5330 3056 5405 hac
3086 5328 3212 5395 vita,
3238 5321 3626 5405 incommutabi-

2052 5396 2166 5470 liter
2186 5413 2292 5466 Deo
2317 5410 2601 5474 inhmrere,
2623 5396 2753 5464 Vide
2776 5419 2954 5473 supra,
2998 5403 3037 5456 l.
3068 5417 3119 5469 γ,
3149 5415 3293 5453 num.
3319 5397 3407 5461 57,
3435 5397 3522 5461 58,
3541 5396 3629 5460 (Α),

2049 5496 2106 5543 et
2131 5487 2168 5540 Ι.
2192 5499 2309 5547 vni,
2343 5497 2489 5536 num.
2516 5477 2582 5532 49
2611 5476 2778 5548 et

2122 5556 2148 5594 ἀ
2192 5553 2441 5617 Vindoc.,
2470 5559 2776 5620 sequentem.

2125 5637 2150 5666 ο
2189 5625 2423 5694 Anglic.,
2457 5631 2655 5694 captus.

430 5349 760 5423 llomittitur
783 5351 871 5423 qui
892 5351 1066 5405 uolunt
1097 5350 1151 5406 in
1173 5350 1302 5406 Mss.
1329 5349 1496 5418 Utic.,
1521 5348 1700 5415 Becc.,
1725 5347 1869 5405 Prat.
1893 5354 1948 5405 et

346 5415 517 5474 Corb.
553 5422 735 5477 Germ.

423 5490 449 5530 ⁵
482 5491 664 5565 iidem,
681 5493 1072 5565 unumquodque
1083 5493 1216 5549 enim
1232 5493 1442 5547 malum.

428 5572 449 5600 ε
482 5563 556 5616 lta
595 5565 807 5628 Norm.,
833 5562 938 5619 duo
962 5567 1269 5633 S:Ingerm.,
1295 5566 1488 5632 Lattd.,
1519 5563 1633 5617 Val.
1660 5562 1742 5618 Cl.
1767 5571 1822 5618 et
1847 5563 1944 5633 al.,

349 5648 490 5699 quos
511 5637 752 5704 sequitur
775 5637 921 5693 Edit.
948 5632 1189 5690 Barthol.
1212 5635 1487 5698 an.1494,
1514 5646 1567 5690 et
1585 5635 1753 5689 l’aris.
1783 5632 1940 5689 M95.
2125 5637 2153 5704 ξ
2189 5632 2423 5704 tangite...
2457 5632 2655 5704 captus.
2765 5688 2777 5699 _
2826 5687 2852 5704 Ρ
3245 5683 3426 5704 Mn.“
3478 5683 3596 5704 “In

349 5683 1908 5778 ξ’..χῡρζῖιῒῖεξῖιζεῖ’έεξιῑεῆίῐιδλιξῑξεῑιῑιντξλξδῑηξέιῖιιιείῑξιε

2135 5698 2174 5778 τι
2187 5697 2252 5778 _ln
2277 5683 2420 5778 ‘Ed‘it.
2433 5737 2444 5759 ,
2461 5683 2556 5778 sed
2569 5704 2722 5778 luem
2758 5685 3231 5778 irtlitnI-Iitatishese‘
3477 5683 3629 5778 liget-ia

355 5755 1935 5850 iurisiéhi."”stirié'siisﬁiiﬂﬁiiii’ééi"iiaggji'ijdiib'iiiai
2052 5781 2135 5828 est
2159 5771 2286 5824 Mss.
2339 5755 2522 5834 Angl.,
2569 5760 2773 5823 Norm.,
2821 5755 3010 5824 Laud.,
3048 5757 3162 5812 Val.
3192 5755 3299 5823 C|.,
3325 5755 3478 5810 duor.
3503 5755 3625 5810 San-

353 5843 516 5900 let-tio
553 5864 565 5900 :
597 5863 716 5903 nam
749 5849 832 5902 vel
869 5843 1162 5907 sanctiores
1209 5847 1630 5904 incommutabili
1680 5848 1790 5904 Deo
1847 5847 1938 5901 ad-
2047 5856 2215 5915 germ.
3486 5853 3490 5863 '

681 5941 949 6001 ΡΑτιιοι..
1015 5940 1302 6003 LXXVI.
1515 6027 1522 6034 Ι

3210 5916 3246 5979 8
