  <div class='ocr_page' id='page_1' title='image "/cluster/home/n/w/nwhite01/storage/ocr_20150623/76/hvd.32044011229333/125.png"; bbox 0 0 4024 6352; ppageno 0'>
   <div class='ocr_carea' id='block_1_1' title="bbox 436 334 542 391">
    <p class='ocr_par' dir='ltr' id='par_1_1' title="bbox 436 334 542 391">
     <span class='ocr_line' id='line_1_1' title="bbox 436 334 542 391; baseline 0.019 -2"><span class='ocrx_word' id='word_1_1' title='bbox 436 334 542 391; x_wconf 65' lang='lat'><strong>258</strong></span> 
     </span>
    </p>
   </div>
   <div class='ocr_carea' id='block_1_2' title="bbox 1637 328 2505 393">
    <p class='ocr_par' dir='ltr' id='par_1_2' title="bbox 1637 328 2505 393">
     <span class='ocr_line' id='line_1_2' title="bbox 1637 328 2505 393; baseline 0.003 -5"><span class='ocrx_word' id='word_1_2' title='bbox 1637 328 1883 388; x_wconf 74' lang='lat' dir='ltr'><strong>SANCTI</strong></span> <span class='ocrx_word' id='word_1_3' title='bbox 1922 330 2251 390; x_wconf 74' lang='lat' dir='ltr'><strong>GREGORII</strong></span> <span class='ocrx_word' id='word_1_4' title='bbox 2291 333 2505 393; x_wconf 78' lang='lat' dir='ltr'><strong>MAGNI</strong></span> 
     </span>
    </p>
   </div>
   <div class='ocr_carea' id='block_1_3' title="bbox 3609 350 3723 405">
    <p class='ocr_par' dir='ltr' id='par_1_3' title="bbox 3609 350 3723 405">
     <span class='ocr_line' id='line_1_3' title="bbox 3609 350 3723 405; baseline -0.009 -2"><span class='ocrx_word' id='word_1_5' title='bbox 3609 350 3723 405; x_wconf 70' lang='lat' dir='ltr'><strong>23b</strong></span> 
     </span>
    </p>
   </div>
   <div class='ocr_carea' id='block_1_4' title="bbox 435 428 3724 527">
    <p class='ocr_par' dir='ltr' id='par_1_4' title="bbox 435 428 3724 527">
     <span class='ocr_line' id='line_1_4' title="bbox 435 428 3724 527; baseline 0.003 -20"><span class='ocrx_word' id='word_1_6' title='bbox 435 450 548 507; x_wconf 69' lang='lat' dir='ltr'><strong>disi</strong></span> <span class='ocrx_word' id='word_1_7' title='bbox 565 448 621 503; x_wconf 83' lang='lat' dir='ltr'><strong>in</strong></span> <span class='ocrx_word' id='word_1_8' title='bbox 646 463 855 505; x_wconf 64' lang='lat' dir='ltr'><strong>excessu</strong></span> <span class='ocrx_word' id='word_1_9' title='bbox 874 449 1055 504; x_wconf 74' lang='lat' dir='ltr'><strong>utentis</strong></span> <span class='ocrx_word' id='word_1_10' title='bbox 1076 458 1223 504; x_wconf 78' lang='lat' dir='ltr'><strong>mete.</strong></span> <span class='ocrx_word' id='word_1_11' title='bbox 1253 444 1666 503; x_wconf 83' lang='lat' dir='ltr'><strong>Perexcessum</strong></span> <span class='ocrx_word' id='word_1_12' title='bbox 1695 461 1828 517; x_wconf 91' lang='lat' dir='ltr'><strong>ergo</strong></span> <span class='ocrx_word' id='word_1_13' title='bbox 1849 460 2005 504; x_wconf 89' lang='lat' dir='ltr'><strong>men-</strong></span> <span class='ocrx_word' id='word_1_14' title='bbox 2033 453 2088 514; x_wconf 69' lang='grc' dir='ltr'><strong>Α</strong></span> <span class='ocrx_word' id='word_1_15' title='bbox 2117 463 2182 503; x_wconf 78' lang='lat' dir='ltr'><strong>ea:</strong></span> <span class='ocrx_word' id='word_1_16' title='bbox 2209 448 2369 504; x_wconf 80' lang='lat' dir='ltr'><strong>multo</strong></span> <span class='ocrx_word' id='word_1_17' title='bbox 2398 459 2622 520; x_wconf 86' lang='lat' dir='ltr'><strong>tempore</strong></span> <span class='ocrx_word' id='word_1_18' title='bbox 2643 428 2812 508; x_wconf 82' lang='lat' dir='ltr'><strong>videre</strong></span> <span class='ocrx_word' id='word_1_19' title='bbox 2832 470 2968 525; x_wconf 85' lang='lat' dir='ltr'><strong>eum,</strong></span> <span class='ocrx_word' id='word_1_20' title='bbox 2996 471 3053 512; x_wconf 88' lang='lat' dir='ltr'><strong>eo</strong></span> <span class='ocrx_word' id='word_1_21' title='bbox 3081 458 3219 527; x_wconf 75' lang='lat' dir='ltr'><strong>quod</strong></span> <span class='ocrx_word' id='word_1_22' title='bbox 3239 457 3442 514; x_wconf 81' lang='lat' dir='ltr'><strong>audiret</strong></span> <span class='ocrx_word' id='word_1_23' title='bbox 3462 458 3626 515; x_wconf 86' lang='lat' dir='ltr'><strong>multa</strong></span> <span class='ocrx_word' id='word_1_24' title='bbox 3646 466 3724 516; x_wconf 72' lang='lat' dir='ltr'><strong>de</strong></span> 
     </span>
    </p>
   </div>
   <div class='ocr_carea' id='block_1_5' title="bbox 436 538 2019 613">
    <p class='ocr_par' dir='ltr' id='par_1_5' title="bbox 436 538 2019 613">
     <span class='ocr_line' id='line_1_5' title="bbox 436 538 2019 613; baseline 0 -16"><span class='ocrx_word' id='word_1_25' title='bbox 436 543 504 598; x_wconf 89' lang='lat' dir='ltr'><strong>tis</strong></span> <span class='ocrx_word' id='word_1_26' title='bbox 532 542 693 598; x_wconf 86' lang='lat' dir='ltr'><strong>etiam</strong></span> <span class='ocrx_word' id='word_1_27' title='bbox 723 542 1072 613; x_wconf 69' lang='lat' dir='ltr'><strong>semetipsum</strong></span> <span class='ocrx_word' id='word_1_28' title='bbox 1104 540 1339 606; x_wconf 74' lang='lat' dir='ltr'><strong>transiit,</strong></span> <span class='ocrx_word' id='word_1_29' title='bbox 1371 554 1493 595; x_wconf 91' lang='lat' dir='ltr'><strong>cum</strong></span> <span class='ocrx_word' id='word_1_30' title='bbox 1526 539 1596 596; x_wconf 91' lang='lat' dir='ltr'><strong>de</strong></span> <span class='ocrx_word' id='word_1_31' title='bbox 1623 538 1858 597; x_wconf 86' lang='lat' dir='ltr'><strong>hominis</strong></span> <span class='ocrx_word' id='word_1_32' title='bbox 1886 556 2019 611; x_wconf 81' lang='lat' dir='ltr'><strong>qua-</strong></span> 
     </span>
    </p>
   </div>
   <div class='ocr_carea' id='block_1_6' title="bbox 435 632 2022 703">
    <p class='ocr_par' dir='ltr' id='par_1_6' title="bbox 435 632 2022 703">
     <span class='ocr_line' id='line_1_6' title="bbox 435 632 2022 703; baseline 0.001 -14"><span class='ocrx_word' id='word_1_33' title='bbox 435 634 585 690; x_wconf 89' lang='lat' dir='ltr'><strong>litate</strong></span> <span class='ocrx_word' id='word_1_34' title='bbox 611 634 874 691; x_wconf 81' lang='lat' dir='ltr'><strong>deﬁnivit.</strong></span> <span class='ocrx_word' id='word_1_35' title='bbox 923 634 1001 690; x_wconf 88' lang='lat' dir='ltr'><strong>Ac</strong></span> <span class='ocrx_word' id='word_1_36' title='bbox 1050 633 1095 690; x_wconf 89' lang='lat' dir='ltr'><strong>si</strong></span> <span class='ocrx_word' id='word_1_37' title='bbox 1137 640 1395 703; x_wconf 88' lang='lat' dir='ltr'><strong>patenter</strong></span> <span class='ocrx_word' id='word_1_38' title='bbox 1430 632 1575 690; x_wconf 85' lang='lat' dir='ltr'><strong>dicat</strong></span> <span class='ocrx_word' id='word_1_39' title='bbox 1631 649 1647 689; x_wconf 90' lang='lat'><strong>:</strong></span> <span class='ocrx_word' id='word_1_40' title='bbox 1678 634 1753 690; x_wconf 92' lang='lat' dir='ltr'><strong>De</strong></span> <span class='ocrx_word' id='word_1_41' title='bbox 1790 634 2022 691; x_wconf 81' lang='lat' dir='ltr'><strong>falsitate</strong></span> 
     </span>
    </p>
   </div>
   <div class='ocr_carea' id='block_1_7' title="bbox 394 726 2015 799">
    <p class='ocr_par' dir='ltr' id='par_1_7' title="bbox 394 726 2015 799">
     <span class='ocr_line' id='line_1_7' title="bbox 394 726 2015 799; baseline -0.002 -11"><span class='ocrx_word' id='word_1_42' title='bbox 394 756 399 789; x_wconf 71' lang='grc' dir='ltr'><em>ρ</em></span> <span class='ocrx_word' id='word_1_43' title='bbox 435 729 678 784; x_wconf 86' lang='lat' dir='ltr'><strong>omnium</strong></span> <span class='ocrx_word' id='word_1_44' title='bbox 710 727 987 785; x_wconf 87' lang='lat' dir='ltr'><strong>hominum</strong></span> <span class='ocrx_word' id='word_1_45' title='bbox 1040 726 1163 784; x_wconf 91' lang='lat' dir='ltr'><strong>inde</strong></span> <span class='ocrx_word' id='word_1_46' title='bbox 1195 743 1374 787; x_wconf 86' lang='lat' dir='ltr'><strong>veram</strong></span> <span class='ocrx_word' id='word_1_47' title='bbox 1423 728 1743 785; x_wconf 85' lang='lat' dir='ltr'><strong>sententiam</strong></span> <span class='ocrx_word' id='word_1_48' title='bbox 1797 729 2015 799; x_wconf 89' lang='lat' dir='ltr'><strong>protuli,</strong></span> 
     </span>
    </p>
   </div>
   <div class='ocr_carea' id='block_1_8' title="bbox 391 818 2025 891">
    <p class='ocr_par' dir='ltr' id='par_1_8' title="bbox 391 818 2025 891">
     <span class='ocr_line' id='line_1_8' title="bbox 391 818 2025 891; baseline 0.001 -15"><span class='ocrx_word' id='word_1_49' title='bbox 391 820 397 891; x_wconf 72' lang='grc' dir='ltr'><em>ξ</em></span> <span class='ocrx_word' id='word_1_50' title='bbox 443 820 590 877; x_wconf 88' lang='lat' dir='ltr'><strong>unde</strong></span> <span class='ocrx_word' id='word_1_51' title='bbox 616 835 714 891; x_wconf 87' lang='lat' dir='ltr'><strong>ego</strong></span> <span class='ocrx_word' id='word_1_52' title='bbox 740 822 856 889; x_wconf 84' lang='lat' dir='ltr'><strong>ipse</strong></span> <span class='ocrx_word' id='word_1_53' title='bbox 881 832 1044 891; x_wconf 81' lang='lat' dir='ltr'><strong>super</strong></span> <span class='ocrx_word' id='word_1_54' title='bbox 1071 819 1346 877; x_wconf 82' lang='lat' dir='ltr'><strong>hominem</strong></span> <span class='ocrx_word' id='word_1_55' title='bbox 1375 818 1475 876; x_wconf 82' lang='lat' dir='ltr'><strong>fui.</strong></span> <span class='ocrx_word' id='word_1_56' title='bbox 1498 818 1555 876; x_wconf 93' lang='lat' dir='ltr'><strong>In</strong></span> <span class='ocrx_word' id='word_1_57' title='bbox 1582 828 1788 877; x_wconf 92' lang='lat' dir='ltr'><strong>tantum</strong></span> <span class='ocrx_word' id='word_1_58' title='bbox 1817 836 1951 878; x_wconf 87' lang='lat' dir='ltr'><strong>vero</strong></span> <span class='ocrx_word' id='word_1_59' title='bbox 1969 828 2025 877; x_wconf 91' lang='lat' dir='ltr'><strong>et</strong></span> 
     </span>
    </p>
   </div>
   <div class='ocr_carea' id='block_1_9' title="bbox 432 900 2016 983">
    <p class='ocr_par' dir='ltr' id='par_1_9' title="bbox 432 900 2016 983">
     <span class='ocr_line' id='line_1_9' title="bbox 432 900 2016 983; baseline 0.003 -17"><span class='ocrx_word' id='word_1_60' title='bbox 432 912 548 983; x_wconf 88' lang='lat' dir='ltr'><strong>ipse</strong></span> <span class='ocrx_word' id='word_1_61' title='bbox 562 913 810 979; x_wconf 83' lang='lat' dir='ltr'><strong>mendax,</strong></span> <span class='ocrx_word' id='word_1_62' title='bbox 828 914 882 969; x_wconf 87' lang='lat' dir='ltr'><strong>in</strong></span> <span class='ocrx_word' id='word_1_63' title='bbox 903 900 1159 983; x_wconf 82' lang='lat' dir='ltr'><strong>quantum</strong></span> <span class='ocrx_word' id='word_1_64' title='bbox 1176 914 1337 969; x_wconf 87' lang='lat' dir='ltr'><strong>homo</strong></span> <span class='ocrx_word' id='word_1_65' title='bbox 1355 930 1368 980; x_wconf 91' lang='lat'><strong>;</strong></span> <span class='ocrx_word' id='word_1_66' title='bbox 1388 914 1443 969; x_wconf 91' lang='lat' dir='ltr'><strong>in</strong></span> <span class='ocrx_word' id='word_1_67' title='bbox 1463 922 1667 970; x_wconf 88' lang='lat' dir='ltr'><strong>tantum</strong></span> <span class='ocrx_word' id='word_1_68' title='bbox 1692 923 1870 972; x_wconf 88' lang='lat' dir='ltr'><strong>autem</strong></span> <span class='ocrx_word' id='word_1_69' title='bbox 1894 930 2016 971; x_wconf 87' lang='lat' dir='ltr'><strong>om-</strong></span> 
     </span>
    </p>
   </div>
   <div class='ocr_carea' id='block_1_10' title="bbox 433 1005 2017 1077">
    <p class='ocr_par' dir='ltr' id='par_1_10' title="bbox 433 1005 2017 1077">
     <span class='ocr_line' id='line_1_10' title="bbox 433 1005 2017 1077; baseline 0.001 -15"><span class='ocrx_word' id='word_1_70' title='bbox 433 1006 561 1062; x_wconf 84' lang='lat' dir='ltr'><strong>nino</strong></span> <span class='ocrx_word' id='word_1_71' title='bbox 590 1020 697 1063; x_wconf 88' lang='lat' dir='ltr'><strong>non</strong></span> <span class='ocrx_word' id='word_1_72' title='bbox 724 1005 975 1074; x_wconf 80' lang='lat' dir='ltr'><strong>mendax,</strong></span> <span class='ocrx_word' id='word_1_73' title='bbox 1011 1006 1067 1062; x_wconf 92' lang='lat' dir='ltr'><strong>in</strong></span> <span class='ocrx_word' id='word_1_74' title='bbox 1089 1014 1355 1077; x_wconf 88' lang='lat' dir='ltr'><strong>quantum</strong></span> <span class='ocrx_word' id='word_1_75' title='bbox 1384 1021 1479 1077; x_wconf 90' lang='lat' dir='ltr'><strong>per</strong></span> <span class='ocrx_word' id='word_1_76' title='bbox 1507 1020 1789 1064; x_wconf 81' lang='lat' dir='ltr'><strong>excessum</strong></span> <span class='ocrx_word' id='word_1_77' title='bbox 1819 1007 2017 1064; x_wconf 88' lang='lat' dir='ltr'><strong>mentis</strong></span> 
     </span>
    </p>
   </div>
   <div class='ocr_carea' id='block_1_11' title="bbox 432 1100 911 1171">
    <p class='ocr_par' dir='ltr' id='par_1_11' title="bbox 432 1100 911 1171">
     <span class='ocr_line' id='line_1_11' title="bbox 432 1100 911 1171; baseline 0.002 -16"><span class='ocrx_word' id='word_1_78' title='bbox 432 1115 596 1171; x_wconf 81' lang='lat' dir='ltr'><strong>super</strong></span> <span class='ocrx_word' id='word_1_79' title='bbox 614 1100 911 1157; x_wconf 87' lang='lat' dir='ltr'><strong>hominem.</strong></span> 
     </span>
    </p>
   </div>
   <div class='ocr_carea' id='block_1_12' title="bbox 504 1191 2022 1266">
    <p class='ocr_par' dir='ltr' id='par_1_12' title="bbox 504 1191 2022 1266">
     <span class='ocr_line' id='line_1_12' title="bbox 504 1191 2022 1266; baseline 0.003 -21"><span class='ocrx_word' id='word_1_80' title='bbox 504 1191 592 1247; x_wconf 76' lang='grc'><strong>57.</strong></span> <span class='ocrx_word' id='word_1_81' title='bbox 637 1192 767 1249; x_wconf 73' lang='lat' dir='ltr'><strong>lites</strong></span> <span class='ocrx_word' id='word_1_82' title='bbox 793 1194 1006 1249; x_wconf 73' lang='lat' dir='ltr'><strong>interno:</strong></span> <span class='ocrx_word' id='word_1_83' title='bbox 1027 1192 1186 1263; x_wconf 84' lang='lat' dir='ltr'><strong>quieti</strong></span> <span class='ocrx_word' id='word_1_84' title='bbox 1210 1201 1258 1248; x_wconf 84' lang='lat' dir='ltr'><strong>et</strong></span> <span class='ocrx_word' id='word_1_85' title='bbox 1283 1195 1701 1266; x_wconf 76' lang='lat' dir='ltr'><strong>contemplationi</strong></span> <span class='ocrx_word' id='word_1_86' title='bbox 1754 1210 1855 1249; x_wconf 85' lang='lat' dir='ltr'><strong>non</strong></span> <span class='ocrx_word' id='word_1_87' title='bbox 1901 1195 2022 1264; x_wconf 73' lang='lat' dir='ltr'><strong>efﬁ-</strong></span> 
     </span>
    </p>
   </div>
   <div class='ocr_carea' id='block_1_13' title="bbox 435 1285 2022 1358">
    <p class='ocr_par' dir='ltr' id='par_1_13' title="bbox 435 1285 2022 1358">
     <span class='ocr_line' id='line_1_13' title="bbox 435 1285 2022 1358; baseline 0.003 -19"><span class='ocrx_word' id='word_1_88' title='bbox 435 1286 595 1340; x_wconf 85' lang='lat' dir='ltr'><strong>ciunt.</strong></span> <span class='ocrx_word' id='word_1_89' title='bbox 620 1316 685 1327; x_wconf 88' lang='lat'><strong><em>—</em></strong></span> <span class='ocrx_word' id='word_1_90' title='bbox 708 1285 797 1341; x_wconf 86' lang='lat' dir='ltr'><strong>Sic</strong></span> <span class='ocrx_word' id='word_1_91' title='bbox 820 1286 1000 1356; x_wconf 86' lang='lat' dir='ltr'><strong>itaque</strong></span> <span class='ocrx_word' id='word_1_92' title='bbox 1012 1285 1089 1341; x_wconf 90' lang='lat' dir='ltr'><strong>sic</strong></span> <span class='ocrx_word' id='word_1_93' title='bbox 1104 1285 1328 1357; x_wconf 84' lang='lat' dir='ltr'><strong>perfecti</strong></span> <span class='ocrx_word' id='word_1_94' title='bbox 1349 1300 1555 1354; x_wconf 86' lang='lat' dir='ltr'><strong>omnes,</strong></span> <span class='ocrx_word' id='word_1_95' title='bbox 1582 1289 1828 1358; x_wconf 81' lang='lat' dir='ltr'><strong>quamvis</strong></span> <span class='ocrx_word' id='word_1_96' title='bbox 1845 1286 2022 1343; x_wconf 88' lang='lat' dir='ltr'><strong>adhuc</strong></span> 
     </span>
    </p>
   </div>
   <div class='ocr_carea' id='block_1_14' title="bbox 433 1378 2020 1452">
    <p class='ocr_par' dir='ltr' id='par_1_14' title="bbox 433 1378 2020 1452">
     <span class='ocr_line' id='line_1_14' title="bbox 433 1378 2020 1452; baseline 0.003 -19"><span class='ocrx_word' id='word_1_97' title='bbox 433 1378 631 1450; x_wconf 89' lang='lat' dir='ltr'><strong>aliquid</strong></span> <span class='ocrx_word' id='word_1_98' title='bbox 655 1379 1015 1435; x_wconf 88' lang='lat' dir='ltr'><strong>turbulentum</strong></span> <span class='ocrx_word' id='word_1_99' title='bbox 1030 1378 1421 1437; x_wconf 84' lang='lat' dir='ltr'><strong>deinﬂrmitate</strong></span> <span class='ocrx_word' id='word_1_100' title='bbox 1442 1382 1621 1437; x_wconf 88' lang='lat' dir='ltr'><strong>carnis</strong></span> <span class='ocrx_word' id='word_1_101' title='bbox 1642 1381 1895 1449; x_wconf 91' lang='lat' dir='ltr'><strong>tolerent,</strong></span> <span class='ocrx_word' id='word_1_102' title='bbox 1910 1381 2020 1452; x_wconf 85' lang='lat' dir='ltr'><strong>jam</strong></span> 
     </span>
    </p>
   </div>
   <div class='ocr_carea' id='block_1_15' title="bbox 436 1472 2022 1545">
    <p class='ocr_par' dir='ltr' id='par_1_15' title="bbox 436 1472 2022 1545">
     <span class='ocr_line' id='line_1_15' title="bbox 436 1472 2022 1545; baseline 0.001 -17"><span class='ocrx_word' id='word_1_103' title='bbox 436 1482 614 1529; x_wconf 89' lang='lat' dir='ltr'><strong>tamen</strong></span> <span class='ocrx_word' id='word_1_104' title='bbox 632 1474 963 1529; x_wconf 86' lang='lat' dir='ltr'><strong>intrinsecus</strong></span> <span class='ocrx_word' id='word_1_105' title='bbox 980 1473 1424 1544; x_wconf 87' lang='lat' dir='ltr'><strong>tranquillissime</strong></span> <span class='ocrx_word' id='word_1_106' title='bbox 1443 1483 1654 1532; x_wconf 90' lang='lat' dir='ltr'><strong>secreto</strong></span> <span class='ocrx_word' id='word_1_107' title='bbox 1672 1472 2022 1545; x_wconf 80' lang='lat' dir='ltr'><strong>perfruuntur</strong></span> 
     </span>
    </p>
   </div>
   <div class='ocr_carea' id='block_1_16' title="bbox 432 1566 2021 1640">
    <p class='ocr_par' dir='ltr' id='par_1_16' title="bbox 432 1566 2021 1640">
     <span class='ocr_line' id='line_1_16' title="bbox 432 1566 2021 1640; baseline 0.004 -19"><span class='ocrx_word' id='word_1_108' title='bbox 432 1582 528 1637; x_wconf 87' lang='lat' dir='ltr'><strong>per</strong></span> <span class='ocrx_word' id='word_1_109' title='bbox 579 1566 1089 1638; x_wconf 74' lang='lat' dir='ltr'><strong>contemplationem</strong></span> <span class='ocrx_word' id='word_1_110' title='bbox 1118 1571 1332 1639; x_wconf 81' lang='lat' dir='ltr'><strong>mentis,</strong></span> <span class='ocrx_word' id='word_1_111' title='bbox 1386 1579 1445 1625; x_wconf 89' lang='lat' dir='ltr'><strong>ut</strong></span> <span class='ocrx_word' id='word_1_112' title='bbox 1483 1569 1739 1640; x_wconf 86' lang='lat' dir='ltr'><strong>quidquid</strong></span> <span class='ocrx_word' id='word_1_113' title='bbox 1770 1569 2021 1627; x_wconf 87' lang='lat' dir='ltr'><strong>acciderit</strong></span> 
     </span>
    </p>
   </div>
   <div class='ocr_carea' id='block_1_17' title="bbox 432 1661 2015 1726">
    <p class='ocr_par' dir='ltr' id='par_1_17' title="bbox 432 1661 2015 1726">
     <span class='ocr_line' id='line_1_17' title="bbox 432 1661 2015 1726; baseline 0.003 -9"><span class='ocrx_word' id='word_1_114' title='bbox 432 1661 692 1726; x_wconf 72' lang='lat' dir='ltr'><strong>exterius,</strong></span> <span class='ocrx_word' id='word_1_115' title='bbox 726 1662 780 1718; x_wconf 90' lang='lat' dir='ltr'><strong>in</strong></span> <span class='ocrx_word' id='word_1_116' title='bbox 803 1662 953 1719; x_wconf 85' lang='lat' dir='ltr'><strong>nullo</strong></span> <span class='ocrx_word' id='word_1_117' title='bbox 980 1662 1159 1720; x_wconf 82' lang='lat' dir='ltr'><strong>turbet</strong></span> <span class='ocrx_word' id='word_1_118' title='bbox 1180 1663 1425 1721; x_wconf 87' lang='lat' dir='ltr'><strong>interius.</strong></span> <span class='ocrx_word' id='word_1_119' title='bbox 1459 1663 1613 1721; x_wconf 85' lang='lat' dir='ltr'><strong>Unde</strong></span> <span class='ocrx_word' id='word_1_120' title='bbox 1643 1665 1835 1721; x_wconf 89' lang='lat' dir='ltr'><strong>beatus</strong></span> <span class='ocrx_word' id='word_1_121' title='bbox 1856 1664 1959 1722; x_wconf 82' lang='lat' dir='ltr'><strong>Job</strong></span> <span class='ocrx_word' id='word_1_122' title='bbox 1990 1676 2015 1703; x_wconf 72' lang='grc'>⁸</span> 
     </span>
    </p>
   </div>
   <div class='ocr_carea' id='block_1_18' title="bbox 430 1760 2018 1832">
    <p class='ocr_par' dir='ltr' id='par_1_18' title="bbox 430 1760 2018 1832">
     <span class='ocr_line' id='line_1_18' title="bbox 430 1760 2018 1832; baseline 0.003 -18"><span class='ocrx_word' id='word_1_123' title='bbox 430 1760 779 1816; x_wconf 77' lang='lat' dir='ltr'><strong>securitatem</strong></span> <span class='ocrx_word' id='word_1_124' title='bbox 827 1768 1024 1816; x_wconf 68' lang='lat' dir='ltr'><strong>sanctae</strong></span> <span class='ocrx_word' id='word_1_125' title='bbox 1055 1761 1254 1817; x_wconf 89' lang='lat' dir='ltr'><strong>mentis</strong></span> <span class='ocrx_word' id='word_1_126' title='bbox 1279 1760 1592 1828; x_wconf 87' lang='lat' dir='ltr'><strong>ostendens,</strong></span> <span class='ocrx_word' id='word_1_127' title='bbox 1625 1768 1905 1832; x_wconf 83' lang='lat' dir='ltr'><strong>postquam</strong></span> <span class='ocrx_word' id='word_1_128' title='bbox 1949 1761 2018 1819; x_wconf 92' lang='lat' dir='ltr'><strong>de</strong></span> 
     </span>
    </p>
   </div>
   <div class='ocr_carea' id='block_1_19' title="bbox 2127 540 3721 624">
    <p class='ocr_par' dir='ltr' id='par_1_19' title="bbox 2127 540 3721 624">
     <span class='ocr_line' id='line_1_19' title="bbox 2127 540 3721 624; baseline 0.009 -31"><span class='ocrx_word' id='word_1_129' title='bbox 2127 540 2238 605; x_wconf 83' lang='lat' dir='ltr'><strong>illo,</strong></span> <span class='ocrx_word' id='word_1_130' title='bbox 2267 548 2315 595; x_wconf 81' lang='lat' dir='ltr'><strong>et</strong></span> <span class='ocrx_word' id='word_1_131' title='bbox 2337 542 2565 610; x_wconf 79' lang='lat' dir='ltr'><strong>sperabdt</strong></span> <span class='ocrx_word' id='word_1_132' title='bbox 2592 544 2794 616; x_wconf 78' lang='lat' dir='ltr'><strong>signum</strong></span> <span class='ocrx_word' id='word_1_133' title='bbox 2821 542 3033 615; x_wconf 78' lang='lat' dir='ltr'><strong>aliquod</strong></span> <span class='ocrx_word' id='word_1_134' title='bbox 3061 546 3226 601; x_wconf 76' lang='lat' dir='ltr'><strong>uidere</strong></span> <span class='ocrx_word' id='word_1_135' title='bbox 3253 548 3314 602; x_wconf 85' lang='lat' dir='ltr'><strong>ab</strong></span> <span class='ocrx_word' id='word_1_136' title='bbox 3334 558 3393 603; x_wconf 88' lang='lat' dir='ltr'><strong>eo</strong></span> <span class='ocrx_word' id='word_1_137' title='bbox 3418 550 3532 619; x_wconf 82' lang='lat' dir='ltr'><strong>ﬁeri</strong></span> <span class='ocrx_word' id='word_1_138' title='bbox 3553 551 3721 624; x_wconf 72' lang='lat' dir='ltr'><strong>(Luci</strong></span> 
     </span>
    </p>
   </div>
   <div class='ocr_carea' id='block_1_20' title="bbox 2128 633 3718 710">
    <p class='ocr_par' dir='ltr' id='par_1_20' title="bbox 2128 633 3718 710">
     <span class='ocr_line' id='line_1_20' title="bbox 2128 633 3718 710; baseline 0.008 -24"><span class='ocrx_word' id='word_1_139' title='bbox 2128 648 2277 696; x_wconf 83' lang='lat' dir='ltr'><strong>xxtn,</strong></span> <span class='ocrx_word' id='word_1_140' title='bbox 2308 633 2385 703; x_wconf 86' lang='lat'><strong>8).</strong></span> <span class='ocrx_word' id='word_1_141' title='bbox 2418 634 2515 690; x_wconf 89' lang='lat' dir='ltr'><strong>Ubi</strong></span> <span class='ocrx_word' id='word_1_142' title='bbox 2544 643 2599 691; x_wconf 87' lang='lat' dir='ltr'><strong>et</strong></span> <span class='ocrx_word' id='word_1_143' title='bbox 2626 636 2869 693; x_wconf 88' lang='lat' dir='ltr'><strong>subditur</strong></span> <span class='ocrx_word' id='word_1_144' title='bbox 2902 657 2915 692; x_wconf 85' lang='lat'><strong>:</strong></span> <span class='ocrx_word' id='word_1_145' title='bbox 2966 636 3331 710; x_wconf 77' lang='lat' dir='ltr'><strong>Interrogabat</strong></span> <span class='ocrx_word' id='word_1_146' title='bbox 3362 650 3533 697; x_wconf 87' lang='lat' dir='ltr'><strong>autem</strong></span> <span class='ocrx_word' id='word_1_147' title='bbox 3560 642 3718 699; x_wconf 84' lang='lat' dir='ltr'><strong>illum</strong></span> 
     </span>
    </p>
   </div>
   <div class='ocr_carea' id='block_1_21' title="bbox 2126 720 3711 803">
    <p class='ocr_par' dir='ltr' id='par_1_21' title="bbox 2126 720 3711 803">
     <span class='ocr_line' id='line_1_21' title="bbox 2126 720 3711 803; baseline 0.009 -26"><span class='ocrx_word' id='word_1_148' title='bbox 2126 724 2301 779; x_wconf 81' lang='lat' dir='ltr'><strong>multis</strong></span> <span class='ocrx_word' id='word_1_149' title='bbox 2329 720 2672 793; x_wconf 74' lang='lat' dir='ltr'><strong>sermonibus&quot;,</strong></span> <span class='ocrx_word' id='word_1_150' title='bbox 2722 734 2774 782; x_wconf 88' lang='lat' dir='ltr'><strong>at</strong></span> <span class='ocrx_word' id='word_1_151' title='bbox 2802 729 2909 799; x_wconf 81' lang='lat' dir='ltr'><strong>ipse</strong></span> <span class='ocrx_word' id='word_1_152' title='bbox 2954 727 3083 784; x_wconf 72' lang='lat' dir='ltr'><strong>nihil</strong></span> <span class='ocrx_word' id='word_1_153' title='bbox 3134 729 3217 785; x_wconf 89' lang='lat' dir='ltr'><strong>illi</strong></span> <span class='ocrx_word' id='word_1_154' title='bbox 3275 730 3299 769; x_wconf 74' lang='grc'><strong>⁸</strong></span> <span class='ocrx_word' id='word_1_155' title='bbox 3350 733 3711 803; x_wconf 74' lang='lat' dir='ltr'><strong>respondebat.</strong></span> 
     </span>
    </p>
   </div>
   <div class='ocr_carea' id='block_1_22' title="bbox 2126 817 3709 893">
    <p class='ocr_par' dir='ltr' id='par_1_22' title="bbox 2126 817 3709 893">
     <span class='ocr_line' id='line_1_22' title="bbox 2126 817 3709 893; baseline 0.005 -21"><span class='ocrx_word' id='word_1_156' title='bbox 2126 817 2335 874; x_wconf 80' lang='lat' dir='ltr'><strong>Taceas</strong></span> <span class='ocrx_word' id='word_1_157' title='bbox 2356 832 2488 875; x_wconf 83' lang='lat' dir='ltr'><strong>vero</strong></span> <span class='ocrx_word' id='word_1_158' title='bbox 2513 818 2772 875; x_wconf 84' lang='lat' dir='ltr'><strong>Dominus</strong></span> <span class='ocrx_word' id='word_1_159' title='bbox 2793 824 2951 891; x_wconf 77' lang='lat' dir='ltr'><strong>quam</strong></span> <span class='ocrx_word' id='word_1_160' title='bbox 2974 820 3049 877; x_wconf 83' lang='lat' dir='ltr'><strong>sit</strong></span> <span class='ocrx_word' id='word_1_161' title='bbox 3069 821 3356 893; x_wconf 87' lang='lat' dir='ltr'><strong>despectus</strong></span> <span class='ocrx_word' id='word_1_162' title='bbox 3381 824 3709 892; x_wconf 78' lang='lat' dir='ltr'><strong>Ostenditur,</strong></span> 
     </span>
    </p>
   </div>
   <div class='ocr_carea' id='block_1_23' title="bbox 2124 909 3707 983">
    <p class='ocr_par' dir='ltr' id='par_1_23' title="bbox 2124 909 3707 983">
     <span class='ocr_line' id='line_1_23' title="bbox 2124 909 3707 983; baseline 0.003 -16"><span class='ocrx_word' id='word_1_163' title='bbox 2124 918 2245 967; x_wconf 83' lang='lat' dir='ltr'><strong>cum</strong></span> <span class='ocrx_word' id='word_1_164' title='bbox 2275 912 2384 969; x_wconf 88' lang='lat' dir='ltr'><strong>illic</strong></span> <span class='ocrx_word' id='word_1_165' title='bbox 2411 912 2652 983; x_wconf 84' lang='lat' dir='ltr'><strong>protinus</strong></span> <span class='ocrx_word' id='word_1_166' title='bbox 2681 912 3011 970; x_wconf 83' lang='lat' dir='ltr'><strong>subinfertur</strong></span> <span class='ocrx_word' id='word_1_167' title='bbox 3043 930 3057 969; x_wconf 91' lang='lat'><strong>:</strong></span> <span class='ocrx_word' id='word_1_168' title='bbox 3094 909 3114 951; x_wconf 77' lang='grc' dir='ltr'>ί</span> <span class='ocrx_word' id='word_1_169' title='bbox 3149 912 3355 981; x_wconf 78' lang='lat' dir='ltr'><strong>Sprevit</strong></span> <span class='ocrx_word' id='word_1_170' title='bbox 3400 914 3552 970; x_wconf 91' lang='lat' dir='ltr'><strong>illum</strong></span> <span class='ocrx_word' id='word_1_171' title='bbox 3588 914 3707 972; x_wconf 80' lang='lat' dir='ltr'><strong>He-</strong></span> 
     </span>
    </p>
   </div>
   <div class='ocr_carea' id='block_1_24' title="bbox 2125 998 3713 1073">
    <p class='ocr_par' dir='ltr' id='par_1_24' title="bbox 2125 998 3713 1073">
     <span class='ocr_line' id='line_1_24' title="bbox 2125 998 3713 1073; baseline 0.005 -17"><span class='ocrx_word' id='word_1_172' title='bbox 2125 1002 2275 1058; x_wconf 80' lang='lat' dir='ltr'><strong>rodes</strong></span> <span class='ocrx_word' id='word_1_173' title='bbox 2301 1016 2418 1057; x_wconf 84' lang='lat' dir='ltr'><strong>cum</strong></span> <span class='ocrx_word' id='word_1_174' title='bbox 2445 1004 2669 1059; x_wconf 67' lang='lat' dir='ltr'><strong>exercitu</strong></span> <span class='ocrx_word' id='word_1_175' title='bbox 2699 1016 2812 1073; x_wconf 83' lang='lat' dir='ltr'><strong>suo,</strong></span> <span class='ocrx_word' id='word_1_176' title='bbox 2844 1009 2890 1060; x_wconf 88' lang='lat' dir='ltr'><strong>et</strong></span> <span class='ocrx_word' id='word_1_177' title='bbox 2918 1002 3099 1063; x_wconf 77' lang='lat' dir='ltr'><strong>illusit.</strong></span> <span class='ocrx_word' id='word_1_178' title='bbox 3131 1004 3284 1073; x_wconf 84' lang='lat' dir='ltr'><strong>Quod</strong></span> <span class='ocrx_word' id='word_1_179' title='bbox 3322 998 3713 1064; x_wconf 66' lang='lat' dir='ltr'><strong>videlicet&#39;l&#39;ac-</strong></span> 
     </span>
    </p>
   </div>
   <div class='ocr_carea' id='block_1_25' title="bbox 2127 1097 3714 1172">
    <p class='ocr_par' dir='ltr' id='par_1_25' title="bbox 2127 1097 3714 1172">
     <span class='ocr_line' id='line_1_25' title="bbox 2127 1097 3714 1172; baseline 0.004 -20"><span class='ocrx_word' id='word_1_180' title='bbox 2127 1105 2235 1153; x_wconf 87' lang='lat' dir='ltr'><strong>tum</strong></span> <span class='ocrx_word' id='word_1_181' title='bbox 2257 1106 2469 1168; x_wconf 79' lang='lat' dir='ltr'><strong>Oportet</strong></span> <span class='ocrx_word' id='word_1_182' title='bbox 2492 1110 2591 1155; x_wconf 85' lang='lat' dir='ltr'><strong>nos</strong></span> <span class='ocrx_word' id='word_1_183' title='bbox 2618 1098 2899 1157; x_wconf 86' lang='lat' dir='ltr'><strong>audientes</strong></span> <span class='ocrx_word' id='word_1_184' title='bbox 2928 1097 3157 1169; x_wconf 78' lang='lat' dir='ltr'><strong>disdere,</strong></span> <span class='ocrx_word' id='word_1_185' title='bbox 3179 1109 3237 1156; x_wconf 90' lang='lat' dir='ltr'><strong>ut</strong></span> <span class='ocrx_word' id='word_1_186' title='bbox 3261 1099 3475 1172; x_wconf 89' lang='lat' dir='ltr'><strong>quoties</strong></span> <span class='ocrx_word' id='word_1_187' title='bbox 3497 1100 3714 1158; x_wconf 89' lang='lat' dir='ltr'><strong>audito-</strong></span> 
     </span>
    </p>
   </div>
   <div class='ocr_carea' id='block_1_26' title="bbox 2124 1188 3710 1265">
    <p class='ocr_par' dir='ltr' id='par_1_26' title="bbox 2124 1188 3710 1265">
     <span class='ocr_line' id='line_1_26' title="bbox 2124 1188 3710 1265; baseline 0.004 -20"><span class='ocrx_word' id='word_1_188' title='bbox 2124 1202 2215 1246; x_wconf 87' lang='lat' dir='ltr'><strong>res</strong></span> <span class='ocrx_word' id='word_1_189' title='bbox 2243 1191 2413 1246; x_wconf 80' lang='lat' dir='ltr'><strong>nostri</strong></span> <span class='ocrx_word' id='word_1_190' title='bbox 2442 1198 2623 1247; x_wconf 81' lang='lat' dir='ltr'><strong>nostra</strong></span> <span class='ocrx_word' id='word_1_191' title='bbox 2654 1192 2837 1249; x_wconf 86' lang='lat' dir='ltr'><strong>volunt</strong></span> <span class='ocrx_word' id='word_1_192' title='bbox 2886 1193 3039 1264; x_wconf 86' lang='lat' dir='ltr'><strong>quasi</strong></span> <span class='ocrx_word' id='word_1_193' title='bbox 3066 1188 3326 1250; x_wconf 82' lang='lat' dir='ltr'><strong>laudanda</strong></span> <span class='ocrx_word' id='word_1_194' title='bbox 3356 1200 3710 1265; x_wconf 72' lang='lat' dir='ltr'><strong>Cognoscere,</strong></span> 
     </span>
    </p>
   </div>
   <div class='ocr_carea' id='block_1_27' title="bbox 2127 1285 3709 1355">
    <p class='ocr_par' dir='ltr' id='par_1_27' title="bbox 2127 1285 3709 1355">
     <span class='ocr_line' id='line_1_27' title="bbox 2127 1285 3709 1355; baseline 0.001 -16"><span class='ocrx_word' id='word_1_195' title='bbox 2127 1297 2232 1339; x_wconf 92' lang='lat' dir='ltr'><strong>non</strong></span> <span class='ocrx_word' id='word_1_196' title='bbox 2257 1292 2438 1339; x_wconf 88' lang='lat' dir='ltr'><strong>autem</strong></span> <span class='ocrx_word' id='word_1_197' title='bbox 2469 1297 2565 1340; x_wconf 87' lang='lat' dir='ltr'><strong>sua</strong></span> <span class='ocrx_word' id='word_1_198' title='bbox 2595 1294 2847 1355; x_wconf 88' lang='lat' dir='ltr'><strong>perversa</strong></span> <span class='ocrx_word' id='word_1_199' title='bbox 2876 1294 3104 1352; x_wconf 89' lang='lat' dir='ltr'><strong>mutare,</strong></span> <span class='ocrx_word' id='word_1_200' title='bbox 3164 1285 3382 1343; x_wconf 89' lang='lat' dir='ltr'><strong>omnino</strong></span> <span class='ocrx_word' id='word_1_201' title='bbox 3413 1294 3709 1354; x_wconf 86' lang='lat' dir='ltr'><strong>taceamus,</strong></span> 
     </span>
    </p>
   </div>
   <div class='ocr_carea' id='block_1_28' title="bbox 2123 1378 3713 1451">
    <p class='ocr_par' dir='ltr' id='par_1_28' title="bbox 2123 1378 3713 1451">
     <span class='ocr_line' id='line_1_28' title="bbox 2123 1378 3713 1451; baseline 0.003 -19"><span class='ocrx_word' id='word_1_202' title='bbox 2123 1384 2192 1433; x_wconf 89' lang='lat' dir='ltr'><strong>ne</strong></span> <span class='ocrx_word' id='word_1_203' title='bbox 2231 1379 2277 1432; x_wconf 89' lang='lat' dir='ltr'><strong>si</strong></span> <span class='ocrx_word' id='word_1_204' title='bbox 2315 1379 2691 1435; x_wconf 83' lang='lat' dir='ltr'><strong>ostentationis</strong></span> <span class='ocrx_word' id='word_1_205' title='bbox 2721 1380 2903 1437; x_wconf 83' lang='lat' dir='ltr'><strong>studio</strong></span> <span class='ocrx_word' id='word_1_206' title='bbox 2934 1378 3153 1437; x_wconf 82' lang='lat' dir='ltr'><strong>verbum</strong></span> <span class='ocrx_word' id='word_1_207' title='bbox 3182 1378 3281 1436; x_wconf 88' lang='lat' dir='ltr'><strong>Dei</strong></span> <span class='ocrx_word' id='word_1_208' title='bbox 3332 1379 3624 1451; x_wconf 86' lang='lat' dir='ltr'><strong>loquimur,</strong></span> <span class='ocrx_word' id='word_1_209' title='bbox 3655 1384 3713 1436; x_wconf 87' lang='lat' dir='ltr'><strong>et</strong></span> 
     </span>
    </p>
   </div>
   <div class='ocr_carea' id='block_1_29' title="bbox 2124 1469 3712 1543">
    <p class='ocr_par' dir='ltr' id='par_1_29' title="bbox 2124 1469 3712 1543">
     <span class='ocr_line' id='line_1_29' title="bbox 2124 1469 3712 1543; baseline 0.001 -17"><span class='ocrx_word' id='word_1_210' title='bbox 2124 1469 2335 1526; x_wconf 89' lang='lat' dir='ltr'><strong>illorum</strong></span> <span class='ocrx_word' id='word_1_211' title='bbox 2367 1471 2522 1541; x_wconf 86' lang='lat' dir='ltr'><strong>culpa</strong></span> <span class='ocrx_word' id='word_1_212' title='bbox 2551 1470 2671 1543; x_wconf 83' lang='lat' dir='ltr'><strong>qdae</strong></span> <span class='ocrx_word' id='word_1_213' title='bbox 2697 1479 2814 1529; x_wconf 88' lang='lat' dir='ltr'><strong>erat</strong></span> <span class='ocrx_word' id='word_1_214' title='bbox 2839 1474 2963 1531; x_wconf 71' lang='lat' dir='ltr'><strong>e556</strong></span> <span class='ocrx_word' id='word_1_215' title='bbox 2988 1484 3095 1530; x_wconf 90' lang='lat' dir='ltr'><strong>non</strong></span> <span class='ocrx_word' id='word_1_216' title='bbox 3144 1470 3375 1541; x_wconf 83' lang='lat' dir='ltr'><strong>desinat,</strong></span> <span class='ocrx_word' id='word_1_217' title='bbox 3427 1478 3482 1528; x_wconf 91' lang='lat' dir='ltr'><strong>et</strong></span> <span class='ocrx_word' id='word_1_218' title='bbox 3524 1479 3712 1530; x_wconf 78' lang='lat' dir='ltr'><strong>neSIra</strong></span> 
     </span>
    </p>
   </div>
   <div class='ocr_carea' id='block_1_30' title="bbox 2126 1565 2777 1635">
    <p class='ocr_par' dir='ltr' id='par_1_30' title="bbox 2126 1565 2777 1635">
     <span class='ocr_line' id='line_1_30' title="bbox 2126 1565 2777 1635; baseline 0.005 -16"><span class='ocrx_word' id='word_1_219' title='bbox 2126 1574 2246 1635; x_wconf 72' lang='lat' dir='ltr'><strong>qum</strong></span> <span class='ocrx_word' id='word_1_220' title='bbox 2275 1580 2380 1621; x_wconf 91' lang='lat' dir='ltr'><strong>non</strong></span> <span class='ocrx_word' id='word_1_221' title='bbox 2413 1572 2529 1621; x_wconf 79' lang='lat' dir='ltr'><strong>erat</strong></span> <span class='ocrx_word' id='word_1_222' title='bbox 2558 1565 2672 1622; x_wconf 83' lang='lat' dir='ltr'><strong>ﬂat.</strong></span> <span class='ocrx_word' id='word_1_223' title='bbox 2774 1596 2777 1601; x_wconf 86' lang='lat'>~</span> 
     </span>
    </p>
   </div>
   <div class='ocr_carea' id='block_1_31' title="bbox 2196 1658 3713 1733">
    <p class='ocr_par' dir='ltr' id='par_1_31' title="bbox 2196 1658 3713 1733">
     <span class='ocr_line' id='line_1_31' title="bbox 2196 1658 3713 1733; baseline 0.002 -19"><span class='ocrx_word' id='word_1_224' title='bbox 2196 1658 2338 1730; x_wconf 72' lang='grc' dir='ltr'><strong>[γει.</strong></span> <span class='ocrx_word' id='word_1_225' title='bbox 2372 1658 2546 1715; x_wconf 73' lang='lat' dir='ltr'><strong>XVII</strong></span> <span class='ocrx_word' id='word_1_226' title='bbox 2561 1658 2603 1733; x_wconf 84' lang='lat'><strong>.]</strong></span> <span class='ocrx_word' id='word_1_227' title='bbox 2630 1661 2718 1718; x_wconf 73' lang='lat'><strong>59.</strong></span> <span class='ocrx_word' id='word_1_228' title='bbox 2759 1658 2909 1717; x_wconf 80' lang='lat' dir='ltr'><strong>Unde</strong></span> <span class='ocrx_word' id='word_1_229' title='bbox 2936 1662 3056 1717; x_wconf 84' lang='lat' dir='ltr'><strong>sciri</strong></span> <span class='ocrx_word' id='word_1_230' title='bbox 3080 1670 3232 1732; x_wconf 82' lang='lat' dir='ltr'><strong>queat</strong></span> <span class='ocrx_word' id='word_1_231' title='bbox 3259 1668 3430 1715; x_wconf 84' lang='lat' dir='ltr'><strong>utrum</strong></span> <span class='ocrx_word' id='word_1_232' title='bbox 3451 1662 3713 1717; x_wconf 75' lang='lat' dir='ltr'><strong>auditores</strong></span> 
     </span>
    </p>
   </div>
   <div class='ocr_carea' id='block_1_32' title="bbox 2123 1750 3714 1825">
    <p class='ocr_par' dir='ltr' id='par_1_32' title="bbox 2123 1750 3714 1825">
     <span class='ocr_line' id='line_1_32' title="bbox 2123 1750 3714 1825; baseline 0.001 -19"><span class='ocrx_word' id='word_1_233' title='bbox 2123 1768 2187 1806; x_wconf 80' lang='lat' dir='ltr'><strong>ea:</strong></span> <span class='ocrx_word' id='word_1_234' title='bbox 2208 1753 2599 1823; x_wconf 64' lang='lat' dir='ltr'><strong>praedicatorum</strong></span> <span class='ocrx_word' id='word_1_235' title='bbox 2628 1753 2861 1809; x_wconf 81' lang='lat' dir='ltr'><strong>doctrina</strong></span> <span class='ocrx_word' id='word_1_236' title='bbox 2888 1753 3181 1825; x_wconf 78' lang='lat' dir='ltr'><strong>proficiant.</strong></span> <span class='ocrx_word' id='word_1_237' title='bbox 3219 1752 3358 1821; x_wconf 82' lang='lat' dir='ltr'><strong>Quid</strong></span> <span class='ocrx_word' id='word_1_238' title='bbox 3385 1750 3451 1808; x_wconf 80' lang='lat' dir='ltr'><strong>sit</strong></span> <span class='ocrx_word' id='word_1_239' title='bbox 3481 1752 3621 1825; x_wconf 81' lang='lat' dir='ltr'><strong>loqui</strong></span> <span class='ocrx_word' id='word_1_240' title='bbox 3649 1769 3714 1808; x_wconf 74' lang='lat' dir='ltr'><strong>ea:</strong></span> 
     </span>
    </p>
   </div>
   <div class='ocr_carea' id='block_1_33' title="bbox 430 1838 2018 1931">
    <p class='ocr_par' dir='ltr' id='par_1_33' title="bbox 430 1853 2018 1925">
     <span class='ocr_line' id='line_1_33' title="bbox 430 1853 2018 1925; baseline 0.003 -18"><span class='ocrx_word' id='word_1_241' title='bbox 430 1865 491 1907; x_wconf 89' lang='lat' dir='ltr'><strong>se</strong></span> <span class='ocrx_word' id='word_1_242' title='bbox 546 1859 625 1907; x_wconf 91' lang='lat' dir='ltr'><strong>tot</strong></span> <span class='ocrx_word' id='word_1_243' title='bbox 660 1853 919 1909; x_wconf 73' lang='lat' dir='ltr'><strong>virtutum</strong></span> <span class='ocrx_word' id='word_1_244' title='bbox 968 1854 1383 1923; x_wconf 73' lang='lat' dir='ltr'><strong>praedicamenta</strong></span> <span class='ocrx_word' id='word_1_245' title='bbox 1439 1855 1677 1923; x_wconf 85' lang='lat' dir='ltr'><strong>protulit,</strong></span> <span class='ocrx_word' id='word_1_246' title='bbox 1724 1855 1835 1911; x_wconf 86' lang='lat' dir='ltr'><strong>hoc</strong></span> <span class='ocrx_word' id='word_1_247' title='bbox 1877 1855 2018 1925; x_wconf 89' lang='lat' dir='ltr'><strong>quod</strong></span> 
     </span>
    </p>
   </div>
   <div class='ocr_carea' id='block_1_34' title="bbox 2126 1838 3713 1931">
    <p class='ocr_par' dir='ltr' id='par_1_34' title="bbox 2126 1838 3713 1931">
     <span class='ocr_line' id='line_1_34' title="bbox 2126 1838 3713 1931; baseline 0.001 -33"><span class='ocrx_word' id='word_1_248' title='bbox 2126 1844 2234 1900; x_wconf 82' lang='lat' dir='ltr'><strong>Deo</strong></span> <span class='ocrx_word' id='word_1_249' title='bbox 2278 1852 2326 1900; x_wconf 82' lang='lat' dir='ltr'><strong>et</strong></span> <span class='ocrx_word' id='word_1_250' title='bbox 2355 1858 2526 1901; x_wconf 87' lang='lat' dir='ltr'><strong>coram</strong></span> <span class='ocrx_word' id='word_1_251' title='bbox 2569 1845 2699 1902; x_wconf 82' lang='lat' dir='ltr'><strong>Deo.</strong></span> <span class='ocrx_word' id='word_1_252' title='bbox 2729 1866 2800 1887; x_wconf 60' lang='grc' dir='ltr'><strong>-έι</strong></span> <span class='ocrx_word' id='word_1_253' title='bbox 2843 1845 2992 1931; x_wconf 76' lang='lat' dir='ltr'><strong>Dicat</strong></span> <span class='ocrx_word' id='word_1_254' title='bbox 3022 1843 3249 1902; x_wconf 79' lang='lat' dir='ltr'><strong>fortasse</strong></span> <span class='ocrx_word' id='word_1_255' title='bbox 3274 1838 3473 1915; x_wconf 88' lang='lat' dir='ltr'><strong>aliquis</strong></span> <span class='ocrx_word' id='word_1_256' title='bbox 3506 1862 3519 1897; x_wconf 88' lang='lat'><strong>:</strong></span> <span class='ocrx_word' id='word_1_257' title='bbox 3554 1842 3713 1901; x_wconf 87' lang='lat' dir='ltr'><strong>Unde</strong></span> 
     </span>
    </p>
   </div>
   <div class='ocr_carea' id='block_1_35' title="bbox 428 1934 3712 2020">
    <p class='ocr_par' dir='ltr' id='par_1_35' title="bbox 428 1934 3712 2020">
     <span class='ocr_line' id='line_1_35' title="bbox 428 1934 3712 2020; baseline -0.003 -20"><span class='ocrx_word' id='word_1_258' title='bbox 428 1945 786 2013; x_wconf 66' lang='lat' dir='ltr'><strong>praemisimus</strong></span> <span class='ocrx_word' id='word_1_259' title='bbox 805 1954 1045 2015; x_wconf 89' lang='lat' dir='ltr'><strong>secutus,</strong></span> <span class='ocrx_word' id='word_1_260' title='bbox 1072 1945 1336 2016; x_wconf 75' lang='lat' dir='ltr'><strong>adiunxit.</strong></span> <span class='ocrx_word' id='word_1_261' title='bbox 1365 1946 1509 2019; x_wconf 83' lang='lat' dir='ltr'><strong>[Vet.</strong></span> <span class='ocrx_word' id='word_1_262' title='bbox 1530 1946 1579 2000; x_wconf 83' lang='grc' dir='ltr'><em>Χ</em></span> <span class='ocrx_word' id='word_1_263' title='bbox 1590 1946 1691 2013; x_wconf 81' lang='grc' dir='ltr'><strong>γι,</strong></span> <span class='ocrx_word' id='word_1_264' title='bbox 1724 1946 1855 2004; x_wconf 83' lang='lat' dir='ltr'><strong>liec.</strong></span> <span class='ocrx_word' id='word_1_265' title='bbox 1884 1946 2016 2020; x_wconf 79' lang='lat' dir='ltr'><strong>XL]</strong></span> <span class='ocrx_word' id='word_1_266' title='bbox 2124 1938 2374 1994; x_wconf 60' lang='lat' dir='ltr'><strong>norimus</strong></span> <span class='ocrx_word' id='word_1_267' title='bbox 2395 1952 2502 2008; x_wconf 89' lang='lat' dir='ltr'><strong>quo</strong></span> <span class='ocrx_word' id='word_1_268' title='bbox 2533 1937 2696 1994; x_wconf 81' lang='lat' dir='ltr'><strong>corde</strong></span> <span class='ocrx_word' id='word_1_269' title='bbox 2724 1938 2842 2009; x_wconf 84' lang='lat' dir='ltr'><strong>quis</strong></span> <span class='ocrx_word' id='word_1_270' title='bbox 2864 1936 3084 1993; x_wconf 79' lang='lat' dir='ltr'><strong>audiat?</strong></span> <span class='ocrx_word' id='word_1_271' title='bbox 3110 1934 3218 1993; x_wconf 89' lang='lat' dir='ltr'><strong>Sed</strong></span> <span class='ocrx_word' id='word_1_272' title='bbox 3244 1936 3411 1993; x_wconf 86' lang='lat' dir='ltr'><strong>multa</strong></span> <span class='ocrx_word' id='word_1_273' title='bbox 3438 1943 3712 2008; x_wconf 68' lang='lat' dir='ltr'><strong>suntquae</strong></span> 
     </span>
    </p>
   </div>
   <div class='ocr_carea' id='block_1_36' title="bbox 374 2036 2019 2113">
    <p class='ocr_par' dir='ltr' id='par_1_36' title="bbox 374 2036 2019 2113">
     <span class='ocr_line' id='line_1_36' title="bbox 374 2036 2019 2113; baseline 0.002 -20"><span class='ocrx_word' id='word_1_274' title='bbox 374 2058 377 2061; x_wconf 50' lang='grc' dir='ltr'><strong>ί</strong></span> <span class='ocrx_word' id='word_1_275' title='bbox 429 2036 490 2094; x_wconf 88' lang='lat' dir='ltr'><strong>Si</strong></span> <span class='ocrx_word' id='word_1_276' title='bbox 518 2039 700 2109; x_wconf 64' lang='lat' dir='ltr'><strong>capaci</strong></span> <span class='ocrx_word' id='word_1_277' title='bbox 724 2040 793 2093; x_wconf 80' lang='lat' dir='ltr'><strong>ad</strong></span> <span class='ocrx_word' id='word_1_278' title='bbox 823 2039 1209 2096; x_wconf 78' lang='lat' dir='ltr'><strong>multitudinem</strong></span> <span class='ocrx_word' id='word_1_279' title='bbox 1261 2041 1494 2109; x_wconf 83' lang='lat' dir='ltr'><strong>nimiam,</strong></span> <span class='ocrx_word' id='word_1_280' title='bbox 1525 2050 1571 2096; x_wconf 89' lang='lat' dir='ltr'><strong>et</strong></span> <span class='ocrx_word' id='word_1_281' title='bbox 1619 2041 1874 2110; x_wconf 85' lang='lat' dir='ltr'><strong>despectio</strong></span> <span class='ocrx_word' id='word_1_282' title='bbox 1898 2059 2019 2113; x_wconf 86' lang='lat' dir='ltr'><strong>pro—</strong></span> 
     </span>
    </p>
   </div>
   <div class='ocr_carea' id='block_1_37' title="bbox 344 2116 2018 2207">
    <p class='ocr_par' dir='ltr' id='par_1_37' title="bbox 344 2116 2018 2207">
     <span class='ocr_line' id='line_1_37' title="bbox 344 2116 2018 2207; baseline 0.003 -23"><span class='ocrx_word' id='word_1_283' title='bbox 344 2116 349 2121; x_wconf 38' lang='grc'>’</span> <span class='ocrx_word' id='word_1_284' title='bbox 428 2130 733 2202; x_wconf 84' lang='lat' dir='ltr'><strong>pinquorum</strong></span> <span class='ocrx_word' id='word_1_285' title='bbox 763 2132 927 2203; x_wconf 78' lang='lat'><strong>716</strong></span> <span class='ocrx_word' id='word_1_286' title='bbox 974 2134 1157 2187; x_wconf 86' lang='lat' dir='ltr'><strong>terruit</strong></span> <span class='ocrx_word' id='word_1_287' title='bbox 1186 2150 1265 2187; x_wconf 88' lang='lat' dir='ltr'><strong>me</strong></span> <span class='ocrx_word' id='word_1_288' title='bbox 1283 2150 1304 2199; x_wconf 81' lang='lat'><strong>,&#39;</strong></span> <span class='ocrx_word' id='word_1_289' title='bbox 1337 2142 1387 2191; x_wconf 84' lang='lat' dir='ltr'><strong>et</strong></span> <span class='ocrx_word' id='word_1_290' title='bbox 1414 2151 1519 2188; x_wconf 88' lang='lat' dir='ltr'><strong>non</strong></span> <span class='ocrx_word' id='word_1_291' title='bbox 1550 2136 1713 2207; x_wconf 86' lang='lat' dir='ltr'><strong>magis</strong></span> <span class='ocrx_word' id='word_1_292' title='bbox 1742 2137 1894 2201; x_wconf 87' lang='lat' dir='ltr'><strong>tacui,</strong></span> <span class='ocrx_word' id='word_1_293' title='bbox 1928 2151 2018 2189; x_wconf 89' lang='lat' dir='ltr'><strong>nec</strong></span> 
     </span>
    </p>
   </div>
   <div class='ocr_carea' id='block_1_38' title="bbox 428 2227 2015 2297">
    <p class='ocr_par' dir='ltr' id='par_1_38' title="bbox 428 2227 2015 2297">
     <span class='ocr_line' id='line_1_38' title="bbox 428 2227 2015 2297; baseline 0.006 -19"><span class='ocrx_word' id='word_1_294' title='bbox 428 2238 653 2295; x_wconf 72' lang='lat' dir='ltr'><strong>egressus</strong></span> <span class='ocrx_word' id='word_1_295' title='bbox 674 2239 791 2279; x_wconf 87' lang='lat' dir='ltr'><strong>sum</strong></span> <span class='ocrx_word' id='word_1_296' title='bbox 812 2227 1017 2280; x_wconf 82' lang='lat' dir='ltr'><strong>ostium.</strong></span> <span class='ocrx_word' id='word_1_297' title='bbox 1049 2227 1127 2282; x_wconf 84' lang='lat' dir='ltr'><strong>Ac</strong></span> <span class='ocrx_word' id='word_1_298' title='bbox 1153 2228 1200 2282; x_wconf 88' lang='lat' dir='ltr'><strong>si</strong></span> <span class='ocrx_word' id='word_1_299' title='bbox 1258 2227 1497 2297; x_wconf 85' lang='lat' dir='ltr'><strong>apertius</strong></span> <span class='ocrx_word' id='word_1_300' title='bbox 1546 2228 1688 2285; x_wconf 85' lang='lat' dir='ltr'><strong>dicat</strong></span> <span class='ocrx_word' id='word_1_301' title='bbox 1719 2245 1733 2285; x_wconf 91' lang='lat'><strong>:</strong></span> <span class='ocrx_word' id='word_1_302' title='bbox 1765 2230 2015 2287; x_wconf 85' lang='lat' dir='ltr'><strong>Turbatis</strong></span> 
     </span>
    </p>
   </div>
   <div class='ocr_carea' id='block_1_39' title="bbox 428 2314 2017 2391">
    <p class='ocr_par' dir='ltr' id='par_1_39' title="bbox 428 2314 2017 2391">
     <span class='ocr_line' id='line_1_39' title="bbox 428 2314 2017 2391; baseline 0.003 -19"><span class='ocrx_word' id='word_1_303' title='bbox 428 2327 608 2372; x_wconf 85' lang='lat' dir='ltr'><strong>contra</strong></span> <span class='ocrx_word' id='word_1_304' title='bbox 632 2332 717 2373; x_wconf 92' lang='lat' dir='ltr'><strong>me</strong></span> <span class='ocrx_word' id='word_1_305' title='bbox 738 2319 1077 2374; x_wconf 81' lang='lat' dir='ltr'><strong>extrinsecus</strong></span> <span class='ocrx_word' id='word_1_306' title='bbox 1120 2319 1265 2387; x_wconf 86' lang='lat' dir='ltr'><strong>aliis,</strong></span> <span class='ocrx_word' id='word_1_307' title='bbox 1315 2320 1429 2391; x_wconf 86' lang='lat' dir='ltr'><strong>ipse</strong></span> <span class='ocrx_word' id='word_1_308' title='bbox 1486 2322 1539 2375; x_wconf 91' lang='lat' dir='ltr'><strong>in</strong></span> <span class='ocrx_word' id='word_1_309' title='bbox 1582 2332 1667 2377; x_wconf 89' lang='lat' dir='ltr'><strong>me</strong></span> <span class='ocrx_word' id='word_1_310' title='bbox 1697 2314 2017 2377; x_wconf 80' lang='lat' dir='ltr'><strong>intrinsecus</strong></span> 
     </span>
    </p>
   </div>
   <div class='ocr_carea' id='block_1_40' title="bbox 428 2408 2025 2483">
    <p class='ocr_par' dir='ltr' id='par_1_40' title="bbox 428 2408 2025 2483">
     <span class='ocr_line' id='line_1_40' title="bbox 428 2408 2025 2483; baseline 0.003 -20"><span class='ocrx_word' id='word_1_311' title='bbox 428 2408 891 2479; x_wconf 83' lang='lat' dir='ltr'><strong>imperturbahilis</strong></span> <span class='ocrx_word' id='word_1_312' title='bbox 941 2411 1132 2467; x_wconf 84' lang='lat' dir='ltr'><strong>tnansi.</strong></span> <span class='ocrx_word' id='word_1_313' title='bbox 1184 2410 1323 2479; x_wconf 80' lang='lat' dir='ltr'><strong>Quid</strong></span> <span class='ocrx_word' id='word_1_314' title='bbox 1374 2424 1604 2483; x_wconf 85' lang='lat' dir='ltr'><strong>namque</strong></span> <span class='ocrx_word' id='word_1_315' title='bbox 1647 2413 1699 2467; x_wconf 89' lang='lat' dir='ltr'><strong>in</strong></span> <span class='ocrx_word' id='word_1_316' title='bbox 1751 2412 1852 2469; x_wconf 92' lang='lat' dir='ltr'><strong>hoc</strong></span> <span class='ocrx_word' id='word_1_317' title='bbox 1900 2414 2025 2468; x_wconf 75' lang='lat' dir='ltr'><strong>loco</strong></span> 
     </span>
    </p>
   </div>
   <div class='ocr_carea' id='block_1_41' title="bbox 428 2502 2018 2577">
    <p class='ocr_par' dir='ltr' id='par_1_41' title="bbox 428 2502 2018 2577">
     <span class='ocr_line' id='line_1_41' title="bbox 428 2502 2018 2577; baseline 0.003 -21"><span class='ocrx_word' id='word_1_318' title='bbox 428 2503 625 2558; x_wconf 88' lang='lat' dir='ltr'><strong>ostium</strong></span> <span class='ocrx_word' id='word_1_319' title='bbox 658 2502 761 2557; x_wconf 91' lang='lat' dir='ltr'><strong>nisi</strong></span> <span class='ocrx_word' id='word_1_320' title='bbox 792 2515 855 2557; x_wconf 86' lang='lat' dir='ltr'><strong>es</strong></span> <span class='ocrx_word' id='word_1_321' title='bbox 883 2502 1143 2560; x_wconf 85' lang='lat' dir='ltr'><strong>debemus</strong></span> <span class='ocrx_word' id='word_1_322' title='bbox 1172 2503 1454 2575; x_wconf 83' lang='lat' dir='ltr'><strong>accipere?</strong></span> <span class='ocrx_word' id='word_1_323' title='bbox 1485 2503 1511 2543; x_wconf 75' lang='grc' dir='ltr'><strong>ι)</strong></span> <span class='ocrx_word' id='word_1_324' title='bbox 1562 2505 1666 2561; x_wconf 85' lang='lat' dir='ltr'><strong>Per</strong></span> <span class='ocrx_word' id='word_1_325' title='bbox 1694 2507 1794 2561; x_wconf 89' lang='lat' dir='ltr'><strong>hoc</strong></span> <span class='ocrx_word' id='word_1_326' title='bbox 1822 2505 2018 2577; x_wconf 88' lang='lat' dir='ltr'><strong>quippe</strong></span> 
     </span>
    </p>
   </div>
   <div class='ocr_carea' id='block_1_42' title="bbox 429 2596 2016 2670">
    <p class='ocr_par' dir='ltr' id='par_1_42' title="bbox 429 2596 2016 2670">
     <span class='ocr_line' id='line_1_42' title="bbox 429 2596 2016 2670; baseline 0.004 -20"><span class='ocrx_word' id='word_1_327' title='bbox 429 2596 582 2667; x_wconf 87' lang='lat' dir='ltr'><strong>quasi</strong></span> <span class='ocrx_word' id='word_1_328' title='bbox 612 2596 939 2667; x_wconf 70' lang='lat' dir='ltr'><strong>egredimur,</strong></span> <span class='ocrx_word' id='word_1_329' title='bbox 989 2598 1119 2653; x_wconf 88' lang='lat' dir='ltr'><strong>dum</strong></span> <span class='ocrx_word' id='word_1_330' title='bbox 1174 2599 1351 2655; x_wconf 78' lang='lat' dir='ltr'><strong>verbis</strong></span> <span class='ocrx_word' id='word_1_331' title='bbox 1378 2600 1572 2670; x_wconf 89' lang='lat' dir='ltr'><strong>quibus</strong></span> <span class='ocrx_word' id='word_1_332' title='bbox 1627 2616 2016 2670; x_wconf 82' lang='lat' dir='ltr'><strong>possumusse-</strong></span> 
     </span>
    </p>
   </div>
   <div class='ocr_carea' id='block_1_43' title="bbox 430 2687 2017 2761">
    <p class='ocr_par' dir='ltr' id='par_1_43' title="bbox 430 2687 2017 2761">
     <span class='ocr_line' id='line_1_43' title="bbox 430 2687 2017 2761; baseline 0.004 -20"><span class='ocrx_word' id='word_1_333' title='bbox 430 2696 578 2742; x_wconf 88' lang='lat' dir='ltr'><strong>creta</strong></span> <span class='ocrx_word' id='word_1_334' title='bbox 621 2689 791 2743; x_wconf 84' lang='lat' dir='ltr'><strong>nostri</strong></span> <span class='ocrx_word' id='word_1_335' title='bbox 842 2687 1022 2743; x_wconf 87' lang='lat' dir='ltr'><strong>cordis</strong></span> <span class='ocrx_word' id='word_1_336' title='bbox 1065 2689 1376 2759; x_wconf 85' lang='lat' dir='ltr'><strong>aperimus;</strong></span> <span class='ocrx_word' id='word_1_337' title='bbox 1413 2699 1469 2745; x_wconf 91' lang='lat' dir='ltr'><strong>et</strong></span> <span class='ocrx_word' id='word_1_338' title='bbox 1496 2692 1680 2761; x_wconf 88' lang='lat' dir='ltr'><strong>quales</strong></span> <span class='ocrx_word' id='word_1_339' title='bbox 1730 2693 1873 2747; x_wconf 87' lang='lat' dir='ltr'><strong>intus</strong></span> <span class='ocrx_word' id='word_1_340' title='bbox 1904 2706 2017 2749; x_wconf 87' lang='lat' dir='ltr'><strong>ma-</strong></span> 
     </span>
    </p>
   </div>
   <div class='ocr_carea' id='block_1_44' title="bbox 426 2779 1989 2854">
    <p class='ocr_par' dir='ltr' id='par_1_44' title="bbox 426 2779 1989 2854">
     <span class='ocr_line' id='line_1_44' title="bbox 426 2779 1989 2854; baseline 0.003 -20"><span class='ocrx_word' id='word_1_341' title='bbox 426 2792 617 2837; x_wconf 82' lang='lat' dir='ltr'><strong>nemus</strong></span> <span class='ocrx_word' id='word_1_342' title='bbox 644 2781 699 2836; x_wconf 92' lang='lat' dir='ltr'><strong>in</strong></span> <span class='ocrx_word' id='word_1_343' title='bbox 724 2779 1073 2847; x_wconf 85' lang='lat' dir='ltr'><strong>conscientia,</strong></span> <span class='ocrx_word' id='word_1_344' title='bbox 1106 2781 1239 2837; x_wconf 85' lang='lat' dir='ltr'><strong>tales</strong></span> <span class='ocrx_word' id='word_1_345' title='bbox 1265 2779 1410 2837; x_wconf 78' lang='lat' dir='ltr'><strong>foras</strong></span> <span class='ocrx_word' id='word_1_346' title='bbox 1435 2781 1741 2852; x_wconf 76' lang='lat' dir='ltr'><strong>egredimur</strong></span> <span class='ocrx_word' id='word_1_347' title='bbox 1771 2799 1865 2854; x_wconf 90' lang='lat' dir='ltr'><strong>per</strong></span> <span class='ocrx_word' id='word_1_348' title='bbox 1890 2784 1989 2839; x_wconf 81' lang='lat' dir='ltr'><strong>lin-</strong></span> 
     </span>
    </p>
   </div>
   <div class='ocr_carea' id='block_1_45' title="bbox 425 2886 605 2942">
    <p class='ocr_par' dir='ltr' id='par_1_45' title="bbox 425 2886 605 2942">
     <span class='ocr_line' id='line_1_45' title="bbox 425 2886 605 2942; baseline -0.006 -15"><span class='ocrx_word' id='word_1_349' title='bbox 425 2886 605 2942; x_wconf 82' lang='lat' dir='ltr'><strong>gnam.</strong></span> 
     </span>
    </p>
   </div>
   <div class='ocr_carea' id='block_1_46' title="bbox 498 2962 2013 3037">
    <p class='ocr_par' dir='ltr' id='par_1_46' title="bbox 498 2962 2013 3037">
     <span class='ocr_line' id='line_1_46' title="bbox 498 2962 2013 3037; baseline 0.002 -17"><span class='ocrx_word' id='word_1_350' title='bbox 498 2965 588 3020; x_wconf 64' lang='lat'><strong>38.</strong></span> <span class='ocrx_word' id='word_1_351' title='bbox 630 2962 813 3021; x_wconf 86' lang='lat' dir='ltr'><strong>Sancti</strong></span> <span class='ocrx_word' id='word_1_352' title='bbox 840 2967 1196 3022; x_wconf 78' lang='lat' dir='ltr'><strong>commotionis</strong></span> <span class='ocrx_word' id='word_1_353' title='bbox 1244 2972 1469 3037; x_wconf 68' lang='lat' dir='ltr'><strong>tempore</strong></span> <span class='ocrx_word' id='word_1_354' title='bbox 1510 2968 1681 3023; x_wconf 78' lang='lat' dir='ltr'><strong>silent.</strong></span> <span class='ocrx_word' id='word_1_355' title='bbox 1715 2966 1876 3024; x_wconf 83' lang='lat' dir='ltr'><strong>Secus</strong></span> <span class='ocrx_word' id='word_1_356' title='bbox 1900 2968 2013 3023; x_wconf 86' lang='lat' dir='ltr'><strong>alii.</strong></span> 
     </span>
    </p>
   </div>
   <div class='ocr_carea' id='block_1_47' title="bbox 428 3055 2017 3139">
    <p class='ocr_par' dir='ltr' id='par_1_47' title="bbox 428 3055 2017 3139">
     <span class='ocr_line' id='line_1_47' title="bbox 428 3055 2017 3139; baseline 0.003 -26"><span class='ocrx_word' id='word_1_357' title='bbox 428 3055 723 3123; x_wconf 76' lang='lat' dir='ltr'><strong>Silentium,</strong></span> <span class='ocrx_word' id='word_1_358' title='bbox 756 3058 858 3112; x_wconf 85' lang='lat' dir='ltr'><strong>nisi</strong></span> <span class='ocrx_word' id='word_1_359' title='bbox 898 3057 1155 3129; x_wconf 83' lang='lat' dir='ltr'><strong>loquendo</strong></span> <span class='ocrx_word' id='word_1_360' title='bbox 1194 3060 1311 3115; x_wconf 84' lang='lat' dir='ltr'><strong>aliis</strong></span> <span class='ocrx_word' id='word_1_361' title='bbox 1359 3061 1596 3139; x_wconf 74' lang='lat' dir='ltr'><strong>prodesse</strong></span> <span class='ocrx_word' id='word_1_362' title='bbox 1643 3063 1913 3132; x_wconf 79' lang='lat' dir='ltr'><strong>possimus.</strong></span> <span class='ocrx_word' id='word_1_363' title='bbox 1947 3092 2017 3103; x_wconf 86' lang='lat'><strong>--</strong></span> 
     </span>
    </p>
   </div>
   <div class='ocr_carea' id='block_1_48' title="bbox 427 3145 2015 3223">
    <p class='ocr_par' dir='ltr' id='par_1_48' title="bbox 427 3145 2015 3223">
     <span class='ocr_line' id='line_1_48' title="bbox 427 3145 2015 3223; baseline 0.003 -18"><span class='ocrx_word' id='word_1_364' title='bbox 427 3145 567 3205; x_wconf 88' lang='lat' dir='ltr'><strong>Sunt</strong></span> <span class='ocrx_word' id='word_1_365' title='bbox 598 3163 725 3206; x_wconf 81' lang='lat' dir='ltr'><strong>vero</strong></span> <span class='ocrx_word' id='word_1_366' title='bbox 765 3150 1008 3205; x_wconf 88' lang='lat' dir='ltr'><strong>nonnulli</strong></span> <span class='ocrx_word' id='word_1_367' title='bbox 1039 3153 1128 3221; x_wconf 90' lang='lat' dir='ltr'><strong>qui</strong></span> <span class='ocrx_word' id='word_1_368' title='bbox 1166 3154 1386 3208; x_wconf 91' lang='lat' dir='ltr'><strong>omnino</strong></span> <span class='ocrx_word' id='word_1_369' title='bbox 1416 3153 1619 3223; x_wconf 87' lang='lat' dir='ltr'><strong>despici</strong></span> <span class='ocrx_word' id='word_1_370' title='bbox 1659 3162 1925 3223; x_wconf 89' lang='lat' dir='ltr'><strong>metuunt,</strong></span> <span class='ocrx_word' id='word_1_371' title='bbox 1951 3169 2015 3211; x_wconf 89' lang='lat' dir='ltr'><strong>ac</strong></span> 
     </span>
    </p>
   </div>
   <div class='ocr_carea' id='block_1_49' title="bbox 2121 2030 3714 2105">
    <p class='ocr_par' dir='ltr' id='par_1_49' title="bbox 2121 2030 3714 2105">
     <span class='ocr_line' id='line_1_49' title="bbox 2121 2030 3714 2105; baseline 0 -17"><span class='ocrx_word' id='word_1_372' title='bbox 2121 2034 2391 2090; x_wconf 84' lang='lat' dir='ltr'><strong>audientis</strong></span> <span class='ocrx_word' id='word_1_373' title='bbox 2435 2034 2674 2090; x_wconf 83' lang='lat' dir='ltr'><strong>animum</strong></span> <span class='ocrx_word' id='word_1_374' title='bbox 2728 2033 3006 2105; x_wconf 89' lang='lat' dir='ltr'><strong>produnt,</strong></span> <span class='ocrx_word' id='word_1_375' title='bbox 3060 2032 3294 2088; x_wconf 82' lang='lat' dir='ltr'><strong>maxime</strong></span> <span class='ocrx_word' id='word_1_376' title='bbox 3347 2032 3394 2089; x_wconf 93' lang='lat' dir='ltr'><strong>si</strong></span> <span class='ocrx_word' id='word_1_377' title='bbox 3437 2030 3714 2099; x_wconf 84' lang='lat' dir='ltr'><strong>auditores</strong></span> 
     </span>
    </p>
   </div>
   <div class='ocr_carea' id='block_1_50' title="bbox 2122 2125 3712 2199">
    <p class='ocr_par' dir='ltr' id='par_1_50' title="bbox 2122 2125 3712 2199">
     <span class='ocr_line' id='line_1_50' title="bbox 2122 2125 3712 2199; baseline -0.003 -15"><span class='ocrx_word' id='word_1_378' title='bbox 2122 2129 2293 2184; x_wconf 86' lang='lat' dir='ltr'><strong>nostri</strong></span> <span class='ocrx_word' id='word_1_379' title='bbox 2322 2135 2377 2185; x_wconf 90' lang='lat' dir='ltr'><strong>et</strong></span> <span class='ocrx_word' id='word_1_380' title='bbox 2408 2142 2626 2199; x_wconf 84' lang='lat' dir='ltr'><strong>semper</strong></span> <span class='ocrx_word' id='word_1_381' title='bbox 2653 2127 2869 2184; x_wconf 88' lang='lat' dir='ltr'><strong>laudant</strong></span> <span class='ocrx_word' id='word_1_382' title='bbox 2904 2125 3048 2198; x_wconf 88' lang='lat' dir='ltr'><strong>quod</strong></span> <span class='ocrx_word' id='word_1_383' title='bbox 3077 2125 3322 2193; x_wconf 88' lang='lat' dir='ltr'><strong>audiunt,</strong></span> <span class='ocrx_word' id='word_1_384' title='bbox 3354 2126 3409 2181; x_wconf 90' lang='lat' dir='ltr'><strong>et</strong></span> <span class='ocrx_word' id='word_1_385' title='bbox 3438 2137 3712 2195; x_wconf 86' lang='lat' dir='ltr'><strong>nunquam</strong></span> 
     </span>
    </p>
   </div>
   <div class='ocr_carea' id='block_1_51' title="bbox 2121 2216 3712 2294">
    <p class='ocr_par' dir='ltr' id='par_1_51' title="bbox 2121 2216 3712 2294">
     <span class='ocr_line' id='line_1_51' title="bbox 2121 2216 3712 2294; baseline -0.003 -17"><span class='ocrx_word' id='word_1_386' title='bbox 2121 2223 2265 2294; x_wconf 88' lang='lat' dir='ltr'><strong>quod</strong></span> <span class='ocrx_word' id='word_1_387' title='bbox 2296 2222 2513 2277; x_wconf 88' lang='lat' dir='ltr'><strong>laudant</strong></span> <span class='ocrx_word' id='word_1_388' title='bbox 2542 2226 2861 2292; x_wconf 83' lang='lat' dir='ltr'><strong>sequuntur.</strong></span> <span class='ocrx_word' id='word_1_389' title='bbox 2888 2218 3039 2276; x_wconf 79' lang='lat' dir='ltr'><strong>lianc</strong></span> <span class='ocrx_word' id='word_1_390' title='bbox 3068 2221 3281 2276; x_wconf 89' lang='lat' dir='ltr'><strong>inanem</strong></span> <span class='ocrx_word' id='word_1_391' title='bbox 3307 2217 3563 2289; x_wconf 84' lang='lat' dir='ltr'><strong>loquendi</strong></span> <span class='ocrx_word' id='word_1_392' title='bbox 3588 2216 3712 2290; x_wconf 87' lang='lat' dir='ltr'><strong>glo-</strong></span> 
     </span>
    </p>
   </div>
   <div class='ocr_carea' id='block_1_52' title="bbox 2120 2306 3714 2386">
    <p class='ocr_par' dir='ltr' id='par_1_52' title="bbox 2120 2306 3714 2386">
     <span class='ocr_line' id='line_1_52' title="bbox 2120 2306 3714 2386; baseline -0.004 -17"><span class='ocrx_word' id='word_1_393' title='bbox 2120 2316 2252 2370; x_wconf 89' lang='lat' dir='ltr'><strong>riam</strong></span> <span class='ocrx_word' id='word_1_394' title='bbox 2286 2315 2602 2384; x_wconf 80' lang='lat' dir='ltr'><strong>praedicator</strong></span> <span class='ocrx_word' id='word_1_395' title='bbox 2622 2313 2868 2386; x_wconf 83' lang='lat' dir='ltr'><strong>egregius</strong></span> <span class='ocrx_word' id='word_1_396' title='bbox 2893 2311 3122 2384; x_wconf 79' lang='lat' dir='ltr'><strong>fugerat,</strong></span> <span class='ocrx_word' id='word_1_397' title='bbox 3152 2326 3275 2367; x_wconf 90' lang='lat' dir='ltr'><strong>cum</strong></span> <span class='ocrx_word' id='word_1_398' title='bbox 3296 2309 3508 2367; x_wconf 86' lang='lat' dir='ltr'><strong>dicebat</strong></span> <span class='ocrx_word' id='word_1_399' title='bbox 3540 2326 3554 2362; x_wconf 90' lang='lat'><strong>:</strong></span> <span class='ocrx_word' id='word_1_400' title='bbox 3586 2306 3714 2363; x_wconf 86' lang='lat' dir='ltr'><strong>Non</strong></span> 
     </span>
    </p>
   </div>
   <div class='ocr_carea' id='block_1_53' title="bbox 2118 2388 3715 2477">
    <p class='ocr_par' dir='ltr' id='par_1_53' title="bbox 2118 2388 3715 2477">
     <span class='ocr_line' id='line_1_53' title="bbox 2118 2388 3715 2477; baseline -0.003 -14"><span class='ocrx_word' id='word_1_401' title='bbox 2118 2410 2256 2465; x_wconf 87' lang='lat' dir='ltr'><strong>enim</strong></span> <span class='ocrx_word' id='word_1_402' title='bbox 2272 2420 2449 2462; x_wconf 81' lang='lat' dir='ltr'><strong>sumus</strong></span> <span class='ocrx_word' id='word_1_403' title='bbox 2470 2408 2601 2462; x_wconf 82' lang='lat' dir='ltr'><strong>sicut</strong></span> <span class='ocrx_word' id='word_1_404' title='bbox 2619 2405 2851 2477; x_wconf 83' lang='lat' dir='ltr'><strong>plurimi,</strong></span> <span class='ocrx_word' id='word_1_405' title='bbox 2874 2407 3223 2463; x_wconf 80' lang='lat' dir='ltr'><strong>adulterantes</strong></span> <span class='ocrx_word' id='word_1_406' title='bbox 3240 2405 3444 2461; x_wconf 82' lang='lat' dir='ltr'><strong>verbum</strong></span> <span class='ocrx_word' id='word_1_407' title='bbox 3469 2388 3603 2471; x_wconf 79' lang='lat' dir='ltr'><strong>Dei,-</strong></span> <span class='ocrx_word' id='word_1_408' title='bbox 3622 2402 3715 2460; x_wconf 81' lang='lat' dir='ltr'><strong>sed</strong></span> 
     </span>
    </p>
   </div>
   <div class='ocr_carea' id='block_1_54' title="bbox 2120 2496 3713 2568">
    <p class='ocr_par' dir='ltr' id='par_1_54' title="bbox 2120 2496 3713 2568">
     <span class='ocr_line' id='line_1_54' title="bbox 2120 2496 3713 2568; baseline -0.004 -10"><span class='ocrx_word' id='word_1_409' title='bbox 2120 2518 2183 2558; x_wconf 77' lang='lat' dir='ltr'><strong>ea:</strong></span> <span class='ocrx_word' id='word_1_410' title='bbox 2224 2502 2538 2568; x_wconf 82' lang='lat' dir='ltr'><strong>sinceritate,</strong></span> <span class='ocrx_word' id='word_1_411' title='bbox 2567 2501 2701 2556; x_wconf 80' lang='lat' dir='ltr'><strong>sicut</strong></span> <span class='ocrx_word' id='word_1_412' title='bbox 2723 2516 2788 2555; x_wconf 82' lang='lat' dir='ltr'><strong>ea:</strong></span> <span class='ocrx_word' id='word_1_413' title='bbox 2814 2500 2943 2568; x_wconf 83' lang='lat' dir='ltr'><strong>Deo,-</strong></span> <span class='ocrx_word' id='word_1_414' title='bbox 2987 2517 3155 2556; x_wconf 85' lang='lat' dir='ltr'><strong>coram</strong></span> <span class='ocrx_word' id='word_1_415' title='bbox 3186 2500 3294 2556; x_wconf 89' lang='lat' dir='ltr'><strong>Deo</strong></span> <span class='ocrx_word' id='word_1_416' title='bbox 3323 2500 3378 2555; x_wconf 90' lang='lat' dir='ltr'><strong>in</strong></span> <span class='ocrx_word' id='word_1_417' title='bbox 3405 2496 3713 2565; x_wconf 77' lang='lat' dir='ltr'><strong>Christolo-</strong></span> 
     </span>
    </p>
   </div>
   <div class='ocr_carea' id='block_1_55' title="bbox 2120 2588 3713 2663">
    <p class='ocr_par' dir='ltr' id='par_1_55' title="bbox 2120 2588 3713 2663">
     <span class='ocr_line' id='line_1_55' title="bbox 2120 2588 3713 2663; baseline -0.001 -16"><span class='ocrx_word' id='word_1_418' title='bbox 2120 2594 2347 2663; x_wconf 79' lang='lat' dir='ltr'><strong>quimur.</strong></span> <span class='ocrx_word' id='word_1_419' title='bbox 2381 2591 2685 2648; x_wconf 82' lang='lat' dir='ltr'><strong>Adulterari</strong></span> <span class='ocrx_word' id='word_1_420' title='bbox 2716 2604 2947 2661; x_wconf 86' lang='lat' dir='ltr'><strong>namque</strong></span> <span class='ocrx_word' id='word_1_421' title='bbox 2978 2591 3201 2649; x_wconf 89' lang='lat' dir='ltr'><strong>verbum</strong></span> <span class='ocrx_word' id='word_1_422' title='bbox 3235 2589 3351 2658; x_wconf 89' lang='lat' dir='ltr'><strong>Dei,</strong></span> <span class='ocrx_word' id='word_1_423' title='bbox 3383 2600 3465 2647; x_wconf 80' lang='lat' dir='ltr'><strong>eSt</strong></span> <span class='ocrx_word' id='word_1_424' title='bbox 3494 2599 3586 2645; x_wconf 86' lang='lat' dir='ltr'><strong>aut</strong></span> <span class='ocrx_word' id='word_1_425' title='bbox 3609 2588 3713 2646; x_wconf 90' lang='lat' dir='ltr'><strong>ali-</strong></span> 
     </span>
    </p>
   </div>
   <div class='ocr_carea' id='block_1_56' title="bbox 2122 2683 3714 2756">
    <p class='ocr_par' dir='ltr' id='par_1_56' title="bbox 2122 2683 3714 2756">
     <span class='ocr_line' id='line_1_56' title="bbox 2122 2683 3714 2756; baseline -0.002 -15"><span class='ocrx_word' id='word_1_426' title='bbox 2122 2693 2203 2742; x_wconf 87' lang='lat' dir='ltr'><strong>ter</strong></span> <span class='ocrx_word' id='word_1_427' title='bbox 2229 2686 2297 2742; x_wconf 88' lang='lat' dir='ltr'><strong>de</strong></span> <span class='ocrx_word' id='word_1_428' title='bbox 2327 2685 2421 2741; x_wconf 92' lang='lat' dir='ltr'><strong>illo</strong></span> <span class='ocrx_word' id='word_1_429' title='bbox 2445 2685 2647 2742; x_wconf 89' lang='lat' dir='ltr'><strong>sentire</strong></span> <span class='ocrx_word' id='word_1_430' title='bbox 2676 2698 2834 2756; x_wconf 89' lang='lat' dir='ltr'><strong>quam</strong></span> <span class='ocrx_word' id='word_1_431' title='bbox 2866 2692 2969 2753; x_wconf 88' lang='lat' dir='ltr'><strong>est,</strong></span> <span class='ocrx_word' id='word_1_432' title='bbox 3000 2693 3090 2740; x_wconf 86' lang='lat' dir='ltr'><strong>aut</strong></span> <span class='ocrx_word' id='word_1_433' title='bbox 3121 2700 3186 2741; x_wconf 89' lang='lat' dir='ltr'><strong>ex</strong></span> <span class='ocrx_word' id='word_1_434' title='bbox 3212 2700 3278 2742; x_wconf 91' lang='lat' dir='ltr'><strong>eo</strong></span> <span class='ocrx_word' id='word_1_435' title='bbox 3304 2698 3411 2740; x_wconf 91' lang='lat' dir='ltr'><strong>non</strong></span> <span class='ocrx_word' id='word_1_436' title='bbox 3440 2683 3714 2755; x_wconf 87' lang='lat' dir='ltr'><strong>spiritales</strong></span> 
     </span>
    </p>
   </div>
   <div class='ocr_carea' id='block_1_57' title="bbox 2123 2775 3719 2848">
    <p class='ocr_par' dir='ltr' id='par_1_57' title="bbox 2123 2775 3719 2848">
     <span class='ocr_line' id='line_1_57' title="bbox 2123 2775 3719 2848; baseline -0.001 -16"><span class='ocrx_word' id='word_1_437' title='bbox 2123 2778 2349 2845; x_wconf 80' lang='lat' dir='ltr'><strong>fructus,</strong></span> <span class='ocrx_word' id='word_1_438' title='bbox 2380 2776 2474 2833; x_wconf 70' lang='lat' dir='ltr'><strong>Sed</strong></span> <span class='ocrx_word' id='word_1_439' title='bbox 2500 2777 2829 2833; x_wconf 90' lang='lat' dir='ltr'><strong>adulterinos</strong></span> <span class='ocrx_word' id='word_1_440' title='bbox 2878 2778 3016 2834; x_wconf 81' lang='lat' dir='ltr'><strong>fetus</strong></span> <span class='ocrx_word' id='word_1_441' title='bbox 3042 2791 3285 2848; x_wconf 71' lang='lat' dir='ltr'><strong>quaerere</strong></span> <span class='ocrx_word' id='word_1_442' title='bbox 3310 2776 3483 2834; x_wconf 84' lang='lat' dir='ltr'><strong>laudis</strong></span> <span class='ocrx_word' id='word_1_443' title='bbox 3510 2775 3719 2832; x_wconf 63' lang='lat' dir='ltr'><strong>hama-9</strong></span> 
     </span>
    </p>
   </div>
   <div class='ocr_carea' id='block_1_58' title="bbox 2125 2870 3715 2943">
    <p class='ocr_par' dir='ltr' id='par_1_58' title="bbox 2125 2870 3715 2943">
     <span class='ocr_line' id='line_1_58' title="bbox 2125 2870 3715 2943; baseline -0.001 -16"><span class='ocrx_word' id='word_1_444' title='bbox 2125 2886 2226 2927; x_wconf 67' lang='lat' dir='ltr'><strong>nm.</strong></span> <span class='ocrx_word' id='word_1_445' title='bbox 2262 2872 2338 2927; x_wconf 83' lang='lat' dir='ltr'><strong>Ex</strong></span> <span class='ocrx_word' id='word_1_446' title='bbox 2379 2870 2695 2929; x_wconf 88' lang='lat' dir='ltr'><strong>sinceritate</strong></span> <span class='ocrx_word' id='word_1_447' title='bbox 2722 2886 2851 2927; x_wconf 84' lang='lat' dir='ltr'><strong>vero</strong></span> <span class='ocrx_word' id='word_1_448' title='bbox 2883 2870 3045 2943; x_wconf 84' lang='lat' dir='ltr'><strong>loqui,</strong></span> <span class='ocrx_word' id='word_1_449' title='bbox 3074 2880 3159 2928; x_wconf 90' lang='lat' dir='ltr'><strong>est</strong></span> <span class='ocrx_word' id='word_1_450' title='bbox 3188 2872 3262 2927; x_wconf 92' lang='lat' dir='ltr'><strong>nil</strong></span> <span class='ocrx_word' id='word_1_451' title='bbox 3292 2871 3347 2928; x_wconf 91' lang='lat' dir='ltr'><strong>in</strong></span> <span class='ocrx_word' id='word_1_452' title='bbox 3376 2870 3587 2942; x_wconf 90' lang='lat' dir='ltr'><strong>eloquio</strong></span> <span class='ocrx_word' id='word_1_453' title='bbox 3617 2884 3715 2925; x_wconf 84' lang='lat' dir='ltr'><strong>ex-</strong></span> 
     </span>
    </p>
   </div>
   <div class='ocr_carea' id='block_1_59' title="bbox 2121 2964 3714 3037">
    <p class='ocr_par' dir='ltr' id='par_1_59' title="bbox 2121 2964 3714 3037">
     <span class='ocr_line' id='line_1_59' title="bbox 2121 2964 3714 3037; baseline -0.003 -15"><span class='ocrx_word' id='word_1_454' title='bbox 2121 2976 2203 3023; x_wconf 89' lang='lat' dir='ltr'><strong>tra</strong></span> <span class='ocrx_word' id='word_1_455' title='bbox 2223 2981 2384 3037; x_wconf 89' lang='lat' dir='ltr'><strong>quam</strong></span> <span class='ocrx_word' id='word_1_456' title='bbox 2409 2973 2933 3036; x_wconf 71' lang='lat' dir='ltr'><strong>oporteatqumrere.</strong></span> <span class='ocrx_word' id='word_1_457' title='bbox 2954 2965 3111 3037; x_wconf 80' lang='lat'><strong>717</strong></span> <span class='ocrx_word' id='word_1_458' title='bbox 3136 2964 3287 3022; x_wconf 87' lang='lat' dir='ltr'><strong>Sicut</strong></span> <span class='ocrx_word' id='word_1_459' title='bbox 3312 2980 3379 3020; x_wconf 88' lang='lat' dir='ltr'><strong>ex</strong></span> <span class='ocrx_word' id='word_1_460' title='bbox 3403 2964 3513 3019; x_wconf 91' lang='lat' dir='ltr'><strong>Deo</strong></span> <span class='ocrx_word' id='word_1_461' title='bbox 3533 2966 3714 3019; x_wconf 89' lang='lat' dir='ltr'><strong>autem</strong></span> 
     </span>
    </p>
   </div>
   <div class='ocr_carea' id='block_1_60' title="bbox 2122 3057 3714 3131">
    <p class='ocr_par' dir='ltr' id='par_1_60' title="bbox 2122 3057 3714 3131">
     <span class='ocr_line' id='line_1_60' title="bbox 2122 3057 3714 3131; baseline -0.002 -16"><span class='ocrx_word' id='word_1_462' title='bbox 2122 3060 2359 3130; x_wconf 85' lang='lat' dir='ltr'><strong>loquitur</strong></span> <span class='ocrx_word' id='word_1_463' title='bbox 2382 3060 2469 3131; x_wconf 90' lang='lat' dir='ltr'><strong>qui</strong></span> <span class='ocrx_word' id='word_1_464' title='bbox 2493 3062 2595 3115; x_wconf 71' lang='lat' dir='ltr'><strong>scit</strong></span> <span class='ocrx_word' id='word_1_465' title='bbox 2619 3070 2727 3116; x_wconf 81' lang='lat' dir='ltr'><strong>nan</strong></span> <span class='ocrx_word' id='word_1_466' title='bbox 2750 3073 2808 3116; x_wconf 92' lang='lat' dir='ltr'><strong>se</strong></span> <span class='ocrx_word' id='word_1_467' title='bbox 2828 3074 2857 3115; x_wconf 89' lang='lat' dir='ltr'><strong>a</strong></span> <span class='ocrx_word' id='word_1_468' title='bbox 2881 3073 2942 3116; x_wconf 91' lang='lat' dir='ltr'><strong>se</strong></span> <span class='ocrx_word' id='word_1_469' title='bbox 2968 3059 3185 3131; x_wconf 87' lang='lat' dir='ltr'><strong>habere,</strong></span> <span class='ocrx_word' id='word_1_470' title='bbox 3212 3059 3305 3116; x_wconf 92' lang='lat' dir='ltr'><strong>sed</strong></span> <span class='ocrx_word' id='word_1_471' title='bbox 3326 3070 3393 3115; x_wconf 89' lang='lat' dir='ltr'><strong>ex</strong></span> <span class='ocrx_word' id='word_1_472' title='bbox 3422 3057 3531 3114; x_wconf 88' lang='lat' dir='ltr'><strong>Deo</strong></span> <span class='ocrx_word' id='word_1_473' title='bbox 3558 3070 3714 3113; x_wconf 82' lang='lat' dir='ltr'><strong>acce-</strong></span> 
     </span>
    </p>
   </div>
   <div class='ocr_carea' id='block_1_61' title="bbox 2123 3140 3717 3227">
    <p class='ocr_par' dir='ltr' id='par_1_61' title="bbox 2123 3140 3717 3227">
     <span class='ocr_line' id='line_1_61' title="bbox 2123 3140 3717 3227; baseline -0.001 -20"><span class='ocrx_word' id='word_1_474' title='bbox 2123 3151 2263 3222; x_wconf 90' lang='lat' dir='ltr'><strong>pisse</strong></span> <span class='ocrx_word' id='word_1_475' title='bbox 2280 3152 2419 3223; x_wconf 87' lang='lat' dir='ltr'><strong>qnod</strong></span> <span class='ocrx_word' id='word_1_476' title='bbox 2441 3153 2586 3208; x_wconf 90' lang='lat' dir='ltr'><strong>dicit.</strong></span> <span class='ocrx_word' id='word_1_477' title='bbox 2612 3151 2807 3208; x_wconf 86' lang='lat' dir='ltr'><strong>Coram</strong></span> <span class='ocrx_word' id='word_1_478' title='bbox 2840 3152 2951 3209; x_wconf 92' lang='lat' dir='ltr'><strong>Deo</strong></span> <span class='ocrx_word' id='word_1_479' title='bbox 2978 3168 3103 3207; x_wconf 90' lang='lat' dir='ltr'><strong>vero</strong></span> <span class='ocrx_word' id='word_1_480' title='bbox 3124 3142 3359 3222; x_wconf 89' lang='lat' dir='ltr'><strong>loquitur</strong></span> <span class='ocrx_word' id='word_1_481' title='bbox 3379 3152 3470 3221; x_wconf 90' lang='lat' dir='ltr'><strong>qui</strong></span> <span class='ocrx_word' id='word_1_482' title='bbox 3494 3150 3548 3206; x_wconf 87' lang='lat' dir='ltr'><strong>in</strong></span> <span class='ocrx_word' id='word_1_483' title='bbox 3564 3140 3717 3227; x_wconf 76' lang='lat' dir='ltr'><strong>omni</strong></span> 
     </span>
    </p>
   </div>
   <div class='ocr_carea' id='block_1_62' title="bbox 431 3240 3715 3329">
    <p class='ocr_par' dir='ltr' id='par_1_62' title="bbox 431 3240 3715 3329">
     <span class='ocr_line' id='line_1_62' title="bbox 431 3240 3715 3329; baseline 0 -33"><span class='ocrx_word' id='word_1_484' title='bbox 431 3256 499 3297; x_wconf 92' lang='lat' dir='ltr'><strong>ne</strong></span> <span class='ocrx_word' id='word_1_485' title='bbox 526 3242 658 3299; x_wconf 86' lang='lat' dir='ltr'><strong>viles</strong></span> <span class='ocrx_word' id='word_1_486' title='bbox 706 3243 936 3301; x_wconf 79' lang='lat' dir='ltr'><strong>fortasse</strong></span> <span class='ocrx_word' id='word_1_487' title='bbox 958 3245 1288 3316; x_wconf 77' lang='lat' dir='ltr'><strong>iudicentur,</strong></span> <span class='ocrx_word' id='word_1_488' title='bbox 1339 3249 1609 3317; x_wconf 87' lang='lat' dir='ltr'><strong>sapientes</strong></span> <span class='ocrx_word' id='word_1_489' title='bbox 1638 3248 1808 3309; x_wconf 84' lang='lat' dir='ltr'><strong>videri</strong></span> <span class='ocrx_word' id='word_1_490' title='bbox 1850 3263 2015 3320; x_wconf 86' lang='lat' dir='ltr'><strong>appe-</strong></span> <span class='ocrx_word' id='word_1_491' title='bbox 2044 3252 2094 3329; x_wconf 65' lang='grc' dir='ltr'><strong>ρ</strong></span> <span class='ocrx_word' id='word_1_492' title='bbox 2126 3240 2268 3317; x_wconf 89' lang='lat' dir='ltr'><strong>quod</strong></span> <span class='ocrx_word' id='word_1_493' title='bbox 2290 3246 2443 3315; x_wconf 90' lang='lat' dir='ltr'><strong>dicit,</strong></span> <span class='ocrx_word' id='word_1_494' title='bbox 2475 3262 2583 3302; x_wconf 92' lang='lat' dir='ltr'><strong>non</strong></span> <span class='ocrx_word' id='word_1_495' title='bbox 2610 3246 2872 3304; x_wconf 87' lang='lat' dir='ltr'><strong>humanos</strong></span> <span class='ocrx_word' id='word_1_496' title='bbox 2897 3245 3111 3302; x_wconf 85' lang='lat' dir='ltr'><strong>favores</strong></span> <span class='ocrx_word' id='word_1_497' title='bbox 3134 3246 3367 3316; x_wconf 65' lang='lat' dir='ltr'><strong>“appetit,</strong></span> <span class='ocrx_word' id='word_1_498' title='bbox 3398 3242 3493 3301; x_wconf 89' lang='lat' dir='ltr'><strong>sed</strong></span> <span class='ocrx_word' id='word_1_499' title='bbox 3520 3242 3715 3300; x_wconf 68' lang='lat' dir='ltr'><strong>Omni-</strong></span> 
     </span>
    </p>
   </div>
   <div class='ocr_carea' id='block_1_63' title="bbox 431 3336 2018 3411">
    <p class='ocr_par' dir='ltr' id='par_1_63' title="bbox 431 3336 2018 3411">
     <span class='ocr_line' id='line_1_63' title="bbox 431 3336 2018 3411; baseline 0.005 -21"><span class='ocrx_word' id='word_1_500' title='bbox 431 3342 568 3391; x_wconf 87' lang='lat' dir='ltr'><strong>tunt.</strong></span> <span class='ocrx_word' id='word_1_501' title='bbox 594 3336 661 3392; x_wconf 85' lang='lat' dir='ltr'><strong>lli</strong></span> <span class='ocrx_word' id='word_1_502' title='bbox 688 3350 951 3409; x_wconf 87' lang='lat' dir='ltr'><strong>coguntur</strong></span> <span class='ocrx_word' id='word_1_503' title='bbox 973 3341 1171 3396; x_wconf 87' lang='lat' dir='ltr'><strong>ostium</strong></span> <span class='ocrx_word' id='word_1_504' title='bbox 1198 3340 1404 3411; x_wconf 88' lang='lat' dir='ltr'><strong>egredi,</strong></span> <span class='ocrx_word' id='word_1_505' title='bbox 1433 3343 1556 3411; x_wconf 89' lang='lat' dir='ltr'><strong>quia</strong></span> <span class='ocrx_word' id='word_1_506' title='bbox 1606 3341 1799 3411; x_wconf 87' lang='lat' dir='ltr'><strong>pulsati</strong></span> <span class='ocrx_word' id='word_1_507' title='bbox 1830 3351 2018 3398; x_wconf 86' lang='lat' dir='ltr'><strong>contu-</strong></span> 
     </span>
    </p>
   </div>
   <div class='ocr_carea' id='block_1_64' title="bbox 430 3424 2020 3506">
    <p class='ocr_par' dir='ltr' id='par_1_64' title="bbox 430 3424 2020 3506">
     <span class='ocr_line' id='line_1_64' title="bbox 430 3424 2020 3506; baseline 0.005 -23"><span class='ocrx_word' id='word_1_508' title='bbox 430 3430 624 3498; x_wconf 77' lang='lat' dir='ltr'><strong>maliis,</strong></span> <span class='ocrx_word' id='word_1_509' title='bbox 644 3448 804 3503; x_wconf 90' lang='lat' dir='ltr'><strong>quam</strong></span> <span class='ocrx_word' id='word_1_510' title='bbox 824 3433 1001 3506; x_wconf 88' lang='lat' dir='ltr'><strong>magni</strong></span> <span class='ocrx_word' id='word_1_511' title='bbox 1031 3434 1169 3505; x_wconf 89' lang='lat' dir='ltr'><strong>apud</strong></span> <span class='ocrx_word' id='word_1_512' title='bbox 1200 3449 1257 3489; x_wconf 89' lang='lat' dir='ltr'><strong>se</strong></span> <span class='ocrx_word' id='word_1_513' title='bbox 1280 3434 1482 3490; x_wconf 87' lang='lat' dir='ltr'><strong>lateant</strong></span> <span class='ocrx_word' id='word_1_514' title='bbox 1508 3435 1786 3505; x_wconf 84' lang='lat' dir='ltr'><strong>loquentes</strong></span> <span class='ocrx_word' id='word_1_515' title='bbox 1812 3424 2020 3492; x_wconf 82' lang='lat' dir='ltr'><strong>denun-</strong></span> 
     </span>
    </p>
   </div>
   <div class='ocr_carea' id='block_1_65' title="bbox 431 3521 2019 3597">
    <p class='ocr_par' dir='ltr' id='par_1_65' title="bbox 431 3521 2019 3597">
     <span class='ocr_line' id='line_1_65' title="bbox 431 3521 2019 3597; baseline 0.006 -22"><span class='ocrx_word' id='word_1_516' title='bbox 431 3521 584 3578; x_wconf 89' lang='lat' dir='ltr'><strong>tiant.</strong></span> <span class='ocrx_word' id='word_1_517' title='bbox 622 3522 864 3595; x_wconf 91' lang='lat' dir='ltr'><strong>Dumque</strong></span> <span class='ocrx_word' id='word_1_518' title='bbox 893 3540 989 3596; x_wconf 91' lang='lat' dir='ltr'><strong>per</strong></span> <span class='ocrx_word' id='word_1_519' title='bbox 1016 3524 1400 3597; x_wconf 82' lang='lat' dir='ltr'><strong>impatientiam</strong></span> <span class='ocrx_word' id='word_1_520' title='bbox 1433 3525 1559 3581; x_wconf 89' lang='lat' dir='ltr'><strong>victi</strong></span> <span class='ocrx_word' id='word_1_521' title='bbox 1586 3526 1834 3597; x_wconf 70' lang='lat' dir='ltr'><strong>quaedam</strong></span> <span class='ocrx_word' id='word_1_522' title='bbox 1863 3527 1929 3584; x_wconf 92' lang='lat' dir='ltr'><strong>de</strong></span> <span class='ocrx_word' id='word_1_523' title='bbox 1959 3541 2019 3585; x_wconf 83' lang='lat' dir='ltr'><strong>se</strong></span> 
     </span>
    </p>
   </div>
   <div class='ocr_carea' id='block_1_66' title="bbox 431 3618 2019 3690">
    <p class='ocr_par' dir='ltr' id='par_1_66' title="bbox 431 3618 2019 3690">
     <span class='ocr_line' id='line_1_66' title="bbox 431 3618 2019 3690; baseline 0.003 -18"><span class='ocrx_word' id='word_1_524' title='bbox 431 3631 551 3687; x_wconf 79' lang='lat' dir='ltr'><strong>qua:</strong></span> <span class='ocrx_word' id='word_1_525' title='bbox 580 3618 956 3674; x_wconf 87' lang='lat' dir='ltr'><strong>nesciebantur</strong></span> <span class='ocrx_word' id='word_1_526' title='bbox 982 3618 1237 3689; x_wconf 89' lang='lat' dir='ltr'><strong>produnt,</strong></span> <span class='ocrx_word' id='word_1_527' title='bbox 1275 3629 1523 3690; x_wconf 89' lang='lat' dir='ltr'><strong>tanquam</strong></span> <span class='ocrx_word' id='word_1_528' title='bbox 1554 3633 1649 3690; x_wconf 85' lang='lat' dir='ltr'><strong>per</strong></span> <span class='ocrx_word' id='word_1_529' title='bbox 1679 3619 1786 3677; x_wconf 88' lang='lat' dir='ltr'><strong>oris</strong></span> <span class='ocrx_word' id='word_1_530' title='bbox 1816 3621 2019 3678; x_wconf 88' lang='lat' dir='ltr'><strong>ostium</strong></span> 
     </span>
    </p>
   </div>
   <div class='ocr_carea' id='block_1_67' title="bbox 431 3709 2019 3783">
    <p class='ocr_par' dir='ltr' id='par_1_67' title="bbox 431 3709 2019 3783">
     <span class='ocr_line' id='line_1_67' title="bbox 431 3709 2019 3783; baseline 0.004 -18"><span class='ocrx_word' id='word_1_531' title='bbox 431 3709 794 3780; x_wconf 87' lang='lat' dir='ltr'><strong>egrediuntur.</strong></span> <span class='ocrx_word' id='word_1_532' title='bbox 822 3710 977 3767; x_wconf 90' lang='lat' dir='ltr'><strong>Unde</strong></span> <span class='ocrx_word' id='word_1_533' title='bbox 1017 3712 1206 3768; x_wconf 87' lang='lat' dir='ltr'><strong>beatus</strong></span> <span class='ocrx_word' id='word_1_534' title='bbox 1226 3712 1330 3769; x_wconf 84' lang='lat' dir='ltr'><strong>Job</strong></span> <span class='ocrx_word' id='word_1_535' title='bbox 1356 3711 1601 3768; x_wconf 91' lang='lat' dir='ltr'><strong>dicturus</strong></span> <span class='ocrx_word' id='word_1_536' title='bbox 1622 3713 1765 3783; x_wconf 89' lang='lat' dir='ltr'><strong>quod</strong></span> <span class='ocrx_word' id='word_1_537' title='bbox 1796 3714 1905 3770; x_wconf 88' lang='lat' dir='ltr'><strong>oris</strong></span> <span class='ocrx_word' id='word_1_538' title='bbox 1934 3729 2019 3771; x_wconf 83' lang='lat' dir='ltr'><strong>os-</strong></span> 
     </span>
    </p>
   </div>
   <div class='ocr_carea' id='block_1_68' title="bbox 430 3802 2017 3878">
    <p class='ocr_par' dir='ltr' id='par_1_68' title="bbox 430 3802 2017 3878">
     <span class='ocr_line' id='line_1_68' title="bbox 430 3802 2017 3878; baseline 0.003 -19"><span class='ocrx_word' id='word_1_539' title='bbox 430 3803 558 3859; x_wconf 91' lang='lat' dir='ltr'><strong>tium</strong></span> <span class='ocrx_word' id='word_1_540' title='bbox 579 3820 683 3860; x_wconf 92' lang='lat' dir='ltr'><strong>non</strong></span> <span class='ocrx_word' id='word_1_541' title='bbox 699 3802 888 3862; x_wconf 82' lang='lat' dir='ltr'><strong>luisset</strong></span> <span class='ocrx_word' id='word_1_542' title='bbox 910 3820 1180 3876; x_wconf 88' lang='lat' dir='ltr'><strong>egressus,</strong></span> <span class='ocrx_word' id='word_1_543' title='bbox 1207 3807 1341 3863; x_wconf 88' lang='lat' dir='ltr'><strong>bene</strong></span> <span class='ocrx_word' id='word_1_544' title='bbox 1364 3807 1658 3877; x_wconf 71' lang='lat' dir='ltr'><strong>praemisit:</strong></span> <span class='ocrx_word' id='word_1_545' title='bbox 1688 3806 1868 3875; x_wconf 81' lang='lat' dir='ltr'><strong>Tacui,</strong></span> <span class='ocrx_word' id='word_1_546' title='bbox 1893 3809 2017 3878; x_wconf 91' lang='lat' dir='ltr'><strong>quia</strong></span> 
     </span>
    </p>
   </div>
   <div class='ocr_carea' id='block_1_69' title="bbox 434 3898 2019 3970">
    <p class='ocr_par' dir='ltr' id='par_1_69' title="bbox 434 3898 2019 3970">
     <span class='ocr_line' id='line_1_69' title="bbox 434 3898 2019 3970; baseline 0.002 -17"><span class='ocrx_word' id='word_1_547' title='bbox 434 3898 687 3955; x_wconf 87' lang='lat' dir='ltr'><strong>videlicet</strong></span> <span class='ocrx_word' id='word_1_548' title='bbox 717 3900 1047 3970; x_wconf 89' lang='lat' dir='ltr'><strong>impatientia</strong></span> <span class='ocrx_word' id='word_1_549' title='bbox 1096 3900 1338 3956; x_wconf 89' lang='lat' dir='ltr'><strong>turbatus</strong></span> <span class='ocrx_word' id='word_1_550' title='bbox 1393 3914 1423 3953; x_wconf 91' lang='lat' dir='ltr'><strong>a</strong></span> <span class='ocrx_word' id='word_1_551' title='bbox 1470 3900 1633 3955; x_wconf 88' lang='lat' dir='ltr'><strong>domo</strong></span> <span class='ocrx_word' id='word_1_552' title='bbox 1677 3901 2019 3957; x_wconf 68' lang='lat' dir='ltr'><strong>conscientias</strong></span> 
     </span>
    </p>
   </div>
   <div class='ocr_carea' id='block_1_70' title="bbox 428 3991 2016 4067">
    <p class='ocr_par' dir='ltr' id='par_1_70' title="bbox 428 3991 2016 4067">
     <span class='ocr_line' id='line_1_70' title="bbox 428 3991 2016 4067; baseline 0.002 -19"><span class='ocrx_word' id='word_1_553' title='bbox 428 3992 656 4061; x_wconf 80' lang='lat' dir='ltr'><strong>exisset,</strong></span> <span class='ocrx_word' id='word_1_554' title='bbox 672 3993 716 4049; x_wconf 89' lang='lat' dir='ltr'><strong>si</strong></span> <span class='ocrx_word' id='word_1_555' title='bbox 736 4001 916 4049; x_wconf 88' lang='lat' dir='ltr'><strong>tacere</strong></span> <span class='ocrx_word' id='word_1_556' title='bbox 935 3994 1216 4049; x_wconf 88' lang='lat' dir='ltr'><strong>nescisset.</strong></span> <span class='ocrx_word' id='word_1_557' title='bbox 1246 3994 1396 4067; x_wconf 86' lang='lat' dir='ltr'><strong>[Rec.</strong></span> <span class='ocrx_word' id='word_1_558' title='bbox 1421 3991 1585 4064; x_wconf 78' lang='lat' dir='ltr'><strong><em>XII.J</em></strong></span> <span class='ocrx_word' id='word_1_559' title='bbox 1609 3993 1792 4051; x_wconf 85' lang='lat' dir='ltr'><strong>Sancti</strong></span> <span class='ocrx_word' id='word_1_560' title='bbox 1820 3996 2016 4051; x_wconf 88' lang='lat' dir='ltr'><strong>etenim</strong></span> 
     </span>
    </p>
   </div>
   <div class='ocr_carea' id='block_1_71' title="bbox 431 4084 2021 4155">
    <p class='ocr_par' dir='ltr' id='par_1_71' title="bbox 431 4084 2021 4155">
     <span class='ocr_line' id='line_1_71' title="bbox 431 4084 2021 4155; baseline 0.004 -19"><span class='ocrx_word' id='word_1_561' title='bbox 431 4084 531 4138; x_wconf 87' lang='lat' dir='ltr'><strong>viri</strong></span> <span class='ocrx_word' id='word_1_562' title='bbox 562 4085 613 4139; x_wconf 93' lang='lat' dir='ltr'><strong>in</strong></span> <span class='ocrx_word' id='word_1_563' title='bbox 650 4084 1029 4140; x_wconf 86' lang='lat' dir='ltr'><strong>commotionis</strong></span> <span class='ocrx_word' id='word_1_564' title='bbox 1057 4085 1357 4141; x_wconf 88' lang='lat' dir='ltr'><strong>tentatione</strong></span> <span class='ocrx_word' id='word_1_565' title='bbox 1387 4086 1708 4155; x_wconf 88' lang='lat' dir='ltr'><strong>semetipsos</strong></span> <span class='ocrx_word' id='word_1_566' title='bbox 1731 4086 2021 4143; x_wconf 87' lang='lat' dir='ltr'><strong>ostendere</strong></span> 
     </span>
    </p>
   </div>
   <div class='ocr_carea' id='block_1_72' title="bbox 434 4177 2016 4250">
    <p class='ocr_par' dir='ltr' id='par_1_72' title="bbox 434 4177 2016 4250">
     <span class='ocr_line' id='line_1_72' title="bbox 434 4177 2016 4250; baseline 0.004 -18"><span class='ocrx_word' id='word_1_567' title='bbox 434 4179 658 4235; x_wconf 88' lang='lat' dir='ltr'><strong>omnino</strong></span> <span class='ocrx_word' id='word_1_568' title='bbox 687 4178 975 4250; x_wconf 81' lang='lat' dir='ltr'><strong>refugiunt,</strong></span> <span class='ocrx_word' id='word_1_569' title='bbox 1011 4188 1065 4234; x_wconf 93' lang='lat' dir='ltr'><strong>et</strong></span> <span class='ocrx_word' id='word_1_570' title='bbox 1095 4193 1217 4234; x_wconf 91' lang='lat' dir='ltr'><strong>cum</strong></span> <span class='ocrx_word' id='word_1_571' title='bbox 1265 4177 1602 4235; x_wconf 85' lang='lat' dir='ltr'><strong>audientibus</strong></span> <span class='ocrx_word' id='word_1_572' title='bbox 1634 4179 1892 4247; x_wconf 83' lang='lat' dir='ltr'><strong>prodesse</strong></span> <span class='ocrx_word' id='word_1_573' title='bbox 1919 4196 2016 4238; x_wconf 88' lang='lat' dir='ltr'><strong>ne-</strong></span> 
     </span>
    </p>
   </div>
   <div class='ocr_carea' id='block_1_73' title="bbox 427 4266 2069 4343">
    <p class='ocr_par' dir='ltr' id='par_1_73' title="bbox 427 4266 2069 4343">
     <span class='ocr_line' id='line_1_73' title="bbox 427 4266 2069 4343; baseline 0 -16"><span class='ocrx_word' id='word_1_574' title='bbox 427 4280 650 4343; x_wconf 81' lang='lat' dir='ltr'><strong>queunt,</strong></span> <span class='ocrx_word' id='word_1_575' title='bbox 682 4272 844 4328; x_wconf 90' lang='lat' dir='ltr'><strong>etiam</strong></span> <span class='ocrx_word' id='word_1_576' title='bbox 876 4272 1081 4343; x_wconf 87' lang='lat' dir='ltr'><strong>despici</strong></span> <span class='ocrx_word' id='word_1_577' title='bbox 1111 4277 1351 4328; x_wconf 87' lang='lat' dir='ltr'><strong>tacentes</strong></span> <span class='ocrx_word' id='word_1_578' title='bbox 1379 4269 1587 4338; x_wconf 88' lang='lat' dir='ltr'><strong>volunt,</strong></span> <span class='ocrx_word' id='word_1_579' title='bbox 1611 4284 1681 4326; x_wconf 92' lang='lat' dir='ltr'><strong>ne</strong></span> <span class='ocrx_word' id='word_1_580' title='bbox 1707 4272 1775 4326; x_wconf 89' lang='lat' dir='ltr'><strong>de</strong></span> <span class='ocrx_word' id='word_1_581' title='bbox 1804 4275 2017 4343; x_wconf 78' lang='lat' dir='ltr'><strong>sapien—</strong></span> <span class='ocrx_word' id='word_1_582' title='bbox 2046 4266 2069 4281; x_wconf 70' lang='lat'><strong>‘</strong></span> 
     </span>
    </p>
   </div>
   <div class='ocr_carea' id='block_1_74' title="bbox 428 4362 2017 4437">
    <p class='ocr_par' dir='ltr' id='par_1_74' title="bbox 428 4362 2017 4437">
     <span class='ocr_line' id='line_1_74' title="bbox 428 4362 2017 4437; baseline 0 -17"><span class='ocrx_word' id='word_1_583' title='bbox 428 4366 519 4421; x_wconf 69' lang='lat' dir='ltr'><strong>tias</strong></span> <span class='ocrx_word' id='word_1_584' title='bbox 578 4380 689 4422; x_wconf 69' lang='lat' dir='ltr'><strong>sum</strong></span> <span class='ocrx_word' id='word_1_585' title='bbox 734 4366 1093 4423; x_wconf 87' lang='lat' dir='ltr'><strong>ostentatione</strong></span> <span class='ocrx_word' id='word_1_586' title='bbox 1147 4366 1465 4437; x_wconf 72' lang='lat' dir='ltr'><strong>glorientur.</strong></span> <span class='ocrx_word' id='word_1_587' title='bbox 1526 4362 1766 4435; x_wconf 89' lang='lat' dir='ltr'><strong>Cumque</strong></span> <span class='ocrx_word' id='word_1_588' title='bbox 1818 4365 2017 4436; x_wconf 85' lang='lat' dir='ltr'><strong>aliquid</strong></span> 
     </span>
    </p>
   </div>
   <div class='ocr_carea' id='block_1_75' title="bbox 427 4455 2013 4530">
    <p class='ocr_par' dir='ltr' id='par_1_75' title="bbox 427 4455 2013 4530">
     <span class='ocr_line' id='line_1_75' title="bbox 427 4455 2013 4530; baseline 0.001 -18"><span class='ocrx_word' id='word_1_589' title='bbox 427 4455 611 4514; x_wconf 87' lang='lat' dir='ltr'><strong>dicunt</strong></span> <span class='ocrx_word' id='word_1_590' title='bbox 658 4459 974 4529; x_wconf 80' lang='lat' dir='ltr'><strong>prudenter,</strong></span> <span class='ocrx_word' id='word_1_591' title='bbox 1007 4473 1114 4515; x_wconf 91' lang='lat' dir='ltr'><strong>non</strong></span> <span class='ocrx_word' id='word_1_592' title='bbox 1141 4469 1390 4530; x_wconf 69' lang='lat' dir='ltr'><strong>quaerunt</strong></span> <span class='ocrx_word' id='word_1_593' title='bbox 1433 4455 1661 4530; x_wconf 77' lang='lat' dir='ltr'><strong>gloriam</strong></span> <span class='ocrx_word' id='word_1_594' title='bbox 1712 4472 1889 4527; x_wconf 90' lang='lat' dir='ltr'><strong>suam,</strong></span> <span class='ocrx_word' id='word_1_595' title='bbox 1920 4459 2013 4514; x_wconf 90' lang='lat' dir='ltr'><strong>sed</strong></span> 
     </span>
    </p>
   </div>
   <div class='ocr_carea' id='block_1_76' title="bbox 426 4549 2019 4623">
    <p class='ocr_par' dir='ltr' id='par_1_76' title="bbox 426 4549 2019 4623">
     <span class='ocr_line' id='line_1_76' title="bbox 426 4549 2019 4623; baseline -0.001 -18"><span class='ocrx_word' id='word_1_596' title='bbox 426 4550 728 4607; x_wconf 81' lang='lat' dir='ltr'><strong>auditorum</strong></span> <span class='ocrx_word' id='word_1_597' title='bbox 757 4550 941 4608; x_wconf 79' lang='lat' dir='ltr'><strong>vitam.</strong></span> <span class='ocrx_word' id='word_1_598' title='bbox 976 4551 1110 4623; x_wconf 81' lang='lat' dir='ltr'><strong>cum</strong></span> <span class='ocrx_word' id='word_1_599' title='bbox 1138 4560 1270 4607; x_wconf 78' lang='lat' dir='ltr'><strong>vero</strong></span> <span class='ocrx_word' id='word_1_600' title='bbox 1296 4551 1636 4621; x_wconf 90' lang='lat' dir='ltr'><strong>conspiciunt</strong></span> <span class='ocrx_word' id='word_1_601' title='bbox 1662 4549 1784 4622; x_wconf 87' lang='lat' dir='ltr'><strong>quia</strong></span> <span class='ocrx_word' id='word_1_602' title='bbox 1810 4550 2019 4607; x_wconf 88' lang='lat' dir='ltr'><strong>audito-</strong></span> 
     </span>
    </p>
   </div>
   <div class='ocr_carea' id='block_1_77' title="bbox 2123 3334 3717 3410">
    <p class='ocr_par' dir='ltr' id='par_1_77' title="bbox 2123 3334 3717 3410">
     <span class='ocr_line' id='line_1_77' title="bbox 2123 3334 3717 3410; baseline -0.003 -15"><span class='ocrx_word' id='word_1_603' title='bbox 2123 3340 2355 3410; x_wconf 85' lang='lat' dir='ltr'><strong>potentis</strong></span> <span class='ocrx_word' id='word_1_604' title='bbox 2383 3336 2478 3395; x_wconf 91' lang='lat' dir='ltr'><strong>Dei</strong></span> <span class='ocrx_word' id='word_1_605' title='bbox 2511 3338 2809 3409; x_wconf 69' lang='lat' dir='ltr'><strong>praesentia:</strong></span> <span class='ocrx_word' id='word_1_606' title='bbox 2857 3334 3116 3406; x_wconf 84' lang='lat' dir='ltr'><strong>intendit;</strong></span> <span class='ocrx_word' id='word_1_607' title='bbox 3151 3352 3257 3395; x_wconf 90' lang='lat' dir='ltr'><strong>non</strong></span> <span class='ocrx_word' id='word_1_608' title='bbox 3284 3351 3461 3405; x_wconf 86' lang='lat' dir='ltr'><strong>suam,</strong></span> <span class='ocrx_word' id='word_1_609' title='bbox 3495 3335 3591 3393; x_wconf 89' lang='lat' dir='ltr'><strong>sed</strong></span> <span class='ocrx_word' id='word_1_610' title='bbox 3618 3349 3717 3391; x_wconf 82' lang='lat' dir='ltr'><strong>au-</strong></span> 
     </span>
    </p>
   </div>
   <div class='ocr_carea' id='block_1_78' title="bbox 2122 3427 3714 3503">
    <p class='ocr_par' dir='ltr' id='par_1_78' title="bbox 2122 3427 3714 3503">
     <span class='ocr_line' id='line_1_78' title="bbox 2122 3427 3714 3503; baseline -0.003 -17"><span class='ocrx_word' id='word_1_611' title='bbox 2122 3432 2288 3487; x_wconf 90' lang='lat' dir='ltr'><strong>ctoris</strong></span> <span class='ocrx_word' id='word_1_612' title='bbox 2310 3430 2537 3503; x_wconf 72' lang='lat' dir='ltr'><strong>giarium</strong></span> <span class='ocrx_word' id='word_1_613' title='bbox 2564 3428 2804 3502; x_wconf 85' lang='lat' dir='ltr'><strong>requirit.</strong></span> <span class='ocrx_word' id='word_1_614' title='bbox 2855 3431 2956 3498; x_wconf 88' lang='lat' dir='ltr'><strong>Qui</strong></span> <span class='ocrx_word' id='word_1_615' title='bbox 3000 3437 3179 3487; x_wconf 89' lang='lat' dir='ltr'><strong>autem</strong></span> <span class='ocrx_word' id='word_1_616' title='bbox 3230 3430 3330 3486; x_wconf 89' lang='lat' dir='ltr'><strong>scit</strong></span> <span class='ocrx_word' id='word_1_617' title='bbox 3376 3427 3593 3500; x_wconf 86' lang='lat' dir='ltr'><strong>quidem</strong></span> <span class='ocrx_word' id='word_1_618' title='bbox 3643 3440 3714 3483; x_wconf 89' lang='lat' dir='ltr'><strong>ex</strong></span> 
     </span>
    </p>
   </div>
   <div class='ocr_carea' id='block_1_79' title="bbox 2125 3516 3713 3594">
    <p class='ocr_par' dir='ltr' id='par_1_79' title="bbox 2125 3516 3713 3594">
     <span class='ocr_line' id='line_1_79' title="bbox 2125 3516 3713 3594; baseline -0.003 -16"><span class='ocrx_word' id='word_1_619' title='bbox 2125 3523 2235 3579; x_wconf 82' lang='lat' dir='ltr'><strong>Deo</strong></span> <span class='ocrx_word' id='word_1_620' title='bbox 2263 3528 2323 3579; x_wconf 84' lang='lat' dir='ltr'><strong>se</strong></span> <span class='ocrx_word' id='word_1_621' title='bbox 2346 3523 2621 3593; x_wconf 81' lang='lat' dir='ltr'><strong>accepisse</strong></span> <span class='ocrx_word' id='word_1_622' title='bbox 2648 3516 2792 3594; x_wconf 84' lang='lat' dir='ltr'><strong>quod</strong></span> <span class='ocrx_word' id='word_1_623' title='bbox 2822 3521 2972 3586; x_wconf 91' lang='lat' dir='ltr'><strong>dicit,</strong></span> <span class='ocrx_word' id='word_1_624' title='bbox 3026 3526 3080 3577; x_wconf 87' lang='lat' dir='ltr'><strong>et</strong></span> <span class='ocrx_word' id='word_1_625' title='bbox 3121 3527 3299 3577; x_wconf 87' lang='lat' dir='ltr'><strong>tamen</strong></span> <span class='ocrx_word' id='word_1_626' title='bbox 3331 3518 3560 3578; x_wconf 88' lang='lat' dir='ltr'><strong>dicendo</strong></span> <span class='ocrx_word' id='word_1_627' title='bbox 3583 3534 3713 3590; x_wconf 88' lang='lat' dir='ltr'><strong>pro-</strong></span> 
     </span>
    </p>
   </div>
   <div class='ocr_carea' id='block_1_80' title="bbox 2122 3612 3713 3691">
    <p class='ocr_par' dir='ltr' id='par_1_80' title="bbox 2122 3612 3713 3691">
     <span class='ocr_line' id='line_1_80' title="bbox 2122 3612 3713 3691; baseline -0.003 -18"><span class='ocrx_word' id='word_1_628' title='bbox 2122 3617 2293 3690; x_wconf 81' lang='lat' dir='ltr'><strong>priam</strong></span> <span class='ocrx_word' id='word_1_629' title='bbox 2317 3618 2540 3690; x_wconf 77' lang='lat' dir='ltr'><strong>gloriam</strong></span> <span class='ocrx_word' id='word_1_630' title='bbox 2563 3617 2779 3691; x_wconf 73' lang='lat' dir='ltr'><strong>qumrlt,</strong></span> <span class='ocrx_word' id='word_1_631' title='bbox 2808 3617 2949 3674; x_wconf 79' lang='lat' dir='ltr'><strong>sicut</strong></span> <span class='ocrx_word' id='word_1_632' title='bbox 2974 3626 3040 3672; x_wconf 82' lang='lat' dir='ltr'><strong>ex</strong></span> <span class='ocrx_word' id='word_1_633' title='bbox 3070 3612 3183 3672; x_wconf 89' lang='lat' dir='ltr'><strong>Deo</strong></span> <span class='ocrx_word' id='word_1_634' title='bbox 3206 3616 3463 3687; x_wconf 85' lang='lat' dir='ltr'><strong>loquitur,</strong></span> <span class='ocrx_word' id='word_1_635' title='bbox 3486 3612 3583 3670; x_wconf 91' lang='lat' dir='ltr'><strong>sed</strong></span> <span class='ocrx_word' id='word_1_636' title='bbox 3606 3627 3713 3669; x_wconf 91' lang='lat' dir='ltr'><strong>non</strong></span> 
     </span>
    </p>
   </div>
   <div class='ocr_carea' id='block_1_81' title="bbox 2123 3703 3717 3783">
    <p class='ocr_par' dir='ltr' id='par_1_81' title="bbox 2123 3703 3717 3783">
     <span class='ocr_line' id='line_1_81' title="bbox 2123 3703 3717 3783; baseline -0.003 -15"><span class='ocrx_word' id='word_1_637' title='bbox 2123 3726 2305 3768; x_wconf 90' lang='lat' dir='ltr'><strong>coram</strong></span> <span class='ocrx_word' id='word_1_638' title='bbox 2339 3712 2475 3782; x_wconf 89' lang='lat' dir='ltr'><strong>Deo,</strong></span> <span class='ocrx_word' id='word_1_639' title='bbox 2508 3704 2633 3783; x_wconf 86' lang='lat' dir='ltr'><strong>quia</strong></span> <span class='ocrx_word' id='word_1_640' title='bbox 2663 3724 2783 3767; x_wconf 85' lang='lat' dir='ltr'><strong>eum</strong></span> <span class='ocrx_word' id='word_1_641' title='bbox 2828 3718 2989 3782; x_wconf 81' lang='lat' dir='ltr'><strong>qttem</strong></span> <span class='ocrx_word' id='word_1_642' title='bbox 3011 3703 3162 3767; x_wconf 82' lang='lat' dir='ltr'><strong>eordi</strong></span> <span class='ocrx_word' id='word_1_643' title='bbox 3188 3714 3287 3765; x_wconf 75' lang='lat' dir='ltr'><strong>Suo</strong></span> <span class='ocrx_word' id='word_1_644' title='bbox 3328 3716 3433 3764; x_wconf 84' lang='lat' dir='ltr'><strong>non</strong></span> <span class='ocrx_word' id='word_1_645' title='bbox 3467 3704 3717 3779; x_wconf 84' lang='lat' dir='ltr'><strong>proponit</strong></span> 
     </span>
    </p>
   </div>
   <div class='ocr_carea' id='block_1_82' title="bbox 2125 3802 3716 3877">
    <p class='ocr_par' dir='ltr' id='par_1_82' title="bbox 2125 3802 3716 3877">
     <span class='ocr_line' id='line_1_82' title="bbox 2125 3802 3716 3877; baseline -0.003 -15"><span class='ocrx_word' id='word_1_646' title='bbox 2125 3820 2247 3862; x_wconf 83' lang='lat' dir='ltr'><strong>cum</strong></span> <span class='ocrx_word' id='word_1_647' title='bbox 2281 3807 2536 3875; x_wconf 83' lang='lat' dir='ltr'><strong>praedicat</strong></span> <span class='ocrx_word' id='word_1_648' title='bbox 2564 3808 2715 3877; x_wconf 81' lang='lat' dir='ltr'><strong>quasi</strong></span> <span class='ocrx_word' id='word_1_649' title='bbox 2743 3806 3022 3862; x_wconf 87' lang='lat' dir='ltr'><strong>absentem</strong></span> <span class='ocrx_word' id='word_1_650' title='bbox 3056 3814 3229 3876; x_wconf 88' lang='lat' dir='ltr'><strong>putat.</strong></span> <span class='ocrx_word' id='word_1_651' title='bbox 3280 3803 3386 3861; x_wconf 88' lang='lat' dir='ltr'><strong>Sed</strong></span> <span class='ocrx_word' id='word_1_652' title='bbox 3416 3804 3583 3859; x_wconf 83' lang='lat' dir='ltr'><strong>sancti</strong></span> <span class='ocrx_word' id='word_1_653' title='bbox 3615 3802 3716 3858; x_wconf 88' lang='lat' dir='ltr'><strong>viri</strong></span> 
     </span>
    </p>
   </div>
   <div class='ocr_carea' id='block_1_83' title="bbox 2123 3895 3715 3971">
    <p class='ocr_par' dir='ltr' id='par_1_83' title="bbox 2123 3895 3715 3971">
     <span class='ocr_line' id='line_1_83' title="bbox 2123 3895 3715 3971; baseline -0.002 -17"><span class='ocrx_word' id='word_1_654' title='bbox 2123 3907 2178 3954; x_wconf 84' lang='lat' dir='ltr'><strong>et</strong></span> <span class='ocrx_word' id='word_1_655' title='bbox 2204 3913 2275 3954; x_wconf 84' lang='lat' dir='ltr'><strong>ex</strong></span> <span class='ocrx_word' id='word_1_656' title='bbox 2303 3899 2412 3954; x_wconf 92' lang='lat' dir='ltr'><strong>Deo</strong></span> <span class='ocrx_word' id='word_1_657' title='bbox 2444 3899 2758 3971; x_wconf 89' lang='lat' dir='ltr'><strong>loquuntur,</strong></span> <span class='ocrx_word' id='word_1_658' title='bbox 2790 3907 2845 3954; x_wconf 91' lang='lat' dir='ltr'><strong>et</strong></span> <span class='ocrx_word' id='word_1_659' title='bbox 2874 3910 3055 3955; x_wconf 86' lang='lat' dir='ltr'><strong>ceram</strong></span> <span class='ocrx_word' id='word_1_660' title='bbox 3082 3898 3215 3964; x_wconf 91' lang='lat' dir='ltr'><strong>Deo,</strong></span> <span class='ocrx_word' id='word_1_661' title='bbox 3244 3897 3369 3967; x_wconf 86' lang='lat' dir='ltr'><strong>quia</strong></span> <span class='ocrx_word' id='word_1_662' title='bbox 3389 3903 3444 3951; x_wconf 92' lang='lat' dir='ltr'><strong>et</strong></span> <span class='ocrx_word' id='word_1_663' title='bbox 3472 3895 3539 3951; x_wconf 92' lang='lat' dir='ltr'><strong>ab</strong></span> <span class='ocrx_word' id='word_1_664' title='bbox 3567 3908 3634 3950; x_wconf 89' lang='lat' dir='ltr'><strong>eo</strong></span> <span class='ocrx_word' id='word_1_665' title='bbox 3655 3910 3715 3951; x_wconf 89' lang='lat' dir='ltr'><strong>se</strong></span> 
     </span>
    </p>
   </div>
   <div class='ocr_carea' id='block_1_84' title="bbox 2130 3989 3719 4065">
    <p class='ocr_par' dir='ltr' id='par_1_84' title="bbox 2130 3989 3719 4065">
     <span class='ocr_line' id='line_1_84' title="bbox 2130 3989 3719 4065; baseline -0.003 -18"><span class='ocrx_word' id='word_1_666' title='bbox 2130 3992 2309 4048; x_wconf 82' lang='lat' dir='ltr'><strong>sciunt</strong></span> <span class='ocrx_word' id='word_1_667' title='bbox 2342 3994 2539 4050; x_wconf 86' lang='lat' dir='ltr'><strong>habere</strong></span> <span class='ocrx_word' id='word_1_668' title='bbox 2566 3995 2708 4065; x_wconf 91' lang='lat' dir='ltr'><strong>quod</strong></span> <span class='ocrx_word' id='word_1_669' title='bbox 2732 3994 2934 4061; x_wconf 86' lang='lat' dir='ltr'><strong>dicunt,</strong></span> <span class='ocrx_word' id='word_1_670' title='bbox 2960 4001 3015 4049; x_wconf 89' lang='lat' dir='ltr'><strong>et</strong></span> <span class='ocrx_word' id='word_1_671' title='bbox 3042 3993 3215 4063; x_wconf 82' lang='lat' dir='ltr'><strong>ipsum</strong></span> <span class='ocrx_word' id='word_1_672' title='bbox 3239 3992 3350 4048; x_wconf 89' lang='lat' dir='ltr'><strong>suis</strong></span> <span class='ocrx_word' id='word_1_673' title='bbox 3372 3989 3719 4046; x_wconf 83' lang='lat' dir='ltr'><strong>sermonibus</strong></span> 
     </span>
    </p>
   </div>
   <div class='ocr_carea' id='block_1_85' title="bbox 2125 4082 3717 4158">
    <p class='ocr_par' dir='ltr' id='par_1_85' title="bbox 2125 4082 3717 4158">
     <span class='ocr_line' id='line_1_85' title="bbox 2125 4082 3717 4158; baseline -0.001 -17"><span class='ocrx_word' id='word_1_674' title='bbox 2125 4085 2318 4142; x_wconf 88' lang='lat' dir='ltr'><strong>adesse</strong></span> <span class='ocrx_word' id='word_1_675' title='bbox 2339 4086 2577 4157; x_wconf 90' lang='lat' dir='ltr'><strong>judicem</strong></span> <span class='ocrx_word' id='word_1_676' title='bbox 2603 4096 2629 4134; x_wconf 79' lang='grc' dir='ltr'><strong><em>ε</em></strong></span> <span class='ocrx_word' id='word_1_677' title='bbox 2652 4086 3056 4158; x_wconf 89' lang='lat' dir='ltr'><strong>auditorcmque</strong></span> <span class='ocrx_word' id='word_1_678' title='bbox 3077 4086 3442 4142; x_wconf 87' lang='lat' dir='ltr'><strong>considerant.</strong></span> <span class='ocrx_word' id='word_1_679' title='bbox 3476 4083 3628 4141; x_wconf 91' lang='lat' dir='ltr'><strong>Unde</strong></span> <span class='ocrx_word' id='word_1_680' title='bbox 3656 4082 3717 4139; x_wconf 86' lang='lat' dir='ltr'><strong>lit</strong></span> 
     </span>
    </p>
   </div>
   <div class='ocr_carea' id='block_1_86' title="bbox 2130 4182 3714 4253">
    <p class='ocr_par' dir='ltr' id='par_1_86' title="bbox 2130 4182 3714 4253">
     <span class='ocr_line' id='line_1_86' title="bbox 2130 4182 3714 4253; baseline 0.001 -18"><span class='ocrx_word' id='word_1_681' title='bbox 2130 4188 2189 4235; x_wconf 89' lang='lat' dir='ltr'><strong>ut</strong></span> <span class='ocrx_word' id='word_1_682' title='bbox 2238 4190 2360 4236; x_wconf 87' lang='lat' dir='ltr'><strong>cum</strong></span> <span class='ocrx_word' id='word_1_683' title='bbox 2410 4192 2470 4238; x_wconf 84' lang='lat' dir='ltr'><strong>se</strong></span> <span class='ocrx_word' id='word_1_684' title='bbox 2516 4192 2547 4236; x_wconf 87' lang='lat' dir='ltr'><strong>a</strong></span> <span class='ocrx_word' id='word_1_685' title='bbox 2596 4182 2852 4251; x_wconf 80' lang='lat' dir='ltr'><strong>proximis</strong></span> <span class='ocrx_word' id='word_1_686' title='bbox 2896 4182 3100 4253; x_wconf 79' lang='lat' dir='ltr'><strong>deSpici</strong></span> <span class='ocrx_word' id='word_1_687' title='bbox 3146 4190 3462 4253; x_wconf 82' lang='lat' dir='ltr'><strong>agnoscunt,</strong></span> <span class='ocrx_word' id='word_1_688' title='bbox 3510 4193 3714 4251; x_wconf 84' lang='lat' dir='ltr'><strong>suaque</strong></span> 
     </span>
    </p>
   </div>
   <div class='ocr_carea' id='block_1_87' title="bbox 2128 4270 3715 4345">
    <p class='ocr_par' dir='ltr' id='par_1_87' title="bbox 2128 4270 3715 4345">
     <span class='ocr_line' id='line_1_87' title="bbox 2128 4270 3715 4345; baseline 0.002 -18"><span class='ocrx_word' id='word_1_689' title='bbox 2128 4270 2271 4344; x_wconf 68' lang='lat' dir='ltr'><strong>diem</strong></span> <span class='ocrx_word' id='word_1_690' title='bbox 2322 4274 2447 4329; x_wconf 67' lang='lat' dir='ltr'><strong>vita</strong></span> <span class='ocrx_word' id='word_1_691' title='bbox 2499 4271 2831 4329; x_wconf 85' lang='lat' dir='ltr'><strong>audientium</strong></span> <span class='ocrx_word' id='word_1_692' title='bbox 2884 4284 2989 4330; x_wconf 86' lang='lat' dir='ltr'><strong>non</strong></span> <span class='ocrx_word' id='word_1_693' title='bbox 3046 4275 3331 4345; x_wconf 85' lang='lat' dir='ltr'><strong>prodesse,</strong></span> <span class='ocrx_word' id='word_1_694' title='bbox 3385 4272 3715 4331; x_wconf 78' lang='lat' dir='ltr'><strong>abscondant</strong></span> 
     </span>
    </p>
   </div>
   <div class='ocr_carea' id='block_1_88' title="bbox 2128 4367 3717 4439">
    <p class='ocr_par' dir='ltr' id='par_1_88' title="bbox 2128 4367 3717 4439">
     <span class='ocr_line' id='line_1_88' title="bbox 2128 4367 3717 4439; baseline 0 -17"><span class='ocrx_word' id='word_1_695' title='bbox 2128 4375 2344 4439; x_wconf 75' lang='lat' dir='ltr'><strong>quanta:</strong></span> <span class='ocrx_word' id='word_1_696' title='bbox 2373 4368 2587 4424; x_wconf 83' lang='lat' dir='ltr'><strong>virtutis</strong></span> <span class='ocrx_word' id='word_1_697' title='bbox 2615 4368 2744 4438; x_wconf 89' lang='lat' dir='ltr'><strong>sint,</strong></span> <span class='ocrx_word' id='word_1_698' title='bbox 2792 4384 2859 4424; x_wconf 88' lang='lat' dir='ltr'><strong>ne</strong></span> <span class='ocrx_word' id='word_1_699' title='bbox 2890 4370 2934 4424; x_wconf 89' lang='lat' dir='ltr'><strong>si</strong></span> <span class='ocrx_word' id='word_1_700' title='bbox 2988 4375 3254 4426; x_wconf 84' lang='lat' dir='ltr'><strong>secretum</strong></span> <span class='ocrx_word' id='word_1_701' title='bbox 3295 4367 3473 4424; x_wconf 86' lang='lat' dir='ltr'><strong>cordis</strong></span> <span class='ocrx_word' id='word_1_702' title='bbox 3514 4367 3717 4424; x_wconf 87' lang='lat' dir='ltr'><strong>inutili-</strong></span> 
     </span>
    </p>
   </div>
   <div class='ocr_carea' id='block_1_89' title="bbox 2134 4460 3704 4533">
    <p class='ocr_par' dir='ltr' id='par_1_89' title="bbox 2134 4460 3704 4533">
     <span class='ocr_line' id='line_1_89' title="bbox 2134 4460 3704 4533; baseline 0 -18"><span class='ocrx_word' id='word_1_703' title='bbox 2134 4468 2215 4515; x_wconf 86' lang='lat' dir='ltr'><strong>ter</strong></span> <span class='ocrx_word' id='word_1_704' title='bbox 2244 4468 2424 4518; x_wconf 82' lang='lat' dir='ltr'><strong>sermo</strong></span> <span class='ocrx_word' id='word_1_705' title='bbox 2455 4462 2695 4533; x_wconf 86' lang='lat' dir='ltr'><strong>prolatus</strong></span> <span class='ocrx_word' id='word_1_706' title='bbox 2720 4464 2944 4533; x_wconf 78' lang='lat' dir='ltr'><strong>aperiat,</strong></span> <span class='ocrx_word' id='word_1_707' title='bbox 2980 4461 3047 4518; x_wconf 83' lang='lat' dir='ltr'><strong>ad</strong></span> <span class='ocrx_word' id='word_1_708' title='bbox 3075 4460 3288 4519; x_wconf 84' lang='lat' dir='ltr'><strong>inanem</strong></span> <span class='ocrx_word' id='word_1_709' title='bbox 3317 4461 3545 4533; x_wconf 87' lang='lat' dir='ltr'><strong>gloriam</strong></span> <span class='ocrx_word' id='word_1_710' title='bbox 3575 4473 3704 4531; x_wconf 84' lang='lat' dir='ltr'><strong>pro-</strong></span> 
     </span>
    </p>
   </div>
   <div class='ocr_carea' id='block_1_90' title="bbox 2121 4562 2355 4623">
    <p class='ocr_par' dir='ltr' id='par_1_90' title="bbox 2121 4562 2355 4623">
     <span class='ocr_line' id='line_1_90' title="bbox 2121 4562 2355 4623; baseline 0.009 -17"><span class='ocrx_word' id='word_1_711' title='bbox 2121 4562 2355 4623; x_wconf 87' lang='lat' dir='ltr'><strong>rumpat.</strong></span> 
     </span>
    </p>
   </div>
   <div class='ocr_carea' id='block_1_91' title="bbox 424 4642 3719 4733">
    <p class='ocr_par' dir='ltr' id='par_1_91' title="bbox 424 4642 3719 4733">
     <span class='ocr_line' id='line_1_91' title="bbox 424 4642 3719 4733; baseline 0 -30"><span class='ocrx_word' id='word_1_712' title='bbox 424 4661 541 4703; x_wconf 90' lang='lat' dir='ltr'><strong>rum</strong></span> <span class='ocrx_word' id='word_1_713' title='bbox 588 4648 750 4702; x_wconf 79' lang='lat' dir='ltr'><strong>vitam</strong></span> <span class='ocrx_word' id='word_1_714' title='bbox 805 4642 1073 4718; x_wconf 74' lang='lat' dir='ltr'><strong>IUQuendo</strong></span> <span class='ocrx_word' id='word_1_715' title='bbox 1112 4647 1306 4703; x_wconf 80' lang='lat' dir='ltr'><strong>lucrari</strong></span> <span class='ocrx_word' id='word_1_716' title='bbox 1356 4662 1461 4703; x_wconf 93' lang='lat' dir='ltr'><strong>non</strong></span> <span class='ocrx_word' id='word_1_717' title='bbox 1496 4657 1739 4718; x_wconf 90' lang='lat' dir='ltr'><strong>possunt,</strong></span> <span class='ocrx_word' id='word_1_718' title='bbox 1786 4647 2012 4704; x_wconf 85' lang='lat' dir='ltr'><strong>tacendo</strong></span> <span class='ocrx_word' id='word_1_719' title='bbox 2040 4671 2095 4733; x_wconf 71' lang='grc' dir='ltr'><strong><em>Β</em></strong></span> <span class='ocrx_word' id='word_1_720' title='bbox 2189 4648 2279 4704; x_wconf 71' lang='grc'><strong>40.</strong></span> <span class='ocrx_word' id='word_1_721' title='bbox 2322 4647 2421 4704; x_wconf 78' lang='lat' dir='ltr'><strong>Job</strong></span> <span class='ocrx_word' id='word_1_722' title='bbox 2464 4651 2533 4705; x_wconf 74' lang='lat' dir='ltr'><strong>ad</strong></span> <span class='ocrx_word' id='word_1_723' title='bbox 2575 4662 2696 4706; x_wconf 76' lang='lat' dir='ltr'><strong>suos</strong></span> <span class='ocrx_word' id='word_1_724' title='bbox 2726 4652 2934 4705; x_wconf 78' lang='lat' dir='ltr'><strong>virtutes</strong></span> <span class='ocrx_word' id='word_1_725' title='bbox 2978 4651 3298 4717; x_wconf 79' lang='lat' dir='ltr'><strong>narrandas,</strong></span> <span class='ocrx_word' id='word_1_726' title='bbox 3350 4662 3440 4705; x_wconf 84' lang='lat' dir='ltr'><strong>nec</strong></span> <span class='ocrx_word' id='word_1_727' title='bbox 3475 4648 3719 4721; x_wconf 80' lang='lat' dir='ltr'><strong>superbia</strong></span> 
     </span>
    </p>
   </div>
   <div class='ocr_carea' id='block_1_92' title="bbox 425 4742 2014 4816">
    <p class='ocr_par' dir='ltr' id='par_1_92' title="bbox 425 4742 2014 4816">
     <span class='ocr_line' id='line_1_92' title="bbox 425 4742 2014 4816; baseline 0.003 -20"><span class='ocrx_word' id='word_1_728' title='bbox 425 4742 761 4799; x_wconf 88' lang='lat' dir='ltr'><strong>abscondunt</strong></span> <span class='ocrx_word' id='word_1_729' title='bbox 789 4743 1076 4798; x_wconf 88' lang='lat' dir='ltr'><strong>scientiam</strong></span> <span class='ocrx_word' id='word_1_730' title='bbox 1105 4756 1277 4799; x_wconf 88' lang='lat' dir='ltr'><strong>suam.</strong></span> <span class='ocrx_word' id='word_1_731' title='bbox 1311 4753 1334 4783; x_wconf 76' lang='grc' dir='ltr'><em>ε</em></span> <span class='ocrx_word' id='word_1_732' title='bbox 1362 4743 1444 4799; x_wconf 81' lang='lat' dir='ltr'><strong>Ad</strong></span> <span class='ocrx_word' id='word_1_733' title='bbox 1476 4744 1787 4800; x_wconf 87' lang='lat' dir='ltr'><strong>imitandam</strong></span> <span class='ocrx_word' id='word_1_734' title='bbox 1817 4744 2014 4816; x_wconf 89' lang='lat' dir='ltr'><strong>quippe</strong></span> 
     </span>
    </p>
   </div>
   <div class='ocr_carea' id='block_1_93' title="bbox 424 4834 2067 4909">
    <p class='ocr_par' dir='ltr' id='par_1_93' title="bbox 424 4834 2067 4909">
     <span class='ocr_line' id='line_1_93' title="bbox 424 4834 2067 4909; baseline 0.003 -21"><span class='ocrx_word' id='word_1_735' title='bbox 424 4834 592 4890; x_wconf 79' lang='lat' dir='ltr'><strong>vitam</strong></span> <span class='ocrx_word' id='word_1_736' title='bbox 634 4834 867 4904; x_wconf 86' lang='lat' dir='ltr'><strong>Domini,</strong></span> <span class='ocrx_word' id='word_1_737' title='bbox 901 4834 1051 4906; x_wconf 89' lang='lat' dir='ltr'><strong>quasi</strong></span> <span class='ocrx_word' id='word_1_738' title='bbox 1082 4836 1147 4892; x_wconf 90' lang='lat' dir='ltr'><strong>ad</strong></span> <span class='ocrx_word' id='word_1_739' title='bbox 1173 4835 1441 4907; x_wconf 90' lang='lat' dir='ltr'><strong>quoddam</strong></span> <span class='ocrx_word' id='word_1_740' title='bbox 1492 4837 1649 4894; x_wconf 89' lang='lat' dir='ltr'><strong>nobis</strong></span> <span class='ocrx_word' id='word_1_741' title='bbox 1680 4840 2012 4909; x_wconf 81' lang='lat' dir='ltr'><strong>propositum</strong></span> <span class='ocrx_word' id='word_1_742' title='bbox 2062 4878 2067 4881; x_wconf 53' lang='grc' dir='ltr'><strong>μ</strong></span> 
     </span>
    </p>
   </div>
   <div class='ocr_carea' id='block_1_94' title="bbox 423 4916 2012 4999">
    <p class='ocr_par' dir='ltr' id='par_1_94' title="bbox 423 4916 2012 4999">
     <span class='ocr_line' id='line_1_94' title="bbox 423 4916 2012 4999; baseline 0.003 -17"><span class='ocrx_word' id='word_1_743' title='bbox 423 4924 632 4997; x_wconf 85' lang='lat' dir='ltr'><strong>signum</strong></span> <span class='ocrx_word' id='word_1_744' title='bbox 657 4928 943 4984; x_wconf 82' lang='lat' dir='ltr'><strong>currimus.</strong></span> <span class='ocrx_word' id='word_1_745' title='bbox 968 4926 1089 4999; x_wconf 89' lang='lat' dir='ltr'><strong>Ipse</strong></span> <span class='ocrx_word' id='word_1_746' title='bbox 1115 4929 1281 4996; x_wconf 88' lang='lat' dir='ltr'><strong>enim,</strong></span> <span class='ocrx_word' id='word_1_747' title='bbox 1309 4928 1432 4999; x_wconf 88' lang='lat' dir='ltr'><strong>quia</strong></span> <span class='ocrx_word' id='word_1_748' title='bbox 1456 4927 1722 4986; x_wconf 80' lang='lat' dir='ltr'><strong>Herodem</strong></span> <span class='ocrx_word' id='word_1_749' title='bbox 1746 4916 1880 4986; x_wconf 76' lang='lat' dir='ltr'><strong>vidit</strong></span> <span class='ocrx_word' id='word_1_750' title='bbox 1906 4944 2012 4987; x_wconf 90' lang='lat' dir='ltr'><strong>non</strong></span> 
     </span>
    </p>
   </div>
   <div class='ocr_carea' id='block_1_95' title="bbox 423 5020 2015 5093">
    <p class='ocr_par' dir='ltr' id='par_1_95' title="bbox 423 5020 2015 5093">
     <span class='ocr_line' id='line_1_95' title="bbox 423 5020 2015 5093; baseline 0.003 -18"><span class='ocrx_word' id='word_1_751' title='bbox 423 5020 720 5089; x_wconf 84' lang='lat' dir='ltr'><strong>profectum</strong></span> <span class='ocrx_word' id='word_1_752' title='bbox 751 5028 1014 5093; x_wconf 58' lang='lat' dir='ltr'><strong>quaerere,</strong></span> <span class='ocrx_word' id='word_1_753' title='bbox 1045 5021 1139 5078; x_wconf 85' lang='lat' dir='ltr'><strong>sed</strong></span> <span class='ocrx_word' id='word_1_754' title='bbox 1169 5020 1319 5093; x_wconf 83' lang='lat' dir='ltr'><strong>signa</strong></span> <span class='ocrx_word' id='word_1_755' title='bbox 1347 5021 1429 5078; x_wconf 89' lang='lat' dir='ltr'><strong>vel</strong></span> <span class='ocrx_word' id='word_1_756' title='bbox 1459 5022 1736 5079; x_wconf 89' lang='lat' dir='ltr'><strong>scientiam</strong></span> <span class='ocrx_word' id='word_1_757' title='bbox 1751 5023 1887 5079; x_wconf 87' lang='lat' dir='ltr'><strong>velle</strong></span> <span class='ocrx_word' id='word_1_758' title='bbox 1914 5026 2015 5080; x_wconf 87' lang='lat' dir='ltr'><strong>mi-</strong></span> 
     </span>
    </p>
   </div>
   <div class='ocr_carea' id='block_1_96' title="bbox 421 5102 2011 5186">
    <p class='ocr_par' dir='ltr' id='par_1_96' title="bbox 421 5102 2011 5186">
     <span class='ocr_line' id='line_1_96' title="bbox 421 5102 2011 5186; baseline 0.003 -18"><span class='ocrx_word' id='word_1_759' title='bbox 421 5115 548 5182; x_wconf 87' lang='lat' dir='ltr'><strong>rari,</strong></span> <span class='ocrx_word' id='word_1_760' title='bbox 579 5116 867 5186; x_wconf 77' lang='lat' dir='ltr'><strong>requisitos</strong></span> <span class='ocrx_word' id='word_1_761' title='bbox 888 5115 955 5171; x_wconf 89' lang='lat' dir='ltr'><strong>ab</strong></span> <span class='ocrx_word' id='word_1_762' title='bbox 973 5130 1037 5172; x_wconf 90' lang='lat' dir='ltr'><strong>eo</strong></span> <span class='ocrx_word' id='word_1_763' title='bbox 1063 5118 1249 5185; x_wconf 85' lang='lat' dir='ltr'><strong>tacuit,</strong></span> <span class='ocrx_word' id='word_1_764' title='bbox 1267 5123 1320 5173; x_wconf 92' lang='lat' dir='ltr'><strong>et</strong></span> <span class='ocrx_word' id='word_1_765' title='bbox 1347 5116 1470 5185; x_wconf 92' lang='lat' dir='ltr'><strong>quia</strong></span> <span class='ocrx_word' id='word_1_766' title='bbox 1498 5125 1808 5172; x_wconf 87' lang='lat' dir='ltr'><strong>constanter</strong></span> <span class='ocrx_word' id='word_1_767' title='bbox 1828 5102 2011 5183; x_wconf 86' lang='lat' dir='ltr'><strong>tacuit,</strong></span> 
     </span>
    </p>
   </div>
   <div class='ocr_carea' id='block_1_97' title="bbox 422 5207 2015 5281">
    <p class='ocr_par' dir='ltr' id='par_1_97' title="bbox 422 5207 2015 5281">
     <span class='ocr_line' id='line_1_97' title="bbox 422 5207 2015 5281; baseline 0.001 -20"><span class='ocrx_word' id='word_1_768' title='bbox 422 5208 489 5263; x_wconf 87' lang='lat' dir='ltr'><strong>ab</strong></span> <span class='ocrx_word' id='word_1_769' title='bbox 518 5223 585 5265; x_wconf 87' lang='lat' dir='ltr'><strong>eo</strong></span> <span class='ocrx_word' id='word_1_770' title='bbox 608 5209 795 5266; x_wconf 87' lang='lat' dir='ltr'><strong>irrisus</strong></span> <span class='ocrx_word' id='word_1_771' title='bbox 821 5208 1003 5266; x_wconf 84' lang='lat' dir='ltr'><strong>exivit.</strong></span> <span class='ocrx_word' id='word_1_772' title='bbox 1039 5209 1308 5281; x_wconf 86' lang='lat' dir='ltr'><strong>Scriptum</strong></span> <span class='ocrx_word' id='word_1_773' title='bbox 1342 5214 1571 5281; x_wconf 86' lang='lat' dir='ltr'><strong>namque</strong></span> <span class='ocrx_word' id='word_1_774' title='bbox 1601 5218 1684 5266; x_wconf 88' lang='lat' dir='ltr'><strong>est</strong></span> <span class='ocrx_word' id='word_1_775' title='bbox 1720 5228 1733 5263; x_wconf 86' lang='lat'><strong>:</strong></span> <span class='ocrx_word' id='word_1_776' title='bbox 1778 5207 2015 5264; x_wconf 80' lang='lat' dir='ltr'><strong>Herodes</strong></span> 
     </span>
    </p>
   </div>
   <div class='ocr_carea' id='block_1_98' title="bbox 422 5298 2012 5374">
    <p class='ocr_par' dir='ltr' id='par_1_98' title="bbox 422 5298 2012 5374">
     <span class='ocr_line' id='line_1_98' title="bbox 422 5298 2012 5374; baseline 0.003 -20"><span class='ocrx_word' id='word_1_777' title='bbox 422 5303 732 5371; x_wconf 82' lang='lat' dir='ltr'><strong>autem,viso</strong></span> <span class='ocrx_word' id='word_1_778' title='bbox 757 5304 902 5372; x_wconf 70' lang='lat' dir='ltr'><strong>Iesu,</strong></span> <span class='ocrx_word' id='word_1_779' title='bbox 925 5304 1130 5374; x_wconf 86' lang='lat' dir='ltr'><strong>gavisus</strong></span> <span class='ocrx_word' id='word_1_780' title='bbox 1157 5312 1230 5357; x_wconf 87' lang='lat' dir='ltr'><strong>est</strong></span> <span class='ocrx_word' id='word_1_781' title='bbox 1259 5298 1489 5369; x_wconf 71' lang='lat' dir='ltr'><strong>dualde;</strong></span> <span class='ocrx_word' id='word_1_782' title='bbox 1515 5312 1621 5357; x_wconf 88' lang='lat' dir='ltr'><strong>erat</strong></span> <span class='ocrx_word' id='word_1_783' title='bbox 1646 5304 1783 5358; x_wconf 84' lang='lat' dir='ltr'><strong>enim</strong></span> <span class='ocrx_word' id='word_1_784' title='bbox 1806 5305 2012 5374; x_wconf 84' lang='lat' dir='ltr'><strong>cupiens</strong></span> 
     </span>
    </p>
   </div>
   <div class='ocr_carea' id='block_1_99' title="bbox 496 5465 2011 5535">
    <p class='ocr_par' dir='ltr' id='par_1_99' title="bbox 496 5465 2011 5535">
     <span class='ocr_line' id='line_1_99' title="bbox 496 5465 2011 5535; baseline 0.002 -14"><span class='ocrx_word' id='word_1_785' title='bbox 496 5474 523 5504; x_wconf 74' lang='grc' dir='ltr'>ι</span> <span class='ocrx_word' id='word_1_786' title='bbox 563 5465 687 5533; x_wconf 86' lang='lat' dir='ltr'><strong>Ed.,</strong></span> <span class='ocrx_word' id='word_1_787' title='bbox 718 5471 1035 5523; x_wconf 85' lang='lat' dir='ltr'><strong>securitatem</strong></span> <span class='ocrx_word' id='word_1_788' title='bbox 1062 5470 1117 5522; x_wconf 86' lang='lat' dir='ltr'><strong>in</strong></span> <span class='ocrx_word' id='word_1_789' title='bbox 1145 5486 1197 5524; x_wconf 83' lang='lat' dir='ltr'><strong>se</strong></span> <span class='ocrx_word' id='word_1_790' title='bbox 1235 5485 1344 5523; x_wconf 86' lang='lat' dir='ltr'><strong>esse</strong></span> <span class='ocrx_word' id='word_1_791' title='bbox 1371 5470 1552 5524; x_wconf 84' lang='lat' dir='ltr'><strong>mentis</strong></span> <span class='ocrx_word' id='word_1_792' title='bbox 1582 5470 1891 5535; x_wconf 83' lang='lat' dir='ltr'><strong>ostendens;</strong></span> <span class='ocrx_word' id='word_1_793' title='bbox 1934 5468 2011 5525; x_wconf 87' lang='lat' dir='ltr'><strong>le-</strong></span> 
     </span>
    </p>
   </div>
   <div class='ocr_carea' id='block_1_100' title="bbox 460 5538 2006 5606">
    <p class='ocr_par' dir='ltr' id='par_1_100' title="bbox 460 5538 2006 5606">
     <span class='ocr_line' id='line_1_100' title="bbox 460 5538 2006 5606; baseline 0 -13"><span class='ocrx_word' id='word_1_794' title='bbox 460 5539 618 5604; x_wconf 86' lang='lat' dir='ltr'><strong>imus,</strong></span> <span class='ocrx_word' id='word_1_795' title='bbox 649 5540 971 5595; x_wconf 83' lang='lat' dir='ltr'><strong>securitatem</strong></span> <span class='ocrx_word' id='word_1_796' title='bbox 1021 5549 1212 5594; x_wconf 78' lang='lat' dir='ltr'><strong>sancite</strong></span> <span class='ocrx_word' id='word_1_797' title='bbox 1262 5541 1462 5606; x_wconf 85' lang='lat' dir='ltr'><strong>mentis,</strong></span> <span class='ocrx_word' id='word_1_798' title='bbox 1491 5550 1618 5605; x_wconf 90' lang='lat' dir='ltr'><strong>etc.,</strong></span> <span class='ocrx_word' id='word_1_799' title='bbox 1652 5539 1705 5594; x_wconf 88' lang='lat' dir='ltr'><strong>in</strong></span> <span class='ocrx_word' id='word_1_800' title='bbox 1756 5538 2006 5606; x_wconf 84' lang='lat' dir='ltr'><strong>Vindoc.,</strong></span> 
     </span>
    </p>
   </div>
   <div class='ocr_carea' id='block_1_101' title="bbox 468 5607 2003 5678">
    <p class='ocr_par' dir='ltr' id='par_1_101' title="bbox 468 5607 2003 5678">
     <span class='ocr_line' id='line_1_101' title="bbox 468 5607 2003 5678; baseline 0.001 -14"><span class='ocrx_word' id='word_1_801' title='bbox 468 5610 689 5676; x_wconf 87' lang='lat' dir='ltr'><strong>audun.,</strong></span> <span class='ocrx_word' id='word_1_802' title='bbox 723 5610 835 5665; x_wconf 82' lang='lat' dir='ltr'><strong>Val.</strong></span> <span class='ocrx_word' id='word_1_803' title='bbox 883 5613 991 5678; x_wconf 69' lang='lat' dir='ltr'><strong>UL,</strong></span> <span class='ocrx_word' id='word_1_804' title='bbox 1017 5610 1203 5665; x_wconf 74' lang='lat' dir='ltr'><strong>Nortn.</strong></span> <span class='ocrx_word' id='word_1_805' title='bbox 1227 5611 1497 5675; x_wconf 83' lang='lat' dir='ltr'><strong>omnibus,</strong></span> <span class='ocrx_word' id='word_1_806' title='bbox 1528 5607 1691 5665; x_wconf 85' lang='lat' dir='ltr'><strong>duoh.</strong></span> <span class='ocrx_word' id='word_1_807' title='bbox 1718 5610 2003 5678; x_wconf 82' lang='lat' dir='ltr'><strong>Sangerm.</strong></span> 
     </span>
    </p>
   </div>
   <div class='ocr_carea' id='block_1_102' title="bbox 494 5679 2003 5752">
    <p class='ocr_par' dir='ltr' id='par_1_102' title="bbox 494 5679 2003 5752">
     <span class='ocr_line' id='line_1_102' title="bbox 494 5679 2003 5752; baseline 0.002 -18"><span class='ocrx_word' id='word_1_808' title='bbox 494 5679 522 5718; x_wconf 72' lang='grc' dir='ltr'><strong>ι)</strong></span> <span class='ocrx_word' id='word_1_809' title='bbox 563 5679 807 5749; x_wconf 80' lang='lat' dir='ltr'><strong>Recent.,</strong></span> <span class='ocrx_word' id='word_1_810' title='bbox 837 5683 938 5738; x_wconf 87' lang='lat' dir='ltr'><strong>hac</strong></span> <span class='ocrx_word' id='word_1_811' title='bbox 955 5683 1203 5749; x_wconf 89' lang='lat' dir='ltr'><strong>lectione,</strong></span> <span class='ocrx_word' id='word_1_812' title='bbox 1232 5680 1581 5752; x_wconf 70' lang='lat' dir='ltr'><strong>quaeestMss.</strong></span> <span class='ocrx_word' id='word_1_813' title='bbox 1616 5689 1671 5737; x_wconf 90' lang='lat' dir='ltr'><strong>et</strong></span> <span class='ocrx_word' id='word_1_814' title='bbox 1700 5692 1804 5741; x_wconf 88' lang='lat' dir='ltr'><strong>vet.</strong></span> <span class='ocrx_word' id='word_1_815' title='bbox 1832 5679 2003 5745; x_wconf 87' lang='lat' dir='ltr'><strong>Edit.,</strong></span> 
     </span>
    </p>
   </div>
   <div class='ocr_carea' id='block_1_103' title="bbox 422 5751 1255 5823">
    <p class='ocr_par' dir='ltr' id='par_1_103' title="bbox 422 5751 1255 5823">
     <span class='ocr_line' id='line_1_103' title="bbox 422 5751 1255 5823; baseline 0.004 -17"><span class='ocrx_word' id='word_1_816' title='bbox 422 5751 629 5823; x_wconf 71' lang='lat' dir='ltr'><strong>relicta.</strong></span> <span class='ocrx_word' id='word_1_817' title='bbox 664 5752 859 5823; x_wconf 61' lang='lat' dir='ltr'><strong>habent</strong></span> <span class='ocrx_word' id='word_1_818' title='bbox 882 5770 969 5820; x_wconf 85' lang='lat' dir='ltr'><strong>per</strong></span> <span class='ocrx_word' id='word_1_819' title='bbox 994 5770 1067 5806; x_wconf 87' lang='lat' dir='ltr'><strong>es.</strong></span> <span class='ocrx_word' id='word_1_820' title='bbox 1132 5754 1135 5759; x_wconf 85' lang='grc'><em>’</em></span> 
     </span>
    </p>
   </div>
   <div class='ocr_carea' id='block_1_104' title="bbox 503 5820 2007 5891">
    <p class='ocr_par' dir='ltr' id='par_1_104' title="bbox 503 5820 2007 5891">
     <span class='ocr_line' id='line_1_104' title="bbox 503 5820 2007 5891; baseline 0.008 -21"><span class='ocrx_word' id='word_1_821' title='bbox 503 5821 642 5888; x_wconf 48' lang='lat' dir='ltr'><strong>mlta</strong></span> <span class='ocrx_word' id='word_1_822' title='bbox 674 5821 899 5885; x_wconf 86' lang='lat' dir='ltr'><strong>Tttron.,</strong></span> <span class='ocrx_word' id='word_1_823' title='bbox 934 5824 1182 5886; x_wconf 84' lang='lat' dir='ltr'><strong>Vindoc.,</strong></span> <span class='ocrx_word' id='word_1_824' title='bbox 1218 5820 1408 5889; x_wconf 57' lang='lat' dir='ltr'><strong>L‘aud.,</strong></span> <span class='ocrx_word' id='word_1_825' title='bbox 1446 5821 1629 5877; x_wconf 87' lang='lat' dir='ltr'><strong>Norm.</strong></span> <span class='ocrx_word' id='word_1_826' title='bbox 1660 5839 1870 5891; x_wconf 88' lang='lat' dir='ltr'><strong>omnes,</strong></span> <span class='ocrx_word' id='word_1_827' title='bbox 1901 5826 2007 5882; x_wconf 88' lang='lat' dir='ltr'><strong>duo</strong></span> 
     </span>
    </p>
   </div>
   <div class='ocr_carea' id='block_1_105' title="bbox 424 5893 1915 5963">
    <p class='ocr_par' dir='ltr' id='par_1_105' title="bbox 424 5893 1915 5963">
     <span class='ocr_line' id='line_1_105' title="bbox 424 5893 1915 5963; baseline 0.001 -14"><span class='ocrx_word' id='word_1_828' title='bbox 424 5893 702 5962; x_wconf 83' lang='lat' dir='ltr'><strong>Sangerm.</strong></span> <span class='ocrx_word' id='word_1_829' title='bbox 740 5893 793 5946; x_wconf 91' lang='lat' dir='ltr'><strong>ln</strong></span> <span class='ocrx_word' id='word_1_830' title='bbox 816 5893 1003 5956; x_wconf 69' lang='grc' dir='ltr'><strong>Ειιὶιίς,</strong></span> <span class='ocrx_word' id='word_1_831' title='bbox 1035 5894 1101 5945; x_wconf 80' lang='lat' dir='ltr'><strong>ad</strong></span> <span class='ocrx_word' id='word_1_832' title='bbox 1130 5893 1433 5946; x_wconf 85' lang='lat' dir='ltr'><strong>imitandum</strong></span> <span class='ocrx_word' id='word_1_833' title='bbox 1461 5894 1647 5963; x_wconf 71' lang='lat' dir='ltr'><strong>quipee</strong></span> <span class='ocrx_word' id='word_1_834' title='bbox 1670 5897 1824 5950; x_wconf 80' lang='lat' dir='ltr'><strong>viam.</strong></span> <span class='ocrx_word' id='word_1_835' title='bbox 1908 5902 1915 5907; x_wconf 80' lang='grc'><em>’</em></span> 
     </span>
    </p>
   </div>
   <div class='ocr_carea' id='block_1_106' title="bbox 2120 4741 3716 4815">
    <p class='ocr_par' dir='ltr' id='par_1_106' title="bbox 2120 4741 3716 4815">
     <span class='ocr_line' id='line_1_106' title="bbox 2120 4741 3716 4815; baseline -0.001 -16"><span class='ocrx_word' id='word_1_836' title='bbox 2120 4752 2212 4799; x_wconf 77' lang='lat' dir='ltr'><strong>nec</strong></span> <span class='ocrx_word' id='word_1_837' title='bbox 2232 4742 2555 4815; x_wconf 79' lang='lat' dir='ltr'><strong>impatientia</strong></span> <span class='ocrx_word' id='word_1_838' title='bbox 2583 4743 2761 4813; x_wconf 80' lang='lat' dir='ltr'><strong>coegit.</strong></span> <span class='ocrx_word' id='word_1_839' title='bbox 2796 4748 2864 4785; x_wconf 54' lang='grc' dir='ltr'><strong>δέ</strong></span> <span class='ocrx_word' id='word_1_840' title='bbox 2889 4741 3085 4799; x_wconf 83' lang='lat' dir='ltr'><strong>Beatus</strong></span> <span class='ocrx_word' id='word_1_841' title='bbox 3110 4743 3272 4815; x_wconf 84' lang='lat' dir='ltr'><strong>igitur</strong></span> <span class='ocrx_word' id='word_1_842' title='bbox 3302 4742 3404 4801; x_wconf 75' lang='lat' dir='ltr'><strong>Job</strong></span> <span class='ocrx_word' id='word_1_843' title='bbox 3445 4744 3587 4799; x_wconf 90' lang='lat' dir='ltr'><strong>inter</strong></span> <span class='ocrx_word' id='word_1_844' title='bbox 3619 4742 3716 4798; x_wconf 87' lang='lat' dir='ltr'><strong>ob-</strong></span> 
     </span>
    </p>
   </div>
   <div class='ocr_carea' id='block_1_107' title="bbox 2118 4838 3711 4909">
    <p class='ocr_par' dir='ltr' id='par_1_107' title="bbox 2118 4838 3711 4909">
     <span class='ocr_line' id='line_1_107' title="bbox 2118 4838 3711 4909; baseline -0.001 -15"><span class='ocrx_word' id='word_1_845' title='bbox 2118 4838 2342 4895; x_wconf 84' lang='lat' dir='ltr'><strong>stinatas</strong></span> <span class='ocrx_word' id='word_1_846' title='bbox 2373 4847 2580 4895; x_wconf 80' lang='lat' dir='ltr'><strong>mentes</strong></span> <span class='ocrx_word' id='word_1_847' title='bbox 2612 4848 2717 4893; x_wconf 81' lang='lat' dir='ltr'><strong>non</strong></span> <span class='ocrx_word' id='word_1_848' title='bbox 2750 4848 3009 4909; x_wconf 84' lang='lat' dir='ltr'><strong>appetens</strong></span> <span class='ocrx_word' id='word_1_849' title='bbox 3054 4843 3119 4896; x_wconf 67' lang='lat' dir='ltr'><strong>ex</strong></span> <span class='ocrx_word' id='word_1_850' title='bbox 3151 4841 3363 4897; x_wconf 64' lang='lat' dir='ltr'><strong>Virtutis</strong></span> <span class='ocrx_word' id='word_1_851' title='bbox 3404 4854 3514 4897; x_wconf 69' lang='lat' dir='ltr'><strong>sua:</strong></span> <span class='ocrx_word' id='word_1_852' title='bbox 3557 4848 3711 4908; x_wconf 78' lang='lat' dir='ltr'><strong>pate—</strong></span> 
     </span>
    </p>
   </div>
   <div class='ocr_carea' id='block_1_108' title="bbox 2121 4926 3715 5003">
    <p class='ocr_par' dir='ltr' id='par_1_108' title="bbox 2121 4926 3715 5003">
     <span class='ocr_line' id='line_1_108' title="bbox 2121 4926 3715 5003; baseline 0 -18"><span class='ocrx_word' id='word_1_853' title='bbox 2121 4932 2349 4991; x_wconf 74' lang='lat' dir='ltr'><strong>factione</strong></span> <span class='ocrx_word' id='word_1_854' title='bbox 2377 4933 2715 4996; x_wconf 83' lang='lat' dir='ltr'><strong>clarescere,</strong></span> <span class='ocrx_word' id='word_1_855' title='bbox 2760 4930 2875 4987; x_wconf 86' lang='lat' dir='ltr'><strong>ait:</strong></span> <span class='ocrx_word' id='word_1_856' title='bbox 2913 4931 2975 4987; x_wconf 86' lang='lat' dir='ltr'><strong>Si</strong></span> <span class='ocrx_word' id='word_1_857' title='bbox 3006 4926 3262 5002; x_wconf 76' lang='lat' dir='ltr'><strong>despectio</strong></span> <span class='ocrx_word' id='word_1_858' title='bbox 3306 4935 3715 5003; x_wconf 78' lang='lat' dir='ltr'><strong>propinquorum</strong></span> 
     </span>
    </p>
   </div>
   <div class='ocr_carea' id='block_1_109' title="bbox 2123 5027 3713 5100">
    <p class='ocr_par' dir='ltr' id='par_1_109' title="bbox 2123 5027 3713 5100">
     <span class='ocr_line' id='line_1_109' title="bbox 2123 5027 3713 5100; baseline 0.001 -21"><span class='ocrx_word' id='word_1_859' title='bbox 2123 5029 2305 5082; x_wconf 72' lang='lat' dir='ltr'><strong>terruit</strong></span> <span class='ocrx_word' id='word_1_860' title='bbox 2328 5044 2426 5095; x_wconf 87' lang='lat' dir='ltr'><strong>me,</strong></span> <span class='ocrx_word' id='word_1_861' title='bbox 2447 5034 2617 5083; x_wconf 84' lang='lat' dir='ltr'><strong>etnon</strong></span> <span class='ocrx_word' id='word_1_862' title='bbox 2641 5028 2805 5100; x_wconf 85' lang='lat' dir='ltr'><strong>magis</strong></span> <span class='ocrx_word' id='word_1_863' title='bbox 2824 5027 2983 5095; x_wconf 86' lang='lat' dir='ltr'><strong>tacui,</strong></span> <span class='ocrx_word' id='word_1_864' title='bbox 3005 5036 3096 5083; x_wconf 82' lang='lat' dir='ltr'><strong>nec</strong></span> <span class='ocrx_word' id='word_1_865' title='bbox 3117 5032 3351 5097; x_wconf 71' lang='lat' dir='ltr'><strong>cyretias</strong></span> <span class='ocrx_word' id='word_1_866' title='bbox 3370 5042 3483 5080; x_wconf 83' lang='lat' dir='ltr'><strong>sum</strong></span> <span class='ocrx_word' id='word_1_867' title='bbox 3505 5028 3713 5081; x_wconf 79' lang='lat' dir='ltr'><strong>ostium.</strong></span> 
     </span>
    </p>
   </div>
   <div class='ocr_carea' id='block_1_110' title="bbox 2123 5114 3714 5190">
    <p class='ocr_par' dir='ltr' id='par_1_110' title="bbox 2123 5114 3714 5190">
     <span class='ocr_line' id='line_1_110' title="bbox 2123 5114 3714 5190; baseline 0 -19"><span class='ocrx_word' id='word_1_868' title='bbox 2123 5118 2222 5186; x_wconf 84' lang='lat' dir='ltr'><strong>Qui</strong></span> <span class='ocrx_word' id='word_1_869' title='bbox 2245 5119 2387 5175; x_wconf 81' lang='lat' dir='ltr'><strong>enim</strong></span> <span class='ocrx_word' id='word_1_870' title='bbox 2413 5128 2507 5189; x_wconf 83' lang='lat' dir='ltr'><strong>per</strong></span> <span class='ocrx_word' id='word_1_871' title='bbox 2529 5119 2884 5177; x_wconf 84' lang='lat' dir='ltr'><strong>humilitatem</strong></span> <span class='ocrx_word' id='word_1_872' title='bbox 2910 5114 3118 5175; x_wconf 73' lang='lat' dir='ltr'><strong>solidus</strong></span> <span class='ocrx_word' id='word_1_873' title='bbox 3143 5122 3482 5190; x_wconf 79' lang='lat' dir='ltr'><strong>nequaquam</strong></span> <span class='ocrx_word' id='word_1_874' title='bbox 3508 5116 3714 5188; x_wconf 78' lang='lat' dir='ltr'><strong>deSpici</strong></span> 
     </span>
    </p>
   </div>
   <div class='ocr_carea' id='block_1_111' title="bbox 2126 5208 3719 5286">
    <p class='ocr_par' dir='ltr' id='par_1_111' title="bbox 2126 5208 3719 5286">
     <span class='ocr_line' id='line_1_111' title="bbox 2126 5208 3719 5286; baseline 0.001 -20"><span class='ocrx_word' id='word_1_875' title='bbox 2126 5212 2323 5281; x_wconf 87' lang='lat' dir='ltr'><strong>timuit,</strong></span> <span class='ocrx_word' id='word_1_876' title='bbox 2357 5212 2511 5271; x_wconf 82' lang='lat' dir='ltr'><strong>hunc</strong></span> <span class='ocrx_word' id='word_1_877' title='bbox 2528 5216 2584 5271; x_wconf 84' lang='lat' dir='ltr'><strong>ut</strong></span> <span class='ocrx_word' id='word_1_878' title='bbox 2611 5208 2757 5272; x_wconf 80' lang='lat' dir='ltr'><strong>foras</strong></span> <span class='ocrx_word' id='word_1_879' title='bbox 2786 5208 2960 5286; x_wconf 82' lang='lat' dir='ltr'><strong>lingua</strong></span> <span class='ocrx_word' id='word_1_880' title='bbox 2985 5212 3209 5285; x_wconf 68' lang='lat' dir='ltr'><strong>ejiceret</strong></span> <span class='ocrx_word' id='word_1_881' title='bbox 3244 5211 3579 5283; x_wconf 80' lang='lat' dir='ltr'><strong>impatientia</strong></span> <span class='ocrx_word' id='word_1_882' title='bbox 3608 5214 3719 5268; x_wconf 81' lang='lat' dir='ltr'><strong>non</strong></span> 
     </span>
    </p>
   </div>
   <div class='ocr_carea' id='block_1_112' title="bbox 2121 5307 3716 5382">
    <p class='ocr_par' dir='ltr' id='par_1_112' title="bbox 2121 5307 3716 5382">
     <span class='ocr_line' id='line_1_112' title="bbox 2121 5307 3716 5382; baseline -0.002 -17"><span class='ocrx_word' id='word_1_883' title='bbox 2121 5309 2299 5366; x_wconf 87' lang='lat' dir='ltr'><strong>evicit.</strong></span> <span class='ocrx_word' id='word_1_884' title='bbox 2331 5308 2437 5366; x_wconf 87' lang='lat' dir='ltr'><strong>Ubi</strong></span> <span class='ocrx_word' id='word_1_885' title='bbox 2464 5311 2597 5367; x_wconf 89' lang='lat' dir='ltr'><strong>bene</strong></span> <span class='ocrx_word' id='word_1_886' title='bbox 2622 5311 2960 5380; x_wconf 68' lang='lat' dir='ltr'><strong>praemittitur</strong></span> <span class='ocrx_word' id='word_1_887' title='bbox 2990 5329 3003 5366; x_wconf 88' lang='lat'><strong>:</strong></span> <span class='ocrx_word' id='word_1_888' title='bbox 3034 5309 3095 5368; x_wconf 84' lang='lat' dir='ltr'><strong>Si</strong></span> <span class='ocrx_word' id='word_1_889' title='bbox 3126 5309 3309 5382; x_wconf 63' lang='lat' dir='ltr'><strong>capaci</strong></span> <span class='ocrx_word' id='word_1_890' title='bbox 3327 5308 3398 5365; x_wconf 83' lang='lat' dir='ltr'><strong>ad</strong></span> <span class='ocrx_word' id='word_1_891' title='bbox 3418 5307 3716 5366; x_wconf 82' lang='lat' dir='ltr'><strong>multitudi-</strong></span> 
     </span>
    </p>
   </div>
   <div class='ocr_carea' id='block_1_113' title="bbox 2191 5471 2835 5543">
    <p class='ocr_par' dir='ltr' id='par_1_113' title="bbox 2191 5471 2835 5543">
     <span class='ocr_line' id='line_1_113' title="bbox 2191 5471 2835 5543; baseline 0.005 -15"><span class='ocrx_word' id='word_1_892' title='bbox 2191 5471 2218 5510; x_wconf 77' lang='grc' dir='ltr'>ἀ</span> <span class='ocrx_word' id='word_1_893' title='bbox 2252 5474 2411 5531; x_wconf 89' lang='lat' dir='ltr'><strong>Deest</strong></span> <span class='ocrx_word' id='word_1_894' title='bbox 2438 5476 2587 5530; x_wconf 83' lang='lat' dir='ltr'><strong>ualde</strong></span> <span class='ocrx_word' id='word_1_895' title='bbox 2616 5478 2666 5535; x_wconf 87' lang='lat' dir='ltr'><strong>in</strong></span> <span class='ocrx_word' id='word_1_896' title='bbox 2699 5475 2835 5543; x_wconf 87' lang='lat' dir='ltr'><strong>plur.</strong></span> 
     </span>
    </p>
   </div>
   <div class='ocr_carea' id='block_1_114' title="bbox 2192 5547 2672 5617">
    <p class='ocr_par' dir='ltr' id='par_1_114' title="bbox 2192 5547 2672 5617">
     <span class='ocr_line' id='line_1_114' title="bbox 2192 5547 2672 5617; baseline 0.002 -17"><span class='ocrx_word' id='word_1_897' title='bbox 2192 5554 2217 5617; x_wconf 60' lang='grc' dir='ltr'>ε</span> <span class='ocrx_word' id='word_1_898' title='bbox 2250 5547 2360 5611; x_wconf 78' lang='grc' dir='ltr'><strong>ΑΙ..</strong></span> <span class='ocrx_word' id='word_1_899' title='bbox 2390 5548 2672 5617; x_wconf 76' lang='lat' dir='ltr'><strong>respondit.</strong></span> 
     </span>
    </p>
   </div>
   <div class='ocr_carea' id='block_1_115' title="bbox 2196 5612 3606 5689">
    <p class='ocr_par' dir='ltr' id='par_1_115' title="bbox 2196 5612 3606 5689">
     <span class='ocr_line' id='line_1_115' title="bbox 2196 5612 3606 5689; baseline 0.002 -16"><span class='ocrx_word' id='word_1_900' title='bbox 2196 5612 2217 5653; x_wconf 74' lang='grc' dir='ltr'>ί</span> <span class='ocrx_word' id='word_1_901' title='bbox 2254 5612 2552 5689; x_wconf 55' lang='grc' dir='ltr'><strong>βρωθιξει</strong></span> <span class='ocrx_word' id='word_1_902' title='bbox 2573 5616 2678 5674; x_wconf 89' lang='lat' dir='ltr'><strong>duo</strong></span> <span class='ocrx_word' id='word_1_903' title='bbox 2704 5619 3011 5689; x_wconf 83' lang='lat' dir='ltr'><strong>Sangerm.,</strong></span> <span class='ocrx_word' id='word_1_904' title='bbox 3037 5618 3224 5688; x_wconf 83' lang='lat' dir='ltr'><strong>spreuit</strong></span> <span class='ocrx_word' id='word_1_905' title='bbox 3245 5615 3606 5677; x_wconf 77' lang='lat' dir='ltr'><strong>eutemillrttn.</strong></span> 
     </span>
    </p>
   </div>
   <div class='ocr_carea' id='block_1_116' title="bbox 2194 5684 3715 5819">
    <p class='ocr_par' dir='ltr' id='par_1_116' title="bbox 2194 5684 3715 5819">
     <span class='ocr_line' id='line_1_116' title="bbox 2194 5684 3715 5761; baseline 0.005 -19"><span class='ocrx_word' id='word_1_906' title='bbox 2194 5697 2219 5733; x_wconf 75' lang='lat'><strong>6</strong></span> <span class='ocrx_word' id='word_1_907' title='bbox 2252 5684 2416 5754; x_wconf 80' lang='lat' dir='ltr'><strong>Editi,</strong></span> <span class='ocrx_word' id='word_1_908' title='bbox 2449 5684 2736 5761; x_wconf 75' lang='lat' dir='ltr'><strong>adjutorem</strong></span> <span class='ocrx_word' id='word_1_909' title='bbox 2777 5684 2867 5757; x_wconf 71' lang='lat' dir='ltr'><strong>ue,</strong></span> <span class='ocrx_word' id='word_1_910' title='bbox 2895 5684 3089 5761; x_wconf 81' lang='lat' dir='ltr'><strong>quibus</strong></span> <span class='ocrx_word' id='word_1_911' title='bbox 3112 5692 3455 5759; x_wconf 16' lang='lat' dir='ltr'><strong>Aprmtulimus</strong></span> <span class='ocrx_word' id='word_1_912' title='bbox 3481 5692 3715 5749; x_wconf 81' lang='lat' dir='ltr'><strong>Codices</strong></span> 
     </span>
     <span class='ocr_line' id='line_1_117' title="bbox 2194 5709 3710 5819; baseline 0.002 -5"><span class='ocrx_word' id='word_1_913' title='bbox 2194 5774 2279 5815; x_wconf 76' lang='lat' dir='ltr'><strong>Inu</strong></span> <span class='ocrx_word' id='word_1_914' title='bbox 2326 5768 2574 5819; x_wconf 85' lang='lat' dir='ltr'><strong>exaratos</strong></span> <span class='ocrx_word' id='word_1_915' title='bbox 2625 5709 2811 5819; x_wconf 54' lang='lat' dir='ltr'><strong>Anuli“</strong></span> <span class='ocrx_word' id='word_1_916' title='bbox 2855 5761 3065 5819; x_wconf 81' lang='lat' dir='ltr'><strong>Norm...</strong></span> <span class='ocrx_word' id='word_1_917' title='bbox 3098 5760 3269 5819; x_wconf 83' lang='lat' dir='ltr'><strong>Laud.</strong></span> <span class='ocrx_word' id='word_1_918' title='bbox 3318 5771 3375 5819; x_wconf 88' lang='lat' dir='ltr'><strong>et</strong></span> <span class='ocrx_word' id='word_1_919' title='bbox 3411 5765 3545 5819; x_wconf 86' lang='lat' dir='ltr'><strong>duos</strong></span> <span class='ocrx_word' id='word_1_920' title='bbox 3571 5763 3710 5819; x_wconf 81' lang='lat' dir='ltr'><strong>San-</strong></span> 
     </span>
    </p>
   </div>
   <div class='ocr_carea' id='block_1_117' title="bbox 2117 5760 3710 5835">
    <p class='ocr_par' dir='ltr' id='par_1_117' title="bbox 2117 5760 3710 5835">
     <span class='ocr_line' id='line_1_118' title="bbox 2117 5760 3710 5835; baseline 0.002 -22"><span class='ocrx_word' id='word_1_921' title='bbox 2117 5774 2279 5815; x_wconf 90' lang='lat' dir='ltr'><strong>manu</strong></span> <span class='ocrx_word' id='word_1_922' title='bbox 2326 5760 2574 5820; x_wconf 85' lang='lat' dir='ltr'><strong>exaratos</strong></span> <span class='ocrx_word' id='word_1_923' title='bbox 2625 5760 2811 5835; x_wconf 80' lang='lat' dir='ltr'><strong>Angl.,</strong></span> <span class='ocrx_word' id='word_1_924' title='bbox 2855 5761 3065 5828; x_wconf 81' lang='lat' dir='ltr'><strong>Norm.,</strong></span> <span class='ocrx_word' id='word_1_925' title='bbox 3098 5760 3269 5819; x_wconf 84' lang='lat' dir='ltr'><strong>Laud.</strong></span> <span class='ocrx_word' id='word_1_926' title='bbox 3318 5771 3375 5820; x_wconf 87' lang='lat' dir='ltr'><strong>et</strong></span> <span class='ocrx_word' id='word_1_927' title='bbox 3411 5765 3545 5820; x_wconf 86' lang='lat' dir='ltr'><strong>duos</strong></span> <span class='ocrx_word' id='word_1_928' title='bbox 3571 5763 3710 5820; x_wconf 81' lang='lat' dir='ltr'><strong>San-</strong></span> 
     </span>
    </p>
   </div>
   <div class='ocr_carea' id='block_1_118' title="bbox 2115 5845 2879 5901">
    <p class='ocr_par' dir='ltr' id='par_1_118' title="bbox 2115 5845 2879 5901">
     <span class='ocr_line' id='line_1_119' title="bbox 2115 5845 2879 5901; baseline 0.01 -14"><span class='ocrx_word' id='word_1_929' title='bbox 2115 5845 2291 5901; x_wconf 88' lang='lat' dir='ltr'><strong>germ.</strong></span> <span class='ocrx_word' id='word_1_930' title='bbox 2876 5892 2879 5895; x_wconf 35' lang='grc' dir='ltr'><strong><em>λ</em></strong></span> 
     </span>
    </p>
   </div>
  </div>
