4066 6348
309 404 410 472 23⁵7
1086 411 1449 470 MURALIUM
1488 413 1617 467 LIB.
1662 411 1826 467 XXII.
1858 439 1924 452 —

2068 398 2294 466 CAPUT
2335 392 2510 467 itxxr
2554 412 2616 466 Β.
2658 409 2795 467 JOB.
3492 407 3598 465 258

307 550 422 589 nem
443 532 676 595 nimiam,
708 538 767 584 ut
793 529 946 600 cujus
974 531 1291 587 constantia:
1340 530 1500 586 inerit
1546 537 1889 599 agnoscatur,
1921 532 1972 590 Α
1997 528 2240 585 mortalis
2264 539 2319 586 et
2342 530 2543 605 justus,
2577 516 2745 603 quiet
2773 537 3001 587 mortem
3024 529 3251 589 haberet
3271 544 3393 586 cum
3417 530 3591 585 homi-

306 626 430 698 quia
462 624 711 680 videlicet
756 639 1089 694 nequaquam
1142 628 1306 680 terret
1354 622 1593 679 exterius
1637 637 1894 678 numerus
2001 621 2176 688 nibus,
2206 631 2260 679 et
2285 622 2547 694 justitiam
2576 638 2699 679 cum
2735 624 2870 703 Deo,
2904 632 2963 680 ut
2991 626 3115 695 quia
3139 638 3234 695 per
3264 623 3370 679 ima
3402 630 3591 679 nostra

306 721 616 795 hominum,
643 735 800 788 quem
855 735 958 775 non
991 718 1231 776 devastat
1280 717 1506 773 interius
1556 716 1709 773 turba
1738 715 1895 772 vitio-
2001 714 2157 788 longe
2182 712 2513 774 distabamus
2542 733 2573 774 a
2603 719 2861 787 summis,
2908 719 2963 775 in
2995 719 3175 793 seipso
3208 733 3318 775 uno
3342 718 3598 790 iungeret

308 825 445 865 rum.
476 808 530 865 In
565 808 663 864 hac
691 809 887 866 etenim
920 811 1051 876 vita,
1082 809 1173 880 qui
1204 808 1349 864 nulla
1379 821 1642 879 prospera
1662 802 1894 879 appetit,
1946 834 1961 841 α
2000 808 2107 887 ima
2136 824 2260 867 cum
2305 811 2534 867 summis
2559 854 2575 882 ,
2609 818 2775 883 atque
2809 827 2877 869 ex
2905 827 2973 869 eo
3014 813 3169 885 nobis
3211 811 3295 867 via
3340 807 3601 867 redeundi

306 902 449 958 nulla
483 898 667 972 procul
696 892 865 981 dubio
889 901 1116 957 adversa
1150 902 1505 973 pertimescit.
2004 902 2154 961 fieret
2180 904 2247 960 ad
2276 903 2472 974 Deum,
2503 919 2611 975 quo
2640 904 2869 961 summis
2891 906 3003 962 suis
3024 904 3132 961 ima
3156 913 3349 987 nostra
3370 902 3596 973 copula-
3663 920 3676 949 ε

383 995 474 1052 Μ.
512 996 639 1063 Qum
669 996 734 1050 de
781 1012 836 1051 se
885 1004 1060 1050 narrat
1088 995 1187 1050 Job
1212 1036 1226 1061 ,
1258 994 1321 1051 de
1365 992 1566 1051 Christo
1595 1003 1715 1051 sunt
1743 991 1898 1049 intel-
2002 1004 2107 1052 ret.
2142 997 2297 1054 Hunc
2326 1012 2455 1069 ergo
2483 996 2675 1054 beatus
2705 995 2807 1054 Job
2836 1013 2931 1069 per
2955 1001 3117 1054 totius
3147 984 3402 1071 Ecclesiae
3431 994 3601 1068 signi-
3670 994 3685 1039 ί

304 1072 533 1160 ligenda.
557 1116 628 1129 —
652 1074 783 1154 Quae
812 1086 1019 1143 scilicet
1046 1089 1209 1143 verba
1235 1086 1280 1142 si
1312 1087 1377 1143 ad
1410 1086 1743 1144 intellectum
1770 1101 1891 1159 my-
2003 1072 2308 1148 iicationem
2338 1092 2565 1163 loquens
2592 1131 2605 1157 ,
2640 1076 2988 1147 Mediatorem
3032 1072 3298 1161 requirit,
3345 1087 3447 1161 qui
3474 1102 3601 1144 cum

306 1182 496 1237 sticum
528 1170 912 1252 pertrahimus,
943 1182 995 1237 in
1022 1181 1103 1236 eis
1132 1180 1293 1236 citius
1320 1182 1693 1251 operationem
1729 1180 1899 1236 nostri
1934 1260 1941 1261 ί
2002 1180 2230 1261 dixisset
2258 1200 2271 1235 :
2306 1183 2433 1251 Quis
2464 1186 2591 1239 mihi
2615 1183 2803 1239 tribuat
2825 1185 3135 1256 adjutoretn,
3167 1191 3293 1253 apte
3319 1179 3558 1237 subdidit
3584 1195 3601 1236 :

308 1273 683 1345 Redemptoris
704 1275 1029 1330 invenimus.
1052 1274 1170 1343 Ipse
1192 1274 1390 1344 quippe
1410 1268 1474 1328 ad
1501 1273 1897 1329 multitudinum
1932 1260 1941 1263 ’
2007 1274 2075 1332 Ut
2104 1274 2415 1332 desiderium
2434 1294 2603 1334 meum
2627 1278 2961 1347 Omnipotens
2980 1277 3180 1332 audiat.
3208 1275 3423 1332 Sciebat
3445 1274 3604 1345 quip-

306 1366 527 1421 nimiam
550 1380 657 1421 non
687 1367 918 1436 expavit,
956 1365 1045 1435 qui
1078 1374 1465 1437 persecutores
1498 1379 1625 1422 suos
1650 1380 1771 1421 cum
1788 1366 1900 1435 gla-
2006 1384 2072 1440 pe
2111 1370 2254 1440 quod
2296 1370 2362 1427 ad
2410 1372 2654 1443 requiem
2708 1371 3043 1428 liberationis
3090 1380 3308 1426 aeterna:
3354 1371 3605 1426 humanm

307 1458 409 1516 diis
455 1468 511 1516 et
554 1459 784 1515 fustibus
825 1460 1105 1517 venientes
1148 1476 1250 1516 una
1277 1469 1483 1517 tantum
1541 1461 1897 1531 responsione
2007 1478 2194 1536 preces
2227 1464 2334 1521 nisi
2369 1480 2464 1535 per
2489 1468 2808 1523 advocatum
2839 1481 2994 1523 suum
3026 1458 3199 1521 audiri
3230 1479 3334 1541 non
3357 1470 3601 1533 possent.

306 1551 548 1623 perculit,
579 1551 762 1609 dicens
788 1570 800 1607 :
832 1551 945 1625 Ego
966 1570 1079 1608 sum
1103 1553 1285 1626 (Joan.
1310 1571 1463 1621 xviu,
1490 1555 1572 1626 6).
1601 1555 1776 1625 Ipsum
1804 1556 1899 1612 de-
2004 1556 2081 1611 De
2099 1572 2205 1627 quo
2227 1572 2322 1628 per
2352 1557 2616 1615 Joannem
2644 1559 2947 1629 apostolum
2975 1558 3216 1613 dicitur:
3244 1556 3308 1612 Si
3338 1556 3452 1625 quis
3478 1569 3604 1625 pec-

308 1646 515 1716 spectio
545 1646 963 1718 propinquorum
999 1662 1102 1703 non
1138 1650 1352 1716 terruit,
1386 1648 1480 1719 qui
1522 1664 1622 1704 nos
1657 1650 1727 1706 ab
1747 1660 1903 1705 aeter-
2004 1651 2213 1705 caverit.
2243 1650 2551 1704 advocatum
2580 1650 2821 1706 habemus
2842 1649 2980 1723 apud
3004 1647 3219 1704 Patrem
3249 1645 3431 1702 Iesum
3455 1644 3610 1702 Chri-

310 1737 395 1795 nis
422 1736 697 1810 suppliciis
724 1739 963 1797 liberans
989 1784 1004 1809 ,
1034 1741 1238 1817 palmas
1274 1742 1326 1796 in
1361 1741 1498 1801 facie
1526 1742 1901 1813 aequanimiter
2005 1750 2142 1796 stum
2163 1749 2393 1814 Justatn,
2413 1750 2460 1795 et
2489 1744 2601 1813 ipse
2621 1750 2697 1797 est
2716 1742 3019 1812 propitiatio
3040 1756 3133 1817 pro
3150 1739 3365 1809 peccatis
3388 1738 3612 1803 nostris;

312 1831 537 1903 accepit.
564 1831 683 1903 Ipse
713 1835 900 1901 tacuit,
929 1842 984 1891 et
1012 1835 1210 1891 ostium
1238 1850 1491 1906 egressus
1522 1850 1628 1891 non
1659 1844 1775 1900 est,
1808 1834 1901 1905 qui
2006 1847 2109 1885 non
2157 1848 2250 1902 pro
2296 1833 2489 1888 nostris
2532 1841 2703 1905 autem
2733 1840 2969 1899 tantum,
3016 1832 3105 1886 sed
3147 1828 3300 1884 etiam
3330 1846 3423 1901 pro
3453 1828 3610 1884 totius

310 1924 416 1981 sub
446 1926 557 1996 ipsa
583 1925 692 1997 jam
711 1927 843 1982 hora
871 1928 1136 1998 passionis
1160 1944 1283 1984 cum
1311 1928 1666 1985 humanitatis
1684 1928 1902 1993 inﬁrma
2007 1924 2187 1979 muudi
2214 1924 2397 1995 (Joan.
2424 1941 2484 1993 ιι,
2516 1926 2565 1993 1,
2592 1924 2674 1997 2).
2703 1925 2778 1981 De
2800 1939 2906 1996 quo
2931 1924 3125 1978 Paulus
3147 1920 3421 1997 apostolus
3444 1920 3612 1975 dicit:
3680 1920 3687 1921 “

312 2026 608 2095 pateretur,
639 2019 935 2075 divinitatis
977 2034 1089 2075 suat
1131 2021 1424 2090 potentiam
1456 2028 1482 2058 η
1515 2036 1772 2077 exercere
1808 2035 1908 2078 no-
2011 2017 2247 2074 Clzristus
2290 2018 2470 2085 Jesus,
2512 2021 2602 2089 qui
2650 2026 2885 2074 mortuus
2910 2026 2987 2071 est
3011 2032 3105 2085 pro
3130 2015 3297 2080 nobis,
3326 2014 3427 2068 imo
3450 2013 3537 2083 qui
3567 2018 3616 2066 et

312 2086 433 2164 iuit.
465 2086 745 2166 Hediatori
782 2110 978 2181 quippe
1016 2110 1111 2167 Dei
1131 2086 1193 2167 et
1229 2110 1507 2167 hominum
1539 2100 1697 2183 quasi
1724 2114 1907 2184 egredi
2009 2113 2311 2183 resurrexit,
2343 2114 2430 2185 qui
2452 2086 2535 2169 est
2561 2123 2583 2153 θ
2614 2113 2913 2168 in‘dextcra
2933 2110 3050 2177 Dei,
3076 2110 3166 2181 qui
3196 2109 3349 2162 etiam
3370 2104 3617 2183 interpel-

315 2206 510 2259 ostium
537 2204 742 2271 fuisset,
767 2204 811 2260 si
834 2220 956 2260 cum
990 2213 1265 2261 teneretur
1294 2215 1350 2260 ut
1377 2205 1559 2285 homo,
1590 2205 1618 2244 δ
1650 2206 1907 2277 majesta-

315 2298 384 2353 tis
408 2314 518 2354 suae
539 2298 831 2369 potentiam
854 2298 1110 2354 voluisset
1130 2299 1436 2365 OStendere,
1466 2307 1520 2354 et
1540 2313 1634 2369 per
1654 2298 1906 2354 divinita-

316 2389 385 2462 tis
413 2388 833 2461 magnitudinem
865 2399 1129 2462 susceptte
1175 2392 1353 2447 carnis
1387 2390 1600 2446 inﬁrma
1654 2392 1906 2447 transire.

315 2460 386 2540 Ut
426 2483 568 2540 enim
612 2493 829 2553 apertus
875 2484 1039 2539 homo
1089 2484 1225 2539 mori
1274 2493 1492 2555 posset,
1534 2484 1680 2540 Deus
1717 2485 1911 2541 mansit

317 2575 560 2631 occultus
589 2595 602 2631 :
636 2575 768 2642 Quia
808 2577 853 2630 si
881 2576 1275 2649 cognovissent,
1322 2592 1589 2647 nunquam
1633 2574 1913 2632 Dominum

318 2668 501 2741 gloria:
524 2668 899 2739 cruci/isissent
922 2668 977 2742 (Ι
999 2669 1118 2726 Cor.
1144 2686 1205 2741 ιι,
1231 2669 1308 2742 8).
1327 2670 1445 2727 Non
1471 2679 1554 2726 est
1578 2685 1710 2743 ergo
1735 2685 1916 2740 egres-

318 2776 419 2817 sus
446 2761 662 2829 ostium,
690 2763 781 2834 qui
806 2773 859 2819 et
889 2764 1176 2834 requisitus
1217 2777 1249 2818 a
1279 2763 1455 2819 Pilato
1506 2764 1705 2830 tacuit;
1754 2772 1914 2834 atque

322 2852 465 2909 inter
490 2865 889 2924 persecuturum
924 2870 1113 2912 manus
1139 2866 1194 2912 et
1219 2870 1419 2927 corpus
1450 2857 1685 2927 passioni
1719 2856 1914 2912 obtulit

323 2930 467 3017 quod
493 2964 588 3018 pro
617 2948 801 3004 electis
832 2958 1217 3019 assumpserat,
1245 2958 1300 3005 et
1330 2950 1710 3005 resistentibus
1735 2940 1915 3005 noluit

326 3041 697 3099 demonstrare
724 3043 866 3114 quod
894 3051 1031 3100 erat.
1062 3042 1216 3099 Unde
1241 3043 1405 3099 etiam
1433 3058 1529 3113 per
1569 3041 1914 3098 Psalmistam

327 3136 522 3192 dicitur
549 3157 562 3188 ς
592 3122 882 3193 Posuerunt
903 3155 983 3193 me
1003 3140 1055 3193 in
1087 3138 1527 3194 abominationem
1552 3137 1671 3204 sibi,
1694 3138 1920 3193 traditus

328 3245 461 3307 sum,
494 3239 542 3285 et
571 3247 673 3285 non
700 3222 992 3301 egrediebar
1016 3229 1187 3304 (Psal.
1221 3247 1467 3299 Lxxxvn,
1501 3233 1580 3296 9).
1613 3231 1744 3287 Cum
1772 3229 1917 3287 enim

2014 2205 2091 2257 tat
2135 2220 2229 2275 pro
2272 2204 2413 2258 nobis
2460 2202 2638 2277 (Rom.
2671 2218 2800 2272 Vill,
2832 2204 2949 2273 54).
2981 2200 3270 2272 Unigenito
3299 2198 3443 2255 enim
3477 2196 3616 2254 Filio

2013 2292 2110 2366 pro
2139 2297 2355 2355 homine
2387 2295 2729 2367 interpellare
2758 2306 2841 2351 est
2864 2282 3004 2364 apud
3031 2300 3361 2369 coazternum
3391 2290 3610 2346 Patrem

2013 2391 2250 2460 seipsum
2286 2391 2567 2446 hominem
2599 2390 2980 2445 demonstrare
3002 2431 3018 2457 ,
3051 2387 3209 2458 eique
3241 2400 3337 2455 pro
3380 2384 3617 2439 humana

2008 2491 2207 2559 natura
2223 2496 2441 2553 rogasse
2460 2490 2545 2537 est
2560 2480 2807 2538 eamdem
2834 2489 3081 2536 naturam
3108 2478 3160 2534 in
3183 2477 3479 2534 divinitatis
3501 2491 3619 2533 suae

2017 2576 2335 2632 celsitudine
2380 2577 2709 2646 suscepisse.
2750 2571 3064 2657 Interpellat
3106 2572 3273 2642 igitur
3317 2585 3417 2643 pro
3460 2570 3619 2626 nobis

2020 2667 2314 2740 Dominus,
2367 2682 2475 2722 non
2510 2682 2673 2733 voce,
2720 2666 2814 2721 sed
2866 2665 3249 2745 miseratione,
3296 2666 3419 2735 quia
3468 2660 3619 2734 quod

2024 2758 2267 2815 damnari
2299 2760 2354 2816 in
2384 2758 2571 2814 electis
2601 2758 2792 2827 noluit,
2827 2748 3168 2827 suscipiendo
3199 2744 3465 2813 liberavit.
3501 2755 3614 2812 Ad-

2017 2853 2162 2922 jutor
2199 2868 2328 2922 ergo
2360 2838 2632 2924 quieritur
2677 2861 2734 2906 ut
2761 2850 3090 2906 desiderium
3121 2849 3460 2916 exaudiatur,
3493 2848 3620 2919 quia

2024 2949 2126 3043 nisi
2159 2963 2255 3018 pro
2285 2947 2439 3004 nobis
2476 2945 2843 3027 interpellatio
2873 2944 3186 3001 Mediatoris
3216 2934 3621 3011 intercederet,

2025 3038 2092 3097 ab
2121 3056 2250 3096 aure
2281 3040 2378 3096 Dei
2410 3042 2594 3111 procul
2625 3038 2787 3095 dubio
2840 3047 3147 3094 nostrarum
3189 3049 3409 3108 precum
3453 3048 3617 3094 voces

2026 3134 2268 3191 silerent.

2097 3246 2188 3303 45.
2232 3224 2353 3302 Non
2384 3247 2533 3301 verba
2559 3247 2647 3301 sed
2678 3245 2933 3301 desideria
2954 3245 3126 3299 cordis
3146 3243 3285 3299 Deus
3312 3245 3621 3301 exaudit.—

330 3318 697 3391 despiCeretur
723 3320 849 3394 quia
877 3323 1038 3379 homo
1068 3324 1375 3392 videbatur,
1406 3339 1659 3396 egressus
1691 3324 1917 3393 fuisset,
2027 3339 2329 3395 Notandum
2353 3355 2567 3410 quoque
2596 3348 2682 3394 εει
2710 3337 2855 3408 quod
2897 3351 3232 3409 nequaquam
3274 3337 3470 3395 dicitur
3498 3352 3624 3408 pro-

334 3412 380 3467 si
422 3412 685 3469 occultam
728 3414 1063 3486 majestatem
1109 3432 1261 3471 suam
1310 3425 1589 3473 ostentare
1640 3417 1920 3473 voluisset.

334 3490 443 3562 Sed
464 3506 585 3578 quia
612 3508 971 3565 inﬁrmitatem
998 3510 1253 3580 prodidit,
1282 3511 1581 3580 potentiam
1614 3510 1925 3579 abscondit;

336 3600 387 3655 in
418 3615 485 3656 eo
513 3602 654 3670 quod
687 3603 1119 3672 persecutoribus
1168 3603 1281 3659 suis
1323 3604 1635 3676 incognitus
1686 3606 1925 3671 mansit,

336 3692 404 3749 ad
433 3709 525 3750 eos
566 3678 783 3749 minime
831 3692 1018 3751 exivit.
1062 3694 1161 3762 Qui
1214 3703 1392 3752 tamen
1442 3695 1509 3750 ad
1551 3678 1755 3771 electos
1781 3694 1925 3763 exit,

337 3786 459 3856 quia
491 3784 783 3842 divinitatis
821 3801 934 3841 sua:
966 3786 1288 3843 suavitatem
1330 3786 1696 3869 quaerentibus
1729 3772 1926 3857 aperit.

342 3868 511 3957 Unde,
544 3881 594 3937 ei
642 3897 738 3952 per
786 3884 1106 3953 prophetam
1142 3866 1379 3939 dicitur:
1408 3882 1584 3938 Emisti
1616 3866 1683 3938 inv
1713 3884 1931 3939 salutem

339 3974 521 4046 papuli
552 3976 646 4042 tui,
675 3984 729 4029 ut
766 3975 935 4030 salvos
979 3977 1143 4047 facias
1190 3975 1409 4031 christos
1449 3988 1564 4032 tuos
1593 3975 1821 4051 (Habac.
1850 3992 1930 4042 ιιι,

342 4056 456 4141 15).
488 4060 777 4140 Sequitur:

504 4186 730 4243 CAPUT
773 4186 910 4242 XVII
950 4186 1093 4260 [νει.
1133 4185 1367 4255 XVIII,
1411 4188 1535 4243 lies.
1578 4186 1817 4259 XIIIJ..

416 4279 580 4349 718
621 4277 782 4333 Vens.
812 4276 899 4332 53.
922 4306 994 4318 —
1022 4278 1150 4343 Quis
1181 4277 1305 4331 mihi
1327 4280 1516 4334 tribuat
1539 4278 1853 4349 adjutorem,
1880 4286 1935 4331 ut

342 4372 658 4429 desiderium
688 4389 858 4427 meum
888 4372 1225 4445 Omnipotens
1256 4374 1472 4428 audiat?

418 4466 504 4518 42.
548 4462 713 4518 Nemo
740 4465 849 4517 suis
884 4466 1072 4517 meritis
1104 4464 1377 4517 innitatur.
1426 4464 1744 4530 Quaerendus
1783 4464 1938 4535 adju-

342 4568 425 4612 tor
444 4568 492 4612 et
514 4556 773 4612 Mediator
796 4555 1049 4613 Christus.
1075 4587 1145 4598 —
1166 4559 1395 4614 Sanctus
1422 4559 1503 4614 vir
1544 4569 1831 4629 postquam
1864 4566 1940 4613 tot

341 4652 601 4707 virtutum
624 4666 840 4707 suarum
865 4652 1115 4707 sublimia
1137 4660 1283 4724 gesta
1311 4653 1567 4720 narravit,
1593 4655 1771 4707 sciens
1793 4649 1939 4722 quod

2026 3446 2149 3499 ces,
2181 3431 2275 3486 sed
2307 3430 2622 3486 desiderium
2669 3446 2842 3485 meum
2875 3429 3212 3501 Omnipotens
3255 3430 3463 3484 audiat.
3488 3429 3628 3487 Vera

2029 3524 2224 3593 quippe
2251 3522 2539 3593 postulatio
2571 3538 2678 3577 non
2708 3524 2765 3578 in
2795 3523 2905 3577 oris
2934 3533 3019 3578 est
3047 3524 3285 3589 vocibus,
3320 3522 3416 3578 sed
3446 3522 3502 3576 in
3531 3536 3627 3577 co-

2030 3618 2375 3687 gitationibus
2412 3617 2618 3672 cordis.
2652 3616 2990 3672 Valentiores
3034 3630 3265 3686 namque
3292 3628 3457 3671 voces
3484 3614 3628 3683 apud

2034 3709 2428 3765 secretissimae
2459 3724 2617 3764 aures
2648 3709 2743 3765 Dei
2790 3724 2900 3764 non
2943 3708 3144 3765 faciunt
3187 3708 3349 3765 verba
3399 3718 3583 3763 nostra
3610 3749 3627 3775 ,

2033 3803 2127 3858 sed
2153 3802 2440 3859 desideria.
2459 3801 2737 3858 Eternam
2760 3802 2962 3858 etenim
2986 3802 3150 3857 vitam
3173 3799 3219 3855 si
3245 3816 3342 3857 ore
3366 3800 3623 3871 petimus,

2036 3912 2136 3953 nec
2164 3905 2340 3952 tamen
2389 3895 2555 3953 corde
2595 3895 2969 3953 desideramus
2989 3935 3005 3963 ,
3034 3895 3332 3951 clamantes
3363 3902 3625 3950 tacemus.

2036 3991 2094 4046 Si
2124 4006 2251 4047 vero
2281 3988 2649 4046 desideramus
2680 4004 2746 4043 cx
2774 3987 2962 4055 corde,
2988 3988 3150 4044 etiam
3180 4002 3302 4043 cum
3332 4001 3428 4063 ore
3456 3986 3631 4042 conti-

2037 4080 2319 4146 eescimus,
2354 4088 2591 4136 tacentes
2614 4079 2933 4134 clamamus.
2966 4079 3100 4133 Hinc
3126 4086 3230 4148 est,
3257 4077 3400 4148 quod
3427 4077 3482 4132 in
3508 4091 3631 4134 ere-

2040 4189 2129 4229 mo
2161 4176 2388 4243 p0pu|us
2409 4174 2632 4229 vocibus
2659 4173 2977 4244 perstrepit,
3012 4181 3063 4227 et
3095 4172 3310 4244 Moyses
3351 4188 3381 4227 a
3407 4172 3635 4242 strepitu

2042 4266 2325 4322 verborum
2360 4274 2538 4339 tacet;
2563 4274 2617 4321 et
2648 4274 2827 4321 tamen
2851 4266 3016 4320 silens
3038 4279 3170 4339 aure
3196 4265 3393 4320 divinae
3418 4264 3635 4334 pietatis

2041 4357 2429 4425 auditur,‘cum
2454 4358 2650 4413 dicitur
2673 4378 2687 4415 :
2715 4357 2851 4425 Quid
2878 4356 3071 4411 clamas
3096 4338 3167 4410 ad
3188 4372 3267 4410 me
3296 4354 3494 4427 (Exod.
3522 4370 3635 4426 xiv,

2046 4449 2170 4521 i5)?
2201 4451 2347 4504 lntus
2378 4465 2506 4520 ergo
2536 4451 2588 4504 in
2623 4450 2893 4506 desiderio
2918 4459 3001 4506 est
3022 4451 3223 4505 clamor
3248 4461 3511 4519 secretus,
3540 4450 3634 4520 qui

2045 4543 2110 4597 ad
2142 4545 2398 4598 humanas
2428 4558 2586 4617 aures
2624 4558 2732 4598 non
2773 4542 3051 4613 pervenit,
3084 4550 3138 4596 et
3168 4551 3346 4597 tamen
3392 4542 3635 4597 auditum

1986 4718 1987 4721 η
2044 4638 2338 4693 conditoris
2384 4638 2573 4706 replet.
2619 4637 2751 4691 llinc
2782 4647 2863 4691 est
2893 4635 3041 4706 quod
3070 4636 3224 4691 Anna
3244 4636 3325 4719 ad
3353 4636 3635 4707 Templum

338 4745 457 4799 suis
478 4743 685 4801 meritis
707 4745 776 4800 ad
810 4760 1019 4801 summa
1063 4746 1345 4816 pervenire
1368 4752 1617 4815 nequeat,
1641 4744 1942 4811 adiutorem
1972 4728 2023 4793 D
2053 4745 2302 4801 ροτεοηε,
2327 4746 2421 4785 Ofe
2447 4729 2667 4802 quidem
2697 4730 2882 4797 ι³ευίιν
2906 4738 2960 4785 ει
2986 4737 3165 4784 tamen
3199 4738 3275 4784 ιοῑ
3301 4729 3382 4785 ευί
3414 4728 3629 4786 “Side-

306 4854 311 4859 ·
344 4840 558 4907 quaerit.
585 4840 652 4893 Et
676 4853 836 4909 quem
858 4839 1108 4894 nimirum
1132 4838 1236 4895 nisi
1272 4837 1600 4909 unigenitum
1625 4834 1719 4892 Dei
1744 4834 1936 4890 Filium

344 4928 759 4997 contemplatur,
800 4932 890 5000 qui
947 4930 1233 4986 humanam
1292 4937 1540 4984 naturam
1577 4928 1631 4982 in
1663 4925 1765 4983 hac
1795 4940 1939 4981 mor-

346 5021 554 5077 talitate
583 5021 922 5078 laborantem
954 5023 1079 5079 dum
1108 5025 1341 5094 suscepit
1369 5022 1610 5093 adjuvit?
1637 5022 1756 5092 ipse
1786 5020 1941 5092 quip-

344 5130 413 5183 pe
462 5113 665 5184 adjuvit
708 5114 981 5171 hominem
1031 5118 1203 5172 iactus
1246 5117 1449 5183 homo,
1507 5123 1564 5169 ut
1617 5112 1741 5185 quia
1795 5126 1931 5182 puro

344 5204 550 5261 homini
580 5206 664 5261 via
692 5207 951 5264 redeundi
996 5224 1102 5263 non
1133 5208 1351 5279 patebat
1396 5208 1464 5263 ad
1501 5207 1666 5262 Deum
1689 5249 1702 5273 ,
1738 5206 1821 5260 via
1852 5220 1933 5261 re-

345 5298 545 5355 deundi
590 5299 743 5356 fieret
791 5316 885 5372 per
935 5301 1205 5357 hominem
1252 5302 1441 5358 Deum.
1490 5298 1673 5371 Longe
1730 5298 1930 5369 quippe

343 5390 675 5446 distabamus
702 5406 731 5447 a
758 5391 902 5462 justo
930 5399 987 5447 et
1016 5391 1326 5457 immortali,
1356 5408 1451 5447 nos
1478 5391 1734 5446 mortales
1761 5397 1815 5443 et
1847 5389 1932 5443 in-

339 5483 495 5556 iusti.
525 5483 632 5540 Sed
671 5484 813 5542 inter
842 5484 1200 5540 immortalem
1231 5494 1285 5539 et
1310 5485 1514 5554 justum
1559 5494 1613 5539 et
1658 5496 1754 5538 nos
1788 5497 1931 5537 mor-

345 5577 483 5634 tales
509 5584 563 5633 et
592 5577 814 5648 iniustos
859 5575 1105 5648 apparuit
1150 5572 1409 5633 Mediato’r
1438 5571 1533 5633 Hei
1562 5580 1618 5633 et
1662 5575 1937 5630 hominum

408 5795 447 5843 γι
478 5786 646 5844 Laud.
670 5795 723 5844 et
754 5786 872 5843 Val.
902 5787 1010 5852 CL,
1033 5800 1235 5841 exerere
1261 5787 1445 5841 noluit.

424 5855 451 5894 δ
480 5855 715 5929 eamne,
746 5858 1065 5929 maiestatem
1096 5870 1202 5929 sure
1224 5859 1483 5927 potentiae.

433 5935 457 5966 ε
486 5925 705 5995 Norm.,
729 5929 797 5985 ad
825 5925 1086 5986 dexteram
1113 5925 1231 5984 Dei.

2049 4823 2112 4877 rii
2146 4837 2303 4899 voces
2332 4823 2512 4878 emisit
2544 4821 2597 4893 (1
2630 4822 2762 4893 Reg.
2794 4839 2839 4892 ι,
2888 4820 3001 4893 15).
3047 4822 3182 4877 ilinc
3230 4822 3285 4877 in
3336 4822 3634 4893 Evangelio

2052 4915 2306 4970 Dominus
2338 4916 2503 4970 dicit:
2543 4912 2693 4969 Intra
2740 4915 2795 4969 in
2834 4913 3126 4968 cubiculum
3168 4922 3344 4980 tuum,
3374 4922 3421 4967 et
3464 4914 3651 4967 clausa

2049 5010 2177 5063 ostio
2205 5006 2232 5045 ἀ
2256 5017 2364 5076 tuo,
2394 5024 2486 5062 ora
2518 5005 2731 5061 Patrem
2760 5018 2901 5062 tuum
2931 5015 2955 5043 ε
2986 5007 3041 5061 in
3057 5006 3377 5077 abscondito,
3404 4994 3447 5059 et
3477 5003 3637 5059 Pater

2048 5112 2186 5171 tuus,
2230 5106 2317 5174 qui
2347 5104 2480 5157 videt
2523 5104 2577 5157 in
2621 5103 2955 5169 abscondito,
2985 5100 3162 5156 reddet
3203 5100 3290 5154 tibi
3320 5095 3536 5167 (Matth.
3562 5111 3636 5159 νῐ.

2045 5200 2122 5269 6).
2154 5199 2318 5270 719
2343 5198 2538 5253 Clauso
2564 5200 2759 5269 quippe
2785 5197 2927 5253 ostio
2956 5196 3090 5267 petit
3118 5196 3170 5250 in
3200 5193 3477 5259 cubiculo,
3512 5192 3626 5261 qui,

2046 5300 2253 5347 tacente
2305 5306 2397 5345 ore
2424 5332 2438 5357 ,
2488 5291 2542 5347 in
2590 5299 2883 5360 conspectu
2929 5302 3179 5359 supernae
3211 5284 3426 5355 pietatis
3467 5282 3643 5338 fundit

2043 5384 2291 5443 atfectum
2321 5385 2538 5441 mentis.
2571 5386 2636 5440 Et
2668 5398 2771 5438 vox
2804 5382 3017 5436 auditur
3046 5380 3100 5435 in
3132 5375 3483 5442 abscondito,
3510 5389 3633 5430 cum

2046 5478 2140 5553 pet
2192 5486 2381 5538 Sancta
2424 5472 2695 5537 desideria
2727 5474 2951 5534 silenter
2994 5472 3283 5531 clamatur:
3314 5450 3642 5551 Eiidé’tiecte

2047 5592 2265 5648 quoque
2296 5592 2391 5647 per
2421 5574 2763 5633 Psalmistam
2812 5569 3047 5627 dicitur:
3081 5552 3408 5621 aea-dente
3450 5556 3644 5636 paupe«

2130 5784 2159 5820 ά
2188 5787 2347 5855 Deest
2368 5795 2453 5855 tuo
2480 5785 2730 5855 in)plur.,
2759 5790 2814 5838 et
2842 5777 3146 5838 redundare
3168 5764 3402 5832 videtur.

2036 5924 2037 5927 η
2134 5865 2157 5893 °
2184 5840 2379 5922 ἰιὰιῖση
2408 5850 2467 5909 itt'
2494 5840 2759 5909 absconso.
3148 5892 3155 5899 .
