4024 6352
478 354 580 408 259

1656 348 1902 406 SANCTI
1942 345 2278 403 GREGORII
2318 346 2533 402 MAGNI

3647 344 3757 401 ξω

478 480 594 518 rum
616 464 873 520 exaudivit
894 463 1217 531 Dominum“
1236 465 1666 535 praeparationem
1692 464 1865 518 cordis
1888 479 2064 518 eorum
2092 475 2141 533 Α
2168 475 2330 516 carne
2383 461 2639 528 nascitur,
2683 460 2805 531 quia
2849 457 3219 517 indumentum
3267 460 3349 515 sui
3394 460 3637 531 corporis
3688 476 3759 518 ex

477 556 676 610 audivit
721 559 861 611 auris
914 568 999 611 tua
1048 556 1220 624 (Psal.
1252 572 1367 623 xrx,
1401 555 1512 627 l7).
1563 556 1669 612 Sed
1726 557 1915 613 beatus
1965 555 2065 611 Job

479 666 637 721 quem
658 650 761 706 sibi
788 650 839 705 in
863 650 1196 707 exaudiendo
1220 650 1492 705 desiderio
1511 648 1811 719 adjutorem
1838 655 2063 718 quaerat,

477 743 778 814 subjunctis
800 743 979 800 verbis
1006 743 1194 813 aperit,
1229 743 1414 797 dicens
1438 758 1451 796 :

858 837 1085 894 curer
1128 836 1293 892 xvm
1333 836 1480 909 [Vet.
1521 835 1705 909 XIX].

545 935 669 991 lato.
696 964 764 975 —
790 931 856 986 Et
889 932 1072 987 librum
1100 933 1282 987 scribat
1313 934 1419 1003 ipse
1443 933 1530 1002 qui
1550 932 1779 1004 judicat.

542 1027 631 1081 44.
679 1027 997 1094 Qurerendus
1025 1027 1236 1094 adiutor
1256 1024 1525 1091 Christus,
1565 1026 1651 1093 qui
1690 1034 1763 1080 est
1804 1023 2069 1094 legislalor

471 1128 518 1175 et
555 1120 739 1191 judex.
770 1118 1059 1174 Ezechielis
1108 1120 1171 1172 de
1213 1135 1271 1172 eo
1306 1115 1881 1183 vaticinium.—Quia
1924 1115 2066 1169 enim

468 1213 677 1267 timenti
706 1211 882 1267 adhuc
913 1196 1107 1281 po'pulo
1128 1210 1219 1265 lex
1247 1218 1331 1265 est
1359 1209 1671 1263 transmissa
1699 1224 1794 1278 per
1819 1221 2060 1273 servum,

470 1306 819 1376 diligentibus
851 1320 977 1361 vero
1021 1305 1148 1359 ﬁliis
1198 1303 1468 1373 Evangelii
1518 1304 1688 1372 gratia
1733 1310 1817 1356 est
1861 1300 2062 1354 collata

475 1414 573 1467 per
596 1399 903 1464 Dominum,
920 1398 1010 1468 qui
1035 1396 1099 1451 ad
1126 1399 1555 1466 redemptionem
1580 1403 1818 1449 nostram
1843 1394 2066 1448 veniens

465 1505 670 1546 novum
696 1492 851 1546 nobis
884 1500 1262 1545 testamentum
1290 1489 1563 1553 condidit,
1595 1489 1689 1541 sed
1722 1486 1788 1541 de
1810 1485 2056 1555 ejusdem

466 1597 569 1636 nos
598 1582 905 1636 testamenti
935 1581 1185 1635 mandato
1207 1581 1529 1643 discutiens,
1557 1578 1879 1649 quandoque
1901 1577 2064 1633 etiam

465 1673 630 1741 judex
658 1676 821 1739 venit,
846 1674 1204 1728 necessarium
1235 1688 1340 1727 non
1360 1674 1442 1727 est
1470 1680 1527 1725 ut
1557 1686 1651 1740 per
1674 1670 2064 1738 expositionem

465 1766 727 1821 clarescat
755 1767 877 1836 quia
914 1765 1109 1820 librum
1134 1756 1325 1820 'scribit
1373 1765 1487 1834 ipse
1528 1764 1619 1834 qui
1666 1762 1895 1830 judicat.
1946 1762 2062 1833 Ipsa

2176 563 2347 609 matre
2379 554 2601 626 virgine,
2632 570 2735 610 nou
2767 566 2944 611 autem
2970 571 3035 611 ex
3064 550 3409 624 corruptione
3425 554 3763 610 commistio-

2173 645 2258 699 nis
2281 648 2531 714 sumpsit,
2568 647 2806 716 proiecto
2832 648 2896 703 ad
2922 662 3019 703 nos
3046 648 3270 703 vestitus
3302 645 3460 704 lineis
3489 647 3758 705 venit.Et

2170 739 2591 794 atramentarium
2621 742 2886 810 scriptoris
2914 742 2981 795 ad
3007 758 3151 795 renes
3174 744 3305 811 ejus.
3345 740 3642 810 lnjrenibus
3662 757 3760 811 po-

2168 833 2367 888 sterior
2396 837 2635 905 corporis
2664 850 2785 903 pars
2817 847 2918 893 est.
2952 837 3017 892 Et
3041 838 3165 908 quia
3195 838 3306 907 ipse
3325 838 3581 893 Dominus
3612 847 3761 906 post-
3842 820 3859 831 ’

2169 940 2328 995 quam
2362 942 2457 995 pro
2488 928 2641 983 nobis
2672 928 2834 1001 720
2861 941 3102 984 mortuus
3130 938 3236 994 est,
3263 940 3318 985 et
3348 934 3675 995 resurrexit,
3706 938 3763 985 et

2169 1015 2407 1071 ascendit
2448 1019 2498 1072 in
2541 1020 2738 1075 cmlum
2766 1061 2780 1084 ,
2814 1031 2941 1074 tunc
2986 1018 3390 1075 TeStamentum
3421 1020 3629 1076 Novum
3664 1035 3760 1090 per

2175 1110 2449 1175 apostolos
2502 1111 2748 1179 scripsit,
2823 1110 2905 1164 vir
2966 1110 3067 1166 iste
3103 1109 3129 1148 ἀ
3188 1113 3626 1168 atramentarium
3695 1111 3764 1170 ad

2173 1214 2332 1254 renes
2365 1200 2569 1255 habuit.
2603 1203 2703 1268 Qui
2735 1203 2877 1257 enim
2912 1206 3229 1272 scripturam
3252 1206 3582 1262 Testamenti
3620 1207 3757 1263 Novi

2136 1360 2143 1373 κ
2170 1303 2449 1363 postquam
2490 1294 2742 1349 discessit
2767 1296 3039 1359 condidit,
3070 1299 3507 1353 atramentarium
3538 1303 3690 1368 quasi
3724 1316 3755 1355 a

2172 1395 2320 1455 tergo
2350 1387 2600 1456 portavit.
2630 1387 2741 1442 Hoc
2785 1404 2912 1459 ergo
2955 1393 3392 1446 atramentarium
3441 1394 3557 1447 viro
3606 1393 3765 1448 lineis

2170 1478 2362 1534 vestito
2394 1479 2656 1535 intuerere
2680 1482 3005 1550 considerat,
3030 1484 3117 1553 qui
3150 1484 3312 1540 dicit:
3342 1483 3411 1538 Et
3433 1486 3617 1539 librant
3638 1487 3764 1542 scri-

2171 1571 2255 1625 bat
2285 1572 2395 1641 ipse
2440 1574 2531 1643 qui
2572 1574 2794 1645 judicat.
2828 1573 2932 1630 Sed
2964 1590 3078 1641 cur,
3123 1575 3277 1631 beate
3302 1575 3436 1643 Job,
3471 1579 3537 1633 ab
3568 1595 3632 1634 eo
3670 1580 3764 1649 qui

2167 1660 2333 1733 judex
2364 1674 2466 1731 est,
2500 1664 2693 1720 librum
2722 1666 2880 1719 scribi
2904 1665 3215 1721 desideras?
3238 1668 3496 1737 Sequitur
3525 1688 3540 1723 :

2394 1757 2619 1815 CAPUT
2660 1758 2781 1814 XIX
2822 1757 2965 1831 [νει.
3006 1758 3144 1827 XX,
3188 1760 3311 1814 llec.
3353 1758 3437 1814 XI
3456 1759 3540 1832 η.

465 1861 609 1915 enim
656 1874 749 1929 per
781 1874 839 1914 se
859 1844 1075 1913 'Veritas
1106 1857 1273 1914 dicit:
1307 1855 1465 1912 Pater
1502 1874 1604 1911 non
1638 1857 1847 1929 judicat
1885 1872 2059 1927 quem-
2089 1859 2139 1923 Β
2240 1852 2525 1910 νεηε.ι56.
2555 1885 2624 1894 —
2652 1853 2718 1909 Ut
2749 1857 2803 1908 in
2845 1855 3057 1909 humero
3110 1871 3219 1910 meo
3269 1865 3465 1925 partem
3494 1856 3640 1912 illum
3662 1900 3675 1925 ,
3709 1867 3767 1913 et-

463 1966 636 2021 quam,
668 1950 759 2004 sed
805 1966 952 2004 omne
990 1949 1251 2020 judicium
1298 1950 1435 2004 dedit
1476 1947 1618 2003 Filio
1648 1946 1830 2017 (Joan.
1860 1964 1907 2011 ν,
1938 1948 2055 2019 ‘22).

463 2042 584 2097 Erit
610 2057 739 2112 ergo
771 2053 897 2097 tunc
925 2054 1112 2097 anetor
1138 2042 1324 2110 jutlicii
1349 2083 1363 2105 ,
1400 2041 1488 2110 qui
1521 2057 1662 2095 nunc
1693 2050 1779 2096 est
1804 2040 2054 2095 conditor

458 2131 608 2199 libri,
637 2144 693 2187 ut
721 2143 848 2187 tunc
876 2133 1152 2187 districtus
1184 2136 1362 2203 exigat
1393 2133 1533 2202 quod
1559 2133 1719 2187 modo
1742 2144 2058 2189 mansuetus

460 2224 628 2295 jubet.
663 2226 752 2282 Sic
782 2241 1012 2296 namque
1042 2226 1284 2295 quotidie
1310 2226 1671 2296 conspicimus
1698 2229 1840 2297 q‘uod
1875 2230 2051 2297 magi-

466 2319 565 2373 stri
584 2317 764 2387 pueris
788 2319 1050 2372 elementa
1076 2318 1369 2373 litterarum
1397 2318 1734 2375 blandientes
1752 2321 2053 2389 imponunt,

461 2409 553 2464 sed
587 2409 700 2465 haec
726 2409 793 2465 ab
813 2411 893 2466 eis
928 2410 1215 2465 saevientes
1246 2412 1496 2481 exigunt;
1529 2419 1585 2467 et
1622 2428 1740 2481 qua:
1774 2413 1903 2468 dant
1929 2428 2053 2468 cum

461 2504 893 2579 mansuetudine,
918 2517 1038 2558 cum
1070 2504 1294 2558 verbere
1328 2504 1632 2575 requirunt.
1666 2506 1868 2561 Blanda
1899 2521 2053 2562 nam-

460 2612 568 2665 que
596 2611 739 2651 nunc
778 2606 971 2652 sonant
1012 2597 1211 2667 eloquii
1247 2582 1413 2651 divini
1455 2598 1737 2665 mandata,
1766 2601 1863 2655 sed
1892 2608 2053 2655 erunt

456 2706 650 2762 aspera
701 2692 753 2747 in
797 2691 1084 2748 exactione
1113 2692 1416 2748 seutienda.
1452 2692 1730 2749 Mansueta
1773 2676 1936 2749 modo
1968 2704 2054 2750 est

458 2786 753 2842 admonitio
784 2768 1058 2852 vocantis,
1104 2787 1199 2842 sed
1245 2798 1374 2840 tunc
1417 2786 1663 2842 districta
1698 2796 1925 2842 ventura
1969 2797 2054 2843 est

458 2879 665 2949 iustitia
713 2879 946 2949 judicis,
998 2894 1063 2934 eo
1116 2879 1256 2948 quod
1302 2890 1506 2934 certum
1546 2878 1775 2950 estquia
1805 2880 1938 2936 nihil
1967 2880 2052 2936 vel

461 2973 669 3028 minimi
721 2972 958 3027 mandati
992 2971 1017 3010 ι»
1048 2973 1166 3028 sine
1193 2972 1530 3028 discussione
1578 2983 1882 3042 praetereat.
1933 2974 2051 3042 Quo

460 3064 713 3120 videlicet
741 3072 951 3123 constat
981 3062 1104 3133 quia
1138 3064 1331 3119 librum
1379 3064 1597 3134 scripsit
1634 3065 1749 3133 ipse
1777 3066 1867 3136 qui
1902 3066 2050 3135 judi-

458 3170 560 3216 cat.
589 3161 759 3229 Quem
790 3160 995 3216 scilicet
1025 3161 1220 3215 librum
1244 3160 1377 3216 Novi
1395 3161 1745 3227 Testamenti,
1780 3161 1903 3232 quia
1930 3162 2047 3231 ipse

2162 1946 2470 2001 circumdem
2496 1948 2643 2001 illum
2668 1948 2813 2017 quasi
2843 1963 3086 2001 coronam
3109 1949 3255 2001 mihi.

2235 2038 2326 2095 45.
2370 2040 2642 2107 Scriptura
2668 2058 2817 2095 sacra
2848 2040 3059 2095 Iiumero
3090 2042 3344 2111 portanda
3377 2059 3468 2112 per
3492 2044 3751 2114 operatio-

2162 2147 2297 2198 nem,
2332 2141 2385 2185 ut
2412 2133 2543 2187 sicut
2572 2149 2766 2187 corona
2794 2135 3139 2189 circumdetur
3161 2153 3251 2203 per
3269 2137 3754 2192 remunerationem.

2157 2223 2451 2280 —Librum
2482 2227 2678 2297 quippe
2709 2228 2761 2281 in
2790 2229 3014 2283 humero
3038 2238 3277 2297 portare,
3305 2239 3387 2284 est
3416 2229 3751 2298 Scripturam

2158 2333 2365 2375 sacram
2398 2319 2673 2389 operando
2704 2320 2985 2389 perlicere.
3018 2322 3083 2377 Et
3114 2323 3405 2378 notandum
3452 2338 3612 2392 quam
3659 2337 3757 2378 or-

2158 2410 2340 2466 dinate
2371 2412 2714 2480 describitur,
2743 2424 2795 2469 et
2825 2414 2971 2483 prius
3004 2416 3055 2470 in
3103 2417 3329 2472 humero
3358 2426 3382 2454 ο
3411 2417 3608 2487 portari
3634 2460 3649 2479 ,
3697 2423 3755 2473 et

2160 2504 2501 2573 postmodum
2551 2505 2692 2561 sicut
2734 2521 2931 2564 corona
2961 2508 3319 2575 circumdari,
3352 2511 3472 2580 quia
3504 2509 3758 2566 videlicet

2159 2597 2295 2649 sacri
2340 2597 2539 2666 eloquii
2590 2597 2863 2663 mandata,
2914 2599 2958 2653 si
3004 2601 3167 2654 modo
3212 2600 3351 2656 bene
3389 2612 3668 2670 portantur
3698 2601 3756 2657 in

2159 2703 2341 2756 Opere,
2374 2698 2493 2759 post
2522 2687 2674 2744 nobis
2713 2705 2966 2745 coronam
3012 2692 3252 2747 victoria:
3281 2695 3552 2750 exhibent
3582 2696 3635 2749 in
3668 2709 3756 2750 re«

2160 2782 2466 2839 tributione.
2515 2784 2708 2838 Beatus
2739 2794 2935 2853 tantem
2987 2785 3090 2841 Job
3139 2803 3235 2841 cur
3283 2787 3442 2842 scribi
3487 2787 3685 2843 librum
3720 2801 3751 2843 a

2153 2875 2335 2947 judice
2362 2879 2614 2945 postulat,
2646 2879 2734 2948 qui
2785 2879 2852 2934 ad
2901 2880 3230 2937 Testamenti
3275 2881 3409 2938 Novi
3463 2882 3755 2951 pervenire

2160 2976 2402 3040 tempora
2454 2985 2558 3024 non
2591 2972 2842 3027 valebat?
2872 2972 2978 3028 Sed
3011 2971 3149 3029 sicut
3194 2988 3339 3045 saepe
3381 2975 3493 3045 jam
3541 2974 3749 3030 dictum

2159 3069 2262 3126 est,
2298 3061 2593 3117 electorum
2625 3064 2845 3119 vocibus
2879 3065 3064 3133 utitur,
3094 3074 3254 3136 atque
3282 3083 3346 3122 ex
3373 3082 3559 3123 eorum
3588 3066 3751 3138 signi.

2159 3154 2406 3210 ticatioue
2436 3157 2688 3227 postulat,
2715 3161 2859 3227 quod
2908 3160 3241 3230 profuturum
3293 3162 3371 3216 eis
3425 3177 3520 3229 rer
3566 3163 3745 3217 omnia

457 3270 551 3324 per
578 3268 637 3309 se
667 3254 882 3308 humani
910 3254 1123 3325 generis
1154 3252 1485 3323 Redemptor
1530 3256 1582 3309 in
1627 3264 1878 3310 extremo
1912 3270 2048 3311 con-
2075 3269 2122 3334 ο
2162 3248 2505 3317 ρτωνίίιεὺδι.
2538 3251 2655 3320 Ipse
2681 3269 2912 3325 namque
2935 3271 3028 3325 per
3057 3256 3327 3326 spiritum,
3361 3255 3504 3311 hunc
3527 3256 3669 3327 apud
3692 3271 3752 3312 se

455 3346 645 3412 deret,
692 3346 830 3401 bene
879 3346 1127 3403 Ezechiel
1173 3346 1434 3417 propheta
1468 3347 1784 3413 denuntiat,
1820 3346 2046 3403 dicens:

457 3437 589 3494 Ecce
615 3455 706 3495 sea:
733 3440 828 3495 viri
857 3440 1122 3495 veniebant
1160 3441 1222 3501 de
1266 3441 1347 3493 via
1388 3448 1551 3509 porta:
1593 3441 1908 3512 superioris,
1937 3456 2053 3512 qua:

455 3534 661 3605 respicit
686 3533 755 3587 ad
785 3533 1116 3603 Aquilonem,
1150 3543 1197 3587 et
1227 3534 1634 3606 uniuscujusque
1684 3550 1770 3589 vas
1814 3534 2051 3593 interitus

453 3629 508 3683 in
537 3645 693 3683 manu
722 3630 850 3698 ejus.
894 3628 987 3682 Vir
1014 3645 1215 3700 quoque
1239 3646 1373 3683 unus
1403 3632 1455 3683 in
1488 3631 1653 3683 medio
1682 3646 1858 3684 eorum
1899 3633 2051 3685 vesti-

416 3710 421 3721 ’
453 3732 537 3778 tus
574 3724 752 3791 lineis,
785 3733 831 3778 et
861 3725 1287 3778 atramentarium
1332 3725 1597 3795 scriptoris
1642 3725 1710 3778 ad
1754 3735 1901 3781 renes
1940 3726 2052 3795 ejus

450 3815 670 3887 (Ezecli.
697 3815 879 3887 tx,2).
910 3815 1049 3884 Quid
1098 3831 1326 3886 namque
1365 3816 1509 3871 aliud
1553 3817 1605 3871 in
1648 3832 1742 3871 sex
1787 3817 1915 3873 viris
1960 3833 2081 3885 νεα,

452 3910 723 3965 nientibus
764 3911 869 3965 nisi
902 3924 995 3966 sex
1030 3919 1226 3966 aetates
1269 3910 1488 3965 humani
1518 3913 1733 3981 generis
1761 3912 2048 3983 designan-

456 4004 577 4059 tur?
609 4014 631 4042 ο
661 4003 766 4071 Qui
794 4003 861 4058 de
890 4005 975 4057 via
1007 4016 1176 4074 porta:
1215 4005 1515 4074 superioris
1561 4006 1823 4071 veniunt,
1868 4010 1989 4078 quia
2020 4022 2049 4061 a

458 4095 774 4151 conditione
803 4094 1077 4165 paradisi,
1109 4096 1345 4152 sicutab
1373 4096 1617 4166 ingressu
1649 4098 1869 4163 mundi,
1903 4115 1931 4152 a
1962 4115 2054 4154 su-

461 4188 764 4258 perioribus
786 4188 1223 4259 generationibus
1259 4189 1601 4244 evolvuntur.
1632 4191 1763 4257 Quae
1803 4202 1957 4260 porta
1984 4193 2051 4246 ad

453 4282 771 4351 Aquilonem
805 4280 1052 4350 respicit,
1088 4281 1208 4351 quia
1241 4282 1493 4339 videlicet
1522 4300 1674 4339 meus
1701 4284 1917 4340 humani
1955 4301 2051 4356 ge-

454 4374 603 4429 neris
629 4371 771 4430 vitiis
799 4385 1015 4444 aperta,
1060 4375 1162 4430 nisi
1199 4377 1434 4431 calorem
1480 4380 1764 4457 cbaritatis
1793 4382 2051 4438 deserens

454 4476 727 4537 torporem
757 4467 952 4522 mentis
977 4477 1276 4538 appeteret,
1303 4469 1371 4525 ad
1398 4471 1536 4526 hanc
1564 4472 1909 4529 mortalitatis
1932 4475 2052 4530 lati-

456 4557 693 4614 tudinem
716 4573 823 4614 non
854 4558 1079 4614 exisset.
1110 4558 1174 4613 Et
1197 4560 1598 4631 uniuscujusque
1625 4579 1712 4616 vas
1736 4565 1972 4619 interitus
1994 4566 2050 4619 in

2155 3342 2348 3399 librum
2377 3344 2691 3415 jamdudum
2725 3350 2977 3415 tenebat,
3009 3366 3168 3421 quem
3203 3367 3297 3420 per
3340 3352 3569 3422 gratiam
3594 3353 3746 3422 aspi-

2154 3437 2379 3492 rationis
2428 3448 2713 3508 acceperat
2741 3449 2797 3496 et
2823 3442 3053 3498 vivendo
3094 3457 3422 3514 cognoscere
3466 3454 3521 3500 et
3563 3443 3754 3514 praevi-

2155 3532 2337 3589 dendo
2374 3535 2646 3591 nuntiare.

2222 3624 2330 3681 Sed
2375 3626 2517 3681 inter
2549 3627 2664 3683 haec
2702 3628 2979 3685 sciendum
3021 3640 3105 3687 est
3148 3631 3271 3702 quia
3323 3646 3445 3687 cum
3498 3631 3748 3703 ejusdem

2153 3720 2292 3774 sacri
2323 3718 2519 3790 eloquii
2553 3733 2819 3790 praecepta
2864 3724 3197 3791 cogitamus,
3237 3738 3468 3793 cumque
3511 3726 3749 3779 trientem

2156 3826 2183 3866 a
2217 3811 2339 3866 vitae
2371 3814 2738 3881 corruptibilis
2766 3830 2950 3871 amore
2976 3816 3315 3883 divertimus,
3341 3817 3494 3887 quasi
3525 3817 3749 3887 quibus.

2154 3901 2275 3957 dam
2300 3903 2477 3959 cordis
2506 3905 2752 3975 passibus
2782 3906 2848 3963 ad
2878 3907 3136 3963 interiora
3166 3923 3540 3978 properamus.
3573 3906 3749 3965 Nemo

2155 4005 2332 4052 autem
2357 3999 2536 4053 intima
2564 4000 2840 4066 deserens,
2870 4010 3090 4073 repente
3121 4003 3182 4058 lit
3210 4020 3450 4060 summus
3473 4047 3488 4073 ,
3516 4005 3646 4075 quia
3673 4004 3740 4059 ad

2156 4090 2510 4147 obtinendum
2570 4093 2913 4163 perfectionis
2966 4098 3261 4164 meritum,
3315 4099 3440 4154 dum
3496 4100 3746 4168 quotidie

2156 4200 2308 4267 mens
2344 4188 2408 4267 in
2457 4187 2623 4243 altum
2656 4189 2894 4255 ducitur,
2925 4191 2992 4245 ad
3034 4191 3135 4248 hoc
3167 4193 3351 4277 procul
3394 4192 3559 4249 dubio
3590 4194 3739 4248 velut

2160 4274 2179 4313 ί
2208 4264 2539 4334 ascensionis
2582 4278 2898 4350 quibusdam
2929 4282 3185 4354 gradibus
3225 4264 3555 4355 pervenitur.
3585 4282 3748 4341 Unde

2157 4370 2243 4428 hic
2264 4387 2479 4443 quoque
2504 4385 2628 4444 apte
2647 4376 2988 4447 subjungitur
3016 4396 3031 4432 :
3390 4384 3391 4389 ‘

2768 4474 2995 4534 CAPUT
3026 4474 3145 4530 XX.

2230 4561 2391 4619 Vens.
2421 4564 2719 4641 37.-—-Per
2747 4568 2977 4640 singulos
3008 4568 3211 4641 gradus
3240 4584 3376 4624 meos
3406 4566 3749 4640 pronuntiabo

456 4666 614 4703 manu
641 4653 773 4723 ejus,
802 4651 927 4721 quia
961 4666 1293 4723 unaquaeque
1332 4654 1612 4724 generatio
1653 4657 1879 4727 singulis
1924 4658 2048 4729 qui-
2075 4669 2132 4733 Ι)
2158 4659 2329 4716 illum.

458 4743 666 4813 busque
692 4743 941 4799 atatibus
962 4745 1178 4800 evoluta
1202 4786 1218 4811 ,
1252 4757 1376 4801 ante
1423 4747 1801 4819 Redemptoris
1849 4750 2051 4807 adven-

460 4841 570 4888 tum
600 4833 656 4889 in
684 4850 780 4890 sua
809 4838 1127 4905 operatiOne
1154 4838 1374 4904 habuit,
1407 4841 1548 4895 unde
1578 4857 1793 4910 poenam
1824 4844 2049 4899 damna-

456 4926 617 4982 tionis
659 4929 909 4999 sumpsit.
964 4928 1051 4984 Vir
1103 4948 1302 5003 quoque
1354 4950 1488 4987 unus
1541 4935 1596 4988 in
1654 4937 1821 4990 medio
1869 4918 2050 4992 eorum

459 5018 663 5074 vestitus
686 5020 868 5105 lineis,
910 5021 1032 5092 quia
1076 5022 1404 5095 Redemptor
1441 5036 1652 5092 noster,
1681 5028 1841 5084 etiam
1873 5029 1941 5085 de
1964 5047 2051 5085 sa-

457 5109 716 5167 cerdotali
747 5112 886 5168 tribu
922 5114 1074 5184 juxta
1104 5130 1323 5172 carnem
1352 5130 1601 5188 parentes
1626 5120 1827 5177 habere
1856 5122 2048 5193 digna-

461 5215 567 5271 tus,
593 5205 821 5262 vestitus
845 5207 1001 5264 lineis
1034 5211 1220 5267 venire
1252 5212 1580 5281 perhibetur.
1615 5213 1709 5269 Vel
1737 5226 1885 5271 certe
1926 5216 2049 5288 quia

459 5294 629 5352 linum
659 5297 729 5354 de
762 5307 926 5368 terra,
952 5315 1056 5357 non
1089 5314 1267 5358 autem
1297 5306 1436 5360 sicut
1457 5304 1582 5361 lana
1611 5309 1678 5363 de
1710 5297 2049 5379 corruptibili

535 5445 1036 5528 "Duo_Sangerm.,
1070 5453 1264 5522 Laud.,
1296 5455 1419 5516 Val.
1448 5456 1913 5528 Cl.,Norm.,ivet.
1946 5460 2048 5517 Ed.

459 5512 656 5582 Parim,
681 5512 955 5578 desideria.
1020 5512 1034 5521 ’
1090 5512 1097 5517 ’
1247 5512 1263 5522 ’
1405 5512 1416 5516 “
1541 5512 1593 5525 ’“
1664 5512 1845 5557 "3")

529 5582 774 5666 '_Ger_'tti.
798 5607 850 5648 et
883 5596 1121 5666 plerique
1157 5597 1366 5660 Norm..
1393 5600 1759 5658 indiscussum.
1791 5602 1960 5660 Laud.
1994 5611 2054 5661 et

654 5664 743 5728 ϐ..
770 5666 826 5718 in
847 5654 1163 5740 discussione
1191 5654 1477 5740 prmtereat.

535 5741 559 5810 ς
588 5733 775 5810 [ﬁerit].
804 5744 859 5790 et
886 5737 1077 5803 Laud.,
1111 5733 1227 5810 qua:
1248 5746 1311 5797 de
1334 5746 1433 5798 via.

529 5799 556 5883 εξ
590 5804 843 5883 _Vindoc.,
874 5799 1301 5883 atra‘ment'arium
1322 5816 1467 5883 quasi
1496 5815 1550 5869 in
1574 5819 1802 5875 renibus.

534 5880 560 5911 ο
588 5871 651 5929 In
678 5871 863 5932 Germ.
895 5888 948 5934 et
975 5879 1140 5937 Corb.
1169 5871 1383 5957 Germi,
1413 5886 1585 5954 prima
1609 5871 1800 5961 manu,
1827 5901 2042 5950 necnon

2231 4752 2323 4809 46.
2374 4753 2522 4810 Varii
2568 4767 2689 4813 sunt
2751 4758 2946 4827 gradus
2999 4757 3070 4811 ad
3127 4745 3507 4828 perfectionem.
3568 4755 3639 4811 Ut
3678 4752 3751 4808 ad

2161 4846 2330 4903 Deum
2378 4851 2709 4920 proﬁciamus
2758 4868 2791 4903 a
2828 4850 2971 4905 nobis
3028 4850 3392 4920 deﬁciendum.
3425 4880 3497 4893 ——
3539 4847 3617 4903 De
3666 4847 3750 4903 bis

2159 4941 2356 5011 quippe
2386 4953 2699 4997 meritorum
2722 4943 2976 5011 gradibus
3000 4957 3095 5012 per
3124 4941 3466 4999 Psalmistam
3507 4940 3709 5011 dicitur
3733 4956 3749 4993 :

2159 5034 2503 5088 Ambulabunt
2532 5036 2596 5090 de
2622 5035 2805 5089 virtute
2834 5036 2887 5089 in
2916 5036 3151 5089 virtutem
3180 5034 3354 5107 (Psal.
3389 5048 3593 5089 Lxxxtn
3615 5073 3629 5098 ,
3663 5032 3744 5103 8).

2160 5127 2237 5183 De
2278 5127 2360 5182 his
2404 5129 2593 5183 iterum
2626 5136 2651 5175 ε
2679 5137 2921 5183 sanctam
2968 5127 3265 5183 Ecclesiam
3314 5126 3748 5196 contemplatus,

2159 5219 2270 5274 ait:
2304 5219 2440 5274 Deus
2470 5222 2524 5275 in
2553 5223 2794 5293 gradibus
2823 5226 2935 5295 ejus
2968 5224 3314 5295 dignoscitur,
3346 5225 3469 5278 dum
3498 5222 3747 5294 suscipiet

2157 5329 2268 5368 eam
2294 5311 2465 5384 (Psal.
2502 5330 2669 5384 vau,
2691 5314 2777 5387 4).
2801 5316 2983 5387 Neque
3011 5319 3154 5373 enim
3176 5357 3192 5385 ,
3224 5317 3361 5381 sicut
3400 5314 3603 5372 dictum
3633 5325 3748 5382 est,

2159 5464 2214 5519 in
2246 5465 2415 5521 Editis
2443 5467 2605 5522 etiam
2634 5468 3022 5537 antiquioribus
3049 5478 3275 5541 portare,
3324 5470 3610 5525 manifesto
3658 5485 3747 5524 er-

2164 5552 2309 5604 rore,
2340 5550 2394 5592 et
2423 5547 2620 5604 tamen,
2659 5542 3043 5596 reluctantibus
3085 5553 3200 5597 etet.
3238 5542 3392 5610 Mss.,
3420 5544 3474 5596 in
3499 5542 3750 5598 omnibus

2156 5611 2547 5683 recentioribus
2579 5612 2723 5666 Edit.
2759 5623 3070 5683 propagato.

2232 5680 2255 5755 ξ
2274 5682 2344 5755 _ln
2377 5682 2564 5755 iisdem
2598 5680 2869 5754 vulgatis,
2889 5680 3203 5739 ascensionis
3234 5683 3530 5755 cujusdam.
3555 5682 3747 5739 Melius

2161 5755 2214 5809 iu
2241 5753 2396 5819 Mss.,
2419 5753 2747 5825 quibusdam.

2228 5834 2253 5872 ε
2287 5823 2513 5894 Turon.,
2546 5837 2725 5883 sancta
2754 5823 2987 5882 Ecclesia
3014 5825 3359 5895 contemplata
3386 5825 3480 5882 ait.
