  <div class='ocr_page' id='page_1' title='image "/cluster/home/n/w/nwhite01/storage/ocr_20150623/76/hvd.32044011229333/128.png"; bbox 0 0 4066 6348; ppageno 0'>
   <div class='ocr_carea' id='block_1_1' title="bbox 326 384 427 443">
    <p class='ocr_par' dir='ltr' id='par_1_1' title="bbox 326 384 427 443">
     <span class='ocr_line' id='line_1_1' title="bbox 326 384 427 443; baseline 0.02 -2"><span class='ocrx_word' id='word_1_1' title='bbox 326 384 427 443; x_wconf 71' lang='grc'><strong>241</strong></span> 
     </span>
    </p>
   </div>
   <div class='ocr_carea' id='block_1_2' title="bbox 1056 354 2883 461">
    <p class='ocr_par' dir='ltr' id='par_1_2' title="bbox 1056 354 2883 461">
     <span class='ocr_line' id='line_1_2' title="bbox 1056 354 2883 461; baseline 0.007 -12"><span class='ocrx_word' id='word_1_2' title='bbox 1056 354 1067 361; x_wconf 66' lang='grc'><strong>’</strong></span> <span class='ocrx_word' id='word_1_3' title='bbox 1114 389 1472 452; x_wconf 77' lang='lat' dir='ltr'><strong>uonALmu</strong></span> <span class='ocrx_word' id='word_1_4' title='bbox 1513 393 1642 451; x_wconf 85' lang='lat' dir='ltr'><strong>LIB.</strong></span> <span class='ocrx_word' id='word_1_5' title='bbox 1688 394 1856 454; x_wconf 86' lang='lat' dir='ltr'><strong>xxu.</strong></span> <span class='ocrx_word' id='word_1_6' title='bbox 1896 425 1966 441; x_wconf 91' lang='grc'><strong><em>-</em></strong></span> <span class='ocrx_word' id='word_1_7' title='bbox 2006 397 2072 455; x_wconf 82' lang='lat' dir='ltr'><strong>IN</strong></span> <span class='ocrx_word' id='word_1_8' title='bbox 2109 397 2337 457; x_wconf 69' lang='lat' dir='ltr'><strong>cspu&#39;r</strong></span> <span class='ocrx_word' id='word_1_9' title='bbox 2378 400 2552 459; x_wconf 70' lang='lat' dir='ltr'><strong>xxx:</strong></span> <span class='ocrx_word' id='word_1_10' title='bbox 2614 403 2677 460; x_wconf 75' lang='grc' dir='ltr'><strong>Β.</strong></span> <span class='ocrx_word' id='word_1_11' title='bbox 2718 384 2883 461; x_wconf 67' lang='grc' dir='ltr'><strong>ωθῖ</strong></span> 
     </span>
    </p>
   </div>
   <div class='ocr_carea' id='block_1_3' title="bbox 3509 414 3618 471">
    <p class='ocr_par' dir='ltr' id='par_1_3' title="bbox 3509 414 3618 471">
     <span class='ocr_line' id='line_1_3' title="bbox 3509 414 3618 471; baseline 0.046 -4"><span class='ocrx_word' id='word_1_12' title='bbox 3509 414 3618 471; x_wconf 61' lang='lat' dir='ltr'><strong>Elii</strong></span> 
     </span>
    </p>
   </div>
   <div class='ocr_carea' id='block_1_4' title="bbox 325 503 3618 590">
    <p class='ocr_par' dir='ltr' id='par_1_4' title="bbox 325 503 3618 590">
     <span class='ocr_line' id='line_1_4' title="bbox 325 503 3618 590; baseline 0.009 -30"><span class='ocrx_word' id='word_1_13' title='bbox 325 511 552 573; x_wconf 82' lang='lat' dir='ltr'><strong>repente</strong></span> <span class='ocrx_word' id='word_1_14' title='bbox 571 503 637 561; x_wconf 92' lang='lat' dir='ltr'><strong>ad</strong></span> <span class='ocrx_word' id='word_1_15' title='bbox 663 519 872 563; x_wconf 87' lang='lat' dir='ltr'><strong>summa</strong></span> <span class='ocrx_word' id='word_1_16' title='bbox 900 517 1228 578; x_wconf 83' lang='lat' dir='ltr'><strong>pervenitur,</strong></span> <span class='ocrx_word' id='word_1_17' title='bbox 1257 511 1354 566; x_wconf 89' lang='lat' dir='ltr'><strong>sed</strong></span> <span class='ocrx_word' id='word_1_18' title='bbox 1380 511 1448 568; x_wconf 88' lang='lat' dir='ltr'><strong>ad</strong></span> <span class='ocrx_word' id='word_1_19' title='bbox 1470 513 1731 570; x_wconf 85' lang='lat' dir='ltr'><strong>virtutum</strong></span> <span class='ocrx_word' id='word_1_20' title='bbox 1756 515 1920 572; x_wconf 86' lang='lat' dir='ltr'><strong>celsi-</strong></span> <span class='ocrx_word' id='word_1_21' title='bbox 1945 518 2000 580; x_wconf 78' lang='grc' dir='ltr'><strong>Α</strong></span> <span class='ocrx_word' id='word_1_22' title='bbox 2023 533 2208 580; x_wconf 85' lang='lat' dir='ltr'><strong>meam,</strong></span> <span class='ocrx_word' id='word_1_23' title='bbox 2240 518 2505 590; x_wconf 72' lang='lat' dir='ltr'><strong>vultusque</strong></span> <span class='ocrx_word' id='word_1_24' title='bbox 2544 537 2685 575; x_wconf 87' lang='lat' dir='ltr'><strong>meus</strong></span> <span class='ocrx_word' id='word_1_25' title='bbox 2714 521 2940 576; x_wconf 67' lang='lat' dir='ltr'><strong>haerebat</strong></span> <span class='ocrx_word' id='word_1_26' title='bbox 2971 530 3142 581; x_wconf 70' lang='lat' dir='ltr'><strong>terris.</strong></span> <span class='ocrx_word' id='word_1_27' title='bbox 3183 524 3252 580; x_wconf 86' lang='lat' dir='ltr'><strong>Et</strong></span> <span class='ocrx_word' id='word_1_28' title='bbox 3294 544 3406 584; x_wconf 87' lang='lat' dir='ltr'><strong>ecce</strong></span> <span class='ocrx_word' id='word_1_29' title='bbox 3431 547 3618 588; x_wconf 85' lang='lat' dir='ltr'><strong>manus</strong></span> 
     </span>
    </p>
   </div>
   <div class='ocr_carea' id='block_1_5' title="bbox 325 596 1919 680">
    <p class='ocr_par' dir='ltr' id='par_1_5' title="bbox 325 596 1919 680">
     <span class='ocr_line' id='line_1_5' title="bbox 325 596 1919 680; baseline 0.011 -30"><span class='ocrx_word' id='word_1_30' title='bbox 325 596 568 653; x_wconf 76' lang='lat' dir='ltr'><strong>tudinem</strong></span> <span class='ocrx_word' id='word_1_31' title='bbox 596 614 692 669; x_wconf 89' lang='lat' dir='ltr'><strong>per</strong></span> <span class='ocrx_word' id='word_1_32' title='bbox 720 599 1046 657; x_wconf 88' lang='lat' dir='ltr'><strong>incrementa</strong></span> <span class='ocrx_word' id='word_1_33' title='bbox 1074 617 1228 658; x_wconf 88' lang='lat' dir='ltr'><strong>mens</strong></span> <span class='ocrx_word' id='word_1_34' title='bbox 1251 604 1483 661; x_wconf 90' lang='lat' dir='ltr'><strong>ducitur.</strong></span> <span class='ocrx_word' id='word_1_35' title='bbox 1521 608 1654 663; x_wconf 89' lang='lat' dir='ltr'><strong>llinc</strong></span> <span class='ocrx_word' id='word_1_36' title='bbox 1684 624 1919 680; x_wconf 81' lang='lat' dir='ltr'><strong>namque</strong></span> 
     </span>
    </p>
   </div>
   <div class='ocr_carea' id='block_1_6' title="bbox 325 689 1917 761">
    <p class='ocr_par' dir='ltr' id='par_1_6' title="bbox 325 689 1917 761">
     <span class='ocr_line' id='line_1_6' title="bbox 325 689 1917 761; baseline 0.009 -17"><span class='ocrx_word' id='word_1_37' title='bbox 325 698 407 744; x_wconf 87' lang='lat' dir='ltr'><strong>est</strong></span> <span class='ocrx_word' id='word_1_38' title='bbox 446 689 592 761; x_wconf 88' lang='lat' dir='ltr'><strong>quod</strong></span> <span class='ocrx_word' id='word_1_39' title='bbox 631 691 898 761; x_wconf 90' lang='lat' dir='ltr'><strong>Propheta</strong></span> <span class='ocrx_word' id='word_1_40' title='bbox 945 692 1086 751; x_wconf 89' lang='lat' dir='ltr'><strong>idem</strong></span> <span class='ocrx_word' id='word_1_41' title='bbox 1129 695 1327 752; x_wconf 90' lang='lat' dir='ltr'><strong>iterum</strong></span> <span class='ocrx_word' id='word_1_42' title='bbox 1378 697 1547 754; x_wconf 89' lang='lat' dir='ltr'><strong>dicit:</strong></span> <span class='ocrx_word' id='word_1_43' title='bbox 1586 700 1917 759; x_wconf 73' lang='lat' dir='ltr'><strong>Exercitatus</strong></span> 
     </span>
    </p>
   </div>
   <div class='ocr_carea' id='block_1_7' title="bbox 325 783 1912 864">
    <p class='ocr_par' dir='ltr' id='par_1_7' title="bbox 325 783 1912 864">
     <span class='ocr_line' id='line_1_7' title="bbox 325 783 1912 864; baseline 0.012 -29"><span class='ocrx_word' id='word_1_44' title='bbox 325 797 463 847; x_wconf 73' lang='lat' dir='ltr'><strong>sum,</strong></span> <span class='ocrx_word' id='word_1_45' title='bbox 495 792 545 837; x_wconf 87' lang='lat' dir='ltr'><strong>et</strong></span> <span class='ocrx_word' id='word_1_46' title='bbox 586 783 770 852; x_wconf 70' lang='lat' dir='ltr'><strong>defecit</strong></span> <span class='ocrx_word' id='word_1_47' title='bbox 794 786 1058 857; x_wconf 85' lang='lat' dir='ltr'><strong>paulisper</strong></span> <span class='ocrx_word' id='word_1_48' title='bbox 1085 789 1299 859; x_wconf 75' lang='lat' dir='ltr'><strong>spiritus</strong></span> <span class='ocrx_word' id='word_1_49' title='bbox 1327 807 1469 846; x_wconf 89' lang='lat' dir='ltr'><strong>meus</strong></span> <span class='ocrx_word' id='word_1_50' title='bbox 1509 792 1684 864; x_wconf 87' lang='lat' dir='ltr'><strong>(Psal.</strong></span> <span class='ocrx_word' id='word_1_51' title='bbox 1722 803 1912 863; x_wconf 70' lang='lat' dir='ltr'><strong>Lxxvt,</strong></span> 
     </span>
    </p>
   </div>
   <div class='ocr_carea' id='block_1_8' title="bbox 325 872 1919 955">
    <p class='ocr_par' dir='ltr' id='par_1_8' title="bbox 325 872 1919 955">
     <span class='ocr_line' id='line_1_8' title="bbox 325 872 1919 955; baseline 0.012 -29"><span class='ocrx_word' id='word_1_52' title='bbox 325 872 408 943; x_wconf 68' lang='grc' dir='ltr'><strong>Δ).</strong></span> <span class='ocrx_word' id='word_1_53' title='bbox 440 874 580 955; x_wconf 84' lang='lat' dir='ltr'><strong>Quid</strong></span> <span class='ocrx_word' id='word_1_54' title='bbox 625 883 707 931; x_wconf 89' lang='lat' dir='ltr'><strong>est</strong></span> <span class='ocrx_word' id='word_1_55' title='bbox 754 877 965 948; x_wconf 86' lang='lat' dir='ltr'><strong>itaque,</strong></span> <span class='ocrx_word' id='word_1_56' title='bbox 1014 882 1156 951; x_wconf 90' lang='lat' dir='ltr'><strong>quod</strong></span> <span class='ocrx_word' id='word_1_57' title='bbox 1210 882 1585 950; x_wconf 85' lang='lat' dir='ltr'><strong>ait:Spiritus</strong></span> <span class='ocrx_word' id='word_1_58' title='bbox 1617 905 1784 955; x_wconf 87' lang='lat' dir='ltr'><strong>meus,</strong></span> <span class='ocrx_word' id='word_1_59' title='bbox 1816 889 1919 945; x_wconf 88' lang='lat' dir='ltr'><strong>nisi</strong></span> 
     </span>
    </p>
   </div>
   <div class='ocr_carea' id='block_1_9' title="bbox 327 954 1918 1054">
    <p class='ocr_par' dir='ltr' id='par_1_9' title="bbox 327 954 1918 1054">
     <span class='ocr_line' id='line_1_9' title="bbox 327 954 1918 1054; baseline 0.011 -33"><span class='ocrx_word' id='word_1_60' title='bbox 327 954 552 1038; x_wconf 89' lang='lat' dir='ltr'><strong>spiritus</strong></span> <span class='ocrx_word' id='word_1_61' title='bbox 583 968 834 1037; x_wconf 88' lang='lat' dir='ltr'><strong>hominis,</strong></span> <span class='ocrx_word' id='word_1_62' title='bbox 858 970 1106 1030; x_wconf 88' lang='lat' dir='ltr'><strong>videlicet</strong></span> <span class='ocrx_word' id='word_1_63' title='bbox 1132 975 1353 1046; x_wconf 86' lang='lat' dir='ltr'><strong>spiritus</strong></span> <span class='ocrx_word' id='word_1_64' title='bbox 1380 979 1666 1035; x_wconf 79' lang='lat' dir='ltr'><strong>elationis?</strong></span> <span class='ocrx_word' id='word_1_65' title='bbox 1698 954 1777 1037; x_wconf 85' lang='lat' dir='ltr'><strong>Et</strong></span> <span class='ocrx_word' id='word_1_66' title='bbox 1795 982 1918 1054; x_wconf 90' lang='lat' dir='ltr'><strong>quia</strong></span> 
     </span>
    </p>
   </div>
   <div class='ocr_carea' id='block_1_10' title="bbox 327 1061 1919 1145">
    <p class='ocr_par' dir='ltr' id='par_1_10' title="bbox 327 1061 1919 1145">
     <span class='ocr_line' id='line_1_10' title="bbox 327 1061 1919 1145; baseline 0.011 -30"><span class='ocrx_word' id='word_1_67' title='bbox 327 1074 426 1130; x_wconf 88' lang='lat' dir='ltr'><strong>per</strong></span> <span class='ocrx_word' id='word_1_68' title='bbox 474 1061 739 1118; x_wconf 84' lang='lat' dir='ltr'><strong>Occultam</strong></span> <span class='ocrx_word' id='word_1_69' title='bbox 786 1064 1014 1134; x_wconf 81' lang='lat' dir='ltr'><strong>gratiam</strong></span> <span class='ocrx_word' id='word_1_70' title='bbox 1064 1066 1132 1121; x_wconf 90' lang='lat' dir='ltr'><strong>ad</strong></span> <span class='ocrx_word' id='word_1_71' title='bbox 1188 1082 1427 1124; x_wconf 90' lang='lat' dir='ltr'><strong>amorem</strong></span> <span class='ocrx_word' id='word_1_72' title='bbox 1480 1071 1577 1127; x_wconf 88' lang='lat' dir='ltr'><strong>Dei</strong></span> <span class='ocrx_word' id='word_1_73' title='bbox 1626 1082 1919 1145; x_wconf 88' lang='lat' dir='ltr'><strong>temperata</strong></span> 
     </span>
    </p>
   </div>
   <div class='ocr_carea' id='block_1_11' title="bbox 329 1152 1920 1238">
    <p class='ocr_par' dir='ltr' id='par_1_11' title="bbox 329 1152 1920 1238">
     <span class='ocr_line' id='line_1_11' title="bbox 329 1152 1920 1238; baseline 0.01 -29"><span class='ocrx_word' id='word_1_74' title='bbox 329 1155 565 1227; x_wconf 80' lang='lat' dir='ltr'><strong>desuper</strong></span> <span class='ocrx_word' id='word_1_75' title='bbox 593 1171 840 1212; x_wconf 84' lang='lat' dir='ltr'><strong>mensura</strong></span> <span class='ocrx_word' id='word_1_76' title='bbox 872 1152 1182 1235; x_wconf 78' lang='lat' dir='ltr'><strong>proliCimus</strong></span> <span class='ocrx_word' id='word_1_77' title='bbox 1202 1201 1216 1225; x_wconf 94' lang='lat'><strong>,</strong></span> <span class='ocrx_word' id='word_1_78' title='bbox 1250 1172 1452 1231; x_wconf 92' lang='lat' dir='ltr'><strong>quanto</strong></span> <span class='ocrx_word' id='word_1_79' title='bbox 1478 1163 1532 1220; x_wconf 90' lang='lat' dir='ltr'><strong>in</strong></span> <span class='ocrx_word' id='word_1_80' title='bbox 1562 1167 1717 1222; x_wconf 88' lang='lat' dir='ltr'><strong>nobis</strong></span> <span class='ocrx_word' id='word_1_81' title='bbox 1739 1169 1920 1238; x_wconf 86' lang='lat' dir='ltr'><strong>quoti-</strong></span> 
     </span>
    </p>
   </div>
   <div class='ocr_carea' id='block_1_12' title="bbox 330 1244 1921 1331">
    <p class='ocr_par' dir='ltr' id='par_1_12' title="bbox 330 1244 1921 1331">
     <span class='ocr_line' id='line_1_12' title="bbox 330 1244 1921 1331; baseline 0.011 -30"><span class='ocrx_word' id='word_1_82' title='bbox 330 1244 420 1301; x_wconf 90' lang='lat' dir='ltr'><strong>die</strong></span> <span class='ocrx_word' id='word_1_83' title='bbox 440 1246 509 1304; x_wconf 91' lang='lat' dir='ltr'><strong>de</strong></span> <span class='ocrx_word' id='word_1_84' title='bbox 533 1246 627 1302; x_wconf 85' lang='lat' dir='ltr'><strong>Dei</strong></span> <span class='ocrx_word' id='word_1_85' title='bbox 656 1250 846 1318; x_wconf 78' lang='lat' dir='ltr'><strong>Spiritu</strong></span> <span class='ocrx_word' id='word_1_86' title='bbox 875 1251 1042 1309; x_wconf 73' lang='lat' dir='ltr'><strong>virtus</strong></span> <span class='ocrx_word' id='word_1_87' title='bbox 1070 1254 1282 1319; x_wconf 79' lang='lat' dir='ltr'><strong>crescit,</strong></span> <span class='ocrx_word' id='word_1_88' title='bbox 1309 1264 1457 1311; x_wconf 85' lang='lat' dir='ltr'><strong>tanto</strong></span> <span class='ocrx_word' id='word_1_89' title='bbox 1482 1268 1666 1315; x_wconf 84' lang='lat' dir='ltr'><strong>noster</strong></span> <span class='ocrx_word' id='word_1_90' title='bbox 1701 1262 1921 1331; x_wconf 83' lang='lat' dir='ltr'><strong>spiritus</strong></span> 
     </span>
    </p>
   </div>
   <div class='ocr_carea' id='block_1_13' title="bbox 331 1338 1921 1418">
    <p class='ocr_par' dir='ltr' id='par_1_13' title="bbox 331 1338 1921 1418">
     <span class='ocr_line' id='line_1_13' title="bbox 331 1338 1921 1418; baseline 0.011 -25"><span class='ocrx_word' id='word_1_91' title='bbox 331 1338 532 1395; x_wconf 85' lang='lat' dir='ltr'><strong>deficit.</strong></span> <span class='ocrx_word' id='word_1_92' title='bbox 569 1339 671 1409; x_wconf 89' lang='lat' dir='ltr'><strong>Qui</strong></span> <span class='ocrx_word' id='word_1_93' title='bbox 701 1342 918 1410; x_wconf 83' lang='lat' dir='ltr'><strong>spiritus</strong></span> <span class='ocrx_word' id='word_1_94' title='bbox 947 1345 1166 1408; x_wconf 89' lang='lat' dir='ltr'><strong>erroris.</strong></span> <span class='ocrx_word' id='word_1_95' title='bbox 1197 1348 1320 1418; x_wconf 90' lang='lat' dir='ltr'><strong>quia</strong></span> <span class='ocrx_word' id='word_1_96' title='bbox 1356 1364 1460 1405; x_wconf 88' lang='lat' dir='ltr'><strong>non</strong></span> <span class='ocrx_word' id='word_1_97' title='bbox 1489 1366 1518 1403; x_wconf 89' lang='lat' dir='ltr'><strong>a</strong></span> <span class='ocrx_word' id='word_1_98' title='bbox 1551 1352 1706 1408; x_wconf 85' lang='lat' dir='ltr'><strong>nobis</strong></span> <span class='ocrx_word' id='word_1_99' title='bbox 1741 1356 1921 1411; x_wconf 90' lang='lat' dir='ltr'><strong>subito</strong></span> 
     </span>
    </p>
   </div>
   <div class='ocr_carea' id='block_1_14' title="bbox 333 1428 1922 1515">
    <p class='ocr_par' dir='ltr' id='par_1_14' title="bbox 333 1428 1922 1515">
     <span class='ocr_line' id='line_1_14' title="bbox 333 1428 1922 1515; baseline 0.013 -33"><span class='ocrx_word' id='word_1_100' title='bbox 333 1428 548 1499; x_wconf 90' lang='lat' dir='ltr'><strong>penitus</strong></span> <span class='ocrx_word' id='word_1_101' title='bbox 567 1442 890 1502; x_wconf 87' lang='lat' dir='ltr'><strong>amputatur,</strong></span> <span class='ocrx_word' id='word_1_102' title='bbox 918 1434 1055 1491; x_wconf 88' lang='lat' dir='ltr'><strong>bene</strong></span> <span class='ocrx_word' id='word_1_103' title='bbox 1082 1438 1351 1509; x_wconf 89' lang='lat' dir='ltr'><strong>paulisper</strong></span> <span class='ocrx_word' id='word_1_104' title='bbox 1377 1440 1642 1500; x_wconf 90' lang='lat' dir='ltr'><strong>defecisse</strong></span> <span class='ocrx_word' id='word_1_105' title='bbox 1673 1446 1922 1515; x_wconf 90' lang='lat' dir='ltr'><strong>perhibe-</strong></span> 
     </span>
    </p>
   </div>
   <div class='ocr_carea' id='block_1_15' title="bbox 332 1521 1922 1601">
    <p class='ocr_par' dir='ltr' id='par_1_15' title="bbox 332 1521 1922 1601">
     <span class='ocr_line' id='line_1_15' title="bbox 332 1521 1922 1601; baseline 0.011 -24"><span class='ocrx_word' id='word_1_106' title='bbox 332 1530 439 1579; x_wconf 90' lang='lat' dir='ltr'><strong>tur.</strong></span> <span class='ocrx_word' id='word_1_107' title='bbox 472 1521 623 1578; x_wconf 85' lang='lat' dir='ltr'><strong>Tunc</strong></span> <span class='ocrx_word' id='word_1_108' title='bbox 648 1539 776 1581; x_wconf 91' lang='lat' dir='ltr'><strong>vero</strong></span> <span class='ocrx_word' id='word_1_109' title='bbox 805 1527 856 1581; x_wconf 93' lang='lat' dir='ltr'><strong>in</strong></span> <span class='ocrx_word' id='word_1_110' title='bbox 890 1528 1002 1584; x_wconf 92' lang='lat' dir='ltr'><strong>Deo</strong></span> <span class='ocrx_word' id='word_1_111' title='bbox 1028 1528 1188 1599; x_wconf 87' lang='lat' dir='ltr'><strong>plene</strong></span> <span class='ocrx_word' id='word_1_112' title='bbox 1211 1532 1539 1601; x_wconf 85' lang='lat' dir='ltr'><strong>proficimus,</strong></span> <span class='ocrx_word' id='word_1_113' title='bbox 1570 1550 1691 1590; x_wconf 92' lang='lat' dir='ltr'><strong>cum</strong></span> <span class='ocrx_word' id='word_1_114' title='bbox 1717 1553 1747 1592; x_wconf 92' lang='lat' dir='ltr'><strong>a</strong></span> <span class='ocrx_word' id='word_1_115' title='bbox 1770 1538 1922 1595; x_wconf 89' lang='lat' dir='ltr'><strong>nobis</strong></span> 
     </span>
    </p>
   </div>
   <div class='ocr_carea' id='block_1_16' title="bbox 332 1615 1922 1701">
    <p class='ocr_par' dir='ltr' id='par_1_16' title="bbox 332 1615 1922 1701">
     <span class='ocr_line' id='line_1_16' title="bbox 332 1615 1922 1701; baseline 0.013 -30"><span class='ocrx_word' id='word_1_116' title='bbox 332 1615 474 1687; x_wconf 82' lang='lat' dir='ltr'><strong>ipsis</strong></span> <span class='ocrx_word' id='word_1_117' title='bbox 511 1618 749 1676; x_wconf 88' lang='lat' dir='ltr'><strong>funditus</strong></span> <span class='ocrx_word' id='word_1_118' title='bbox 777 1620 1157 1682; x_wconf 89' lang='lat' dir='ltr'><strong>defecerimus.</strong></span> <span class='ocrx_word' id='word_1_119' title='bbox 1201 1626 1294 1683; x_wconf 75' lang='lat' dir='ltr'><strong>Ha:</strong></span> <span class='ocrx_word' id='word_1_120' title='bbox 1337 1628 1515 1701; x_wconf 87' lang='lat' dir='ltr'><strong>itaque</strong></span> <span class='ocrx_word' id='word_1_121' title='bbox 1562 1634 1922 1691; x_wconf 86' lang='lat' dir='ltr'><strong>crescentiurn</strong></span> 
     </span>
    </p>
   </div>
   <div class='ocr_carea' id='block_1_17' title="bbox 333 1716 1915 1797">
    <p class='ocr_par' dir='ltr' id='par_1_17' title="bbox 333 1716 1915 1797">
     <span class='ocr_line' id='line_1_17' title="bbox 333 1716 1915 1797; baseline 0.011 -28"><span class='ocrx_word' id='word_1_122' title='bbox 333 1730 599 1770; x_wconf 68' lang='lat' dir='ltr'><strong>mensurae</strong></span> <span class='ocrx_word' id='word_1_123' title='bbox 629 1716 907 1789; x_wconf 88' lang='lat' dir='ltr'><strong>virtutum,</strong></span> <span class='ocrx_word' id='word_1_124' title='bbox 928 1722 1103 1778; x_wconf 90' lang='lat' dir='ltr'><strong>sancti</strong></span> <span class='ocrx_word' id='word_1_125' title='bbox 1130 1722 1229 1778; x_wconf 87' lang='lat' dir='ltr'><strong>viri</strong></span> <span class='ocrx_word' id='word_1_126' title='bbox 1251 1726 1471 1781; x_wconf 89' lang='lat' dir='ltr'><strong>vocibus</strong></span> <span class='ocrx_word' id='word_1_127' title='bbox 1500 1727 1697 1797; x_wconf 89' lang='lat' dir='ltr'><strong>gradus</strong></span> <span class='ocrx_word' id='word_1_128' title='bbox 1727 1730 1915 1786; x_wconf 92' lang='lat' dir='ltr'><strong>dicun-</strong></span> 
     </span>
    </p>
   </div>
   <div class='ocr_carea' id='block_1_18' title="bbox 334 1807 1924 1891">
    <p class='ocr_par' dir='ltr' id='par_1_18' title="bbox 334 1807 1924 1891">
     <span class='ocr_line' id='line_1_18' title="bbox 334 1807 1924 1891; baseline 0.013 -30"><span class='ocrx_word' id='word_1_129' title='bbox 334 1813 440 1861; x_wconf 90' lang='lat' dir='ltr'><strong>tur.</strong></span> <span class='ocrx_word' id='word_1_130' title='bbox 464 1807 683 1864; x_wconf 84' lang='lat' dir='ltr'><strong>Electus</strong></span> <span class='ocrx_word' id='word_1_131' title='bbox 729 1811 929 1869; x_wconf 89' lang='lat' dir='ltr'><strong>etenim</strong></span> <span class='ocrx_word' id='word_1_132' title='bbox 978 1814 1205 1887; x_wconf 89' lang='lat' dir='ltr'><strong>quisque</strong></span> <span class='ocrx_word' id='word_1_133' title='bbox 1234 1833 1262 1872; x_wconf 91' lang='lat' dir='ltr'><strong>a</strong></span> <span class='ocrx_word' id='word_1_134' title='bbox 1293 1818 1590 1876; x_wconf 87' lang='lat' dir='ltr'><strong>rudimeuti</strong></span> <span class='ocrx_word' id='word_1_135' title='bbox 1644 1822 1729 1876; x_wconf 90' lang='lat' dir='ltr'><strong>sui</strong></span> <span class='ocrx_word' id='word_1_136' title='bbox 1773 1823 1924 1891; x_wconf 89' lang='lat' dir='ltr'><strong>prius</strong></span> 
     </span>
    </p>
   </div>
   <div class='ocr_carea' id='block_1_19' title="bbox 1993 598 3616 689">
    <p class='ocr_par' dir='ltr' id='par_1_19' title="bbox 1993 598 3616 689">
     <span class='ocr_line' id='line_1_19' title="bbox 1993 598 3616 689; baseline 0.013 -31"><span class='ocrx_word' id='word_1_137' title='bbox 1993 598 2002 613; x_wconf 84' lang='grc'><em>’</em></span> <span class='ocrx_word' id='word_1_138' title='bbox 2025 608 2188 681; x_wconf 77' lang='lat' dir='ltr'><strong>tetigit</strong></span> <span class='ocrx_word' id='word_1_139' title='bbox 2213 624 2308 672; x_wconf 89' lang='lat' dir='ltr'><strong>me,</strong></span> <span class='ocrx_word' id='word_1_140' title='bbox 2336 620 2384 663; x_wconf 89' lang='lat' dir='ltr'><strong>et</strong></span> <span class='ocrx_word' id='word_1_141' title='bbox 2416 611 2678 687; x_wconf 70' lang='lat' dir='ltr'><strong>erexitmte</strong></span> <span class='ocrx_word' id='word_1_142' title='bbox 2699 629 2853 684; x_wconf 84' lang='lat' dir='ltr'><strong>super</strong></span> <span class='ocrx_word' id='word_1_143' title='bbox 2877 631 3041 687; x_wconf 86' lang='lat' dir='ltr'><strong>genua</strong></span> <span class='ocrx_word' id='word_1_144' title='bbox 3068 634 3199 683; x_wconf 87' lang='lat' dir='ltr'><strong>mea,</strong></span> <span class='ocrx_word' id='word_1_145' title='bbox 3227 629 3276 673; x_wconf 88' lang='lat' dir='ltr'><strong>et</strong></span> <span class='ocrx_word' id='word_1_146' title='bbox 3302 637 3456 689; x_wconf 80' lang='lat' dir='ltr'><strong>super</strong></span> <span class='ocrx_word' id='word_1_147' title='bbox 3481 626 3616 679; x_wconf 86' lang='lat' dir='ltr'><strong>arti-</strong></span> 
     </span>
    </p>
   </div>
   <div class='ocr_carea' id='block_1_20' title="bbox 2021 700 3610 775">
    <p class='ocr_par' dir='ltr' id='par_1_20' title="bbox 2021 700 3610 775">
     <span class='ocr_line' id='line_1_20' title="bbox 2021 700 3610 775; baseline 0.013 -22"><span class='ocrx_word' id='word_1_148' title='bbox 2021 700 2163 755; x_wconf 90' lang='lat' dir='ltr'><strong>culos</strong></span> <span class='ocrx_word' id='word_1_149' title='bbox 2190 718 2433 758; x_wconf 85' lang='lat' dir='ltr'><strong>manuum</strong></span> <span class='ocrx_word' id='word_1_150' title='bbox 2462 722 2707 769; x_wconf 86' lang='lat' dir='ltr'><strong>mearum,</strong></span> <span class='ocrx_word' id='word_1_151' title='bbox 2735 717 2779 761; x_wconf 89' lang='lat' dir='ltr'><strong>et</strong></span> <span class='ocrx_word' id='word_1_152' title='bbox 2806 708 2939 762; x_wconf 76' lang='lat' dir='ltr'><strong>dixit</strong></span> <span class='ocrx_word' id='word_1_153' title='bbox 2962 710 3031 763; x_wconf 88' lang='lat' dir='ltr'><strong>ad</strong></span> <span class='ocrx_word' id='word_1_154' title='bbox 3058 727 3139 765; x_wconf 89' lang='lat' dir='ltr'><strong>me</strong></span> <span class='ocrx_word' id='word_1_155' title='bbox 3166 728 3183 765; x_wconf 88' lang='lat'><strong><em>:</em></strong></span> <span class='ocrx_word' id='word_1_156' title='bbox 3211 711 3398 770; x_wconf 78' lang='lat' dir='ltr'><strong>Daniel</strong></span> <span class='ocrx_word' id='word_1_157' title='bbox 3420 717 3495 771; x_wconf 85' lang='lat' dir='ltr'><strong>vir</strong></span> <span class='ocrx_word' id='word_1_158' title='bbox 3515 720 3610 775; x_wconf 73' lang='lat' dir='ltr'><strong>dc-</strong></span> 
     </span>
    </p>
   </div>
   <div class='ocr_carea' id='block_1_21' title="bbox 2021 793 3618 877">
    <p class='ocr_par' dir='ltr' id='par_1_21' title="bbox 2021 793 3618 877">
     <span class='ocr_line' id='line_1_21' title="bbox 2021 793 3618 877; baseline 0.012 -30"><span class='ocrx_word' id='word_1_159' title='bbox 2021 793 2345 861; x_wconf 88' lang='lat' dir='ltr'><strong>sideriorum,</strong></span> <span class='ocrx_word' id='word_1_160' title='bbox 2388 796 2614 867; x_wconf 80' lang='lat' dir='ltr'><strong>intellige</strong></span> <span class='ocrx_word' id='word_1_161' title='bbox 2652 799 2805 852; x_wconf 88' lang='lat' dir='ltr'><strong>verba</strong></span> <span class='ocrx_word' id='word_1_162' title='bbox 2858 817 2972 869; x_wconf 65' lang='lat' dir='ltr'><strong>quae</strong></span> <span class='ocrx_word' id='word_1_163' title='bbox 3017 819 3113 874; x_wconf 87' lang='lat' dir='ltr'><strong>ego</strong></span> <span class='ocrx_word' id='word_1_164' title='bbox 3162 805 3342 876; x_wconf 87' lang='lat' dir='ltr'><strong>loquor</strong></span> <span class='ocrx_word' id='word_1_165' title='bbox 3369 810 3438 862; x_wconf 89' lang='lat' dir='ltr'><strong>ad</strong></span> <span class='ocrx_word' id='word_1_166' title='bbox 3477 820 3542 877; x_wconf 87' lang='lat' dir='ltr'><strong>te,</strong></span> <span class='ocrx_word' id='word_1_167' title='bbox 3567 822 3618 867; x_wconf 88' lang='lat' dir='ltr'><strong>et</strong></span> 
     </span>
    </p>
   </div>
   <div class='ocr_carea' id='block_1_22' title="bbox 2021 887 3618 971">
    <p class='ocr_par' dir='ltr' id='par_1_22' title="bbox 2021 887 3618 971">
     <span class='ocr_line' id='line_1_22' title="bbox 2021 887 3618 971; baseline 0.014 -34"><span class='ocrx_word' id='word_1_168' title='bbox 2021 890 2100 938; x_wconf 87' lang='lat' dir='ltr'><strong>sta’</strong></span> <span class='ocrx_word' id='word_1_169' title='bbox 2120 887 2173 940; x_wconf 89' lang='lat' dir='ltr'><strong>in</strong></span> <span class='ocrx_word' id='word_1_170' title='bbox 2193 889 2357 957; x_wconf 86' lang='lat' dir='ltr'><strong>gradu</strong></span> <span class='ocrx_word' id='word_1_171' title='bbox 2385 896 2509 955; x_wconf 88' lang='lat' dir='ltr'><strong>tuo;</strong></span> <span class='ocrx_word' id='word_1_172' title='bbox 2541 906 2676 944; x_wconf 89' lang='lat' dir='ltr'><strong>nunc</strong></span> <span class='ocrx_word' id='word_1_173' title='bbox 2696 892 2829 945; x_wconf 83' lang='lat' dir='ltr'><strong>enini</strong></span> <span class='ocrx_word' id='word_1_174' title='bbox 2853 896 3035 949; x_wconf 87' lang='lat' dir='ltr'><strong>missus</strong></span> <span class='ocrx_word' id='word_1_175' title='bbox 3062 912 3173 950; x_wconf 84' lang='lat' dir='ltr'><strong>sum</strong></span> <span class='ocrx_word' id='word_1_176' title='bbox 3193 900 3262 954; x_wconf 90' lang='lat' dir='ltr'><strong>ad</strong></span> <span class='ocrx_word' id='word_1_177' title='bbox 3291 909 3359 956; x_wconf 85' lang='lat' dir='ltr'><strong>te.</strong></span> <span class='ocrx_word' id='word_1_178' title='bbox 3388 900 3618 971; x_wconf 85' lang='lat' dir='ltr'><strong>Cumque</strong></span> 
     </span>
    </p>
   </div>
   <div class='ocr_carea' id='block_1_23' title="bbox 2022 975 3618 1058">
    <p class='ocr_par' dir='ltr' id='par_1_23' title="bbox 2022 975 3618 1058">
     <span class='ocr_line' id='line_1_23' title="bbox 2022 975 3618 1058; baseline 0.015 -30"><span class='ocrx_word' id='word_1_179' title='bbox 2022 975 2235 1031; x_wconf 71' lang='lat' dir='ltr'><strong>dixisset</strong></span> <span class='ocrx_word' id='word_1_180' title='bbox 2261 980 2387 1033; x_wconf 86' lang='lat' dir='ltr'><strong>mihi</strong></span> <span class='ocrx_word' id='word_1_181' title='bbox 2423 997 2705 1036; x_wconf 81' lang='lat' dir='ltr'><strong>sermonem</strong></span> <span class='ocrx_word' id='word_1_182' title='bbox 2732 985 2909 1051; x_wconf 87' lang='lat' dir='ltr'><strong>istum,</strong></span> <span class='ocrx_word' id='word_1_183' title='bbox 2942 988 3057 1042; x_wconf 84' lang='lat' dir='ltr'><strong>steti</strong></span> <span class='ocrx_word' id='word_1_184' title='bbox 3089 994 3329 1058; x_wconf 86' lang='lat' dir='ltr'><strong>tremens,</strong></span> <span class='ocrx_word' id='word_1_185' title='bbox 3362 1003 3407 1048; x_wconf 89' lang='lat' dir='ltr'><strong>et</strong></span> <span class='ocrx_word' id='word_1_186' title='bbox 3432 997 3506 1050; x_wconf 87' lang='lat' dir='ltr'><strong>ait</strong></span> <span class='ocrx_word' id='word_1_187' title='bbox 3545 999 3618 1052; x_wconf 83' lang='lat' dir='ltr'><strong>ad</strong></span> 
     </span>
    </p>
   </div>
   <div class='ocr_carea' id='block_1_24' title="bbox 2022 1069 3617 1159">
    <p class='ocr_par' dir='ltr' id='par_1_24' title="bbox 2022 1069 3617 1159">
     <span class='ocr_line' id='line_1_24' title="bbox 2022 1069 3617 1159; baseline 0.014 -35"><span class='ocrx_word' id='word_1_188' title='bbox 2022 1087 2101 1125; x_wconf 88' lang='lat' dir='ltr'><strong>me</strong></span> <span class='ocrx_word' id='word_1_189' title='bbox 2130 1086 2149 1125; x_wconf 92' lang='lat'><strong><em>:</em></strong></span> <span class='ocrx_word' id='word_1_190' title='bbox 2179 1069 2310 1125; x_wconf 77' lang='lat' dir='ltr'><strong>Noli</strong></span> <span class='ocrx_word' id='word_1_191' title='bbox 2339 1084 2560 1129; x_wconf 83' lang='lat' dir='ltr'><strong>metuere</strong></span> <span class='ocrx_word' id='word_1_192' title='bbox 2588 1074 2754 1147; x_wconf 82' lang='lat' dir='ltr'><strong>(Dan.</strong></span> <span class='ocrx_word' id='word_1_193' title='bbox 2786 1094 2843 1145; x_wconf 82' lang='lat' dir='ltr'><strong>x,</strong></span> <span class='ocrx_word' id='word_1_194' title='bbox 2872 1077 2955 1149; x_wconf 90' lang='lat'><strong>9).</strong></span> <span class='ocrx_word' id='word_1_195' title='bbox 2985 1082 3154 1148; x_wconf 87' lang='lat' dir='ltr'><strong>Quam</strong></span> <span class='ocrx_word' id='word_1_196' title='bbox 3184 1086 3432 1143; x_wconf 84' lang='lat' dir='ltr'><strong>videlicet</strong></span> <span class='ocrx_word' id='word_1_197' title='bbox 3468 1092 3617 1159; x_wconf 87' lang='lat' dir='ltr'><strong>posi-</strong></span> 
     </span>
    </p>
   </div>
   <div class='ocr_carea' id='block_1_25' title="bbox 2025 1162 3617 1251">
    <p class='ocr_par' dir='ltr' id='par_1_25' title="bbox 2025 1162 3617 1251">
     <span class='ocr_line' id='line_1_25' title="bbox 2025 1162 3617 1251; baseline 0.014 -34"><span class='ocrx_word' id='word_1_198' title='bbox 2025 1162 2224 1219; x_wconf 85' lang='lat' dir='ltr'><strong>tionem</strong></span> <span class='ocrx_word' id='word_1_199' title='bbox 2248 1166 2329 1220; x_wconf 89' lang='lat' dir='ltr'><strong>sui</strong></span> <span class='ocrx_word' id='word_1_200' title='bbox 2352 1168 2617 1236; x_wconf 88' lang='lat' dir='ltr'><strong>corporis,</strong></span> <span class='ocrx_word' id='word_1_201' title='bbox 2648 1168 2772 1224; x_wconf 86' lang='lat' dir='ltr'><strong>dum</strong></span> <span class='ocrx_word' id='word_1_202' title='bbox 2800 1171 2963 1227; x_wconf 86' lang='lat' dir='ltr'><strong>verba</strong></span> <span class='ocrx_word' id='word_1_203' title='bbox 2989 1174 3313 1233; x_wconf 87' lang='lat' dir='ltr'><strong>intrinsecus</strong></span> <span class='ocrx_word' id='word_1_204' title='bbox 3340 1180 3617 1251; x_wconf 86' lang='lat' dir='ltr'><strong>loquentis</strong></span> 
     </span>
    </p>
   </div>
   <div class='ocr_carea' id='block_1_26' title="bbox 2023 1255 3617 1340">
    <p class='ocr_par' dir='ltr' id='par_1_26' title="bbox 2023 1255 3617 1340">
     <span class='ocr_line' id='line_1_26' title="bbox 2023 1255 3617 1340; baseline 0.014 -31"><span class='ocrx_word' id='word_1_205' title='bbox 2023 1255 2259 1323; x_wconf 85' lang='lat' dir='ltr'><strong>audiret,</strong></span> <span class='ocrx_word' id='word_1_206' title='bbox 2294 1274 2631 1329; x_wconf 85' lang='lat' dir='ltr'><strong>nequaquam</strong></span> <span class='ocrx_word' id='word_1_207' title='bbox 2664 1262 2819 1317; x_wconf 91' lang='lat' dir='ltr'><strong>nobis</strong></span> <span class='ocrx_word' id='word_1_208' title='bbox 2863 1273 3009 1319; x_wconf 88' lang='lat' dir='ltr'><strong>tanta</strong></span> <span class='ocrx_word' id='word_1_209' title='bbox 3040 1281 3167 1322; x_wconf 89' lang='lat' dir='ltr'><strong>cura</strong></span> <span class='ocrx_word' id='word_1_210' title='bbox 3192 1270 3542 1340; x_wconf 78' lang='lat' dir='ltr'><strong>exprimeret,</strong></span> <span class='ocrx_word' id='word_1_211' title='bbox 3570 1276 3617 1331; x_wconf 89' lang='lat' dir='ltr'><strong>si</strong></span> 
     </span>
    </p>
   </div>
   <div class='ocr_carea' id='block_1_27' title="bbox 2023 1348 3611 1437">
    <p class='ocr_par' dir='ltr' id='par_1_27' title="bbox 2023 1348 3611 1437">
     <span class='ocr_line' id='line_1_27' title="bbox 2023 1348 3611 1437; baseline 0.015 -39"><span class='ocrx_word' id='word_1_212' title='bbox 2023 1358 2052 1398; x_wconf 90' lang='lat' dir='ltr'><strong>a</strong></span> <span class='ocrx_word' id='word_1_213' title='bbox 2082 1348 2356 1417; x_wconf 76' lang='lat' dir='ltr'><strong>mySteriis</strong></span> <span class='ocrx_word' id='word_1_214' title='bbox 2398 1364 2593 1406; x_wconf 88' lang='lat' dir='ltr'><strong>vacare</strong></span> <span class='ocrx_word' id='word_1_215' title='bbox 2643 1354 3019 1422; x_wconf 29' lang='lat' dir='ltr'><strong>cognovisset.‘</strong></span> <span class='ocrx_word' id='word_1_216' title='bbox 3057 1357 3113 1437; x_wconf 86' lang='lat' dir='ltr'><strong>ln</strong></span> <span class='ocrx_word' id='word_1_217' title='bbox 3144 1358 3419 1430; x_wconf 87' lang='lat' dir='ltr'><strong>Scriptura</strong></span> <span class='ocrx_word' id='word_1_218' title='bbox 3462 1366 3611 1422; x_wconf 89' lang='lat' dir='ltr'><strong>enim</strong></span> 
     </span>
    </p>
   </div>
   <div class='ocr_carea' id='block_1_28' title="bbox 2022 1441 3611 1527">
    <p class='ocr_par' dir='ltr' id='par_1_28' title="bbox 2022 1441 3611 1527">
     <span class='ocr_line' id='line_1_28' title="bbox 2022 1441 3611 1527; baseline 0.014 -34"><span class='ocrx_word' id='word_1_219' title='bbox 2022 1454 2187 1495; x_wconf 83' lang='lat' dir='ltr'><strong>sacra.</strong></span> <span class='ocrx_word' id='word_1_220' title='bbox 2198 1441 2328 1511; x_wconf 89' lang='lat' dir='ltr'><strong>justi</strong></span> <span class='ocrx_word' id='word_1_221' title='bbox 2356 1443 2451 1498; x_wconf 90' lang='lat' dir='ltr'><strong>viri</strong></span> <span class='ocrx_word' id='word_1_222' title='bbox 2483 1459 2589 1500; x_wconf 91' lang='lat' dir='ltr'><strong>non</strong></span> <span class='ocrx_word' id='word_1_223' title='bbox 2617 1446 2789 1502; x_wconf 90' lang='lat' dir='ltr'><strong>solum</strong></span> <span class='ocrx_word' id='word_1_224' title='bbox 2822 1449 2964 1518; x_wconf 91' lang='lat' dir='ltr'><strong>quod</strong></span> <span class='ocrx_word' id='word_1_225' title='bbox 2986 1449 3171 1527; x_wconf 86' lang='lat' dir='ltr'><strong>dicunt</strong></span> <span class='ocrx_word' id='word_1_226' title='bbox 3202 1455 3479 1524; x_wconf 88' lang='lat' dir='ltr'><strong>prophetia</strong></span> <span class='ocrx_word' id='word_1_227' title='bbox 3506 1470 3611 1527; x_wconf 85' lang='lat' dir='ltr'><strong>est,</strong></span> 
     </span>
    </p>
   </div>
   <div class='ocr_carea' id='block_1_29' title="bbox 2024 1526 3617 1619">
    <p class='ocr_par' dir='ltr' id='par_1_29' title="bbox 2024 1526 3617 1619">
     <span class='ocr_line' id='line_1_29' title="bbox 2024 1526 3617 1619; baseline 0.012 -30"><span class='ocrx_word' id='word_1_228' title='bbox 2024 1535 2118 1590; x_wconf 90' lang='lat' dir='ltr'><strong>sed</strong></span> <span class='ocrx_word' id='word_1_229' title='bbox 2141 1537 2302 1592; x_wconf 88' lang='lat' dir='ltr'><strong>etiam</strong></span> <span class='ocrx_word' id='word_1_230' title='bbox 2335 1539 2655 1611; x_wconf 88' lang='lat' dir='ltr'><strong>plerumque</strong></span> <span class='ocrx_word' id='word_1_231' title='bbox 2682 1541 2825 1611; x_wconf 91' lang='lat' dir='ltr'><strong>quod</strong></span> <span class='ocrx_word' id='word_1_232' title='bbox 2852 1526 3035 1614; x_wconf 57' lang='lat' dir='ltr'><strong>agunt:</strong></span> <span class='ocrx_word' id='word_1_233' title='bbox 3068 1544 3163 1601; x_wconf 81' lang='lat' dir='ltr'><strong>Vir</strong></span> <span class='ocrx_word' id='word_1_234' title='bbox 3192 1547 3371 1619; x_wconf 87' lang='lat' dir='ltr'><strong>itaque</strong></span> <span class='ocrx_word' id='word_1_235' title='bbox 3397 1562 3617 1608; x_wconf 85' lang='lat' dir='ltr'><strong>sanctus</strong></span> 
     </span>
    </p>
   </div>
   <div class='ocr_carea' id='block_1_30' title="bbox 2024 1628 3705 1715">
    <p class='ocr_par' dir='ltr' id='par_1_30' title="bbox 2024 1628 3705 1715">
     <span class='ocr_line' id='line_1_30' title="bbox 2024 1628 3705 1715; baseline 0.014 -32"><span class='ocrx_word' id='word_1_236' title='bbox 2024 1628 2247 1685; x_wconf 92' lang='lat' dir='ltr'><strong>internis</strong></span> <span class='ocrx_word' id='word_1_237' title='bbox 2274 1633 2541 1702; x_wconf 84' lang='lat' dir='ltr'><strong>mysteriis</strong></span> <span class='ocrx_word' id='word_1_238' title='bbox 2566 1633 2754 1702; x_wconf 89' lang='lat' dir='ltr'><strong>plenus</strong></span> <span class='ocrx_word' id='word_1_239' title='bbox 2782 1651 2880 1707; x_wconf 89' lang='lat' dir='ltr'><strong>per</strong></span> <span class='ocrx_word' id='word_1_240' title='bbox 2911 1638 3234 1706; x_wconf 87' lang='lat' dir='ltr'><strong>positionem</strong></span> <span class='ocrx_word' id='word_1_241' title='bbox 3256 1659 3469 1715; x_wconf 90' lang='lat' dir='ltr'><strong>quoque</strong></span> <span class='ocrx_word' id='word_1_242' title='bbox 3494 1662 3618 1702; x_wconf 87' lang='lat' dir='ltr'><strong>cor-</strong></span> <span class='ocrx_word' id='word_1_243' title='bbox 3698 1687 3705 1707; x_wconf 69' lang='grc' dir='ltr'><em>τ</em></span> 
     </span>
    </p>
   </div>
   <div class='ocr_carea' id='block_1_31' title="bbox 2026 1720 3711 1809">
    <p class='ocr_par' dir='ltr' id='par_1_31' title="bbox 2026 1720 3711 1809">
     <span class='ocr_line' id='line_1_31' title="bbox 2026 1720 3711 1809; baseline 0.012 -34"><span class='ocrx_word' id='word_1_244' title='bbox 2026 1721 2169 1790; x_wconf 90' lang='lat' dir='ltr'><strong>poris</strong></span> <span class='ocrx_word' id='word_1_245' title='bbox 2216 1724 2469 1793; x_wconf 82' lang='lat' dir='ltr'><strong>exprimit</strong></span> <span class='ocrx_word' id='word_1_246' title='bbox 2498 1727 2749 1782; x_wconf 83' lang='lat' dir='ltr'><strong>virtutem</strong></span> <span class='ocrx_word' id='word_1_247' title='bbox 2784 1720 2969 1798; x_wconf 82' lang='lat' dir='ltr'><strong>vocis,</strong></span> <span class='ocrx_word' id='word_1_248' title='bbox 2998 1740 3053 1787; x_wconf 93' lang='lat' dir='ltr'><strong>et</strong></span> <span class='ocrx_word' id='word_1_249' title='bbox 3083 1748 3177 1801; x_wconf 91' lang='lat' dir='ltr'><strong>per</strong></span> <span class='ocrx_word' id='word_1_250' title='bbox 3208 1734 3309 1790; x_wconf 88' lang='lat' dir='ltr'><strong>hoc</strong></span> <span class='ocrx_word' id='word_1_251' title='bbox 3336 1739 3477 1807; x_wconf 86' lang='lat' dir='ltr'><strong>quod</strong></span> <span class='ocrx_word' id='word_1_252' title='bbox 3511 1741 3618 1809; x_wconf 90' lang='lat' dir='ltr'><strong>pri-</strong></span> <span class='ocrx_word' id='word_1_253' title='bbox 3688 1732 3711 1795; x_wconf 56' lang='grc' dir='ltr'>ἲ</span> 
     </span>
    </p>
   </div>
   <div class='ocr_carea' id='block_1_32' title="bbox 2024 1816 3617 1901">
    <p class='ocr_par' dir='ltr' id='par_1_32' title="bbox 2024 1816 3617 1901">
     <span class='ocr_line' id='line_1_32' title="bbox 2024 1816 3617 1901; baseline 0.013 -34"><span class='ocrx_word' id='word_1_254' title='bbox 2024 1829 2170 1869; x_wconf 91' lang='lat' dir='ltr'><strong>mum</strong></span> <span class='ocrx_word' id='word_1_255' title='bbox 2216 1816 2271 1869; x_wconf 91' lang='lat' dir='ltr'><strong>in</strong></span> <span class='ocrx_word' id='word_1_256' title='bbox 2320 1827 2457 1871; x_wconf 89' lang='lat' dir='ltr'><strong>terra</strong></span> <span class='ocrx_word' id='word_1_257' title='bbox 2510 1828 2810 1887; x_wconf 85' lang='lat' dir='ltr'><strong>prostratus</strong></span> <span class='ocrx_word' id='word_1_258' title='bbox 2854 1823 3045 1891; x_wconf 87' lang='lat' dir='ltr'><strong>jacuit,</strong></span> <span class='ocrx_word' id='word_1_259' title='bbox 3078 1841 3174 1895; x_wconf 90' lang='lat' dir='ltr'><strong>per</strong></span> <span class='ocrx_word' id='word_1_260' title='bbox 3227 1828 3329 1884; x_wconf 91' lang='lat' dir='ltr'><strong>hoc</strong></span> <span class='ocrx_word' id='word_1_261' title='bbox 3369 1832 3510 1901; x_wconf 89' lang='lat' dir='ltr'><strong>quod</strong></span> <span class='ocrx_word' id='word_1_262' title='bbox 3557 1848 3617 1889; x_wconf 87' lang='lat' dir='ltr'><strong>se</strong></span> 
     </span>
    </p>
   </div>
   <div class='ocr_carea' id='block_1_33' title="bbox 334 1902 1921 1992">
    <p class='ocr_par' dir='ltr' id='par_1_33' title="bbox 334 1902 1920 1980">
     <span class='ocr_line' id='line_1_33' title="bbox 334 1902 1920 1980; baseline 0.011 -26"><span class='ocrx_word' id='word_1_263' title='bbox 334 1902 692 1960; x_wconf 87' lang='lat' dir='ltr'><strong>teneritudine</strong></span> <span class='ocrx_word' id='word_1_264' title='bbox 716 1902 954 1974; x_wconf 86' lang='lat' dir='ltr'><strong>inchoat,</strong></span> <span class='ocrx_word' id='word_1_265' title='bbox 983 1908 1051 1963; x_wconf 89' lang='lat' dir='ltr'><strong>ad</strong></span> <span class='ocrx_word' id='word_1_266' title='bbox 1076 1910 1295 1965; x_wconf 87' lang='lat' dir='ltr'><strong>robusta</strong></span> <span class='ocrx_word' id='word_1_267' title='bbox 1319 1913 1658 1980; x_wconf 87' lang='lat' dir='ltr'><strong>postmodum</strong></span> <span class='ocrx_word' id='word_1_268' title='bbox 1686 1925 1739 1970; x_wconf 89' lang='lat' dir='ltr'><strong>et</strong></span> <span class='ocrx_word' id='word_1_269' title='bbox 1762 1914 1920 1972; x_wconf 86' lang='lat' dir='ltr'><strong>fortia</strong></span> 
     </span>
    </p>
   </div>
   <div class='ocr_carea' id='block_1_34' title="bbox 2024 1902 3617 1992">
    <p class='ocr_par' dir='ltr' id='par_1_34' title="bbox 2027 1906 3617 1992">
     <span class='ocr_line' id='line_1_34' title="bbox 2027 1906 3617 1992; baseline 0.013 -34"><span class='ocrx_word' id='word_1_270' title='bbox 2027 1906 2366 1974; x_wconf 84' lang='lat' dir='ltr'><strong>postmodum</strong></span> <span class='ocrx_word' id='word_1_271' title='bbox 2390 1909 2442 1963; x_wconf 93' lang='lat' dir='ltr'><strong>in</strong></span> <span class='ocrx_word' id='word_1_272' title='bbox 2468 1924 2717 1965; x_wconf 82' lang='lat' dir='ltr'><strong>manuum</strong></span> <span class='ocrx_word' id='word_1_273' title='bbox 2742 1926 2958 1970; x_wconf 87' lang='lat' dir='ltr'><strong>suarum</strong></span> <span class='ocrx_word' id='word_1_274' title='bbox 2981 1916 3219 1974; x_wconf 88' lang='lat' dir='ltr'><strong>articulis</strong></span> <span class='ocrx_word' id='word_1_275' title='bbox 3236 1930 3289 1975; x_wconf 91' lang='lat' dir='ltr'><strong>et</strong></span> <span class='ocrx_word' id='word_1_276' title='bbox 3314 1922 3364 1975; x_wconf 91' lang='lat' dir='ltr'><strong>in</strong></span> <span class='ocrx_word' id='word_1_277' title='bbox 3387 1925 3617 1992; x_wconf 76' lang='lat' dir='ltr'><strong>genibus</strong></span> 
     </span>
    </p>
   </div>
   <div class='ocr_carea' id='block_1_35' title="bbox 333 1993 1926 2074">
    <p class='ocr_par' dir='ltr' id='par_1_35' title="bbox 333 1993 1926 2074">
     <span class='ocr_line' id='line_1_35' title="bbox 333 1993 1926 2074; baseline 0.011 -28"><span class='ocrx_word' id='word_1_278' title='bbox 333 1993 685 2049; x_wconf 88' lang='lat' dir='ltr'><strong>convalescit.</strong></span> <span class='ocrx_word' id='word_1_279' title='bbox 733 1995 887 2065; x_wconf 77' lang='lat' dir='ltr'><strong>Quod</strong></span> <span class='ocrx_word' id='word_1_280' title='bbox 936 2008 1122 2068; x_wconf 84' lang='lat' dir='ltr'><strong>aperte</strong></span> <span class='ocrx_word' id='word_1_281' title='bbox 1170 2000 1224 2056; x_wconf 91' lang='lat' dir='ltr'><strong>in</strong></span> <span class='ocrx_word' id='word_1_282' title='bbox 1264 2002 1555 2074; x_wconf 83' lang='lat' dir='ltr'><strong>Evangelio</strong></span> <span class='ocrx_word' id='word_1_283' title='bbox 1584 2005 1926 2064; x_wconf 85' lang='lat' dir='ltr'><strong>demonstrat</strong></span> 
     </span>
    </p>
   </div>
   <div class='ocr_carea' id='block_1_36' title="bbox 334 2084 1921 2168">
    <p class='ocr_par' dir='ltr' id='par_1_36' title="bbox 334 2084 1921 2168">
     <span class='ocr_line' id='line_1_36' title="bbox 334 2084 1921 2168; baseline 0.009 -29"><span class='ocrx_word' id='word_1_284' title='bbox 334 2084 563 2153; x_wconf 77' lang='lat' dir='ltr'><strong>Veritas,</strong></span> <span class='ocrx_word' id='word_1_285' title='bbox 591 2087 818 2144; x_wconf 90' lang='lat' dir='ltr'><strong>dicens:</strong></span> <span class='ocrx_word' id='word_1_286' title='bbox 849 2089 940 2145; x_wconf 87' lang='lat' dir='ltr'><strong>Sic</strong></span> <span class='ocrx_word' id='word_1_287' title='bbox 968 2092 1128 2166; x_wconf 72' lang='lat'><strong>721</strong></span> <span class='ocrx_word' id='word_1_288' title='bbox 1161 2103 1236 2148; x_wconf 89' lang='lat' dir='ltr'><strong>est</strong></span> <span class='ocrx_word' id='word_1_289' title='bbox 1266 2111 1479 2167; x_wconf 84' lang='lat' dir='ltr'><strong>regnum</strong></span> <span class='ocrx_word' id='word_1_290' title='bbox 1512 2095 1609 2150; x_wconf 88' lang='lat' dir='ltr'><strong>Dei</strong></span> <span class='ocrx_word' id='word_1_291' title='bbox 1626 2130 1640 2164; x_wconf 92' lang='lat'><strong>,-</strong></span> <span class='ocrx_word' id='word_1_292' title='bbox 1673 2100 1921 2168; x_wconf 85' lang='lat' dir='ltr'><strong>quemad-</strong></span> 
     </span>
    </p>
   </div>
   <div class='ocr_carea' id='block_1_37' title="bbox 333 2178 1919 2261">
    <p class='ocr_par' dir='ltr' id='par_1_37' title="bbox 333 2178 1919 2261">
     <span class='ocr_line' id='line_1_37' title="bbox 333 2178 1919 2261; baseline 0.012 -32"><span class='ocrx_word' id='word_1_293' title='bbox 333 2178 542 2232; x_wconf 80' lang='lat' dir='ltr'><strong>modum</strong></span> <span class='ocrx_word' id='word_1_294' title='bbox 565 2180 611 2233; x_wconf 89' lang='lat' dir='ltr'><strong>si</strong></span> <span class='ocrx_word' id='word_1_295' title='bbox 628 2180 790 2251; x_wconf 85' lang='lat' dir='ltr'><strong>jaciat</strong></span> <span class='ocrx_word' id='word_1_296' title='bbox 814 2182 967 2238; x_wconf 75' lang='lat' dir='ltr'><strong>homo</strong></span> <span class='ocrx_word' id='word_1_297' title='bbox 993 2194 1268 2240; x_wconf 78' lang='lat' dir='ltr'><strong>sementem</strong></span> <span class='ocrx_word' id='word_1_298' title='bbox 1287 2187 1342 2241; x_wconf 90' lang='lat' dir='ltr'><strong>in</strong></span> <span class='ocrx_word' id='word_1_299' title='bbox 1368 2200 1579 2257; x_wconf 85' lang='lat' dir='ltr'><strong>terram,</strong></span> <span class='ocrx_word' id='word_1_300' title='bbox 1609 2200 1656 2245; x_wconf 89' lang='lat' dir='ltr'><strong>et</strong></span> <span class='ocrx_word' id='word_1_301' title='bbox 1676 2192 1919 2261; x_wconf 86' lang='lat' dir='ltr'><strong>dormiat,</strong></span> 
     </span>
    </p>
   </div>
   <div class='ocr_carea' id='block_1_38' title="bbox 332 2278 1923 2353">
    <p class='ocr_par' dir='ltr' id='par_1_38' title="bbox 332 2278 1923 2353">
     <span class='ocr_line' id='line_1_38' title="bbox 332 2278 1923 2353; baseline 0.011 -29"><span class='ocrx_word' id='word_1_302' title='bbox 332 2279 381 2324; x_wconf 86' lang='lat' dir='ltr'><strong>et</strong></span> <span class='ocrx_word' id='word_1_303' title='bbox 398 2283 639 2344; x_wconf 71' lang='lat' dir='ltr'><strong>exsurgat</strong></span> <span class='ocrx_word' id='word_1_304' title='bbox 670 2283 814 2329; x_wconf 88' lang='lat' dir='ltr'><strong>nocte</strong></span> <span class='ocrx_word' id='word_1_305' title='bbox 841 2294 905 2330; x_wconf 90' lang='lat' dir='ltr'><strong>ac</strong></span> <span class='ocrx_word' id='word_1_306' title='bbox 933 2278 1045 2347; x_wconf 88' lang='lat' dir='ltr'><strong>die,</strong></span> <span class='ocrx_word' id='word_1_307' title='bbox 1070 2290 1119 2333; x_wconf 89' lang='lat' dir='ltr'><strong>et</strong></span> <span class='ocrx_word' id='word_1_308' title='bbox 1147 2296 1319 2334; x_wconf 84' lang='lat' dir='ltr'><strong>semen</strong></span> <span class='ocrx_word' id='word_1_309' title='bbox 1358 2284 1605 2353; x_wconf 84' lang='lat' dir='ltr'><strong>germinet</strong></span> <span class='ocrx_word' id='word_1_310' title='bbox 1626 2327 1642 2352; x_wconf 91' lang='lat'><strong>,</strong></span> <span class='ocrx_word' id='word_1_311' title='bbox 1674 2295 1723 2340; x_wconf 87' lang='lat' dir='ltr'><strong>et</strong></span> <span class='ocrx_word' id='word_1_312' title='bbox 1752 2287 1923 2341; x_wconf 83' lang='lat' dir='ltr'><strong>incre-</strong></span> 
     </span>
    </p>
   </div>
   <div class='ocr_carea' id='block_1_39' title="bbox 332 2366 1920 2445">
    <p class='ocr_par' dir='ltr' id='par_1_39' title="bbox 332 2366 1920 2445">
     <span class='ocr_line' id='line_1_39' title="bbox 332 2366 1920 2445; baseline 0.012 -28"><span class='ocrx_word' id='word_1_313' title='bbox 332 2372 464 2431; x_wconf 81' lang='lat' dir='ltr'><strong>scat,</strong></span> <span class='ocrx_word' id='word_1_314' title='bbox 497 2366 617 2418; x_wconf 86' lang='lat' dir='ltr'><strong>dum</strong></span> <span class='ocrx_word' id='word_1_315' title='bbox 664 2369 824 2421; x_wconf 83' lang='lat' dir='ltr'><strong>nescit</strong></span> <span class='ocrx_word' id='word_1_316' title='bbox 864 2366 955 2423; x_wconf 89' lang='lat' dir='ltr'><strong>ille</strong></span> <span class='ocrx_word' id='word_1_317' title='bbox 984 2368 1176 2441; x_wconf 81' lang='lat' dir='ltr'><strong>(Marc.</strong></span> <span class='ocrx_word' id='word_1_318' title='bbox 1205 2387 1276 2439; x_wconf 88' lang='lat' dir='ltr'><strong>tv,</strong></span> <span class='ocrx_word' id='word_1_319' title='bbox 1302 2372 1419 2444; x_wconf 75' lang='lat'><strong>9.6).</strong></span> <span class='ocrx_word' id='word_1_320' title='bbox 1463 2373 1630 2445; x_wconf 88' lang='lat' dir='ltr'><strong>Cujus</strong></span> <span class='ocrx_word' id='word_1_321' title='bbox 1668 2377 1920 2437; x_wconf 87' lang='lat' dir='ltr'><strong>nimirum</strong></span> 
     </span>
    </p>
   </div>
   <div class='ocr_carea' id='block_1_40' title="bbox 332 2459 1921 2541">
    <p class='ocr_par' dir='ltr' id='par_1_40' title="bbox 332 2459 1921 2541">
     <span class='ocr_line' id='line_1_40' title="bbox 332 2459 1921 2541; baseline 0.01 -29"><span class='ocrx_word' id='word_1_322' title='bbox 332 2459 554 2514; x_wconf 87' lang='lat' dir='ltr'><strong>seminis</strong></span> <span class='ocrx_word' id='word_1_323' title='bbox 575 2460 907 2519; x_wconf 89' lang='lat' dir='ltr'><strong>incrementa</strong></span> <span class='ocrx_word' id='word_1_324' title='bbox 930 2465 1273 2534; x_wconf 86' lang='lat' dir='ltr'><strong>denuntians,</strong></span> <span class='ocrx_word' id='word_1_325' title='bbox 1293 2468 1539 2541; x_wconf 83' lang='lat' dir='ltr'><strong>adjungit</strong></span> <span class='ocrx_word' id='word_1_326' title='bbox 1563 2491 1577 2527; x_wconf 89' lang='lat'>:</span> <span class='ocrx_word' id='word_1_327' title='bbox 1612 2472 1762 2528; x_wconf 88' lang='lat' dir='ltr'><strong>Ultro</strong></span> <span class='ocrx_word' id='word_1_328' title='bbox 1785 2475 1921 2529; x_wconf 88' lang='lat' dir='ltr'><strong>enim</strong></span> 
     </span>
    </p>
   </div>
   <div class='ocr_carea' id='block_1_41' title="bbox 333 2555 1915 2637">
    <p class='ocr_par' dir='ltr' id='par_1_41' title="bbox 333 2555 1915 2637">
     <span class='ocr_line' id='line_1_41' title="bbox 333 2555 1915 2637; baseline 0.012 -33"><span class='ocrx_word' id='word_1_329' title='bbox 333 2560 470 2606; x_wconf 83' lang='lat' dir='ltr'><strong>terra</strong></span> <span class='ocrx_word' id='word_1_330' title='bbox 516 2555 829 2626; x_wconf 80' lang='lat' dir='ltr'><strong>fructi/icat,</strong></span> <span class='ocrx_word' id='word_1_331' title='bbox 878 2560 1103 2630; x_wconf 87' lang='lat' dir='ltr'><strong>primum</strong></span> <span class='ocrx_word' id='word_1_332' title='bbox 1148 2562 1392 2631; x_wconf 82' lang='lat' dir='ltr'><strong>herbam,</strong></span> <span class='ocrx_word' id='word_1_333' title='bbox 1423 2564 1609 2620; x_wconf 87' lang='lat' dir='ltr'><strong>deinde</strong></span> <span class='ocrx_word' id='word_1_334' title='bbox 1636 2575 1664 2604; x_wconf 75' lang='grc' dir='ltr'>ι</span> <span class='ocrx_word' id='word_1_335' title='bbox 1692 2570 1915 2637; x_wconf 81' lang='lat' dir='ltr'><strong>spicam,</strong></span> 
     </span>
    </p>
   </div>
   <div class='ocr_carea' id='block_1_42' title="bbox 332 2642 1922 2727">
    <p class='ocr_par' dir='ltr' id='par_1_42' title="bbox 332 2642 1922 2727">
     <span class='ocr_line' id='line_1_42' title="bbox 332 2642 1922 2727; baseline 0.013 -31"><span class='ocrx_word' id='word_1_336' title='bbox 332 2642 520 2697; x_wconf 86' lang='lat' dir='ltr'><strong>deinde</strong></span> <span class='ocrx_word' id='word_1_337' title='bbox 558 2647 768 2715; x_wconf 86' lang='lat' dir='ltr'><strong>plenum</strong></span> <span class='ocrx_word' id='word_1_338' title='bbox 812 2650 1129 2721; x_wconf 80' lang='lat' dir='ltr'><strong>frumentum</strong></span> <span class='ocrx_word' id='word_1_339' title='bbox 1169 2654 1222 2708; x_wconf 89' lang='lat' dir='ltr'><strong>in</strong></span> <span class='ocrx_word' id='word_1_340' title='bbox 1262 2655 1426 2727; x_wconf 83' lang='lat' dir='ltr'><strong>spica.</strong></span> <span class='ocrx_word' id='word_1_341' title='bbox 1457 2654 1622 2727; x_wconf 87' lang='lat' dir='ltr'><strong>Cujus</strong></span> <span class='ocrx_word' id='word_1_342' title='bbox 1650 2658 1922 2727; x_wconf 84' lang='lat' dir='ltr'><strong>profectus</strong></span> 
     </span>
    </p>
   </div>
   <div class='ocr_carea' id='block_1_43' title="bbox 332 2738 1925 2816">
    <p class='ocr_par' dir='ltr' id='par_1_43' title="bbox 332 2738 1925 2816">
     <span class='ocr_line' id='line_1_43' title="bbox 332 2738 1925 2816; baseline 0.012 -28"><span class='ocrx_word' id='word_1_343' title='bbox 332 2749 546 2806; x_wconf 87' lang='lat' dir='ltr'><strong>quoque</strong></span> <span class='ocrx_word' id='word_1_344' title='bbox 573 2738 732 2793; x_wconf 89' lang='lat' dir='ltr'><strong>etiam</strong></span> <span class='ocrx_word' id='word_1_345' title='bbox 779 2741 939 2797; x_wconf 83' lang='lat' dir='ltr'><strong>linem</strong></span> <span class='ocrx_word' id='word_1_346' title='bbox 988 2744 1246 2814; x_wconf 86' lang='lat' dir='ltr'><strong>subrogat</strong></span> <span class='ocrx_word' id='word_1_347' title='bbox 1268 2790 1283 2816; x_wconf 88' lang='lat'><strong>,</strong></span> <span class='ocrx_word' id='word_1_348' title='bbox 1317 2746 1501 2802; x_wconf 88' lang='lat' dir='ltr'><strong>dicens</strong></span> <span class='ocrx_word' id='word_1_349' title='bbox 1534 2766 1547 2802; x_wconf 88' lang='lat'><strong>:</strong></span> <span class='ocrx_word' id='word_1_350' title='bbox 1583 2749 1649 2804; x_wconf 84' lang='lat' dir='ltr'><strong>Et</strong></span> <span class='ocrx_word' id='word_1_351' title='bbox 1673 2748 1700 2787; x_wconf 70' lang='grc' dir='ltr'>δ</span> <span class='ocrx_word' id='word_1_352' title='bbox 1723 2768 1839 2806; x_wconf 90' lang='lat' dir='ltr'><strong>cum</strong></span> <span class='ocrx_word' id='word_1_353' title='bbox 1860 2769 1925 2809; x_wconf 75' lang='lat' dir='ltr'><strong>ea:</strong></span> 
     </span>
    </p>
   </div>
   <div class='ocr_carea' id='block_1_44' title="bbox 333 2832 1921 2914">
    <p class='ocr_par' dir='ltr' id='par_1_44' title="bbox 333 2832 1921 2914">
     <span class='ocr_line' id='line_1_44' title="bbox 333 2832 1921 2914; baseline 0.011 -33"><span class='ocrx_word' id='word_1_354' title='bbox 333 2843 388 2882; x_wconf 85' lang='lat' dir='ltr'><strong>se</strong></span> <span class='ocrx_word' id='word_1_355' title='bbox 427 2832 726 2900; x_wconf 69' lang='lat' dir='ltr'><strong>produxerit</strong></span> <span class='ocrx_word' id='word_1_356' title='bbox 772 2838 1004 2905; x_wconf 81' lang='lat' dir='ltr'><strong>fructus,</strong></span> <span class='ocrx_word' id='word_1_357' title='bbox 1046 2839 1216 2892; x_wconf 88' lang='lat' dir='ltr'><strong>statim</strong></span> <span class='ocrx_word' id='word_1_358' title='bbox 1248 2841 1403 2893; x_wconf 86' lang='lat' dir='ltr'><strong>mittit</strong></span> <span class='ocrx_word' id='word_1_359' title='bbox 1432 2842 1651 2911; x_wconf 79' lang='lat' dir='ltr'><strong>falcem,</strong></span> <span class='ocrx_word' id='word_1_360' title='bbox 1680 2845 1921 2914; x_wconf 84' lang='lat' dir='ltr'><strong>quoniam</strong></span> 
     </span>
    </p>
   </div>
   <div class='ocr_carea' id='block_1_45' title="bbox 236 2920 1923 3001">
    <p class='ocr_par' dir='ltr' id='par_1_45' title="bbox 236 2920 1923 3001">
     <span class='ocr_line' id='line_1_45' title="bbox 236 2920 1923 3001; baseline 0.012 -32"><span class='ocrx_word' id='word_1_361' title='bbox 236 2964 245 2969; x_wconf 81' lang='lat'><strong>-</strong></span> <span class='ocrx_word' id='word_1_362' title='bbox 334 2920 468 2973; x_wconf 72' lang='lat' dir='ltr'><strong>venit</strong></span> <span class='ocrx_word' id='word_1_363' title='bbox 490 2930 685 2993; x_wconf 87' lang='lat' dir='ltr'><strong>tempus</strong></span> <span class='ocrx_word' id='word_1_364' title='bbox 709 2926 901 2980; x_wconf 82' lang='lat' dir='ltr'><strong>messis.</strong></span> <span class='ocrx_word' id='word_1_365' title='bbox 927 2926 1066 2982; x_wconf 85' lang='lat' dir='ltr'><strong>Ecce</strong></span> <span class='ocrx_word' id='word_1_366' title='bbox 1092 2929 1340 2984; x_wconf 86' lang='lat' dir='ltr'><strong>Veritatis</strong></span> <span class='ocrx_word' id='word_1_367' title='bbox 1364 2945 1494 2985; x_wconf 88' lang='lat' dir='ltr'><strong>voce</strong></span> <span class='ocrx_word' id='word_1_368' title='bbox 1521 2947 1615 3000; x_wconf 89' lang='lat' dir='ltr'><strong>per</strong></span> <span class='ocrx_word' id='word_1_369' title='bbox 1636 2933 1923 3001; x_wconf 82' lang='lat' dir='ltr'><strong>qualitates</strong></span> 
     </span>
    </p>
   </div>
   <div class='ocr_carea' id='block_1_46' title="bbox 335 3008 1924 3086">
    <p class='ocr_par' dir='ltr' id='par_1_46' title="bbox 335 3008 1924 3086">
     <span class='ocr_line' id='line_1_46' title="bbox 335 3008 1924 3086; baseline 0.015 -24"><span class='ocrx_word' id='word_1_370' title='bbox 335 3008 545 3081; x_wconf 87' lang='lat' dir='ltr'><strong>frugum</strong></span> <span class='ocrx_word' id='word_1_371' title='bbox 588 3014 839 3071; x_wconf 89' lang='lat' dir='ltr'><strong>distincta</strong></span> <span class='ocrx_word' id='word_1_372' title='bbox 886 3025 1011 3072; x_wconf 87' lang='lat' dir='ltr'><strong>sunt</strong></span> <span class='ocrx_word' id='word_1_373' title='bbox 1057 3017 1386 3080; x_wconf 82' lang='lat' dir='ltr'><strong>incrementa</strong></span> <span class='ocrx_word' id='word_1_374' title='bbox 1444 3024 1778 3085; x_wconf 83' lang='lat' dir='ltr'><strong>meriturum.</strong></span> <span class='ocrx_word' id='word_1_375' title='bbox 1833 3028 1924 3086; x_wconf 81' lang='lat' dir='ltr'><strong>Ait</strong></span> 
     </span>
    </p>
   </div>
   <div class='ocr_carea' id='block_1_47' title="bbox 334 3104 1922 3197">
    <p class='ocr_par' dir='ltr' id='par_1_47' title="bbox 334 3104 1922 3197">
     <span class='ocr_line' id='line_1_47' title="bbox 334 3104 1922 3197; baseline 0.013 -37"><span class='ocrx_word' id='word_1_376' title='bbox 334 3106 511 3160; x_wconf 80' lang='lat' dir='ltr'><strong>enim:</strong></span> <span class='ocrx_word' id='word_1_377' title='bbox 537 3104 774 3163; x_wconf 82' lang='lat' dir='ltr'><strong>Primum</strong></span> <span class='ocrx_word' id='word_1_378' title='bbox 794 3110 1022 3183; x_wconf 79' lang='lat' dir='ltr'><strong>herbam,</strong></span> <span class='ocrx_word' id='word_1_379' title='bbox 1053 3114 1237 3172; x_wconf 86' lang='lat' dir='ltr'><strong>deinde</strong></span> <span class='ocrx_word' id='word_1_380' title='bbox 1262 3121 1478 3191; x_wconf 85' lang='lat' dir='ltr'><strong>spicam,</strong></span> <span class='ocrx_word' id='word_1_381' title='bbox 1504 3123 1689 3177; x_wconf 84' lang='lat' dir='ltr'><strong>deinde</strong></span> <span class='ocrx_word' id='word_1_382' title='bbox 1712 3125 1922 3197; x_wconf 85' lang='lat' dir='ltr'><strong>plenum</strong></span> 
     </span>
    </p>
   </div>
   <div class='ocr_carea' id='block_1_48' title="bbox 335 3201 1923 3277">
    <p class='ocr_par' dir='ltr' id='par_1_48' title="bbox 335 3201 1923 3277">
     <span class='ocr_line' id='line_1_48' title="bbox 335 3201 1923 3277; baseline 0.014 -25"><span class='ocrx_word' id='word_1_383' title='bbox 335 3201 645 3268; x_wconf 71' lang='lat' dir='ltr'><strong>frumentum</strong></span> <span class='ocrx_word' id='word_1_384' title='bbox 677 3202 731 3260; x_wconf 88' lang='lat' dir='ltr'><strong>in</strong></span> <span class='ocrx_word' id='word_1_385' title='bbox 756 3212 1029 3277; x_wconf 75' lang='lat' dir='ltr'><strong>sptca.An</strong></span> <span class='ocrx_word' id='word_1_386' title='bbox 1060 3225 1165 3265; x_wconf 91' lang='lat' dir='ltr'><strong>non</strong></span> <span class='ocrx_word' id='word_1_387' title='bbox 1199 3212 1360 3267; x_wconf 90' lang='lat' dir='ltr'><strong>herba</strong></span> <span class='ocrx_word' id='word_1_388' title='bbox 1391 3216 1567 3271; x_wconf 85' lang='lat' dir='ltr'><strong>adhuc</strong></span> <span class='ocrx_word' id='word_1_389' title='bbox 1599 3227 1728 3273; x_wconf 91' lang='lat' dir='ltr'><strong>tunc</strong></span> <span class='ocrx_word' id='word_1_390' title='bbox 1751 3219 1923 3274; x_wconf 91' lang='lat' dir='ltr'><strong>fuerat</strong></span> 
     </span>
    </p>
   </div>
   <div class='ocr_carea' id='block_1_49' title="bbox 2027 2000 3617 2083">
    <p class='ocr_par' dir='ltr' id='par_1_49' title="bbox 2027 2000 3617 2083">
     <span class='ocr_line' id='line_1_49' title="bbox 2027 2000 3617 2083; baseline 0.013 -30"><span class='ocrx_word' id='word_1_391' title='bbox 2027 2000 2218 2061; x_wconf 75' lang='lat' dir='ltr'><strong>erexit,</strong></span> <span class='ocrx_word' id='word_1_392' title='bbox 2252 2014 2347 2070; x_wconf 90' lang='lat' dir='ltr'><strong>per</strong></span> <span class='ocrx_word' id='word_1_393' title='bbox 2378 2000 2479 2058; x_wconf 91' lang='lat' dir='ltr'><strong>hoc</strong></span> <span class='ocrx_word' id='word_1_394' title='bbox 2525 2004 2666 2073; x_wconf 91' lang='lat' dir='ltr'><strong>quod</strong></span> <span class='ocrx_word' id='word_1_395' title='bbox 2696 2005 2762 2059; x_wconf 91' lang='lat' dir='ltr'><strong>ad</strong></span> <span class='ocrx_word' id='word_1_396' title='bbox 2795 2018 3094 2063; x_wconf 81' lang='lat' dir='ltr'><strong>extremum</strong></span> <span class='ocrx_word' id='word_1_397' title='bbox 3142 2021 3353 2069; x_wconf 87' lang='lat' dir='ltr'><strong>erectus</strong></span> <span class='ocrx_word' id='word_1_398' title='bbox 3402 2015 3617 2083; x_wconf 88' lang='lat' dir='ltr'><strong>quidem</strong></span> 
     </span>
    </p>
   </div>
   <div class='ocr_carea' id='block_1_50' title="bbox 2024 2090 3617 2167">
    <p class='ocr_par' dir='ltr' id='par_1_50' title="bbox 2024 2090 3617 2167">
     <span class='ocr_line' id='line_1_50' title="bbox 2024 2090 3617 2167; baseline 0.011 -24"><span class='ocrx_word' id='word_1_399' title='bbox 2024 2090 2117 2145; x_wconf 83' lang='lat' dir='ltr'><strong>sed</strong></span> <span class='ocrx_word' id='word_1_400' title='bbox 2169 2100 2401 2147; x_wconf 89' lang='lat' dir='ltr'><strong>tremens</strong></span> <span class='ocrx_word' id='word_1_401' title='bbox 2451 2095 2720 2164; x_wconf 79' lang='lat' dir='ltr'><strong>constitit,</strong></span> <span class='ocrx_word' id='word_1_402' title='bbox 2758 2099 2810 2152; x_wconf 91' lang='lat' dir='ltr'><strong>in</strong></span> <span class='ocrx_word' id='word_1_403' title='bbox 2857 2101 3152 2167; x_wconf 85' lang='lat' dir='ltr'><strong>semetipso</strong></span> <span class='ocrx_word' id='word_1_404' title='bbox 3200 2102 3355 2157; x_wconf 89' lang='lat' dir='ltr'><strong>nobis</strong></span> <span class='ocrx_word' id='word_1_405' title='bbox 3399 2119 3617 2161; x_wconf 88' lang='lat' dir='ltr'><strong>omnem</strong></span> 
     </span>
    </p>
   </div>
   <div class='ocr_carea' id='block_1_51' title="bbox 2024 2179 3615 2255">
    <p class='ocr_par' dir='ltr' id='par_1_51' title="bbox 2024 2179 3615 2255">
     <span class='ocr_line' id='line_1_51' title="bbox 2024 2179 3615 2255; baseline 0.011 -22"><span class='ocrx_word' id='word_1_406' title='bbox 2024 2179 2266 2235; x_wconf 78' lang='lat' dir='ltr'><strong>ordinem</strong></span> <span class='ocrx_word' id='word_1_407' title='bbox 2295 2186 2463 2238; x_wconf 79' lang='lat' dir='ltr'><strong>nostri</strong></span> <span class='ocrx_word' id='word_1_408' title='bbox 2495 2181 2771 2255; x_wconf 86' lang='lat' dir='ltr'><strong>prolectus</strong></span> <span class='ocrx_word' id='word_1_409' title='bbox 2803 2189 3115 2245; x_wconf 88' lang='lat' dir='ltr'><strong>innotescit.</strong></span> <span class='ocrx_word' id='word_1_410' title='bbox 3156 2191 3325 2248; x_wconf 89' lang='lat' dir='ltr'><strong>Verba</strong></span> <span class='ocrx_word' id='word_1_411' title='bbox 3349 2195 3491 2250; x_wconf 89' lang='lat' dir='ltr'><strong>enim</strong></span> <span class='ocrx_word' id='word_1_412' title='bbox 3520 2196 3615 2254; x_wconf 90' lang='lat' dir='ltr'><strong>Dei</strong></span> 
     </span>
    </p>
   </div>
   <div class='ocr_carea' id='block_1_52' title="bbox 2025 2269 3615 2354">
    <p class='ocr_par' dir='ltr' id='par_1_52' title="bbox 2025 2269 3615 2354">
     <span class='ocr_line' id='line_1_52' title="bbox 2025 2269 3615 2354; baseline 0.013 -31"><span class='ocrx_word' id='word_1_413' title='bbox 2025 2269 2077 2323; x_wconf 93' lang='lat' dir='ltr'><strong>in</strong></span> <span class='ocrx_word' id='word_1_414' title='bbox 2128 2280 2268 2327; x_wconf 87' lang='lat' dir='ltr'><strong>terra</strong></span> <span class='ocrx_word' id='word_1_415' title='bbox 2311 2271 2555 2343; x_wconf 84' lang='lat' dir='ltr'><strong>jacentes</strong></span> <span class='ocrx_word' id='word_1_416' title='bbox 2600 2275 2879 2345; x_wconf 86' lang='lat' dir='ltr'><strong>audimus,</strong></span> <span class='ocrx_word' id='word_1_417' title='bbox 2909 2294 3031 2334; x_wconf 91' lang='lat' dir='ltr'><strong>cum</strong></span> <span class='ocrx_word' id='word_1_418' title='bbox 3072 2281 3127 2335; x_wconf 91' lang='lat' dir='ltr'><strong>in</strong></span> <span class='ocrx_word' id='word_1_419' title='bbox 3156 2284 3390 2351; x_wconf 83' lang='lat' dir='ltr'><strong>peccatis</strong></span> <span class='ocrx_word' id='word_1_420' title='bbox 3436 2285 3615 2354; x_wconf 85' lang='lat' dir='ltr'><strong>positi,</strong></span> 
     </span>
    </p>
   </div>
   <div class='ocr_carea' id='block_1_53' title="bbox 2031 2360 3614 2449">
    <p class='ocr_par' dir='ltr' id='par_1_53' title="bbox 2031 2360 3614 2449">
     <span class='ocr_line' id='line_1_53' title="bbox 2031 2360 3614 2449; baseline 0.011 -32"><span class='ocrx_word' id='word_1_421' title='bbox 2031 2360 2048 2399; x_wconf 72' lang='grc' dir='ltr'>ί</span> <span class='ocrx_word' id='word_1_422' title='bbox 2082 2371 2309 2420; x_wconf 63' lang='lat' dir='ltr'><strong>terrena:</strong></span> <span class='ocrx_word' id='word_1_423' title='bbox 2340 2368 2621 2431; x_wconf 87' lang='lat' dir='ltr'><strong>pollutioni</strong></span> <span class='ocrx_word' id='word_1_424' title='bbox 2668 2370 2973 2440; x_wconf 87' lang='lat' dir='ltr'><strong>conjuncti,</strong></span> <span class='ocrx_word' id='word_1_425' title='bbox 3007 2383 3318 2430; x_wconf 88' lang='lat' dir='ltr'><strong>sanctorum</strong></span> <span class='ocrx_word' id='word_1_426' title='bbox 3349 2392 3479 2433; x_wconf 88' lang='lat' dir='ltr'><strong>voce</strong></span> <span class='ocrx_word' id='word_1_427' title='bbox 3506 2380 3614 2449; x_wconf 84' lang='lat' dir='ltr'><strong>spi-</strong></span> 
     </span>
    </p>
   </div>
   <div class='ocr_carea' id='block_1_54' title="bbox 2024 2454 3613 2541">
    <p class='ocr_par' dir='ltr' id='par_1_54' title="bbox 2024 2454 3613 2541">
     <span class='ocr_line' id='line_1_54' title="bbox 2024 2454 3613 2541; baseline 0.013 -33"><span class='ocrx_word' id='word_1_428' title='bbox 2024 2454 2195 2509; x_wconf 89' lang='lat' dir='ltr'><strong>ritalia</strong></span> <span class='ocrx_word' id='word_1_429' title='bbox 2251 2468 2513 2528; x_wconf 67' lang='lat' dir='ltr'><strong>prmcepta</strong></span> <span class='ocrx_word' id='word_1_430' title='bbox 2565 2464 2961 2531; x_wconf 71' lang='lat' dir='ltr'><strong>cognoscimus.</strong></span> <span class='ocrx_word' id='word_1_431' title='bbox 2995 2475 3019 2513; x_wconf 72' lang='grc' dir='ltr'>ε</span> <span class='ocrx_word' id='word_1_432' title='bbox 3049 2466 3132 2523; x_wconf 87' lang='lat' dir='ltr'><strong>Ad</strong></span> <span class='ocrx_word' id='word_1_433' title='bbox 3177 2484 3296 2539; x_wconf 66' lang='lat' dir='ltr'><strong>quae</strong></span> <span class='ocrx_word' id='word_1_434' title='bbox 3345 2482 3613 2541; x_wconf 72' lang='lat' dir='ltr'><strong>prmcepta</strong></span> 
     </span>
    </p>
   </div>
   <div class='ocr_carea' id='block_1_55' title="bbox 2025 2549 3614 2630">
    <p class='ocr_par' dir='ltr' id='par_1_55' title="bbox 2025 2549 3614 2630">
     <span class='ocr_line' id='line_1_55' title="bbox 2025 2549 3614 2630; baseline 0.013 -28"><span class='ocrx_word' id='word_1_435' title='bbox 2025 2549 2179 2618; x_wconf 89' lang='lat' dir='ltr'><strong>quasi</strong></span> <span class='ocrx_word' id='word_1_436' title='bbox 2206 2565 2367 2620; x_wconf 83' lang='lat' dir='ltr'><strong>super</strong></span> <span class='ocrx_word' id='word_1_437' title='bbox 2392 2567 2565 2621; x_wconf 75' lang='lat' dir='ltr'><strong>genua</strong></span> <span class='ocrx_word' id='word_1_438' title='bbox 2592 2565 2645 2609; x_wconf 89' lang='lat' dir='ltr'><strong>et</strong></span> <span class='ocrx_word' id='word_1_439' title='bbox 2664 2562 2826 2624; x_wconf 71' lang='lat' dir='ltr'><strong>super</strong></span> <span class='ocrx_word' id='word_1_440' title='bbox 2845 2559 3007 2630; x_wconf 73' lang='lat'><strong>722</strong></span> <span class='ocrx_word' id='word_1_441' title='bbox 3037 2575 3287 2618; x_wconf 90' lang='lat' dir='ltr'><strong>manuum</strong></span> <span class='ocrx_word' id='word_1_442' title='bbox 3313 2575 3614 2622; x_wconf 89' lang='lat' dir='ltr'><strong>nostrarum</strong></span> 
     </span>
    </p>
   </div>
   <div class='ocr_carea' id='block_1_56' title="bbox 2025 2641 3615 2727">
    <p class='ocr_par' dir='ltr' id='par_1_56' title="bbox 2025 2641 3615 2727">
     <span class='ocr_line' id='line_1_56' title="bbox 2025 2641 3615 2727; baseline 0.014 -34"><span class='ocrx_word' id='word_1_443' title='bbox 2025 2641 2279 2697; x_wconf 88' lang='lat' dir='ltr'><strong>articulos</strong></span> <span class='ocrx_word' id='word_1_444' title='bbox 2329 2643 2606 2727; x_wconf 73' lang='lat' dir='ltr'><strong>erigimur,</strong></span> <span class='ocrx_word' id='word_1_445' title='bbox 2640 2650 2764 2717; x_wconf 86' lang='lat' dir='ltr'><strong>quia</strong></span> <span class='ocrx_word' id='word_1_446' title='bbox 2815 2664 2846 2703; x_wconf 90' lang='lat' dir='ltr'><strong>a</strong></span> <span class='ocrx_word' id='word_1_447' title='bbox 2890 2653 3120 2708; x_wconf 84' lang='lat' dir='ltr'><strong>terrenis</strong></span> <span class='ocrx_word' id='word_1_448' title='bbox 3170 2655 3430 2727; x_wconf 79' lang='lat' dir='ltr'><strong>contagiis</strong></span> <span class='ocrx_word' id='word_1_449' title='bbox 3460 2672 3615 2714; x_wconf 85' lang='lat' dir='ltr'><strong>rece-</strong></span> 
     </span>
    </p>
   </div>
   <div class='ocr_carea' id='block_1_57' title="bbox 2026 2720 3612 2810">
    <p class='ocr_par' dir='ltr' id='par_1_57' title="bbox 2026 2720 3612 2810">
     <span class='ocr_line' id='line_1_57' title="bbox 2026 2720 3612 2810; baseline 0.015 -23"><span class='ocrx_word' id='word_1_450' title='bbox 2026 2720 2430 2805; x_wconf 34' lang='lat' dir='ltr'><strong>dentes,qna-si</strong></span> <span class='ocrx_word' id='word_1_451' title='bbox 2472 2740 2583 2809; x_wconf 88' lang='lat' dir='ltr'><strong>jam</strong></span> <span class='ocrx_word' id='word_1_452' title='bbox 2631 2741 2698 2797; x_wconf 92' lang='lat' dir='ltr'><strong>ab</strong></span> <span class='ocrx_word' id='word_1_453' title='bbox 2744 2743 2941 2799; x_wconf 85' lang='lat' dir='ltr'><strong>inlimis</strong></span> <span class='ocrx_word' id='word_1_454' title='bbox 2982 2745 3010 2782; x_wconf 66' lang='grc' dir='ltr'>ιι</span> <span class='ocrx_word' id='word_1_455' title='bbox 3061 2758 3295 2805; x_wconf 90' lang='lat' dir='ltr'><strong>mentem</strong></span> <span class='ocrx_word' id='word_1_456' title='bbox 3347 2753 3612 2810; x_wconf 89' lang='lat' dir='ltr'><strong>levamus.</strong></span> 
     </span>
    </p>
   </div>
   <div class='ocr_carea' id='block_1_58' title="bbox 2024 2826 3617 2915">
    <p class='ocr_par' dir='ltr' id='par_1_58' title="bbox 2024 2826 3617 2915">
     <span class='ocr_line' id='line_1_58' title="bbox 2024 2826 3617 2915; baseline 0.014 -34"><span class='ocrx_word' id='word_1_457' title='bbox 2024 2826 2179 2881; x_wconf 87' lang='lat' dir='ltr'><strong>Sicut</strong></span> <span class='ocrx_word' id='word_1_458' title='bbox 2218 2829 2361 2882; x_wconf 83' lang='lat' dir='ltr'><strong>enim</strong></span> <span class='ocrx_word' id='word_1_459' title='bbox 2395 2840 2533 2885; x_wconf 83' lang='lat' dir='ltr'><strong>totus</strong></span> <span class='ocrx_word' id='word_1_460' title='bbox 2565 2841 2721 2888; x_wconf 74' lang='lat' dir='ltr'><strong>terra:</strong></span> <span class='ocrx_word' id='word_1_461' title='bbox 2753 2834 2975 2891; x_wconf 59' lang='lat' dir='ltr'><strong>inhaeret</strong></span> <span class='ocrx_word' id='word_1_462' title='bbox 3018 2840 3106 2907; x_wconf 88' lang='lat' dir='ltr'><strong>qui</strong></span> <span class='ocrx_word' id='word_1_463' title='bbox 3136 2852 3508 2900; x_wconf 82' lang='lat' dir='ltr'><strong>consternatus</strong></span> <span class='ocrx_word' id='word_1_464' title='bbox 3535 2847 3617 2915; x_wconf 52' lang='lat' dir='ltr'><strong>ia;-</strong></span> 
     </span>
    </p>
   </div>
   <div class='ocr_carea' id='block_1_59' title="bbox 2026 2921 3617 3001">
    <p class='ocr_par' dir='ltr' id='par_1_59' title="bbox 2026 2921 3617 3001">
     <span class='ocr_line' id='line_1_59' title="bbox 2026 2921 3617 3001; baseline 0.013 -27"><span class='ocrx_word' id='word_1_465' title='bbox 2026 2930 2110 2974; x_wconf 90' lang='lat' dir='ltr'><strong>cet</strong></span> <span class='ocrx_word' id='word_1_466' title='bbox 2136 2962 2150 2982; x_wconf 84' lang='lat'><strong>,</strong></span> <span class='ocrx_word' id='word_1_467' title='bbox 2186 2921 2257 2978; x_wconf 91' lang='lat' dir='ltr'><strong>ita</strong></span> <span class='ocrx_word' id='word_1_468' title='bbox 2285 2923 2373 2996; x_wconf 90' lang='lat' dir='ltr'><strong>qui</strong></span> <span class='ocrx_word' id='word_1_469' title='bbox 2405 2923 2456 2982; x_wconf 87' lang='lat' dir='ltr'><strong>iu</strong></span> <span class='ocrx_word' id='word_1_470' title='bbox 2481 2926 2708 2998; x_wconf 77' lang='lat' dir='ltr'><strong>genibus</strong></span> <span class='ocrx_word' id='word_1_471' title='bbox 2736 2939 2790 2987; x_wconf 84' lang='lat' dir='ltr'><strong>et</strong></span> <span class='ocrx_word' id='word_1_472' title='bbox 2820 2946 3072 2992; x_wconf 79' lang='lat' dir='ltr'><strong>manuum</strong></span> <span class='ocrx_word' id='word_1_473' title='bbox 3128 2948 3342 2996; x_wconf 88' lang='lat' dir='ltr'><strong>suarum</strong></span> <span class='ocrx_word' id='word_1_474' title='bbox 3375 2939 3617 3001; x_wconf 72' lang='lat' dir='ltr'><strong>articulis</strong></span> 
     </span>
    </p>
   </div>
   <div class='ocr_carea' id='block_1_60' title="bbox 2025 3010 3616 3105">
    <p class='ocr_par' dir='ltr' id='par_1_60' title="bbox 2025 3010 3616 3105">
     <span class='ocr_line' id='line_1_60' title="bbox 2025 3010 3616 3105; baseline 0.014 -35"><span class='ocrx_word' id='word_1_475' title='bbox 2025 3010 2334 3074; x_wconf 83' lang='lat' dir='ltr'><strong>incurvatur</strong></span> <span class='ocrx_word' id='word_1_476' title='bbox 2358 3060 2372 3086; x_wconf 91' lang='lat'><strong>,</strong></span> <span class='ocrx_word' id='word_1_477' title='bbox 2408 3022 2693 3081; x_wconf 80' lang='lat' dir='ltr'><strong>inchoante</strong></span> <span class='ocrx_word' id='word_1_478' title='bbox 2741 3025 2982 3096; x_wconf 74' lang='lat' dir='ltr'><strong>profectu</strong></span> <span class='ocrx_word' id='word_1_479' title='bbox 3011 3046 3077 3087; x_wconf 76' lang='lat' dir='ltr'><strong>ex</strong></span> <span class='ocrx_word' id='word_1_480' title='bbox 3109 3048 3295 3104; x_wconf 84' lang='lat' dir='ltr'><strong>magna</strong></span> <span class='ocrx_word' id='word_1_481' title='bbox 3323 3034 3433 3103; x_wconf 87' lang='lat' dir='ltr'><strong>jam</strong></span> <span class='ocrx_word' id='word_1_482' title='bbox 3465 3046 3616 3105; x_wconf 86' lang='lat' dir='ltr'><strong>parte</strong></span> 
     </span>
    </p>
   </div>
   <div class='ocr_carea' id='block_1_61' title="bbox 2026 3114 3612 3190">
    <p class='ocr_par' dir='ltr' id='par_1_61' title="bbox 2026 3114 3612 3190">
     <span class='ocr_line' id='line_1_61' title="bbox 2026 3114 3612 3190; baseline 0.012 -25"><span class='ocrx_word' id='word_1_483' title='bbox 2026 3124 2057 3165; x_wconf 91' lang='lat' dir='ltr'><strong>a</strong></span> <span class='ocrx_word' id='word_1_484' title='bbox 2087 3118 2227 3165; x_wconf 85' lang='lat' dir='ltr'><strong>terra</strong></span> <span class='ocrx_word' id='word_1_485' title='bbox 2250 3114 2614 3182; x_wconf 83' lang='lat' dir='ltr'><strong>suspenditur.</strong></span> <span class='ocrx_word' id='word_1_486' title='bbox 2649 3119 2729 3172; x_wconf 85' lang='lat' dir='ltr'><strong>Ad</strong></span> <span class='ocrx_word' id='word_1_487' title='bbox 2760 3129 3058 3178; x_wconf 64' lang='lat' dir='ltr'><strong>extremum</strong></span> <span class='ocrx_word' id='word_1_488' title='bbox 3091 3139 3219 3179; x_wconf 87' lang='lat' dir='ltr'><strong>vero</strong></span> <span class='ocrx_word' id='word_1_489' title='bbox 3257 3140 3391 3183; x_wconf 89' lang='lat' dir='ltr'><strong>voce</strong></span> <span class='ocrx_word' id='word_1_490' title='bbox 3433 3127 3612 3190; x_wconf 87' lang='lat' dir='ltr'><strong>domi-</strong></span> 
     </span>
    </p>
   </div>
   <div class='ocr_carea' id='block_1_62' title="bbox 2028 3203 3608 3287">
    <p class='ocr_par' dir='ltr' id='par_1_62' title="bbox 2028 3203 3608 3287">
     <span class='ocr_line' id='line_1_62' title="bbox 2028 3203 3608 3287; baseline 0.013 -31"><span class='ocrx_word' id='word_1_491' title='bbox 2028 3203 2145 3258; x_wconf 90' lang='lat' dir='ltr'><strong>nica</strong></span> <span class='ocrx_word' id='word_1_492' title='bbox 2190 3205 2356 3260; x_wconf 90' lang='lat' dir='ltr'><strong>erecti</strong></span> <span class='ocrx_word' id='word_1_493' title='bbox 2385 3207 2597 3277; x_wconf 89' lang='lat' dir='ltr'><strong>quidem</strong></span> <span class='ocrx_word' id='word_1_494' title='bbox 2625 3251 2643 3278; x_wconf 95' lang='lat'><strong>,</strong></span> <span class='ocrx_word' id='word_1_495' title='bbox 2668 3211 2760 3266; x_wconf 84' lang='lat' dir='ltr'><strong>sed</strong></span> <span class='ocrx_word' id='word_1_496' title='bbox 2790 3221 3081 3271; x_wconf 87' lang='lat' dir='ltr'><strong>trementes</strong></span> <span class='ocrx_word' id='word_1_497' title='bbox 3112 3218 3432 3286; x_wconf 89' lang='lat' dir='ltr'><strong>assistimus,</strong></span> <span class='ocrx_word' id='word_1_498' title='bbox 3461 3236 3608 3287; x_wconf 76' lang='lat' dir='ltr'><strong>cum,</strong></span> 
     </span>
    </p>
   </div>
   <div class='ocr_carea' id='block_1_63' title="bbox 335 3293 1921 3377">
    <p class='ocr_par' dir='ltr' id='par_1_63' title="bbox 335 3293 1921 3370">
     <span class='ocr_line' id='line_1_63' title="bbox 335 3293 1921 3370; baseline 0.014 -22"><span class='ocrx_word' id='word_1_499' title='bbox 335 3293 528 3353; x_wconf 86' lang='lat' dir='ltr'><strong>Petrus</strong></span> <span class='ocrx_word' id='word_1_500' title='bbox 549 3313 670 3354; x_wconf 92' lang='lat' dir='ltr'><strong>cum</strong></span> <span class='ocrx_word' id='word_1_501' title='bbox 696 3302 992 3359; x_wconf 72' lang='lat' dir='ltr'><strong>abancilla:</strong></span> <span class='ocrx_word' id='word_1_502' title='bbox 1015 3320 1110 3360; x_wconf 90' lang='lat' dir='ltr'><strong>ore</strong></span> <span class='ocrx_word' id='word_1_503' title='bbox 1133 3307 1311 3362; x_wconf 89' lang='lat' dir='ltr'><strong>subito</strong></span> <span class='ocrx_word' id='word_1_504' title='bbox 1328 3308 1484 3363; x_wconf 90' lang='lat' dir='ltr'><strong>unius</strong></span> <span class='ocrx_word' id='word_1_505' title='bbox 1505 3309 1634 3365; x_wconf 84' lang='lat' dir='ltr'><strong>ﬂatu</strong></span> <span class='ocrx_word' id='word_1_506' title='bbox 1655 3313 1921 3370; x_wconf 87' lang='lat' dir='ltr'><strong>sermonis</strong></span> 
     </span>
    </p>
   </div>
   <div class='ocr_carea' id='block_1_64' title="bbox 2024 3293 3612 3377">
    <p class='ocr_par' dir='ltr' id='par_1_64' title="bbox 2027 3296 3612 3377">
     <span class='ocr_line' id='line_1_64' title="bbox 2027 3296 3612 3377; baseline 0.014 -27"><span class='ocrx_word' id='word_1_507' title='bbox 2027 3308 2057 3350; x_wconf 85' lang='lat' dir='ltr'><strong>a</strong></span> <span class='ocrx_word' id='word_1_508' title='bbox 2088 3296 2314 3351; x_wconf 89' lang='lat' dir='ltr'><strong>terrenis</strong></span> <span class='ocrx_word' id='word_1_509' title='bbox 2360 3300 2639 3357; x_wconf 64' lang='lat' dir='ltr'><strong>desideriis</strong></span> <span class='ocrx_word' id='word_1_510' title='bbox 2690 3306 2924 3373; x_wconf 88' lang='lat' dir='ltr'><strong>perfecte</strong></span> <span class='ocrx_word' id='word_1_511' title='bbox 2974 3309 3275 3377; x_wconf 86' lang='lat' dir='ltr'><strong>sublevati,</strong></span> <span class='ocrx_word' id='word_1_512' title='bbox 3308 3314 3467 3368; x_wconf 78' lang='lat' dir='ltr'><strong>verba</strong></span> <span class='ocrx_word' id='word_1_513' title='bbox 3520 3315 3612 3372; x_wconf 88' lang='lat' dir='ltr'><strong>Dei</strong></span> 
     </span>
    </p>
   </div>
   <div class='ocr_carea' id='block_1_65' title="bbox 335 3386 1921 3469">
    <p class='ocr_par' dir='ltr' id='par_1_65' title="bbox 335 3386 1921 3469">
     <span class='ocr_line' id='line_1_65' title="bbox 335 3386 1921 3469; baseline 0.014 -31"><span class='ocrx_word' id='word_1_514' title='bbox 335 3386 562 3447; x_wconf 77' lang='lat' dir='ltr'><strong>inﬂexus</strong></span> <span class='ocrx_word' id='word_1_515' title='bbox 587 3400 692 3461; x_wconf 72' lang='lat' dir='ltr'><strong>est,</strong></span> <span class='ocrx_word' id='word_1_516' title='bbox 722 3396 829 3461; x_wconf 86' lang='lat' dir='ltr'><strong>jam</strong></span> <span class='ocrx_word' id='word_1_517' title='bbox 852 3394 1065 3465; x_wconf 88' lang='lat' dir='ltr'><strong>quidem</strong></span> <span class='ocrx_word' id='word_1_518' title='bbox 1089 3413 1184 3467; x_wconf 89' lang='lat' dir='ltr'><strong>per</strong></span> <span class='ocrx_word' id='word_1_519' title='bbox 1214 3398 1551 3456; x_wconf 83' lang='lat' dir='ltr'><strong>devotionem</strong></span> <span class='ocrx_word' id='word_1_520' title='bbox 1583 3402 1793 3469; x_wconf 87' lang='lat' dir='ltr'><strong>viridis,</strong></span> <span class='ocrx_word' id='word_1_521' title='bbox 1825 3405 1921 3460; x_wconf 89' lang='lat' dir='ltr'><strong>sed</strong></span> 
     </span>
    </p>
   </div>
   <div class='ocr_carea' id='block_1_66' title="bbox 332 3480 1922 3551">
    <p class='ocr_par' dir='ltr' id='par_1_66' title="bbox 332 3480 1922 3551">
     <span class='ocr_line' id='line_1_66' title="bbox 332 3480 1922 3551; baseline 0.011 -18"><span class='ocrx_word' id='word_1_522' title='bbox 332 3480 508 3537; x_wconf 90' lang='lat' dir='ltr'><strong>adhuc</strong></span> <span class='ocrx_word' id='word_1_523' title='bbox 538 3496 632 3551; x_wconf 91' lang='lat' dir='ltr'><strong>per</strong></span> <span class='ocrx_word' id='word_1_524' title='bbox 663 3482 1026 3542; x_wconf 81' lang='lat' dir='ltr'><strong>inﬁrmitatem</strong></span> <span class='ocrx_word' id='word_1_525' title='bbox 1053 3498 1223 3545; x_wconf 87' lang='lat' dir='ltr'><strong>tener.</strong></span> <span class='ocrx_word' id='word_1_526' title='bbox 1267 3490 1488 3547; x_wconf 89' lang='lat' dir='ltr'><strong>Plenum</strong></span> <span class='ocrx_word' id='word_1_527' title='bbox 1521 3508 1651 3547; x_wconf 82' lang='lat' dir='ltr'><strong>vero</strong></span> <span class='ocrx_word' id='word_1_528' title='bbox 1681 3493 1922 3551; x_wconf 85' lang='lat' dir='ltr'><strong>frumen-</strong></span> 
     </span>
    </p>
   </div>
   <div class='ocr_carea' id='block_1_67' title="bbox 336 3574 1923 3657">
    <p class='ocr_par' dir='ltr' id='par_1_67' title="bbox 336 3574 1923 3657">
     <span class='ocr_line' id='line_1_67' title="bbox 336 3574 1923 3657; baseline 0.013 -33"><span class='ocrx_word' id='word_1_529' title='bbox 336 3580 446 3625; x_wconf 90' lang='lat' dir='ltr'><strong>tum</strong></span> <span class='ocrx_word' id='word_1_530' title='bbox 500 3574 553 3627; x_wconf 90' lang='lat' dir='ltr'><strong>in</strong></span> <span class='ocrx_word' id='word_1_531' title='bbox 603 3574 752 3643; x_wconf 90' lang='lat' dir='ltr'><strong>spica</strong></span> <span class='ocrx_word' id='word_1_532' title='bbox 797 3577 1054 3634; x_wconf 84' lang='lat' dir='ltr'><strong>inventus</strong></span> <span class='ocrx_word' id='word_1_533' title='bbox 1092 3590 1174 3636; x_wconf 86' lang='lat' dir='ltr'><strong>est</strong></span> <span class='ocrx_word' id='word_1_534' title='bbox 1220 3583 1433 3651; x_wconf 88' lang='lat' dir='ltr'><strong>quando</strong></span> <span class='ocrx_word' id='word_1_535' title='bbox 1480 3588 1923 3657; x_wconf 81' lang='lat' dir='ltr'><strong>persequentibus</strong></span> 
     </span>
    </p>
   </div>
   <div class='ocr_carea' id='block_1_68' title="bbox 335 3664 1924 3753">
    <p class='ocr_par' dir='ltr' id='par_1_68' title="bbox 335 3664 1924 3753">
     <span class='ocr_line' id='line_1_68' title="bbox 335 3664 1924 3753; baseline 0.012 -37"><span class='ocrx_word' id='word_1_536' title='bbox 335 3664 659 3735; x_wconf 86' lang='lat' dir='ltr'><strong>principibus</strong></span> <span class='ocrx_word' id='word_1_537' title='bbox 688 3671 990 3739; x_wconf 88' lang='lat' dir='ltr'><strong>resistebat,</strong></span> <span class='ocrx_word' id='word_1_538' title='bbox 1022 3673 1209 3729; x_wconf 90' lang='lat' dir='ltr'><strong>dicens</strong></span> <span class='ocrx_word' id='word_1_539' title='bbox 1235 3692 1249 3729; x_wconf 89' lang='lat'><strong>:</strong></span> <span class='ocrx_word' id='word_1_540' title='bbox 1283 3674 1506 3731; x_wconf 87' lang='lat' dir='ltr'><strong>Obedire</strong></span> <span class='ocrx_word' id='word_1_541' title='bbox 1536 3690 1734 3746; x_wconf 88' lang='lat' dir='ltr'><strong>oportet</strong></span> <span class='ocrx_word' id='word_1_542' title='bbox 1761 3681 1924 3753; x_wconf 84' lang='lat' dir='ltr'><strong>magis</strong></span> 
     </span>
    </p>
   </div>
   <div class='ocr_carea' id='block_1_69' title="bbox 334 3757 1923 3838">
    <p class='ocr_par' dir='ltr' id='par_1_69' title="bbox 334 3757 1923 3838">
     <span class='ocr_line' id='line_1_69' title="bbox 334 3757 1923 3838; baseline 0.011 -28"><span class='ocrx_word' id='word_1_543' title='bbox 334 3757 445 3811; x_wconf 83' lang='lat' dir='ltr'><strong>Deo</strong></span> <span class='ocrx_word' id='word_1_544' title='bbox 468 3776 624 3831; x_wconf 87' lang='lat' dir='ltr'><strong>quam</strong></span> <span class='ocrx_word' id='word_1_545' title='bbox 653 3760 945 3819; x_wconf 80' lang='lat' dir='ltr'><strong>hominibus</strong></span> <span class='ocrx_word' id='word_1_546' title='bbox 986 3765 1129 3828; x_wconf 78' lang='lat' dir='ltr'><strong>(Act.</strong></span> <span class='ocrx_word' id='word_1_547' title='bbox 1150 3785 1204 3831; x_wconf 88' lang='lat' dir='ltr'><strong>v,</strong></span> <span class='ocrx_word' id='word_1_548' title='bbox 1235 3768 1351 3838; x_wconf 66' lang='grc'><strong>29).</strong></span> <span class='ocrx_word' id='word_1_549' title='bbox 1389 3768 1609 3825; x_wconf 89' lang='lat' dir='ltr'><strong>Plenum</strong></span> <span class='ocrx_word' id='word_1_550' title='bbox 1643 3787 1771 3828; x_wconf 87' lang='lat' dir='ltr'><strong>vero</strong></span> <span class='ocrx_word' id='word_1_551' title='bbox 1808 3771 1923 3827; x_wconf 86' lang='lat' dir='ltr'><strong>fru-</strong></span> 
     </span>
    </p>
   </div>
   <div class='ocr_carea' id='block_1_70' title="bbox 335 3854 1920 3930">
    <p class='ocr_par' dir='ltr' id='par_1_70' title="bbox 335 3854 1920 3930">
     <span class='ocr_line' id='line_1_70' title="bbox 335 3854 1920 3930; baseline 0.01 -26"><span class='ocrx_word' id='word_1_552' title='bbox 335 3859 570 3905; x_wconf 89' lang='lat' dir='ltr'><strong>mentum</strong></span> <span class='ocrx_word' id='word_1_553' title='bbox 601 3864 622 3892; x_wconf 72' lang='grc' dir='ltr'><strong>ο</strong></span> <span class='ocrx_word' id='word_1_554' title='bbox 657 3854 710 3908; x_wconf 92' lang='lat' dir='ltr'><strong>in</strong></span> <span class='ocrx_word' id='word_1_555' title='bbox 737 3856 886 3923; x_wconf 88' lang='lat' dir='ltr'><strong>spica</strong></span> <span class='ocrx_word' id='word_1_556' title='bbox 918 3857 1167 3915; x_wconf 85' lang='lat' dir='ltr'><strong>inventus</strong></span> <span class='ocrx_word' id='word_1_557' title='bbox 1196 3870 1299 3924; x_wconf 82' lang='lat' dir='ltr'><strong>est,</strong></span> <span class='ocrx_word' id='word_1_558' title='bbox 1329 3863 1542 3930; x_wconf 87' lang='lat' dir='ltr'><strong>quando</strong></span> <span class='ocrx_word' id='word_1_559' title='bbox 1569 3859 1595 3899; x_wconf 74' lang='grc' dir='ltr'><em>ά</em></span> <span class='ocrx_word' id='word_1_560' title='bbox 1627 3863 1679 3917; x_wconf 94' lang='lat' dir='ltr'><strong>in</strong></span> <span class='ocrx_word' id='word_1_561' title='bbox 1729 3863 1920 3920; x_wconf 86' lang='lat' dir='ltr'><strong>tritura</strong></span> 
     </span>
    </p>
   </div>
   <div class='ocr_carea' id='block_1_71' title="bbox 335 3948 1922 4028">
    <p class='ocr_par' dir='ltr' id='par_1_71' title="bbox 335 3948 1922 4028">
     <span class='ocr_line' id='line_1_71' title="bbox 335 3948 1922 4028; baseline 0.01 -29"><span class='ocrx_word' id='word_1_562' title='bbox 335 3948 724 4012; x_wconf 75' lang='lat' dir='ltr'><strong>persecutionis</strong></span> <span class='ocrx_word' id='word_1_563' title='bbox 756 3958 832 4003; x_wconf 91' lang='lat' dir='ltr'><strong>tot</strong></span> <span class='ocrx_word' id='word_1_564' title='bbox 862 3949 1085 4007; x_wconf 90' lang='lat' dir='ltr'><strong>verbera</strong></span> <span class='ocrx_word' id='word_1_565' title='bbox 1121 3953 1371 4026; x_wconf 83' lang='lat' dir='ltr'><strong>pertulit,</strong></span> <span class='ocrx_word' id='word_1_566' title='bbox 1415 3963 1470 4011; x_wconf 90' lang='lat' dir='ltr'><strong>et</strong></span> <span class='ocrx_word' id='word_1_567' title='bbox 1512 3964 1688 4013; x_wconf 90' lang='lat' dir='ltr'><strong>tamen</strong></span> <span class='ocrx_word' id='word_1_568' title='bbox 1721 3973 1922 4028; x_wconf 85' lang='lat' dir='ltr'><strong>nequa-</strong></span> 
     </span>
    </p>
   </div>
   <div class='ocr_carea' id='block_1_72' title="bbox 333 4037 1921 4117">
    <p class='ocr_par' dir='ltr' id='par_1_72' title="bbox 333 4037 1921 4117">
     <span class='ocr_line' id='line_1_72' title="bbox 333 4037 1921 4117; baseline 0.011 -29"><span class='ocrx_word' id='word_1_569' title='bbox 333 4049 492 4105; x_wconf 89' lang='lat' dir='ltr'><strong>quam</strong></span> <span class='ocrx_word' id='word_1_570' title='bbox 538 4037 810 4106; x_wconf 88' lang='lat' dir='ltr'><strong>palearum</strong></span> <span class='ocrx_word' id='word_1_571' title='bbox 844 4056 995 4097; x_wconf 89' lang='lat' dir='ltr'><strong>more</strong></span> <span class='ocrx_word' id='word_1_572' title='bbox 1026 4044 1339 4100; x_wconf 90' lang='lat' dir='ltr'><strong>imminutus</strong></span> <span class='ocrx_word' id='word_1_573' title='bbox 1389 4055 1506 4113; x_wconf 90' lang='lat' dir='ltr'><strong>est,</strong></span> <span class='ocrx_word' id='word_1_574' title='bbox 1558 4049 1651 4104; x_wconf 90' lang='lat' dir='ltr'><strong>sed</strong></span> <span class='ocrx_word' id='word_1_575' title='bbox 1693 4064 1921 4117; x_wconf 81' lang='lat' dir='ltr'><strong>granum</strong></span> 
     </span>
    </p>
   </div>
   <div class='ocr_carea' id='block_1_73' title="bbox 333 4128 1925 4219">
    <p class='ocr_par' dir='ltr' id='par_1_73' title="bbox 333 4128 1925 4219">
     <span class='ocr_line' id='line_1_73' title="bbox 333 4128 1925 4219; baseline 0.014 -36"><span class='ocrx_word' id='word_1_576' title='bbox 333 4128 599 4201; x_wconf 88' lang='lat' dir='ltr'><strong>integrum</strong></span> <span class='ocrx_word' id='word_1_577' title='bbox 648 4135 864 4193; x_wconf 87' lang='lat' dir='ltr'><strong>mansit.</strong></span> <span class='ocrx_word' id='word_1_578' title='bbox 918 4137 1198 4209; x_wconf 88' lang='lat' dir='ltr'><strong>Paulisper</strong></span> <span class='ocrx_word' id='word_1_579' title='bbox 1246 4143 1441 4212; x_wconf 89' lang='lat' dir='ltr'><strong>quippe</strong></span> <span class='ocrx_word' id='word_1_580' title='bbox 1493 4145 1547 4199; x_wconf 91' lang='lat' dir='ltr'><strong>in</strong></span> <span class='ocrx_word' id='word_1_581' title='bbox 1602 4161 1925 4219; x_wconf 87' lang='lat' dir='ltr'><strong>unaquaque</strong></span> 
     </span>
    </p>
   </div>
   <div class='ocr_carea' id='block_1_74' title="bbox 332 4224 1923 4305">
    <p class='ocr_par' dir='ltr' id='par_1_74' title="bbox 332 4224 1923 4305">
     <span class='ocr_line' id='line_1_74' title="bbox 332 4224 1923 4305; baseline 0.013 -29"><span class='ocrx_word' id='word_1_582' title='bbox 332 4224 533 4291; x_wconf 84' lang='lat' dir='ltr'><strong>anima,</strong></span> <span class='ocrx_word' id='word_1_583' title='bbox 565 4234 623 4281; x_wconf 89' lang='lat' dir='ltr'><strong>ut</strong></span> <span class='ocrx_word' id='word_1_584' title='bbox 652 4228 722 4282; x_wconf 88' lang='lat' dir='ltr'><strong>ita</strong></span> <span class='ocrx_word' id='word_1_585' title='bbox 755 4229 948 4299; x_wconf 88' lang='lat' dir='ltr'><strong>dicam,</strong></span> <span class='ocrx_word' id='word_1_586' title='bbox 984 4232 1207 4288; x_wconf 68' lang='lat' dir='ltr'><strong>internae</strong></span> <span class='ocrx_word' id='word_1_587' title='bbox 1238 4237 1423 4305; x_wconf 75' lang='lat' dir='ltr'><strong>gratia:</strong></span> <span class='ocrx_word' id='word_1_588' title='bbox 1467 4236 1660 4292; x_wconf 88' lang='lat' dir='ltr'><strong>humor</strong></span> <span class='ocrx_word' id='word_1_589' title='bbox 1715 4240 1923 4296; x_wconf 88' lang='lat' dir='ltr'><strong>exube-</strong></span> 
     </span>
    </p>
   </div>
   <div class='ocr_carea' id='block_1_75' title="bbox 332 4312 1925 4399">
    <p class='ocr_par' dir='ltr' id='par_1_75' title="bbox 332 4312 1925 4399">
     <span class='ocr_line' id='line_1_75' title="bbox 332 4312 1925 4399; baseline 0.01 -31"><span class='ocrx_word' id='word_1_590' title='bbox 332 4325 439 4380; x_wconf 88' lang='lat' dir='ltr'><strong>rat,</strong></span> <span class='ocrx_word' id='word_1_591' title='bbox 464 4328 529 4397; x_wconf 44' lang='grc' dir='ltr'><strong>,ιιι</strong></span> <span class='ocrx_word' id='word_1_592' title='bbox 553 4317 716 4374; x_wconf 89' lang='lat' dir='ltr'><strong>herba</strong></span> <span class='ocrx_word' id='word_1_593' title='bbox 746 4321 798 4376; x_wconf 93' lang='lat' dir='ltr'><strong>in</strong></span> <span class='ocrx_word' id='word_1_594' title='bbox 824 4312 1031 4393; x_wconf 81' lang='lat' dir='ltr'><strong>frugem</strong></span> <span class='ocrx_word' id='word_1_595' title='bbox 1058 4335 1287 4380; x_wconf 76' lang='lat' dir='ltr'><strong>arescat.</strong></span> <span class='ocrx_word' id='word_1_596' title='bbox 1321 4327 1488 4381; x_wconf 85' lang='lat' dir='ltr'><strong>Nemo</strong></span> <span class='ocrx_word' id='word_1_597' title='bbox 1533 4342 1664 4398; x_wconf 90' lang='lat' dir='ltr'><strong>ergo</strong></span> <span class='ocrx_word' id='word_1_598' title='bbox 1696 4330 1925 4399; x_wconf 87' lang='lat' dir='ltr'><strong>quemli-</strong></span> 
     </span>
    </p>
   </div>
   <div class='ocr_carea' id='block_1_76' title="bbox 318 4407 1923 4482">
    <p class='ocr_par' dir='ltr' id='par_1_76' title="bbox 318 4407 1923 4482">
     <span class='ocr_line' id='line_1_76' title="bbox 318 4407 1923 4482; baseline 0.011 -21"><span class='ocrx_word' id='word_1_599' title='bbox 318 4407 427 4462; x_wconf 88' lang='lat' dir='ltr'><strong>bet</strong></span> <span class='ocrx_word' id='word_1_600' title='bbox 455 4412 775 4482; x_wconf 78' lang='lat' dir='ltr'><strong>proximum,</strong></span> <span class='ocrx_word' id='word_1_601' title='bbox 799 4428 920 4469; x_wconf 93' lang='lat' dir='ltr'><strong>cum</strong></span> <span class='ocrx_word' id='word_1_602' title='bbox 947 4415 1120 4471; x_wconf 90' lang='lat' dir='ltr'><strong>adhuc</strong></span> <span class='ocrx_word' id='word_1_603' title='bbox 1151 4417 1371 4472; x_wconf 89' lang='lat' dir='ltr'><strong>herbam</strong></span> <span class='ocrx_word' id='word_1_604' title='bbox 1402 4418 1565 4481; x_wconf 77' lang='lat' dir='ltr'><strong>videt,</strong></span> <span class='ocrx_word' id='word_1_605' title='bbox 1591 4418 1923 4478; x_wconf 84' lang='lat' dir='ltr'><strong>defrumen-</strong></span> 
     </span>
    </p>
   </div>
   <div class='ocr_carea' id='block_1_77' title="bbox 334 4497 1925 4581">
    <p class='ocr_par' dir='ltr' id='par_1_77' title="bbox 334 4497 1925 4581">
     <span class='ocr_line' id='line_1_77' title="bbox 334 4497 1925 4581; baseline 0.012 -30"><span class='ocrx_word' id='word_1_606' title='bbox 334 4505 393 4551; x_wconf 90' lang='lat' dir='ltr'><strong>to</strong></span> <span class='ocrx_word' id='word_1_607' title='bbox 417 4497 686 4569; x_wconf 88' lang='lat' dir='ltr'><strong>desperet.</strong></span> <span class='ocrx_word' id='word_1_608' title='bbox 735 4504 815 4558; x_wconf 83' lang='lat' dir='ltr'><strong>Ad</strong></span> <span class='ocrx_word' id='word_1_609' title='bbox 867 4504 1155 4559; x_wconf 87' lang='lat' dir='ltr'><strong>herbarum</strong></span> <span class='ocrx_word' id='word_1_610' title='bbox 1194 4507 1393 4577; x_wconf 84' lang='lat' dir='ltr'><strong>quippe</strong></span> <span class='ocrx_word' id='word_1_611' title='bbox 1442 4509 1621 4574; x_wconf 87' lang='lat' dir='ltr'><strong>foliis,</strong></span> <span class='ocrx_word' id='word_1_612' title='bbox 1669 4527 1789 4581; x_wconf 70' lang='lat' dir='ltr'><strong>qua:</strong></span> <span class='ocrx_word' id='word_1_613' title='bbox 1820 4512 1925 4570; x_wconf 89' lang='lat' dir='ltr'><strong>huc</strong></span> 
     </span>
    </p>
   </div>
   <div class='ocr_carea' id='block_1_78' title="bbox 333 4584 1924 4674">
    <p class='ocr_par' dir='ltr' id='par_1_78' title="bbox 333 4584 1924 4674">
     <span class='ocr_line' id='line_1_78' title="bbox 333 4584 1924 4674; baseline 0.011 -32"><span class='ocrx_word' id='word_1_614' title='bbox 333 4584 567 4661; x_wconf 87' lang='lat' dir='ltr'><strong>illucque</strong></span> <span class='ocrx_word' id='word_1_615' title='bbox 618 4594 852 4651; x_wconf 88' lang='lat' dir='ltr'><strong>molliter</strong></span> <span class='ocrx_word' id='word_1_616' title='bbox 896 4596 1173 4663; x_wconf 80' lang='lat' dir='ltr'><strong>deﬂuunt,</strong></span> <span class='ocrx_word' id='word_1_617' title='bbox 1205 4601 1481 4669; x_wconf 76' lang='lat' dir='ltr'><strong>surgentia</strong></span> <span class='ocrx_word' id='word_1_618' title='bbox 1513 4600 1727 4672; x_wconf 75' lang='lat' dir='ltr'><strong>frugum</strong></span> <span class='ocrx_word' id='word_1_619' title='bbox 1758 4619 1924 4674; x_wconf 89' lang='lat' dir='ltr'><strong>grana</strong></span> 
     </span>
    </p>
   </div>
   <div class='ocr_carea' id='block_1_79' title="bbox 332 4679 656 4739">
    <p class='ocr_par' dir='ltr' id='par_1_79' title="bbox 332 4679 656 4739">
     <span class='ocr_line' id='line_1_79' title="bbox 332 4679 656 4739; baseline 0.019 -6"><span class='ocrx_word' id='word_1_620' title='bbox 332 4679 656 4739; x_wconf 86' lang='lat' dir='ltr'><strong>solidantur.</strong></span> 
     </span>
    </p>
   </div>
   <div class='ocr_carea' id='block_1_80' title="bbox 407 4772 1924 4856">
    <p class='ocr_par' dir='ltr' id='par_1_80' title="bbox 407 4772 1924 4856">
     <span class='ocr_line' id='line_1_80' title="bbox 407 4772 1924 4856; baseline 0.007 -27"><span class='ocrx_word' id='word_1_621' title='bbox 407 4772 550 4847; x_wconf 75' lang='grc' dir='ltr'><strong>[νει.</strong></span> <span class='ocrx_word' id='word_1_622' title='bbox 577 4776 680 4832; x_wconf 77' lang='lat' dir='ltr'><strong><em>XX</em></strong></span> <span class='ocrx_word' id='word_1_623' title='bbox 688 4777 762 4850; x_wconf 84' lang='lat'><strong>1.]</strong></span> <span class='ocrx_word' id='word_1_624' title='bbox 789 4779 879 4835; x_wconf 73' lang='grc'><strong>47.</strong></span> <span class='ocrx_word' id='word_1_625' title='bbox 908 4777 1109 4835; x_wconf 84' lang='lat' dir='ltr'><strong>Diversi</strong></span> <span class='ocrx_word' id='word_1_626' title='bbox 1136 4782 1454 4853; x_wconf 78' lang='lat' dir='ltr'><strong>profectuum</strong></span> <span class='ocrx_word' id='word_1_627' title='bbox 1481 4783 1675 4856; x_wconf 87' lang='lat' dir='ltr'><strong>gradus</strong></span> <span class='ocrx_word' id='word_1_628' title='bbox 1698 4801 1788 4856; x_wconf 87' lang='lat' dir='ltr'><strong>per</strong></span> <span class='ocrx_word' id='word_1_629' title='bbox 1811 4786 1924 4840; x_wconf 60' lang='lat' dir='ltr'><strong>Da.</strong></span> 
     </span>
    </p>
   </div>
   <div class='ocr_carea' id='block_1_81' title="bbox 332 4863 1927 4948">
    <p class='ocr_par' dir='ltr' id='par_1_81' title="bbox 332 4863 1927 4948">
     <span class='ocr_line' id='line_1_81' title="bbox 332 4863 1927 4948; baseline 0.009 -27"><span class='ocrx_word' id='word_1_630' title='bbox 332 4863 517 4924; x_wconf 78' lang='lat' dir='ltr'><strong>nielem</strong></span> <span class='ocrx_word' id='word_1_631' title='bbox 556 4876 798 4943; x_wconf 70' lang='lat' dir='ltr'><strong>expressi.</strong></span> <span class='ocrx_word' id='word_1_632' title='bbox 824 4905 893 4916; x_wconf 94' lang='lat'><strong>-—</strong></span> <span class='ocrx_word' id='word_1_633' title='bbox 914 4875 1057 4932; x_wconf 84' lang='lat' dir='ltr'><strong>Bene</strong></span> <span class='ocrx_word' id='word_1_634' title='bbox 1102 4887 1280 4932; x_wconf 88' lang='lat' dir='ltr'><strong>autem</strong></span> <span class='ocrx_word' id='word_1_635' title='bbox 1314 4877 1499 4932; x_wconf 88' lang='lat' dir='ltr'><strong>Daniel</strong></span> <span class='ocrx_word' id='word_1_636' title='bbox 1536 4878 1816 4948; x_wconf 83' lang='lat' dir='ltr'><strong>propheta,</strong></span> <span class='ocrx_word' id='word_1_637' title='bbox 1848 4881 1927 4936; x_wconf 90' lang='lat' dir='ltr'><strong>lo-</strong></span> 
     </span>
    </p>
   </div>
   <div class='ocr_carea' id='block_1_82' title="bbox 331 4967 1925 5041">
    <p class='ocr_par' dir='ltr' id='par_1_82' title="bbox 331 4967 1925 5041">
     <span class='ocr_line' id='line_1_82' title="bbox 331 4967 1925 5041; baseline 0.009 -26"><span class='ocrx_word' id='word_1_638' title='bbox 331 4972 533 5031; x_wconf 88' lang='lat' dir='ltr'><strong>quente</strong></span> <span class='ocrx_word' id='word_1_639' title='bbox 576 4967 644 5021; x_wconf 84' lang='lat' dir='ltr'><strong>ad</strong></span> <span class='ocrx_word' id='word_1_640' title='bbox 686 4981 747 5023; x_wconf 90' lang='lat' dir='ltr'><strong>se</strong></span> <span class='ocrx_word' id='word_1_641' title='bbox 795 4969 1060 5037; x_wconf 90' lang='lat' dir='ltr'><strong>Domino,</strong></span> <span class='ocrx_word' id='word_1_642' title='bbox 1088 4971 1215 5026; x_wconf 91' lang='lat' dir='ltr'><strong>dum</strong></span> <span class='ocrx_word' id='word_1_643' title='bbox 1268 4972 1589 5041; x_wconf 88' lang='lat' dir='ltr'><strong>positionem</strong></span> <span class='ocrx_word' id='word_1_644' title='bbox 1640 4974 1794 5029; x_wconf 87' lang='lat' dir='ltr'><strong>nobis</strong></span> <span class='ocrx_word' id='word_1_645' title='bbox 1840 4975 1925 5031; x_wconf 89' lang='lat' dir='ltr'><strong>sui</strong></span> 
     </span>
    </p>
   </div>
   <div class='ocr_carea' id='block_1_83' title="bbox 330 5057 1922 5128">
    <p class='ocr_par' dir='ltr' id='par_1_83' title="bbox 330 5057 1922 5128">
     <span class='ocr_line' id='line_1_83' title="bbox 330 5057 1922 5128; baseline 0.009 -21"><span class='ocrx_word' id='word_1_646' title='bbox 330 5057 576 5125; x_wconf 89' lang='lat' dir='ltr'><strong>corporis</strong></span> <span class='ocrx_word' id='word_1_647' title='bbox 618 5057 893 5116; x_wconf 85' lang='lat' dir='ltr'><strong>insinuare</strong></span> <span class='ocrx_word' id='word_1_648' title='bbox 940 5060 1180 5128; x_wconf 89' lang='lat' dir='ltr'><strong>studuit,</strong></span> <span class='ocrx_word' id='word_1_649' title='bbox 1212 5064 1328 5118; x_wconf 45' lang='lat' dir='ltr'><strong>haec</strong></span> <span class='ocrx_word' id='word_1_650' title='bbox 1381 5065 1694 5120; x_wconf 89' lang='lat' dir='ltr'><strong>meritorum</strong></span> <span class='ocrx_word' id='word_1_651' title='bbox 1742 5064 1922 5121; x_wconf 86' lang='lat' dir='ltr'><strong>incre-</strong></span> 
     </span>
    </p>
   </div>
   <div class='ocr_carea' id='block_1_84' title="bbox 330 5152 1922 5223">
    <p class='ocr_par' dir='ltr' id='par_1_84' title="bbox 330 5152 1922 5223">
     <span class='ocr_line' id='line_1_84' title="bbox 330 5152 1922 5223; baseline 0.005 -20"><span class='ocrx_word' id='word_1_652' title='bbox 330 5159 513 5206; x_wconf 78' lang='lat' dir='ltr'><strong>menta</strong></span> <span class='ocrx_word' id='word_1_653' title='bbox 557 5152 807 5223; x_wconf 84' lang='lat' dir='ltr'><strong>signavit.</strong></span> <span class='ocrx_word' id='word_1_654' title='bbox 858 5154 946 5210; x_wconf 80' lang='lat' dir='ltr'><strong>Ait</strong></span> <span class='ocrx_word' id='word_1_655' title='bbox 991 5157 1133 5211; x_wconf 89' lang='lat' dir='ltr'><strong>enim</strong></span> <span class='ocrx_word' id='word_1_656' title='bbox 1166 5156 1395 5210; x_wconf 78' lang='lat' dir='ltr'><strong>:Audivi</strong></span> <span class='ocrx_word' id='word_1_657' title='bbox 1444 5157 1922 5212; x_wconf 54' lang='lat' dir='ltr'><strong>vocem‘tierborum</strong></span> 
     </span>
    </p>
   </div>
   <div class='ocr_carea' id='block_1_85' title="bbox 333 5247 1923 5321">
    <p class='ocr_par' dir='ltr' id='par_1_85' title="bbox 333 5247 1923 5321">
     <span class='ocr_line' id='line_1_85' title="bbox 333 5247 1923 5321; baseline 0.006 -24"><span class='ocrx_word' id='word_1_658' title='bbox 333 5250 361 5279; x_wconf 71' lang='grc' dir='ltr'><em>ε</em></span> <span class='ocrx_word' id='word_1_659' title='bbox 391 5248 527 5315; x_wconf 79' lang='lat' dir='ltr'><strong>ejus,</strong></span> <span class='ocrx_word' id='word_1_660' title='bbox 556 5254 606 5301; x_wconf 87' lang='lat' dir='ltr'><strong>et</strong></span> <span class='ocrx_word' id='word_1_661' title='bbox 633 5248 850 5304; x_wconf 86' lang='lat' dir='ltr'><strong>audiens</strong></span> <span class='ocrx_word' id='word_1_662' title='bbox 885 5247 1125 5320; x_wconf 75' lang='lat' dir='ltr'><strong>jacebam</strong></span> <span class='ocrx_word' id='word_1_663' title='bbox 1173 5258 1535 5303; x_wconf 78' lang='lat' dir='ltr'><strong>consternatus</strong></span> <span class='ocrx_word' id='word_1_664' title='bbox 1558 5265 1712 5321; x_wconf 79' lang='lat' dir='ltr'><strong>super</strong></span> <span class='ocrx_word' id='word_1_665' title='bbox 1742 5249 1923 5315; x_wconf 78' lang='lat' dir='ltr'><strong>faciem</strong></span> 
     </span>
    </p>
   </div>
   <div class='ocr_carea' id='block_1_86' title="bbox 404 5359 1187 5429">
    <p class='ocr_par' dir='ltr' id='par_1_86' title="bbox 404 5359 1187 5429">
     <span class='ocr_line' id='line_1_86' title="bbox 404 5359 1187 5429; baseline 0.003 -16"><span class='ocrx_word' id='word_1_666' title='bbox 404 5367 431 5429; x_wconf 54' lang='grc' dir='ltr'>ξ</span> <span class='ocrx_word' id='word_1_667' title='bbox 464 5359 578 5424; x_wconf 68' lang='lat' dir='ltr'><strong>AL,</strong></span> <span class='ocrx_word' id='word_1_668' title='bbox 609 5362 799 5429; x_wconf 87' lang='lat' dir='ltr'><strong>spicas,</strong></span> <span class='ocrx_word' id='word_1_669' title='bbox 833 5361 920 5416; x_wconf 85' lang='lat' dir='ltr'><strong>hic</strong></span> <span class='ocrx_word' id='word_1_670' title='bbox 945 5369 999 5417; x_wconf 87' lang='lat' dir='ltr'><strong>et</strong></span> <span class='ocrx_word' id='word_1_671' title='bbox 1028 5360 1187 5417; x_wconf 90' lang='lat' dir='ltr'><strong>infra.</strong></span> 
     </span>
    </p>
   </div>
   <div class='ocr_carea' id='block_1_87' title="bbox 400 5427 1925 5505">
    <p class='ocr_par' dir='ltr' id='par_1_87' title="bbox 400 5427 1925 5505">
     <span class='ocr_line' id='line_1_87' title="bbox 400 5427 1925 5505; baseline 0.005 -23"><span class='ocrx_word' id='word_1_672' title='bbox 400 5427 431 5468; x_wconf 76' lang='grc' dir='ltr'><strong>ι’</strong></span> <span class='ocrx_word' id='word_1_673' title='bbox 455 5427 737 5505; x_wconf 83' lang='lat' dir='ltr'><strong>_Val._Cl.,</strong></span> <span class='ocrx_word' id='word_1_674' title='bbox 784 5434 1023 5504; x_wconf 89' lang='lat' dir='ltr'><strong>plerique</strong></span> <span class='ocrx_word' id='word_1_675' title='bbox 1055 5433 1241 5488; x_wconf 76' lang='lat' dir='ltr'><strong>Norm.</strong></span> <span class='ocrx_word' id='word_1_676' title='bbox 1281 5442 1338 5488; x_wconf 87' lang='lat' dir='ltr'><strong>et.</strong></span> <span class='ocrx_word' id='word_1_677' title='bbox 1379 5431 1687 5505; x_wconf 85' lang='lat' dir='ltr'><strong>Sangerm.,</strong></span> <span class='ocrx_word' id='word_1_678' title='bbox 1720 5449 1837 5487; x_wconf 87' lang='lat' dir='ltr'><strong>cum</strong></span> <span class='ocrx_word' id='word_1_679' title='bbox 1870 5449 1925 5489; x_wconf 86' lang='lat' dir='ltr'><strong>se</strong></span> 
     </span>
    </p>
   </div>
   <div class='ocr_carea' id='block_1_88' title="bbox 328 5501 881 5575">
    <p class='ocr_par' dir='ltr' id='par_1_88' title="bbox 328 5501 881 5575">
     <span class='ocr_line' id='line_1_88' title="bbox 328 5501 881 5575; baseline 0.007 -21"><span class='ocrx_word' id='word_1_680' title='bbox 328 5501 634 5575; x_wconf 69' lang='lat' dir='ltr'><strong>produxerit</strong></span> <span class='ocrx_word' id='word_1_681' title='bbox 665 5501 881 5573; x_wconf 82' lang='lat' dir='ltr'><strong>fructus.</strong></span> 
     </span>
    </p>
   </div>
   <div class='ocr_carea' id='block_1_89' title="bbox 409 5572 1551 5644">
    <p class='ocr_par' dir='ltr' id='par_1_89' title="bbox 409 5572 1551 5644">
     <span class='ocr_line' id='line_1_89' title="bbox 409 5572 1551 5644; baseline 0 -15"><span class='ocrx_word' id='word_1_682' title='bbox 409 5582 432 5644; x_wconf 67' lang='grc' dir='ltr'>ς</span> <span class='ocrx_word' id='word_1_683' title='bbox 461 5572 576 5644; x_wconf 55' lang='lat' dir='ltr'><strong>ﬁon</strong></span> <span class='ocrx_word' id='word_1_684' title='bbox 605 5572 797 5642; x_wconf 73' lang='lat' dir='ltr'><strong>legitur</strong></span> <span class='ocrx_word' id='word_1_685' title='bbox 824 5576 876 5629; x_wconf 85' lang='lat' dir='ltr'><strong>in</strong></span> <span class='ocrx_word' id='word_1_686' title='bbox 908 5576 1049 5643; x_wconf 79' lang='lat' dir='ltr'><strong>spica</strong></span> <span class='ocrx_word' id='word_1_687' title='bbox 1073 5574 1123 5629; x_wconf 91' lang='lat' dir='ltr'><strong>in</strong></span> <span class='ocrx_word' id='word_1_688' title='bbox 1155 5572 1297 5631; x_wconf 90' lang='lat' dir='ltr'><strong>Utic.</strong></span> <span class='ocrx_word' id='word_1_689' title='bbox 1330 5583 1384 5629; x_wconf 89' lang='lat' dir='ltr'><strong>et</strong></span> <span class='ocrx_word' id='word_1_690' title='bbox 1414 5575 1551 5644; x_wconf 90' lang='lat' dir='ltr'><strong>plur.</strong></span> 
     </span>
    </p>
   </div>
   <div class='ocr_carea' id='block_1_90' title="bbox 403 5638 1051 5710">
    <p class='ocr_par' dir='ltr' id='par_1_90' title="bbox 403 5638 1051 5710">
     <span class='ocr_line' id='line_1_90' title="bbox 403 5638 1051 5710; baseline 0.008 -15"><span class='ocrx_word' id='word_1_691' title='bbox 403 5638 431 5679; x_wconf 66' lang='grc' dir='ltr'><strong>τι</strong></span> <span class='ocrx_word' id='word_1_692' title='bbox 461 5641 576 5696; x_wconf 82' lang='lat' dir='ltr'><strong>Val.</strong></span> <span class='ocrx_word' id='word_1_693' title='bbox 606 5638 712 5710; x_wconf 38' lang='lat' dir='ltr'><strong>CII,</strong></span> <span class='ocrx_word' id='word_1_694' title='bbox 749 5646 804 5699; x_wconf 86' lang='lat' dir='ltr'><strong>in</strong></span> <span class='ocrx_word' id='word_1_695' title='bbox 831 5638 1051 5700; x_wconf 73' lang='lat' dir='ltr'><strong>tartara.</strong></span> 
     </span>
    </p>
   </div>
   <div class='ocr_carea' id='block_1_91' title="bbox 406 5708 1885 5788">
    <p class='ocr_par' dir='ltr' id='par_1_91' title="bbox 406 5708 1885 5788">
     <span class='ocr_line' id='line_1_91' title="bbox 406 5708 1885 5788; baseline 0.004 -21"><span class='ocrx_word' id='word_1_696' title='bbox 406 5721 434 5788; x_wconf 65' lang='grc' dir='ltr'>ε</span> <span class='ocrx_word' id='word_1_697' title='bbox 469 5713 631 5788; x_wconf 71' lang='lat' dir='ltr'><strong>Deest</strong></span> <span class='ocrx_word' id='word_1_698' title='bbox 658 5708 770 5788; x_wconf 55' lang='lat' dir='ltr'><strong>eius</strong></span> <span class='ocrx_word' id='word_1_699' title='bbox 796 5716 849 5771; x_wconf 89' lang='lat' dir='ltr'><strong>in</strong></span> <span class='ocrx_word' id='word_1_700' title='bbox 894 5717 1057 5788; x_wconf 84' lang='lat' dir='ltr'><strong>Utic.,</strong></span> <span class='ocrx_word' id='word_1_701' title='bbox 1088 5717 1273 5782; x_wconf 87' lang='lat' dir='ltr'><strong>Becc.,</strong></span> <span class='ocrx_word' id='word_1_702' title='bbox 1306 5716 1451 5772; x_wconf 87' lang='lat' dir='ltr'><strong>Prat.</strong></span> <span class='ocrx_word' id='word_1_703' title='bbox 1482 5727 1538 5774; x_wconf 90' lang='lat' dir='ltr'><strong>et</strong></span> <span class='ocrx_word' id='word_1_704' title='bbox 1562 5716 1846 5788; x_wconf 87' lang='lat' dir='ltr'><strong>Sangerm.</strong></span> <span class='ocrx_word' id='word_1_705' title='bbox 1880 5708 1885 5711; x_wconf 73' lang='grc'><em>’</em></span> 
     </span>
    </p>
   </div>
   <div class='ocr_carea' id='block_1_92' title="bbox 411 5781 1919 5869">
    <p class='ocr_par' dir='ltr' id='par_1_92' title="bbox 411 5781 1919 5869">
     <span class='ocr_line' id='line_1_92' title="bbox 411 5781 1919 5869; baseline 0.005 -32"><span class='ocrx_word' id='word_1_706' title='bbox 411 5781 431 5821; x_wconf 66' lang='grc' dir='ltr'><em>τ</em></span> <span class='ocrx_word' id='word_1_707' title='bbox 459 5784 624 5839; x_wconf 85' lang='lat' dir='ltr'><strong>Corb.</strong></span> <span class='ocrx_word' id='word_1_708' title='bbox 676 5781 880 5849; x_wconf 65' lang='grc' dir='ltr'><strong>ϐαίη..</strong></span> <span class='ocrx_word' id='word_1_709' title='bbox 914 5781 1053 5844; x_wconf 57' lang='grc' dir='ltr'><strong>γει(</strong></span> <span class='ocrx_word' id='word_1_710' title='bbox 1078 5788 1160 5869; x_wconf 74' lang='lat' dir='ltr'><strong>Cl.</strong></span> <span class='ocrx_word' id='word_1_711' title='bbox 1191 5781 1264 5843; x_wconf 88' lang='lat' dir='ltr'><strong>et</strong></span> <span class='ocrx_word' id='word_1_712' title='bbox 1276 5788 1517 5860; x_wconf 88' lang='lat' dir='ltr'><strong>plerique</strong></span> <span class='ocrx_word' id='word_1_713' title='bbox 1552 5781 1761 5857; x_wconf 70' lang='grc' dir='ltr'><strong>Νονιῖι..</strong></span> <span class='ocrx_word' id='word_1_714' title='bbox 1804 5806 1919 5845; x_wconf 85' lang='lat' dir='ltr'><strong>cum</strong></span> 
     </span>
    </p>
   </div>
   <div class='ocr_carea' id='block_1_93' title="bbox 329 5868 569 5913">
    <p class='ocr_par' dir='ltr' id='par_1_93' title="bbox 329 5868 569 5913">
     <span class='ocr_line' id='line_1_93' title="bbox 329 5868 569 5913; baseline -0.021 0"><span class='ocrx_word' id='word_1_715' title='bbox 329 5868 569 5913; x_wconf 69' lang='lat' dir='ltr'><strong>terrente.</strong></span> 
     </span>
    </p>
   </div>
   <div class='ocr_carea' id='block_1_94' title="bbox 408 5925 1805 6000">
    <p class='ocr_par' dir='ltr' id='par_1_94' title="bbox 408 5925 1805 6000">
     <span class='ocr_line' id='line_1_94' title="bbox 408 5925 1805 6000; baseline 0.006 -20"><span class='ocrx_word' id='word_1_716' title='bbox 408 5936 437 5975; x_wconf 77' lang='grc' dir='ltr'>ι</span> <span class='ocrx_word' id='word_1_717' title='bbox 468 5925 749 5985; x_wconf 81' lang='lat' dir='ltr'><strong>lnTuron.</strong></span> <span class='ocrx_word' id='word_1_718' title='bbox 780 5929 1025 5988; x_wconf 66' lang='lat' dir='ltr'><strong>et’Corb.</strong></span> <span class='ocrx_word' id='word_1_719' title='bbox 1054 5929 1264 5997; x_wconf 51' lang='lat' dir='ltr'><strong>Germ&quot;</strong></span> <span class='ocrx_word' id='word_1_720' title='bbox 1289 5930 1358 5987; x_wconf 86' lang='lat' dir='ltr'><strong>ad</strong></span> <span class='ocrx_word' id='word_1_721' title='bbox 1398 5936 1510 5998; x_wconf 74' lang='lat' dir='ltr'><strong>eius</strong></span> <span class='ocrx_word' id='word_1_722' title='bbox 1531 5941 1805 6000; x_wconf 71' lang='lat' dir='ltr'><strong>priet-cpta.</strong></span> 
     </span>
    </p>
   </div>
   <div class='ocr_carea' id='block_1_95' title="bbox 2027 3390 3611 3473">
    <p class='ocr_par' dir='ltr' id='par_1_95' title="bbox 2027 3390 3611 3473">
     <span class='ocr_line' id='line_1_95' title="bbox 2027 3390 3611 3473; baseline 0.013 -31"><span class='ocrx_word' id='word_1_723' title='bbox 2027 3403 2132 3459; x_wconf 90' lang='lat' dir='ltr'><strong>quo</strong></span> <span class='ocrx_word' id='word_1_724' title='bbox 2159 3390 2369 3459; x_wconf 74' lang='lat' dir='ltr'><strong>plenius</strong></span> <span class='ocrx_word' id='word_1_725' title='bbox 2396 3396 2767 3465; x_wconf 84' lang='lat' dir='ltr'><strong>cognoscimus</strong></span> <span class='ocrx_word' id='word_1_726' title='bbox 2796 3400 2913 3467; x_wconf 86' lang='lat' dir='ltr'><strong>plus</strong></span> <span class='ocrx_word' id='word_1_727' title='bbox 2942 3401 3209 3463; x_wconf 85' lang='lat' dir='ltr'><strong>timemus.</strong></span> <span class='ocrx_word' id='word_1_728' title='bbox 3251 3406 3442 3473; x_wconf 84' lang='lat' dir='ltr'><strong>Adhuc</strong></span> <span class='ocrx_word' id='word_1_729' title='bbox 3466 3410 3611 3463; x_wconf 89' lang='lat' dir='ltr'><strong>enim</strong></span> 
     </span>
    </p>
   </div>
   <div class='ocr_carea' id='block_1_96' title="bbox 2027 3482 3612 3569">
    <p class='ocr_par' dir='ltr' id='par_1_96' title="bbox 2027 3482 3612 3569">
     <span class='ocr_line' id='line_1_96' title="bbox 2027 3482 3612 3569; baseline 0.015 -36"><span class='ocrx_word' id='word_1_730' title='bbox 2027 3482 2177 3552; x_wconf 90' lang='lat' dir='ltr'><strong>quasi</strong></span> <span class='ocrx_word' id='word_1_731' title='bbox 2206 3484 2254 3537; x_wconf 91' lang='lat' dir='ltr'><strong>in</strong></span> <span class='ocrx_word' id='word_1_732' title='bbox 2284 3494 2421 3540; x_wconf 90' lang='lat' dir='ltr'><strong>terra</strong></span> <span class='ocrx_word' id='word_1_733' title='bbox 2444 3487 2607 3556; x_wconf 80' lang='lat' dir='ltr'><strong>jacet,</strong></span> <span class='ocrx_word' id='word_1_734' title='bbox 2632 3492 2720 3558; x_wconf 87' lang='lat' dir='ltr'><strong>qui</strong></span> <span class='ocrx_word' id='word_1_735' title='bbox 2750 3492 2817 3547; x_wconf 89' lang='lat' dir='ltr'><strong>ad</strong></span> <span class='ocrx_word' id='word_1_736' title='bbox 2848 3494 3084 3551; x_wconf 75' lang='lat' dir='ltr'><strong>coelestia</strong></span> <span class='ocrx_word' id='word_1_737' title='bbox 3114 3499 3245 3569; x_wconf 84' lang='lat' dir='ltr'><strong>erigi</strong></span> <span class='ocrx_word' id='word_1_738' title='bbox 3276 3509 3612 3557; x_wconf 78' lang='lat' dir='ltr'><strong>terrenarum</strong></span> 
     </span>
    </p>
   </div>
   <div class='ocr_carea' id='block_1_97' title="bbox 2028 3572 3612 3647">
    <p class='ocr_par' dir='ltr' id='par_1_97' title="bbox 2028 3572 3612 3647">
     <span class='ocr_line' id='line_1_97' title="bbox 2028 3572 3612 3647; baseline 0.013 -21"><span class='ocrx_word' id='word_1_739' title='bbox 2028 3572 2311 3629; x_wconf 87' lang='lat' dir='ltr'><strong>desideriis</strong></span> <span class='ocrx_word' id='word_1_740' title='bbox 2355 3578 2594 3646; x_wconf 83' lang='lat' dir='ltr'><strong>negligit.</strong></span> <span class='ocrx_word' id='word_1_741' title='bbox 2654 3579 2815 3647; x_wconf 89' lang='lat' dir='ltr'><strong>Quasi</strong></span> <span class='ocrx_word' id='word_1_742' title='bbox 2863 3586 3175 3643; x_wconf 79' lang='lat' dir='ltr'><strong>sublevatus</strong></span> <span class='ocrx_word' id='word_1_743' title='bbox 3212 3602 3389 3646; x_wconf 89' lang='lat' dir='ltr'><strong>autem</strong></span> <span class='ocrx_word' id='word_1_744' title='bbox 3439 3594 3612 3647; x_wconf 90' lang='lat' dir='ltr'><strong>adhuc</strong></span> 
     </span>
    </p>
   </div>
   <div class='ocr_carea' id='block_1_98' title="bbox 2027 3663 3681 3750">
    <p class='ocr_par' dir='ltr' id='par_1_98' title="bbox 2027 3663 3681 3750">
     <span class='ocr_line' id='line_1_98' title="bbox 2027 3663 3681 3750; baseline 0.015 -34"><span class='ocrx_word' id='word_1_745' title='bbox 2027 3663 2273 3719; x_wconf 88' lang='lat' dir='ltr'><strong>manibus</strong></span> <span class='ocrx_word' id='word_1_746' title='bbox 2303 3675 2356 3720; x_wconf 86' lang='lat' dir='ltr'><strong>et</strong></span> <span class='ocrx_word' id='word_1_747' title='bbox 2382 3668 2607 3736; x_wconf 70' lang='lat' dir='ltr'><strong>genibus</strong></span> <span class='ocrx_word' id='word_1_748' title='bbox 2638 3672 2920 3740; x_wconf 89' lang='lat' dir='ltr'><strong>incumbit,</strong></span> <span class='ocrx_word' id='word_1_749' title='bbox 2952 3678 3042 3746; x_wconf 89' lang='lat' dir='ltr'><strong>qui</strong></span> <span class='ocrx_word' id='word_1_750' title='bbox 3071 3681 3313 3748; x_wconf 67' lang='lat' dir='ltr'><strong>quaedam</strong></span> <span class='ocrx_word' id='word_1_751' title='bbox 3336 3684 3445 3750; x_wconf 85' lang='lat' dir='ltr'><strong>jam</strong></span> <span class='ocrx_word' id='word_1_752' title='bbox 3476 3700 3506 3738; x_wconf 91' lang='lat' dir='ltr'><strong>c</strong></span> <span class='ocrx_word' id='word_1_753' title='bbox 3530 3702 3612 3738; x_wconf 82' lang='grc' dir='ltr'><strong>ιη·</strong></span> <span class='ocrx_word' id='word_1_754' title='bbox 3670 3672 3681 3683; x_wconf 64' lang='grc'><em>’</em></span> 
     </span>
    </p>
   </div>
   <div class='ocr_carea' id='block_1_99' title="bbox 2029 3754 3608 3843">
    <p class='ocr_par' dir='ltr' id='par_1_99' title="bbox 2029 3754 3608 3843">
     <span class='ocr_line' id='line_1_99' title="bbox 2029 3754 3608 3843; baseline 0.016 -36"><span class='ocrx_word' id='word_1_755' title='bbox 2029 3754 2164 3822; x_wconf 79' lang='lat' dir='ltr'><strong>tagia</strong></span> <span class='ocrx_word' id='word_1_756' title='bbox 2194 3755 2413 3824; x_wconf 89' lang='lat' dir='ltr'><strong>deserit,</strong></span> <span class='ocrx_word' id='word_1_757' title='bbox 2437 3760 2528 3814; x_wconf 88' lang='lat' dir='ltr'><strong>sed</strong></span> <span class='ocrx_word' id='word_1_758' title='bbox 2557 3762 2873 3831; x_wconf 77' lang='lat' dir='ltr'><strong>quibusdam</strong></span> <span class='ocrx_word' id='word_1_759' title='bbox 2901 3767 3076 3824; x_wconf 84' lang='lat' dir='ltr'><strong>adhuc</strong></span> <span class='ocrx_word' id='word_1_760' title='bbox 3095 3774 3320 3827; x_wconf 88' lang='lat' dir='ltr'><strong>terrenis</strong></span> <span class='ocrx_word' id='word_1_761' title='bbox 3352 3777 3608 3843; x_wconf 81' lang='lat' dir='ltr'><strong>operibus</strong></span> 
     </span>
    </p>
   </div>
   <div class='ocr_carea' id='block_1_100' title="bbox 2028 3851 3611 3927">
    <p class='ocr_par' dir='ltr' id='par_1_100' title="bbox 2028 3851 3611 3927">
     <span class='ocr_line' id='line_1_100' title="bbox 2028 3851 3611 3927; baseline 0.017 -27"><span class='ocrx_word' id='word_1_762' title='bbox 2028 3862 2131 3901; x_wconf 90' lang='lat' dir='ltr'><strong>non</strong></span> <span class='ocrx_word' id='word_1_763' title='bbox 2161 3851 2506 3907; x_wconf 82' lang='lat' dir='ltr'><strong>contradicit.</strong></span> <span class='ocrx_word' id='word_1_764' title='bbox 2555 3854 2669 3909; x_wconf 87' lang='lat' dir='ltr'><strong>Jam</strong></span> <span class='ocrx_word' id='word_1_765' title='bbox 2703 3871 2829 3913; x_wconf 86' lang='lat' dir='ltr'><strong>vero</strong></span> <span class='ocrx_word' id='word_1_766' title='bbox 2859 3859 2924 3914; x_wconf 90' lang='lat' dir='ltr'><strong>ad</strong></span> <span class='ocrx_word' id='word_1_767' title='bbox 2953 3862 3112 3917; x_wconf 89' lang='lat' dir='ltr'><strong>verba</strong></span> <span class='ocrx_word' id='word_1_768' title='bbox 3148 3864 3239 3920; x_wconf 90' lang='lat' dir='ltr'><strong>Dei</strong></span> <span class='ocrx_word' id='word_1_769' title='bbox 3282 3877 3492 3924; x_wconf 90' lang='lat' dir='ltr'><strong>erectus</strong></span> <span class='ocrx_word' id='word_1_770' title='bbox 3521 3886 3611 3927; x_wconf 87' lang='lat' dir='ltr'><strong>as-</strong></span> 
     </span>
    </p>
   </div>
   <div class='ocr_carea' id='block_1_101' title="bbox 2026 3941 3611 4033">
    <p class='ocr_par' dir='ltr' id='par_1_101' title="bbox 2026 3941 3611 4033">
     <span class='ocr_line' id='line_1_101' title="bbox 2026 3941 3611 4033; baseline 0.016 -39"><span class='ocrx_word' id='word_1_771' title='bbox 2026 3941 2185 4009; x_wconf 78' lang='lat' dir='ltr'><strong>sistit,</strong></span> <span class='ocrx_word' id='word_1_772' title='bbox 2219 3944 2309 4013; x_wconf 91' lang='lat' dir='ltr'><strong>qui</strong></span> <span class='ocrx_word' id='word_1_773' title='bbox 2341 3945 2576 4013; x_wconf 83' lang='lat' dir='ltr'><strong>perfecte</strong></span> <span class='ocrx_word' id='word_1_774' title='bbox 2604 3960 2834 4004; x_wconf 88' lang='lat' dir='ltr'><strong>mentem</strong></span> <span class='ocrx_word' id='word_1_775' title='bbox 2863 3954 2929 4006; x_wconf 91' lang='lat' dir='ltr'><strong>ad</strong></span> <span class='ocrx_word' id='word_1_776' title='bbox 2958 3956 3205 4011; x_wconf 83' lang='lat' dir='ltr'><strong>sublimia</strong></span> <span class='ocrx_word' id='word_1_777' title='bbox 3235 3959 3408 4030; x_wconf 89' lang='lat' dir='ltr'><strong>erigit,</strong></span> <span class='ocrx_word' id='word_1_778' title='bbox 3432 3975 3485 4017; x_wconf 85' lang='lat' dir='ltr'><strong>et</strong></span> <span class='ocrx_word' id='word_1_779' title='bbox 3516 3978 3611 4033; x_wconf 87' lang='lat' dir='ltr'><strong>per</strong></span> 
     </span>
    </p>
   </div>
   <div class='ocr_carea' id='block_1_102' title="bbox 2026 4035 3239 4107">
    <p class='ocr_par' dir='ltr' id='par_1_102' title="bbox 2026 4035 3239 4107">
     <span class='ocr_line' id='line_1_102' title="bbox 2026 4035 3239 4107; baseline 0.015 -18"><span class='ocrx_word' id='word_1_780' title='bbox 2026 4035 2296 4093; x_wconf 90' lang='lat' dir='ltr'><strong>immunda</strong></span> <span class='ocrx_word' id='word_1_781' title='bbox 2326 4040 2587 4097; x_wconf 87' lang='lat' dir='ltr'><strong>desideria</strong></span> <span class='ocrx_word' id='word_1_782' title='bbox 2619 4041 2892 4103; x_wconf 85' lang='lat' dir='ltr'><strong>incurvari</strong></span> <span class='ocrx_word' id='word_1_783' title='bbox 2923 4052 3239 4107; x_wconf 88' lang='lat' dir='ltr'><strong>contemnit.</strong></span> 
     </span>
    </p>
   </div>
   <div class='ocr_carea' id='block_1_103' title="bbox 2098 4129 3615 4211">
    <p class='ocr_par' dir='ltr' id='par_1_103' title="bbox 2098 4129 3615 4211">
     <span class='ocr_line' id='line_1_103' title="bbox 2098 4129 3615 4211; baseline 0.014 -28"><span class='ocrx_word' id='word_1_784' title='bbox 2098 4129 2186 4184; x_wconf 82' lang='grc'><strong>48.</strong></span> <span class='ocrx_word' id='word_1_785' title='bbox 2230 4131 2275 4184; x_wconf 83' lang='grc' dir='ltr'><strong><em>Α</em></strong></span> <span class='ocrx_word' id='word_1_786' title='bbox 2318 4133 2498 4188; x_wconf 87' lang='lat' dir='ltr'><strong>timore</strong></span> <span class='ocrx_word' id='word_1_787' title='bbox 2527 4133 2596 4187; x_wconf 91' lang='lat' dir='ltr'><strong>ad</strong></span> <span class='ocrx_word' id='word_1_788' title='bbox 2638 4147 2939 4191; x_wconf 79' lang='lat' dir='ltr'><strong>amarentet</strong></span> <span class='ocrx_word' id='word_1_789' title='bbox 2970 4139 3270 4197; x_wconf 81' lang='lat' dir='ltr'><strong>cliaritatem</strong></span> <span class='ocrx_word' id='word_1_790' title='bbox 3313 4148 3615 4211; x_wconf 82' lang='lat' dir='ltr'><strong>pervenien-</strong></span> 
     </span>
    </p>
   </div>
   <div class='ocr_carea' id='block_1_104' title="bbox 2027 4226 3617 4310">
    <p class='ocr_par' dir='ltr' id='par_1_104' title="bbox 2027 4226 3617 4310">
     <span class='ocr_line' id='line_1_104' title="bbox 2027 4226 3617 4310; baseline 0.011 -29"><span class='ocrx_word' id='word_1_791' title='bbox 2027 4228 2262 4282; x_wconf 89' lang='lat' dir='ltr'><strong>dum.—</strong></span> <span class='ocrx_word' id='word_1_792' title='bbox 2285 4226 2430 4282; x_wconf 88' lang='lat' dir='ltr'><strong>Bene</strong></span> <span class='ocrx_word' id='word_1_793' title='bbox 2475 4237 2651 4283; x_wconf 87' lang='lat' dir='ltr'><strong>autem</strong></span> <span class='ocrx_word' id='word_1_794' title='bbox 2705 4239 3019 4291; x_wconf 85' lang='lat' dir='ltr'><strong>trementem</strong></span> <span class='ocrx_word' id='word_1_795' title='bbox 3052 4251 3112 4293; x_wconf 88' lang='lat' dir='ltr'><strong>se</strong></span> <span class='ocrx_word' id='word_1_796' title='bbox 3137 4238 3350 4294; x_wconf 83' lang='lat' dir='ltr'><strong>stetisse</strong></span> <span class='ocrx_word' id='word_1_797' title='bbox 3394 4242 3617 4310; x_wconf 87' lang='lat' dir='ltr'><strong>indicat,</strong></span> 
     </span>
    </p>
   </div>
   <div class='ocr_carea' id='block_1_105' title="bbox 2025 4322 3615 4402">
    <p class='ocr_par' dir='ltr' id='par_1_105' title="bbox 2025 4322 3615 4402">
     <span class='ocr_line' id='line_1_105' title="bbox 2025 4322 3615 4402; baseline 0.011 -28"><span class='ocrx_word' id='word_1_798' title='bbox 2025 4322 2147 4391; x_wconf 86' lang='lat' dir='ltr'><strong>quia</strong></span> <span class='ocrx_word' id='word_1_799' title='bbox 2198 4334 2422 4375; x_wconf 78' lang='lat' dir='ltr'><strong>examen</strong></span> <span class='ocrx_word' id='word_1_800' title='bbox 2477 4322 2786 4379; x_wconf 85' lang='lat' dir='ltr'><strong>subtilitatis</strong></span> <span class='ocrx_word' id='word_1_801' title='bbox 2835 4326 3080 4397; x_wconf 65' lang='lat' dir='ltr'><strong>internae,</strong></span> <span class='ocrx_word' id='word_1_802' title='bbox 3109 4346 3216 4401; x_wconf 93' lang='lat' dir='ltr'><strong>quo</strong></span> <span class='ocrx_word' id='word_1_803' title='bbox 3245 4334 3361 4402; x_wconf 89' lang='lat' dir='ltr'><strong>plus</strong></span> <span class='ocrx_word' id='word_1_804' title='bbox 3386 4335 3453 4390; x_wconf 87' lang='lat' dir='ltr'><strong>ad</strong></span> <span class='ocrx_word' id='word_1_805' title='bbox 3484 4337 3615 4392; x_wconf 92' lang='lat' dir='ltr'><strong>illud</strong></span> 
     </span>
    </p>
   </div>
   <div class='ocr_carea' id='block_1_106' title="bbox 2026 4402 3617 4501">
    <p class='ocr_par' dir='ltr' id='par_1_106' title="bbox 2026 4402 3617 4501">
     <span class='ocr_line' id='line_1_106' title="bbox 2026 4402 3617 4501; baseline 0.017 -36"><span class='ocrx_word' id='word_1_806' title='bbox 2026 4415 2333 4485; x_wconf 85' lang='lat' dir='ltr'><strong>proficitur,</strong></span> <span class='ocrx_word' id='word_1_807' title='bbox 2360 4402 2588 4486; x_wconf 87' lang='lat' dir='ltr'><strong>amplius</strong></span> <span class='ocrx_word' id='word_1_808' title='bbox 2622 4419 2959 4480; x_wconf 79' lang='lat' dir='ltr'><strong>formidatur.</strong></span> <span class='ocrx_word' id='word_1_809' title='bbox 2998 4428 3097 4483; x_wconf 88' lang='lat' dir='ltr'><strong>Ubi</strong></span> <span class='ocrx_word' id='word_1_810' title='bbox 3128 4439 3249 4501; x_wconf 86' lang='lat' dir='ltr'><strong>apte</strong></span> <span class='ocrx_word' id='word_1_811' title='bbox 3279 4433 3456 4489; x_wconf 87' lang='lat' dir='ltr'><strong>divina</strong></span> <span class='ocrx_word' id='word_1_812' title='bbox 3483 4451 3617 4493; x_wconf 87' lang='lat' dir='ltr'><strong>voce</strong></span> 
     </span>
    </p>
   </div>
   <div class='ocr_carea' id='block_1_107' title="bbox 2024 4510 3613 4597">
    <p class='ocr_par' dir='ltr' id='par_1_107' title="bbox 2024 4510 3613 4597">
     <span class='ocr_line' id='line_1_107' title="bbox 2024 4510 3613 4597; baseline 0.011 -34"><span class='ocrx_word' id='word_1_813' title='bbox 2024 4510 2361 4579; x_wconf 80' lang='lat' dir='ltr'><strong>subjungitur</strong></span> <span class='ocrx_word' id='word_1_814' title='bbox 2387 4530 2399 4564; x_wconf 94' lang='lat'>:</span> <span class='ocrx_word' id='word_1_815' title='bbox 2428 4511 2555 4565; x_wconf 85' lang='lat' dir='ltr'><strong>Noli</strong></span> <span class='ocrx_word' id='word_1_816' title='bbox 2579 4525 2820 4581; x_wconf 78' lang='lat' dir='ltr'><strong>metuere,</strong></span> <span class='ocrx_word' id='word_1_817' title='bbox 2850 4519 2972 4588; x_wconf 87' lang='lat' dir='ltr'><strong>quia</strong></span> <span class='ocrx_word' id='word_1_818' title='bbox 3007 4534 3125 4575; x_wconf 90' lang='lat' dir='ltr'><strong>cum</strong></span> <span class='ocrx_word' id='word_1_819' title='bbox 3172 4523 3435 4596; x_wconf 79' lang='lat' dir='ltr'><strong>plus,ipsi</strong></span> <span class='ocrx_word' id='word_1_820' title='bbox 3468 4526 3613 4597; x_wconf 88' lang='lat' dir='ltr'><strong>quod</strong></span> 
     </span>
    </p>
   </div>
   <div class='ocr_carea' id='block_1_108' title="bbox 2030 4602 3617 4686">
    <p class='ocr_par' dir='ltr' id='par_1_108' title="bbox 2030 4602 3617 4686">
     <span class='ocr_line' id='line_1_108' title="bbox 2030 4602 3617 4686; baseline 0.013 -30"><span class='ocrx_word' id='word_1_821' title='bbox 2030 4602 2318 4658; x_wconf 81' lang='lat' dir='ltr'><strong>timeamus</strong></span> <span class='ocrx_word' id='word_1_822' title='bbox 2344 4607 2715 4676; x_wconf 86' lang='lat' dir='ltr'><strong>agnoscimus,</strong></span> <span class='ocrx_word' id='word_1_823' title='bbox 2748 4612 2865 4679; x_wconf 90' lang='lat' dir='ltr'><strong>plus</strong></span> <span class='ocrx_word' id='word_1_824' title='bbox 2910 4612 3063 4669; x_wconf 86' lang='lat' dir='ltr'><strong>nobis</strong></span> <span class='ocrx_word' id='word_1_825' title='bbox 3092 4613 3159 4669; x_wconf 91' lang='lat' dir='ltr'><strong>de</strong></span> <span class='ocrx_word' id='word_1_826' title='bbox 3189 4615 3297 4671; x_wconf 91' lang='lat' dir='ltr'><strong>Deo</strong></span> <span class='ocrx_word' id='word_1_827' title='bbox 3328 4634 3422 4686; x_wconf 90' lang='lat' dir='ltr'><strong>per</strong></span> <span class='ocrx_word' id='word_1_828' title='bbox 3449 4620 3617 4675; x_wconf 90' lang='lat' dir='ltr'><strong>inter-</strong></span> 
     </span>
    </p>
   </div>
   <div class='ocr_carea' id='block_1_109' title="bbox 1953 4691 3619 4783">
    <p class='ocr_par' dir='ltr' id='par_1_109' title="bbox 1953 4691 3619 4783">
     <span class='ocr_line' id='line_1_109' title="bbox 1953 4691 3619 4783; baseline 0.013 -33"><span class='ocrx_word' id='word_1_829' title='bbox 1953 4691 2005 4752; x_wconf 90' lang='lat' dir='ltr'><strong>D</strong></span> <span class='ocrx_word' id='word_1_830' title='bbox 2031 4711 2153 4751; x_wconf 88' lang='lat' dir='ltr'><strong>nam</strong></span> <span class='ocrx_word' id='word_1_831' title='bbox 2180 4699 2402 4767; x_wconf 89' lang='lat' dir='ltr'><strong>gratiam</strong></span> <span class='ocrx_word' id='word_1_832' title='bbox 2440 4699 2737 4756; x_wconf 88' lang='lat' dir='ltr'><strong>infunditur</strong></span> <span class='ocrx_word' id='word_1_833' title='bbox 2773 4708 2916 4773; x_wconf 88' lang='lat' dir='ltr'><strong>quod</strong></span> <span class='ocrx_word' id='word_1_834' title='bbox 2960 4721 3236 4775; x_wconf 89' lang='lat' dir='ltr'><strong>amemus;</strong></span> <span class='ocrx_word' id='word_1_835' title='bbox 3266 4722 3543 4783; x_wconf 15' lang='lat' dir='ltr'><strong>quatenus,</strong></span> <span class='ocrx_word' id='word_1_836' title='bbox 3564 4724 3619 4771; x_wconf 89' lang='lat' dir='ltr'><strong>et</strong></span> 
     </span>
    </p>
   </div>
   <div class='ocr_carea' id='block_1_110' title="bbox 2030 4793 3619 4870">
    <p class='ocr_par' dir='ltr' id='par_1_110' title="bbox 2030 4793 3619 4870">
     <span class='ocr_line' id='line_1_110' title="bbox 2030 4793 3619 4870; baseline 0.012 -29"><span class='ocrx_word' id='word_1_837' title='bbox 2030 4797 2367 4856; x_wconf 87' lang='lat' dir='ltr'><strong>contemptus</strong></span> <span class='ocrx_word' id='word_1_838' title='bbox 2395 4801 2576 4845; x_wconf 85' lang='lat' dir='ltr'><strong>noster</strong></span> <span class='ocrx_word' id='word_1_839' title='bbox 2606 4793 2879 4863; x_wconf 90' lang='lat' dir='ltr'><strong>paulisper</strong></span> <span class='ocrx_word' id='word_1_840' title='bbox 2910 4807 3142 4853; x_wconf 85' lang='lat' dir='ltr'><strong>transeat</strong></span> <span class='ocrx_word' id='word_1_841' title='bbox 3172 4802 3221 4855; x_wconf 93' lang='lat' dir='ltr'><strong>in</strong></span> <span class='ocrx_word' id='word_1_842' title='bbox 3255 4803 3501 4858; x_wconf 85' lang='lat' dir='ltr'><strong>timorem</strong></span> <span class='ocrx_word' id='word_1_843' title='bbox 3524 4846 3539 4870; x_wconf 94' lang='lat'><strong>,</strong></span> <span class='ocrx_word' id='word_1_844' title='bbox 3564 4814 3619 4862; x_wconf 88' lang='lat' dir='ltr'><strong>et</strong></span> 
     </span>
    </p>
   </div>
   <div class='ocr_carea' id='block_1_111' title="bbox 2032 4879 3619 4963">
    <p class='ocr_par' dir='ltr' id='par_1_111' title="bbox 2032 4879 3619 4963">
     <span class='ocr_line' id='line_1_111' title="bbox 2032 4879 3619 4963; baseline 0.012 -30"><span class='ocrx_word' id='word_1_845' title='bbox 2032 4879 2192 4934; x_wconf 90' lang='lat' dir='ltr'><strong>timor</strong></span> <span class='ocrx_word' id='word_1_846' title='bbox 2244 4892 2478 4937; x_wconf 83' lang='lat' dir='ltr'><strong>transeat</strong></span> <span class='ocrx_word' id='word_1_847' title='bbox 2529 4884 2581 4939; x_wconf 90' lang='lat' dir='ltr'><strong>in</strong></span> <span class='ocrx_word' id='word_1_848' title='bbox 2627 4885 2965 4955; x_wconf 81' lang='lat' dir='ltr'><strong>charitatem,</strong></span> <span class='ocrx_word' id='word_1_849' title='bbox 2993 4898 3047 4943; x_wconf 90' lang='lat' dir='ltr'><strong>ut</strong></span> <span class='ocrx_word' id='word_1_850' title='bbox 3078 4892 3200 4962; x_wconf 91' lang='lat' dir='ltr'><strong>quia</strong></span> <span class='ocrx_word' id='word_1_851' title='bbox 3232 4897 3491 4963; x_wconf 69' lang='lat' dir='ltr'><strong>quaerenti</strong></span> <span class='ocrx_word' id='word_1_852' title='bbox 3524 4911 3619 4951; x_wconf 85' lang='lat' dir='ltr'><strong>nos</strong></span> 
     </span>
    </p>
   </div>
   <div class='ocr_carea' id='block_1_112' title="bbox 2030 4960 3619 5057">
    <p class='ocr_par' dir='ltr' id='par_1_112' title="bbox 2030 4960 3619 5057">
     <span class='ocr_line' id='line_1_112' title="bbox 2030 4960 3619 5057; baseline 0.011 -31"><span class='ocrx_word' id='word_1_853' title='bbox 2030 4972 2142 5028; x_wconf 87' lang='lat' dir='ltr'><strong>Deo</strong></span> <span class='ocrx_word' id='word_1_854' title='bbox 2190 4960 2284 5044; x_wconf 81' lang='lat' dir='ltr'><strong>per</strong></span> <span class='ocrx_word' id='word_1_855' title='bbox 2330 4986 2695 5046; x_wconf 90' lang='lat' dir='ltr'><strong>contemptum</strong></span> <span class='ocrx_word' id='word_1_856' title='bbox 2730 4980 3052 5051; x_wconf 86' lang='lat' dir='ltr'><strong>resistimus,</strong></span> <span class='ocrx_word' id='word_1_857' title='bbox 3087 4999 3184 5055; x_wconf 89' lang='lat' dir='ltr'><strong>per</strong></span> <span class='ocrx_word' id='word_1_858' title='bbox 3214 4988 3457 5043; x_wconf 87' lang='lat' dir='ltr'><strong>timorem</strong></span> <span class='ocrx_word' id='word_1_859' title='bbox 3489 4989 3619 5057; x_wconf 80' lang='lat' dir='ltr'><strong>fugi-</strong></span> 
     </span>
    </p>
   </div>
   <div class='ocr_carea' id='block_1_113' title="bbox 2031 5074 3618 5150">
    <p class='ocr_par' dir='ltr' id='par_1_113' title="bbox 2031 5074 3618 5150">
     <span class='ocr_line' id='line_1_113' title="bbox 2031 5074 3618 5150; baseline 0.01 -30"><span class='ocrx_word' id='word_1_860' title='bbox 2031 5082 2171 5132; x_wconf 90' lang='lat' dir='ltr'><strong>mus,</strong></span> <span class='ocrx_word' id='word_1_861' title='bbox 2199 5076 2254 5123; x_wconf 90' lang='lat' dir='ltr'><strong>et</strong></span> <span class='ocrx_word' id='word_1_862' title='bbox 2284 5080 2593 5140; x_wconf 87' lang='lat' dir='ltr'><strong>contemptu</strong></span> <span class='ocrx_word' id='word_1_863' title='bbox 2626 5074 2952 5145; x_wconf 90' lang='lat' dir='ltr'><strong>quandoque</strong></span> <span class='ocrx_word' id='word_1_864' title='bbox 2979 5088 3035 5131; x_wconf 91' lang='lat' dir='ltr'><strong>et</strong></span> <span class='ocrx_word' id='word_1_865' title='bbox 3062 5078 3254 5134; x_wconf 90' lang='lat' dir='ltr'><strong>timore</strong></span> <span class='ocrx_word' id='word_1_866' title='bbox 3298 5081 3618 5150; x_wconf 90' lang='lat' dir='ltr'><strong>postposito,</strong></span> 
     </span>
    </p>
   </div>
   <div class='ocr_carea' id='block_1_114' title="bbox 2029 5159 3619 5241">
    <p class='ocr_par' dir='ltr' id='par_1_114' title="bbox 2029 5159 3619 5241">
     <span class='ocr_line' id='line_1_114' title="bbox 2029 5159 3619 5241; baseline 0.009 -28"><span class='ocrx_word' id='word_1_867' title='bbox 2029 5159 2144 5215; x_wconf 89' lang='lat' dir='ltr'><strong>solo</strong></span> <span class='ocrx_word' id='word_1_868' title='bbox 2168 5160 2217 5215; x_wconf 87' lang='lat' dir='ltr'><strong>ei</strong></span> <span class='ocrx_word' id='word_1_869' title='bbox 2246 5176 2429 5217; x_wconf 89' lang='lat' dir='ltr'><strong>amore</strong></span> <span class='ocrx_word' id='word_1_870' title='bbox 2452 5162 2760 5235; x_wconf 89' lang='lat' dir='ltr'><strong>jungamur.</strong></span> <span class='ocrx_word' id='word_1_871' title='bbox 2810 5166 3090 5238; x_wconf 83' lang='lat' dir='ltr'><strong>Paulisper</strong></span> <span class='ocrx_word' id='word_1_872' title='bbox 3114 5171 3258 5241; x_wconf 84' lang='lat' dir='ltr'><strong>enim</strong></span> <span class='ocrx_word' id='word_1_873' title='bbox 3297 5172 3313 5209; x_wconf 76' lang='grc' dir='ltr'><strong>ί</strong></span> <span class='ocrx_word' id='word_1_874' title='bbox 3348 5174 3508 5227; x_wconf 89' lang='lat' dir='ltr'><strong>etiam</strong></span> <span class='ocrx_word' id='word_1_875' title='bbox 3550 5173 3619 5227; x_wconf 90' lang='lat' dir='ltr'><strong>ti-</strong></span> 
     </span>
    </p>
   </div>
   <div class='ocr_carea' id='block_1_115' title="bbox 2031 5244 3617 5329">
    <p class='ocr_par' dir='ltr' id='par_1_115' title="bbox 2031 5244 3617 5329">
     <span class='ocr_line' id='line_1_115' title="bbox 2031 5244 3617 5329; baseline 0.008 -22"><span class='ocrx_word' id='word_1_876' title='bbox 2031 5267 2236 5309; x_wconf 90' lang='lat' dir='ltr'><strong>morem</strong></span> <span class='ocrx_word' id='word_1_877' title='bbox 2267 5253 2385 5325; x_wconf 81' lang='lat' dir='ltr'><strong>cjns</strong></span> <span class='ocrx_word' id='word_1_878' title='bbox 2434 5255 2717 5322; x_wconf 87' lang='lat' dir='ltr'><strong>discimus,</strong></span> <span class='ocrx_word' id='word_1_879' title='bbox 2750 5259 2905 5329; x_wconf 89' lang='lat' dir='ltr'><strong>cujus</strong></span> <span class='ocrx_word' id='word_1_880' title='bbox 2932 5244 3119 5318; x_wconf 34' lang='lat' dir='ltr'><strong>.solius</strong></span> <span class='ocrx_word' id='word_1_881' title='bbox 3148 5264 3421 5319; x_wconf 90' lang='lat' dir='ltr'><strong>dilectioni</strong></span> <span class='ocrx_word' id='word_1_882' title='bbox 3452 5265 3617 5320; x_wconf 68' lang='lat' dir='ltr'><strong>inhae-</strong></span> 
     </span>
    </p>
   </div>
   <div class='ocr_carea' id='block_1_116' title="bbox 2103 5365 3617 5445">
    <p class='ocr_par' dir='ltr' id='par_1_116' title="bbox 2103 5365 3617 5445">
     <span class='ocr_line' id='line_1_116' title="bbox 2103 5365 3617 5445; baseline 0.009 -26"><span class='ocrx_word' id='word_1_883' title='bbox 2103 5371 2127 5403; x_wconf 80' lang='grc' dir='ltr'>ιι</span> <span class='ocrx_word' id='word_1_884' title='bbox 2159 5365 2219 5420; x_wconf 86' lang='grc' dir='ltr'><strong>1η</strong></span> <span class='ocrx_word' id='word_1_885' title='bbox 2251 5367 2529 5445; x_wconf 74' lang='lat' dir='ltr'><strong>German.,</strong></span> <span class='ocrx_word' id='word_1_886' title='bbox 2558 5371 2719 5445; x_wconf 86' lang='lat' dir='ltr'><strong>Corh.</strong></span> <span class='ocrx_word' id='word_1_887' title='bbox 2750 5372 2958 5445; x_wconf 80' lang='lat' dir='ltr'><strong>Germ.,</strong></span> <span class='ocrx_word' id='word_1_888' title='bbox 2984 5374 3167 5445; x_wconf 75' lang='lat' dir='ltr'><strong>Regio,</strong></span> <span class='ocrx_word' id='word_1_889' title='bbox 3190 5386 3242 5430; x_wconf 90' lang='lat' dir='ltr'><strong>et</strong></span> <span class='ocrx_word' id='word_1_890' title='bbox 3270 5376 3365 5439; x_wconf 90' lang='lat' dir='ltr'><strong>al.,</strong></span> <span class='ocrx_word' id='word_1_891' title='bbox 3398 5385 3617 5432; x_wconf 87' lang='lat' dir='ltr'><strong>ventrem</strong></span> 
     </span>
    </p>
   </div>
   <div class='ocr_carea' id='block_1_117' title="bbox 2028 5435 3617 5510">
    <p class='ocr_par' dir='ltr' id='par_1_117' title="bbox 2028 5435 3617 5510">
     <span class='ocr_line' id='line_1_117' title="bbox 2028 5435 3617 5510; baseline 0.009 -21"><span class='ocrx_word' id='word_1_892' title='bbox 2028 5435 2277 5510; x_wconf 61' lang='lat' dir='ltr'><strong>levamus.</strong></span> <span class='ocrx_word' id='word_1_893' title='bbox 2311 5440 2401 5492; x_wconf 82' lang='lat' dir='ltr'><strong>Sic</strong></span> <span class='ocrx_word' id='word_1_894' title='bbox 2426 5435 2637 5510; x_wconf 81' lang='lat' dir='ltr'><strong>quaque</strong></span> <span class='ocrx_word' id='word_1_895' title='bbox 2670 5444 2862 5510; x_wconf 87' lang='lat' dir='ltr'><strong>legitur</strong></span> <span class='ocrx_word' id='word_1_896' title='bbox 2906 5444 2959 5495; x_wconf 92' lang='lat' dir='ltr'><strong>in</strong></span> <span class='ocrx_word' id='word_1_897' title='bbox 2997 5435 3167 5497; x_wconf 80' lang='lat' dir='ltr'><strong>Editis</strong></span> <span class='ocrx_word' id='word_1_898' title='bbox 3211 5435 3370 5499; x_wconf 82' lang='lat' dir='ltr'><strong>etiam</strong></span> <span class='ocrx_word' id='word_1_899' title='bbox 3416 5457 3617 5503; x_wconf 89' lang='lat' dir='ltr'><strong>vetust.</strong></span> 
     </span>
    </p>
   </div>
   <div class='ocr_carea' id='block_1_118' title="bbox 2032 5505 3616 5588">
    <p class='ocr_par' dir='ltr' id='par_1_118' title="bbox 2032 5505 3616 5588">
     <span class='ocr_line' id='line_1_118' title="bbox 2032 5505 3616 5588; baseline 0.011 -29"><span class='ocrx_word' id='word_1_900' title='bbox 2032 5505 2369 5588; x_wconf 55' lang='lat' dir='ltr'><strong>Praetulimus</strong></span> <span class='ocrx_word' id='word_1_901' title='bbox 2401 5505 2575 5588; x_wconf 66' lang='lat' dir='ltr'><strong>tamen</strong></span> <span class='ocrx_word' id='word_1_902' title='bbox 2608 5505 2765 5588; x_wconf 74' lang='lat' dir='ltr'><strong>aliam</strong></span> <span class='ocrx_word' id='word_1_903' title='bbox 2801 5514 2950 5582; x_wconf 88' lang='lat' dir='ltr'><strong>lect.,</strong></span> <span class='ocrx_word' id='word_1_904' title='bbox 2984 5525 3198 5569; x_wconf 85' lang='lat' dir='ltr'><strong>mentem</strong></span> <span class='ocrx_word' id='word_1_905' title='bbox 3231 5518 3474 5584; x_wconf 85' lang='lat' dir='ltr'><strong>levamus,</strong></span> <span class='ocrx_word' id='word_1_906' title='bbox 3499 5534 3616 5588; x_wconf 61' lang='lat' dir='ltr'><strong>qum</strong></span> 
     </span>
    </p>
   </div>
   <div class='ocr_carea' id='block_1_119' title="bbox 2028 5579 2795 5650">
    <p class='ocr_par' dir='ltr' id='par_1_119' title="bbox 2028 5579 2795 5650">
     <span class='ocr_line' id='line_1_119' title="bbox 2028 5579 2795 5650; baseline 0.001 -18"><span class='ocrx_word' id='word_1_907' title='bbox 2028 5587 2115 5650; x_wconf 80' lang='lat' dir='ltr'><strong>est</strong></span> <span class='ocrx_word' id='word_1_908' title='bbox 2141 5579 2262 5650; x_wconf 76' lang='lat' dir='ltr'><strong>Mss.</strong></span> <span class='ocrx_word' id='word_1_909' title='bbox 2299 5581 2504 5650; x_wconf 80' lang='lat' dir='ltr'><strong>Anglic.</strong></span> <span class='ocrx_word' id='word_1_910' title='bbox 2537 5592 2585 5635; x_wconf 88' lang='lat' dir='ltr'><strong>et</strong></span> <span class='ocrx_word' id='word_1_911' title='bbox 2615 5583 2795 5635; x_wconf 77' lang='lat' dir='ltr'><strong>Norm.</strong></span> 
     </span>
    </p>
   </div>
   <div class='ocr_carea' id='block_1_120' title="bbox 2104 5647 3614 5731">
    <p class='ocr_par' dir='ltr' id='par_1_120' title="bbox 2104 5647 3614 5731">
     <span class='ocr_line' id='line_1_120' title="bbox 2104 5647 3614 5731; baseline 0.009 -29"><span class='ocrx_word' id='word_1_912' title='bbox 2104 5647 2119 5686; x_wconf 71' lang='grc' dir='ltr'><strong>ί</strong></span> <span class='ocrx_word' id='word_1_913' title='bbox 2152 5649 2311 5731; x_wconf 63' lang='lat' dir='ltr'><strong>Cori).</strong></span> <span class='ocrx_word' id='word_1_914' title='bbox 2564 5660 2617 5731; x_wconf 79' lang='lat' dir='ltr'><strong>et</strong></span> <span class='ocrx_word' id='word_1_915' title='bbox 2654 5654 2900 5731; x_wconf 75' lang='lat' dir='ltr'><strong>V_indne,.</strong></span> <span class='ocrx_word' id='word_1_916' title='bbox 2932 5656 3085 5707; x_wconf 86' lang='lat' dir='ltr'><strong>etiam</strong></span> <span class='ocrx_word' id='word_1_917' title='bbox 3099 5657 3293 5731; x_wconf 84' lang='lat' dir='ltr'><strong>_timere</strong></span> <span class='ocrx_word' id='word_1_918' title='bbox 3318 5658 3614 5731; x_wconf 84' lang='lat' dir='ltr'><strong>didicimus,</strong></span> 
     </span>
    </p>
   </div>
   <div class='ocr_carea' id='block_1_121' title="bbox 2025 5720 3614 5800">
    <p class='ocr_par' dir='ltr' id='par_1_121' title="bbox 2025 5720 3614 5800">
     <span class='ocr_line' id='line_1_121' title="bbox 2025 5720 3614 5800; baseline 0.008 -26"><span class='ocrx_word' id='word_1_919' title='bbox 2025 5721 2169 5787; x_wconf 82' lang='lat' dir='ltr'><strong>eique</strong></span> <span class='ocrx_word' id='word_1_920' title='bbox 2186 5720 2725 5800; x_wconf 71' lang='lat' dir='ltr'><strong>vi_solitss__dilectionis</strong></span> <span class='ocrx_word' id='word_1_921' title='bbox 2751 5724 3075 5778; x_wconf 72' lang='lat' dir='ltr'><strong>mitteremus.</strong></span> <span class='ocrx_word' id='word_1_922' title='bbox 3099 5726 3169 5800; x_wconf 84' lang='lat' dir='ltr'><strong>Ita</strong></span> <span class='ocrx_word' id='word_1_923' title='bbox 3190 5734 3399 5798; x_wconf 71' lang='lat' dir='ltr'><strong>quoque</strong></span> <span class='ocrx_word' id='word_1_924' title='bbox 3427 5720 3614 5800; x_wconf 55' lang='lat' dir='ltr'><strong>Laud;</strong></span> 
     </span>
    </p>
   </div>
   <div class='ocr_carea' id='block_1_122' title="bbox 2035 5790 3613 5863">
    <p class='ocr_par' dir='ltr' id='par_1_122' title="bbox 2035 5790 3613 5863">
     <span class='ocr_line' id='line_1_122' title="bbox 2035 5790 3613 5863; baseline 0.01 -20"><span class='ocrx_word' id='word_1_925' title='bbox 2035 5791 2147 5845; x_wconf 85' lang='lat' dir='ltr'><strong>Val.</strong></span> <span class='ocrx_word' id='word_1_926' title='bbox 2190 5790 2269 5844; x_wconf 85' lang='lat' dir='ltr'><strong>Cl.</strong></span> <span class='ocrx_word' id='word_1_927' title='bbox 2322 5803 2377 5863; x_wconf 87' lang='lat' dir='ltr'><strong>et</strong></span> <span class='ocrx_word' id='word_1_928' title='bbox 2418 5790 2646 5863; x_wconf 83' lang='lat' dir='ltr'><strong>Turun.,</strong></span> <span class='ocrx_word' id='word_1_929' title='bbox 2679 5804 2881 5847; x_wconf 88' lang='lat' dir='ltr'><strong>mutato</strong></span> <span class='ocrx_word' id='word_1_930' title='bbox 2926 5790 3220 5863; x_wconf 54' lang='lat' dir='ltr'><strong>prielerito&#39;</strong></span> <span class='ocrx_word' id='word_1_931' title='bbox 3251 5790 3523 5857; x_wconf 79' lang='lat' dir='ltr'><strong>didicimus</strong></span> <span class='ocrx_word' id='word_1_932' title='bbox 3564 5790 3613 5858; x_wconf 77' lang='lat' dir='ltr'><strong>ili</strong></span> 
     </span>
    </p>
   </div>
   <div class='ocr_carea' id='block_1_123' title="bbox 2029 5862 3598 5935">
    <p class='ocr_par' dir='ltr' id='par_1_123' title="bbox 2029 5862 3598 5935">
     <span class='ocr_line' id='line_1_123' title="bbox 2029 5862 3598 5935; baseline 0.009 -22"><span class='ocrx_word' id='word_1_933' title='bbox 2029 5876 2267 5935; x_wconf 73' lang='lat' dir='ltr'><strong>prmsetis</strong></span> <span class='ocrx_word' id='word_1_934' title='bbox 2297 5862 2566 5918; x_wconf 85' lang='lat' dir='ltr'><strong>discimus.</strong></span> <span class='ocrx_word' id='word_1_935' title='bbox 2591 5868 2660 5922; x_wconf 79' lang='lat' dir='ltr'><strong>At</strong></span> <span class='ocrx_word' id='word_1_936' title='bbox 2690 5864 2901 5935; x_wconf 81' lang='lat' dir='ltr'><strong>Norm.,</strong></span> <span class='ocrx_word' id='word_1_937' title='bbox 2928 5862 3045 5920; x_wconf 85' lang='lat' dir='ltr'><strong>cum</strong></span> <span class='ocrx_word' id='word_1_938' title='bbox 3074 5870 3257 5929; x_wconf 82' lang='lat' dir='ltr'><strong>timore</strong></span> <span class='ocrx_word' id='word_1_939' title='bbox 3276 5875 3598 5927; x_wconf 81' lang='lat' dir='ltr'><strong>descissimtts</strong></span> 
     </span>
    </p>
   </div>
   <div class='ocr_carea' id='block_1_124' title="bbox 2027 5933 2317 6001">
    <p class='ocr_par' dir='ltr' id='par_1_124' title="bbox 2027 5933 2317 6001">
     <span class='ocr_line' id='line_1_124' title="bbox 2027 5933 2317 6001; baseline 0.01 -16"><span class='ocrx_word' id='word_1_940' title='bbox 2027 5933 2191 6001; x_wconf 87' lang='lat' dir='ltr'><strong>eique,</strong></span> <span class='ocrx_word' id='word_1_941' title='bbox 2213 5941 2317 5988; x_wconf 82' lang='lat' dir='ltr'><strong>etc.</strong></span> 
     </span>
    </p>
   </div>
  </div>
