4066 6348
525 369 634 426 243

1745 360 1990 420 SANC’I'I
2028 361 2110 420 Gil

2216 360 2364 421 0R"
2402 362 2617 420 ΜΔΟΝΙ
3687 372 3782 433 2“

525 494 728 541 remus.
776 475 1054 549 Appositis
1084 475 1244 548 igitur
1290 476 1446 547 quasi
1498 474 1816 546 quibusdam
1864 476 2117 548 gradibus
2147 488 2199 547 Α
2224 492 2438 537 nissum
2471 478 2620 534 mille
2652 479 2893 546 metitur,
2927 487 2980 534 et
3025 479 3285 549 propheta
3314 495 3483 551 usque
3527 483 3591 538 ad
3630 501 3783 557 genua

460 602 461 605 η
526 575 799 647 profectus
838 572 1029 637 nostri,
1062 571 1256 629 mentis
1309 569 1498 639 pedem
1550 570 1696 640 prius
1726 585 1823 640 per
1852 572 2106 627 timorem

526 671 584 726 in
615 671 721 725 imo
754 668 1000 738 ponimus
1022 711 1036 734 ,
1063 674 1119 722 et
1149 666 1487 734 postmodum
1522 680 1616 734 per
1648 664 1966 721 cbaritatem
1990 674 2018 703 κ
2046 665 2115 720 ad

528 764 634 817 alta
667 760 866 819 amoris
896 760 1164 824 levamus,
1196 757 1222 797 ιι
1257 767 1313 814 ut
1341 759 1409 813 ab
1437 773 1503 814 eo
1528 773 1635 829 quo
1664 759 1890 830 quisque
1920 766 2114 822 tumet,

528 856 849 922 reprimatur
895 859 953 907 ut
997 851 1199 915 timeat,
1233 860 1288 907 et
1338 850 1406 906 ab
1454 865 1520 906 eo
1564 850 1709 921 quod
1755 852 1867 927 jam
1905 850 2114 915 metuit,

527 946 829 1001 sublevetur
857 951 915 999 ut
942 951 1247 1010 praesumat.
1274 942 1384 999 ﬂos
1414 936 1597 997 autem
1622 942 1881 997 virtutum
1910 941 2111 1012 gradus

530 1051 635 1092 non
664 1036 841 1105 magni
873 1036 1074 1093 laboris
1106 1046 1128 1074 ο
1160 1045 1242 1091 est
1274 1034 1635 1105 prehendere.
1664 1049 1783 1092 cum
1816 1036 1885 1091 ab
1915 1052 2016 1090 una
2049 1033 2114 1089 ad

526 1130 748 1185 alteram
777 1129 1052 1185 transitur.

598 1233 688 1290 49.
723 1231 1066 1305 Singulorum
1093 1232 1338 1285 virtutum
1383 1230 1575 1302 gradus
1614 1238 1730 1285 sunt
1772 1230 1918 1283 uarii.
1966 1227 2116 1283 Fidei

524 1327 854 1381 incrementa.
881 1353 953 1365 —
975 1323 1080 1379 Sed
1129 1322 1476 1378 subtilissima
1524 1306 1888 1391 disputatione
1917 1336 2004 1376 res
2038 1324 2118 1375 in-

525 1419 752 1489 indiget,
775 1432 896 1473 cum
927 1431 1079 1472 mens
1100 1429 1326 1486 pensare
1355 1416 1560 1479 nititur,
1589 1415 1643 1469 in
1676 1430 1778 1469 una
1811 1415 2111 1485 eademque

524 1510 725 1566 virtute
765 1508 960 1580 quibus
993 1506 1269 1577 profectus
1311 1507 1394 1561 sui
1441 1506 1696 1576 gradibus
1738 1508 1996 1562 elevetur.
2046 1506 2117 1562 Ut

525 1603 669 1659 enim
697 1602 865 1673 prima
894 1604 1157 1658 elementa
1206 1601 1484 1668 virtutum,
1518 1600 1680 1655 ﬁdem
1710 1600 1914 1656 scilicet
1936 1609 1992 1654 et
2023 1616 2106 1654 sa-

525 1694 805 1763 pientiam,
835 1694 1041 1763 loquar,
1068 1691 1296 1749 obtineri
1324 1692 1533 1761 singula
1557 1692 1792 1761 perfecte
1821 1701 2112 1761 nequeunt,

523 1785 629 1843 nisi
658 1787 725 1842 ad
757 1788 869 1843 haec
896 1786 1161 1843 distinctis
1186 1784 1554 1854 ordinatisque
1591 1782 1782 1852 modis,
1818 1784 1971 1853 quasi
1997 1783 2115 1853 qui-

2224 590 2320 645 per
2346 589 2537 646 aquam
2570 575 2806 641 ducitur,
2840 575 2965 643 quia
3010 589 3132 630 cum
3175 575 3298 630 boni
3329 576 3505 657 pperis
3536 578 3783 646 plenitudo

2222 668 2474 725 tribuitur
2493 711 2507 735 ,
2537 667 2605 721 ad
2635 666 2737 723 hoc
2768 682 2933 737 usque
2965 676 3147 722 nostra
3179 669 3441 738 sapientia
3471 683 3714 744 augetur,
3738 688 3788 735 ut

2221 760 2275 817 in
2309 761 2488 830 pravis
2511 760 2621 829 jam
2645 758 2855 815 actibus
2878 759 3099 814 minime
3129 761 3395 816 ﬂectatur.
3417 761 3549 816 Hinc
3576 779 3788 837 namque

2221 867 2316 923 per
2345 853 2569 907 Paulum
2600 851 2794 907 dicitur
2817 867 2832 906 :
2859 850 3117 906 Remissas
3155 870 3335 909 manus
3366 862 3411 906 et
3434 853 3674 911 dissoluta
3710 876 3788 929 ge-

2219 959 2323 1001 nua
2361 944 2537 1014 erigite
2563 987 2575 1005 ,
2624 953 2674 998 et
2719 959 2921 1012 gressus
2964 952 3128 997 rectos
3176 945 3328 1013 facile
3373 945 3588 1016 pedibus
3630 952 3788 1005 vestris

2220 1034 2411 1106 (Hebr.
2447 1051 2544 1103 xu,
2580 1034 2692 1105 12).
2723 1035 2871 1104 Aqua
2903 1050 3031 1105 ergo
3076 1035 3143 1091 ad
3189 1052 3359 1106 genua
3406 1040 3641 1107 pervenit
3682 1056 3789 1097 cum

2219 1142 2319 1184 nos
2349 1141 2600 1198 percepta
2630 1127 2893 1197 sapientia
2920 1127 3158 1197 perfecte
3183 1128 3249 1183 ad
3276 1129 3402 1184 boni
3434 1131 3613 1199 operis
3651 1134 3791 1189 recti-

2224 1220 2462 1277 tudinem
2495 1220 2730 1292 stringit.
2764 1220 2865 1288 Qui
2896 1220 3090 1276 iterum
3146 1223 3363 1277 metitur
3409 1223 3572 1291 mille,
3599 1233 3651 1280 et
3686 1240 3793 1296 pro-

2222 1313 2378 1383 pheta
2423 1331 2519 1384 per
2550 1330 2744 1383 aquam
2771 1328 2944 1385 usque
2970 1314 3035 1369 ad
3066 1330 3227 1370 rencs
3254 1315 3486 1383 ducitur,
3516 1318 3635 1388 quia
3660 1318 3793 1373 vidc-

2222 1409 2345 1463 licet
2372 1419 2497 1465 tunc
2531 1410 2580 1464 in
2613 1408 2767 1465 nobis
2796 1409 3073 1479 plenitudo
3102 1411 3282 1479 operis
3310 1411 3577 1465 excrescit
3603 1411 3796 1482 quando

2226 1502 2276 1555 in
2306 1502 2464 1557 nobis
2496 1510 2745 1572 percepta
2777 1502 3038 1571 sapientia
3069 1517 3282 1557 omnem
3312 1518 3545 1573 quoque,
3566 1503 3617 1558 in
3648 1518 3796 1574 quan-

2224 1607 2333 1652 tum
2363 1607 2446 1653 est
2478 1596 2729 1668 possibile
2752 1638 2767 1663 ,
2798 1598 3213 1653 delectationem
3258 1601 3436 1655 carnis
3465 1602 3795 1658 exstinxerit.

2222 1692 2331 1748 Nisi
2358 1692 2502 1748 enim
2534 1693 2711 1749 carnis
2739 1693 3026 1748 delectatio
3053 1705 3201 1749 esset
3231 1696 3283 1750 in
3310 1695 3557 1769 renibus,
3589 1697 3796 1751 Psalmi.

2219 1794 2300 1841 sta
2344 1786 2565 1841 minime
2605 1786 2867 1842 dixisset:
2899 1787 3002 1841 Ure
3042 1780 3211 1842 renes-
3240 1804 3378 1842 meos
3400 1831 3414 1855 ,
3463 1797 3511 1843 et
3540 1805 3625 1844 cer
3654 1806 3799 1845 meum

520 1878 746 1934 busdam
777 1878 1047 1949 gradibus,
1081 1878 1457 1934 ascendamus.
1494 1877 1611 1945 Ipsa
1641 1876 1784 1931 enim
1818 1876 1971 1943 ﬁdes,
1995 1892 2114 1945 quae
2149 1890 2192 1948 Β
2221 1876 2394 1947 (Psal.
2436 1893 2565 1943 xxv,
2606 1877 2688 1949 ἓ).
2721 1881 2869 1948 Aqua
2900 1878 3063 1947 igitur
3091 1878 3162 1936 ad
3193 1895 3353 1935 renes
3380 1882 3526 1935 venit
3554 1896 3671 1936 cum
3698 1882 3799 1936 dul-

520 1974 589 2030 ad
631 1974 769 2029 bona
797 1974 897 2029 alia
947 1972 1184 2041 perfecte
1232 1970 1560 2041 capessenda
1612 1985 1709 2025 nos
1758 1969 1968 2034 imbuit,
2003 1971 2112 2039 ple-

426 2090 429 2091 ν
518 2082 743 2138 rumque
773 2066 826 2122 in
872 2066 1112 2124 exordiis
1142 2066 1255 2121 suis
1285 2074 1338 2120 et
1384 2073 1552 2129 nutat,
1604 2073 1657 2119 et
1704 2063 1873 2117 solida
1907 2073 2023 2127 est;
2055 2075 2107 2116 et

516 2159 627 2232 jam
674 2159 972 2216 certissime
1022 2158 1282 2223 habetur,
1314 2167 1371 2212 et
1410 2166 1586 2211 tamen
1632 2156 1700 2211 de
1747 2155 1866 2225 ejus
1919 2156 2107 2211 ﬁducia

518 2252 698 2307 adhuc
724 2252 825 2306 sub
850 2251 1188 2307 dubitatione
1230 2249 1548 2318 trepidatur.
1580 2248 1709 2303 Pars
1738 2262 1969 2318 namque
1999 2249 2114 2316 ejus

518 2343 670 2413 prius
713 2344 977 2413 accipitur
1005 2384 1019 2410 ,
1067 2351 1128 2398 ut
1172 2343 1244 2419 in.
1276 2342 1430 2399 nobis
1481 2340 1822 2412 postmodum
1877 2342 2112 2411 perfecte

525 2441 878 2509 compleatur.
911 2440 966 2495 Si
1000 2442 1141 2496 enim
1175 2446 1327 2496 certo
1352 2437 1521 2509 gradu
1550 2438 1601 2492 in
1630 2437 1901 2493 credentis
1933 2446 2112 2493 mente

520 2548 627 2590 non
652 2536 959 2605 proﬁceret,
992 2532 1281 2604 requisitos
1305 2534 1358 2587 in
1384 2530 1675 2601 Evangelia
1707 2538 1858 2600 pater
1886 2529 2109 2609 sanandi

518 2630 666 2699 pueri
692 2645 797 2685 non
829 2630 1052 2685 dixisset
1077 2645 1099 2684 :~
1118 2629 1303 2693 Credo,
1337 2626 1572 2692 nomine,
1607 2626 1798 2698 adjuva
1828 2624 2111 2678 increduli-

518 2732 671 2778 tatem
702 2739 864 2795 meant
905 2721 1100 2793 (Marc.
1137 2737 1208 2787 tx,
1239 2720 1357 2789 33).
1393 2720 1580 2775 Adhuc
1626 2734 1756 2789 ergo
1785 2716 2113 2773 ascendebat

517 2815 585 2871 ad
632 2815 790 2870 ﬁdem
812 2830 971 2885 quam
1021 2815 1131 2886 jam
1182 2821 1517 2883 perceperat,
1551 2811 1642 2882 qui
1673 2826 1778 2866 uno
1804 2811 2109 2879 eodemque

517 2918 759 2979 tempore
798 2908 1065 2964 clamabat
1111 2920 1171 2962 se
1212 2917 1268 2962 et
1313 2906 1423 2976 jam
1465 2904 1711 2968 credere,
1735 2914 1789 2959 et
1821 2904 2000 2958 adhuc
2044 2918 2108 2957 ex

517 3001 893 3058 incredulitate
935 3000 1203 3055 dubitare.
1239 2997 1376 3054 Hinc
1404 3005 1487 3052 est
1514 2998 1675 3053 etiam
1702 2996 1840 3066 quod
1873 2994 2106 3051 Redem-

517 3094 660 3164 ptori
708 3102 893 3148 nostro
935 3107 966 3147 a
1009 3091 1288 3161 discipulis
1332 3090 1525 3145 dicitur
1552 3107 1564 3142 :
1593 3089 1753 3161 723
1786 3091 1927 3159 Auge
1967 3090 2110 3143 nobis

517 3186 671 3254 ﬁdem
699 3184 851 3257 (Luc.
887 3200 1012 3249 xvu,
1044 3181 1124 3254 5),
1157 3193 1211 3238 ut
1235 3198 1352 3254 quae
1374 3182 1484 3252 jam
1519 3193 1734 3252 accepta
1778 3196 1874 3252 per
1898 3182 2105 3236 initium

2219 1969 2352 2025 cedo
2380 1971 2657 2039 sapientiai
2686 1972 2847 2025 etiam
2876 1971 3145 2026 incentiva
3174 1974 3354 2028 cat-uis
3382 1972 3663 2037 interimit,
3695 1983 3717 2011 ο
3744 1983 3794 2028 ut

2218 2076 2279 2117 ea
2309 2078 2428 2129 quae
2460 2077 2617 2118 urere
2645 2073 2879 2117 mentem
2900 2063 3536 2131 poterantdelectationis
3562 2064 3790 2120 incendia

2217 2154 2525 2225 frigescant.
2572 2156 2671 2224 Qui
2712 2156 2888 2211 adhuc
2920 2171 3142 2213 mensus
3180 2167 3263 2213 est
3306 2158 3489 2227 mille,
3517 2168 3794 2214 torrentem

2220 2249 2493 2316 videlicet,
2540 2264 2699 2318 quem
2735 2249 2993 2319 propheta
3039 2252 3366 2319 pertransire
3394 2266 3503 2306 non
3536 2252 3723 2322 potuit,
3746 2251 3803 2306 de

2217 2355 2324 2410 quo
2343 2341 2503 2395 etiam
2528 2341 2658 2394 dicit
2681 2359 2694 2394 :
2725 2341 2982 2407 Quoniam
3008 2343 3358 2398 intumuerunt
3380 2360 3529 2413 aqua
3551 2344 3803 2416 profundae

2216 2433 2477 2497 torrentis,
2503 2431 2589 2502 qui
2612 2448 2711 2491 non
2736 2443 2896 2503 potest
2923 2435 3267 2490 transuadari.
3298 2434 3560 2506 Bercepta
3592 2450 3805 2505 namque

2215 2527 2546 2596 perfectione
2596 2524 2774 2592 operis
2812 2527 2880 2581 ad
2927 2528 3435 2598 contemplationem
3488 2530 3716 2591 venitur.
3749 2528 3797 2583 In

2215 2610 2331 2689 qua
2349 2619 2551 2675 scilicet
2593 2619 3054 2687 contemplatione
3081 2620 3210 2675 dum
3254 2634 3406 2683 meas
3437 2623 3494 2676 in
3526 2621 3691 2677 altum
3716 2620 3804 2673 du-

2221 2712 2383 2778 citur,
2414 2711 2689 2765 sublevata
2714 2710 2859 2766 videt
2898 2711 2950 2769 iu
2987 2711 3126 2778 Dee,
3161 2712 3284 2782 quia
3314 2728 3420 2766 non
3450 2720 3636 2783 potest
3662 2725 3803 2779 pene-

2220 2812 2361 2861 trare
2398 2803 2536 2873 quod
2581 2803 2747 2870 videt,
2782 2812 2838 2860 et
2884 2803 3037 2873 quasi
3085 2806 3254 2874 tangit
3296 2820 3495 2875 aquam
3543 2806 3803 2871 torrentis,

2219 2911 2379 2966 quam
2424 2897 2755 2966 pertransire
2783 2910 2888 2952 non
2919 2896 3081 2963 valet,
3111 2898 3235 2967 quia
3265 2906 3319 2954 et
3351 2899 3597 2957 intuetur
3625 2913 3802 2968 specu~

2215 2990 2381 3046 tando
2410 2992 2552 3060 quod
2597 2990 2777 3055 libeat,
2811 3001 2865 3046 et
2897 2998 3076 3045 tamen
3108 2991 3209 3046 hoc
3235 2991 3409 3060 ipsum
3442 2992 3806 3061 perfectonon

2214 3085 2358 3140 valet
2401 3085 2592 3141 intueri
2635 3083 2777 3154 quod
2823 3085 2970 3141 libet.
3024 3084 3291 3155 Pmpheta
3327 3101 3453 3156 ergo
3488 3086 3802 3156 quandoque

2215 3176 2280 3233 ad
2328 3192 2517 3247 aquam
2572 3178 2839 3245 pervenit,
2872 3192 3033 3247 quam
3087 3191 3193 3232 non
3242 3179 3718 3249 pertransit,quia
3748 3177 3805 3231 ad

517 3280 709 3348 fuerat,
730 3279 881 3351 quasi
909 3294 1005 3347 per
1032 3286 1319 3348 augmenta
1332 3276 1603 3347 graduum
1632 3274 1697 3330 ad
1725 3274 2105 3344 perfectionem
2139 3275 2188 3341 ο
2217 3271 2730 3339 contemplationem
2772 3272 3063 3340 sapientiae
3094 3286 3216 3327 cum
3248 3272 3325 3326 ade
3340 3282 3646 3328 extremum
3673 3271 3805 3327 duci-

525 3372 753 3427 veniret.

603 3465 747 3539 [_Vet.
778 3461 1000 3537 XXII.]
1048 3461 1135 3519 50.
1177 3461 1445 3535 Sapientia
1467 3461 1715 3517 bonorum
1750 3475 1960 3530 operum
2010 3476 2115 3514 ma-

515 3558 697 3630 gistra,
722 3573 813 3629 per
866 3557 1182 3611 incrementa
1218 3554 1477 3609 tribuitur.
1526 3552 1723 3607 Diversi
1744 3554 1857 3623 ejus
1900 3554 2108 3621 gradus.

515 3678 589 3694 —
608 3650 724 3720 Ipsa
755 3664 968 3720 quoque
992 3648 1272 3718 sapientia,
1307 3662 1427 3718 qua:
1448 3662 1569 3703 esse
1597 3645 1861 3702 bonorum
1889 3660 2111 3716 operum

514 3748 654 3801 solet
694 3746 947 3815 magistra
970 3788 986 3815 ,
1016 3743 1288 3800 anhelanti
1332 3741 1501 3805 menti
1531 3756 1625 3810 per
1651 3742 1978 3797 incrementa
2016 3742 2112 3796 tri-

514 3839 713 3905 buitur,
746 3848 804 3894 ut
832 3839 897 3894 ad
935 3854 1053 3895 eam
1083 3838 1267 3910 procul
1296 3837 1461 3893 dubio
1506 3838 1679 3908 magni
1723 3836 2110 3891 moderaminis

516 3929 767 3999 gradibus
797 3928 1138 3983 ascendatur.
1191 3926 1343 3993 Quod
1389 3928 1527 3983 bene
1568 3926 1813 3982 Ezechiel
1846 3928 2109 3996 propheta

518 4021 741 4091 ﬁgurata
773 4020 1076 4075 narratione
1101 4018 1403 4084 denuntiat,
1432 4018 1522 4088 qui
1546 4018 1613 4074 de
1634 4033 1700 4073 eo
1729 4018 1846 4073 viro
1873 4033 2030 4088 quem
2056 4018 2107 4072 in

494 4111 738 4167 excelso
778 4118 963 4165 monte
1004 4107 1208 4164 viderat
1239 4116 1420 4163 narrat
1442 4108 1629 4163 dicens
1655 4127 1666 4161 :
1693 4106 1902 4163 Mensus
1926 4119 2000 4163 est
2022 4126 2110 4163 cu-

517 4201 648 4257 bitos
670 4199 827 4269 mille,
858 4209 905 4256 et
932 4199 1227 4255 transduxit
1248 4215 1327 4253 me
1350 4214 1437 4265 per
1463 4215 1649 4269 aquam
1668 4216 1825 4270 usque
1852 4202 1921 4254 ad
1951 4200 2107 4256 talos.
2148 4215 2161 4247 τ

516 4294 848 4366 Rursumque
893 4310 1097 4355 mensus
1141 4303 1214 4348 est
1256 4291 1424 4359 mille,
1476 4302 1522 4347 et
1559 4294 1854 4348 transduxit
1898 4310 1979 4347 me
2021 4311 2110 4365 per

514 4403 701 4456 nquam
727 4402 885 4457 usque
911 4386 980 4441 ad
1011 4402 1193 4456 genua.
1231 4385 1297 4440 Et
1324 4401 1526 4441 mensus
1563 4395 1637 4440 est
1668 4385 1828 4451 mille,
1854 4394 1901 4441 et
1939 4393 2109 4441 trans-

519 4478 665 4533 duxit
708 4493 785 4533 me
812 4493 904 4549 per
952 4493 1141 4549 aquam,
1178 4494 1337 4548 usque
1365 4478 1432 4532 ad
1478 4495 1644 4534 renes.
1688 4477 1755 4531 Et
1805 4495 2007 4534 mensus
2037 4489 2110 4533 est

516 4567 660 4623 mille
680 4566 705 4605 ἀ
729 4576 1023 4635 torrentem,
1046 4586 1194 4639 quem
1220 4585 1321 4626 non
1342 4571 1483 4642 potui
1512 4572 1841 4640 pertransire,
1865 4572 2104 4642 quoniam

2218 3380 2360 3428 mur,
2386 3365 2499 3433 ipsa
2523 3363 2639 3433 ejus
2671 3365 3029 3430 immensitas,
3055 3379 3177 3435 qua:
3203 3379 3270 3421 ex
3296 3378 3357 3420 se
3384 3366 3659 3431 hominem
3690 3362 3806 3419 sub-

2219 3460 2382 3524 levat,
2414 3459 2481 3513 ad
2511 3474 2570 3514 se
2598 3460 2832 3514 humana
2881 3458 3060 3515 animo
3090 3459 3302 3528 plenam
3329 3461 3696 3529 cognitionem
3723 3470 3805 3513 ne-

2215 3565 2324 3624 gat,
2352 3560 2410 3607 nt
2439 3552 2576 3608 hanc
2606 3561 2659 3609 et
2697 3552 2963 3623 tangendo
2994 3562 3158 3617 amet,
3185 3564 3236 3608 et
3266 3561 3444 3608 tamen
3479 3565 3806 3625 nequaquam

2217 3646 2643 3717 pertranseundo
2674 3653 2940 3717 penetret.

2288 3740 2373 3793 5|.
2411 3738 2506 3793 His
2533 3739 2769 3807 emensis,
2800 3738 2869 3792 ad
2896 3736 3377 3807 contemplationem
3405 3738 3720 3808 peruenitur.
3744 3764 3806 3775 —

2160 3826 2171 3831 “
2219 3832 2417 3888 Beatus
2460 3832 2619 3899 igitur
2648 3831 2750 3887 Job
2797 3831 2910 3886 haec
2964 3831 3291 3886 incrementa
3338 3831 3601 3887 virtutum
3650 3827 3805 3901 τιή.

2219 3927 2345 3994 quia
2405 3925 2654 3981 distincte
2709 3925 3011 3987 hominibus
3066 3939 3301 3996 superno
3367 3941 3597 3982 munere
3646 3924 3801 3980 tribui

2217 4018 2519 4091 conspexit.
2549 4017 2745 4087 gradus
2777 4017 3007 4088 vocavit,
3042 4019 3292 4086 quoniam
3324 4002 3598 4089 per'ipsas
3625 4031 3806 4072 ascen-

2220 4111 2363 4167 ditur
2392 4127 2448 4167 ιιι
2476 4111 2539 4164 ad
2571 4110 2809 4166 caelestia
2833 4109 3121 4165 obtinenda
3151 4110 3413 4164 veniatur.
3441 4109 3599 4165 Sacri
3631 4111 3821 4177 itaque.

2216 4202 2356 4266 libri,
2389 4202 2439 4255 id
2469 4210 2547 4257 est
2572 4201 2739 4257 divini
2768 4202 2988 4272 eloquii,
3026 4200 3338 4257 memoriam
3384 4201 3611 4266 faciens,
3643 4201 3804 4256 dicit:

2215 4292 2321 4348 Per
2343 4294 2574 4363 singulos
2601 4294 2793 4364 gradus
2825 4310 2961 4348 meos
3002 4291 3342 4365 pronuntiabo
3365 4292 3549 4360 illum,
3582 4294 3706 4364 quia
3735 4290 3808 4345 tti-

2217 4386 2413 4441 mirttm
2447 4385 2534 4439 ille
2565 4386 2629 4439 ad
2663 4385 2960 4440 doctrinam
2992 4385 3085 4441 Dei
3118 4386 3384 4445 veraciter
3410 4384 3693 4451 ascendit,
3725 4383 3807 4453 qui

2213 4476 2279 4533 ad
2306 4476 2651 4533 obtinendam
2681 4477 2821 4533 hanc
2839 4477 3093 4549 gradibus
3116 4485 3318 4533 sanctas
3338 4478 3677 4547 openationis
3691 4490 3807 4532 eru-

2215 4569 2381 4639 perit.
2415 4569 2477 4623 Et
2509 4569 2659 4639 quasi
2689 4585 2782 4638 per
2813 4570 3050 4640 singulos
3071 4570 3269 4641 gradus
3297 4584 3424 4625 suos
3452 4570 3659 4628 librum
3693 4584 3807 4643 pro~

516 4664 863 4719 intumuerunt
890 4676 1036 4730 aqua:
1066 4662 1338 4731 profunde
1383 4664 1621 4718 torrentis
1647 4705 1661 4732 ,
1694 4663 1780 4732 qui
1812 4681 1915 4719 non
1947 4673 2109 4735 potest
2133 4664 2189 4730 D
2216 4663 2446 4731 nuntiat,
2476 4662 2567 4733 qui
2611 4662 2918 4733 percepisse
2964 4678 3025 4719 se
3072 4663 3189 4734 ejus
3236 4663 3516 4719 scientiam
3563 4679 3673 4720 non
3720 4675 3809 4733 per

514 4752 836 4815 transvadati
858 4751 1071 4823 (Ezech.
1098 4768 1267 4820 xavu,
1298 4754 1351 4818 5,
1379 4753 1463 4824 Δ).
1495 4754 1634 4822 Quid
1664 4770 1892 4823 namque
1922 4756 2098 4812 mille-

2208 4758 2372 4814 verba
2403 4758 2793 4824 tantummodo,
2820 4757 2914 4815 sed
2937 4758 3101 4813 etiam
3133 4771 3228 4821 per
3250 4771 3411 4828 opera
3439 4757 3799 4814 demonstrat.

516 4844 669 4897 nario
691 4857 917 4905 numero
938 4844 1038 4901 nisi
1063 4844 1245 4907 collati
1265 4846 1504 4901 muneris
1528 4846 1807 4916 plenitudo
1827 4848 2103 4919 signatur?
2209 4850 2360 4907 Unde
2387 4851 2561 4907 adhuc
2589 4850 2837 4907 subditur
2861 4868 2874 4905 :

516 4931 611 4989 Vir
659 4934 840 5005 itaque
885 4936 976 5006 qui
1020 4935 1267 5006 apparuit
1318 4936 1463 4993 mille
1506 4939 1718 4995 cubitos
1770 4941 2019 5008 metitur,
2050 4952 2099 4999 et

484 5026 773 5098 .propbeta
804 5040 899 5096 per
928 5040 1093 5096 aquas
1123 5040 1291 5097 usque
1317 5028 1384 5091 ad
1415 5028 1550 5085 talos
1578 5029 1817 5098 ducitur,
1845 5033 1966 5102 quia
1996 5032 2101 5090 Re-

513 5119 760 5190 demptor
786 5127 968 5175 noster
993 5133 1115 5201 cum
1134 5118 1285 5179 nobis
1311 5121 1379 5175 ad
1399 5136 1459 5177 se
1484 5121 1765 5185 conversis
1792 5123 1917 5181 boni
1944 5139 2104 5181 exor-

515 5213 586 5268 dii
636 5212 1022 5285 plenitudinem
1075 5211 1302 5280 tribuit,
1342 5204 1485 5271 dono
1528 5214 1784 5284 spiritalis
1830 5216 2108 5285 sapientiae

513 5308 687 5375 prima
714 5309 885 5363 nostri
912 5308 1092 5379 operis
1121 5306 1345 5380 vestigia
1377 5306 1633 5375 infundit.
1668 5310 1877 5383 Aquam
1909 5312 2107 5386 quippe

517 5413 687 5470 usque
714 5402 779 5457 ad
827 5401 965 5457 talos
990 5400 1175 5458 venire
1202 5409 1286 5457 est
1308 5400 1420 5471 jam
1452 5414 1550 5457 nos
1581 5416 1675 5472 per
1707 5413 1980 5473 acceptam
2022 5422 2097 5461 sa-

396 5562 415 5575 .
519 5492 774 5559 pientiam
809 5495 1129 5555 desiderate
1157 5493 1490 5551 rectitudinis
1522 5496 1743 5567 vestigia
1774 5505 1973 5555 tenere.
2004 5500 2099 5562 Oui

594 5614 621 5643 ει
650 5606 727 5662 Ita
757 5608 918 5664 Corb.
946 5608 1152 5677 Germ.,
1182 5608 1389 5676 Norm.,
1423 5608 1617 5676 Laud.,
1650 5611 1772 5666 Val.
1804 5610 1884 5667 Cl.
1913 5622 1966 5669 et
2000 5623 2105 5670 vet.

524 5678 667 5749 Edit.
699 5678 916 5749 Legitur
942 5696 1135 5747 amore,
1168 5682 1220 5737 in
1248 5682 1431 5739 Germ.
1461 5690 1518 5737 et
1549 5684 1601 5741 in
1637 5681 1735 5739 Ed.
1769 5693 1971 5740 recent.

596 5748 622 5788 δ
655 5748 905 5815 γριίει..
930 5760 982 5804 ut
1003 5752 1065 5807 ab
1088 5770 1145 5808 eo
1164 5754 1298 5823 quod
1319 5755 1433 5823 quis
1454 5754 1677 5816 quietum
1700 5758 1872 5823 sentit,
1889 5765 1937 5811 et
1957 5759 2116 5827 repri-

522 5831 868 5957 “iuuant...
885 5891 1107 5950 Vindoc.
1134 5903 1188 5950 et
1213 5894 1329 5952 Val.
1357 5893 1464 5965 CL,
1493 5905 1565 5951 est
1588 5898 1919 5971 perpendere.
1942 5899 2105 5959 Corb.

2282 4943 2448 5000 Vsus.
2482 4943 2571 4998 '57.
2597 4973 2666 4985 —
2687 4940 2756 4997 Et
2784 4944 2933 5016 quasi
2973 4943 3194 5015 principi
3219 4942 3431 5012 aferant
3451 4956 3592 4997 eum.

2285 5037 2456 5093 Omne
2496 5035 2637 5093 enim
2665 5036 2809 5107 quod
2840 5034 3135 5104 offerimus,
3174 5034 3228 5091 in
3257 5034 3506 5090 manibus
3540 5040 3806 5090 tenemus.

2217 5130 2467 5187 Venienti
2496 5146 2625 5202 ergo
2648 5132 2712 5187 ad
2735 5132 2998 5203 judicium
3030 5131 3257 5203 principi
3292 5131 3486 5191 librum
3509 5129 3714 5186 offerre
3732 5133 3807 5183 est

2215 5226 2377 5280 verba
2424 5234 2814 5298 praeceptorum
2862 5227 3004 5283 illius
3033 5228 3087 5283 in
3138 5227 3352 5287 actione
3394 5226 3663 5283 tenuisse.
3709 5223 3806 5280 Se-

2252 5317 2394 5373 uitur
2418 5335 2431 5371 :

2252 5333 2283 5371 u
2418 5335 2431 5371 :

2213 5332 2246 5387 q
2291 5332 2394 5373 “ur
2426 5410 2652 5468 CAPUT
2693 5410 2810 5489 XXI
2842 5412 2987 5488 [Vet.
3016 5409 3246 5481 XXIII,
3281 5412 3404 5468 Res.
3433 5410 3483 5467 Χ
3498 5408 3590 5485 γ].

2286 5503 2446 5559 Vens.
2481 5504 2670 5561 58-40.
2691 5533 2762 5546 —
2784 5504 2845 5561 Si
2872 5508 3143 5562 adversum
3170 5523 3247 5561 me
3275 5514 3411 5563 terra
3441 5522 3557 5562 mea
3593 5505 3803 5567 clamat.

2217 5616 2398 5688 Germ.
2432 5629 2486 5673 et
2513 5620 2704 5687 Laud.,
2736 5631 2811 5677 est
2832 5627 3069 5688 pendere.

2286 5686 2313 5727 ἀ
2345 5690 2463 5764 γει.
2491 5692 2573 5764 Cl.
2607 5702 2661 5747 et
2684 5686 2916 5760 Gemct.,
2961 5700 3331 5764 torrentemque
3354 5690 3455 5748 non
3492 5689 3665 5762 potui.

2289 5771 2311 5836 ἐ
2344 5761 2460 5836 Val.
2503 5762 2612 5830 CL,
2644 5773 2701 5819 ut
2740 5781 2800 5820 ea
2834 5759 2947 5835 qua:
2991 5765 3188 5821 uirilem
3225 5759 3438 5821 mentem
3480 5759 3803 5836 premebant,

2215 5832 2584 5906 delectationis,
2619 5845 2723 5891 etc.
