4066 6348
477 395 581 450 2i?

1693 369 1937 429 SANCTI
1979 366 2308 424 GREGORII
2351 366 2561 424 MAGNI

3642 366 3744 422 248

479 509 718 576 pationss
751 504 1055 558 innumeras
1103 493 1236 550 liber
1283 492 1350 546 ad
1380 490 1611 544 studium
1655 482 2049 555 praedicationis
2076 488 2127 546 Α
2157 497 2248 550 pro
2271 483 2524 576 frumento
2555 481 2793 576 tribulus,
2824 491 2872 535 et
2915 495 3008 548 pro
3056 480 3247 576 hordeo
3291 477 3464 576 spina.
3491 509 3561 521 -
3589 481 3663 536 Ac
3694 483 3740 536 si

478 604 596 657 fuit.
627 599 727 668 Qui
755 598 951 652 fructus
981 602 1134 646 terra:
1168 599 1436 655 nunquam
1467 583 1584 638 sine
1613 581 1842 650 pecunia
1874 589 2058 631 come-

479 695 576 759 dit,
601 693 722 765 quia
755 687 1001 743 nimirum
1023 682 1247 737 subditis
1277 679 1495 734 verbum
1539 676 1691 730 bonae
1734 672 2058 727 admonitio-

479 788 564 842 nis
594 782 842 844 reddidit,
873 793 902 832 a
931 777 1120 846 quibus
1149 775 1347 828 fructus
1375 783 1647 839 corporeae
1669 765 1946 822 servitutis
1971 779 2063 818 ac-

483 884 646 952 cepit.
679 881 789 934 Hoc
820 888 1052 942 namque
1083 872 1243 928 debet
1271 868 1620 938 omnipotenti
1647 867 1758 920 Deo
1779 865 1952 919 omnis
1973 863 2064 931 qui

481 982 673 1046 prxeest
688 970 901 1040 populo,
923 968 1023 1022 hoc
1035 965 1121 1036 qui
1141 964 1342 1029 multis,
1363 962 1465 1016 hoc
1482 959 1569 1029 qui
1582 957 1923 1029 paucioribus
1940 969 2066 1024 pras-

477 1075 581 1132 est,
612 1061 762 1117 utsic
777 1060 952 1114 debita
974 1055 1266 1111 ministeria
1289 1068 1318 1106 a
1339 1051 1563 1106 subditis
1584 1050 1782 1118 exigat,
1803 1057 2063 1115 quatenus

479 1157 598 1225 ipse
619 1155 778 1208 etiam
798 1150 924 1218 quid
946 1161 1158 1216 semper
1180 1144 1561 1199 admonitionis
1589 1140 1780 1193 debeat
1804 1136 2065 1196 sollicitus

475 1247 738 1302 attendst.
759 1245 957 1300 Omnes
986 1254 1214 1308 namque
1235 1237 1327 1306 qui
1361 1235 1459 1290 sub
1475 1231 1873 1301 dispensatione
1888 1227 2068 1283 condi-

480 1338 610 1393 toris
637 1335 835 1390 vicario
869 1332 1022 1388 nobis
1053 1328 1351 1385 ministerio
1389 1325 1659 1395 jungimur
1704 1322 1804 1376 sub
1850 1336 1954 1375 uno
2003 1334 2066 1376 ac

479 1443 610 1484 vero
641 1426 890 1490 Domino,
919 1423 1044 1492 quid
1078 1419 1232 1475 nobis
1264 1417 1404 1472 aliud
1465 1416 1628 1487 726
1683 1414 1783 1468 nisi
1833 1412 2065 1467 invicem

480 1519 627 1576 servi
657 1516 881 1574 sumus?
921 1514 1052 1570 Cum
1086 1513 1247 1582 igitur
1276 1511 1320 1564 is
1343 1509 1431 1577 qui
1461 1509 1644 1562 subest
1672 1504 1840 1561 servit
1866 1505 1930 1558 ad
1962 1503 2061 1558 ob-

481 1611 744 1681 sequium,
780 1617 947 1663 restat
977 1605 1158 1675 procul
1181 1601 1342 1657 dubio
1365 1609 1424 1654 ut
1451 1598 1496 1654 is
1525 1598 1615 1668 qui
1639 1606 1835 1668 prteest
1866 1596 2067 1650 serviat

482 1703 549 1758 ad
590 1702 835 1757 verbum.
866 1696 1000 1752 Cum
1030 1696 1078 1751 is
1124 1697 1212 1765 qui
1262 1693 1446 1749 subest
1491 1689 1655 1760 jussis
1703 1689 2061 1759 obtemperat,

482 1802 695 1865 oportet
725 1802 782 1846 ut
805 1793 850 1846 is
877 1791 965 1860 qui
993 1788 1185 1858 prae'est
1209 1802 1390 1841 curam
1412 1783 1783 1840 sollicitudinis
1807 1797 1870 1836 ac
1892 1783 2064 1852 pieta-

2168 584 2351 643 aperte
2377 575 2557 628 dicat:
2594 573 2650 628 Si
2693 574 2948 639 iniustum
2979 571 3105 642 quid
3149 587 3272 642 erga
3313 559 3554 627 subditos
3582 575 3745 643 gessi,

2168 667 2214 722 si
2242 668 2390 736 exegi
2422 667 2624 732 debita,
2657 676 2711 720 et
2745 665 2859 735 ipse
2887 664 3029 735 quod
3058 663 3214 720 debui
3265 678 3371 718 non
3415 665 3673 734 impendi,
3702 667 3748 721 si

2167 760 2598 817 exercitationem
2630 758 2752 813 boni
2779 758 2956 828 operis
2972 757 3088 811 aliis
3115 756 3296 822 invidi,
3323 772 3418 827 pro
3443 757 3596 812 bonis
3627 774 3747 828 quae

2168 854 2221 908 in
2255 862 2511 908 :eternum
2566 850 2828 911 reﬁciunt,
2878 850 3240 905 retribuantur
3290 848 3420 904 mihi
3469 851 3518 902 in
3549 850 3750 918 judicio

2168 945 2305 999 mala
2329 959 2446 1012 quin
2479 953 2738 1020 pungunt.
2773 941 2877 997 Pro
2907 942 3175 996 frumento
3201 941 3398 1010 quippe
3423 941 3665 1006 tribulus,
3696 951 3750 996 et

2170 1050 2267 1106 pro
2297 1035 2497 1089 hordeo
2525 1034 2676 1102 spina
2707 1034 2896 1101 oritur,
2933 1048 3052 1088 cum
3086 1034 3135 1086 in
3165 1033 3510 1087 retributione
3539 1032 3747 1099 ultima,

2167 1129 2233 1183 de
2258 1144 2360 1198 qua
2393 1128 2751 1183 remuneratio
2775 1127 2972 1182 laboris
2995 1127 3270 1196 quaeritur,
3298 1128 3515 1196 punctio
3541 1126 3748 1180 doloris

2169 1221 2456 1275 invenitur.
2493 1219 2559 1272 Et
2584 1219 2877 1274 notandum
2907 1218 3046 1288 quod
3077 1219 3215 1274 sicut
3240 1234 3269 1272 a
3316 1219 3583 1274 frumento
3617 1218 3750 1272 hor-

2169 1315 2326 1369 deum
2356 1313 2537 1380 distat,
2563 1314 2804 1383 quamvis
2836 1323 3118 1384 utrumque
3145 1314 3372 1380 reﬁciat,
3397 1315 3478 1369 sic
3501 1330 3530 1368 a
3557 1314 3752 1369 tribulo

2173 1406 2351 1475 spina,
2381 1407 2626 1474 quamvis
2658 1406 2726 1460 sit
2755 1415 3044 1476 utrumque
3073 1406 3212 1476 quod
3250 1415 3464 1476 pungat,
3506 1407 3629 1474 quia
3659 1407 3756 1460 tri-

2167 1499 2325 1554 bulus
2355 1499 2588 1566 mollior,
2631 1509 2684 1553 et
2725 1499 2791 1553 ad
2824 1499 3165 1569 pungendum
3209 1514 3420 1569 semper
3447 1498 3632 1554 durior
3663 1510 3748 1556 est

2169 1594 2342 1662 spina.
2372 1596 2459 1647 Ait
2484 1608 2615 1665 ergo
2641 1609 2656 1648 :
2695 1592 2803 1647 Pro
2848 1594 3102 1663 frumento
3135 1598 3330 1647 oriatur
3358 1593 3483 1646 mihi
3513 1593 3760 1662 tribulus,

2170 1693 2215 1738 et
2235 1699 2330 1755 pro
2356 1684 2546 1738 hordeo
2569 1686 2742 1754 spina.
2775 1685 2853 1741 Ac
2881 1685 2927 1740 si
2952 1693 3193 1752 patenter
3221 1685 3362 1740 dicat
3388 1702 3401 1737 :
3434 1685 3619 1756 Egisse
3646 1686 3755 1753 qui-

2170 1776 2292 1831 dem
2321 1786 2374 1832 et
2414 1792 2606 1847 magna
2634 1792 2721 1833 me
2759 1786 2815 1833 et
2860 1777 3078 1832 minima
3109 1777 3246 1833 bona
3272 1777 3406 1842 scio,
3453 1777 3548 1832 sed
3577 1778 3621 1832 si
3652 1794 3760 1834 non

484 1887 554 1942 tis
583 1884 873 1956 impendat.
897 1883 1089 1952 Sicque
1117 1880 1174 1934 fit
1203 1888 1260 1934 ut
1279 1878 1404 1933 dum
1425 1876 1664 1932 studiose
1693 1891 1831 1929 nunc
1859 1874 2068 1929 servire
2096 1876 2145 1940 Β
2176 1870 2245 1924 ita
2278 1879 2384 1935 est,
2418 1885 2515 1939 pro
2546 1869 2701 1925 bonis
2727 1870 2932 1940 magnis
2959 1871 3097 1946 mala
3128 1870 3369 1935 minima,
3394 1879 3448 1925 et
3473 1883 3567 1940 pro
3600 1871 3756 1924 bonis

482 1978 643 2036 nobis
692 1977 918 2032 invicem
974 1988 1070 2044 per
1117 1973 1432 2027 charitatem
1480 1970 1716 2034 nitimur,
1751 1970 2072 2038 quandoque

483 2085 607 2128 cum
638 2086 765 2127 vero
788 2069 1011 2124 Domino
1035 2064 1305 2122 communi
1325 2064 1678 2119 exsultatione
1699 2063 2065 2119 dominemur.

487 2163 630 2232 (Vel.
662 2160 903 2233 XXIV.]
934 2161 1039 2216 Sed
1069 2168 1195 2214 sunt
1220 2158 1459 2212 nonnulli
1491 2157 1576 2225 qui
1602 2156 1654 2209 in
1677 2170 1744 2209 eo
1773 2155 1916 2225 quod
1948 2155 2068 2211 oili-

485 2257 625 2308 cium
659 2253 1051 2324 praedicationis
1099 2251 1375 2314 exhibent,
1416 2247 1534 2302 aliis
1582 2248 1819 2302 invident
1873 2249 2069 2303 bonum

486 2345 629 2414 quod
663 2344 876 2407 habent,
908 2353 1064 2412 atque
1093 2342 1213 2395 ideo
1237 2341 1346 2408 jam
1389 2340 1650 2394 veraciter
1695 2353 1798 2392 non
1847 2339 2063 2394 habent.

489 2438 693 2504 Quibus
721 2444 871 2492 recte
915 2451 1009 2505 per
1057 2435 1315 2490 Jacobum
1345 2434 1541 2488 dicitur
1574 2451 1586 2486 :
1624 2433 1776 2500 Quod
1805 2435 1848 2487 si
1903 2436 2071 2488 zelum

491 2544 719 2580 amarum
738 2527 926 2581 habetis
952 2528 1078 2580 inter
1103 2543 1207 2589 vos,
1240 2536 1287 2580 et
1313 2524 1656 2579 contentiones
1677 2532 1794 2578 sunt
1823 2525 1875 2577 in
1896 2525 2068 2577 cordi-

491 2622 582 2676 bus
603 2623 802 2688 vestris,
828 2637 930 2674 non
957 2630 1028 2674 est
1052 2621 1148 2672 ista
1170 2620 1420 2688 sapientia
1449 2620 1713 2672 desursum
1738 2617 2068 2681 descendens,

493 2712 577 2767 sed
634 2723 848 2778 terrena,
892 2711 1151 2778 animalis,
1185 2710 1440 2763 diabolica
1481 2709 1620 2780 (Jac.
1654 2723 1730 2774 ιιι,
1770 2707 1882 2775 14).
1917 2707 2071 2763 Unde

491 2805 578 2860 hic
606 2820 814 2875 quoque
843 2820 963 2859 cum
994 2805 1195 2859 dictum
1227 2813 1307 2857 est
1335 2821 1346 2855 :
1377 2801 1438 2857 Si
1479 2805 1678 2873 [ructus
1726 2802 1837 2866 eius
1869 2801 2068 2869 comedi

491 2896 677 2970 absque
703 2897 942 2965 pecunia,
975 2905 1121 2950 recte
1149 2893 1482 2962 subjungitur
1511 2910 1522 2946 :

1055 2987 1281 3042 CAPUT
1322 2986 1507 3042 XXIII.

562 3078 686 3133 Isto.
721 3107 790 3117 —
819 3075 886 3130 Et
909 3069 1131 3130 animam
1153 3076 1498 3147 agricolarum
1527 3078 1637 3146 ejus
1657 3077 1835 3146 afflixi.

565 3169 655 3224 54.
675 3169 1019 3223 Ecclesiarum
1045 3177 1208 3221 rector
1223 3167 1317 3220 sibi
1339 3168 1391 3220 in
1412 3169 1775 3237 prcedicatioue
1794 3180 2072 3236 coaperan-

2174 1961 2407 2017 minimis
2433 1963 2566 2017 mihi
2620 1964 2982 2033 respondeant
3034 1965 3171 2018 mala
3229 1964 3452 2034 majora.
3506 1964 3761 2031 Quamvis

2174 2052 2276 2108 hoc
2307 2053 2534 2124 intelligi
2564 2062 2617 2108 et
2644 2053 2802 2109 aliter
2835 2063 3028 2124 potest.
3055 2053 3112 2109 In
3141 2054 3411 2110 frumento
3431 2057 3630 2125 quippe
3651 2055 3761 2125 spi-

2175 2145 2334 2200 ritale
2363 2159 2516 2214 opus,
2551 2145 2693 2216 quod
2723 2155 2956 2201 mentem
3005 2146 3194 2210 reflcit,
3247 2147 3300 2200 in
3350 2147 3552 2201 hordeo
3579 2156 3760 2201 autem

2176 2246 2511 2292 terrenarum
2541 2252 2719 2312 rerum
2771 2237 3102 2306 dispensatio
3153 2238 3312 2309 727
3367 2238 3641 2307 figuratur.
3702 2238 3760 2293 In

2175 2345 2276 2399 qua
2307 2344 2452 2399 saepe
2483 2330 2609 2384 dum
2640 2330 2844 2385 servire
2874 2329 3102 2384 infirmis
3133 2340 3292 2399 atque
3320 2330 3626 2385 carnalibus
3671 2345 3763 2384 co-

2172 2421 2366 2491 gimur,
2401 2430 2426 2459 ι
2460 2421 2611 2490 quasi
2643 2437 2738 2476 sua
2763 2422 3021 2491 jumentis
3067 2423 3315 2478 alimenta
3370 2437 3756 2494 praeparamus,

2174 2521 2331 2582 atque
2360 2511 2475 2581 ipse
2502 2521 2805 2567 nostrorum
2841 2527 2970 2567 usus
2999 2528 3219 2581 operum
3249 2514 3402 2582 quasi
3432 2530 3582 2569 more
3621 2515 3753 2568 hor-

2173 2602 2260 2659 dei
2291 2602 2448 2656 habet
2476 2599 2675 2672 aliduid
2722 2602 2788 2658 de
2816 2602 3135 2659 admistione
3180 2605 3477 2673 palearum.
3533 2605 3600 2659 Et
3646 2606 3760 2674 ple-

2174 2712 2399 2768 rumque
2427 2698 2688 2767 contingit
2715 2707 2771 2752 ut
2798 2710 2975 2754 rector
3003 2701 3092 2770 qui
3135 2710 3354 2770 prmest,
3396 2700 3524 2755 dum
3570 2701 3764 2770 iniusta

2173 2799 2362 2844 contra
2412 2789 2656 2846 subditos
2705 2802 2939 2858 exercet,
2992 2792 3118 2846 dum
3171 2793 3318 2847 nullo
3348 2794 3520 2847 bonos
3562 2794 3765 2849 blandi-

2175 2890 2356 2936 mento
2385 2882 2612 2949 refovet,
2655 2883 2800 2950 dum,
2826 2884 2965 2954 quod
2991 2885 3206 2954 gravius
3235 2895 3337 2953 est,
3374 2889 3508 2940 bene
3528 2900 3762 2955 operan-

2177 2986 2255 3032 tes
2283 2992 2522 3048 quosque
2551 2994 2616 3034 ex
2644 2978 2843 3034 invidia
2890 2977 3080 3050 affligit
3121 2980 3283 3035 etiam
3338 2980 3580 3050 quaedam
3628 2983 3765 3038 bona

2174 3069 2458 3139 aliquando
2493 3070 2672 3138 faciat,
2703 3086 2764 3126 ac
2801 3073 2844 3126 si
2888 3071 3209 3126 frumentum
3238 3082 3405 3139 serat,
3451 3087 3674 3143 seseque
3705 3075 3762 3128 in

2176 3165 2549 3236 dispensandis
2597 3168 2824 3224 terrenis
2847 3166 3005 3224 rebus
3035 3163 3064 3204 δ
3105 3182 3486 3236 nonnunquam
3511 3182 3615 3221 non
3639 3182 3761 3221 ava-

497 3261 630 3320 tibus
660 3278 760 3315 non
795 3260 1039 3314 invideat.
1085 3289 1147 3299 —
1187 3259 1448 3333 Agricolae
1477 3260 1674 3331 quippe
1725 3257 1881 3331 hujus
1914 3267 2070 3315 terrae
2102 3261 2145 3326 C
2179 3262 2314 3318 ritiae
2344 3264 2541 3330 studio,
2571 3263 2665 3318 sed
2709 3278 2805 3332 pro
2837 3264 3066 3320 utilitate
3092 3262 3382 3318 carnalium
3434 3261 3673 3327 misceat,
3708 3271 3767 3319 et

495 3367 622 3413 sunt
653 3357 709 3411 hi
738 3358 847 3428 qui,
906 3356 1098 3412 minori
1156 3357 1271 3411 loco
1325 3357 1506 3425 positi,
1557 3370 1661 3423 quo
1708 3356 1884 3407 valent
1928 3355 2068 3419 zelo,

495 3460 695 3524 quanto
726 3460 942 3520 possunt
972 3465 1156 3520 opere,
1187 3450 1253 3504 ad
1280 3447 1630 3504 eruditionem
1655 3455 1851 3501 sanctae
1882 3447 2069 3502 Eccle-

497 3545 594 3601 site
623 3545 676 3599 in
706 3543 1102 3614 praedicationis
1139 3543 1308 3613 gratia
1338 3544 1709 3610 cooperantur.
1742 3540 1887 3605 Quos
1926 3539 2074 3593 vide-

495 3637 626 3693 licet
647 3645 804 3692 terrze
835 3636 990 3706 hujus
1021 3636 1282 3706 agricolas
1311 3633 1412 3688 hoc
1443 3641 1525 3688 est
1553 3647 1656 3686 non
1685 3630 1944 3701 afﬂigere,
1983 3644 2075 3684 eo-

495 3741 614 3784 rum
645 3727 912 3783 laboribus
942 3741 1045 3800 non
1079 3727 1339 3788 invidere,
1367 3740 1433 3780 ne
1461 3733 1636 3778 rector
1660 3723 1917 3778 Ecclesia:
1939 3723 2066 3776 dum

501 3817 602 3875 soli
630 3817 727 3875 sibi
750 3818 838 3889 jus
883 3818 1276 3888 praedicationis
1303 3816 1554 3879 vindicat,
1585 3816 1741 3870 etiam
1777 3815 1895 3868 aliis
1929 3825 2075 3868 recte

500 3911 911 3981 prmdicantibus
941 3909 1136 3964 invidia
1179 3925 1238 3964 se
1265 3908 1544 3964 mordente
1577 3906 1927 3960 contradicat.
1981 3905 2075 3959 l’ia

502 4000 699 4056 etenim
729 4009 997 4068 pastorum
1025 4014 1196 4063 mens,
1225 3999 1346 4066 quia
1391 4012 1493 4053 non
1531 3999 1798 4066 prapriam
1827 3995 2072 4065 gloriam,

501 4093 595 4148 sed
620 4091 853 4146 auctoris
874 4091 1090 4161 quierit,
1133 4091 1201 4144 ab
1237 4090 1484 4144 omnibus
1523 4087 1638 4143 vult
1663 4087 1904 4156 adjuvari
1935 4087 2077 4156 quod

499 4186 627 4255 agit.
654 4184 850 4239 Fidelis
880 4198 1108 4252 namque
1138 4183 1455 4254 praedicator
1480 4191 1648 4251 Optat,
1678 4182 1718 4234 si
1745 4183 1856 4236 fieri
1881 4184 2075 4250 valeat,

499 4287 557 4333 ut
584 4278 864 4337 veritatem
891 4290 1049 4346 quam
1090 4274 1237 4329 solus
1265 4273 1410 4344 loqui
1434 4290 1536 4329 non
1568 4273 1764 4329 sufficit
1809 4288 1902 4328 ora
1941 4289 2076 4328 cun-

501 4379 711 4424 ctorum
741 4376 952 4422 sonent.
982 4367 1132 4423 Unde
1173 4380 1293 4422 cum
1322 4365 1484 4421 Josue
1535 4359 1742 4420 duo-bus
1790 4368 1844 4420 in
1889 4367 2079 4422 castris

502 4460 898 4517 remanentibus
941 4467 1098 4529 atque
1128 4457 1564 4528 prophetantibus
1607 4458 1764 4513 vellet
1795 4458 2075 4523 obsistere,

501 4565 645 4608 recte
675 4568 768 4622 per
797 4552 1017 4624 Moysen
1071 4550 1306 4606 dicitur:
1359 4550 1494 4616 Quid
1539 4545 1797 4604 arm'ularis
1828 4566 1920 4619 pro
1963 4551 2080 4603 me?

2177 3355 2256 3411 sic
2279 3357 2517 3426 ejusdem
2548 3356 2747 3412 laboris
2775 3356 3002 3412 fructum
3025 3357 3172 3411 velut
3201 3371 3427 3411 messem
3453 3356 3638 3410 hordei
3666 3372 3764 3412 ex-

2179 3457 2404 3517 speCtet.
2436 3449 2542 3506 Sed
2573 3450 2797 3519 subjecti
2826 3449 3024 3518 quique
3053 3463 3147 3518 pro
3169 3463 3234 3503 eo
3262 3448 3402 3517 quod
3428 3449 3479 3503 in
3505 3447 3755 3502 maximis

2178 3552 2490 3613 gravantur,
2521 3542 2756 3612 gaudere
2781 3542 2835 3596 in
2864 3541 2980 3610 ejus
3011 3540 3167 3596 bonis
3192 3540 3428 3595 minimis
3471 3549 3763 3610 nequeunt,

2183 3643 2204 3671 ε
2239 3634 2361 3705 quia
2393 3648 2491 3688 nec
2522 3633 2622 3688 hoc
2653 3648 2788 3704 opus
2816 3647 2999 3688 coram
3055 3634 3160 3688 Deo
3205 3633 3396 3702 placet,
3450 3630 3591 3701 quod
3635 3631 3768 3687 alte-

2180 3728 2292 3782 rius
2319 3729 2499 3796 operis
2527 3725 2783 3796 iniustitia
2818 3726 3023 3794 polluit,
3051 3739 3149 3780 nec
3170 3725 3283 3794 ipsa
3309 3733 3643 3779 terrenarum
3669 3738 3763 3778 re-

2180 3833 2300 3872 rum
2322 3818 2651 3889 dispensatio
2678 3833 2772 3887 pro
2805 3818 3034 3874 utilitate
3065 3817 3397 3872 subditorum
3423 3817 3618 3886 suscipi
3648 3830 3769 3872 cre-

2180 3910 2348 3979 ditur,
2377 3910 2591 3981 quando
2622 3911 2666 3964 is
2687 3910 2778 3977 qui
2808 3919 3002 3980 praeest
3044 3911 3318 3965 anhelare~
3349 3925 3447 3980 per
3489 3909 3768 3963 avaritiam

2183 4001 2417 4057 videtur.
2445 4000 2594 4056 Unde
2624 4001 2683 4056 fit
2714 4010 2770 4056 ut
2798 4001 2863 4055 ad
2889 4002 3000 4070 ipsa
3033 4001 3191 4055 etiam
3239 4015 3401 4068 pauca
3450 4001 3612 4067 bona,
3639 4014 3761 4070 quae

2185 4093 2296 4148 fieri
2326 4091 2466 4148 inter
2492 4092 2656 4147 multa
2697 4093 2835 4146 mala
2861 4092 3228 4158 considerant,
3260 4107 3364 4147 non
3415 4093 3626 4155 laudes,
3668 4090 3769 4146 sed

2182 4187 2412 4258 gemitus
2439 4186 2696 4251 reddant;
2727 4195 2886 4256 atque
2907 4186 3604 4251 intirmantesmurmurent,
3629 4183 3759 4239 dum

2184 4278 2526 4348 perpendunt
2578 4278 2697 4347 puri
2748 4278 2927 4347 operis
2975 4292 3081 4332 non
3122 4292 3243 4332 esse
3271 4277 3412 4345 quod
3440 4277 3643 4332 vident.
3677 4275 3773 4331 Ait
3823 4337 3827 4342 1

2182 4384 2341 4439 ergo:
2377 4368 2438 4424 Si
2468 4369 2737 4422 adversum
2762 4384 2842 4422 me
2863 4377 3001 4422 terra
3031 4384 3140 4422 mea
3181 4367 3391 4434 clamat,
3424 4377 3470 4422 et
3507 4385 3621 4421 cum
3652 4369 3773 4435 ipsa

2186 4461 2318 4515 sulci
2347 4463 2458 4533 ejus
2486 4461 2672 4531 deﬂent
2687 4475 2706 4524 ;
2729 4461 2782 4514 si
2802 4463 2999 4528 fructus
3026 4461 3136 4531 ejus
3173 4460 3372 4514 comedi
3400 4461 3588 4528 absque
3616 4476 3774 4530 pecu—

2187 4554 2296 4619 nia,
2331 4563 2376 4606 et
2403 4555 2628 4607 animam
2655 4552 3004 4624 agricolarum
3034 4554 3146 4622 eius
3175 4552 3372 4624 afﬂixi;
3396 4570 3488 4624 pro
3517 4554 3776 4624 frumento

504 4648 630 4714 Quis
660 4647 844 4700 tribuat
873 4658 927 4700 ut
949 4646 1113 4700 omnis
1135 4645 1352 4715 populus
1375 4646 1655 4714 praplietet,
1689 4653 1735 4697 et
1765 4644 1847 4698 det
1875 4645 1945 4696 eis
1975 4641 2083 4696 Do-
2112 4651 2165 4712 Ῑ)
2191 4644 2388 4698 oriatur
2407 4645 2533 4698 mihi
2554 4644 2792 4707 tribulus,
2827 4654 2872 4699 et
2899 4659 2990 4712 pro
3016 4643 3206 4697 hordeo
3230 4645 3401 4713 spina.
3428 4645 3505 4698 Ac
3529 4645 3575 4698 si
3595 4652 3776 4712 aperte

501 4739 663 4792 minus
707 4738 943 4808 spiritum
991 4753 1138 4806 suum
1189 4734 1375 4803 (Num.
1439 4749 1518 4801 ιιι,
1567 4731 1696 4804 9.9)?
1749 4733 2080 4803 PrOphetare

503 4830 700 4899 quippe
746 4842 933 4882 omnes
959 4825 1147 4889 voluit,
1197 4825 1285 4894 qui
1337 4825 1534 4879 bonum
1563 4824 1704 4894 quod
1739 4825 1921 4881 habuit
1959 4826 2077 4880 aliis

505 4936 608 4976 non
639 4918 860 4974 invidit:
893 4917 1021 4984 Quia
1059 4917 1218 4985 igitur
1246 4915 1428 4970 beatus
1459 4913 1559 4969 Job
1591 4925 1782 4969 cuncta
1817 4916 1931 4969 haec
1959 4932 2078 4971 sus-

500 5025 662 5081 pensa
710 5009 909 5076 intulit,
940 5016 995 5063 et
1025 5007 1070 5062 si
1115 5021 1180 5061 ea
1226 5005 1447 5060 minime
1495 5004 1679 5060 fecerit
1715 5004 1978 5060 sententia
2019 5018 2079 5061 se

500 5103 897 5161 maledictionis
925 5100 1230 5170 adstringit,
1267 5098 1506 5168 sequitur
1531 5117 1542 5151 :

846 5191 1071 5249 CAPUT
1110 5189 1278 5245 XXIV
1319 5187 1466 5261 [Rea
1506 5187 1724 5257 XVII].

566 5289 728 5342 Vens.
752 5286 842 5342 40.
873 5314 942 5325 -
968 5283 1078 5338 Pro
1107 5283 1360 5354 frumento
1391 5280 1586 5334 oriatur
1606 5281 1732 5334 mihi
1755 5280 1996 5345 tribulus,
2029 5290 2078 5335 et

497 5400 587 5456 pro
637 5387 826 5439 hordeo
856 5386 1026 5455 spina.

701 5475 942 5530 Prclatis
960 5489 1055 5528 sua
1082 5472 1385 5526 auctoritate
1432 5470 1563 5524 male
1619 5468 1873 5522 utentibus
1913 5470 2078 5523 oritur

569 5639 595 5667 ι
636 5629 828 5696 Laud.,
860 5631 1006 5700 quasi
1054 5629 1230 5683 suavia
1283 5629 1465 5683 mentis
1520 5627 1761 5681 alimenta
1817 5641 2079 5695 prwpara-

499 5715 585 5752 mu
622 5739 637 5755 .

571 5717 615 5807 bs
638 5768 855 5823 Defectu
885 5769 1111 5824 duarum
1151 5768 1462 5824 vocularum
1516 5783 1617 5822 non
1649 5775 1704 5822 et
1731 5767 1819 5821 sed
1870 5762 2078 5822 luxatus

498 5849 613 5894 erat
645 5839 903 5894 biclocus
935 5842 986 5894 in
1039 5839 1402 5909 superioribus
1459 5841 1560 5896 Ed.
1625 5839 1834 5894 Erroris
1888 5839 2072 5895 admo-

2184 4736 2329 4792 dicat
2358 4753 2375 4793 :
2407 4736 2464 4792 Si
2493 4750 2687 4807 magna
2726 4751 2844 4804 quae
2876 4735 3035 4790 debui
3064 4735 3293 4792 sollicite
3317 4750 3421 4790 non
3454 4734 3577 4802 feci,
3609 4735 3788 4806 728,

2186 4830 2501 4900 punctiones
2526 4829 2820 4884 murmuris
2846 4843 2879 4882 a
2906 4829 3162 4899 subjectis
3184 4832 3461 4900 recipiam,
3508 4830 3670 4886 etiam
3708 4833 3776 4886 de

2188 4922 2329 4978 bono
2358 4921 2501 4992 quod
2532 4920 2654 4975 feci.
2700 4920 2758 4975 Si
2810 4919 3025 4990 neglexi
3071 4923 3326 4978 exhibere
3377 4921 3520 4992 quod
3570 4922 3770 4987 foveat,

2178 5016 2322 5084 juste
2344 5014 2396 5069 in
2425 5013 2698 5084 querelam
2729 5013 3014 5083 prosiliens
3042 5030 3231 5072 eorum
3276 5016 3458 5087 lingua
3505 5031 3592 5073 me
3632 5031 3768 5087 pun-

2184 5114 2296 5173 gat.

2254 5195 2346 5251 56.
2387 5194 2608 5250 Prwlati
2649 5213 2680 5250 a
2710 5197 2857 5251 malis
2882 5199 3126 5268 exemplis
3164 5186 3471 5269 praebendis,
3501 5200 3698 5256 subditi
3740 5218 3771 5254 a

2183 5287 2468 5342 temerariis
2482 5286 2699 5358 judiciis
2725 5297 2956 5344 caveant.
2989 5318 3054 5329 -—
3081 5290 3197 5356 Qua
3221 5289 3277 5346 in
3300 5305 3357 5347 re
3378 5305 3593 5361 semper
3620 5292 3763 5346 solli-

2181 5380 2286 5432 cita
2307 5377 2732 5433 consideratione
2758 5379 3088 5447 pensandum
3116 5389 3219 5446 est,
3252 5396 3319 5436 ne
3347 5381 3509 5436 authi
3530 5382 3618 5451 qui
3636 5397 3769 5452 prie-

2182 5479 2305 5525 sunt
2334 5471 2577 5539 exempla
2607 5468 2735 5524 mali
2780 5471 2959 5540 operis
3006 5469 3264 5540 subjectis
3312 5471 3612 5542 praebeant,
3671 5486 3762 5527 eo-

2184 5637 2426 5751 nuerutnlts
2440 5627 2570 5749 Msls.
2603 5624 2816 5696 Anglic.
2853 5635 2908 5683 et
2935 5626 3127 5692 nostri,
3155 5641 3360 5681 necnon
3391 5635 3502 5682 vet.
3534 5625 3636 5681 Ed.
3667 5626 3763 5682 Pa-

2184 5715 2280 5751 I'IS.
2309 5713 2340 5751 ο
2429 5712 2507 5750 as:
2538 5735 2551 5749 .

2183 5715 2280 5755 HS.
2309 5712 2363 5752 οι
2389 5712 2551 5750 uasu.

2222 5841 2231 5850 .
2257 5780 2279 5807 ο
2323 5768 2506 5848 Norm.
2540 5777 2594 5825 et
2622 5766 2814 5839 Laud.,
2859 5769 2979 5839 quia
3008 5783 3097 5822 nec
3127 5781 3252 5838 opus
3283 5767 3451 5836 placet
3476 5771 3615 5840 quod
3642 5769 3740 5822 alte

2186 5857 2293 5894 rius
2323 5854 2510 5910 aperis.
