4066 6348
333 368 438 425 249

1083 373 1450 430 ΜυκΑιιυΜ
1490 373 1618 432 LIB.
1663 375 1853 438 XXIII.
1889 410 1958 424 —
1998 383 2065 440 IN
2102 385 2335 445 CAPUT
2376 387 2572 448 XXXII
2613 393 2672 450 Β.
2718 395 2860 454 JOB.

3509 407 3617 465 250

330 496 554 577 rumque
581 481 742 577 vitam
775 496 885 577 sine
906 483 1082 577 gladio
1105 487 1386 554 pravitatis
1415 492 1796 560 exstinguant;
1830 504 1921 548 aut
1947 509 2002 577 Α
2027 495 2141 552 Nos
2164 501 2444 571 enimquid
2474 508 2688 561 sumus?
2716 506 2826 561 Nec
2847 520 3029 566 contra
3050 528 3142 567 nos
3168 524 3240 569 est
3265 530 3501 573 murmur
3524 536 3612 575 ue-

328 573 382 628 hi
412 573 502 643 qui
545 574 726 630 alieno
752 576 995 645 regimini
1024 577 1322 646 subiacent,
1356 581 1511 636 facile
1533 581 1780 652 judicare
1818 579 1948 640 au?

327 666 488 722 deant
519 665 653 720 facta
687 676 976 741 rectorum,
1009 680 1168 740 atque
1202 689 1296 742 per
1332 673 1432 728 hoc
1461 676 1602 744 quod
1629 677 1696 732 de
1718 678 1800 733 his
1825 680 1916 750 qui

327 760 428 815 sibi
461 762 667 830 praelati
693 772 818 818 sunt
840 779 1192 832 murmurant,
1222 784 1326 823 non
1360 769 1616 839 humano,
1640 778 1732 828 sed
1756 777 1803 830 ei
1826 777 1917 846 qui

325 863 510 908 cuncta
542 855 778 923 disponit
805 857 987 914 divino
1010 860 1183 915 ordini
1208 866 1596 921 contradicunt.
1635 869 1740 924 Illis
1761 886 1916 925 nam-

324 960 428 1013 que
453 945 647 1000 dicitur
679 964 693 1001 :
721 948 848 1005 Oves
878 968 1002 1006 mete
1031 952 1110 1007 his
1131 972 1244 1026 qua:
1267 959 1562 1013 conculcata
1591 963 1798 1030 pedibus
1827 981 1914 1018 ve-

322 1039 441 1092 stris
461 1042 667 1108 fuerant
707 1045 1064 1112 pascebantur,
1098 1058 1144 1100 et
1171 1065 1284 1112 qua:
1311 1053 1466 1108 pedes
1502 1055 1654 1107 vestri
1678 1057 1912 1111 turbave-

321 1141 457 1197 rant,
486 1132 595 1187 [nec
620 1133 857 1190 bibebant
906 1136 1118 1206 (Ezech.
1172 1157 1360 1208 xxxw,
1416 1144 1526 1214 l9).
1577 1148 1716 1202 Oves
1768 1149 1910 1203 enim

321 1223 528 1280 turbata
563 1227 785 1296 pedibus
811 1229 1000 1286 bibunt
1053 1250 1173 1289 cum
1213 1238 1438 1306 subjecti
1491 1255 1554 1295 ea
1604 1243 1669 1295 ad
1724 1257 1912 1298 exem-

317 1315 461 1386 plum
506 1318 720 1374 vivendi
765 1332 1022 1392 appetunt
1061 1342 1182 1396 quae
1234 1331 1438 1400 prmlati
1493 1333 1691 1403 quique
1745 1351 1912 1404 pravo

317 1423 479 1478 opere
507 1422 839 1480 pervertunt.
876 1419 942 1471 At
970 1429 1156 1475 contra
1199 1436 1228 1476 a
1279 1426 1513 1493 praelatis
1550 1426 1602 1481 bi
1633 1427 1906 1483 audiunt:

2025 600 2209 693 stram,
2265 595 2356 647 sed
2401 609 2580 652 contra
2635 599 2915 656 Dominum
2967 604 3172 675 (Exod.
3234 625 3339 675 ινι,
3390 613 3469 683 8).
3515 614 3618 684 Qui

2026 696 2168 782 enim
2197 698 2383 744 contra
2406 703 2794 761 superposutam
2819 697 2918 750 sibi
2949 710 3264 767 potestatem
3291 719 3616 782 murmurat,

2028 776 2197 847 liquet
2223 781 2364 850 quod
2396 782 2544 838 illum
2580 785 2852 855 redarguit
2892 792 2979 859 qui
3010 793 3252 848 eamdem
3287 795 3485 852 homini
3517 776 3616 866 ι)ολ

2027 877 2272 972 testatem
2327 872 2492 928 dedit.
2527 875 2762 932 Tandem
2804 880 2944 936 beati
2991 883 3092 938 Job
3148 886 3331 953 plenas
3381 892 3612 960 mystica

2023 968 2217 1019 virtute
2246 968 2562 1036 sententias,
2597 969 2651 1024 in
2682 971 2872 1040 quibus
2903 984 3087 1027 contra
3121 978 3415 1033 amicorum
3449 985 3610 1037 verba

2020 1058 2318 1126 respondit,
2363 1060 2474 1115 Deo
2501 1061 2762 1130 largiente
2805 1063 3149 1134 digessimus;
3196 1086 3337 1124 nunc
3367 1084 3612 1140 superest

2019 1157 2074 1202 ut
2099 1149 2163 1203 ad
2212 1150 2331 1205 Eliu
2366 1153 2523 1207 verba
2552 1155 2853 1222 veniamus,
2909 1175 3027 1228 quae
3057 1170 3203 1216 tanto
3239 1165 3470 1232 graviori
3502 1167 3609 1220 cir-

2017 1247 2416 1316 cumspectione
2449 1250 2720 1318 pensanda
2751 1264 2895 1316 sunt,
2920 1265 3118 1321 quanto
3149 1265 3203 1308 et
3229 1271 3322 1325 per
3348 1257 3606 1327 iuventu-

2016 1338 2085 1395 tis
2114 1341 2392 1399 audaciam
2423 1343 2613 1416 Spiritu
2636 1342 2962 1404 ferventiore
2993 1348 3353 1420 proferuntur.

313 1567 3605 1630 ,ΜΕ-τεπ-

1517 1731 1896 1908 Ξιβᾱτβ
1953 1732 2431 1914 quinta,

1485 2029 1939 2095 CONTINENS
1983 2017 2268 2096 LIBROS
2310 2032 2480 2097 sex.

1609 2196 2265 2225 *ασ-

1122 2317 1473 2401 LIBER
1529 2313 2184 2399 VIGESIMUS
2259 2317 2805 2402 TERTIUS.

303 2477 753 2558 Exponuntur
790 2498 928 2559 cup.
964 2497 1151 2540 χχιιι
1186 2489 1239 2538 et
1271 2495 1481 2538 xxxnt
1521 2495 1710 2560 usque
1746 2476 1827 2536 ad
1857 2493 2098 2536 versum
2131 2475 2249 2560 22._
2273 2477 2404 2547 ubi,
2448 2479 2678 2560 silente
2699 2477 2830 2560 Job
2863 2523 2878 2548 ,
2930 2479 3090 2541 Eliu
3126 2484 3354 2560 Junior
3397 2479 3594 2546 multa

968 2569 1139 2621 recta
1170 2567 1224 2620 et
1257 2577 1434 2637 sana,
1465 2555 1570 2619 sed
1603 2574 1728 2618 non
1763 2565 1929 2618 recte
1955 2565 2010 2616 et
2042 2575 2197 2616 sana
2225 2557 2575 2619 intentione
2609 2558 2912 2620 edisserit.

815 2707 1040 2763 CAPUT
1079 2705 1364 2763 PRIMUM.

373 2801 535 2871 729
550 2799 663 2868 Quo
687 2798 783 2853 Dei
811 2800 1044 2862 consilio,
1070 2799 1309 2868 quibusve
1338 2799 1504 2852 modis
1525 2798 1625 2852 Job
1649 2797 1892 2868 probatus

299 2895 476 2962 fuerit.
503 2922 571 2933 -—
592 2885 1157 2960 Prtel'atinnem‘liujus
1185 2891 1366 2960 operis
1403 2891 1557 2945 toties
1589 2890 1894 2945 necessario

298 2987 767 3058 repetoﬁquoties
798 2986 898 3040 hoc
939 2988 989 3039 in
1017 2984 1359 3039 distinctione
1375 2983 1706 3038 voluminum
1737 2981 1888 3036 locu-

297 3081 463 3135 tionis
505 3096 638 3135 mea:
665 3079 977 3148 pansatione
999 3076 1235 3142 succido,
1270 3084 1326 3130 ut
1352 3092 1471 3132 eum
1498 3074 1708 3145 legendi
1731 3089 1892 3128 exor-

300 3172 448 3226 dium
480 3170 726 3235 sumitur,
755 3171 898 3238 prius
929 3169 1040 3238 ipsa
1065 3169 1338 3224 memoria:
1363 3167 1602 3221 lectionis
1618 3181 1776 3220 causa
1810 3180 1892 3222 re-

296 3273 548 3328 novetur,
565 3273 619 3318 et
635 3271 779 3316 tanto
801 3262 1070 3316 robustius
1094 3270 1276 3330 surgat
1302 3261 1563 3318 doctrina:
1580 3259 1886 3324 aedilicium,

295 3368 496 3426 quanto
523 3371 588 3410 ex
619 3354 951 3410 considerata
979 3369 1152 3408 causie
1183 3354 1392 3424 origine
1413 3353 1707 3408 studiosius
1736 3353 1890 3422 poni-

297 3459 383 3504 tur
411 3451 463 3504 in
496 3461 673 3503 mente
701 3447 1120 3502 fundamentum.
1152 3447 1340 3502 Beatus
1363 3447 1486 3511 Job,
1507 3447 1616 3501 Deo
1637 3448 1737 3500 soli
1761 3447 1891 3501 sibi-

295 3560 400 3616 que
447 3543 710 3616 cognitus,
753 3543 805 3598 in
851 3543 1230 3613 tranquillitate
1261 3541 1326 3596 ad
1375 3553 1610 3597 neStram
1646 3541 1887 3598 notitiam

298 3637 674 3708 perducendus
702 3645 870 3690 tactus
893 3646 972 3690 est
1008 3635 1265 3703 verbere,
1326 3645 1383 3690 ut
1412 3634 1632 3690 odorem
1664 3649 1885 3688 suarum

297 3731 491 3786 virium
520 3728 548 3767 δ
582 3740 730 3783 tanto
761 3729 921 3783 latius
951 3739 1244 3798 spargeret,
1281 3738 1478 3796 quanto
1503 3742 1650 3780 more
1680 3742 1888 3782 aroma-

277 3821 406 3879 tum
427 3823 622 3878 melius
650 3837 716 3876 ex
750 3822 1059 3876 incensione
1093 3820 1370 3890 iragraret.
1398 3821 1625 3873 Noverat
1657 3819 1707 3872 in
1733 3817 1886 3874 bonis

295 3921 383 3989 pie
409 3918 654 3973 subditos
678 3931 880 3985 regere,
915 3926 966 3970 et
998 3932 1025 3970 a
1056 3916 1209 3970 malis
1233 3929 1292 3970 se
1319 3915 1563 3970 districte
1589 3913 1884 3970 custodire.

293 4011 526 4066 Noverat
558 4011 694 4065 bene
724 4009 797 4064 uti
836 4008 995 4064 rebus
1020 4009 1217 4063 habitis
1243 4051 1256 4073 ,
1314 4009 1407 4064 sed
1440 4008 1810 4063 nesciebamus
1839 4006 1886 4062 si

1922 2705 1967 2764 Β
1997 2704 2169 2757 sancti
2204 2704 2301 2758 viri
2335 2703 2467 2758 forte
2498 2719 2560 2758 ac
2587 2702 2816 2760 solidum
2849 2713 3035 2773 pectus
3061 2715 3114 2760 et
3141 2721 3237 2775 per
3276 2707 3469 2764 damna
3502 2726 3592 2766 re.

1997 2813 2113 2854 rum
2147 2797 2330 2851 dolore
2355 2804 2643 2859 sterneret.
2687 2807 2740 2852 et
2772 2811 2866 2866 per
2897 2797 3056 2852 verba
3085 2798 3326 2868 conjugis
3359 2801 3584 2858 maledi-

1996 2894 2173 2948 ctione
2202 2891 2520 2962 perforaret.
2572 2889 2679 2945 Sed
2708 2901 2836 2961 quot
2875 2892 3095 2947 vulnera
3128 2894 3356 2949 saeviens
3385 2894 3588 2964 intulit,

2000 2994 2079 3042 tot
2105 2993 2294 3039 sancto
2338 2985 2451 3038 viro
2482 2985 2730 3040 nesciens
2772 2985 3022 3039 victorias
3053 2984 3398 3040 ministravit.
3451 2986 3588 3041 Nam

1997 3079 2168 3134 ﬁdelis
2231 3079 2323 3134 Dei
2374 3077 2619 3146 famulus,
2671 3093 2778 3133 uno
2825 3078 3122 3149 eodemque
3160 3087 3401 3148 tempore
3449 3079 3588 3135 inter

1995 3171 2216 3226 vulnera
2260 3180 2312 3224 et
2343 3171 2504 3225 verba
2527 3170 2913 3241 deprehensus,
2973 3180 3026 3225 et
3067 3171 3334 3227 dolentem
3365 3185 3582 3229 carnem

1993 3268 2363 3337 aequanimiter
2382 3269 2616 3336 pertulit,
2651 3278 2704 3322 et
2729 3267 3082 3337 desipientem
3108 3268 3388 3338 coniugem
3415 3268 3577 3338 730

1997 3361 2286 3429 prudenter
2329 3357 2644 3428 increpavit?
2698 3359 2964 3429 Antiquus
2994 3360 3170 3430 itaque
3214 3359 3407 3424 hostis,
3456 3359 3582 3429 quia

1993 3454 2134 3508 vinci
2166 3469 2224 3508 se
2253 3455 2303 3506 in
2331 3453 2641 3508 domesticis
2667 3452 2874 3520 doluit,
2929 3454 3170 3522 protinus
3201 3457 3466 3510 exteriora
3499 3469 3585 3510 re-

1996 3549 2233 3620 quisivit.
2266 3548 2481 3603 Amicos
2511 3562 2741 3618 namque
2766 3547 2881 3616 eius
2913 3546 2980 3602 de
3005 3547 3135 3602 locis
3165 3547 3407 3618 singulis,
3435 3546 3584 3618 quasi

1995 3656 2092 3710 pro
2147 3639 2449 3696 exercenda
2503 3640 2766 3694 cliaritate
2793 3639 3103 3706 commovit,
3147 3654 3441 3709 eorumque
3489 3655 3584 3699 ora

1995 3735 2094 3788 sub
2117 3733 2297 3799 specie
2330 3732 2714 3788 consolationis
2743 3732 2978 3796 aperuit;
3015 3731 3106 3786 sed
3141 3747 3234 3802 per
3270 3732 3382 3786 haec
3407 3733 3581 3800 iacula

1993 3826 2378 3894 increpatiouis
2410 3825 2639 3891 intorsit,
2700 3838 2817 3893 quae
2847 3839 2912 3878 eo
2937 3823 3123 3879 durius
3152 3839 3246 3879 cor
3274 3839 3462 3880 secure
3486 3841 3582 3880 au-

1996 3916 2196 3972 dientis
2228 3917 2534 3987 iutigerent,
2578 3929 2684 3986 quo
2710 3914 2846 3970 inter
2875 3923 3104 3970 ostensa:
3132 3925 3186 3970 et
3217 3930 3323 3970 non
3354 3925 3579 3970 servata:

1990 4013 2268 4068 cliaritatis
2315 4012 2564 4068 tenebras
2623 4020 2646 4048 °
2695 4009 2987 4079 improvise
3035 4009 3394 4065 vulnerarent.
3452 4011 3580 4067 Post

292 4104 506 4174 patiens
534 4101 1100 4170 permaneretablatis.
1142 4100 1372 4155 Noverat
1398 4101 1709 4168 quotidiana
1769 4100 1880 4156 Deo
1908 4106 1954 4168 C
1991 4106 2087 4160 hos
2110 4119 2321 4176 quoque
2346 4105 2411 4159 ad
2445 4103 2797 4159 contumelias
2845 4102 3007 4156 etiam
3038 4101 3154 4156 Eliu
3209 4100 3388 4170 iunior
3430 4101 3575 4156 exci-

291 4210 391 4264 pro
415 4194 560 4248 sanis
585 4194 894 4264 pignoribus
918 4193 1181 4248 sacriﬁcia
1209 4194 1434 4258 solvere,
1489 4195 1583 4249 sed
1618 4191 1879 4250 incertum

289 4293 409 4339 erat
436 4285 479 4338 si
511 4285 556 4338 ei
586 4282 872 4352 gratiarum
902 4285 1221 4338 sacrilicium
1244 4285 1534 4340 etorbatus
1561 4286 1875 4340 immolaret.

288 4379 368 4434 Ne
399 4379 521 4448 quid
553 4393 680 4446 ergo
715 4378 828 4432 vitii
854 4378 996 4429 salus
1027 4387 1260 4448 tegeret,
1310 4377 1527 4450 dignum
1560 4379 1657 4432 fuit
1688 4389 1744 4433 ut
1777 4381 1878 4434 hoc

286 4472 444 4528 dolor
459 4470 707 4541 aperiret.
738 4469 868 4524 Data
900 4469 1077 4539 itaque
1107 4479 1190 4524 est
1231 4481 1414 4526 contra
1436 4481 1677 4526 sanctum
1707 4472 1877 4529 virum

287 4567 431 4622 boSIi
461 4567 655 4622 callido
684 4564 923 4621 tentandi
962 4564 1194 4620 licentia.
1244 4565 1344 4632 Qui
1395 4565 1521 4619 dum
1575 4567 1713 4620 bona
1762 4567 1879 4637 eius

285 4661 470 4716 multis
501 4660 710 4729 cognita
743 4657 1050 4712 interimere
1086 4657 1306 4724 appetit,
1354 4656 1512 4711 etiam
1545 4657 1744 4710 bonum
1781 4673 1875 4726 pa-

287 4755 486 4810 tientia:
512 4753 652 4824 quod
678 4751 876 4807 latebat
904 4748 1170 4815 ostenditi
1216 4762 1266 4804 et
1300 4765 1455 4820 quem
1488 4767 1549 4805 se
1592 4761 1876 4819 angustare

284 4849 655 4920 persequendo
684 4848 931 4913 credidit,
966 4845 1192 4915 ﬂagellis
1217 4854 1432 4899 auctum
1465 4854 1517 4898 et
1542 4845 1594 4898 in
1624 4845 1874 4912 exemplo

283 4944 547 4999 dilatavit.
612 4941 718 4995 Nec
775 4940 890 4994 sine
943 4938 1087 5008 gravi
1137 4945 1253 4990 arte
1305 4935 1548 4991 exercuit
1603 4935 1871 4989 licentium

281 5053 445 5108 quam
469 5035 692 5105 accepit.
722 5033 856 5088 Nam
877 5032 1172 5087 combussit
1197 5045 1407 5102 greges,
1463 5031 1690 5086 extinxit
1719 5031 1873 5085 iami-

281 5131 405 5196 lias,
434 5109 612 5184 obruit
635 5126 872 5182 lmrcdes
894 5168 908 5191 ,
965 5124 1228 5194 percussit
1258 5124 1481 5178 salutem
1511 5124 1778 5192 corporis,
1822 5131 1877 5178 ct

279 5227 347 5280 ad
385 5224 803 5294 intorquendum
835 5221 1097 5290 gravioris
1127 5219 1438 5276 tentalionis
1455 5219 1714 5288 iaculum,
1768 5219 1872 5272 lin-

279 5336 437 5391 guam
463 5318 696 5374 servavit
736 5316 916 5371 uxoris
947 5314 1085 5385 (Job.
1125 5330 1161 5379 ι,
1195 5329 1255 5380 ιι,
1301 5327 1376 5380 Ix,
1408 5315 1552 5383 etc.),
1605 5323 1869 5381 quatenus

352 5493 379 5521 ι
412 5484 497 5538 Ex
524 5481 604 5535 his
631 5479 806 5534 verbis
836 5483 982 5546 patet
1005 5475 1196 5530 divisio
1223 5476 1386 5530 totius
1415 5473 1591 5544 operis
1617 5475 1665 5528 in
1699 5489 1859 5543 supe-

273 5554 512 5610 rioribus
545 5549 880 5606 l-Zditionibus
905 5551 1144 5616 neglecta
1171 5565 1184 5612 ;
1229 5548 1379 5614 cuius
1413 5556 1587 5600 tamen
1620 5555 1744 5599 sunt
1770 5561 1860 5599 ve-

273 5629 430 5694 stigia
464 5624 708 5693 qttzndttm
741 5625 792 5685 in
822 5629 928 5694 vet.
959 5621 1054 5694 Ed.
1088 5619 1139 5672 in
1171 5619 1363 5694 quibus
1393 5619 1456 5672 ad
1492 5620 1633 5694 nunc
1660 5617 1859 5694 librum

277 5689 637 5766 pimtiiittitnr,
698 5694 825 5747 vel:
871 5690 1064 5766 Incipit
1112 5691 1291 5766 quinta
1339 5706 1462 5766 pars
1496 5689 1712 5766 bloral.,
1757 5690 1860 5753 vel,

274 5761 431 5824 totius
454 5767 622 5834 aperis
645 5782 764 5835 pars
792 5761 995 5832 quinta.
1040 5763 1094 5817 lu
1126 5776 1230 5818 vet.
1259 5761 1417 5815 Basil.
1438 5761 1643 5835 legitur
1663 5779 1684 5835 A:
1733 5776 1863 5831 quo-

276 5844 368 5894 ties
393 5841 462 5891 od
495 5841 590 5891 hoc
624 5833 677 5890 in
709 5837 1030 5890 distinctione
1083 5835 1398 5888 voluminum
1429 5833 1698 5886 locutionis
1739 5847 1864 5884 mea:

217 5955 224 5960 -
272 5910 580 5968 pensatione
605 5908 838 5964 succede.
885 5908 942 5963 ln
966 5906 1274 5964 Colbertino
1304 5906 1433 5962 alias
1475 5913 1707 5962 mouast.
1739 5918 1863 5957 san-

1993 4209 2151 4266 tatur,
2195 4208 2251 4252 ut
2282 4195 2718 4265 tranquillitatem
2752 4203 2914 4248 tanta“:
2939 4193 3363 4248 mansuetudinis
3385 4195 3575 4248 saltem

1989 4293 2274 4362 dedignata
2305 4292 2492 4345 levitas
2517 4289 2856 4359 perturbaret
2883 4289 3074 4344 aetatis.
3109 4287 3214 4343 Sed
3258 4296 3441 4343 contra
3496 4297 3576 4342 tot

1989 4384 2190 4453 antiqui
2222 4383 2390 4437 hostis
2413 4381 2688 4436 machinas
2719 4381 2866 4434 stetit
2897 4383 3092 4435 invicta
3120 4381 3439 4448 constantia,
3467 4389 3576 4435 ste-

1991 4475 2052 4529 tit
2073 4474 2443 4544 mquauimitas
2487 4472 2731 4526 infracta.
2774 4470 2907 4524 Nam
2955 4485 3061 4524 uno
3107 4470 3406 4539 eodemque
3440 4479 3576 4524 tem-

2000 4583 2125 4634 pore
2157 4569 2331 4622 verbis
2355 4565 2760 4621 adversantibus
2799 4565 3048 4633 opposuit
3078 4563 3436 4632 prudentiam,
3484 4577 3575 4618 re-

1986 4661 2084 4715 bus
2115 4661 2295 4713 vitatn.
2326 4658 2492 4714 Nemo
2523 4657 2682 4726 igitur
2721 4667 2961 4711 sanctum
2987 4656 3177 4716 virum,
3224 4655 3467 4725 quamvis
3508 4656 3575 4712 de

1985 4755 2079 4808 illo
2112 4763 2293 4821 aperte
2341 4763 2454 4820 post
2518 4750 2725 4821 ﬂagella
2779 4749 3034 4818 scriptum
3065 4749 3134 4802 sit
3178 4767 3188 4800 :
3242 4746 3307 4801 In
3338 4747 3573 4802 omnibus

1985 4847 2061 4900 Itis
2094 4862 2192 4898 non
2224 4843 2447 4914 peccavit
2476 4840 2576 4895 Job
2605 4841 2754 4894 labiis
2775 4841 2881 4893 suis
2908 4837 3097 4910 (Ibid.,
3123 4855 3179 4904 ll,
3211 4839 3318 4909 10),
3381 4841 3568 4896 saltent

1990 4935 2330 5008 postmodum
2385 4935 2436 4988 in
2475 4933 2818 4987 contentione
2849 4932 3143 4986 amicorum
3170 4933 3401 4985 aestimet
3425 4925 3571 4984 inter

1985 5029 2144 5084 verba
2195 5027 2516 5097 deliquisse.
2577 5025 2740 5080 Satan
2794 5025 2988 5094 quippe
3036 5023 3383 5078 tentatiomem
3425 5020 3570 5074 illius

1981 5121 2229 5192 expetiit;
2262 5120 2550 5186 sed'Deus,
2600 5118 2689 5189 qui
2721 5118 2862 5172 hunc
2911 5115 3244 5181 laudaverat,
3289 5115 3342 5167 in
3391 5113 3568 5180 seipso

1979 5217 2097 5286 eius
2120 5215 2473 5270 intentionem
2509 5212 2819 5269 certaminis
2849 5211 3080 5278 accepit.
3132 5207 3385 5277 Quisquis
3432 5219 3564 5274 ergo

1978 5309 2191 5364 beatum
2223 5307 2323 5364 Job
2369 5306 2656 5378 deliquisse
2686 5306 2740 5362 in
2789 5305 2900 5360 suis
2930 5301 3268 5360 sermonibus
3297 5298 3562 5368 queritur,

1975 5474 2044 5528 eti
2080 5468 2339 5543 Dionysii,
2369 5485 2398 5524 a
2426 5485 2555 5526 occc
2577 5468 2790 5524 circiter
2819 5465 2987 5543 annis
3001 5463 3273 5543 descripto
3289 5504 3304 5525 ,
3361 5477 3428 5543 qr
3441 5461 3564 5516 oties

1977 5546 2070 5598 hoc
2099 5545 2151 5597 in
2183 5531 2630 5596 distinctionem...
2660 5539 2899 5592 succede.
2955 5533 3142 5589 Delicit
3163 5531 3344 5590 Codex
3377 5531 3560 5587 Germ.

1978 5631 2145 5685 usque
2175 5616 2240 5669 ad
2270 5611 2359 5682 51,
2405 5622 2460 5668 et
2487 5611 2651 5666 Corb.
2694 5609 2876 5664 Germ.
2921 5620 3086 5677 usque
3123 5608 3189 5662 ad
3226 5606 3331 5672 28,
3379 5606 3560 5661 exclu-

1974 5702 2340 5811 Βινὶξξ’γὶιιιιοίλ
2370 5763 2422 5810 et
2452 5753 2662 5820 Norm.,
2697 5758 2837 5804 tanto
2861 5750 3077 5822 largius.
3105 5753 3342 5809 Colbert.
3375 5751 3559 5822 liabet,

1973 5833 2222 5901 ﬂagraret
2256 5842 2351 5898 pro
2378 5828 2654 5951 {rpqqrareb

2054 5909 2076 5938 ε
2117 5898 2317 5951 Turon.
2354 5908 2405 5951 et
2428 5927 2444 5950 ι
2474 5911 2636 5951 orm..

2054 5896 2076 5938 ἒ
2117 5896 2317 5953 Τιιτση.
2354 5896 2636 5966 ειΝοι·ιη.,
2663 5897 2937 5967 itnprovisa
2959 5896 3299 5954 vulnerarent.
