4024 6352
714 223 781 262 ’ν

447 312 541 379 251

1648 310 1893 385 sinon
1933 306 2263 385 cassos"
2303 306 2517 385 mut

3585 312 3683 365 23%

382 442 385 449 ·
448 429 569 501 quid
595 429 735 497 aliud
758 444 919 504 quam
941 428 1133 500 Deum,
1163 428 1254 505 qui
1286 441 1383 501 pro
1404 428 1497 487 illo
1526 430 1819 509 proposuit,
1846 436 1872 467 ι
1900 442 2023 499 per-
2052 429 2107 490 Α
2130 425 2290 493 rectis
2312 423 2552 493 moribus
2578 424 2761 499 positi,
2792 410 2860 483 eo
2907 422 3093 491 durius
3146 422 3307 493 vitam
3336 422 3560 495 ﬁdelium
3585 444 3676 498 quo

390 568 397 577 .
449 525 648 581 didisse
665 511 989 582 conﬁtetur?

516 617 576 672 2.
606 618 819 688 Antiqui
846 615 1027 671 Patres
1055 613 1319 671 arboribus
1348 614 1630 687 fructiferis
1660 616 1872 685 similes.
1924 615 2033 685 βο·

390 708 395 721 ί
449 724 563 765 rum
594 712 791 781 fructus
820 709 917 779 fuit
963 707 1223 762 Christum
1261 707 1485 779 signare,
1527 717 1574 762 et
1605 708 1908 779 Ecclesium.
1963 740 2036 765 -—

449 800 584 868 Quia
615 815 740 856 vero
768 799 968 871 antiqui
1011 798 1196 855 Patres
1221 798 1512 857 l’ructileris
1556 800 1839 857 arboribus
1885 801 2034 869 simi-

452 892 553 967 les,
578 907 682 947 non
714 893 882 946 solum
908 891 1116 963 pulchri
1139 902 1266 949 sunt
1295 908 1390 965 per
1417 893 1654 964 speciem
1674 935 1690 963 ,
1745 896 1841 959 sed
1871 898 2033 957 etiam

452 984 611 1039 utiles
659 999 753 1053 per
806 983 1131 1051 ubertatem,
1182 983 1263 1047 sic
1291 1000 1474 1057 eorum
1500 986 1603 1053 vita
1632 988 1900 1057 pensanda
1931 999 2032 1056 est,

452 1086 508 1132 ut
536 1092 657 1132 cum
684 1076 939 1133 miramur
977 1092 1096 1148 quae
1124 1078 1193 1133 sit
1248 1070 1483 1147 viriditas
1526 1080 1577 1135 in
1603 1078 1845 1151 historia,
1879 1080 2031 1149 inve:

459 1168 669 1237 niamus
699 1177 755 1224 et
784 1177 979 1241 quanta
1006 1171 1075 1225 sit
1104 1169 1319 1226 ubertas
1344 1170 1394 1241 in
1441 1170 1731 1241 allegoria;
1777 1182 2038 1247 quatenus

449 1274 570 1316 cum
592 1260 846 1317 blandum
888 1268 973 1316 est
1023 1260 1163 1335 quod
1193 1261 1246 1316 in
1278 1261 1419 1317 foliis
1448 1262 1695 1329 redolet,
1744 1279 2039 1337 cognosca-

451 1369 570 1410 mus
587 1363 642 1409 et
667 1368 821 1423 quam
847 1353 1004 1408 dulce
1028 1355 1097 1409 sit
1128 1355 1268 1424 quod
1298 1355 1351 1409 in
1376 1355 1635 1411 fructibus
1664 1358 1821 1427 sapit.
1844 1348 2051 1414 Nullus‘

451 1450 646 1520 quippe
676 1462 923 1517 supernae
952 1448 1256 1517 adoptionis
1287 1450 1512 1518 gratiam
1547 1450 1749 1515 habuit,
1813 1450 1910 1504 nisi
1947 1452 2038 1521 qui

453 1540 594 1595 hanc
624 1555 717 1609 per
740 1541 1096 1610 cognitionem
1124 1540 1393 1610 Unigeniti
1419 1541 1644 1611 accepit.
1681 1542 1905 1614 Dignum
1937 1542 2037 1598 ita-

457 1650 562 1705 que
584 1644 668 1690 est
700 1643 757 1688 ut
789 1637 902 1704 ipse
951 1636 1004 1689 in
1033 1649 1219 1690 eorum
1255 1636 1358 1690 vita
1389 1646 1441 1691 et
1471 1637 1645 1707 lingua
1678 1639 2038 1708 reaplendeat,

453 1728 661 1799 quieos
692 1730 1114 1800 utresplendere
1143 1739 1451 1785 mereantur
1472 1731 1722 1787 illustrat.
1753 1732 1886 1807 ΜΨ
1915 1749 2038 1813 cupi

2140 519 2367 587 vicinius
2396 527 2668 591 premunt,
2690 520 2816 593 quia
2858 518 2984 581 dum
3038 516 3195 587 vitari
3224 531 3255 583 δ
3284 517 3515 587 ﬁdelibus
3547 523 3679 590 quasi

2136 610 2327 681 ﬁdeles
2348 621 2642 689 nequeunt,
2691 621 2842 683 tanta
2893 612 3108 685 gravius
3154 619 3352 681 quanto
3389 621 3440 677 et
3484 613 3680 671 interius

2136 704 2455 775 tolerantur.
2482 704 2626 779 [Ven
2660 702 2772 777 11.]
2799 703 2972 769 Amici
2997 716 3122 767 vero
3137 702 3276 773 ejus,
3301 702 3389 775 qui
3412 704 3554 772 quasi
3574 704 3684 765 dum

2137 798 2427 869 consulunt
2467 798 2812 867 invehuntur,
2864 795 3236 861 haereticorum
3280 794 3495 875 ﬁgurant
3525 798 3686 867 expri-

2138 901 2331 969 mttnt,’
2369 892 2456 964 qui
2496 891 2596 959 sub
2642 891 2820 969 specie
2866 889 3177 955 consulendi
3219 898 3380 959 agunt
3440 890 3689 959 negotium

2137 984 2454 1057 seducendi.
2487 983 2641 1041 Unde
2670 993 2725 1039 et
2754 982 2819 1041 ad
2847 983 3060 1038 beatum
3086 982 3187 1045 Job
3217 982 3341 1047 dum
3372 996 3467 1052 pro
3488 982 3691 1049 Domitio

2138 1078 2299 1147 verba
2324 1074 2549 1143 faciunt,
2573 1090 2603 1129 a
2645 1074 2868 1141 Domino
2896 1074 3268 1151 reprobantur,
3323 1075 3442 1145 quia
3470 1075 3696 1141 videlicet

2139 1184 2329 1241 omnes
2360 1169 2598 1239 haeretici
2623 1168 2747 1239 dum
2780 1167 2945 1237 Deum
2978 1164 3270 1235 defendere
3288 1167 3524 1233 nituntur
3548 1166 3698 1225 offen-

2140 1263 2294 1333 dunt.
2319 1259 2471 1323 Unde
2500 1261 2577 1316 eis
2605 1268 2730 1331 apte
2754 1260 2895 1331 etab
2922 1258 3113 1325 eodem
3145 1259 3261 1315 viro
3280 1266 3463 1321 sancto
3491 1258 3700 1323 dicitur:

2140 1354 2421 1425 Disputare
2438 1369 2554 1408 cunt
2583 1352 2695 1427 Deo
2725 1354 2896 1429 cupio,
2930 1353 3071 1423 prius
3099 1366 3185 1419 pos
3212 1350 3478 1419 ostendens
3499 1350 3704 1423 [actisq-

2143 1458 2277 1502 tores
2301 1447 2575 1511 mendacii,
2604 1456 2647 1500 et
2662 1434 2880 1500 cultores
2904 1460 3251 1514 perversurum
3271 1432 3559 1514 dogmatum
3575 1440 3706 1513 (Job.

2143 1557 2260 1606 xnt,
2290 1543 2346 1609 5,
2380 1540 2457 1612 4).
2489 1538 2713 1597 Constat
2743 1554 2873 1611 ergo
2895 1552 2989 1595 eos
3019 1538 3395 1592 hereticorum
3425 1545 3601 1607 typum
3624 1550 3710 1605 ge-

2142 1652 2287 1703 rere,
2318 1650 2452 1707 quos
2478 1645 2695 1691 sanctus
2731 1635 2813 1689 vir
2832 1630 3107 1703 redarguit
3144 1631 3311 1687 cultui
3347 1643 3709 1699 perversorutu

2141 1727 2452 1803 dqgmatpm
2478 1728 2774 1785 deservire.
2833 1726 2966 1793 Quia
3013 1723 3173 1795 igitur
3198 1723 3299 1778 Job
3348 1723 3714 1789 interpretatur

456 1822 510 1874 ln
538 1820 770 1875 tenebris
815 1822 972 1894 731
1017 1822 1249 1877 lucernae
1278 1822 1457 1877 lumen
1507 1824 1837 1893 accenditur,
1895 1810 2039 1893 prius
2070 1812 2118 1873 Β
2144 1810 2352 1889 dolens,
2410 1837 2519 1893 quo
2571 1822 2823 1876 nimirum
2855 1820 3044 1875 dolore
3080 1818 3165 1873 vel
3193 1815 3503 1872 Mediatoris
3532 1814 3716 1883 passio,

454 1911 668 1967 lucerna
701 1913 911 1980 eadem,
969 1930 1087 1985 quas
1131 1915 1298 1970 videri
1327 1925 1523 1971 caetera
1571 1916 1754 1985 efﬁcit,
1803 1916 2035 1976 videtur.

455 2003 606 2061 Unde
633 2021 854 2063 necesse
893 2018 973 2064 est
1004 2018 1060 2064 ut
1101 2008 1148 2063 si
1187 2023 1313 2064 vere
1368 2009 1692 2064 intendimus
1742 2009 2039 2066 illuminata

454 2113 699 2166 cernere,
747 2099 1073 2165 Studeamus
1089 2101 1284 2156 mentis
1316 2100 1501 2155 oculos
1546 2101 1611 2155 ad
1645 2102 1814 2171 ipsum
1849 2103 2038 2158 illumi-
2074 2174 2079 2175 ί

456 2204 595 2244 nans
653 2191 837 2246 lumen
889 2191 1118 2260 aperire.
1172 2191 1325 2258 Quod
1357 2200 1412 2246 et
1461 2191 1512 2245 itt
1543 2193 1745 2247 eisdem
1774 2192 1916 2248 beati
1943 2194 2044 2249 Job

454 2274 808 2341 sermonibus,
860 2280 1020 2334 etiam
1076 2282 1297 2351 remotis
1347 2281 1727 2353 allegorian-um
1786 2285 1991 2345 umbris
2024 2327 2041 2354 ,

455 2373 607 2443 quasi
654 2374 926 2443 depressis
956 2374 1078 2449 alue
1130 2374 1303 2445 noctis
1356 2374 1615 2445 tenebris,
1656 2378 1865 2432 corusci
1894 2394 2045 2435 more

456 2454 875 2536 pertranse'untis
918 2466 1239 2537 intermicat,
1290 2481 1411 2527 cum
1440 2458 1675 2523 dicitur:
1730 2468 1849 2545 Scio
1904 2473 2045 2542 quod

456 2558 767 2627 Redemptor
795 2576 937 2615 meus
980 2562 1120 2625 vivit,
1168 2570 1213 2614 et
1243 2564 1296 2615 in
1328 2578 1484 2616 carne
1531 2579 1646 2616 mea
1676 2565 1852 2617 videbo
1883 2564 2045 2619 Deum

457 2647 600 2720 (ιοιν.
625 2667 740 2719 xu,
770 2650 889 2722 85).
924 2651 1036 2708 Hoc
1067 2653 1315 2709 nimirum
1348 2655 1402 2710 itt
1433 2662 1591 2711 nocte
1619 2655 1881 2724 historias,
1906 2658 2045 2713 Paue

458 2739 537 2799 lus
566 2744 744 2801 lumen
773 2746 1071 2813 invenerat,
1108 2762 1231 2803 eum
1257 2748 1470 2807 dicebat
1505 2767 1517 2803 :
1554 2750 1743 2807 Omnes
1780 2753 1834 2807 in
1868 2752 2049 2824 Moyse

459 2837 701 2909 baptizari
724 2848 843 2895 sunt
883 2841 939 2896 in
968 2841 1101 2897 nube
1132 2850 1176 2895 et
1205 2841 1258 2896 in
1285 2845 1445 2909 mari,
1499 2852 1546 2897 et
1592 2861 1764 2900 omnes
1819 2848 2049 2907 eamdem

460 2946 628 2987 escam
677 2933 959 3002 spiritalem
999 2934 1456 3001 ntanducaeerunt,
1488 2944 1535 2990 et
1584 2954 1757 2993 omnes
1813 2941 2050 2995 eumdem

461 3036 636 3097 potum
679 3026 960 3098 spiritalem
1003 3027 1250 3083 biberunt.
1295 3026 1543 3089 Bieebant
1582 3040 1750 3086 autem
1797 3032 1861 3089 de
1900 3033 2052 3105 spiri-

2147 1916 2233 1970 vcl
2265 1926 2464 1970 sanctae
2483 1913 2740 1969 Ecclesia:
2770 1911 2921 1967 labor
2939 1909 3280 1980 exprimitur,
3311 1922 3430 1977 qua:
3454 1904 3720 1975 multiplici

2143 2009 2426 2081 prmsentis
2454 2009 2577 2063 vita:
2613 2006 2923 2078 fatigatione
2960 2003 3257 2067 cruciatur,
3311 2001 3472 2056 amici
3527 2011 3722 2068 quoque

2108 2106 2266 2179 ejus
2315 2121 2383 2173 ex
2434 2103 2693 2159 vocabulo
2743 2100 2978 2157 nominis
3024 2100 3273 2154 meritum
3330 2111 3446 2151 suae
3502 2093 3724 2149 indicant

2145 2198 2392 2253 actionis.
2447 2195 2580 2250 Nam
2629 2194 2849 2264 Eliphaz
2897 2191 3086 2249 Latina
3122 2189 3298 2262 lingua
3350 2184 3598 2244 diciturb
3641 2185 3725 2240 Dei

2146 2297 2506 2359 contemptus.
2537 2288 2605 2342 Et
2630 2286 2759 2361 quid
2782 2284 2929 2357 plipd
2964 2282 3205 2339 btet-elici
3227 2283 3455 2345 iaciunt,
3480 2277 3580 2332 nisi
3601 2276 3729 2347 quod

2146 2384 2275 2439 dum
2306 2382 2436 2451 falsa
2466 2382 2534 2437 de
2590 2382 2697 2435 Deo
2741 2379 2998 2446 sentiunt,
3053 2392 3178 2433 eum
3205 2372 3573 2443 superbiendo
3611 2370 3730 2424 cou-

2149 2474 2434 2547 tetnnunt?
2463 2471 2662 2528 Baldad
2714 2472 3096 2541 interpretatur
3125 2476 3368 2523 vetustas
3395 2466 3529 2521 sola.
3599 2463 3733 2519 Bene

2147 2579 2325 2625 autem
2359 2582 2548 2623 omnes
2572 2565 2807 2622 haeretici
2836 2564 2887 2619 in
2908 2564 2991 2619 his
3012 2578 3132 2632 quae
3155 2562 3221 2618 de
3250 2562 3483 2621 Domino
3513 2560 3732 2628 loquun-

2138 2670 2259 2755 tur,
2291 2660 2416 2715 dum
2450 2675 2554 2714 non
2587 2657 2886 2727 intentione
2907 2658 3090 2721 recta‘,
3120 2652 3215 2715 sed
3239 2652 3579 2724 appetitione
3605 2658 3733 2705 tem-

2154 2756 2355 2826 poralis
2374 2756 2561 2825 gloria:
2585 2753 2756 2809 videri
2783 2752 3164 2821 praedicatores
3194 2758 3481 2820 appetunt,
3514 2754 3738 2823 vetustas

2152 2849 2264 2905 sola
2292 2850 2658 2904 nominantur.
2697 2845 2780 2903 Ad
2835 2843 3164 2914 loquendum
3196 2841 3424 2913 quippe,
3481 2855 3590 2901 non
3633 2837 3740 2895 zelo

2154 2942 2280 2999 novi
2312 2942 2566 3008 hominis,
2597 2942 2761 3013 ⁸132
2791 2939 2886 2996 sed
2914 2939 3036 3021 vitae
3065 2936 3269 2995 veteris
3293 2936 3564 3007 pravitate
3613 2947 3738 2997 con.-

2155 3036 2412 3090 citantur.
2461 3033 2674 3102 Sephar
2719 3047 2934 3103 quoque
2982 3031 3174 3089 Latino
3238 3043 3502 3097 sermone
3557 3027 3742 3089 dicitut

462 3119 556 3174 tali
586 3126 917 3178 consequente
944 3136 1028 3175 eos
1055 3131 1221 3187 petra,
1277 3130 1422 3191 petra
1450 3132 1620 3178 autem
1663 3133 1768 3178 erat
1818 3122 2052 3181 Christus
2156 3127 2434 3197 dissipatio
2463 3126 2717 3195 speculae,
2771 3126 2857 3180 vel
2892 3134 2914 3165 ε
2965 3123 3391 3195 speculationem
3446 3110 3740 3189 dissipans.

461 3214 513 3285 (I
547 3214 664 3270 Cor.
691 3231 746 3283 ι,
772 3215 850 3284 2).
904 3214 961 3272 Si
991 3216 1148 3284 igitur
1194 3215 1567 3286 Redemptoris
1612 3219 1847 3286 speciem
1893 3226 2048 3289 petra
2076 3199 2124 3265 ο
2157 3224 2365 3281 Montes
2395 3218 2626 3291 namque
2657 3218 2894 3277 ﬁdelium
2939 3218 3008 3273 ad
3048 3215 3471 3286 contemplanda
3526 3224 3748 3283 superna

462 3306 650 3371 tenuit,
696 3321 794 3362 cur
847 3321 956 3363 non
986 3306 1204 3376 ﬁguram
1244 3307 1389 3363 illius
1434 3309 1621 3364 beatus
1663 3309 1765 3365 Job
1794 3310 2047 3375 insinuet,

467 3398 556 3468 qui
582 3413 703 3453 eum
736 3413 893 3469 quem
924 3414 1057 3455 voco
1091 3400 1485 3468 protulttetiatn
1508 3402 1757 3469 passione
1786 3402 2052 3473 signavit?

464 3492 619 3551 Unde
648 3502 699 3549 et
724 3508 831 3551 non
879 3494 1151 3551 immerito
1181 3494 1281 3551 Job
1305 3495 1555 3553 videlicet
1611 3498 1802 3557 dolens
1833 3499 2047 3567 dicitur,
2114 3486 2131 3493 ﬂ

464 3571 757 3654 quiaillius
780 3586 831 3643 io
853 3599 913 3643 so
935 3585 1217 3657 imaginem
1241 3587 1493 3656 exprimit
1516 3587 1583 3645 de
1614 3603 1719 3658 quo
1743 3604 1837 3659 per
1859 3592 2049 3649 Isaiam

464 3675 623 3747 longe
667 3688 795 3737 ante
849 3678 1195 3739 annuutiatur
1246 3679 1394 3747 quod
1436 3679 1653 3741 dolores
1683 3690 1895 3743 nostros
1938 3683 2054 3751 ipse

465 3771 698 3842 portavit
728 3769 878 3838 (Isai.
907 3787 1025 3839 LIII,
1048 3772 1132 3839 4).
1175 3770 1464 3835 Sciendum
1518 3788 1731 3842 quoque
1781 3784 1865 3833 est
1909 3776 2053 3845 quod

466 3863 798 3935 Redemptor
828 3873 1016 3923 noster
1039 3878 1197 3920 unam
1245 3880 1305 3921 se
1357 3880 1642 3935 personam
1700 3881 1824 3925 cum
1870 3878 2056 3927 sancta

466 3957 726 4024 Ecclesia,
767 3974 926 4028 quam
957 3962 1270 4032 assumpsit,
1313 3963 1574 4022 exhibuit.
1626 3967 1700 4023 De
1743 3968 1860 4038 ipso
1908 3969 2053 4025 enim

467 4048 661 4105 dicitur
692 4068 703 4104 :
739 4050 841 4115 Qui
874 4063 949 4106 est
975 4064 1151 4121 caput,
1183 4054 1651 4128 Christtts(Epltes.
1677 4076 1750 4126 tv,
1781 4059 2054 4133 15).Rur-

468 4156 698 4211 sumque
718 4141 787 4199 de
817 4146 933 4215 ejus
980 4148 1219 4202 Ecclesia
1261 4151 1520 4218 scriptum
1548 4161 1633 4208 est
1681 4172 1694 4205 :
1754 4154 1820 4208 Et
1875 4172 2057 4226 corpus

469 4235 685 4302 Christi,
710 4238 848 4306 quod
869 4248 942 4292 est
963 4237 1199 4295 Ecclesia
1249 4240 1471 4312 (Coloss.
1503 4259 1541 4313 t,
1576 4243 1691 4315 Ἦ).
1741 4246 1933 4304 Beatus
1964 4249 2058 4319 igi-

472 4336 559 4383 tur
592 4325 729 4395 Job,
759 4328 848 4398 qui
891 4329 1200 4387 Mediatoris
1226 4338 1410 4404 typum
1442 4349 1509 4390 eo
1538 4336 1715 4392 verius
1746 4338 1917 4394 tenuit
1954 4354 2060 4409 quo

474 4421 784 4488 passionem
832 4422 995 4490 illius,
1045 4439 1151 4479 non
1191 4425 1460 4494 loquendo
1528 4431 1919 4498 tantummodo,
1963 4432 2057 4488 sed

472 4513 639 4569 etiam
680 4516 933 4584 patiendo
969 4516 1330 4588 prophetavit,
1364 4534 1506 4576 .cum
1536 4521 1588 4577 in
1614 4520 1774 4578 dictis
1801 4523 2061 4595 lactisque

2157 3329 2217 3369 se
2247 3315 2495 3383 erigunt;
2550 3312 2646 3369 sed
2676 3312 2805 3369 dum
2845 3310 3220 3369 haereticorum
3243 3308 3413 3367 verba
3447 3313 3750 3378 pervertere

2155 3415 2306 3463 recta
2347 3407 2778 3476 contemplantes
2816 3410 3098 3475 appetunt,
3134 3402 3439 3473 speculam
3488 3399 3751 3470 dissipare

2159 3509 2442 3556 conantur.
2490 3498 2546 3555 ltt
2576 3499 2744 3559 tribus
2772 3498 2953 3568 itaque
2981 3496 3279 3559 amicorum
3306 3495 3414 3559 Job
3446 3493 3750 3557 nominibus

2159 3602 2271 3648 tres
2319 3592 2371 3650 in
2414 3592 2683 3651 haereticis
2728 3589 3083 3661 perditionem
3141 3602 3300 3645 casus
3348 3588 3755 3660 exprimuntur.

2157 3683 2267 3741 Nisi
2293 3685 2434 3740 enim
2466 3684 2634 3740 Deum
2687 3690 3115 3749 contemnerent,
3167 3694 3517 3752 nequaquam
3550 3679 3621 3737 de
3664 3677 3753 3743 illo

2158 3791 2409 3847 perversa
2426 3778 2717 3841 sentirent;
2750 3773 2775 3815 δ
2797 3784 2852 3832 et
2869 3775 2970 3831 nisi
2994 3781 3312 3831 vetustatem
3343 3771 3757 3841 cotttraltﬁrem,

2159 3871 2214 3928 in
2247 3885 2400 3927 nova:
2425 3872 2549 3927 vita:
2590 3870 2942 3940 intelligentia
2975 3884 3080 3931 non
3111 3879 3393 3938 errarent;
3419 3879 3481 3931 et
3509 3868 3615 3937 nisi
3645 3880 3762 3935 spe-

2162 3962 2484 4021 culationem
2540 3961 2807 4023 bonorum
2853 3960 3221 4027 destruerent,
3269 3974 3618 4031 nequaquam
3674 3971 3763 4019 eos

2156 4068 2387 4124 superna
2407 4053 2609 4124 judicia
2647 4062 2753 4109 tam
2785 4052 3032 4108 districto
3058 4052 3306 4113 examine
3329 4065 3431 4121 pro
3466 4049 3758 4117 verborum

2161 4160 2379 4207 suorum
2453 4146 2611 4215 culpa'
2686 4145 3057 4215 reprobarent.
3128 4143 3545 4211 Contemnendo
3601 4144 3763 4219 igitur

2161 4237 2350 4303 Deum,
2394 4239 2446 4299 in
2475 4244 2742 4293 vetustate
2775 4252 2836 4293 se
2865 4238 3131 4303 retinent;
3181 4235 3275 4297 sed
3306 4236 3358 4295 in
3394 4243 3680 4305 vetustate
3708 4246 3768 4301 se

2172 4330 2481 4397 retinendo,
2542 4332 2724 4400 pravis
2776 4330 2890 4391 suis
2927 4327 3263 4389 sermonibus
3288 4327 3659 4399 speculationi
3687 4338 3770 4393 re:

2126 4436 2131 4439 ’
2167 4435 2372 4485 ciorum
2396 4433 2613 4481 11008111..

2240 4520 2291 4583 t.
2334 4515 2457 4573 Eliu
2479 4518 2648 4590 ﬁgura
2670 4518 2937 4583 doctorum
2982 4516 3213 4586 ﬁdelium
3257 4517 3347 4573 sed
3401 4514 3771 4587 superborum.
3834 4574 3837 4577 ,

473 4606 588 4662 suis
612 4609 952 4677 expressioni
1002 4610 1384 4681 Redemptoris
1414 4612 1680 4682 innititur,
1736 4628 1960 4687 repente
1974 4590 2056 4673 ad
2088 4590 2143 4649 D
2171 4639 2239 4650 —
2263 4608 2392 4667 Ροει
2418 4608 2519 4665 Ιιοε
2568 4625 2781 4683 quoilue
2814 4610 2931 4666 Είίυ
2956 4608 3143 4682 iunior
3169 4612 3225 4666 in
3263 4609 3403 4675 beati
3434 4609 3543 4673 Job
3567 4622 3773 4681 exPTO’

472 4697 918 4769 signilicationem
979 4702 1225 4772 corporis
1277 4703 1565 4775 aliquando
1615 4706 1890 4765 derivatur
1922 4749 1936 4774 ,
2004 4718 2063 4764 ut

474 4790 618 4861 quod
646 4789 917 4848 Christum
947 4802 1001 4850 et
1043 4794 1338 4850 Ecclesiam
1371 4813 1530 4853 unam
1557 4814 1853 4868 personam
1884 4802 2061 4857 credi-

473 4901 620 4957 mus,
660 4886 762 4946 hoc
789 4887 950 4944 etiam
1000 4889 1160 4945 unius
1211 4905 1457 4961 personat
1510 4892 1718 4949 actibus
1771 4894 2064 4969 signiﬁcari

474 4985 770 5041 videamus.

544 5078 600 5134 ὅ.
647 5076 791 5132 Uror
810 5073 936 5139 Job,
989 5074 1224 5130 carnales
1282 5073 1555 5142 Ecclesia;
1598 5076 1772 5144 amici,
1804 5076 2066 5135 haretieos.

473 5167 801 5226 adumbraret.
832 5200 903 5225 -ε
936 5165 1085 5229 Usor
1110 5181 1243 5223 vero
1271 5168 1410 5238 ejus,
1449 5183 1569 5239 quae
1598 5183 1721 5251 eum
1747 5168 1815 5225 ad
1843 5169 2067 5227 maledis

480 5262 710 5319 centium
736 5273 1016 5334 provocat,
1055 5260 1185 5332 quid
1233 5261 1374 5315 aliud
1402 5275 1563 5331 quam
1593 5256 1910 5329 pravitatem
1942 5274 2064 5315 car-

473 5356 675 5412 nalium
717 5358 928 5429 signat?
973 5356 1073 5425 Qui
1107 5355 1246 5414 intra
1272 5359 1513 5409 sanctam
1556 5352 1854 5407 Eccleslam
1889 5352 2067 5407 incor-

426 5502 441 5549 ἶ
545 5522 572 5552 ι
608 5515 835 5585 Turon.,
860 5517 1152 5585 deliquisse.

546 5585 575 5626 ιι
615 5580 937 5645 Membrana:
970 5580 1273 5645 Baluziantc
1302 5591 1460 5639 atate
1480 5584 1650 5640 sancti
1682 5580 1925 5654 Gregorii
1957 5596 2062 5637 non

476 5658 705 5728 multum
755 5660 1059 5727 inferiores,
1109 5663 1163 5716 in
1213 5657 1408 5728 qulltus
1442 5670 1617 5728 pauca
1659 5663 1947 5728 supersunt
2001 5669 2066 5714 el

475 5724 1084 5872 agnitumcmberu,
1134 5724 1384 5799 νικῶσα,
1435 5724 1642 5799 Flernt"
1691 5724 1902 5786 Domini
1945 5746 2063 5785 con.

634 5815 714 5854 us.

2168 4702 2416 4757 bratioue
2469 4701 2842 4772 subjungitur,
2897 4716 2965 4756 ex
3021 4701 3174 4771 cujus
3222 4716 3457 4773 persona
3522 4700 3776 4757 videlicet

2170 4795 2380 4863 species
2410 4796 2764 4865 quorumdam
2817 4794 3098 4861 doctorum
3157 4796 3394 4863 ﬁdelium
3451 4796 3556 4867 sed
3587 4805 3773 4861 tamen

2172 4886 2539 4955 arrogantium
2570 4887 2903 4958 designatur.
2959 4886 3123 4957 Cujus
3164 4891 3325 4947 verba
3358 4903 3469 4959 non
3500 4890 3663 4963 facile
3696 4889 3778 4947 itt-

2174 4981 2487 5052 telligimus,
2535 4982 2637 5045 nisi
2683 4997 2745 5047 ea
2793 4997 2862 5039 ex
2889 4982 3238 5054 subsequenti
3266 4984 3552 5047 dominica
3583 5001 3778 5055 curres

2175 5077 2358 5146 ptione
2388 5091 2693 5147 pensemus.
2722 5077 2813 5137 Ait
2833 5092 3065 5148 namque
3087 5080 3155 5135 de
3179 5079 3271 5139 illo
3300 5079 3612 5147 Dominus:
3651 5080 3782 5161 Quis

2171 5179 2246 5224 est
2275 5170 2368 5227 istc
2397 5169 2655 5225 involvens
2688 5171 2962 5233 sententias
2989 5173 3302 5237 sermonibus
3333 5174 3598 5245 imperitis
3631 5171 3687 5244 (1
3697 5172 3780 5226 ob.

2179 5276 2404 5328 xxxvttt,
2435 5260 2687 5331 2)?Cum
2709 5276 2842 5329 vero
2865 5262 2992 5316 dicit
3019 5262 3333 5329 sententias,
3361 5262 3458 5329 sed
3487 5279 3604 5323 non
3633 5262 3783 5321 addit

2178 5353 2418 5422 protinus
2444 5352 2661 5423 quales,
2720 5353 2830 5409 vult
2858 5354 3042 5425 procul
3091 5354 3253 5410 dubio
3292 5354 3465 5410 bonas
3520 5354 3759 5427 intelligi

2245 5521 2271 5585 «ξ
2314 5511 2560 5585 _V_indoc.,
2591 5511 2818 5580 Pratel.,
2842 5522 2970 5579 etc.,
3014 5515 3274 5585 speculam
3300 5514 3596 5581 dissipans.

2246 5582 2270 5622 δ
2311 5582 2519 5648 Norm.,
2575 5592 2621 5637 et
2652 5586 2752 5639 nisi
2780 5582 3051 5641 uetustales
3101 5587 3482 5642 contraherent.
3519 5588 3666 5654 Quae
3698 5586 3785 5642 hic

2178 5656 2403 5731 legimus
2434 5656 2500 5710 de
2531 5655 2815 5731 haereticis,
2845 5657 3033 5715 iisdem
3073 5672 3211 5730 pene
3258 5656 3431 5716 verbis
3496 5658 3783 5716 habentur

2176 5726 2413 5802 iu'praaf.
2445 5726 2703 5800 generali,
2726 5745 2845 5801 cap.
2881 5732 2931 5785 7.
3075 5726 3085 5730 ⁷
3514 5732 3531 5743 ⁵
