4066 6348
306 354 411 415 255

1055 356 1415 429 nonanus:
1455 360 1584 431 un.
1631 362 1821 431 xxut.
1864 392 1930 402 —
1972 360 2038 437 1N
2077 360 2304 437 CAPUT
2345 361 2542 419 xxx"
2584 361 2643 417 Β.
2682 362 2827 418 JOB.

3475 362 3582 422 25‘

304 477 434 533 Nam
464 490 592 531 cum
622 475 1301 547 sententia'nominantur,
1351 479 1451 545 nisi
1493 480 1653 541 etiam
1679 489 1703 518 α
1734 480 1886 547 mala:
1917 484 1963 563 Α
1993 481 2285 544 inveniant,
2344 495 2505 551 quam
2554 481 2841 536 verborum
2892 492 3111 536 suorum
3154 480 3347 552 jaculis
3402 484 3581 552 impu-

305 571 576 637 tlicantur,
613 570 768 624 mala
796 570 983 626 sentiri
1033 585 1138 625 non
1186 582 1427 642 possunt.
1459 572 1513 626 In
1554 571 1697 627 bono
1742 572 1883 628 enim

304 678 516 734 semper
547 664 843 720 sententias
886 664 1180 734 accipimus
1209 680 1327 735 qua
1355 665 1471 719 sine
1493 666 1888 734 reprobationis

230 774 235 781 '
303 754 610 825 adiectione
632 763 923 824 ponuntur,
967 754 1386 824 sicutscriptum
1418 764 1501 810 est
1539 772 1554 811 :
1588 756 1886 825 Sapientior

238 5286 259 5318 ιι

234 5456 263 5492 ἀ

302 848 397 902 sibi
424 847 627 901 videtur
653 850 819 918 piger,
879 857 1069 918 septem
1098 847 1218 900 viris
1250 847 1569 915 loquentibus
1614 849 1885 901 sententias

300 939 486 1013 (Prov.
511 956 657 1005 xxvi,
692 940 804 1010 l6).
847 939 1000 1007 Quod
1050 956 1178 1001 vero
1216 940 1430 1006 dicitur,
1461 942 1584 1010 quia
1612 940 1726 1010 ejus
1753 954 1887 996 sen-

302 1036 485 1095 tentia
518 1034 781 1105 imperitis
833 1033 1169 1089 sermonibus
1210 1032 1572 1100 involvuntur,
1612 1032 1713 1087 hoc
1739 1048 1887 1088 sum-

301 1141 524 1197 mopere
548 1126 872 1191 ostenditur,
896 1126 1020 1197 quia
1047 1125 1113 1179 ab
1140 1139 1203 1177 eo
1229 1139 1345 1179 cum
1369 1123 1616 1179 elationis
1647 1122 1887 1197 fatuitate

310 1222 672 1292 proferuntur.
702 1222 890 1291 Magna
915 1221 1112 1290 quippe
1134 1221 1185 1274 in
1214 1235 1280 1275 eo
1311 1221 1574 1290 imperitia
1602 1229 1683 1275 est
1709 1220 1885 1287 humi-

299 1313 420 1370 liter
451 1314 631 1369 dicere
656 1314 868 1370 nescire
897 1314 1037 1383 quod
1070 1312 1218 1380 dicit,
1268 1322 1321 1369 et
1362 1314 1603 1369 veritatis
1640 1314 1888 1370 sensibus

299 1406 547 1462 elationis
580 1406 738 1463 verba
769 1406 1018 1461 miscere.

368 1500 515 1575 [Vet.
544 1498 692 1573 III
722 1499 773 1554 5.
807 1501 1099 1570 Aliquando
1136 1500 1275 1553 mala
1298 1500 1451 1566 bene,
1483 1492 1531 1556 et
1577 1500 1708 1557 bona
1756 1504 1890 1557 male

298 1593 559 1661 dicuntur.
591 1621 663 1631 —
716 1590 888 1646 Omne
912 1593 1057 1655 enim
1092 1592 1235 1663 quod
1260 1593 1455 1649 dicitur
1500 1594 1886 1677 quadripartita

297 1692 478 1753 potest
506 1680 765 1753 qualitate
786 1682 1043 1754 distingui
1070 1701 1083 1747 ;
1118 1684 1160 1737 si
1191 1692 1283 1738 aut
1316 1685 1455 1738 mala
1485 1686 1644 1752 male,
1676 1699 1765 1742 aut
1790 1688 1887 1741 ho-

296 1791 368 1833 na
393 1778 550 1842 bene,
594 1786 686 1839 aut
713 1778 848 1835 mala
880 1766 1041 1844 bene,
1102 1787 1194 1832 aut
1244 1777 1380 1833 bona
1432 1778 1572 1833 male
1619 1776 1883 1832 dicantur.

1988 573 2201 644 gnando
2233 571 2511 628 feriebant.
2547 571 2699 628 Unde
2745 580 2800 628 et
2845 581 3046 643 septem
3091 588 3187 643 pro
3238 575 3316 629 eis
3373 575 3580 630 sacriﬁ-

1989 665 2069 720 cia
2103 674 2473 721 memorantur
2504 665 2701 730 oblata,
2734 664 2857 735 quia
2882 664 3007 720 dum
3040 665 3368 734 septiformis
3398 666 3581 737 gratia

1990 759 2245 830 Spiritum
2286 760 2608 815 conﬁtentes
2646 758 2943 827 accipiunt,
2988 760 3138 829 quasi
3177 767 3383 831 septem
3431 759 3583 814 obla-

1989 851 2226 907 tionibus
2274 852 2575 921 expiantur.
2614 850 2746 905 Hinc
2788 851 2840 905 in
2870 838 3091 906 Joannis
3123 851 3441 923 Apocalypsi
3487 865 3584 921 per

1989 943 2350 1019 septenarium
2377 943 2738 999 Ecclesiarum
2791 958 3105 1008 numerum,
3139 942 3454 998 universalis
3485 943 3585 998 Ec-

1992 1033 2154 1091 clesia
2186 1036 2495 1105 designatur
2523 1035 2708 1107 (Apoc.
2740 1051 2775 1099 ι,
2804 1035 2917 1103 Η).
2963 1035 3094 1090 Hinc
3125 1051 3218 1105 per
3242 1034 3581 1089 Salomonem

1991 1129 2059 1185 de
2085 1129 2345 1197 sapientia
2375 1128 2574 1184 dicitur
2602 1148 2613 1182 :
2641 1129 2910 1200 Sapientia
2934 1126 3204 1198 aediﬁcavit
3233 1128 3327 1182 sibi
3350 1129 3578 1192 domum,

1992 1221 2179 1277 excidit
2209 1221 2469 1275 columnas
2495 1221 2887 1292 septem,(Prov.
2912 1237 2987 1286 Ix,
3016 1222 3091 1290 l).
3119 1222 3236 1291 lpso
3264 1236 3390 1291 ergo
3419 1222 3586 1276 sacri-

1993 1314 2237 1368 ﬁciorum
2262 1328 2485 1367 numero
2516 1313 2846 1368 reconciliati
2871 1313 3104 1368 haeretici
3135 1314 3259 1383 quid
3292 1315 3439 1383 prius
3470 1312 3585 1367 fue-

1991 1407 2099 1461 rint
2138 1406 2467 1475 exprimunt,
2524 1408 2611 1475 qui
2663 1405 2975 1475 perfectioni
3024 1404 3351 1474 septiformis
3397 1392 3584 1481 gratia

1988 1496 2204 1552 nonnisi
2248 1496 2524 1552 redeundo
2562 1497 2874 1567 junguntur.
2904 1496 3044 1552 Bene
3074 1506 3250 1552 autem
3281 1505 3462 1552 tauros
3491 1511 3586 1565 pro

1992 1604 2053 1646 se
2075 1597 2131 1645 et
2156 1589 2353 1644 aiietes
2383 1588 2641 1643 obtulisse
2668 1576 3070 1644 describuntur.
3111 1587 3166 1643 ln
3209 1598 3363 1643 tauro
3388 1588 3586 1659 quippe

1992 1684 2171 1740 cervix
2223 1683 2510 1752 superbia,
2554 1683 2609 1738 in
2655 1684 3044 1749 ariete‘autem
3097 1683 3321 1739 ducatus
3367 1699 3585 1755 gregum

1994 1776 2330 1844 sequentium
2355 1774 2678 1844 designatur.
2710 1775 2845 1841 Quid
2877 1775 3052 1846 itaque
3073 1784 3156 1830 est
3177 1791 3274 1845 pro
3299 1776 3377 1831 eis
3408 1787 3587 1831 tauros

299 1868 443 1925 Male
468 1870 609 1925 enim
644 1870 843 1925 malum
876 1871 1090 1937 dicitur,
1123 1887 1243 1926 cum
1287 1886 1373 1927 res
1405 1886 1651 1943 perversa
1694 1872 1885 1926 s‘uade-
1916 1874 1964 1951 ﬁ
1993 1867 2297 1947 arietesque
2346 1876 2601 1931 maelal‘e.
2636 1868 2735 1922 πιίεὶ
2781 1883 2966 1922 eorum
3001 1868 3289 1937 superbum
3332 1870 3583 1924 ducatum

297 1969 410 2024 tur,
434 1962 569 2016 sicut
590 1961 849 2031 scriptum
882 1973 961 2016 e51.
989 1980 1001 2016 :
1039 1962 1257 2017 Benedic
1280 1962 1409 2029 Deo,
1440 1975 1489 2017 et
1518 1980 1713 2018 morere
1742 1964 1884 2033 (Job.

300 2069 365 2121 ll,
394 2054 473 2124 9).
506 2055 709 2110 Bonum
742 2056 879 2111 bene
901 2056 1125 2123 dicitur,
1172 2073 1294 2113 cum
1323 2068 1466 2114 recte
1497 2069 1642 2117 recta
1688 2058 1879 2128 praedi-

296 2156 508 2216 cantur,
541 2147 936 2205 sicutJoannes
964 2150 1041 2217 ait
1074 2169 1083 2201 :
1119 2151 1263 2223 Agite
1296 2152 1666 2221 panitmtiam,
1696 2168 1886 2223 appro—

294 2240 564 2309 pinquavit
586 2241 719 2294 enim
750 2257 963 2312 regnum
986 2234 1234 2298 calorum
1290 2243 1505 2315 (Matth.
1544 2260 1621 2311 Ill,
1650 2244 1730 2313 2).
1781 2246 1889 2299 Ma-

292 2330 407 2388 lum
436 2334 574 2389 bene
600 2335 815 2419 dicitur,
878 2337 1091 2409 quando
1149 2352 1244 2407 per
1291 2352 1352 2392 os
1397 2338 1626 2393 dicentis
1688 2338 1888 2393 idcirco

295 2426 491 2481 vitium
510 2427 853 2497 exprimitur,
888 2439 945 2484 ut
974 2432 1312 2501 reprobetur,
1365 2432 1728 2488 sicutPaulus
1767 2435 1838 2487 ait
1872 2452 1883 2486 :

295 2515 528 2572 Femina:
552 2535 728 2574 eorum
757 2504 1147 2577 immutaverunt
1181 2526 1473 2593 naturalem
1510 2542 1659 2581 usum
1688 2527 1740 2580 in
1770 2544 1884 2580 eum

295 2611 384 2679 qui
409 2619 481 2664 est
502 2620 679 2665 contra
708 2624 944 2667 naturam
968 2613 1143 2685 (Rom.
1177 2632 1213 2681 ι,
1237 2596 1369 2685 26).
1410 2618 1526 2687 Quo
1574 2619 1692 2673 luco
1724 2633 1882 2674 exse-

296 2690 496 2756 cranda
518 2717 732 2773 quoque
754 2703 986 2758 virorum
1015 2704 1251 2762 facinora
1278 2706 1543 2774 subdidit;
1573 2707 1664 2761 sed
1692 2709 1879 2763 hones-

297 2804 356 2851 te
390 2794 672 2850 inhonesta
719 2798 973 2862 narravit,
1024 2807 1080 2852 ut
1124 2800 1319 2853 multos
1351 2800 1416 2854 ad
1451 2800 1749 2856 honestatis
1779 2801 1879 2855 lor-

296 2903 441 2943 tnam
466 2888 756 2945 inhonesta
788 2891 1053 2946 narrando
1075 2900 1371 2961 revocaret.
1406 2892 1543 2948 Male
1573 2902 1748 2948 autem
1780 2893 1879 2948 bo-

294 2981 664 3049 numdicitur,
706 2997 829 3038 cum
876 2993 1079 3039 rectum
1112 2985 1314 3056 aliquid
1373 2995 1521 3057 recto
1556 2986 1733 3042 studio
1783 3001 1887 3041 non

296 3071 594 3144 profertur,
643 3075 785 3131 sicut
833 3076 1132 3131 illuminato
1189 3092 1332 3132 caeo
1377 3078 1630 3133 Pharisai
1685 3078 1890 3135 dixisse

298 3166 653 3236 perhibentur
683 3184 700 3224 :
752 3166 834 3220 Ta
869 3171 938 3222 sis
978 3168 1264 3237 discipulus
1291 3172 1406 3241 ejus
1451 3169 1630 3241 (Joan.
1663 3186 1738 3243 ix,
1771 3170 1886 3240 28).

1992 1960 2314 2027 interﬁcere,
2350 1970 2407 2035 ut
2426 1961 2493 2016 de
2523 1977 2583 2017 se
2606 1961 2823 2016 humilia
2852 1962 3105 2025 sentiant,
3134 1971 3190 2016 et
3215 1970 3333 2030 post
3349 1978 3407 2018 se
3424 1963 3584 2017 corda

1992 2053 2355 2113 innocentium
2404 2053 2515 2124 jam
2565 2068 2672 2108 non
2719 2053 3018 2108 seducant?
3056 2051 3277 2108 Cervice
3317 2055 3456 2109 enim
3509 2066 3589 2109 tu-

1991 2145 2156 2201 menti
2188 2146 2256 2199 ah
2288 2143 2543 2199 Ecclesia
2594 2143 2942 2199 universitate
2992 2144 3313 2211 resilierant,
3344 2155 3398 2201 et
3442 2144 3584 2200 inlir-

1990 2255 2109 2296 mos
2153 2248 2275 2308 post
2315 2253 2374 2295 se
2408 2238 2630 2309 populos
2660 2237 2809 2307 quasi
2861 2248 3147 2309 sequentes
3176 2252 3363 2308 greges
3409 2239 3588 2293 trahe-

1991 2330 2139 2385 bant.
2173 2330 2399 2385 Veniant
2426 2329 2589 2400 igitur
2617 2328 2682 2383 ad
2715 2329 2930 2383 beatum
2957 2328 3078 2391 Job,
3114 2328 3167 2383 id
3194 2320 3283 2384 est
3316 2337 3589 2384 revertan-

1954 2432 1957 2439 ‘
1993 2433 2080 2477 tur
2120 2423 2184 2475 ad
2215 2422 2543 2487 Ecclesiam,
2591 2430 2645 2475 et
2686 2419 2992 2489 septenario
3022 2418 3288 2474 sacriﬁcio
3328 2428 3510 2476 tauros
3537 2429 3589 2477 et

1988 2514 2182 2569 arietes
2214 2512 2526 2567 mactandos
2553 2511 2799 2577 ollerant,
2835 2522 2857 2549 ε
2884 2510 2971 2579 qui
3004 2520 3059 2573 ut
3090 2511 3378 2566 universali
3409 2510 3589 2568 Eccle—

1989 2614 2084 2669 sia
2113 2614 2534 2685 conjungantur,
2577 2610 2881 2675 humilitate
2924 2610 3348 2676 interveniente,
3381 2608 3589 2665 interli-

1989 2688 2134 2763 ciant
2174 2707 2434 2776 quidquid
2486 2705 2634 2776 prius
2684 2703 2944 2775 tumidum
2995 2702 3064 2758 de
3114 2701 3349 2771 superbo
3397 2702 3591 2771 ducatu

1994 2797 2294 2867 sapiebant.
2754 2781 2765 2795 ’

2063 2888 2206 2961 [νει.
2242 2886 2373 2959 IV.)
2412 2888 2466 2940 7.
2510 2885 2635 2940 Non
2677 2883 3079 2939 reconciliantur
3106 2883 3195 2952 qui
3229 2890 3367 2937 recte
3407 2879 3591 2952 praedi.

1991 2982 2179 3047 cando,
2206 2995 2350 3034 vana:
2385 2978 2565 3049 gloria
2592 2977 2843 3042 serviunt,
2886 2976 2975 3031 sed
3002 2975 3279 3046 sapissime
3308 2974 3591 3042 reproban-

1993 3086 2095 3129 tur.
2121 3103 2191 3114 —
2219 3072 2336 3127 Eliu
2377 3086 2507 3127 vero
2554 3086 2648 3139 per
2691 3085 2848 3139 quem
2894 3082 3046 3123 vana
3088 3068 3274 3138 gloria
3322 3073 3591 3139 amatores

1991 3166 2182 3238 signati
2230 3173 2373 3231 sunt,
2406 3162 2432 3201 ἀ
2465 3168 2600 3218 intra
2653 3171 2891 3217 sanctam
2942 3160 3236 3216 Ecclesiam
3292 3158 3591 3224 constituti,

298 3259 451 3327 Quod
483 3260 875 3317 maledictionis
906 3263 1090 3332 utique
1118 3262 1365 3318 dixerunt
1396 3264 1599 3330 studio,
1633 3280 1736 3320 non
1769 3254 1887 3320 ora-
1919 3256 1965 3335 ς
1995 3262 2084 3330 qui
2123 3274 2185 3315 ea
2229 3272 2348 3328 qua
2387 3264 2532 3312 recte
2568 3255 2810 3312 sentiunt
2850 3251 3419 3323 humiliter‘proferre
3463 3265 3591 3306 con-

300 3355 471 3410 tionis
494 3366 639 3410 voto.
667 3356 764 3411 Vel
786 3358 923 3412 sicut
962 3356 1190 3429 Caiphae
1232 3359 1342 3413 ait:
1406 3355 1631 3430 Expedit
1675 3377 1833 3414 unum
1860 3358 1887 3399 δ

301 3450 558 3504 hominem
596 3452 727 3503 mori
774 3465 869 3518 pro
922 3451 1134 3524 popula,
1187 3460 1241 3505 ut
1297 3456 1398 3513 itan
1428 3462 1533 3507 tota
1557 3470 1678 3524 gens
1719 3462 1890 3523 pereat

303 3539 487 3613 (Joan.
513 3558 587 3609 xt,
613 3541 726 3613 50).
758 3542 961 3597 Bonum
985 3543 1202 3625 quippe,
1235 3545 1328 3599 sed
1361 3559 1466 3599 non
1491 3546 1628 3601 bene
1678 3546 1889 3600 locutus

301 3644 407 3700 est,
446 3635 570 3705 quia
601 3635 726 3690 dum
757 3635 1128 3691 crudelitatem
1186 3638 1336 3692 necis
1387 3637 1629 3706 appetiit,
1678 3636 1886 3692 redem-

302 3728 505 3800 ptionis
534 3730 758 3799 gratiam
803 3728 1159 3798 prophetarit.
1205 3728 1318 3783 Hoc
1352 3731 1511 3815 igitur
1561 3729 1721 3784 modo
1777 3730 1890 3784 Elin

300 3840 520 3898 quoque
543 3815 725 3880 dicére
749 3838 854 3879 non
880 3824 1016 3880 bene
1047 3823 1183 3877 bona
1215 3822 1654 3894 reprehenditur,
1688 3823 1809 3895 quia
1840 3824 1890 3879 in

301 3918 392 3974 his
421 3933 540 3988 qua
573 3919 835 3973 veraciter
866 3916 1104 3988 loquitur
1150 3926 1469 3986 arroganter
1512 3917 1745 3985 inﬂatur.
1794 3920 1893 3985 Qui

302 4010 359 4065 in
391 4024 456 4065 eo
486 4009 720 4079 speciem
749 4010 1118 4079 arrogantium
1150 4011 1345 4095 signat,
1395 4025 1502 4097 quo
1554 4026 1647 4080 per
1678 3994 1891 4066 sensum

300 4105 646 4161 rectitudinis
677 4120 729 4171 in
762 4104 986 4159 tumoris
1016 4103 1180 4158 verba
1206 4118 1266 4159 se
1305 4104 1495 4171 elevat.

375 4198 534 4275 733
574 4198 626 4251 6.
671 4196 737 4251 In
782 4199 1062 4253 amicorum
1099 4195 1199 4252 Job
1242 4197 1689 4265 reconciliatione,
1730 4213 1894 4267 agno-

299 4293 488 4346 scenda
536 4293 887 4347 hareticorum
929 4290 1207 4344 conversio.
1263 4287 1455 4342 Eorum
1501 4289 1757 4357 sacriﬁcia
1786 4286 1897 4343 Deo

299 4403 405 4440 non
436 4387 670 4459 placent,
706 4386 797 4439 sed
834 4400 947 4454 qua:
984 4383 1048 4437 ab
1084 4382 1316 4451 Ecclesia
1357 4383 1664 4451 o/feruntur.
1691 4411 1761 4425 η·-
1790 4382 1897 4439 Sed

300 4477 432 4547 quid
473 4487 555 4532 est
595 4476 738 4547 quod
782 4458 891 4531 tres
929 4475 1132 4528 amicos
1180 4473 1514 4529 reconciliari
1555 4488 1648 4545 per
1689 4482 1896 4545 septem

301 4569 585 4629 sacriﬁcia.
618 4554 794 4623 divina
825 4581 926 4621 vox
965 4566 1245 4637 pracipit;
1278 4564 1395 4620 Eliu
1438 4580 1565 4621 vero
1605 4566 1705 4622 sub
1746 4568 1899 4622 unius

1997 3360 2268 3417 temnunt,
2326 3361 2663 3419 nequaquam
2717 3362 2813 3417 per
2876 3336 3201 3401 sacriﬁcium
3259 3343 3593 3401 reconciliari

1995 3445 2301 3535 pracipitur
2328 3444 2451 3516 quia
2492 3450 2803 3513 arrogantes
2841 3440 3079 3511 quidem,
3113 3438 3207 3493 sed
3238 3447 3414 3492 tamen
3459 3436 3591 3535 iide-

1996 3527 2095 3606 les,
2129 3553 2227 3608 pro
2258 3552 2321 3592 eo
2351 3536 2494 3608 quod
2530 3535 2640 3606 jam
2675 3536 2818 3589 intus
2847 3542 2994 3598 sunt,
3026 3548 3122 3602 per
3154 3540 3358 3599 septem
3389 3527 3592 3584 sacrili-

1995 3633 2076 3689 cia
2108 3630 2347 3687 revocari
2380 3645 2485 3684 non
2521 3636 2763 3698 possunt.
2791 3626 2937 3692 Quos
2980 3634 3157 3694 tamen
3190 3622 3289 3677 sub
3318 3621 3436 3676 Eliu
3467 3635 3593 3690 spe-

1995 3728 2077 3784 cie
2124 3724 2393 3782 sententia
2448 3723 2626 3777 divina
2686 3718 2996 3791 redarguit,
3049 3725 3209 3787 atque
3255 3717 3306 3769 in
3358 3713 3438 3770 eis
3488 3728 3593 3769 non

1996 3818 2236 3873 veritatis
2287 3812 2602 3879 sententias,
2627 3809 2722 3867 sed
2744 3808 2995 3865 elationis
3042 3798 3276 3863 mentem
3326 3819 3389 3860 ac
3430 3803 3593 3859 verba

2002 3919 2026 3948 ο
2055 3905 2424 3980 reprehendit.
2456 3905 2587 3972 Qua
2623 3902 2877 3958 nimirum
2917 3896 3268 3971 reprehensio
3293 3894 3420 3966 quid
3447 3893 3593 3949 aliud

1998 4004 2192 4075 signat,
2223 4001 2326 4056 nisi
2366 3997 2511 4070 quod
2557 4012 2651 4052 eos
2697 3997 2835 4050 intra
2877 3993 3078 4062 positos
3118 4003 3363 4062 superna
3413 3986 3594 4043 distri-

1998 4093 2190 4151 ctionis
2228 4091 2523 4161 increpatio
2554 4088 2635 4144 vel
2674 4102 2768 4158 per
2794 4084 3065 4157 ﬂagellum
3106 4083 3352 4153 corrigit,
3381 4080 3466 4136 vel
3498 4095 3594 4150 per

1994 4191 2196 4261 justum
2225 4201 2469 4243 examen
2503 4181 2857 4252 sibimetipsis
2883 4179 3174 4248 relinquit?
3213 4176 3370 4232 Tales
3398 4175 3593 4247 quippe

2002 4286 2138 4340 intra
2188 4289 2427 4337 sanctam
2476 4276 2775 4334 Ecclesi'am
2826 4285 2968 4331 recta
3018 4272 3234 4344 quidem
3278 4269 3590 4359 pradicant,

2000 4378 2094 4434 sed
2148 4386 2352 4442 tamen,
2387 4373 2494 4429 Deo
2538 4370 2740 4441 judice,
2788 4368 2973 4423 audire
3021 4372 3296 4421 merentur
3340 4363 3589 4425 adversa,

2002 4468 2121 4539 quia
2162 4482 2255 4536 per
2292 4480 2353 4521 ea
2393 4464 2531 4518 bona
2572 4476 2694 4531 qua
2736 4474 2839 4515 non
2879 4458 3095 4530 propria
3140 4454 3448 4526 proferunt,
3484 4465 3590 4506 non

2005 4560 2235 4616 auctoris
2265 4558 2342 4627 sui
2370 4555 2623 4627 gloriam,
2651 4554 2745 4610 sed
2776 4552 3046 4624 propriam
3075 4549 3286 4606 laudem
3316 4554 3587 4617 quarunt.

300 4660 675 4716 tantummodo
704 4660 985 4716 sententia
1014 4660 1382 4730 increpatione
1411 4658 1757 4730 derelinquit,
1790 4660 1892 4717 nisi
1921 4639 1977 4727 Ρ
2000 4654 2153 4711 Unde
2183 4653 2286 4709 hoc
2310 4664 2524 4727 quoque
2551 4656 2707 4703 came
2735 4645 3067 4715 Pensm)le
3095 4654 3197 4706 θείς
3229 4641 3371 4712 (μιοά
3408 4639 3589 4695 (“Vim

301 4754 446 4824 quod
477 4768 857 4823 nonnunquam
894 4753 1163 4819 haeretici,
1195 4752 1391 4808 divina
1418 4753 1602 4835 gratia
1651 4754 1896 4826 largitate

302 4844 530 4915 perfusi,
598 4844 663 4900 ad
728 4844 982 4901 unitatem
1050 4853 1250 4901 sancta
1306 4843 1564 4900 Ecclesia
1630 4844 1896 4903 redeunt?

301 4936 459 5006 Quod
502 4937 637 4993 bene
680 4937 791 5003 ipsa
823 4937 1115 4993 amicorum
1152 4936 1596 4992 reconciliatione
1632 4938 1894 5009 signatur,

300 5045 405 5103 pro
448 5030 639 5101 quibus
681 5039 857 5086 tamen
904 5030 1091 5086 beatus
1135 5029 1236 5085 Job
1286 5044 1512 5086 exorare
1566 5031 1890 5101 pracipitur,

303 5124 432 5193 quia
485 5123 735 5178 nimirum
790 5122 1162 5178 hareticorum
1212 5122 1470 5177 sacrillcia
1516 5132 1734 5192 accepta
1787 5124 1895 5178 Deo

303 5230 428 5271 esse
458 5230 565 5270 non
596 5224 837 5287 possunt,
869 5215 972 5271 nisi
1014 5229 1111 5287 pro
1157 5215 1237 5270 eis
1278 5214 1594 5270 universalis
1636 5213 1894 5271 Ecclesia

226 5306 259 5386 ς
306 5307 554 5364 manibus
579 5307 888 5375 oll‘erantur,
920 5316 979 5363 ut
1006 5308 1124 5379 ejus
1152 5307 1356 5364 meritis
1385 5307 1682 5364 remedium
1711 5306 1896 5363 salutis

383 5462 410 5492 ⁸
449 5454 508 5510 In
532 5453 722 5523 Editis,
770 5453 906 5507 male
925 5451 1207 5523 dicuntur,
1240 5450 1338 5523 sed_
1362 5450 1619 5507 mendose
1669 5469 1679 5502 :
1740 5465 1892 5507 mens

309 5528 485 5585 sancti
538 5521 776 5594 Gregorii
827 5532 932 5589 est,
982 5522 1282 5594 sententias
1327 5521 1378 5577 in
1409 5524 1623 5594 bonam
1683 5536 1897 5592 semper

308 5608 519 5670 partem
544 5592 901 5666 accipiendas,
956 5593 1056 5649 nisi
1087 5592 1285 5662 aliquid
1317 5593 1547 5648 addatur
1576 5607 1681 5664 quo
1710 5608 1892 5663 repro-

305 5674 615 5817 ὒϐῗιιῧέφβῑ
662 5740 914 5801 hominem
942 5738 1018 5798 in
1064 5737 1236 5795 tribus
1276 5730 1484 5806 Norm.,
1526 5734 1579 5791 in
1629 5736 1815 5801 Baluz.
1845 5744 1902 5794 ει

310 5821 512 5963 Golian
540 5892 787 5952 omnibus
813 5891 983 5951 Editis
1024 5897 1079 5948 et
1124 5887 1177 5945 in
1209 5881 1481 5943 nonnullis
1526 5880 1651 5941 Mss.
1684 5881 1898 5938 vitiatus

2001 4761 2131 4801 voce
2160 4746 2227 4799 de
2259 4741 2638 4798 Eliu‘dicitur:
2673 4739 2805 4807 Quis
2838 4748 2912 4792 est
2941 4738 3035 4791 iste
3064 4734 3211 4805 (Job.
3246 4749 3469 4797 xxxvru,
3496 4732 3593 4804 2)?

2002 4840 2179 4895 Prima
2237 4836 2435 4909 quippe
2498 4830 2841 4902 exprobratio
2900 4840 2980 4884 est
3044 4828 3165 4883 talis
3223 4828 3590 4898 interrogatio.

2003 4933 2133 4988 Nam
2187 4931 2314 4999 Quis
2352 4938 2429 4984 est
2473 4928 2565 4983 iste
2617 4940 2723 4980 non
2774 4925 3027 4990 dicimus,
3055 4922 3157 4977 nisi
3189 4921 3257 4977 de
3305 4936 3371 4977 eo
3411 4920 3592 4987 utique

2003 5042 2164 5099 quem
2214 5024 2504 5080 nescimus.
2538 5019 2760 5076 Nescire
2801 5027 2978 5106 autem
3014 5015 3106 5071 Dei
3149 5015 3441 5085 reprobare
3476 5018 3590 5075 est;

2003 5121 2144 5174 unde
2182 5114 2502 5187 quihusdam
2541 5128 2671 5183 quos
2701 5110 2953 5183 reprobat
2987 5109 3038 5163 in
3071 5110 3178 5162 tino
3207 5107 3447 5160 dicturus
3475 5111 3589 5155 est:

2008 5211 2195 5268 Nescio
2234 5224 2320 5263 vos
2358 5206 2493 5261 unde
2534 5205 2675 5273 sitis,
2708 5202 2950 5258 discedite
2979 5219 3009 5258 a
3037 5216 3116 5254 me
3156 5213 3329 5252 omnes
3367 5194 3591 5263 operarii

2003 5303 2283 5377 iniquitatis
2311 5300 2462 5372 (Luc.
2492 5314 2607 5366 xm,
2629 5295 2747 5367 27).
2788 5294 2925 5364 Quid
2952 5302 3036 5349 est
3059 5304 3187 5361 ergo
3206 5286 3370 5373 ⁷84
3388 5286 3455 5341 de
3488 5284 3592 5340 hoc

1996 5455 2079 5505 est
2104 5459 2316 5509 sensus,
2342 5439 2637 5499 mutatione
2665 5435 2865 5509 vocula
2887 5432 2988 5509 qui
3000 5432 3051 5486 in
3074 5431 3211 5509 quia.
3244 5426 3445 5509 Similia
3473 5426 3590 5509 lege

1996 5498 2223 5587 sietsi:
2242 5498 2426 5592 sancti
2455 5508 2701 5581 Gregorii
2750 5498 3014 5569 numflS,
3043 5498 3135 5557 ubi
3182 5514 3288 5557 non
3318 5500 3462 5592 quia,
3491 5498 3586 5551 sed

1994 5586 2396 5661 ἐμιῖυςειξηίιο,
2462 5652 2597 5661 _...
2722 5649 2748 5661 ,.
2924 5645 2974 5661 ,.
3052 5660 3057 5661 ,

2068 5640 2354 5715 {Additur
2385 5657 2433 5711 iu
2461 5652 2651 5717 Editis,
2681 5649 2852 5714 etiam,
2883 5645 2975 5702 sed
3003 5660 3107 5701 non
3135 5644 3327 5715 legitur
3354 5642 3405 5698 in
3431 5640 3582 5709 Μαι,

1995 5747 2096 5791 nec
2125 5730 2340 5785 aliunde
2370 5727 2682 5789 requiritur.

2074 5786 2097 5843 ὲ
2135 5800 2426 5870 Subjicitur
2453 5786 2507 5851 in
2543 5790 2781 5877 vulgatis
2807 5788 3025 5845 tumida.
3054 5788 3223 5877 Abest
3247 5800 3278 5845 ι
3304 5786 3457 5853 Msa,
3488 5796 3574 5845 eo-

1996 5876 2119 5934 dem
2151 5886 2314 5930 sensu
2345 5873 2671 5925 remanente.
