4024 6352
480 384 588 440 ’ὶῦὕ

484 511 765 570 arrogante
793 498 1095 569 requirere}
1123 496 1250 565 Quis
1273 507 1346 553 est
1365 498 1499 553 iste?
1520 498 1621 554 nisi
1651 504 1833 568 aperte
1863 498 2069 554 dicere:
2101 499 2151 557 Δ

487 594 599 665 Ego
643 602 954 662 arrogantes
999 592 1198 655 nescio,
1246 590 1298 645 id
1343 602 1426 647 est
1468 606 1655 647 eorum
1684 592 1846 645 vitam
1893 593 1944 646 in
1992 606 2077 646 sa-

485 687 698 756 pientis:
726 701 858 741 mea;
887 684 1080 739 virtute
1111 699 1216 739 non
1246 685 1505 754 approbo,
1530 686 1649 755 quia
1679 685 1804 739 dum
1836 685 2078 740 laudibus

486 777 731 833 li’nmanis
758 776 1031 841 inflantur,
1062 791 1090 829 a
1120 791 1246 830 vera
1281 777 1446 846 gloria
1470 787 1686 833 clerum
1710 778 2078 835 retributionis

486 865 826 925 inanescunt.
872 866 1039 940 Cujus
1087 869 1214 924 dum
1257 871 1552 926 sententias
1584 874 1804 928 minime
1851 875 2074 946 respuit,

484 961 574 1017 sed
609 971 780 1016 tamen
810 975 931 1014 eum
975 961 1147 1030 ipsum
1176 962 1267 1032 qui
1297 962 1415 1016 illas
1450 962 1675 1031 protulit
1705 964 2075 1033 reprehendit,

484 1052 633 1122 quasi
673 1062 857 1118 aperte
899 1051 1155 1117 insinuat,
1188 1053 1377 1107 dicens
1421 1068 1436 1108 :
1471 1051 1600 1107 Novi
1632 1068 1753 1123 qua:
1791 1054 1943 1121 dicit,
1979 1054 2075 1111 sed

485 1144 671 1214 igneio
701 1143 788 1215 qui
819 1144 1123 1213 dicit,»quia
1159 1146 1422 1199 veraciter
1452 1146 1655 1215 prolata
1685 1147 1946 1217 approbo,
1977 1146 2073 1203 sed

484 1252 606 1293 enm
637 1237 725 1305 qui
756 1236 824 1293 de
865 1228 1019 1292 bonis
1060 1253 1178 1307 quae
1223 1237 1426 1308 profert
1466 1239 1742 1294 extollitur
1777 1256 1883 1295 non
1910 1254 2076 1312 agno-

484 1345 592 1387 5C0.

554 1424 607 1480 8.
654 1422 847 1493 Optimi
868 1424 1219 1505 pradicatoris
1248 1424 1417 1491 imago
1439 1424 1649 1479 eximia.
1676 1423 1822 1479 Bona
1852 1426 1938 1480 ria:
1963 1427 2073 1480 sine

484 1521 708 1591 periculo
747 1522 1090 1576 innotescunt.
1136 1521 1238 1589 Qui
1273 1522 1428 1589 sapit,
1464 1523 1669 1575 studeat
1705 1538 1813 1577 esse
1845 1524 2069 1593 sapiens,

486 1631 586 1669 non
613 1614 790 1670 videri.
815 1645 885 1655 —
906 1613 975 1670 Ut
1003 1629 1132 1669 vero
1161 1613 1394 1683 apertius
1423 1613 1768 1668 ostendamus
1800 1614 1850 1669 in
1879 1615 2072 1669 elatio-

486 1710 567 1762 nis
609 1708 865 1775 jactantia
919 1706 1037 1760 Elin
1087 1721 1244 1772 quam
1296 1707 1523 1773 turpiter
1566 1705 1792 1772 defluat,
1843 1705 2068 1761 formam

486 1800 630 1870 prius
668 1798 952 1856 ostendere
980 1798 1111 1885 boni
1152 1798 1519 1866 praediCatoris
1555 1797 1844 1865 debemus,
1881 1808 2070 1870 quate-

486 1909 581 1947 nus
625 1908 689 1948 ex
731 1902 869 1947 statu
914 1869 1072 1962 hujus
1128 1891 1465 1947 rectitudinis
1503 1899 1833 1946 monstretur
1867 1891 2068 1962 liquido
2103 1862 2147 1922 Β

486 1985 737 2041 tortitndo
765 2000 924 2056 quam
966 1999 1125 2054 prava
1161 1985 1231 2038 sit
1268 1983 1671 2040 incurvationis.
1718 1984 1926 2040 Sancta:
1952 1988 2070 2040 uni.

487 2078 707 2133 versalis
749 2077 1003 2133 Ecclesiae
1067 2077 1321 2146 spiritalis
1374 2077 1599 2146 quisque
1647 2078 1969 2146 praedicator
2017 2078 2075 2135 in

485 2171 688 2225 cunctis
716 2184 836 2239 qua:
870 2168 999 2222 dicit
1033 2176 1057 2203 α
1091 2167 1278 2222 solerti
1309 2181 1436 2221 cura
1468 2182 1526 2221 se
1558 2166 1791 2235 inSpicit,
1827 2184 1894 2224 ne
1925 2170 1976 2223 in
2007 2184 2073 2226 eo

486 2260 622 2330 quod
667 2268 812 2314 recta
852 2257 1109 2327 prredicat
1159 2255 1287 2311 vitio
1326 2270 1385 2310 se
1426 2255 1672 2311 elationis
1710 2258 1965 2323 extollat;
2008 2276 2073 2316 ne

488 2354 588 2406 vita
621 2367 652 2407 a
690 2351 866 2421 lingua
893 2347 1194 2412 discordet;
1229 2363 1294 2403 ne
1327 2361 1534 2417 pacem,
1564 2364 1721 2418 quam
1754 2351 1806 2406 in
1835 2351 2073 2407 Ecclesia

488 2443 713 2509 nuntiat,
763 2442 813 2495 in
847 2442 1048 2511 seipse,
1073 2439 1198 2494 dum
1246 2439 1384 2495 bene
1433 2426 1581 2506 dicit,
1633 2451 1685 2496 et
1735 2442 1874 2498 male
1920 2444 2071 2513 vivit,

489 2533 715 2588 amittat.
767 2531 871 2587 Sed
922 2530 1102 2586 studet
1146 2546 1492 2600 summopere
1543 2540 1731 2587 contra
1785 2535 2073 2591 maledicos

489 2642 729 2685 rumores
764 2620 1255 2683 adversantium'et
1297 2627 1589 2685 defendere
1635 2626 1903 2697 loquendo
1930 2627 2071 2696 quod

488 2723 633 2789 vivit,
664 2731 718 2777 et
744 2736 940 2777 ornare
966 2721 1192 2777 vivendo
1220 2721 1360 2792 quod
1391 2722 1540 2777 dicit.
1567 2722 1673 2777 Nec
1704 2722 1755 2776 in
1790 2722 1872 2776 liis
1900 2723 2073 2777 omni-

489 2814 586 2871 bus
649 2831 820 2882 suam,
889 2816 984 2872 sed
1046 2817 1278 2871 auctoris
1339 2817 1563 2887 gloriam
1630 2804 1853 2887 quaerii;
1918 2826 2077 2887 atque

488 2892 699 2965 omnem
732 2905 759 2946 δ
791 2908 1067 2978 sapientiae
1095 2908 1341 2979 gratiam,
1369 2925 1527 2979 quam
1565 2917 1622 2963 ut
1647 2910 1956 2978 loqueretur
1985 2925 2077 2964 ac-

490 3001 651 3071 cepit,
681 3016 788 3055 non
822 3001 933 3056 suis
961 3015 1021 3057 se
1046 3001 1276 3056 mstimat
1306 3001 1532 3065 meritis,
1562 3003 1656 3056 sed
1693 3018 1877 3058 eorum
1910 3004 2076 3058 inter-

490 3090 819 3147 cessionibus
872 3107 968 3162 pro
1017 3092 1211 3165 quibus
1257 3093 1488 3164 loquitur
1530 3095 1819 3164 accepisse.
1882 3097 2079 3168 Sicque

492 3184 616 3240 dum
641 3199 701 3240 se
727 3184 860 3240 infra
890 3184 1093 3256 dejicit,
1120 3197 1382 3257 superest,
1410 3187 1531 3256 quia
1553 3201 1665 3242 sua:
1689 3189 1937 3244 nimirum
1968 3205 2082 3246 ma-

491 3277 569 3349 gis
586 3278 818 3334 mercedi
840 3278 1067 3348 proficit,
1083 3279 1225 3348 quod
1247 3281 1381 3334 bona
1406 3262 1523 3350 qua:
1546 3295 1804 3338 exercere
1826 3281 2081 3352 praevalet

493 3370 683 3426 alienis
719 3373 922 3428 meritis
948 3371 1138 3427 reddit.
1169 3372 1442 3444 Indignum
1491 3390 1549 3430 se
1576 3376 1825 3430 omnibus
1847 3375 2078 3447 judicat,

493 3469 651 3523 etiam
692 3466 1067 3537 cumdignius
1112 3468 1321 3523 cunctis
1368 3469 1525 3523 vivat.
1570 3468 1683 3525 Scit
1726 3471 1893 3537 enim,
1936 3473 2077 3541 quod

493 3557 627 3613 bona
655 3572 774 3629 qua:
815 3558 1157 3615 innotescunt
1185 3559 1513 3629 hominibus,
1555 3561 1671 3617 sine
1699 3564 1935 3633 periculo
1960 3579 2080 3624 esse
2132 3614 2139 3619 .

494 3650 576 3706 vis
608 3660 847 3721 possunt.
896 3650 963 3706 Et
995 3653 1235 3723 quamvis
1272 3653 1572 3724 sapientem
1611 3669 1670 3711 se
1704 3670 1825 3712 esse
1861 3659 2078 3724 sentiat,

494 3744 652 3801 vellet
683 3752 861 3800 tamen
889 3758 1010 3800 esse
1047 3746 1284 3815 sapiens,
1317 3761 1416 3802 nec
1449 3747 1641 3816 videri,
1667 3758 1829 3821 atque
1858 3751 1959 3806 hoc
1979 3752 2081 3809 sibi

494 3830 805 3894 omnimodo
851 3837 993 3908 quod
1038 3837 1304 3909 loquendo
1333 3839 1581 3909 proditur
1622 3841 1981 3911 pertimescit;
2028 3851 2084 3898 et

494 3931 538 3987 si
580 3930 753 3997 liceat,
800 3939 978 3987 tacere
1029 3933 1253 4001 appetit,
1297 3932 1425 3988 dum
1468 3948 1588 4005 esse
1620 3943 1641 3971 ο
1689 3935 1869 3989 multis
1917 3935 2083 3991 tutius

495 4024 763 4082 silentium
805 4024 997 4089 cernit,
1030 4039 1231 4094 eosque
1271 4039 1391 4081 esse
1440 4024 1706 4081 feliciores
1747 4034 1917 4095 putat,
1947 4042 2085 4097 quos

496 4115 635 4172 intra
665 4122 904 4172 sanctam
935 4113 1227 4172 Ecclesiam
1264 4116 1411 4170 locus
1442 4117 1659 4172 inferior
1689 4132 1782 4186 per
1810 4117 2082 4174 silentium

496 4209 758 4275 occnltat;
798 4218 852 4265 et
894 4217 1069 4264 tamen
1110 4216 1170 4263 ut
1206 4217 1445 4263 sanctam
1480 4208 1773 4265 Ecclesiam
1812 4210 2081 4278 defendat,

497 4299 618 4369 quia
659 4299 725 4355 ad
772 4300 1096 4370 loquendum
1145 4300 1193 4353 vi
1234 4299 1508 4355 cbaritatis
1553 4301 1863 4372 impellitur,
1893 4319 1957 4360 ex
1986 4319 2087 4362 ne-

498 4393 752 4450 cessitate
785 4393 999 4464 quidem
1040 4392 1275 4448 ofllcium
1308 4393 1593 4449 locutionis
1623 4396 1862 4465 suscipit,
1894 4398 1991 4452 sed
2019 4413 2085 4454 ex

500 4502 695 4557 magno
731 4485 999 4543 desiderio
1024 4487 1200 4542 otium
1239 4485 1265 4523 ἀ
1299 4489 1676 4544 taciturnitatis
1715 4492 1929 4559 qnazrit.
1976 4491 2087 4548 lloc

499 4590 679 4637 servat
707 4590 852 4649 voto,
897 4579 1030 4637 ιιιυά
1076 4589 1295 4636 exercet
1335 4579 1657 4636 ministerio.
1711 4580 1859 4636 Hanc
1907 4593 2083 4647 autem

500 4672 709 4729 dicendi
758 4673 1040 4728 formulam
1085 4684 1399 4745 arrogantes
1431 4674 1697 4745 ignorant.
1730 4675 1914 4748 Neque
1942 4677 2083 4734 enim

502 4767 792 4837 loquuntur
822 4767 944 4839 quia
987 4783 1163 4824 eansze
1192 4752 1469 4835 eveniunt,
1498 4769 1592 4825 sed
1633 4785 1829 4826 causas
1871 4774 2088 4829 evenire

500 4870 759 4934 appetunt
793 4871 848 4918 ut
892 4862 1194 4933 loquantur.
1226 4861 1462 4929 Quorum
1505 4878 1646 4918 nunc
1675 4862 1793 4919 Eliu
1845 4866 2084 4935 speciem

501 4956 695 5028 signat,
732 4956 819 5027 qui
851 4956 904 5011 in
936 4955 1203 5013 locutione
1231 4972 1326 5013 sua
1360 4958 1621 5014 immenso
1646 4972 1706 5014 se
1734 4958 1863 5014 vitio
1893 4959 2086 5016 elatio-

502 5049 585 5105 nis
611 5047 832 5106 esaltat.
870 5046 1039 5121 Igitur
1073 5049 1236 5106 finitis
1259 5050 1401 5108 beati
1423 5051 1526 5108 Job
1555 5050 1917 5118 sermonibus,
1959 5053 2085 5111 sub-
2128 5118 2131 5121 δ

502 5142 645 5199 ditnr
666 5157 682 5197 :

571 5232 703 5292 CAP.
745 5250 914 5299 χχιιι,
952 5249 1109 5291 vatis.
1150 5234 1202 5289 7.
1231 5264 1302 5276 —
1329 5234 1625 5290 amiserunt
1659 5246 1827 5291 autem
1860 5245 1961 5292 tres
1996 5238 2091 5293 uiri

503 5327 587 5383 isti
607 5330 911 5400 respondere
928 5325 1053 5395 Job,
1086 5343 1144 5382 eo
1165 5329 1303 5400 quod
1315 5330 1491 5401 justus
1514 5327 1613 5382 sibi
1634 5329 1907 5384 uideretur.

576 5483 601 5544 ι
641 5470 867 5544 Ϊιιιιοιιη
893 5472 1106 5544 solerter
1128 5485 1311 5544 curare
1326 5468 1560 5544 inspicit.
1779 5537 1789 5544 Α
1881 5536 1890 5544 θ

575 5543 603 5585 δ
646 5542 893 5610 Vindoc.,
934 5543 1147 5598 Ebroie.
1190 5549 1244 5597 et
1272 5540 1379 5611 [alii
1424 5539 1632 5605 Norm.,
1665 5537 1940 5608 sapientia:
1987 5538 2097 5608 glo-

503 5615 655 5671 riam.
1742 5614 1769 5637 ‘

584 5698 606 5726 ε
650 5686 725 5739 Its
775 5684 982 5749 Belum,
1014 5684 1193 5751 Colb.,
1226 5683 1407 5739 Norm.
1444 5691 1498 5738 et
1523 5688 1631 5737 vet.
1663 5680 1801 5736 Edit.
1834 5677 2004 5751 Paris.
2035 5692 2101 5735 ac

507 5756 672 5813 Basil.
706 5757 926 5811 ltecent.
955 5754 1155 5810 habent
1186 5750 1351 5808 multo
1380 5755 1556 5808 tutius.
1589 5752 1645 5807 In
1679 5752 1864 5807 iisdem
1890 5750 2098 5817 Norm.,

521 5827 734 5883 Vlndoc.
768 5834 824 5882 et
862 5826 1010 5889 aliis,
1045 5842 1229 5892 eosque
1258 5840 1367 5880 esse
1400 5825 1665 5880 feliciores.
1713 5820 1811 5879 Ubi
1845 5823 1897 5879 in
1930 5821 2100 5878 Editis

510 5898 699 5968 babes,
728 5911 915 5967 eosque
938 5910 992 5950 se
1017 5893 1297 5964 feliciores.

1690 381 1933 439 SANCTI
1974 377 2302 436 GBEGORII
2346 377 2562 435 MAGNI

3632 387 3721 444 256

2251 493 2392 567 [Vet.
2432 493 2492 558 V,
2526 492 2649 548 Rec.
2674 490 2783 565 11.]
2837 494 2948 550 lloc
2993 494 3137 564 quod
3183 493 3250 549 de
3295 510 3360 550 eo
3402 497 3618 555 dicitur:
3663 506 3726 564 Eo

2178 588 2314 656 quod
2334 588 2510 659 justus
2533 596 2556 625 ο
2582 589 2677 641 sibi
2714 589 2992 651 videretur,
3026 602 3196 641 sacra:
3226 586 3380 657 hujus
3409 593 3619 662 scriptor
3655 597 3726 653 hi.

2178 682 2357 735 storis:
2396 680 2460 735 ad
2511 683 2803 737 amicorum
2853 681 3113 748 judicium
3167 683 3367 746 retulit,
3424 699 3524 737 non
3574 701 3728 748 autem
3778 740 3783 749 ,

2178 770 2391 831 beatum
2421 770 2522 828 Job
2558 772 2624 828 de
2668 773 2917 828 elationis
2966 782 3175 829 tumore
3222 773 3538 844 reprobavit.
3569 776 3729 849 Sequi-

2180 876 2265 921 tnr
2292 884 2306 920 :

2812 935 3040 993 CAPUT
3080 938 3145 992 ll.

2266 1066 2415 1105 «ειη.
2452 1051 2507 1106 2.
2533 1082 2602 1092 —
2625 1051 2692 1105 Et
2729 1053 2893 1105 iratus
2911 1094 2924 1115 ,
2960 1053 3356 1124 indignatusque
3381 1065 3452 1110 est
3480 1056 3591 1110 Elin
3617 1056 3737 1125 ﬁlius

2176 1142 2430 1199 Barac/rel
2454 1145 2673 1207 anites,
2698 1147 2761 1199 de
2788 1147 3089 1219 cognatione
3119 1146 3270 1201 ﬂant.
3320 1150 3321 1153 ’

2245 1236 2297 1289 9.
2330 1235 2433 1291 Per
2454 1235 2597 1301 Elin,
2629 1240 2840 1307 eiusque
2868 1247 3062 1305 patrem
3085 1248 3134 1294 et
3159 1241 3529 1309 cognationem,
3552 1243 3739 1313 signan-

2174 1338 2256 1382 tur
2285 1331 2489 1398 superbi
2527 1346 2657 1383 verte
2687 1329 2809 1396 ﬁdei
2848 1341 3074 1385 tenaces.
3104 1361 3175 1373 —
3205 1333 3350 1388 Bene
3382 1334 3493 1389 haec
3534 1336 3641 1404 ipsa
3667 1335 3757 1393 vel‘

2134 1468 2141 1479 ,
2174 1420 2312 1490 ejus,
2341 1408 2723 1490 velparentis,
2755 1421 2837 1476 vel
2874 1421 3013 1486 loci,
3047 1422 3129 1476 vel
3170 1424 3503 1492 cognationis
3547 1426 3742 1481 nomina

2174 1524 2352 1569 notam
2385 1515 2615 1585 propria:
2652 1516 2959 1584 exprimunt
2994 1516 3241 1572 actionis.
3289 1517 3409 1572 Elin
3437 1520 3626 1588 quippe
3671 1522 3744 1574 in-

2174 1614 2524 1676 terpretatum
2540 1614 2716 1671 sonat,
2735 1606 2875 1660 Dens
2897 1621 3045 1660 meus
3069 1606 3190 1675 iste,
3207 1606 3292 1662 vel
3320 1607 3462 1663 Deus
3482 1608 3744 1667 Dominus.

2182 1697 2285 1753 Per
2304 1713 2488 1767 quem,
2515 1699 2654 1752 sicut
2678 1699 2926 1766 superius
2949 1698 3182 1752 diximus
3205 1698 3490 1768 (Μηνᾶ),
3520 1699 3751 1768 designa-

2174 1798 2261 1844 tur
2291 1798 2439 1845 recta
2466 1790 2627 1861 735
2657 1789 2789 1844 ﬁdes
2832 1790 3194 1857 arrogantium
3232 1787 3251 1827 ῐ
3298 1791 3439 1844 intra
3468 1790 3747 1847 Ecclesiam

2177 1886 2490 1955 positorum.
2524 1883 2675 1939 Unde
2702 1884 2782 1939 eis
2810 1892 2865 1938 et
2897 1883 2996 1939 hoc
3022 1885 3194 1953 ipsum
3221 1883 3341 1953 ejus
3370 1885 3533 1939 etiam
3573 1899 3756 1941 nomen

2175 1981 2440 2050 congruit.
2471 1978 2601 2034 Nam
2634 1978 2877 2049 quamvis
2905 1979 3057 2047 juxta
3081 1978 3351 2033 dominica
3383 1986 3642 2047 prmeepta
3663 1994 3757 2034 non

2175 2074 2376 2137 vivant,
2415 2071 2580 2125 Deum
2616 2080 2795 2125 tamen
2839 2069 3118 2125 dominum
3166 2085 3288 2126 esse
3344 2078 3757 2140 rec0gnoscuot;

2176 2166 2297 2237 quia
2332 2165 2382 2219 iu
2413 2164 2640 2218 veritate
2667 2165 2845 2218 carnis
2872 2163 3036 2217 etiam
3070 2161 3295 2217 formam
3324 2162 3554 2217 Deitatis
3582 2160 3761 2215 intelli-

2175 2266 2327 2330 gunt,
2357 2258 2496 2312 sicut
2522 2272 2617 2327 per
2641 2256 2964 2325 PrOphetam
2994 2255 3190 2310 dicitur
3233 2273 3253 2313 ι
3279 2255 3479 2311 Scitote
3509 2254 3641 2326 quod
3669 2253 3766 2308 Do-

2176 2354 2340 2405 minus
2374 2351 2484 2418 ipse
2511 2359 2584 2404 est
2626 2347 2760 2409 Deus
2802 2347 2979 2420 (Psnl.
3018 2363 3162 2411 καί,
3207 2349 3288 2416 5).
3334 2346 3599 2402 Bal-achel
3647 2360 3766 2421 vero

2178 2445 2584 2513 interpretatum
2615 2442 2814 2497 dicitur
2854 2451 2879 2489 ε
2924 2440 3230 2496 benedictio
3274 2440 3407 2509 Dei,
3439 2438 3647 2494 Buzites
3681 2452 3769 2493 au-

2180 2550 2285 2595 tem
2326 2536 2770 2605 contemptibilis.
2815 2534 2968 2602 Quod
3015 2522 3333 2604 arroganter
3367 2526 3769 2602 praedicantibus

2179 2634 2317 2688 bene
2360 2643 2648 2699 utrumque
2690 2629 3000 2691 concordat,
3041 2628 3164 2697 quia
3196 2627 3248 2680 in
3281 2625 3677 2695 praedicationis
3703 2623 3772 2678 fa-

2179 2724 2374 2780 cundia
2406 2723 2832 2778 benedictionem
2878 2719 3092 2790 quidem
3133 2720 3321 2792 gratize
3366 2719 3569 2774 divinae
3606 2717 3769 2787 perci-

2179 2820 2349 2889 piunt,
2382 2818 2474 2874 sed
2504 2819 2556 2872 in
2583 2816 2737 2872 elatis
2764 2816 2875 2870 suis
2899 2816 3134 2869 moribus
3157 2828 3278 2869 esse
3303 2829 3425 2867 eain
3457 2809 3772 2882 contempti-

2180 2911 2341 2966 bilem
2373 2909 2685 2965 ostendunt.
2722 2909 2837 2977 Ipsa
2865 2907 3060 2977 quippe
3092 2922 3209 2973 qum
3249 2914 3584 2976 acceperunt
3623 2904 3771 2968 bona,

2180 3018 2247 3061 eo
2272 3004 2619 3074 despicabilis
2648 3002 2873 3067 faciunt,
2912 3016 3018 3069 quo
3056 3016 3396 3071 nequaquam
3425 3000 3507 3055 eis
3536 3001 3670 3055 bene
3699 2997 3767 3051 uti

2183 3107 2470 3154 noverunt.
2504 3101 2641 3166 Apte
2669 3104 2848 3150 autem
2877 3097 3035 3149 etiam
3076 3093 3143 3148 de
3185 3095 3513 3163 Cognatione
3545 3091 3676 3145 Ram
3704 3089 3778 3143 di-

2183 3191 2340 3246 citur.
2373 3190 2507 3245 Ram
2534 3190 2730 3260 quippe
2776 3189 3157 3257 interpretatur
3200 3188 3482 3243 excelsus.
3526 3185 3776 3240 Excelsus

2184 3298 2416 3353 namque
2444 3292 2526 3337 est
2556 3281 2787 3336 ﬁdelium
2820 3281 3065 3351 populus,
3108 3281 3195 3349 qui
3240 3279 3400 3350 hujus
3444 3278 3571 3334 vitae
3612 3279 3781 3333 intima

2184 3385 2239 3433 et
2278 3377 2482 3447 abjecta
2527 3376 2842 3431 contemnit.
2880 3374 3090 3429 Escelsi
3140 3383 3267 3429 sunt
3307 3375 3401 3445 qui
3433 3375 3617 3429 dicere
3666 3386 3781 3428 cum

2187 3471 2351 3526 Paulo
2398 3479 2663 3524 noverunt
2709 3488 2721 3522 :
2760 3466 2789 3505 ιι
2833 3469 3028 3524 Nostra
3073 3470 3385 3522 conversatio
3426 3468 3482 3520 in
3529 3467 3670 3521 (telis
3714 3471 3785 3517 est

2186 3563 2412 3636 (Philip.
2444 3579 2524 3629 Ill,
2552 3563 2670 3633 20).
2702 3563 2818 3619 Elin
2846 3563 3025 3635 itaque
3046 3562 3113 3618 de
3134 3562 3462 3633 cognatione
3490 3561 3626 3615 llam
3658 3559 3785 3615 dici-

2188 3666 2293 3721 tur,
2350 3656 2472 3725 quia
2533 3656 2898 3726 unusquisque
2958 3655 3277 3725 praedic-tor
3325 3669 3600 3724 arrogans
3657 3652 3789 3706 intra

2186 3748 2543 3804 universalem
2576 3748 2873 3803 Ecclesiam
2909 3750 3134 3815 positus,
3178 3748 3381 3802 sanctis
3410 3746 3635 3817 populis
3670 3742 3789 3799 tidei

2185 3840 2412 3897 veritate
2456 3842 2713 3906 sociatur,
2761 3842 3004 3909 quamvis
3054 3842 3121 3893 ab
3166 3855 3350 3896 eorum
3386 3839 3496 3894 vita
3540 3835 3792 3894 elationis

2188 3936 2455 4005 pravitate
2484 3934 2845 4003 disjungatur.
2875 3933 3168 4000 Sequitur:

2644 4023 2870 4079 CAPUT
2910 4023 2974 4079 ιιι
3015 4022 3163 4097 [ηερ.
3192 4020 3336 4093 un.

2265 4120 2427 4177 Vens.
2467 4120 2522 4185 2,
2564 4118 2710 4183 5.-—_
2741 4117 2911 4172 Iratus
2953 4126 3028 4171 est
3076 4125 3245 4169 autent
3286 4114 3540 4168 adt-ersus
3573 4112 3698 4178 Job,
3744 4125 3799 4165 eo

2188 4212 2327 4283 quod
2365 4216 2566 4286 justum
2615 4227 2667 4265 se
2715 4210 2902 4264 diceret
2950 4225 3123 4263 coram
3164 4208 3288 4261 Deo.
3336 4205 3512 4260 Porro
3557 4206 3803 4260 adversus

2190 4306 2380 4360 amicos
2426 4307 2536 4376 ejus
2571 4304 2868 4376 indignatus
2907 4312 3013 4371 est,
3054 4319 3113 4356 eo
3153 4301 3290 4371 quod
3329 4319 3431 4353 non
3490 4301 3804 4355 invenissent

2189 4392 2568 4472 responsionem
2605 4398 2985 4467 rationabilem,
3031 4399 3120 4452 sed
3157 4398 3522 4452 tantummodo
3558 4398 3803 4452 condent-

2192 4502 2392 4559 nassent
2416 4492 2538 4549 Job.

2265 4586 2352 4643 10.
2395 4585 2468 4639 Hi
2507 4586 2663 4641 simul
2695 4586 2955 4641 Iuereticos
2991 4592 3223 4656 premunt
3255 4592 3389 4638 recte
3426 4583 3807 4652 praedicando,

2191 4687 2237 4733 et
2266 4676 2554 4735 Ecclesium
2593 4680 2954 4752 superbiendo.
2978 4706 3047 4720 —
3070 4678 3313 4734 Solerter
3339 4677 3677 4732 intuendum
3731 4686 3808 4733 est

2191 4773 2336 4844 quod
2379 4775 2597 4831 beatum
2625 4775 2727 4830 Job
2756 4775 2877 4830 ideo
2916 4774 3258 4844 reprehendit
3288 4772 3429 4844 quod
3469 4789 3667 4828 coratn
3700 4773 3809 4827 Deo

2190 4881 2251 4922 se
2289 4866 2491 4934 justum
2538 4881 2661 4922 esse
2701 4865 2928 4933 dixerit;
2980 4868 3181 4921 amicos
3219 4881 3348 4922 vero
3391 4864 3518 4936 ejus
3567 4867 3698 4921 ideo
3731 4880 3811 4920 re-

2190 4959 2427 5030 darguit,
2494 4959 2636 5028 quod
2699 4959 3125 5015 condemnantes
3188 4975 3311 5015 eum
3379 4962 3812 5030 responsionem

2190 5062 2374 5108 contra
2417 5052 2566 5107 illum
2595 5051 2962 5108 rationabilem
2994 5068 3099 5109 non
3126 5054 3410 5111 dederunt.
3465 5055 3602 5110 Istis
3653 5070 3814 5110 nam-

2196 5160 2301 5216 que
2343 5143 2554 5201 indiciis
2597 5154 2782 5214 aperte
2809 5146 3083 5218 colligitur
3123 5146 3265 5217 quod
3298 5162 3390 5217 per
3416 5161 3551 5202 eum
3587 5148 3813 5217 species

2197 5244 2493 5293 amatorum
2536 5252 2684 5293 vana:
2723 5237 2906 5308 gloriae
2946 5238 3276 5309 designatur.
3328 5237 3430 5293 Job
3481 5238 3700 5309 quippe
3751 5237 3817 5293 ds

2199 5340 2525 5403 praesumpta
2566 5331 2793 5403 iustitia,
2848 5332 3049 5388 amicos
3094 5346 3223 5387 vero
3262 5331 3381 5402 ejus
3409 5329 3479 5385 de
3513 5331 3690 5386 stulta
3727 5346 3814 5389 re.-

2277 5466 2303 5505 ἀ
2346 5468 2549 5533 Balnz.,
2585 5476 2639 5523 et
2663 5468 2840 5536 Colb.,
2873 5467 3210 5521 taciturnitas.

2282 5548 2305 5576 ε
2346 5540 2527 5594 Norm.
2556 5551 2605 5593 et
2634 5539 2814 5604 Vind.,
2846 5540 2939 5592 sibi
2965 5554 3071 5591 esse
3092 5536 3368 5590 videretur.

2282 5607 2300 5647 τ
2342 5610 2494 5666 Unus
2523 5626 2589 5664 ex
2615 5610 2846 5676 Ebrnic.,
2877 5620 3052 5663 contra
3076 5619 3303 5662 sanctam
3332 5604 3660 5664 Ecclesium.
3687 5604 3797 5662 Vin

2203 5681 2324 5739 doc.
2349 5691 2407 5740 et
2428 5681 2517 5736 alii
2551 5681 2758 5746 Norm.,
2790 5683 2927 5735 intra
2966 5689 3197 5735 sanctam
3233 5676 3547 5731 Ecclesium.

2277 5762 2303 5823 ti
2350 5751 2565 5823 Vindoc.
2597 5753 2911 5823 etpleriqne
2940 5751 3146 5813 Nomm,
3178 5747 3457 5823 benedictio
3488 5746 3745 5805 Domini.

2280 5820 2307 5860 ιι
2350 5822 2599 5895 Vindoc.,
2628 5832 2800 5880 nostra
2826 5820 2999 5879 autem
3027 5820 3363 5876 conversatio.

3761 5882 3792 5905 κ

3896 292 3897 341 1

3898 368 3899 437 1

3900 444 3901 501 1

3902 520 3903 577 1

3904 598 3905 649 1

3906 674 3907 729 1

3908 750 3909 797 1

3912 980 3917 1121 1

3924 1362 3925 1407 1

3926 1438 3927 1473 1

3932 1666 3933 1703 1
