4066 6348
280 298 379 352 257

279 410 568 484 sponsione
592 408 882 479 redarguit.
912 406 1102 465 Cuncti
1132 410 1273 465 enim
1301 425 1449 465 vana!
1476 411 1659 479 gloria:
1690 419 1862 465 secta—
1891 404 1944 466 Δ

278 516 444 569 tores,
479 514 505 543 ι
537 505 665 560 dum
710 519 771 560 se
814 504 1060 559 omnibus
1107 504 1414 574 praeferunt,
1466 504 1601 560 alios
1646 504 1858 574 quidem

277 599 341 655 de
374 601 531 654 fatuis
571 596 837 663 sensibus,
883 597 1018 653 alios
1046 604 1223 652 autem
1269 596 1337 652 de
1385 595 1617 668 indignis
1658 596 1861 653 meritis

276 691 708 763 reprehendunt;
752 690 804 745 id
829 700 930 757 est,
954 690 1088 745 alios
1126 698 1351 745 censent
1380 688 1510 743 nihil
1534 689 1692 755 scire,
1726 688 1861 743 alios

274 800 382 841 non
440 786 578 841 bene
633 784 840 840 vivere.
908 783 975 837 Et
1013 783 1254 854 quamvis
1289 782 1431 852 juste
1487 797 1675 837 omnes
1712 790 1859 837 extra

274 876 571 932 Ecclesiam
622 874 824 946 positos
862 888 1025 944 prava
1060 874 1263 930 sentire
1307 875 1650 945 redarguant,
1684 884 1860 930 tamen

275 971 435 1027 etiam
476 984 572 1026 eos
598 970 686 1039 qui
736 969 881 1024 intus
908 978 1030 1023 sunt
1061 983 1160 1034 pro
1188 968 1313 1023 vita:
1342 967 1596 1036 despectu
1622 978 1861 1024 contem-

274 1073 427 1131 nunt,
455 1071 509 1117 et
540 1072 723 1117 contra
752 1062 873 1117 illos
907 1076 969 1116 es
1001 1060 1365 1132 magnitudine
1401 1069 1546 1116 recte
1571 1062 1859 1128 sentiendi,

274 1166 460 1211 contra
510 1154 643 1211 istos
671 1170 798 1210 vero
828 1150 979 1225 quasi
1016 1134 1085 1209 lex
1126 1156 1318 1210 merito
1348 1155 1483 1210 bene
1514 1155 1727 1210 vivendi
1768 1171 1861 1211 su-

268 1246 553 1315 perbiunt.
576 1243 721 1319 [Vet.
760 1243 887 1317 VL]
920 1246 1063 1301 Bene
1101 1258 1277 1301 autem
1309 1247 1422 1301 Eliu
1446 1249 1619 1315 ,modo
1649 1247 1860 1303 beatum

271 1336 394 1403 Job,
428 1336 588 1391 modo
633 1339 835 1392 amicos
882 1337 1000 1404 ejus
1044 1335 1323 1407 increpare
1376 1339 1710 1408 perhibetur,
1740 1333 1861 1410 quia

272 1441 542 1488 amatores
561 1447 711 1486 vanas
739 1432 924 1502 glorias
944 1432 1230 1502 aliquando
1260 1435 1395 1488 intra
1414 1444 1654 1488 sanctam
1680 1434 1863 1489 Eccle-

268 1526 403 1580 siam
454 1524 755 1591 constituti,
785 1534 842 1581 et
870 1525 1205 1593 adversarios
1255 1535 1526 1594 premunt,
1576 1525 1702 1579 dum
1736 1539 1860 1580 vera

268 1617 583 1688 praldicant,
650 1628 704 1672 et
765 1618 1003 1690 ejusdem
1065 1628 1263 1674 sanctae
1304 1618 1560 1674 Ecclesiae
1622 1619 1862 1674 moribus

269 1711 660 1780 contradicunt,
697 1712 820 1767 dum
859 1710 928 1765 de
968 1711 1082 1780 ipsa
1125 1713 1502 1782 prmdicatione
1542 1714 1857 1779 gloriantur.

1018 292 1388 385 -MORALIUM
1428 292 1557 351 LIB.
1599 292 1880 352 XXIII.‘-—-
1918 289 1983 347 IN
2022 288 2251 350 CAPUT
2292 291 2489 350 XXXII
2527 291 2588 349 Β.
2628 289 2767 349 JOB.

3448 294 3555 351 258

2593 403 2820 461 CAPUT
2858 403 2925 459 ν.
3524 398 3529 401 ’

2038 475 2200 531 Vens.
2242 475 2297 541 6,
2337 476 2390 532 7.
2414 506 2482 523 α-
2507 476 2930 547 Respondensque
2959 474 3081 532 Elin
3123 477 3262 547 ﬁlius
3304 475 3556 535 Beracltel

1966 563 2196 633 Buzites,
2227 567 2358 621 dixit
2386 583 2405 621 :
2434 566 2621 622 Junior
2658 584 2772 623 sum
2802 578 3063 639 tempore,
3092 585 3179 625 vos
3216 579 3389 625 autem
3416 571 3556 624 anti-

1964 665 2197 733 quiores;
2237 663 2430 717 idcirco
2467 665 2685 719 demisso
2732 666 2901 733 capite
2942 666 3128 720 veritus
3166 682 3279 721 sum
3323 665 3560 721 indicare

1964 755 2103 811 vobis
2152 774 2319 812 meam
2357 758 2682 812 sententiam.
2746 757 3033 829 Sperabam
3076 760 3389 829 enim.quod
3432 770 3558 815 retas

1964 851 2218 922 prolixior
2267 850 2586 922 loqueretur,
2631 860 2679 907 et
2724 869 2977 908 annorum
3037 854 3314 910 multitudo
3358 855 3561 909 doceret

1965 944 2289 1013 sapientiam.
2772 1000 2788 1025 ,

2038 1034 2126 1089 12.
2172 1035 2387 1103 Tacere,
2421 1052 2557 1107 sirpe
2584 1046 2657 1092 est
2684 1053 2885 1107 sapere.
2907 1068 2977 1080 —
2998 1038 3201 1095 Cuncta
3246 1040 3394 1108 haec,
3436 1053 3556 1111 qua

1964 1128 2032 1182 ab
2070 1144 2136 1184 eo
2174 1143 2270 1201 per
2309 1124 2883 1202 tumorem'superbiaa
2922 1133 3287 1205 proferuntur,
3353 1137 3555 1191 cursim

1965 1221 2139 1290 potius
2164 1225 2565 1305 perstringenda
2591 1233 2715 1280 sunt
2741 1240 2899 1296 quam
2929 1228 3186 1283 attentius
3214 1229 3557 1297 exponenda.

1963 1311 2093 1379 Quas
2143 1316 2284 1370 enim
2330 1317 2599 1372 soliditate
2639 1319 2919 1387 gravitatis
2962 1328 3166 1387 carent,
3208 1321 3561 1391 expositionis

1963 1407 2259 1462 subtilitate
2290 1424 2396 1462 non
2429 1409 2691 1481 indigent.
2724 1410 2833 1467 Sed
2861 1413 3035 1465 solum
3070 1422 3197 1481 puto
3221 1412 3455 1470 breviter
3486 1415 3562 1471 in-

1964 1499 2260 1554 timandum
2292 1501 2433 1570 quod
2474 1502 2590 1556 Eliu
2627 1490 2862 1573 quandiu
2908 1519 3005 1572 pro
3032 1505 3205 1561 astatis
3230 1519 3342 1561 suae
3371 1522 3561 1577 respe-

1962 1600 2050 1647 ctu
2079 1593 2261 1659 tacuit,
2291 1594 2582 1665 sapientior
2606 1595 2732 1661 l'uit;
2767 1613 2889 1652 cum
2916 1614 3041 1654 vero
3069 1599 3121 1654 in
3150 1600 3268 1655 aliis
3294 1616 3558 1656 annorum

1963 1684 2380 1769 multitudinem,
2405 1689 2751 1760 semetipsum
2782 1688 3371 1781 prmlerenskdespicit,
3399 1709 3561 1764 quam

269 1805 528 1862 l’remunt
565 1808 902 1864 adversarios
934 1809 1128 1865 virtute
1166 1809 1314 1873 dicti,
1345 1816 1595 1877 premunt
1622 1814 1860 1861 sanctam

1968 1777 2244 1847 pueriliter
2291 1780 2519 1850 desipiat
2565 1783 2822 1838 ostendit.
2878 1784 3010 1838 Nam
3056 1777 3244 1841 contra
3284 1789 3401 1857 ejus
3439 1804 3563 1845 sen-

269 1898 561 1953 Ecclesiam
593 1901 851 1971 qualitate
879 1902 1113 1958 dicendi.
1160 1903 1285 1956 Illos
1315 1901 1694 1969 prmdiratione
1725 1902 1864 1956 veri-

269 1992 420 2060 tatis,
452 1992 607 2049 istam
631 1995 760 2050 vitio
784 1996 1038 2051 ehtionis
1068 1998 1399 2067 impugnant.
1429 1994 1717 2064 Sequitur:

344 2085 503 2142 Vens.
540 2087 594 2153 4,
628 2086 679 2141 5.
705 2117 777 2130 —
808 2086 979 2158 Igitur
1009 2087 1133 2142 Eliu
1172 2092 1478 2157 exspectavit
1507 2086 1607 2140 Job
1651 2087 1863 2156 loquen-

266 2188 401 2246 tem,
431 2195 490 2233 eo
536 2180 673 2250 quod
718 2181 943 2237 seniores
990 2191 1152 2236 essent
1205 2182 1292 2251 qui
1334 2180 1689 2250 loquebantur.
1734 2179 1863 2233 Cum

264 2284 438 2326 au'em
475 2273 678 2327 vidisset
708 2271 734 2311 ι)
760 2274 898 2343 quod
937 2283 1037 2329 tres
1074 2273 1377 2345 respondere
1419 2289 1519 2327 non
1561 2274 1861 2343 potuissent,

263 2369 431 2424 iratus
462 2379 537 2423 est
568 2368 899 2426 vehementer.

340 2461 430 2516 Η.
472 2460 595 2515 Non
624 2462 723 2517 nisi
757 2474 868 2533 post
911 2463 1261 2533 hwreticorum
1305 2461 1586 2516 certamina
1627 2460 1864 2529 prodiere

265 2556 408 2608 acuti
441 2572 619 2611 sensus
646 2566 695 2613 et
725 2559 1019 2627 perplexior
1047 2559 1236 2630 indaga
1264 2557 1549 2613 verborum.
1578 2587 1644 2596 —
1665 2556 1864 2623 Quam-

264 2650 351 2705 vis
388 2662 569 2705 sancta
602 2651 840 2707 Ecclesia
870 2652 943 2707 sit
971 2652 1157 2722 procul
1197 2652 1358 2707 dubio
1402 2651 1723 2706 adversariis
1752 2653 1861 2707 suis

265 2742 562 2813 antiquior,
594 2743 715 2815 quia
747 2745 814 2802 de
852 2746 938 2800 illa
983 2746 1110 2814 ipsi,
1146 2762 1251 2799 non
1284 2748 1458 2800 autem
1489 2745 1617 2799 exiit
1642 2745 1757 2812 ipsa
1795 2743 1864 2798 de

263 2833 405 2899 illis,
450 2836 588 2890 sicut
630 2837 697 2891 de
739 2841 817 2891 eis
844 2846 952 2906 ‘per
992 2836 1253 2892 Joannem
1294 2837 1457 2908 736
1498 2836 1695 2898 dicitur
1732 2854 1744 2888 :
1779 2834 1864 2889 Ea:

264 2925 414 2979 nobis
436 2927 689 2994 exierunt,
715 2927 806 2982 sed
834 2946 933 2981 non
957 2939 1105 2981 erant
1130 2945 1194 2982 ea:
1222 2928 1365 2981 nobis
1386 2924 1437 2997 (Ι
1460 2925 1617 2981 Joan.
1659 2942 1720 2992 tt,
1749 2926 1861 2997 19);

214 3053 222 3059 -
264 3028 418 3073 recte
447 3028 623 3093 tamen
646 3019 846 3075 eisdem
870 3019 1191 3076 adversariis
1222 3019 1337 3073 Elin
1362 3019 1544 3089 junior
1576 3019 1741 3074 fuisse
1768 3020 1864 3075 de-

266 3109 542 3175 scribitur,
584 3110 706 3179 quia
748 3112 1061 3165 nimirum-c
1100 3122 1218 3181 post
1260 3120 1449 3166 exorta
1488 3111 1860 3167 haereticorum

1968 1872 2186 1928 tentiam
2234 1882 2288 1929 et
2325 1883 2456 1930 aetas
2497 1876 2755 1944 prolixior
2785 1878 3034 1946 loquitur,
3066 1888 3120 1935 et
3163 1895 3258 1947 per
3293 1896 3559 1937 annorum

1968 1966 2361 2022 multitudinem
2392 1969 2658 2037 sapientia
2689 1968 2935 2037 docetur,
2968 1971 3092 2041 quia
3118 1974 3218 2026 etsi
3249 1973 3561 2042 longaevilas

1967 2072 2186 2113 sensum
2229 2074 2334 2114 non
2376 2061 2602 2130 praebet,
2626 2057 2652 2097 ἀ
2681 2074 2782 2115 usu
2825 2068 3001 2117 tamen
3026 2064 3373 2118 vehementer
3409 2078 3561 2120 exer-

1968 2160 2074 2209 cet.
2092 2134 2359 2224 iSequitur
2380 2171 2396 2209 :

2427 2247 2655 2306 CAPUT
2698 2247 2765 2304 Vl
2804 2248 2953 2321 meo.
2987 2234 3120 2323 Iv].

2043 2340 2201 2396 Vens.
2245 2339 2298 2397 8.
2324 2371 2394 2381 —
2417 2340 2544 2407 Sed,
2573 2350 2627 2395 ut
2649 2340 2810 2409 video,
2836 2342 3046 2411 spiritus
3068 2351 3141 2398 est
3165 2346 3220 2398 in
3241 2342 3557 2412 hominibus,

1966 2444 2013 2487 et
2043 2434 2315 2501 inspiralio
2349 2434 2722 2502 Omnipotentis
2746 2435 2834 2488 dat
2862 2438 3273 2509 intelligentiam.

2039 2527 2130 2583 15.
2156 2527 2389 2593 Quatuor
2408 2530 2599 2599 species
2629 2529 2843 2582 tumoris
2873 2529 2926 2582 in
2952 2533 3312 2603 arrogantibus
3331 2551 3352 2589 :
3375 2536 3562 2605 prima,

1967 2621 2153 2677 bonum
2192 2640 2224 2677 a
2267 2625 2536 2693 semetipso
2574 2623 2765 2679 habere
2811 2642 2882 2680 seu
2911 2627 3145 2694 credere;
3185 2630 3432 2696 secunda,
3470 2632 3563 2687 sibi

1969 2731 2064 2783 pro
2100 2716 2206 2769 suis
2249 2718 2441 2770 meritis
2472 2715 2884 2772 daturin-Gratia
2914 2735 3015 2773 non
3045 2722 3201 2774 datur
3228 2738 3319 2792 pro
3350 2723 3563 2778 meritis.

1967 2807 2142 2862 Tertia
2179 2808 2365 2862 bonum
2400 2809 2615 2881 aliquod
2648 2810 2783 2882 falso
2820 2813 2920 2866 sibi
2958 2814 3212 2882 tribuere;
3249 2827 3436 2887 quarta
3470 2819 3565 2872 sibi

1964 2903 2098 2971 soli,
2130 2902 2377 2969 despectis
2412 2903 2613 2957 ‘cwteris
2632 2944 2645 2966 ,
2676 2903 2810 2956 illud
2848 2904 3124 2960 vindicare.
3155 2938 3226 2949 —
3256 2906 3381 2979 licet:
3419 2916 3566 2963 recte

1967 2996 2173 3050 diceret
2219 2995 2267 3049 si
2307 2996 2550 3050 eamdem
2604 2995 3010 3067 intelligentiam
3061 2997 3160 3053 sibi
3203 3015 3313 3070 prze
3351 3000 3566 3057 casteria
3642 3042 3647 3051 .

1967 3104 2071 3146 non
2103 3101 2399 3161 arrogaret.
2444 3088 2630 3160 Neque
2674 3092 2819 3145 enim
2868 3106 3028 3162 prava
3068 3094 3449 3152 condemnatio
3481 3102 3566 3151 est

266 3200 428 3268 bella,
447 3216 566 3257 esse
595 3204 732 3257 intra
758 3214 995 3257 sanctam
1024 3202 1317 3257 Ecclesiam
1349 3202 1485 3257 fastu
1512 3203 1749 3258 scientia;
1777 3205 1861 3258 in-

1967 3197 2035 3237 ex
2063 3196 2129 3237 eo
2163 3183 2303 3236 bono
2330 3181 2471 3253 quod
2503 3184 2863 3238 communiter
2888 3184 3046 3239 datur
3087 3186 3293 3257 private
3322 3187 3565 3257 gloriari,

266 3294 381 3348 ﬂati
426 3303 739 3365 arrogantes
788 3304 1089 3366 cmperunt.
1119 3295 1254 3351 Cum
1299 3296 1440 3351 enim
1489 3298 1735 3365 graviora
1768 3299 1865 3353 ho-

266 3389 429 3442 stium
458 3391 707 3459 prodiere
745 3390 1060 3454 certamina,
1098 3398 1223 3444 tunc
1257 3396 1383 3443 sunt
1426 3390 1667 3458 profecto
1695 3391 1867 3445 subti-

264 3476 402 3535 liora
434 3496 686 3537 seusuum
718 3480 924 3549 spicula
955 3481 1240 3549 requisita,
1275 3489 1399 3535 tunc
1427 3492 1864 3549 argumentorum

266 3575 571 3641 obstacula,
618 3586 741 3631 tunc
790 3577 1095 3645 perplexior
1141 3576 1339 3647 indago
1384 3577 1693 3632 verborum.
1736 3578 1866 3643 Quae

266 3680 416 3737 saepe
441 3669 539 3721 viri
573 3668 841 3728 ferventes
874 3669 1112 3737 ingenio,
1144 3670 1270 3723 dum
1300 3684 1535 3737 congrue
1570 3671 1864 3736 inveniunt,

268 3770 584 3829 arroganter
625 3761 1024 3827 intumescunt;
1066 3772 1141 3825 et,
1181 3763 1322 3831 quod
1367 3778 1461 3831 per
1502 3762 1750 3817 elationis
1780 3763 1866 3833 qvi-

269 3852 404 3904 tium
448 3852 761 3922 plerumque
807 3855 1105 3922 contingit,
1169 3854 1357 3908 iisdem
1409 3856 1578 3910 acutis
1619 3855 1868 3910 sensibus

268 3939 464 4010 quibus
511 3941 717 3998 hostem
771 3942 988 4008 feriunt,
1040 3952 1472 4013 prosternuntur,
1508 3947 1647 3999 dum-
1684 3947 1735 4000 in
1783 3946 1865 4002 bis

268 4047 392 4103 qua:
432 4041 579 4089 recte
606 4033 673 4089 de
706 4034 815 4090 Deo
844 4035 1101 4102 sentiunt,
1136 4050 1243 4089 non
1277 4035 1393 4099 Dei,
1441 4037 1534 4090 sed
1563 4052 1711 4091 suam
1753 4037 1869 4109 glo-

268 4125 406 4180 riam
432 4135 699 4195 quaerunt.
744 4124 897 4181 Unde
927 4125 1050 4180 Elin
1079 4141 1287 4197 quoque
1337 4128 1498 4181 multa
1533 4128 1749 4198 quidem
1781 4145 1867 4184 re-

268 4223 358 4271 cte
400 4216 654 4287 loquitur,
697 4226 752 4273 et
791 4225 966 4273 tamen
1004 4216 1182 4271 divina
1227 4232 1376 4282 voce,
1422 4232 1487 4272 ac
1526 4219 1568 4271 si
1617 4234 1866 4287 perversa

270 4306 487 4371 dixerit,
526 4308 852 4379 increpatur.
887 4307 1021 4364 Cum
1053 4324 1182 4365 vero
1224 4309 1421 4365 dicitur
1448 4309 1570 4379 quia
1617 4312 1737 4364 Elin
1775 4327 1868 4367 ex-

269 4402 543 4471 spectavit
576 4402 678 4458 Job
723 4403 1054 4473 loquentem,
1104 4418 1171 4459 eo
1216 4403 1357 4473 quod
1404 4406 1644 4459 seniores
1683 4413 1869 4461 essent

271 4493 365 4564 qui
414 4493 772 4564 loquebantur
800 4536 815 4561 ,
850 4504 1069 4567 aperte
1107 4494 1267 4549 beato
1303 4495 1406 4550 Job
1444 4510 1549 4551 non
1592 4512 1688 4565 pro
1727 4513 1821 4552 sua
1850 4539 1864 4564 ,

1970 3276 2109 3332 scire
2145 3277 2345 3332 bonum
2400 3277 2541 3333 unde
2589 3281 2894 3349 acceperit,
2953 3289 3008 3337 et
3053 3282 3262 3340 nescire
3298 3282 3569 3355 quomodo

1971 3370 2112 3427 bono
2150 3372 2227 3427 uti
2267 3372 2458 3428 debeat
2498 3374 2639 3443 quod
2679 3374 2904 3444 accepit.
2944 3362 3092 3448 [γει.
3130 3371 3293 3448 HL]
3322 3376 3567 3443 Quatuor

1971 3466 2166 3535 quippe
2192 3475 2317 3521 sunt
2341 3466 2551 3537 species
2573 3467 2766 3536 quibus
2795 3465 2972 3523 omnis
3000 3476 3180 3521 tumor
3201 3469 3566 3538 arrogantium

1970 3564 2388 3621 demonstratur,
2434 3572 2557 3614 cum
2592 3548 2789 3613 bonum
2819 3568 2910 3613 aut
2961 3573 2992 3612 a
3022 3559 3332 3628 semetipsis
3364 3557 3566 3615 habere

1970 3666 2030 3705 se
2061 3651 2363 3714 aestimant,
2433 3658 2527 3704 aut
2586 3650 2631 3704 si
2669 3650 2767 3704 sibi
2808 3650 2992 3705 datum
3033 3650 3267 3718 desuper
3306 3652 3557 3715 credunt.

1972 3758 2068 3813 pro
2112 3743 2226 3799 suis
2264 3757 2323 3798 se
2367 3741 2467 3798 hoc
2496 3742 2766 3812 accepisse
2808 3742 3014 3797 meritis
3045 3750 3269 3811 putant;
3296 3752 3386 3797 aut
3416 3752 3567 3799 certe

1969 3850 2091 3889 cum
2127 3834 2335 3907 jactant
2373 3850 2432 3891 se
2471 3836 2668 3890 habere
2704 3834 2845 3906 quod
2884 3850 2992 3890 non
3034 3834 3279 3903 habent;
3317 3845 3429 3903 aut,
3471 3835 3567 3891 de.

1971 3930 2170 3999 spectis
2210 3929 2446 3995 caeteris,
2482 3927 2828 3997 singulariter
2865 3928 3037 3983 videri
3060 3936 3333 3998 appetunt
3369 3928 3567 3984 habere

1969 4021 2111 4092 quod
2136 4020 2353 4075 habent.
2385 4021 2426 4074 A
2457 4019 2745 4088 semetipso
2766 4018 2909 4075 enim
2941 4020 3140 4075 bonum
3170 4004 3230 4075 se
3257 4018 3458 4075 habere
3480 4018 3566 4089 ja-

1970 4117 2171 4183 ctabat,
2200 4115 2284 4170 cui
2312 4130 2406 4185 per
2432 4115 2748 4185 Apostolum
2779 4114 2977 4170 dicitur
3006 4131 3020 4169 :
3051 4115 3191 4180 Quid
3210 4123 3384 4170 autem
3411 4115 3566 4171 habes

1968 4212 2111 4283 quod
2142 4227 2243 4265 non
2272 4211 2548 4279 accepisti,
2570 4211 2730 4283 737
2753 4210 2880 4281 quid
2908 4209 3148 4283 gloriaris
3175 4213 3324 4280 quasi
3354 4227 3453 4266 non
3480 4227 3566 4266 ac-

1969 4305 2165 4376 ceperis
2197 4302 2256 4375 (I
2282 4302 2406 4357 Cor.
2432 4319 2505 4371 ιν,
2530 4303 2559 4355 7
2580 4304 2643 4374 )7
2674 4302 2905 4361 Rursum
2933 4320 3002 4359 ne
3032 4306 3150 4359 dari
3180 4304 3335 4360 nobis
3366 4305 3566 4363 bonum

1970 4402 2159 4473 gratiae
2184 4414 2283 4470 pro
2299 4400 2497 4453 nostris
2516 4398 2950 4469 praecedentibus
2970 4398 3179 4454 meritis
3199 4382 3565 4469 crederemus,

1975 4493 2117 4547 idem
2146 4492 2439 4560 Apostolus
2467 4490 2762 4555 admonet,
2807 4489 3042 4545 dicens:
3086 4489 3268 4545 Gratia
3307 4492 3427 4546 estis
3464 4494 3568 4547 sal-

272 4585 369 4641 sed
410 4601 507 4654 pro
544 4588 835 4642 amicorum
892 4586 1195 4642 reverentia
1249 4585 1507 4641 honorem
1552 4602 1864 4653 reservasse

1970 4585 2077 4639 vati
2104 4601 2192 4654 per
2225 4584 2410 4652 ﬁdem,
2441 4592 2490 4637 et
2518 4581 2613 4636 Itoc
2640 4597 2745 4637 non
2770 4596 2834 4637 ex
2863 4582 3003 4636 vobis
3022 4627 3037 4651 ,
3073 4591 3096 4619 ε
3127 4582 3217 4637 sed
3247 4580 3344 4637 Dei
3374 4583 3566 4638 donum

271 4689 627 4746 monstratur,
674 4681 796 4751 quia
846 4679 1093 4736 videlicet
1140 4688 1458 4749 arrogantes
1508 4678 1649 4733 intra
1707 4680 1865 4748 positi
1931 4744 1940 4760 .
1974 4685 2051 4732 est
2072 4717 2088 4743 ,
2121 4693 2222 4731 non
2248 4693 2313 4732 ea:
2344 4675 2612 4746 operibus,
2646 4685 2702 4729 ut
2730 4691 2793 4729 ne
2818 4675 2933 4747 quis
2962 4675 3211 4746 glorietur
3239 4674 3458 4746 (Ephes.
3490 4691 3528 4733 ιι
3549 4716 3566 4746 ,

271 4770 518 4827 eamdem
548 4781 785 4826 sanctam
813 4770 1131 4834 Ecclesiam,
1164 4785 1322 4839 quam
1346 4768 1661 4836 defendunt,
1687 4770 1883 4839 despis
1975 4768 2066 4839 8).
2108 4769 2209 4837 Qui
2248 4768 2411 4824 etiam
2454 4770 2521 4824 de
2559 4769 2854 4839 semetipso
2888 4770 2966 4825 ait
2993 4787 3007 4825 :
3054 4770 3155 4838 Qui
3186 4771 3329 4841 prius
3353 4771 3430 4838 fui
3460 4772 3568 4826 bla-

270 4861 450 4927 ciunt;
488 4872 540 4917 et
580 4863 892 4932 plerumque
930 4861 1195 4930 contingit
1232 4869 1290 4915 ut
1319 4860 1438 4929 plus
1479 4859 1687 4928 ingenia
1730 4863 1867 4918 male

272 4952 594 5022 sapientium
634 4967 791 5021 quam
832 4951 1129 5020 simplicem
1162 4951 1325 5005 vitam
1368 4950 1734 5006 innocentium
1776 4966 1867 5008 ve-

272 5044 678 5116 nerentur,plus
693 5053 968 5101 reservent
980 5044 1172 5112 linguis
1192 5053 1340 5099 extra
1358 5044 1687 5114 loquentium
1702 5059 1860 5115 quam

272 5139 483 5196 meritis
503 5139 965 5212 intrapositorum,
997 5136 1241 5207 quamvis
1280 5135 1522 5205 utrisque
1555 5151 1618 5190 ex
1644 5135 1862 5193 diverso

272 5216 641 5300 obvient,cum
672 5243 727 5288 et
755 5233 823 5286 ab
846 5231 954 5285 illis
977 5230 1296 5286 rectitudine
1322 5241 1706 5296 sensuum,eta
1736 5246 1860 5288 san-

271 5337 364 5384 cta
406 5326 644 5382 Ecclesia
666 5312 878 5395 piorum
905 5323 1169 5394 pravitate
1198 5322 1816 5395 discordent.Sequitur:

350 5480 377 5508 ι
416 5467 601 5524 Norm.
632 5476 687 5523 et
711 5466 959 5530 Vindoc.,
991 5464 1115 5518 dum
1142 5480 1194 5519 se
1220 5462 1276 5517 in
1307 5464 1539 5518 omnibus
1563 5466 1865 5534 prteferunt.

348 5538 377 5581 1³
420 5541 623 5604 Baluz.,
650 5538 828 5603 Culb.,
858 5538 1027 5605 Prat.,
1057 5537 1195 5607 quod
1220 5538 1527 5604 respondere
1546 5553 1649 5590 non
1676 5538 1871 5604 potuis-

270 5624 422 5679 sent;
453 5611 739 5677 omittitur,
771 5622 891 5664 tres.

350 5696 375 5725 ο
405 5677 645 5749 ’Τυι-οηη
678 5691 790 5753 post
808 5691 981 5735 exorta
1008 5678 1335 5753 inimicorum
1362 5678 1512 5734 bella.
1546 5677 1727 5753 Series
1756 5691 1867 5735 ser-
1904 5722 1907 5737 .

272 5758 458 5812 monis
490 5751 723 5826 postulat
770 5762 827 5808 ut
853 5754 1057 5823 legatur
1088 5751 1462 5820 hwreticorum,
1494 5765 1601 5807 non
1630 5752 1868 5807 inimico-

271 5845 414 5884 ru'n.

1972 4864 2215 4933 spiremus
2237 4905 2252 4930 ,
2284 4872 2330 4917 et
2363 4872 2674 4932 persecutor,
2705 4873 2752 4918 et
2781 4864 3179 4921 contumeliosus
3202 4881 3222 4932 ;
3250 4865 3341 4920 sed
3367 4864 3565 4920 miserio

1974 4953 2206 5007 cordiam
2234 4961 2530 5006 consecutus
2555 4966 2670 5006 sum
2700 4949 2754 5023 (Ι
2783 4950 2916 5007 Tim.
2944 4967 2996 5020 ι,
3021 4950 3127 5022 15).
3160 4953 3362 5019 Quibus
3390 4951 3565 5008 verbis

1972 5059 2157 5119 aperte
2182 5049 2420 5105 declarat
2446 5050 2587 5121 quod
2618 5050 2785 5119 gratia
2814 5048 2832 5087 ί
2864 5065 2969 5105 non
3005 5066 3100 5119 pro
3127 5051 3334 5106 meritis
3364 5049 3564 5103 tribua-

1969 5149 2076 5207 tur,
2110 5141 2236 5196 dum
2263 5157 2330 5197 ex
2360 5143 2538 5212 seipso
2567 5141 2748 5197 docuit
2773 5151 2824 5196 et
2853 5140 2979 5211 quid
3007 5141 3074 5196 de
3104 5140 3302 5195 malitia
3332 5140 3562 5204 meruit,

1966 5243 2022 5290 et
2064 5236 2191 5306 quid
2244 5237 2311 5292 de
2360 5235 2728 5292 benevolentia
2762 5237 2991 5306 accepit.
3037 5236 3268 5291 Rursum
3320 5231 3563 5288 nonnulli

1963 5327 2164 5399 iactant
2192 5344 2252 5386 se
2281 5330 2478 5388 habere
2501 5332 2641 5403 quod
2667 5346 2772 5388 non
2801 5332 3036 5397 habent,
3062 5332 3202 5386 sicut
3226 5328 3403 5382 divina
3432 5336 3563 5381 voce

2045 5464 2072 5504 ἀ
2113 5468 2277 5536 Editi,
2302 5486 2452 5527 usum
2478 5481 2716 5528 tamen...
2740 5478 2954 5525 exercet.
2981 5464 3164 5523 Melius
3192 5464 3244 5518 in
3267 5461 3417 5536 κω,
3443 5478 3562 5536 usu.

2050 5548 2073 5577 ε
2111 5534 2339 5597 νίηόὸο.
2364 5584 2380 5610 ,
2418 5544 2511 5597 Dei
2538 5545 2670 5599 enim
2702 5544 2895 5595 donum
2924 5549 3031 5604 est,
3062 5537 3294 5604 omisso,
3326 5534 3436 5590 sed.
3464 5534 3550 5590 De-

1974 5619 2058 5667 est
2082 5612 2241 5668 etiam
2273 5614 2323 5668 in
2354 5615 2537 5668 Norm.
2561 5654 2576 5678 ,
2612 5612 2792 5667 Baluz.
2823 5622 2877 5666 et
2906 5610 3061 5664 (lolb.

2050 5680 2069 5720 ί
2112 5684 2297 5739 Norm.
2330 5696 2385 5739 et
2418 5684 2607 5747 Vind.,
2649 5699 2751 5737 non
2791 5682 2983 5735 meritis
3024 5680 3294 5738 tribuatur.
3336 5679 3561 5739 Utrum-

1974 5769 2079 5824 que
2110 5756 2553 5825 Augustinianum
2581 5768 2797 5811 sensum
2822 5753 2976 5824 sapit.
