4024 6352
536 342 643 407 εει)

1746 336 1989 403 SANCTI
2029 332 2357 399 GREGORII
2395 338 2609 401 MAGNI

3684 326 3775 422 suo

534 483 633 540 per
661 468 975 539 prophetam
1018 467 1087 521 de
1129 456 1281 521 Moab
1307 452 1543 519 dicitur:
1576 472 1600 499 ιι
1634 462 1941 534 Superbiam
1970 463 2110 533 ejus,
2144 460 2321 522 Actae
2366 459 2622 516 Ecclesiae
2668 460 3007 518 adversarios
3053 463 3421 535 conspiciunt,
3462 483 3566 525 non
3613 473 3662 528 iu
3710 478 3780 536 eis

456 600 465 607 η
533 572 584 618 et
612 561 968 631 arrogantiam
994 560 1103 630 ejus
1133 574 1225 628 ego
1269 557 1386 610 noui
1408 597 1423 623 ,
1457 556 1662 624 etquod
1694 572 1793 610 non
1822 557 1886 611 sit
1915 553 1943 593 ιι
1969 556 2126 627 juxta

534 670 647 711 eam
676 656 835 709 virtus
863 657 975 727 ejus
1004 653 1024 723 (
1047 652 1237 706 Jerem.
1269 666 1461 717 XLVIII,
1494 648 1563 705 29
1586 648 1627 721 ).
1676 651 1741 705 Et
1770 650 1906 705 sicut
1936 646 2124 718 angelo

534 746 791 803 Ecclesiae
824 756 845 784 ε
876 744 1155 799 Laodiceae
1195 743 1390 827 djeitur
1424 760 1437 795 :
1485 742 1617 809 Quia
1656 743 1783 797 dicis
1810 741 1943 811 quod
1988 741 2125 794 diues

534 856 674 907 sum,
709 848 756 894 et
782 837 1140 905 locupletatus,
1169 844 1215 890 et
1245 834 1440 889 nullius
1470 851 1631 906 egeo;
1658 844 1705 888 et
1731 835 1892 889 nescis
1922 833 2040 904 quia
2069 841 2125 885 tu

535 949 587 987 es
618 934 787 998 miser,
819 939 864 983 et
892 926 1193 984 miser'abilis
1212 968 1225 993 ,
1258 937 1303 982 et
1334 944 1555 999 pauper,
1588 935 1634 983 et
1662 943 1847 996 ctecus,
1879 934 1927 983 et
1956 928 2126 981 nudus

535 1030 724 1098 (Apoc.
749 1043 840 1095 ιιι,
867 1026 981 1096 l7).
1016 1026 1247 1081 Rursum
1280 1024 1555 1091 nonnulli,
1586 1023 1863 1094 despectis
1890 1022 2122 1086 caeteris,

535 1119 700 1175 videri
732 1127 992 1188 appetunt
1030 1118 1369 1189 singulariter
1399 1117 1598 1173 bonum
1628 1115 1827 1172 habere
1854 1115 1997 1186 quod
2026 1113 2124 1169 ha-
2172 1144 2173 1147 η

535 1210 683 1287 bent.
717 1209 869 1266 Unde
895 1220 951 1265 et
981 1209 1285 1263 Pliariszeus
1326 1207 1529 1264 idcirco
1569 1207 1637 1262 de
1680 1207 1879 1276 templo
1922 1206 2125 1275 absque

531 1301 908 1373 justiﬁcatione
936 1301 1217 1358 descendit
1244 1299 1409 1370 (Luc.
1442 1315 1570 1355 xuu
1590 1340 1605 1366 ,
1638 1299 1739 1370 14)
1761 1343 1775 1367 ,
1806 1299 1927 1368 quia
1959 1298 2126 1353 bono-

535 1410 656 1451 rum
686 1409 907 1464 operum
935 1395 1123 1449 merita
1158 1392 1261 1447 sibi
1288 1391 1442 1462 quasi
1472 1391 1819 1463 singulariter
1851 1388 2121 1455 tribuens,

535 1489 713 1544 oranti
748 1488 1029 1559 publicano
1057 1502 1119 1543 se
1144 1486 1397 1556 praetulit.
1432 1486 1613 1541 Sancti
1647 1499 1858 1555 quoque
1896 1482 2126 1553 apostoli

535 1582 605 1637 ab
632 1581 734 1637 hoc
756 1582 1004 1637 elationis
1028 1581 1159 1636 vitio
1184 1588 1526 1646 revocantur,
1543 1580 1633 1649 qui
1661 1578 1727 1635 de
1751 1578 2128 1647 prtedieatione

534 1677 852 1743 redeuntes,
893 1692 1014 1731 cum
1060 1675 1183 1732 elati
1228 1676 1512 1730 dicerent:
1562 1674 1807 1738 Domine,
1842 1674 1895 1727 in
1925 1674 2129 1727 nomine

535 1777 624 1822 tuo
654 1768 807 1822 etiam
836 1767 1092 1822 daemonia
1122 1768 1264 1821 nobis
1293 1766 1520 1838 subjecta
1549 1776 1663 1820 sunt
1689 1764 1851 1837 (Luc.
1882 1782 1911 1819 ιι
1931 1808 1946 1835 ,
1980 1766 2043 1820 17
2068 1764 2087 1836 )
2108 1805 2126 1835 ,

2228 568 2396 608 annos
2440 565 2735 624 temporum
2765 598 2780 623 ,
2822 557 2918 614 sed
2964 558 3317 617 intentionem
3362 561 3537 619 solent
3572 580 3781 635 pensare

2228 647 2538 705 verborum.
2588 649 2719 704 Nam
2768 650 3100 721 quantolibet
3145 640 3257 708 sint
3280 654 3485 710 eisdem
3511 661 3781 730 arroganti-

2226 738 2327 795 bus
2350 741 2682 811 antiquiores
2714 742 2987 809 breretici,
3019 759 3113 800 eos
3144 745 3398 803 audacter
3425 750 3780 820 comprimunt,

2227 825 2283 886 in
2314 848 2541 901 quorum
2573 834 2755 891 verbis
2793 836 3045 907 dogmata
3086 852 3340 908 perversa
3379 838 3775 910 reprehendunt.

2227 924 2481 998 Sequitur
2508 947 2520 982 ε
2650 1004 2655 1005 γ

2619 1004 2846 1078 CAPUT
2886 1006 2996 1077 vitt
3036 1006 3180 1095 [νει.
3217 1004 3415 1095 vin].

2301 1108 2462 1166 Vens.
2509 1110 2597 1181 12,
2634 1113 2723 1170 15.
2765 1144 2835 1155 -
2874 1102 3011 1184 Sed,
3057 1127 3115 1170 ut
3156 1116 3336 1183 uideo,
3380 1132 3482 1171 non
3511 1124 3583 1171 est
3609 1100 3689 1187 qui
3714 1135 3789 1172 ar-

2227 1220 2379 1275 guere
2419 1207 2578 1277 possit
2619 1200 2752 1273 Job,
2797 1218 2845 1262 et
2887 1192 3195 1274 respondere
3236 1224 3300 1263 ex
3331 1208 3787 1285 vobissermonibus

2227 1298 2364 1370 ejus.
2419 1299 2498 1354 Ne
2537 1300 2668 1369 forte
2704 1301 2887 1383 dicatis
2916 1317 2934 1356 :
2974 1300 3270 1358 Invenimus
3299 1304 3631 1373 sapientiam,
3663 1306 3786 1362 Deus

2227 1392 2439 1462 projecit
2460 1409 2579 1447 eum
2596 1435 2609 1457 ,
2636 1410 2741 1447 non
2768 1395 2940 1451 homo.
3698 1444 3705 1453 .

2306 1468 2388 1537 l5.
2431 1472 2569 1540 Deus
2614 1488 2667 1540 in
2708 1485 2803 1541 hac
2842 1489 2945 1541 vita
2984 1487 3172 1542 solatia
3223 1468 3506 1558 aliquando
3548 1490 3791 1560 concedit,

2231 1576 2379 1631 nullo
2419 1579 2534 1634 vita:
2563 1588 2769 1643 arterna:
2810 1582 3136 1635 detrimento.
3166 1609 3235 1622 —
3268 1582 3424 1651 Saepe
3465 1582 3688 1638 hieretici
3716 1598 3795 1652 per

2231 1668 2332 1728 boc
2355 1674 2498 1744 quod
2526 1672 2645 1731 esse
2672 1684 2725 1731 et
2746 1660 3051 1731 hominibus
3077 1660 3437 1746 despicabiles
3463 1675 3666 1742 solent,
3691 1690 3797 1732 cum

2233 1780 2261 1819 a
2292 1766 2501 1821 cunctis
2538 1766 2652 1822 fere
2682 1769 2935 1837 gentibus
2962 1778 3204 1823 sanctam
3241 1767 3537 1822 Ecelesiam
3578 1766 3799 1823 venerari

543 1877 614 1919 ne
642 1863 709 1918 de
737 1863 835 1917 hac
868 1862 1253 1917 miraculorum
1298 1861 1666 1930 singularitate
1704 1860 2032 1930 gauderent,
2066 1860 2131 1914 il-
2158 1834 2208 1907 Β
2234 1861 2601 1929 conspiciunt,
2634 1860 2938 1931 opinionem
2971 1863 3090 1932 ejus
3118 1860 3314 1933 quibus
3344 1862 3528 1916 valent
3554 1862 3797 1917 obtrecta-

535 1957 641 2012 lieo
662 1958 741 2011 eis
764 1956 1040 2026 respondit
1062 1956 1341 2023 Dominus,
1362 1955 1577 2011 dicens:
1603 1953 1853 2010 Videbam
1877 1952 2128 2009 Satanam

533 2052 666 2105 velut
695 2052 871 2123 fulgur
898 2048 960 2104 de
985 2051 1110 2105 caelo
1139 2052 1403 2104 cadentem
1432 2047 1621 2119 (Ibid.,
1645 2048 1756 2118 18).
1794 2048 1910 2117 Ipse
1935 2048 2131 2117 quippe

532 2144 878 2214 singulariter
908 2144 1079 2200 elatus
1111 2143 1351 2198 dixerat:
1384 2143 1556 2208 Super
1593 2151 1732 2209 astra
1757 2144 1869 2196 ctuti
1894 2141 2130 2197 exaltabo

532 2237 719 2292 solium
751 2253 917 2291 meum
943 2277 957 2301 ,
986 2237 1169 2310 sedebo
1193 2237 1247 2289 in
1273 2243 1447 2289 monte
1471 2218 1754 2289 testamenti
1772 2276 1784 2299 ,
1813 2237 1865 2288 in
1891 2234 2131 2288 lateribus

532 2330 824 2400 Aquilonis,
850 2328 1033 2383 similis
1060 2344 1145 2381 ero
1169 2327 1431 2382 Altissimo
1458 2326 1614 2398 (lsai.
1634 2342 1745 2390 xw,
1770 2326 1879 2394 15).
1909 2327 1971 2379 Ει
1998 2326 2133 2382 mire

534 2420 793 2476 Dominus
810 2463 825 2489 ,
852 2430 911 2475 ut
938 2422 990 2475 iu
1020 2419 1405 2489 discipulorum
1427 2418 1681 2474 cordibus
1700 2406 1998 2473 elationem.
2015 2433 2132 2487 pre-

532 2524 738 2581 meret,
773 2531 896 2570 mox
921 2515 1184 2585 judicium
1217 2515 1387 2570 ruinae
1415 2515 1628 2580 retulit,
1671 2517 1813 2584 quod
1854 2514 1969 2584 ipse
2014 2530 2131 2569 ma-

533 2611 699 2680 gister
729 2610 976 2665 elationis
1001 2608 1244 2679 accepit,
1293 2619 1351 2662 ut
1390 2608 1444 2662 in
1487 2615 1706 2662 auctore
1746 2607 2013 2675 superbia:
2052 2605 2135 2661 di-

533 2712 751 2759 scerent
795 2702 920 2772 quid
968 2700 1036 2756 de
1078 2701 1329 2756 elationis
1375 2700 1504 2753 vitio
1544 2698 1913 2753 formidarent.
1948 2696 2000 2751 In
2033 2697 2134 2753 hac

530 2796 716 2869 itaque
741 2796 1060 2864 arrogantiae
1086 2802 1274 2863 quarta
1306 2792 1485 2860 Specie
1510 2790 1700 2845 crebro
1728 2788 1990 2843 humanus
2016 2788 2135 2842 aui-

536 2904 655 2944 mus
689 2884 904 2953 labitur,
941 2897 997 2941 ut
1027 2886 1079 2942 id
1109 2885 1251 2955 quod
1280 2884 1442 2939 habet
1471 2882 1666 2936 habere
1695 2896 1755 2936 se
1778 2881 2122 2951 singulariter

534 2982 817 3051 glorietur.
850 2981 904 3035 ln
937 2996 1039 3050 qua
1074 2992 1254 3034 tamen
1299 2974 1634 3033 similitudini
1677 2974 1955 3030 diabolica:
2001 2975 2133 3028 vici-

536 3075 656 3128 nius
686 3075 1115 3143 apprOpinquat,
1146 3072 1271 3141 quia
1317 3068 1559 3139 quisquis
1598 3067 1797 3121 bonum
1837 3082 1894 3121 se
1933 3066 2133 3139 habere

538 3166 875 3236 singulariter
903 3164 1097 3235 gaudet
1117 3205 1132 3228 ,
1159 3161 1401 3234 quisquis
1429 3159 1593 3215 videri
1622 3158 1899 3214 sublimior
1925 3160 2131 3214 caeteris

2238 1952 2469 2007 tionibus
2494 1952 2731 2010 lacerare
2762 1954 3126 2021 contendunt,
3170 1953 3416 2010 dicentes
3452 1970 3465 2008 :
3509 1954 3702 2009 Idcirco
3737 1953 3801 2010 illi

2233 2057 2422 2101 cuncta
2455 2048 2768 2117 temporalia
2810 2059 3131 2118 suppetunt,
3166 2048 3291 2119 quia
3320 2047 3374 2103 ei
3406 2048 3621 2118 praemia
3663 2059 3801 2102 (eter-

2234 2156 2424 2196 norum
2454 2157 2732 2197 munerum
2759 2143 3163 2198 subtrahuntur.
3197 2143 3441 2209 Quorum
3468 2141 3675 2196 vocibus
3702 2140 3803 2195 Eliu

2234 2233 2451 2298 obviat,
2483 2232 2669 2289 dicens
2700 2251 2716 2290 :
2750 2232 2835 2287 Ne
2865 2239 2997 2305 forte
3028 2234 3213 2288 dicatis
3241 2249 3258 2287 :
3291 2231 3590 2288 Invenimus
3621 2233 3803 2300 sapien-

2238 2326 2395 2393 tiam,
2426 2322 2567 2381 Deus
2598 2328 2811 2399 projecit
2843 2343 2956 2380 eum
2983 2344 3084 2381 non
3116 2325 3287 2380 homo.
3333 2329 3415 2379 Ac
3444 2326 3489 2379 si
3518 2332 3805 2393 arrogantes

2234 2417 2371 2473 intra
2397 2430 2637 2479 sanetam
2660 2420 2956 2475 Eeclesiam
2978 2420 3071 2475 sed
3097 2429 3271 2474 tamen
3298 2410 3487 2474 ﬁdeles
3514 2428 3691 2473 contra
3712 2415 3805 2469 bre-

2238 2510 2437 2567 retieos
2467 2513 2651 2567 dicant
2680 2531 2692 2565 :
2726 2508 2828 2567 Per
2872 2512 2974 2568 hoc
3001 2511 3417 2582 quod‘sanctam
3451 2511 3734 2565 Eeclesiam
3760 2507 3805 2563 in

2239 2592 2451 2662 honore
2481 2605 2756 2661 hominum
2788 2606 2983 2661 ﬂorere
3017 2604 3388 2675 temporaliter
3417 2603 3664 2669 cernitis,
3693 2614 3805 2672 pro-

2237 2697 2432 2767 ieetam
2467 2715 2585 2754 eam
2618 2716 2647 2752 a
2680 2699 2905 2755 Domino
2952 2712 3060 2753 non
3104 2697 3363 2753 credatis.
3407 2696 3516 2753 Scit
3555 2697 3689 2751 enim
3720 2696 3805 2749 lte-

2236 2788 2483 2861 detnptor
2510 2792 2627 2861 ejus
2647 2832 2663 2859 ,
2697 2800 2751 2847 et
2782 2793 2834 2846 in
2865 2791 2967 2846 hoc
2998 2791 3193 2847 itinere
3223 2790 3419 2847 solatia
3462 2789 3690 2845 venienti
3728 2786 3807 2841 tri-

2238 2882 2437 2951 buere,
2465 2893 2519 2939 et
2549 2883 2881 2953 peerbieuti
2916 2882 2982 2938 ad
3025 2880 3283 2939 aeternam
3328 2884 3562 2953 patriam
3604 2872 3807 2951 superna

2240 2978 2456 3047 praemia
2488 2994 2786 3033 reservare.
2824 2972 3096 3033 Incassum
3129 2978 3290 3048 igitur
3321 2976 3509 3033 dicitis
3537 2975 3656 3046 quia
3687 2970 3807 3029 Deus

2238 3086 2357 3124 eam
2403 3081 2456 3124 et
2495 3086 2599 3125 non
2650 3072 2813 3125 homo
2843 3070 3167 3141 projceerit,
3197 3084 3317 3125 cum
3351 3068 3599 3125 venerari
3629 3068 3759 3122 illam
3783 3079 3808 3121 a

2240 3164 2449 3218 cunctis
2480 3162 2592 3218 fere
2625 3162 2937 3219 hominibus
2967 3164 3157 3218 videtis
3179 3204 3195 3230 ,
3228 3164 3358 3233 quia
3401 3162 3482 3219 sic
3524 3162 3571 3218 ei
3605 3172 3811 3216 terrente

539 3259 942 3341 qumritpillum
989 3256 1234 3311 videlicet
1270 3255 1525 3322 imitatur,
1579 3254 1669 3326 qui
1700 3250 1957 3322 despecto
1987 3251 2127 3307 bono
2157 3230 2205 3295 ο
2236 3258 2419 3330 gloriae
2461 3259 2830 3329 adjumentum
2857 3257 3127 3325 tribuitur,
3150 3269 3208 3313 ut
3235 3230 3330 3328 per
3362 3260 3466 3314 hoc
3493 3256 3810 3326 multiplicius

540 3348 810 3410 societatis
835 3352 1184 3423 angelorum,
1213 3350 1397 3407 sedem
1423 3367 1574 3406 suam
1602 3348 1669 3404 ad
1696 3347 2008 3417 Aquilonem
2036 3362 2126 3415 po-

541 3460 704 3513 nens,
735 3452 790 3500 et
830 3428 1091 3499 Altissimi
1128 3443 1537 3499 similitudinem
1568 3440 1803 3512 superbe
1833 3447 2124 3509 appetens,

541 3554 636 3611 per
675 3522 915 3608 iniquum
956 3538 1280 3594 desiderium
1324 3538 1479 3609 quasi
1509 3538 1576 3593 ad
1608 3533 1878 3607 quoddam
1919 3534 2128 3588 culmen

520 3640 766 3688 'conatus
793 3640 875 3687 est
903 3631 1289 3702 singularitatis
1317 3644 1627 3699 erumpere.
1655 3628 1773 3682 Eliu
1800 3640 1928 3697 ergo
1953 3640 2134 3694 quam-

540 3725 621 3779 vis
650 3724 765 3780 dari
794 3740 822 3778 a
854 3725 1080 3779 Domino
1107 3723 1428 3793 sapientiam
1462 3723 1770 3786 conlitetur,
1815 3719 1868 3774 in
1912 3718 2011 3772 hac
2056 3728 2134 3772 ta-

478 3846 487 3853 ~
540 3832 663 3874 men
693 3804 938 3873 elationis
966 3820 1148 3888 specie
1179 3819 1397 3885 labitur,
1433 3826 1489 3872 ut
1517 3817 1898 3886 sapientiorem
1932 3828 1989 3867 se
2022 3828 2130 3869 cae-

540 3908 673 3963 teris
698 3908 956 3978 gaudeat,
978 3917 1031 3963 et
1056 3906 1209 3976 quasi
1232 3907 1297 3962 de
1318 3906 1579 3977 singulari
1604 3909 1743 3961 bono
1764 3918 1884 3959 sese
1909 3903 2136 3959 inaniter

542 3999 783 4054 extollat.
817 3996 971 4067 Quod
1002 3998 1179 4054 verbis
1208 3997 1558 4067 sequentibus
1586 3995 1819 4059 indicat,
1852 3994 2034 4050 dicens
2060 4012 2072 4050 :

1143 4088 1368 4144 CAPUT
1411 4086 1518 4143 Vl].

616 4168 781 4241 Vens.
827 4181 985 4238 9-12.
1028 4209 1100 4222 —
1147 4179 1271 4235 Non
1298 4190 1415 4235 sunt
1449 4180 1665 4252 longaeui
1710 4183 2000 4253 sapientes,
2049 4194 2138 4233 nec

543 4293 689 4349 senes
725 4274 1024 4346 intelligunt
1063 4272 1343 4345 judicium.
1391 4270 1521 4326 Ideo
1551 4273 1760 4327 dicam:
1800 4273 1987 4326 Audite
2020 4288 2134 4338 me,

544 4370 809 4425 ostendam
850 4368 986 4422 vobis
1025 4364 1051 4402 ι¹
1094 4382 1186 4436 ego
1226 4381 1392 4419 meam
1420 4365 1765 4435 “sapientiam.
1832 4362 2138 4434 Exspectavi

545 4466 679 4520 enim
720 4478 977 4518 sermones
1020 4470 1241 4527 vestros,
1284 4460 1459 4514 audiui
1506 4459 1835 4531 prudentiam
1886 4467 2132 4523 vestram,

547 4556 704 4610 donec
743 4554 1092 4625 disceptaretis
1131 4553 1449 4609 sermonibus
1471 4571 1492 4616 ;
1523 4565 1571 4607 et
1596 4555 1755 4607 donec
1786 4556 2023 4622 putabam
2050 4569 2138 4605 vos

547 4648 743 4719 aliquid
773 4648 938 4702 dicere
957 4689 972 4714 ,
1002 4644 1408 4701 considerabam.

623 4726 711 4794 14.
756 4738 982 4806 Quidam
1011 4737 1223 4809 superbe
1252 4746 1420 4790 tacent
1446 4752 1464 4802 ;
1491 4746 1540 4792 et
1571 4742 1715 4789 senes
1745 4735 1997 4803 audiunt,
2032 4751 2134 4788 non

450 4880 453 4883 γ
550 4841 605 4886 ut
636 4830 863 4899 discant,
892 4826 980 4887 sed
1008 4830 1348 4903 ut'judicent.
1382 4859 1452 4870 —
1482 4822 1751 4897 Quantum
1782 4830 1849 4884 ad
1885 4828 2138 4885 intentio-

551 4941 674 4982 nem
709 4926 907 4981 littera:
940 4933 1180 4996 spectat,
1215 4925 1445 4995 loquens
1478 4908 1597 4978 Eliu
1629 4924 1829 4979 indicat
1866 4938 2024 4994 quam
2055 4939 2144 4979 su-

554 5018 717 5088 perbe
749 5018 996 5073 tacuerit.
1020 5004 1154 5073 Cum
1181 5017 1324 5073 enim
1354 5002 1520 5074 dicit:
1554 5016 1861 5089 Exspectavi
1887 5019 2022 5074 enim
2048 5036 2147 5074 ser-

554 5128 727 5167 mones
755 5122 977 5179 uestros,
1009 5119 1055 5166 et
1086 5111 1331 5182 putabam
1362 5127 1449 5165 vos
1480 5106 1679 5180 aliquid
1720 5110 1920 5179 dicere,
1964 5120 2149 5181 aperte

556 5205 793 5261 declarat
819 5220 879 5260 se
908 5204 974 5259 ad
1006 5204 1168 5261 verba
1201 5218 1392 5261 senum
1421 5203 1718 5274 judicantis
1758 5203 1935 5272 potius
1965 5186 2149 5258 studio

555 5316 713 5372 quam
745 5300 1005 5356 discentis
1036 5308 1162 5355 voto
1208 5300 1459 5355 tacuisse.
1506 5286 1762 5367 Quamvis
1799 5297 1914 5353 haec
1958 5297 2150 5354 melius

554 5396 716 5450 vitam
748 5376 911 5465 738
950 5394 1312 5465 arrogantium
1360 5384 1681 5463 designant,
1729 5391 1817 5460 qui
1864 5373 2150 5460 aliquando

556 5487 699 5543 intra
741 5494 979 5543 sanetam
1019 5486 1316 5543 Ecclesium
1358 5485 1555 5558 positi,
1585 5496 1709 5540 cum
1747 5482 1990 5553 ejusdem
2023 5494 2150 5541 San-

635 5614 660 5642 α
699 5603 778 5659 Pl.
812 5608 941 5661 mss.
965 5645 981 5672 ,
1013 5606 1302 5676 superbiam
1336 5602 1516 5659 Moab.
1768 5675 1775 5676 γ
1944 5660 1963 5665 μ

628 5676 655 5714 ἰ
695 5676 834 5747 Editi
859 5679 1018 5732 etiam
1044 5674 1276 5745 veteres,
1297 5679 1451 5747 juxta
1476 5692 1611 5732 eum.
1643 5674 1895 5739 Vindoe.,
1932 5676 2145 5744 Baluz.,

557 5748 737 5807 Colb.,
767 5746 975 5817 Norm.,
999 5749 1157 5816 juxta
1183 5746 1325 5812 eam,
1360 5747 1610 5804 nimirum
1642 5749 1946 5817 superbiam
1976 5760 2030 5804 et
2059 5765 2151 5805 ar-

562 5816 987 5889 rogantiam.rlta
1017 5832 1229 5886 quoque
1261 5816 1454 5886 legitur
1482 5819 1535 5873 in
1568 5816 1792 5889 Vulgata
1813 5862 1828 5887 ,
1852 5819 2003 5889 juxta
2038 5830 2153 5877 tex-

562 5888 675 5944 tum
709 5888 1053 5942 llebraicum.
1560 5896 1567 5899 '

2232 3351 2392 3405 etiam
2421 3350 2487 3405 ad
2515 3350 2760 3406 coelestia
2791 3350 3140 3405 subvehatur.
3172 3349 3431 3422 Sequitur
3462 3370 3476 3408 z

2851 3434 3078 3499 CAPUT
3120 3428 3209 3497 IX.

2311 3536 2470 3592 Vens.
2512 3534 2600 3591 Ut.
2644 3564 2715 3577 —
2754 3520 2903 3590 Nihil
2944 3536 3140 3590 locutus
3181 3544 3260 3603 est
3304 3536 3472 3604 mihi,
3515 3546 3561 3591 et
3601 3551 3688 3606 ego
3724 3549 3819 3589 non,

2234 3629 2513 3686 secundum
2536 3641 2725 3684 uestros
2756 3644 3013 3683 sermones
3037 3629 3355 3700 respondebo
3386 3622 3489 3683 illi.

2310 3722 2395 3778 16.
2439 3723 2694 3793 Superbi,
2737 3739 2855 3777 cum
2894 3724 3266 3793 corripiuntur,
3313 3741 3419 3779 non
3448 3724 3665 3778 audiunt
3690 3764 3703 3787 ,
3740 3728 3817 3773 aut

2239 3819 2587 3872 dissimulant.
2619 3817 2851 3885 —~Quid
2902 3824 3024 3886 est;
3076 3815 3215 3886 quod
3264 3816 3382 3871 ait:
3443 3816 3593 3871 Nihil
3637 3815 3814 3868 locutus

2226 3922 2311 3967 ,εει
2342 3912 2509 3966 mihi?
2534 3908 2783 3980 Nunquid
2812 3918 2992 3964 saneta
3037 3908 3274 3963 Ecclesia
3318 3922 3418 3979 per
3460 3910 3819 3979 prmdicatores

2236 4009 2414 4075 justos
2440 4019 2563 4058 eum
2591 4004 2729 4058 intra
2760 4017 2817 4059 se
2849 4012 3163 4071 arrogantes
3194 4003 3496 4072 conspicit,
3531 3998 3742 4056 erudire
3766 4007 3819 4046 ac

2241 4098 2565 4169 redarguere
2595 4096 2992 4166 praetermittit?
3032 4095 3262 4150 Exercet
3304 4095 3457 4161 haec,
3506 4075 3555 4149 et
3600 4088 3819 4163 quotidie

2240 4204 2495 4248 exercere
2525 4204 2631 4243 non
2661 4196 2860 4243 cessat.
2904 4187 3009 4243 Sed
3053 4188 3209 4253 Eliu,
3253 4189 3341 4256 qui
3391 4174 3699 4256 loquentem
3741 4194 3823 4249 pu.

2242 4284 2380 4341 blice
2410 4283 2622 4338 beatum
2652 4278 2755 4335 Job
2784 4279 3061 4347 audierat,
3104 4278 3286 4332 dicat:
3323 4262 3478 4331 Nam
3523 4276 3721 4330 locutus
3760 4277 3823 4324 est

2244 4374 2406 4443 mihi,
2439 4374 2563 4442 quia
2594 4373 2847 4433 nimirum
2877 4386 3064 4426 omnes
3091 4378 3407 4440 arrogantes
3437 4383 3601 4424 voces
3625 4363 3824 4437 quidem

2240 4480 2442 4525 sanctze
2487 4466 2740 4522 Ecclesiae
2782 4464 3033 4530 audiunt,
3066 4464 3160 4519 sed
3188 4462 3288 4519 sibi
3320 4478 3412 4517 eas
3444 4446 3553 4517 dici
3582 4461 3823 4515 dissimu-

2238 4537 2355 4615 lant
2376 4600 2390 4625 ,
2418 4558 2633 4629 quando
2659 4556 2909 4613 elationis
2934 4556 3117 4611 vitium
3145 4544 3437 4610 emendare
3466 4534 3824 4609 contemnunt.

2164 4612 2217 4691 Ῐ)
2246 4653 2353 4709 Nec
2381 4668 2440 4708 se
2471 4651 2539 4708 de
2569 4651 2822 4722 superbia
2853 4648 3101 4718 redargui
3135 4647 3410 4703 aestimant
3431 4689 3447 4715 ,
3479 4648 3607 4719 quia
3635 4658 3753 4702 esse
3778 4655 3829 4698 se

2249 4746 2481 4801 humiles
2509 4752 2729 4815 putant,
2764 4745 2855 4813 qui
2882 4743 3044 4798 etiam
3074 4741 3321 4811 redargui
3348 4742 3687 4811 despiciunt,
3714 4736 3829 4792 dum

2248 4838 2599 4908 sapientiores
2644 4851 2703 4890 se
2741 4844 2795 4891 et
2839 4834 2969 4905 ipsis
3012 4834 3466 4905 redargueutibus
3493 4833 3827 4889 arbitrantur.

2250 4938 2401 5001 Quod
2432 4948 2562 4987 vero
2588 4932 2696 4989 ait;
2722 4928 2792 4985 Et
2812 4945 2903 5000 ego
2929 4945 3031 4982 non
3057 4930 3335 4983 secundum
3359 4944 3627 4983 sermones
3656 4932 3832 4981 vestros

2253 5024 2565 5095 respondebo
2592 5023 2704 5089 illi,
2741 5022 2876 5076 bene
2908 5022 3063 5075 beato
3092 5020 3193 5075 Job
3234 5036 3341 5076 non
3384 5020 3687 5075 secundum
3729 5028 3831 5071 ser-

2254 5132 2440 5174 mones
2469 5129 2655 5171 eorum
2683 5114 3009 5184 reapoudere
3035 5127 3095 5169 se
3122 5113 3270 5170 dicit.
3314 5114 3655 5184 Arrogantes
3687 5109 3820 5167 enim

2257 5212 2393 5264 intra
2444 5216 2689 5275 sanetam
2736 5207 3027 5262 Ecclesium
3078 5198 3234 5275 positi
3274 5206 3615 5276 respondent
3656 5211 3830 5257 contra

2256 5320 2372 5361 eam
2392 5343 2408 5372 ,
2441 5303 2538 5360 sed
2564 5317 2669 5358 non
2699 5302 2835 5357 sicut
2866 5302 3104 5358 haeretici
3135 5302 3369 5358 exterius
3397 5298 3705 5375 constituti.
3737 5294 3833 5350 Ne-

2255 5412 2360 5468 que
2409 5396 2551 5451 enim
2603 5394 2978 5451 contradicunt
3024 5395 3073 5449 ei
3117 5408 3276 5463 prava
3324 5390 3703 5462 praedicando,
3748 5383 3834 5442 sed

2254 5506 2506 5563 perverse
2555 5489 2818 5559 virerido,
2859 5487 2985 5559 quia
3028 5498 3127 5543 nec
3168 5487 3236 5543 de
3279 5485 3425 5551 Deo,
3472 5492 3534 5541 ut
3576 5479 3835 5545 haeretici,

2338 5624 2360 5653 ε
2402 5613 2585 5669 Norm.
2612 5652 2628 5679 ,
2660 5608 2944 5663 Laudiciw.
2980 5604 3098 5663 Vel.
3130 5588 3231 5661 Ed.
3256 5604 3592 5679 ,~ALaodiciae.
3668 5664 3671 5669 λ

2332 5687 2359 5722 ά
2402 5676 2636 5747 Ρτθιειζ,
2661 5696 2756 5752 ego
2778 5680 2953 5735 etiam.
2983 5679 3162 5752 Baluz.
3194 5676 3468 5752 etCorb._,
3500 5690 3670 5729 meam
3693 5676 3835 5751 seleu-

2262 5739 2408 5811 tiam.
2430 5756 2535 5821 Qui
2557 5739 2783 5808 codices
2811 5753 3009 5807 habent
3033 5750 3201 5816 inira,-
3229 5751 3388 5804 donec
3411 5739 3819 5816 disceptarentini

2264 5843 2361 5901 pro
2389 5826 2756 5894 disceptaretis.
