  <div class='ocr_page' id='page_1' title='image "/cluster/home/n/w/nwhite01/storage/ocr_20150623/76/hvd.32044011229333/138.png"; bbox 0 0 4066 6348; ppageno 0'>
   <div class='ocr_carea' id='block_1_1' title="bbox 1033 350 2807 435">
    <p class='ocr_par' dir='ltr' id='par_1_1' title="bbox 1033 350 2807 435">
     <span class='ocr_line' id='line_1_1' title="bbox 1033 350 2807 435; baseline 0.006 -11"><span class='ocrx_word' id='word_1_1' title='bbox 1033 350 1402 426; x_wconf 76' lang='lat' dir='ltr'><strong>nonALtun</strong></span> <span class='ocrx_word' id='word_1_2' title='bbox 1442 368 1574 427; x_wconf 87' lang='lat' dir='ltr'><strong>LIB.</strong></span> <span class='ocrx_word' id='word_1_3' title='bbox 1619 369 1808 428; x_wconf 84' lang='lat' dir='ltr'><strong>xxm.</strong></span> <span class='ocrx_word' id='word_1_4' title='bbox 1847 396 1917 412; x_wconf 84' lang='lat'><strong>—</strong></span> <span class='ocrx_word' id='word_1_5' title='bbox 1956 367 2024 425; x_wconf 82' lang='lat' dir='ltr'><strong>m</strong></span> <span class='ocrx_word' id='word_1_6' title='bbox 2063 369 2293 431; x_wconf 68' lang='lat' dir='ltr'><strong>carur</strong></span> <span class='ocrx_word' id='word_1_7' title='bbox 2331 352 2528 432; x_wconf 73' lang='lat' dir='ltr'><strong>xxx&quot;</strong></span> <span class='ocrx_word' id='word_1_8' title='bbox 2568 377 2629 434; x_wconf 76' lang='grc' dir='ltr'><strong>Β.</strong></span> <span class='ocrx_word' id='word_1_9' title='bbox 2668 376 2807 435; x_wconf 84' lang='lat' dir='ltr'><strong>JOB.</strong></span> 
     </span>
    </p>
   </div>
   <div class='ocr_carea' id='block_1_2' title="bbox 3456 387 3564 448">
    <p class='ocr_par' dir='ltr' id='par_1_2' title="bbox 3456 387 3564 448">
     <span class='ocr_line' id='line_1_2' title="bbox 3456 387 3564 448; baseline 0 0"><span class='ocrx_word' id='word_1_10' title='bbox 3456 387 3564 448; x_wconf 64' lang='lat'><strong>261</strong></span> 
     </span>
    </p>
   </div>
   <div class='ocr_carea' id='block_1_3' title="bbox 272 466 3553 571">
    <p class='ocr_par' dir='ltr' id='par_1_3' title="bbox 272 466 3553 571">
     <span class='ocr_line' id='line_1_3' title="bbox 272 466 3553 571; baseline 0.008 -39"><span class='ocrx_word' id='word_1_11' title='bbox 272 477 490 571; x_wconf 86' lang='lat' dir='ltr'><strong>indigna</strong></span> <span class='ocrx_word' id='word_1_12' title='bbox 518 478 798 571; x_wconf 88' lang='lat' dir='ltr'><strong>sentiunt,</strong></span> <span class='ocrx_word' id='word_1_13' title='bbox 833 479 928 536; x_wconf 87' lang='lat' dir='ltr'><strong>sed</strong></span> <span class='ocrx_word' id='word_1_14' title='bbox 959 480 1025 538; x_wconf 90' lang='lat' dir='ltr'><strong>de</strong></span> <span class='ocrx_word' id='word_1_15' title='bbox 1056 496 1116 538; x_wconf 89' lang='lat' dir='ltr'><strong>se</strong></span> <span class='ocrx_word' id='word_1_16' title='bbox 1146 482 1266 553; x_wconf 99' lang='lat' dir='ltr'><strong>plus</strong></span> <span class='ocrx_word' id='word_1_17' title='bbox 1294 497 1455 554; x_wconf 89' lang='lat' dir='ltr'><strong>quam</strong></span> <span class='ocrx_word' id='word_1_18' title='bbox 1484 497 1708 541; x_wconf 87' lang='lat' dir='ltr'><strong>necesse</strong></span> <span class='ocrx_word' id='word_1_19' title='bbox 1734 492 1818 541; x_wconf 91' lang='lat' dir='ltr'><strong>est</strong></span> <span class='ocrx_word' id='word_1_20' title='bbox 1836 523 1854 551; x_wconf 92' lang='lat'><strong>,</strong></span> <span class='ocrx_word' id='word_1_21' title='bbox 1883 486 1939 550; x_wconf 70' lang='grc' dir='ltr'><strong>Α</strong></span> <span class='ocrx_word' id='word_1_22' title='bbox 1961 482 2221 571; x_wconf 83' lang='lat' dir='ltr'><strong>tulantur.</strong></span> <span class='ocrx_word' id='word_1_23' title='bbox 2249 485 2577 557; x_wconf 82' lang='lat' dir='ltr'><strong>Arrogantes</strong></span> <span class='ocrx_word' id='word_1_24' title='bbox 2604 489 2747 545; x_wconf 85' lang='lat' dir='ltr'><strong>enim</strong></span> <span class='ocrx_word' id='word_1_25' title='bbox 2777 504 2901 547; x_wconf 91' lang='lat' dir='ltr'><strong>cum</strong></span> <span class='ocrx_word' id='word_1_26' title='bbox 2928 492 3214 551; x_wconf 70' lang='lat' dir='ltr'><strong>scientiam</strong></span> <span class='ocrx_word' id='word_1_27' title='bbox 3241 466 3553 571; x_wconf 86' lang='lat' dir='ltr'><strong>accipiunt,</strong></span> 
     </span>
    </p>
   </div>
   <div class='ocr_carea' id='block_1_4' title="bbox 271 570 1151 644">
    <p class='ocr_par' dir='ltr' id='par_1_4' title="bbox 271 570 1151 644">
     <span class='ocr_line' id='line_1_4' title="bbox 271 570 1151 644; baseline 0.002 -18"><span class='ocrx_word' id='word_1_28' title='bbox 271 570 427 641; x_wconf 80' lang='lat' dir='ltr'><strong>digna</strong></span> <span class='ocrx_word' id='word_1_29' title='bbox 456 570 819 642; x_wconf 76' lang='lat' dir='ltr'><strong>suspicantur.</strong></span> <span class='ocrx_word' id='word_1_30' title='bbox 854 571 1111 644; x_wconf 72' lang='lat' dir='ltr'><strong>Sequitur</strong></span> <span class='ocrx_word' id='word_1_31' title='bbox 1137 591 1151 628; x_wconf 90' lang='lat'><strong>:</strong></span> 
     </span>
    </p>
   </div>
   <div class='ocr_carea' id='block_1_5' title="bbox 345 662 1859 742">
    <p class='ocr_par' dir='ltr' id='par_1_5' title="bbox 345 662 1859 742">
     <span class='ocr_line' id='line_1_5' title="bbox 345 662 1859 742; baseline 0.008 -29"><span class='ocrx_word' id='word_1_32' title='bbox 345 662 506 719; x_wconf 72' lang='lat' dir='ltr'><strong>Vens.</strong></span> <span class='ocrx_word' id='word_1_33' title='bbox 551 663 639 719; x_wconf 82' lang='grc'><strong>15.</strong></span> <span class='ocrx_word' id='word_1_34' title='bbox 669 695 736 705; x_wconf 90' lang='grc'><strong>-</strong></span> <span class='ocrx_word' id='word_1_35' title='bbox 765 663 1149 734; x_wconf 72' lang='lat' dir='ltr'><strong>Extimuerunt,</strong></span> <span class='ocrx_word' id='word_1_36' title='bbox 1174 684 1265 725; x_wconf 85' lang='lat' dir='ltr'><strong>nec</strong></span> <span class='ocrx_word' id='word_1_37' title='bbox 1288 669 1662 742; x_wconf 87' lang='lat' dir='ltr'><strong>responderunt</strong></span> <span class='ocrx_word' id='word_1_38' title='bbox 1688 671 1859 739; x_wconf 90' lang='lat' dir='ltr'><strong>ultra,</strong></span> 
     </span>
    </p>
   </div>
   <div class='ocr_carea' id='block_1_6' title="bbox 268 756 1139 832">
    <p class='ocr_par' dir='ltr' id='par_1_6' title="bbox 268 756 1139 832">
     <span class='ocr_line' id='line_1_6' title="bbox 268 756 1139 832; baseline 0.008 -23"><span class='ocrx_word' id='word_1_39' title='bbox 268 756 692 828; x_wconf 82' lang='lat' dir='ltr'><strong>abstuleruntque</strong></span> <span class='ocrx_word' id='word_1_40' title='bbox 717 775 750 813; x_wconf 80' lang='grc' dir='ltr'><em>α</em></span> <span class='ocrx_word' id='word_1_41' title='bbox 777 774 831 814; x_wconf 91' lang='lat' dir='ltr'><strong>se</strong></span> <span class='ocrx_word' id='word_1_42' title='bbox 848 760 1139 832; x_wconf 70' lang='lat' dir='ltr'><strong>eloquium.</strong></span> 
     </span>
    </p>
   </div>
   <div class='ocr_carea' id='block_1_7' title="bbox 338 849 1860 926">
    <p class='ocr_par' dir='ltr' id='par_1_7' title="bbox 338 849 1860 926">
     <span class='ocr_line' id='line_1_7' title="bbox 338 849 1860 926; baseline 0.005 -20"><span class='ocrx_word' id='word_1_43' title='bbox 338 850 480 923; x_wconf 75' lang='grc' dir='ltr'><strong>[γει.</strong></span> <span class='ocrx_word' id='word_1_44' title='bbox 532 849 669 926; x_wconf 75' lang='grc' dir='ltr'><strong>ΙΧ.]</strong></span> <span class='ocrx_word' id='word_1_45' title='bbox 707 852 851 911; x_wconf 83' lang='lat' dir='ltr'><strong>Bene</strong></span> <span class='ocrx_word' id='word_1_46' title='bbox 898 854 965 910; x_wconf 92' lang='lat' dir='ltr'><strong>ad</strong></span> <span class='ocrx_word' id='word_1_47' title='bbox 1009 855 1130 912; x_wconf 86' lang='lat' dir='ltr'><strong>Elin</strong></span> <span class='ocrx_word' id='word_1_48' title='bbox 1174 855 1338 913; x_wconf 85' lang='lat' dir='ltr'><strong>verba</strong></span> <span class='ocrx_word' id='word_1_49' title='bbox 1379 857 1537 913; x_wconf 82' lang='lat' dir='ltr'><strong>amici</strong></span> <span class='ocrx_word' id='word_1_50' title='bbox 1577 856 1679 913; x_wconf 81' lang='lat' dir='ltr'><strong>Job</strong></span> <span class='ocrx_word' id='word_1_51' title='bbox 1718 857 1860 913; x_wconf 82' lang='lat' dir='ltr'><strong>exti-</strong></span> 
     </span>
    </p>
   </div>
   <div class='ocr_carea' id='block_1_8' title="bbox 263 943 1858 1021">
    <p class='ocr_par' dir='ltr' id='par_1_8' title="bbox 263 943 1858 1021">
     <span class='ocr_line' id='line_1_8' title="bbox 263 943 1858 1021; baseline 0.006 -23"><span class='ocrx_word' id='word_1_52' title='bbox 263 943 468 1000; x_wconf 88' lang='lat' dir='ltr'><strong>muisse</strong></span> <span class='ocrx_word' id='word_1_53' title='bbox 496 943 829 1014; x_wconf 88' lang='lat' dir='ltr'><strong>referuntur,</strong></span> <span class='ocrx_word' id='word_1_54' title='bbox 855 947 980 1018; x_wconf 83' lang='lat' dir='ltr'><strong>quia</strong></span> <span class='ocrx_word' id='word_1_55' title='bbox 1007 963 1391 1020; x_wconf 85' lang='lat' dir='ltr'><strong>nonnunquam</strong></span> <span class='ocrx_word' id='word_1_56' title='bbox 1417 961 1727 1021; x_wconf 77' lang='lat' dir='ltr'><strong>arrogantes</strong></span> <span class='ocrx_word' id='word_1_57' title='bbox 1755 952 1858 1008; x_wconf 87' lang='lat' dir='ltr'><strong>Ec-</strong></span> 
     </span>
    </p>
   </div>
   <div class='ocr_carea' id='block_1_9' title="bbox 267 1035 1857 1114">
    <p class='ocr_par' dir='ltr' id='par_1_9' title="bbox 267 1035 1857 1114">
     <span class='ocr_line' id='line_1_9' title="bbox 267 1035 1857 1114; baseline 0.006 -23"><span class='ocrx_word' id='word_1_58' title='bbox 267 1035 449 1093; x_wconf 73' lang='lat' dir='ltr'><strong>clesiae</strong></span> <span class='ocrx_word' id='word_1_59' title='bbox 494 1037 839 1105; x_wconf 78' lang='lat' dir='ltr'><strong>defensores,</strong></span> <span class='ocrx_word' id='word_1_60' title='bbox 890 1041 1135 1112; x_wconf 80' lang='lat' dir='ltr'><strong>quamvis</strong></span> <span class='ocrx_word' id='word_1_61' title='bbox 1184 1044 1427 1101; x_wconf 84' lang='lat' dir='ltr'><strong>ordinem</strong></span> <span class='ocrx_word' id='word_1_62' title='bbox 1484 1043 1703 1114; x_wconf 83' lang='lat' dir='ltr'><strong>dicendi</strong></span> <span class='ocrx_word' id='word_1_63' title='bbox 1749 1059 1857 1101; x_wconf 92' lang='lat' dir='ltr'><strong>non</strong></span> 
     </span>
    </p>
   </div>
   <div class='ocr_carea' id='block_1_10' title="bbox 262 1126 1857 1207">
    <p class='ocr_par' dir='ltr' id='par_1_10' title="bbox 262 1126 1857 1207">
     <span class='ocr_line' id='line_1_10' title="bbox 262 1126 1857 1207; baseline 0.009 -26"><span class='ocrx_word' id='word_1_64' title='bbox 262 1134 514 1194; x_wconf 88' lang='lat' dir='ltr'><strong>teneant,</strong></span> <span class='ocrx_word' id='word_1_65' title='bbox 568 1138 747 1188; x_wconf 91' lang='lat' dir='ltr'><strong>tamen</strong></span> <span class='ocrx_word' id='word_1_66' title='bbox 791 1132 1133 1190; x_wconf 83' lang='lat' dir='ltr'><strong>adversarios</strong></span> <span class='ocrx_word' id='word_1_67' title='bbox 1181 1134 1298 1207; x_wconf 82' lang='lat' dir='ltr'><strong>ipsa</strong></span> <span class='ocrx_word' id='word_1_68' title='bbox 1340 1126 1607 1194; x_wconf 77' lang='lat' dir='ltr'><strong>dictorum</strong></span> <span class='ocrx_word' id='word_1_69' title='bbox 1653 1138 1857 1196; x_wconf 90' lang='lat' dir='ltr'><strong>virtute</strong></span> 
     </span>
    </p>
   </div>
   <div class='ocr_carea' id='block_1_11' title="bbox 267 1219 930 1295">
    <p class='ocr_par' dir='ltr' id='par_1_11' title="bbox 267 1219 930 1295">
     <span class='ocr_line' id='line_1_11' title="bbox 267 1219 930 1295; baseline 0.008 -20"><span class='ocrx_word' id='word_1_70' title='bbox 267 1219 605 1290; x_wconf 87' lang='lat' dir='ltr'><strong>perturbant.</strong></span> <span class='ocrx_word' id='word_1_71' title='bbox 637 1222 892 1295; x_wconf 87' lang='lat' dir='ltr'><strong>Sequitur</strong></span> <span class='ocrx_word' id='word_1_72' title='bbox 916 1243 930 1280; x_wconf 86' lang='lat'><strong>:</strong></span> 
     </span>
    </p>
   </div>
   <div class='ocr_carea' id='block_1_12' title="bbox 882 1337 1220 1399">
    <p class='ocr_par' dir='ltr' id='par_1_12' title="bbox 882 1337 1220 1399">
     <span class='ocr_line' id='line_1_12' title="bbox 882 1337 1220 1399; baseline 0.012 -7"><span class='ocrx_word' id='word_1_73' title='bbox 882 1337 1111 1399; x_wconf 81' lang='lat' dir='ltr'><strong>CAPUT</strong></span> <span class='ocrx_word' id='word_1_74' title='bbox 1150 1338 1220 1396; x_wconf 72' lang='grc' dir='ltr'><strong>Σ.</strong></span> 
     </span>
    </p>
   </div>
   <div class='ocr_carea' id='block_1_13' title="bbox 330 1425 1854 1505">
    <p class='ocr_par' dir='ltr' id='par_1_13' title="bbox 330 1425 1854 1505">
     <span class='ocr_line' id='line_1_13' title="bbox 330 1425 1854 1505; baseline 0.007 -23"><span class='ocrx_word' id='word_1_75' title='bbox 330 1425 497 1483; x_wconf 74' lang='lat' dir='ltr'><strong>Vsus.</strong></span> <span class='ocrx_word' id='word_1_76' title='bbox 542 1426 907 1502; x_wconf 74' lang='lat' dir='ltr'><strong>l6.—739</strong></span> <span class='ocrx_word' id='word_1_77' title='bbox 935 1430 1193 1499; x_wconf 73' lang='lat' dir='ltr'><strong>Quoniam</strong></span> <span class='ocrx_word' id='word_1_78' title='bbox 1233 1431 1393 1503; x_wconf 78' lang='lat' dir='ltr'><strong>igitur</strong></span> <span class='ocrx_word' id='word_1_79' title='bbox 1437 1435 1761 1505; x_wconf 60' lang='lat' dir='ltr'><strong>exspectavi,</strong></span> <span class='ocrx_word' id='word_1_80' title='bbox 1802 1446 1854 1493; x_wconf 86' lang='lat' dir='ltr'><strong>et</strong></span> 
     </span>
    </p>
   </div>
   <div class='ocr_carea' id='block_1_14' title="bbox 256 1521 1744 1597">
    <p class='ocr_par' dir='ltr' id='par_1_14' title="bbox 256 1521 1744 1597">
     <span class='ocr_line' id='line_1_14' title="bbox 256 1521 1744 1597; baseline 0.007 -22"><span class='ocrx_word' id='word_1_81' title='bbox 256 1534 363 1576; x_wconf 78' lang='lat' dir='ltr'><strong>non</strong></span> <span class='ocrx_word' id='word_1_82' title='bbox 386 1529 507 1576; x_wconf 77' lang='lat' dir='ltr'><strong>sunt</strong></span> <span class='ocrx_word' id='word_1_83' title='bbox 536 1521 731 1588; x_wconf 80' lang='lat' dir='ltr'><strong>locuti;</strong></span> <span class='ocrx_word' id='word_1_84' title='bbox 760 1532 1037 1592; x_wconf 78' lang='lat' dir='ltr'><strong>steterunt,</strong></span> <span class='ocrx_word' id='word_1_85' title='bbox 1072 1542 1165 1581; x_wconf 81' lang='lat' dir='ltr'><strong>nec</strong></span> <span class='ocrx_word' id='word_1_86' title='bbox 1189 1526 1564 1597; x_wconf 87' lang='lat' dir='ltr'><strong>responderunt</strong></span> <span class='ocrx_word' id='word_1_87' title='bbox 1588 1530 1744 1585; x_wconf 88' lang='lat' dir='ltr'><strong>ultra.</strong></span> 
     </span>
    </p>
   </div>
   <div class='ocr_carea' id='block_1_15' title="bbox 327 1616 1853 1696">
    <p class='ocr_par' dir='ltr' id='par_1_15' title="bbox 327 1616 1853 1696">
     <span class='ocr_line' id='line_1_15' title="bbox 327 1616 1853 1696; baseline 0.005 -26"><span class='ocrx_word' id='word_1_88' title='bbox 327 1616 417 1672; x_wconf 84' lang='lat' dir='ltr'><strong>l7.</strong></span> <span class='ocrx_word' id='word_1_89' title='bbox 460 1616 709 1675; x_wconf 75' lang='lat' dir='ltr'><strong>Errantes</strong></span> <span class='ocrx_word' id='word_1_90' title='bbox 761 1620 887 1676; x_wconf 78' lang='lat' dir='ltr'><strong>dum</strong></span> <span class='ocrx_word' id='word_1_91' title='bbox 941 1621 1311 1696; x_wconf 67' lang='lat' dir='ltr'><strong>redarguunt,</strong></span> <span class='ocrx_word' id='word_1_92' title='bbox 1347 1640 1496 1680; x_wconf 85' lang='lat' dir='ltr'><strong>suam</strong></span> <span class='ocrx_word' id='word_1_93' title='bbox 1546 1623 1853 1694; x_wconf 90' lang='lat' dir='ltr'><strong>sapientiam</strong></span> 
     </span>
    </p>
   </div>
   <div class='ocr_carea' id='block_1_16' title="bbox 253 1712 1845 1788">
    <p class='ocr_par' dir='ltr' id='par_1_16' title="bbox 253 1712 1845 1788">
     <span class='ocr_line' id='line_1_16' title="bbox 253 1712 1845 1788; baseline 0.003 -22"><span class='ocrx_word' id='word_1_94' title='bbox 253 1712 512 1767; x_wconf 67' lang='lat' dir='ltr'><strong>Manere</strong></span> <span class='ocrx_word' id='word_1_95' title='bbox 546 1721 749 1768; x_wconf 74' lang='lat' dir='ltr'><strong>tantum</strong></span> <span class='ocrx_word' id='word_1_96' title='bbox 780 1714 1031 1786; x_wconf 74' lang='lat' dir='ltr'><strong>cupiunt,</strong></span> <span class='ocrx_word' id='word_1_97' title='bbox 1066 1731 1170 1770; x_wconf 89' lang='lat' dir='ltr'><strong>nen</strong></span> <span class='ocrx_word' id='word_1_98' title='bbox 1208 1716 1329 1771; x_wconf 82' lang='lat' dir='ltr'><strong>aliis</strong></span> <span class='ocrx_word' id='word_1_99' title='bbox 1368 1715 1634 1788; x_wconf 84' lang='lat' dir='ltr'><strong>prodesse.</strong></span> <span class='ocrx_word' id='word_1_100' title='bbox 1680 1715 1845 1772; x_wconf 76' lang='lat' dir='ltr'><strong>Serus</strong></span> 
     </span>
    </p>
   </div>
   <div class='ocr_carea' id='block_1_17' title="bbox 254 1803 1841 1878">
    <p class='ocr_par' dir='ltr' id='par_1_17' title="bbox 254 1803 1841 1878">
     <span class='ocr_line' id='line_1_17' title="bbox 254 1803 1841 1878; baseline 0.003 -19"><span class='ocrx_word' id='word_1_101' title='bbox 254 1803 374 1860; x_wconf 77' lang='lat' dir='ltr'><strong>boni</strong></span> <span class='ocrx_word' id='word_1_102' title='bbox 391 1806 773 1875; x_wconf 71' lang='lat' dir='ltr'><strong>prcdieateres.</strong></span> <span class='ocrx_word' id='word_1_103' title='bbox 790 1838 861 1848; x_wconf 92' lang='lat'><strong>-—</strong></span> <span class='ocrx_word' id='word_1_104' title='bbox 876 1806 1029 1865; x_wconf 72' lang='lat' dir='ltr'><strong>Finis</strong></span> <span class='ocrx_word' id='word_1_105' title='bbox 1056 1822 1176 1865; x_wconf 83' lang='lat' dir='ltr'><strong>esse</strong></span> <span class='ocrx_word' id='word_1_106' title='bbox 1204 1808 1487 1865; x_wconf 82' lang='lat' dir='ltr'><strong>locutionis</strong></span> <span class='ocrx_word' id='word_1_107' title='bbox 1517 1808 1841 1878; x_wconf 85' lang='lat' dir='ltr'><strong>sapientium</strong></span> 
     </span>
    </p>
   </div>
   <div class='ocr_carea' id='block_1_18' title="bbox 1969 566 3553 652">
    <p class='ocr_par' dir='ltr' id='par_1_18' title="bbox 1969 566 3553 652">
     <span class='ocr_line' id='line_1_18' title="bbox 1969 566 3553 652; baseline 0.012 -20"><span class='ocrx_word' id='word_1_108' title='bbox 1969 566 2108 633; x_wconf 85' lang='lat' dir='ltr'><strong>nihil</strong></span> <span class='ocrx_word' id='word_1_109' title='bbox 2148 592 2210 636; x_wconf 90' lang='lat' dir='ltr'><strong>se</strong></span> <span class='ocrx_word' id='word_1_110' title='bbox 2247 582 2521 652; x_wconf 87' lang='lat' dir='ltr'><strong>accepisse</strong></span> <span class='ocrx_word' id='word_1_111' title='bbox 2562 583 2929 652; x_wconf 68' lang='lat' dir='ltr'><strong>aastimant,si</strong></span> <span class='ocrx_word' id='word_1_112' title='bbox 2970 585 3108 645; x_wconf 89' lang='lat' dir='ltr'><strong>hanc</strong></span> <span class='ocrx_word' id='word_1_113' title='bbox 3149 600 3248 648; x_wconf 86' lang='lat' dir='ltr'><strong>eos</strong></span> <span class='ocrx_word' id='word_1_114' title='bbox 3287 566 3553 652; x_wconf 80' lang='lat' dir='ltr'><strong>occultam</strong></span> 
     </span>
    </p>
   </div>
   <div class='ocr_carea' id='block_1_19' title="bbox 1965 670 3553 757">
    <p class='ocr_par' dir='ltr' id='par_1_19' title="bbox 1965 670 3553 757">
     <span class='ocr_line' id='line_1_19' title="bbox 1965 670 3553 757; baseline 0.012 -30"><span class='ocrx_word' id='word_1_115' title='bbox 1965 670 2171 729; x_wconf 87' lang='lat' dir='ltr'><strong>habere</strong></span> <span class='ocrx_word' id='word_1_116' title='bbox 2216 674 2512 757; x_wconf 88' lang='lat' dir='ltr'><strong>contingat.</strong></span> <span class='ocrx_word' id='word_1_117' title='bbox 2546 674 2816 747; x_wconf 83' lang='lat' dir='ltr'><strong>Nusquam</strong></span> <span class='ocrx_word' id='word_1_118' title='bbox 2844 677 3041 750; x_wconf 88' lang='lat' dir='ltr'><strong>quippe</strong></span> <span class='ocrx_word' id='word_1_119' title='bbox 3077 694 3231 738; x_wconf 90' lang='lat' dir='ltr'><strong>suum</strong></span> <span class='ocrx_word' id='word_1_120' title='bbox 3269 686 3553 757; x_wconf 87' lang='lat' dir='ltr'><strong>gaudium,</strong></span> 
     </span>
    </p>
   </div>
   <div class='ocr_carea' id='block_1_20' title="bbox 1964 754 3552 853">
    <p class='ocr_par' dir='ltr' id='par_1_20' title="bbox 1964 754 3552 853">
     <span class='ocr_line' id='line_1_20' title="bbox 1964 754 3552 853; baseline 0.014 -35"><span class='ocrx_word' id='word_1_121' title='bbox 1964 763 2069 819; x_wconf 87' lang='lat' dir='ltr'><strong>nisi</strong></span> <span class='ocrx_word' id='word_1_122' title='bbox 2098 763 2152 819; x_wconf 92' lang='lat' dir='ltr'><strong>in</strong></span> <span class='ocrx_word' id='word_1_123' title='bbox 2180 778 2275 821; x_wconf 91' lang='lat' dir='ltr'><strong>ore</strong></span> <span class='ocrx_word' id='word_1_124' title='bbox 2303 765 2578 853; x_wconf 81' lang='lat' dir='ltr'><strong>hominum</strong></span> <span class='ocrx_word' id='word_1_125' title='bbox 2607 780 2833 839; x_wconf 89' lang='lat' dir='ltr'><strong>ponunt.</strong></span> <span class='ocrx_word' id='word_1_126' title='bbox 2866 758 3018 829; x_wconf 83' lang='lat' dir='ltr'><strong>Unde</strong></span> <span class='ocrx_word' id='word_1_127' title='bbox 3046 768 3102 830; x_wconf 85' lang='lat' dir='ltr'><strong>et</strong></span> <span class='ocrx_word' id='word_1_128' title='bbox 3125 754 3295 834; x_wconf 75' lang='lat' dir='ltr'><strong>fatuae</strong></span> <span class='ocrx_word' id='word_1_129' title='bbox 3317 754 3552 853; x_wconf 78' lang='lat' dir='ltr'><strong>virgines</strong></span> 
     </span>
    </p>
   </div>
   <div class='ocr_carea' id='block_1_21' title="bbox 1962 853 3551 946">
    <p class='ocr_par' dir='ltr' id='par_1_21' title="bbox 1962 853 3551 946">
     <span class='ocr_line' id='line_1_21' title="bbox 1962 853 3551 946; baseline 0.014 -36"><span class='ocrx_word' id='word_1_130' title='bbox 1962 853 2017 911; x_wconf 94' lang='lat' dir='ltr'><strong>in</strong></span> <span class='ocrx_word' id='word_1_131' title='bbox 2044 858 2188 913; x_wconf 83' lang='lat' dir='ltr'><strong>vasis</strong></span> <span class='ocrx_word' id='word_1_132' title='bbox 2216 858 2329 915; x_wconf 88' lang='lat' dir='ltr'><strong>suis</strong></span> <span class='ocrx_word' id='word_1_133' title='bbox 2353 859 2531 917; x_wconf 90' lang='lat' dir='ltr'><strong>oleum</strong></span> <span class='ocrx_word' id='word_1_134' title='bbox 2555 877 2660 919; x_wconf 91' lang='lat' dir='ltr'><strong>non</strong></span> <span class='ocrx_word' id='word_1_135' title='bbox 2682 865 2976 936; x_wconf 89' lang='lat' dir='ltr'><strong>sumpsisse</strong></span> <span class='ocrx_word' id='word_1_136' title='bbox 3002 870 3308 930; x_wconf 88' lang='lat' dir='ltr'><strong>referuntur</strong></span> <span class='ocrx_word' id='word_1_137' title='bbox 3334 876 3551 946; x_wconf 74' lang='lat' dir='ltr'><strong>(Matth.</strong></span> 
     </span>
    </p>
   </div>
   <div class='ocr_carea' id='block_1_22' title="bbox 1960 950 3555 1041">
    <p class='ocr_par' dir='ltr' id='par_1_22' title="bbox 1960 950 3555 1041">
     <span class='ocr_line' id='line_1_22' title="bbox 1960 950 3555 1041; baseline 0.016 -38"><span class='ocrx_word' id='word_1_138' title='bbox 1960 963 2086 1041; x_wconf 51' lang='grc' dir='ltr'><strong>διν,</strong></span> <span class='ocrx_word' id='word_1_139' title='bbox 2112 950 2167 1022; x_wconf 79' lang='grc'><strong>3)</strong></span> <span class='ocrx_word' id='word_1_140' title='bbox 2191 992 2206 1018; x_wconf 89' lang='grc'><em>,</em></span> <span class='ocrx_word' id='word_1_141' title='bbox 2238 951 2361 1021; x_wconf 89' lang='lat' dir='ltr'><strong>quia</strong></span> <span class='ocrx_word' id='word_1_142' title='bbox 2390 960 2706 1026; x_wconf 86' lang='lat' dir='ltr'><strong>arrogantes</strong></span> <span class='ocrx_word' id='word_1_143' title='bbox 2733 974 2923 1017; x_wconf 89' lang='lat' dir='ltr'><strong>omnes</strong></span> <span class='ocrx_word' id='word_1_144' title='bbox 2950 976 3073 1020; x_wconf 87' lang='lat' dir='ltr'><strong>cum</strong></span> <span class='ocrx_word' id='word_1_145' title='bbox 3102 980 3165 1023; x_wconf 89' lang='lat' dir='ltr'><strong>se</strong></span> <span class='ocrx_word' id='word_1_146' title='bbox 3191 966 3260 1024; x_wconf 90' lang='lat' dir='ltr'><strong>ab</strong></span> <span class='ocrx_word' id='word_1_147' title='bbox 3288 968 3555 1041; x_wconf 89' lang='lat' dir='ltr'><strong>aliquibus</strong></span> 
     </span>
    </p>
   </div>
   <div class='ocr_carea' id='block_1_23' title="bbox 1960 1038 3553 1129">
    <p class='ocr_par' dir='ltr' id='par_1_23' title="bbox 1960 1038 3553 1129">
     <span class='ocr_line' id='line_1_23' title="bbox 1960 1038 3553 1129; baseline 0.016 -33"><span class='ocrx_word' id='word_1_148' title='bbox 1960 1038 2189 1101; x_wconf 87' lang='lat' dir='ltr'><strong>fortasse</strong></span> <span class='ocrx_word' id='word_1_149' title='bbox 2230 1045 2381 1129; x_wconf 80' lang='lat' dir='ltr'><strong>vitiis</strong></span> <span class='ocrx_word' id='word_1_150' title='bbox 2424 1050 2728 1120; x_wconf 84' lang='lat' dir='ltr'><strong>continent,</strong></span> <span class='ocrx_word' id='word_1_151' title='bbox 2774 1053 2972 1111; x_wconf 92' lang='lat' dir='ltr'><strong>bonum</strong></span> <span class='ocrx_word' id='word_1_152' title='bbox 3016 1042 3203 1128; x_wconf 70' lang='lat' dir='ltr'><strong>gloria:</strong></span> <span class='ocrx_word' id='word_1_153' title='bbox 3250 1038 3394 1118; x_wconf 75' lang='lat' dir='ltr'><strong>intra</strong></span> <span class='ocrx_word' id='word_1_154' title='bbox 3421 1079 3553 1120; x_wconf 86' lang='lat' dir='ltr'><strong>con-</strong></span> 
     </span>
    </p>
   </div>
   <div class='ocr_carea' id='block_1_24' title="bbox 1958 1138 3553 1229">
    <p class='ocr_par' dir='ltr' id='par_1_24' title="bbox 1958 1138 3553 1229">
     <span class='ocr_line' id='line_1_24' title="bbox 1958 1138 3553 1229; baseline 0.013 -34"><span class='ocrx_word' id='word_1_155' title='bbox 1958 1138 2209 1196; x_wconf 85' lang='lat' dir='ltr'><strong>scientias</strong></span> <span class='ocrx_word' id='word_1_156' title='bbox 2237 1140 2437 1227; x_wconf 87' lang='lat' dir='ltr'><strong>habere</strong></span> <span class='ocrx_word' id='word_1_157' title='bbox 2462 1159 2570 1201; x_wconf 91' lang='lat' dir='ltr'><strong>non</strong></span> <span class='ocrx_word' id='word_1_158' title='bbox 2600 1156 2846 1217; x_wconf 89' lang='lat' dir='ltr'><strong>possunt.</strong></span> <span class='ocrx_word' id='word_1_159' title='bbox 2878 1149 2935 1206; x_wconf 87' lang='lat' dir='ltr'><strong>In</strong></span> <span class='ocrx_word' id='word_1_160' title='bbox 2965 1165 3097 1210; x_wconf 90' lang='lat' dir='ltr'><strong>vase</strong></span> <span class='ocrx_word' id='word_1_161' title='bbox 3124 1163 3302 1212; x_wconf 89' lang='lat' dir='ltr'><strong>autem</strong></span> <span class='ocrx_word' id='word_1_162' title='bbox 3332 1158 3553 1229; x_wconf 90' lang='lat' dir='ltr'><strong>proprio</strong></span> 
     </span>
    </p>
   </div>
   <div class='ocr_carea' id='block_1_25' title="bbox 1958 1232 3553 1311">
    <p class='ocr_par' dir='ltr' id='par_1_25' title="bbox 1958 1232 3553 1311">
     <span class='ocr_line' id='line_1_25' title="bbox 1958 1232 3553 1311; baseline 0.014 -27"><span class='ocrx_word' id='word_1_163' title='bbox 1958 1242 2264 1301; x_wconf 86' lang='lat' dir='ltr'><strong>sumpserat</strong></span> <span class='ocrx_word' id='word_1_164' title='bbox 2292 1232 2491 1290; x_wconf 87' lang='lat' dir='ltr'><strong>Paulus</strong></span> <span class='ocrx_word' id='word_1_165' title='bbox 2520 1237 2698 1294; x_wconf 90' lang='lat' dir='ltr'><strong>oleum</strong></span> <span class='ocrx_word' id='word_1_166' title='bbox 2719 1277 2736 1305; x_wconf 95' lang='lat'><strong>,</strong></span> <span class='ocrx_word' id='word_1_167' title='bbox 2766 1239 2857 1311; x_wconf 90' lang='lat' dir='ltr'><strong>qui</strong></span> <span class='ocrx_word' id='word_1_168' title='bbox 2882 1241 3100 1299; x_wconf 89' lang='lat' dir='ltr'><strong>dicebat</strong></span> <span class='ocrx_word' id='word_1_169' title='bbox 3125 1262 3138 1299; x_wconf 91' lang='lat'><strong>:</strong></span> <span class='ocrx_word' id='word_1_170' title='bbox 3167 1244 3348 1302; x_wconf 84' lang='lat' dir='ltr'><strong>Gloria</strong></span> <span class='ocrx_word' id='word_1_171' title='bbox 3375 1258 3553 1307; x_wconf 80' lang='lat' dir='ltr'><strong>nostra</strong></span> 
     </span>
    </p>
   </div>
   <div class='ocr_carea' id='block_1_26' title="bbox 1958 1321 3548 1411">
    <p class='ocr_par' dir='ltr' id='par_1_26' title="bbox 1958 1321 3548 1411">
     <span class='ocr_line' id='line_1_26' title="bbox 1958 1321 3548 1411; baseline 0.013 -35"><span class='ocrx_word' id='word_1_172' title='bbox 1958 1321 2067 1377; x_wconf 74' lang='lat' dir='ltr'><strong>liceo</strong></span> <span class='ocrx_word' id='word_1_173' title='bbox 2093 1333 2167 1407; x_wconf 77' lang='lat' dir='ltr'><strong>est</strong></span> <span class='ocrx_word' id='word_1_174' title='bbox 2192 1366 2206 1391; x_wconf 93' lang='lat'><strong>,</strong></span> <span class='ocrx_word' id='word_1_175' title='bbox 2239 1327 2584 1383; x_wconf 87' lang='lat' dir='ltr'><strong>testimonium</strong></span> <span class='ocrx_word' id='word_1_176' title='bbox 2613 1331 2943 1411; x_wconf 79' lang='lat' dir='ltr'><strong>conscientia:</strong></span> <span class='ocrx_word' id='word_1_177' title='bbox 2980 1345 3166 1391; x_wconf 66' lang='lat' dir='ltr'><strong>nostris</strong></span> <span class='ocrx_word' id='word_1_178' title='bbox 3203 1324 3307 1409; x_wconf 85' lang='grc' dir='ltr'><strong>(ΙΙ</strong></span> <span class='ocrx_word' id='word_1_179' title='bbox 3342 1339 3464 1396; x_wconf 89' lang='lat' dir='ltr'><strong>Cor.</strong></span> <span class='ocrx_word' id='word_1_180' title='bbox 3494 1357 3548 1411; x_wconf 82' lang='grc' dir='ltr'><strong>ι,</strong></span> 
     </span>
    </p>
   </div>
   <div class='ocr_carea' id='block_1_27' title="bbox 1957 1410 3551 1491">
    <p class='ocr_par' dir='ltr' id='par_1_27' title="bbox 1957 1410 3551 1491">
     <span class='ocr_line' id='line_1_27' title="bbox 1957 1410 3551 1491; baseline 0.014 -24"><span class='ocrx_word' id='word_1_181' title='bbox 1957 1413 2076 1484; x_wconf 75' lang='grc'><strong>12).</strong></span> <span class='ocrx_word' id='word_1_182' title='bbox 2106 1414 2269 1474; x_wconf 89' lang='lat' dir='ltr'><strong>lnane</strong></span> <span class='ocrx_word' id='word_1_183' title='bbox 2295 1433 2424 1489; x_wconf 90' lang='lat' dir='ltr'><strong>ergo</strong></span> <span class='ocrx_word' id='word_1_184' title='bbox 2447 1423 2727 1477; x_wconf 84' lang='lat' dir='ltr'><strong>vasculum</strong></span> <span class='ocrx_word' id='word_1_185' title='bbox 2754 1410 2895 1480; x_wconf 86' lang='lat' dir='ltr'><strong>ferre</strong></span> <span class='ocrx_word' id='word_1_186' title='bbox 2916 1434 3002 1481; x_wconf 88' lang='lat' dir='ltr'><strong>est</strong></span> <span class='ocrx_word' id='word_1_187' title='bbox 3026 1424 3170 1483; x_wconf 86' lang='lat' dir='ltr'><strong>intus</strong></span> <span class='ocrx_word' id='word_1_188' title='bbox 3193 1430 3357 1487; x_wconf 90' lang='lat' dir='ltr'><strong>corde</strong></span> <span class='ocrx_word' id='word_1_189' title='bbox 3382 1410 3551 1491; x_wconf 86' lang='lat' dir='ltr'><strong>vacuo</strong></span> 
     </span>
    </p>
   </div>
   <div class='ocr_carea' id='block_1_28' title="bbox 1954 1502 3543 1597">
    <p class='ocr_par' dir='ltr' id='par_1_28' title="bbox 1954 1502 3543 1597">
     <span class='ocr_line' id='line_1_28' title="bbox 1954 1502 3543 1597; baseline 0.013 -36"><span class='ocrx_word' id='word_1_190' title='bbox 1954 1502 1983 1545; x_wconf 70' lang='grc' dir='ltr'><strong>ι’</strong></span> <span class='ocrx_word' id='word_1_191' title='bbox 2014 1506 2533 1597; x_wconf 25' lang='lat' dir='ltr'><strong>forishu&#39;mani‘oris</strong></span> <span class='ocrx_word' id='word_1_192' title='bbox 2558 1504 2822 1586; x_wconf 86' lang='lat' dir='ltr'><strong>judicium</strong></span> <span class='ocrx_word' id='word_1_193' title='bbox 2864 1526 3133 1589; x_wconf 64' lang='lat' dir='ltr'><strong>quaerere.</strong></span> <span class='ocrx_word' id='word_1_194' title='bbox 3167 1516 3289 1578; x_wconf 81' lang='lat' dir='ltr'><strong>Elin</strong></span> <span class='ocrx_word' id='word_1_195' title='bbox 3327 1525 3506 1597; x_wconf 86' lang='lat' dir='ltr'><strong>itaque</strong></span> <span class='ocrx_word' id='word_1_196' title='bbox 3528 1571 3543 1596; x_wconf 90' lang='lat'><strong>,</strong></span> 
     </span>
    </p>
   </div>
   <div class='ocr_carea' id='block_1_29' title="bbox 1953 1590 3548 1691">
    <p class='ocr_par' dir='ltr' id='par_1_29' title="bbox 1953 1590 3548 1691">
     <span class='ocr_line' id='line_1_29' title="bbox 1953 1590 3548 1691; baseline 0.014 -39"><span class='ocrx_word' id='word_1_197' title='bbox 1953 1598 2076 1670; x_wconf 85' lang='lat' dir='ltr'><strong>quia</strong></span> <span class='ocrx_word' id='word_1_198' title='bbox 2117 1590 2339 1673; x_wconf 84' lang='lat' dir='ltr'><strong>gloriam</strong></span> <span class='ocrx_word' id='word_1_199' title='bbox 2370 1590 2511 1691; x_wconf 76' lang='lat' dir='ltr'><strong>dum</strong></span> <span class='ocrx_word' id='word_1_200' title='bbox 2559 1606 2796 1665; x_wconf 83' lang='lat' dir='ltr'><strong>exterius</strong></span> <span class='ocrx_word' id='word_1_201' title='bbox 2836 1604 3026 1680; x_wconf 69' lang='lat' dir='ltr'><strong>quaerit</strong></span> <span class='ocrx_word' id='word_1_202' title='bbox 3066 1600 3208 1671; x_wconf 84' lang='lat' dir='ltr'><strong>intra</strong></span> <span class='ocrx_word' id='word_1_203' title='bbox 3250 1631 3343 1672; x_wconf 82' lang='lat' dir='ltr'><strong>vas</strong></span> <span class='ocrx_word' id='word_1_204' title='bbox 3372 1590 3548 1675; x_wconf 75' lang='lat' dir='ltr'><strong>oleum</strong></span> 
     </span>
    </p>
   </div>
   <div class='ocr_carea' id='block_1_30' title="bbox 1954 1688 3547 1778">
    <p class='ocr_par' dir='ltr' id='par_1_30' title="bbox 1954 1688 3547 1778">
     <span class='ocr_line' id='line_1_30' title="bbox 1954 1688 3547 1778; baseline 0.013 -33"><span class='ocrx_word' id='word_1_205' title='bbox 1954 1707 2060 1746; x_wconf 92' lang='lat' dir='ltr'><strong>non</strong></span> <span class='ocrx_word' id='word_1_206' title='bbox 2104 1692 2298 1761; x_wconf 88' lang='lat' dir='ltr'><strong>habet,</strong></span> <span class='ocrx_word' id='word_1_207' title='bbox 2344 1688 2475 1751; x_wconf 79' lang='lat' dir='ltr'><strong>dicit</strong></span> <span class='ocrx_word' id='word_1_208' title='bbox 2502 1715 2517 1753; x_wconf 87' lang='lat'><strong>:</strong></span> <span class='ocrx_word' id='word_1_209' title='bbox 2548 1690 2886 1767; x_wconf 82' lang='lat' dir='ltr'><strong>Respondebo</strong></span> <span class='ocrx_word' id='word_1_210' title='bbox 2915 1698 2960 1757; x_wconf 85' lang='lat' dir='ltr'><strong>et</strong></span> <span class='ocrx_word' id='word_1_211' title='bbox 2991 1720 3082 1776; x_wconf 84' lang='lat' dir='ltr'><strong>ego</strong></span> <span class='ocrx_word' id='word_1_212' title='bbox 3110 1715 3309 1775; x_wconf 76' lang='lat' dir='ltr'><strong>partem</strong></span> <span class='ocrx_word' id='word_1_213' title='bbox 3348 1726 3547 1778; x_wconf 90' lang='lat' dir='ltr'><strong>meam,</strong></span> 
     </span>
    </p>
   </div>
   <div class='ocr_carea' id='block_1_31' title="bbox 1952 1787 3545 1873">
    <p class='ocr_par' dir='ltr' id='par_1_31' title="bbox 1952 1787 3545 1873">
     <span class='ocr_line' id='line_1_31' title="bbox 1952 1787 3545 1873; baseline 0.015 -37"><span class='ocrx_word' id='word_1_214' title='bbox 1952 1794 2000 1837; x_wconf 88' lang='lat' dir='ltr'><strong>et</strong></span> <span class='ocrx_word' id='word_1_215' title='bbox 2042 1787 2302 1841; x_wconf 82' lang='lat' dir='ltr'><strong>ostendam</strong></span> <span class='ocrx_word' id='word_1_216' title='bbox 2347 1789 2612 1845; x_wconf 81' lang='lat' dir='ltr'><strong>scientiam</strong></span> <span class='ocrx_word' id='word_1_217' title='bbox 2652 1808 2839 1849; x_wconf 86' lang='lat' dir='ltr'><strong>meam.</strong></span> <span class='ocrx_word' id='word_1_218' title='bbox 2890 1794 3046 1853; x_wconf 83' lang='lat' dir='ltr'><strong>Unde</strong></span> <span class='ocrx_word' id='word_1_219' title='bbox 3087 1809 3143 1854; x_wconf 87' lang='lat' dir='ltr'><strong>et</strong></span> <span class='ocrx_word' id='word_1_220' title='bbox 3188 1788 3291 1857; x_wconf 89' lang='lat' dir='ltr'><strong>hoc</strong></span> <span class='ocrx_word' id='word_1_221' title='bbox 3334 1802 3545 1873; x_wconf 82' lang='lat' dir='ltr'><strong>ipsum,</strong></span> 
     </span>
    </p>
   </div>
   <div class='ocr_carea' id='block_1_32' title="bbox 256 1872 3587 1970">
    <p class='ocr_par' dir='ltr' id='par_1_32' title="bbox 256 1872 3587 1970">
     <span class='ocr_line' id='line_1_32' title="bbox 256 1872 3587 1970; baseline 0.008 -40"><span class='ocrx_word' id='word_1_222' title='bbox 256 1872 424 1964; x_wconf 53' lang='lat' dir='ltr'><strong>me.&quot;</strong></span> <span class='ocrx_word' id='word_1_223' title='bbox 460 1904 516 1952; x_wconf 70' lang='grc' dir='ltr'><strong>,κ</strong></span> <span class='ocrx_word' id='word_1_224' title='bbox 554 1912 621 1955; x_wconf 64' lang='lat' dir='ltr'><strong>eo</strong></span> <span class='ocrx_word' id='word_1_225' title='bbox 659 1912 830 1970; x_wconf 51' lang='lat' dir='ltr'><strong>usque</strong></span> <span class='ocrx_word' id='word_1_226' title='bbox 860 1897 1042 1955; x_wconf 56' lang='lat' dir='ltr'><strong>dicam</strong></span> <span class='ocrx_word' id='word_1_227' title='bbox 1090 1915 1197 1967; x_wconf 64' lang='lat' dir='ltr'><strong>quo</strong></span> <span class='ocrx_word' id='word_1_228' title='bbox 1227 1900 1554 1956; x_wconf 53' lang='lat' dir='ltr'><strong>adversariis</strong></span> <span class='ocrx_word' id='word_1_229' title='bbox 1579 1872 1852 1956; x_wconf 48' lang='lat' dir='ltr'><strong>gilemium</strong></span> <span class='ocrx_word' id='word_1_230' title='bbox 1883 1895 1934 1959; x_wconf 73' lang='grc' dir='ltr'><em>Β</em></span> <span class='ocrx_word' id='word_1_231' title='bbox 1958 1875 2100 1946; x_wconf 90' lang='lat' dir='ltr'><strong>quod</strong></span> <span class='ocrx_word' id='word_1_232' title='bbox 2142 1876 2211 1935; x_wconf 90' lang='lat' dir='ltr'><strong>de</strong></span> <span class='ocrx_word' id='word_1_233' title='bbox 2252 1879 2463 1937; x_wconf 82' lang='lat' dir='ltr'><strong>fervore</strong></span> <span class='ocrx_word' id='word_1_234' title='bbox 2503 1897 2654 1967; x_wconf 62' lang='lat' dir='ltr'><strong>vana:</strong></span> <span class='ocrx_word' id='word_1_235' title='bbox 2694 1882 2880 1955; x_wconf 71' lang='lat' dir='ltr'><strong>gloriae</strong></span> <span class='ocrx_word' id='word_1_236' title='bbox 2920 1872 3065 1947; x_wconf 88' lang='lat' dir='ltr'><strong>intus</strong></span> <span class='ocrx_word' id='word_1_237' title='bbox 3108 1892 3331 1963; x_wconf 86' lang='lat' dir='ltr'><strong>patitur,</strong></span> <span class='ocrx_word' id='word_1_238' title='bbox 3362 1872 3546 1955; x_wconf 77' lang='lat' dir='ltr'><strong>verbis</strong></span> <span class='ocrx_word' id='word_1_239' title='bbox 3584 1902 3587 1905; x_wconf 78' lang='grc'><em>’</em></span> 
     </span>
    </p>
   </div>
   <div class='ocr_carea' id='block_1_33' title="bbox 260 1976 1848 2062">
    <p class='ocr_par' dir='ltr' id='par_1_33' title="bbox 260 1976 1848 2062">
     <span class='ocr_line' id='line_1_33' title="bbox 260 1976 1848 2062; baseline 0.001 -17"><span class='ocrx_word' id='word_1_240' title='bbox 260 1989 555 2061; x_wconf 74' lang='lat' dir='ltr'><strong>impartam.</strong></span> <span class='ocrx_word' id='word_1_241' title='bbox 590 1991 709 2047; x_wconf 71' lang='lat' dir='ltr'><strong>Non</strong></span> <span class='ocrx_word' id='word_1_242' title='bbox 733 1992 877 2050; x_wconf 79' lang='lat' dir='ltr'><strong>enim</strong></span> <span class='ocrx_word' id='word_1_243' title='bbox 906 2007 967 2048; x_wconf 91' lang='lat' dir='ltr'><strong>se</strong></span> <span class='ocrx_word' id='word_1_244' title='bbox 993 1992 1307 2059; x_wconf 82' lang='lat' dir='ltr'><strong>ostendere,</strong></span> <span class='ocrx_word' id='word_1_245' title='bbox 1335 1993 1429 2049; x_wconf 91' lang='lat' dir='ltr'><strong>sed</strong></span> <span class='ocrx_word' id='word_1_246' title='bbox 1460 1976 1633 2062; x_wconf 79' lang='lat' dir='ltr'><strong>prava</strong></span> <span class='ocrx_word' id='word_1_247' title='bbox 1651 1992 1848 2047; x_wconf 86' lang='lat' dir='ltr'><strong>docen-</strong></span> 
     </span>
    </p>
   </div>
   <div class='ocr_carea' id='block_1_34' title="bbox 262 2086 1848 2158">
    <p class='ocr_par' dir='ltr' id='par_1_34' title="bbox 262 2086 1848 2158">
     <span class='ocr_line' id='line_1_34' title="bbox 262 2086 1848 2158; baseline 0.001 -18"><span class='ocrx_word' id='word_1_248' title='bbox 262 2092 351 2140; x_wconf 79' lang='lat' dir='ltr'><strong>tes</strong></span> <span class='ocrx_word' id='word_1_249' title='bbox 386 2099 731 2156; x_wconf 74' lang='lat' dir='ltr'><strong>compescere</strong></span> <span class='ocrx_word' id='word_1_250' title='bbox 772 2086 1013 2157; x_wconf 82' lang='lat' dir='ltr'><strong>cupiunt.</strong></span> <span class='ocrx_word' id='word_1_251' title='bbox 1054 2086 1345 2158; x_wconf 85' lang='lat' dir='ltr'><strong>Postquam</strong></span> <span class='ocrx_word' id='word_1_252' title='bbox 1388 2100 1516 2141; x_wconf 89' lang='lat' dir='ltr'><strong>vero</strong></span> <span class='ocrx_word' id='word_1_253' title='bbox 1557 2086 1626 2142; x_wconf 90' lang='lat' dir='ltr'><strong>de</strong></span> <span class='ocrx_word' id='word_1_254' title='bbox 1663 2086 1848 2143; x_wconf 87' lang='lat' dir='ltr'><strong>amicis</strong></span> 
     </span>
    </p>
   </div>
   <div class='ocr_carea' id='block_1_35' title="bbox 251 2170 1895 2251">
    <p class='ocr_par' dir='ltr' id='par_1_35' title="bbox 251 2170 1895 2251">
     <span class='ocr_line' id='line_1_35' title="bbox 251 2170 1895 2251; baseline 0 -17"><span class='ocrx_word' id='word_1_255' title='bbox 251 2176 357 2234; x_wconf 69' lang='lat' dir='ltr'><strong>Job</strong></span> <span class='ocrx_word' id='word_1_256' title='bbox 382 2179 589 2236; x_wconf 71' lang='lat' dir='ltr'><strong>dictum</strong></span> <span class='ocrx_word' id='word_1_257' title='bbox 609 2188 743 2237; x_wconf 73' lang='lat' dir='ltr'><strong>est:</strong></span> <span class='ocrx_word' id='word_1_258' title='bbox 781 2170 1188 2249; x_wconf 72' lang='lat' dir='ltr'><strong>Estimuerunt,</strong></span> <span class='ocrx_word' id='word_1_259' title='bbox 1229 2197 1319 2237; x_wconf 82' lang='lat' dir='ltr'><strong>nes</strong></span> <span class='ocrx_word' id='word_1_260' title='bbox 1362 2180 1736 2251; x_wconf 85' lang='lat' dir='ltr'><strong>responderunt</strong></span> <span class='ocrx_word' id='word_1_261' title='bbox 1767 2179 1847 2234; x_wconf 84' lang='lat' dir='ltr'><strong>ul-</strong></span> <span class='ocrx_word' id='word_1_262' title='bbox 1886 2210 1895 2223; x_wconf 76' lang='grc' dir='ltr'><em>ι</em></span> 
     </span>
    </p>
   </div>
   <div class='ocr_carea' id='block_1_36' title="bbox 248 2272 1843 2345">
    <p class='ocr_par' dir='ltr' id='par_1_36' title="bbox 248 2272 1843 2345">
     <span class='ocr_line' id='line_1_36' title="bbox 248 2272 1843 2345; baseline 0.003 -21"><span class='ocrx_word' id='word_1_263' title='bbox 248 2279 352 2338; x_wconf 65' lang='lat' dir='ltr'><strong>trs,</strong></span> <span class='ocrx_word' id='word_1_264' title='bbox 381 2272 805 2345; x_wconf 79' lang='lat' dir='ltr'><strong>abstuleruntque</strong></span> <span class='ocrx_word' id='word_1_265' title='bbox 832 2291 865 2328; x_wconf 90' lang='lat' dir='ltr'><strong>a</strong></span> <span class='ocrx_word' id='word_1_266' title='bbox 892 2290 946 2329; x_wconf 83' lang='lat' dir='ltr'><strong>se</strong></span> <span class='ocrx_word' id='word_1_267' title='bbox 986 2274 1283 2345; x_wconf 79' lang='lat' dir='ltr'><strong>eloquium;</strong></span> <span class='ocrx_word' id='word_1_268' title='bbox 1327 2275 1447 2329; x_wconf 84' lang='lat' dir='ltr'><strong>Elin</strong></span> <span class='ocrx_word' id='word_1_269' title='bbox 1489 2273 1843 2344; x_wconf 83' lang='lat' dir='ltr'><strong>subjungens,</strong></span> 
     </span>
    </p>
   </div>
   <div class='ocr_carea' id='block_1_37' title="bbox 243 2362 1845 2437">
    <p class='ocr_par' dir='ltr' id='par_1_37' title="bbox 243 2362 1845 2437">
     <span class='ocr_line' id='line_1_37' title="bbox 243 2362 1845 2437; baseline 0.001 -19"><span class='ocrx_word' id='word_1_270' title='bbox 243 2364 356 2419; x_wconf 81' lang='lat' dir='ltr'><strong>ait:</strong></span> <span class='ocrx_word' id='word_1_271' title='bbox 392 2362 721 2437; x_wconf 73' lang='lat' dir='ltr'><strong>Easpectaei,</strong></span> <span class='ocrx_word' id='word_1_272' title='bbox 745 2376 791 2421; x_wconf 82' lang='lat' dir='ltr'><strong>et</strong></span> <span class='ocrx_word' id='word_1_273' title='bbox 819 2382 921 2421; x_wconf 86' lang='lat' dir='ltr'><strong>non</strong></span> <span class='ocrx_word' id='word_1_274' title='bbox 948 2375 1068 2421; x_wconf 86' lang='lat' dir='ltr'><strong>sunt</strong></span> <span class='ocrx_word' id='word_1_275' title='bbox 1094 2366 1291 2433; x_wconf 83' lang='lat' dir='ltr'><strong>locuti;</strong></span> <span class='ocrx_word' id='word_1_276' title='bbox 1316 2375 1586 2432; x_wconf 85' lang='lat' dir='ltr'><strong>steterunt,</strong></span> <span class='ocrx_word' id='word_1_277' title='bbox 1620 2381 1711 2420; x_wconf 85' lang='lat' dir='ltr'><strong>nec</strong></span> <span class='ocrx_word' id='word_1_278' title='bbox 1738 2381 1845 2420; x_wconf 85' lang='lat' dir='ltr'><strong>res-</strong></span> 
     </span>
    </p>
   </div>
   <div class='ocr_carea' id='block_1_38' title="bbox 1956 1964 2796 2053">
    <p class='ocr_par' dir='ltr' id='par_1_38' title="bbox 1956 1964 2796 2053">
     <span class='ocr_line' id='line_1_38' title="bbox 1956 1964 2796 2053; baseline 0.012 -30"><span class='ocrx_word' id='word_1_279' title='bbox 1956 1971 2311 2053; x_wconf 88' lang='lat' dir='ltr'><strong>sequentibus</strong></span> <span class='ocrx_word' id='word_1_280' title='bbox 2333 1974 2537 2042; x_wconf 88' lang='lat' dir='ltr'><strong>aperit,</strong></span> <span class='ocrx_word' id='word_1_281' title='bbox 2569 1964 2755 2033; x_wconf 86' lang='lat' dir='ltr'><strong>dieens</strong></span> <span class='ocrx_word' id='word_1_282' title='bbox 2781 1994 2796 2032; x_wconf 89' lang='lat'><strong>:</strong></span> 
     </span>
    </p>
   </div>
   <div class='ocr_carea' id='block_1_39' title="bbox 2424 2091 3067 2167">
    <p class='ocr_par' dir='ltr' id='par_1_39' title="bbox 2424 2091 3067 2167">
     <span class='ocr_line' id='line_1_39' title="bbox 2424 2091 3067 2167; baseline 0.011 -22"><span class='ocrx_word' id='word_1_283' title='bbox 2424 2091 2650 2148; x_wconf 86' lang='lat' dir='ltr'><strong>CAPUT</strong></span> <span class='ocrx_word' id='word_1_284' title='bbox 2692 2093 2761 2148; x_wconf 81' lang='lat' dir='ltr'><strong>x1</strong></span> <span class='ocrx_word' id='word_1_285' title='bbox 2789 2092 2937 2166; x_wconf 60' lang='lat' dir='ltr'><strong>[nea</strong></span> <span class='ocrx_word' id='word_1_286' title='bbox 2978 2095 3067 2167; x_wconf 73' lang='grc' dir='ltr'><strong>η.</strong></span> 
     </span>
    </p>
   </div>
   <div class='ocr_carea' id='block_1_40' title="bbox 2026 2180 3543 2263">
    <p class='ocr_par' dir='ltr' id='par_1_40' title="bbox 2026 2180 3543 2263">
     <span class='ocr_line' id='line_1_40' title="bbox 2026 2180 3543 2263; baseline 0.012 -27"><span class='ocrx_word' id='word_1_287' title='bbox 2026 2180 2187 2238; x_wconf 80' lang='lat' dir='ltr'><strong>Vsus.</strong></span> <span class='ocrx_word' id='word_1_288' title='bbox 2231 2183 2424 2240; x_wconf 71' lang='lat'><strong>18-20.</strong></span> <span class='ocrx_word' id='word_1_289' title='bbox 2455 2206 2524 2227; x_wconf 62' lang='grc' dir='ltr'><strong>ά-</strong></span> <span class='ocrx_word' id='word_1_290' title='bbox 2553 2184 2752 2241; x_wconf 86' lang='lat' dir='ltr'><strong>Plenus</strong></span> <span class='ocrx_word' id='word_1_291' title='bbox 2789 2204 2906 2243; x_wconf 83' lang='lat' dir='ltr'><strong>sunt</strong></span> <span class='ocrx_word' id='word_1_292' title='bbox 2942 2192 3293 2263; x_wconf 74' lang='lat' dir='ltr'><strong>sermonibus,</strong></span> <span class='ocrx_word' id='word_1_293' title='bbox 3324 2204 3374 2251; x_wconf 90' lang='lat' dir='ltr'><strong>et</strong></span> <span class='ocrx_word' id='word_1_294' title='bbox 3398 2212 3543 2253; x_wconf 86' lang='lat' dir='ltr'><strong>coar-</strong></span> 
     </span>
    </p>
   </div>
   <div class='ocr_carea' id='block_1_41' title="bbox 1946 2276 3543 2357">
    <p class='ocr_par' dir='ltr' id='par_1_41' title="bbox 1946 2276 3543 2357">
     <span class='ocr_line' id='line_1_41' title="bbox 1946 2276 3543 2357; baseline 0.011 -31"><span class='ocrx_word' id='word_1_295' title='bbox 1946 2281 2052 2327; x_wconf 82' lang='lat' dir='ltr'><strong>ctat</strong></span> <span class='ocrx_word' id='word_1_296' title='bbox 2082 2291 2163 2329; x_wconf 91' lang='lat' dir='ltr'><strong>me</strong></span> <span class='ocrx_word' id='word_1_297' title='bbox 2190 2276 2404 2347; x_wconf 77' lang='lat' dir='ltr'><strong>spiritus</strong></span> <span class='ocrx_word' id='word_1_298' title='bbox 2436 2279 2568 2332; x_wconf 88' lang='lat' dir='ltr'><strong>uteri</strong></span> <span class='ocrx_word' id='word_1_299' title='bbox 2600 2280 2716 2334; x_wconf 87' lang='lat' dir='ltr'><strong>mei.</strong></span> <span class='ocrx_word' id='word_1_300' title='bbox 2763 2277 2844 2335; x_wconf 84' lang='lat' dir='ltr'><strong>En</strong></span> <span class='ocrx_word' id='word_1_301' title='bbox 2880 2290 3053 2338; x_wconf 77' lang='lat' dir='ltr'><strong>venter</strong></span> <span class='ocrx_word' id='word_1_302' title='bbox 3083 2300 3224 2340; x_wconf 89' lang='lat' dir='ltr'><strong>meus</strong></span> <span class='ocrx_word' id='word_1_303' title='bbox 3248 2288 3394 2357; x_wconf 79' lang='lat' dir='ltr'><strong>quasi</strong></span> <span class='ocrx_word' id='word_1_304' title='bbox 3433 2306 3543 2343; x_wconf 84' lang='lat' dir='ltr'><strong>ntu-</strong></span> 
     </span>
    </p>
   </div>
   <div class='ocr_carea' id='block_1_42' title="bbox 1948 2368 3544 2445">
    <p class='ocr_par' dir='ltr' id='par_1_42' title="bbox 1948 2368 3544 2445">
     <span class='ocr_line' id='line_1_42' title="bbox 1948 2368 3544 2445; baseline 0.008 -23"><span class='ocrx_word' id='word_1_305' title='bbox 1948 2377 2085 2422; x_wconf 86' lang='lat' dir='ltr'><strong>stum</strong></span> <span class='ocrx_word' id='word_1_306' title='bbox 2112 2368 2302 2445; x_wconf 78' lang='lat' dir='ltr'><strong>absque</strong></span> <span class='ocrx_word' id='word_1_307' title='bbox 2330 2370 2593 2438; x_wconf 83' lang='lat' dir='ltr'><strong>spiraculo</strong></span> <span class='ocrx_word' id='word_1_308' title='bbox 2610 2410 2626 2438; x_wconf 93' lang='lat'><strong>,</strong></span> <span class='ocrx_word' id='word_1_309' title='bbox 2656 2372 2793 2442; x_wconf 81' lang='lat' dir='ltr'><strong>quod</strong></span> <span class='ocrx_word' id='word_1_310' title='bbox 2819 2373 3123 2445; x_wconf 79' lang='lat' dir='ltr'><strong>lagunculas</strong></span> <span class='ocrx_word' id='word_1_311' title='bbox 3150 2393 3306 2433; x_wconf 80' lang='lat' dir='ltr'><strong>novas</strong></span> <span class='ocrx_word' id='word_1_312' title='bbox 3328 2380 3544 2435; x_wconf 65' lang='lat' dir='ltr'><strong>disrumc</strong></span> 
     </span>
    </p>
   </div>
   <div class='ocr_carea' id='block_1_43' title="bbox 243 2440 3543 2541">
    <p class='ocr_par' dir='ltr' id='par_1_43' title="bbox 243 2440 3543 2541">
     <span class='ocr_line' id='line_1_43' title="bbox 243 2440 3543 2541; baseline 0.004 -28"><span class='ocrx_word' id='word_1_313' title='bbox 243 2461 538 2526; x_wconf 76' lang='lat' dir='ltr'><strong>ponderum</strong></span> <span class='ocrx_word' id='word_1_314' title='bbox 566 2459 727 2515; x_wconf 61' lang='lat' dir='ltr'><strong>ultra:</strong></span> <span class='ocrx_word' id='word_1_315' title='bbox 757 2461 824 2516; x_wconf 81' lang='lat' dir='ltr'><strong>Et</strong></span> <span class='ocrx_word' id='word_1_316' title='bbox 852 2461 957 2516; x_wconf 83' lang='lat' dir='ltr'><strong>illis</strong></span> <span class='ocrx_word' id='word_1_317' title='bbox 988 2460 1098 2530; x_wconf 80' lang='lat' dir='ltr'><strong>jam</strong></span> <span class='ocrx_word' id='word_1_318' title='bbox 1127 2459 1447 2526; x_wconf 82' lang='lat' dir='ltr'><strong>silentibus,</strong></span> <span class='ocrx_word' id='word_1_319' title='bbox 1476 2458 1652 2537; x_wconf 79' lang='lat' dir='ltr'><strong>adhuc</strong></span> <span class='ocrx_word' id='word_1_320' title='bbox 1679 2458 1841 2514; x_wconf 88' lang='lat' dir='ltr'><strong>verba</strong></span> <span class='ocrx_word' id='word_1_321' title='bbox 1920 2460 2044 2528; x_wconf 62' lang='grc' dir='ltr'><strong>ψει.</strong></span> <span class='ocrx_word' id='word_1_322' title='bbox 2096 2440 2326 2530; x_wconf 71' lang='lat' dir='ltr'><strong>Loquar,</strong></span> <span class='ocrx_word' id='word_1_323' title='bbox 2374 2471 2422 2515; x_wconf 89' lang='lat' dir='ltr'><strong>et</strong></span> <span class='ocrx_word' id='word_1_324' title='bbox 2468 2440 2730 2534; x_wconf 87' lang='lat' dir='ltr'><strong>respirabo</strong></span> <span class='ocrx_word' id='word_1_325' title='bbox 2776 2440 3093 2534; x_wconf 67' lang='lat' dir='ltr'><strong>paululum;</strong></span> <span class='ocrx_word' id='word_1_326' title='bbox 3136 2472 3365 2541; x_wconf 72' lang='lat' dir='ltr'><strong>aperiam</strong></span> <span class='ocrx_word' id='word_1_327' title='bbox 3404 2474 3543 2531; x_wconf 81' lang='lat' dir='ltr'><strong>labia</strong></span> 
     </span>
    </p>
   </div>
   <div class='ocr_carea' id='block_1_44' title="bbox 242 2552 1839 2625">
    <p class='ocr_par' dir='ltr' id='par_1_44' title="bbox 242 2552 1839 2625">
     <span class='ocr_line' id='line_1_44' title="bbox 242 2552 1839 2625; baseline 0.001 -19"><span class='ocrx_word' id='word_1_328' title='bbox 242 2552 607 2622; x_wconf 69' lang='lat' dir='ltr'><strong>multiplicat,</strong></span> <span class='ocrx_word' id='word_1_329' title='bbox 634 2553 761 2624; x_wconf 82' lang='lat' dir='ltr'><strong>quia</strong></span> <span class='ocrx_word' id='word_1_330' title='bbox 784 2552 1037 2611; x_wconf 85' lang='lat' dir='ltr'><strong>videlicet</strong></span> <span class='ocrx_word' id='word_1_331' title='bbox 1067 2554 1148 2608; x_wconf 91' lang='lat' dir='ltr'><strong>vir</strong></span> <span class='ocrx_word' id='word_1_332' title='bbox 1176 2568 1469 2625; x_wconf 85' lang='lat' dir='ltr'><strong>arrogans,</strong></span> <span class='ocrx_word' id='word_1_333' title='bbox 1516 2560 1571 2609; x_wconf 86' lang='lat' dir='ltr'><strong>et</strong></span> <span class='ocrx_word' id='word_1_334' title='bbox 1614 2554 1839 2607; x_wconf 80' lang='lat' dir='ltr'><strong>formam</strong></span> 
     </span>
    </p>
   </div>
   <div class='ocr_carea' id='block_1_45' title="bbox 242 2644 1836 2718">
    <p class='ocr_par' dir='ltr' id='par_1_45' title="bbox 242 2644 1836 2718">
     <span class='ocr_line' id='line_1_45' title="bbox 242 2644 1836 2718; baseline 0.001 -18"><span class='ocrx_word' id='word_1_335' title='bbox 242 2644 297 2700; x_wconf 90' lang='lat' dir='ltr'><strong>in</strong></span> <span class='ocrx_word' id='word_1_336' title='bbox 326 2659 388 2701; x_wconf 85' lang='lat' dir='ltr'><strong>se</strong></span> <span class='ocrx_word' id='word_1_337' title='bbox 412 2646 779 2718; x_wconf 75' lang='lat' dir='ltr'><strong>arrogantium</strong></span> <span class='ocrx_word' id='word_1_338' title='bbox 816 2647 1118 2714; x_wconf 79' lang='lat' dir='ltr'><strong>intentans,</strong></span> <span class='ocrx_word' id='word_1_339' title='bbox 1151 2660 1257 2702; x_wconf 92' lang='lat' dir='ltr'><strong>non</strong></span> <span class='ocrx_word' id='word_1_340' title='bbox 1289 2645 1727 2702; x_wconf 84' lang='lat' dir='ltr'><strong>adversariorum</strong></span> <span class='ocrx_word' id='word_1_341' title='bbox 1756 2645 1836 2701; x_wconf 80' lang='lat' dir='ltr'><strong>di-</strong></span> 
     </span>
    </p>
   </div>
   <div class='ocr_carea' id='block_1_46' title="bbox 242 2738 1836 2811">
    <p class='ocr_par' dir='ltr' id='par_1_46' title="bbox 242 2738 1836 2811">
     <span class='ocr_line' id='line_1_46' title="bbox 242 2738 1836 2811; baseline -0.001 -16"><span class='ocrx_word' id='word_1_342' title='bbox 242 2748 331 2795; x_wconf 74' lang='lat' dir='ltr'><strong>cta</strong></span> <span class='ocrx_word' id='word_1_343' title='bbox 352 2752 644 2810; x_wconf 71' lang='lat' dir='ltr'><strong>superare,</strong></span> <span class='ocrx_word' id='word_1_344' title='bbox 670 2741 763 2796; x_wconf 84' lang='lat' dir='ltr'><strong>sed</strong></span> <span class='ocrx_word' id='word_1_345' title='bbox 786 2754 937 2797; x_wconf 84' lang='lat' dir='ltr'><strong>suam</strong></span> <span class='ocrx_word' id='word_1_346' title='bbox 959 2741 1280 2811; x_wconf 85' lang='lat' dir='ltr'><strong>sapientiam</strong></span> <span class='ocrx_word' id='word_1_347' title='bbox 1299 2748 1579 2797; x_wconf 87' lang='lat' dir='ltr'><strong>ostentare</strong></span> <span class='ocrx_word' id='word_1_348' title='bbox 1601 2738 1836 2795; x_wconf 85' lang='lat' dir='ltr'><strong>festinat.</strong></span> 
     </span>
    </p>
   </div>
   <div class='ocr_carea' id='block_1_47' title="bbox 239 2830 796 2903">
    <p class='ocr_par' dir='ltr' id='par_1_47' title="bbox 239 2830 796 2903">
     <span class='ocr_line' id='line_1_47' title="bbox 239 2830 796 2903; baseline 0 -15"><span class='ocrx_word' id='word_1_349' title='bbox 239 2830 401 2888; x_wconf 76' lang='lat' dir='ltr'><strong>Unde</strong></span> <span class='ocrx_word' id='word_1_350' title='bbox 426 2840 487 2888; x_wconf 79' lang='lat' dir='ltr'><strong>et</strong></span> <span class='ocrx_word' id='word_1_351' title='bbox 510 2833 754 2903; x_wconf 81' lang='lat' dir='ltr'><strong>sequitur</strong></span> <span class='ocrx_word' id='word_1_352' title='bbox 781 2850 796 2888; x_wconf 88' lang='lat'><strong>:</strong></span> 
     </span>
    </p>
   </div>
   <div class='ocr_carea' id='block_1_48' title="bbox 315 2923 1838 2998">
    <p class='ocr_par' dir='ltr' id='par_1_48' title="bbox 315 2923 1838 2998">
     <span class='ocr_line' id='line_1_48' title="bbox 315 2923 1838 2998; baseline -0.001 -18"><span class='ocrx_word' id='word_1_353' title='bbox 315 2923 479 2983; x_wconf 71' lang='lat' dir='ltr'><strong>Vnus.-</strong></span> <span class='ocrx_word' id='word_1_354' title='bbox 531 2926 618 2979; x_wconf 82' lang='lat' dir='ltr'><strong>l7.</strong></span> <span class='ocrx_word' id='word_1_355' title='bbox 649 2955 721 2967; x_wconf 90' lang='lat'>—</span> <span class='ocrx_word' id='word_1_356' title='bbox 747 2925 1087 2998; x_wconf 78' lang='lat' dir='ltr'><strong>Respondebo</strong></span> <span class='ocrx_word' id='word_1_357' title='bbox 1114 2933 1160 2981; x_wconf 83' lang='lat' dir='ltr'><strong>et</strong></span> <span class='ocrx_word' id='word_1_358' title='bbox 1186 2941 1282 2998; x_wconf 73' lang='lat' dir='ltr'><strong>ego</strong></span> <span class='ocrx_word' id='word_1_359' title='bbox 1310 2933 1507 2996; x_wconf 88' lang='lat' dir='ltr'><strong>partem</strong></span> <span class='ocrx_word' id='word_1_360' title='bbox 1546 2940 1746 2992; x_wconf 85' lang='lat' dir='ltr'><strong>nteant,</strong></span> <span class='ocrx_word' id='word_1_361' title='bbox 1790 2934 1838 2979; x_wconf 88' lang='lat' dir='ltr'><strong>et</strong></span> 
     </span>
    </p>
   </div>
   <div class='ocr_carea' id='block_1_49' title="bbox 236 3019 1573 3076">
    <p class='ocr_par' dir='ltr' id='par_1_49' title="bbox 236 3019 1573 3076">
     <span class='ocr_line' id='line_1_49' title="bbox 236 3019 1573 3076; baseline 0.004 -3"><span class='ocrx_word' id='word_1_362' title='bbox 236 3019 505 3073; x_wconf 73' lang='lat' dir='ltr'><strong>eumdem</strong></span> <span class='ocrx_word' id='word_1_363' title='bbox 530 3019 795 3074; x_wconf 79' lang='lat' dir='ltr'><strong>scientiam</strong></span> <span class='ocrx_word' id='word_1_364' title='bbox 822 3032 1007 3076; x_wconf 68' lang='lat' dir='ltr'><strong>meanti</strong></span> <span class='ocrx_word' id='word_1_365' title='bbox 1561 3019 1573 3026; x_wconf 81' lang='grc'><strong>’</strong></span> 
     </span>
    </p>
   </div>
   <div class='ocr_carea' id='block_1_50' title="bbox 314 3107 1873 3189">
    <p class='ocr_par' dir='ltr' id='par_1_50' title="bbox 314 3107 1873 3189">
     <span class='ocr_line' id='line_1_50' title="bbox 314 3107 1873 3189; baseline -0.005 -20"><span class='ocrx_word' id='word_1_366' title='bbox 314 3112 466 3169; x_wconf 82' lang='lat' dir='ltr'><strong>Hanc</strong></span> <span class='ocrx_word' id='word_1_367' title='bbox 493 3113 639 3169; x_wconf 82' lang='lat' dir='ltr'><strong>enim</strong></span> <span class='ocrx_word' id='word_1_368' title='bbox 670 3120 879 3183; x_wconf 73' lang='lat' dir='ltr'><strong>partem</strong></span> <span class='ocrx_word' id='word_1_369' title='bbox 907 3125 1060 3167; x_wconf 87' lang='lat' dir='ltr'><strong>suam</strong></span> <span class='ocrx_word' id='word_1_370' title='bbox 1087 3109 1265 3189; x_wconf 84' lang='lat' dir='ltr'><strong>omnis</strong></span> <span class='ocrx_word' id='word_1_371' title='bbox 1289 3121 1547 3180; x_wconf 85' lang='lat' dir='ltr'><strong>arrogans</strong></span> <span class='ocrx_word' id='word_1_372' title='bbox 1570 3107 1798 3165; x_wconf 62' lang='lat' dir='ltr'><strong>aestimat</strong></span> <span class='ocrx_word' id='word_1_373' title='bbox 1815 3150 1831 3176; x_wconf 92' lang='lat'><strong>,</strong></span> <span class='ocrx_word' id='word_1_374' title='bbox 1872 3170 1873 3173; x_wconf 25' lang='grc' dir='ltr'><strong>η</strong></span> 
     </span>
    </p>
   </div>
   <div class='ocr_carea' id='block_1_51' title="bbox 235 3201 1834 3276">
    <p class='ocr_par' dir='ltr' id='par_1_51' title="bbox 235 3201 1834 3276">
     <span class='ocr_line' id='line_1_51' title="bbox 235 3201 1834 3276; baseline -0.006 -12"><span class='ocrx_word' id='word_1_375' title='bbox 235 3207 287 3264; x_wconf 78' lang='lat' dir='ltr'><strong>si</strong></span> <span class='ocrx_word' id='word_1_376' title='bbox 326 3206 609 3263; x_wconf 84' lang='lat' dir='ltr'><strong>scientiam</strong></span> <span class='ocrx_word' id='word_1_377' title='bbox 656 3221 765 3261; x_wconf 87' lang='lat' dir='ltr'><strong>non</strong></span> <span class='ocrx_word' id='word_1_378' title='bbox 808 3216 916 3261; x_wconf 85' lang='lat' dir='ltr'><strong>tam</strong></span> <span class='ocrx_word' id='word_1_379' title='bbox 961 3204 1156 3261; x_wconf 89' lang='lat' dir='ltr'><strong>habeat</strong></span> <span class='ocrx_word' id='word_1_380' title='bbox 1197 3218 1355 3276; x_wconf 89' lang='lat' dir='ltr'><strong>quam</strong></span> <span class='ocrx_word' id='word_1_381' title='bbox 1399 3201 1682 3270; x_wconf 86' lang='lat' dir='ltr'><strong>ostendat,</strong></span> <span class='ocrx_word' id='word_1_382' title='bbox 1710 3201 1834 3271; x_wconf 86' lang='lat' dir='ltr'><strong>quia</strong></span> 
     </span>
    </p>
   </div>
   <div class='ocr_carea' id='block_1_52' title="bbox 1944 2551 2534 2620">
    <p class='ocr_par' dir='ltr' id='par_1_52' title="bbox 1944 2551 2534 2620">
     <span class='ocr_line' id='line_1_52' title="bbox 1944 2551 2534 2620; baseline 0.01 -18"><span class='ocrx_word' id='word_1_383' title='bbox 1944 2564 2055 2604; x_wconf 88' lang='lat' dir='ltr'><strong>mea</strong></span> <span class='ocrx_word' id='word_1_384' title='bbox 2074 2591 2089 2616; x_wconf 93' lang='lat'><strong>,</strong></span> <span class='ocrx_word' id='word_1_385' title='bbox 2121 2559 2167 2603; x_wconf 87' lang='lat' dir='ltr'><strong>et</strong></span> <span class='ocrx_word' id='word_1_386' title='bbox 2194 2551 2534 2620; x_wconf 85' lang='lat' dir='ltr'><strong>respondebo.</strong></span> 
     </span>
    </p>
   </div>
   <div class='ocr_carea' id='block_1_53' title="bbox 2017 2640 3539 2717">
    <p class='ocr_par' dir='ltr' id='par_1_53' title="bbox 2017 2640 3539 2717">
     <span class='ocr_line' id='line_1_53' title="bbox 2017 2640 3539 2717; baseline 0.014 -23"><span class='ocrx_word' id='word_1_387' title='bbox 2017 2640 2106 2695; x_wconf 86' lang='lat' dir='ltr'><strong>l8.</strong></span> <span class='ocrx_word' id='word_1_388' title='bbox 2148 2641 2447 2699; x_wconf 86' lang='lat' dir='ltr'><strong>Locutionis</strong></span> <span class='ocrx_word' id='word_1_389' title='bbox 2484 2660 2662 2699; x_wconf 86' lang='lat' dir='ltr'><strong>eorum</strong></span> <span class='ocrx_word' id='word_1_390' title='bbox 2713 2647 3101 2717; x_wconf 79' lang='lat' dir='ltr'><strong>celsitudinem,</strong></span> <span class='ocrx_word' id='word_1_391' title='bbox 3148 2668 3253 2707; x_wconf 87' lang='lat' dir='ltr'><strong>non</strong></span> <span class='ocrx_word' id='word_1_392' title='bbox 3297 2657 3539 2715; x_wconf 84' lang='lat' dir='ltr'><strong>utilitatis</strong></span> 
     </span>
    </p>
   </div>
   <div class='ocr_carea' id='block_1_54' title="bbox 1942 2732 3538 2815">
    <p class='ocr_par' dir='ltr' id='par_1_54' title="bbox 1942 2732 3538 2815">
     <span class='ocr_line' id='line_1_54' title="bbox 1942 2732 3538 2815; baseline 0.011 -29"><span class='ocrx_word' id='word_1_393' title='bbox 1942 2732 2280 2790; x_wconf 86' lang='lat' dir='ltr'><strong>intentionem</strong></span> <span class='ocrx_word' id='word_1_394' title='bbox 2309 2737 2579 2791; x_wconf 83' lang='lat' dir='ltr'><strong>imitantur</strong></span> <span class='ocrx_word' id='word_1_395' title='bbox 2607 2739 2833 2806; x_wconf 83' lang='lat' dir='ltr'><strong>superbi.</strong></span> <span class='ocrx_word' id='word_1_396' title='bbox 2868 2769 2939 2780; x_wconf 94' lang='lat'><strong>—</strong></span> <span class='ocrx_word' id='word_1_397' title='bbox 2964 2741 3357 2815; x_wconf 80' lang='lat' dir='ltr'><strong>Nonnunquam</strong></span> <span class='ocrx_word' id='word_1_398' title='bbox 3384 2763 3538 2803; x_wconf 86' lang='lat' dir='ltr'><strong>arro-</strong></span> 
     </span>
    </p>
   </div>
   <div class='ocr_carea' id='block_1_55' title="bbox 1940 2822 3538 2908">
    <p class='ocr_par' dir='ltr' id='par_1_55' title="bbox 1940 2822 3538 2908">
     <span class='ocr_line' id='line_1_55' title="bbox 1940 2822 3538 2908; baseline 0.009 -29"><span class='ocrx_word' id='word_1_399' title='bbox 1940 2835 2133 2897; x_wconf 84' lang='lat' dir='ltr'><strong>gantes</strong></span> <span class='ocrx_word' id='word_1_400' title='bbox 2161 2828 2298 2895; x_wconf 83' lang='lat' dir='ltr'><strong>viri,</strong></span> <span class='ocrx_word' id='word_1_401' title='bbox 2332 2827 2457 2882; x_wconf 91' lang='lat' dir='ltr'><strong>dum</strong></span> <span class='ocrx_word' id='word_1_402' title='bbox 2492 2830 2870 2897; x_wconf 62' lang='lat' dir='ltr'><strong>praedicatores</strong></span> <span class='ocrx_word' id='word_1_403' title='bbox 2907 2822 3073 2904; x_wconf 62' lang='lat'><strong>740</strong></span> <span class='ocrx_word' id='word_1_404' title='bbox 3101 2845 3317 2892; x_wconf 83' lang='lat' dir='ltr'><strong>sanctos</strong></span> <span class='ocrx_word' id='word_1_405' title='bbox 3349 2852 3538 2908; x_wconf 88' lang='lat' dir='ltr'><strong>magna</strong></span> 
     </span>
    </p>
   </div>
   <div class='ocr_carea' id='block_1_56' title="bbox 1942 2917 3536 2999">
    <p class='ocr_par' dir='ltr' id='par_1_56' title="bbox 1942 2917 3536 2999">
     <span class='ocr_line' id='line_1_56' title="bbox 1942 2917 3536 2999; baseline 0.01 -27"><span class='ocrx_word' id='word_1_406' title='bbox 1942 2917 2122 2988; x_wconf 90' lang='lat' dir='ltr'><strong>eloqui</strong></span> <span class='ocrx_word' id='word_1_407' title='bbox 2169 2934 2231 2974; x_wconf 90' lang='lat' dir='ltr'><strong>ac</strong></span> <span class='ocrx_word' id='word_1_408' title='bbox 2275 2934 2372 2989; x_wconf 88' lang='lat' dir='ltr'><strong>pro</strong></span> <span class='ocrx_word' id='word_1_409' title='bbox 2412 2919 2682 2978; x_wconf 83' lang='lat' dir='ltr'><strong>locutione</strong></span> <span class='ocrx_word' id='word_1_410' title='bbox 2720 2934 2817 2978; x_wconf 86' lang='lat' dir='ltr'><strong>sua</strong></span> <span class='ocrx_word' id='word_1_411' title='bbox 2859 2926 3107 2980; x_wconf 87' lang='lat' dir='ltr'><strong>venerari</strong></span> <span class='ocrx_word' id='word_1_412' title='bbox 3154 2930 3536 2999; x_wconf 89' lang='lat' dir='ltr'><strong>conspiciunt,</strong></span> 
     </span>
    </p>
   </div>
   <div class='ocr_carea' id='block_1_57' title="bbox 1939 3011 3532 3081">
    <p class='ocr_par' dir='ltr' id='par_1_57' title="bbox 1939 3011 3532 3081">
     <span class='ocr_line' id='line_1_57' title="bbox 1939 3011 3532 3081; baseline 0.01 -15"><span class='ocrx_word' id='word_1_413' title='bbox 1939 3011 2224 3069; x_wconf 88' lang='lat' dir='ltr'><strong>locutionis</strong></span> <span class='ocrx_word' id='word_1_414' title='bbox 2252 3028 2438 3069; x_wconf 91' lang='lat' dir='ltr'><strong>eorum</strong></span> <span class='ocrx_word' id='word_1_415' title='bbox 2469 3014 2842 3073; x_wconf 88' lang='lat' dir='ltr'><strong>celsitudinem</strong></span> <span class='ocrx_word' id='word_1_416' title='bbox 2874 3028 2926 3073; x_wconf 89' lang='lat' dir='ltr'><strong>et</strong></span> <span class='ocrx_word' id='word_1_417' title='bbox 2957 3034 3063 3074; x_wconf 88' lang='lat' dir='ltr'><strong>non</strong></span> <span class='ocrx_word' id='word_1_418' title='bbox 3092 3031 3113 3059; x_wconf 81' lang='grc' dir='ltr'><strong>ο</strong></span> <span class='ocrx_word' id='word_1_419' title='bbox 3146 3021 3430 3081; x_wconf 88' lang='lat' dir='ltr'><strong>utilitatem</strong></span> <span class='ocrx_word' id='word_1_420' title='bbox 3452 3027 3532 3081; x_wconf 89' lang='lat' dir='ltr'><strong>in-</strong></span> 
     </span>
    </p>
   </div>
   <div class='ocr_carea' id='block_1_58' title="bbox 1940 3106 3535 3189">
    <p class='ocr_par' dir='ltr' id='par_1_58' title="bbox 1940 3106 3535 3189">
     <span class='ocr_line' id='line_1_58' title="bbox 1940 3106 3535 3189; baseline 0.008 -27"><span class='ocrx_word' id='word_1_421' title='bbox 1940 3106 2195 3163; x_wconf 90' lang='lat' dir='ltr'><strong>tentionis</strong></span> <span class='ocrx_word' id='word_1_422' title='bbox 2221 3107 2497 3164; x_wconf 75' lang='lat' dir='ltr'><strong>innituntur</strong></span> <span class='ocrx_word' id='word_1_423' title='bbox 2523 3126 2539 3175; x_wconf 85' lang='lat'><strong>;</strong></span> <span class='ocrx_word' id='word_1_424' title='bbox 2568 3125 2741 3180; x_wconf 80' lang='lat' dir='ltr'><strong>neque</strong></span> <span class='ocrx_word' id='word_1_425' title='bbox 2766 3110 2869 3166; x_wconf 93' lang='lat' dir='ltr'><strong>hoc</strong></span> <span class='ocrx_word' id='word_1_426' title='bbox 2895 3121 3077 3168; x_wconf 89' lang='lat' dir='ltr'><strong>amant</strong></span> <span class='ocrx_word' id='word_1_427' title='bbox 3100 3114 3238 3184; x_wconf 88' lang='lat' dir='ltr'><strong>quod</strong></span> <span class='ocrx_word' id='word_1_428' title='bbox 3268 3115 3342 3171; x_wconf 91' lang='lat' dir='ltr'><strong>illi</strong></span> <span class='ocrx_word' id='word_1_429' title='bbox 3370 3133 3535 3189; x_wconf 85' lang='lat' dir='ltr'><strong>appe-</strong></span> 
     </span>
    </p>
   </div>
   <div class='ocr_carea' id='block_1_59' title="bbox 1941 3196 3531 3275">
    <p class='ocr_par' dir='ltr' id='par_1_59' title="bbox 1941 3196 3531 3275">
     <span class='ocr_line' id='line_1_59' title="bbox 1941 3196 3531 3275; baseline 0.009 -21"><span class='ocrx_word' id='word_1_430' title='bbox 1941 3208 2059 3255; x_wconf 91' lang='lat' dir='ltr'><strong>tunt</strong></span> <span class='ocrx_word' id='word_1_431' title='bbox 2082 3239 2099 3269; x_wconf 93' lang='lat'><strong>,</strong></span> <span class='ocrx_word' id='word_1_432' title='bbox 2124 3200 2219 3256; x_wconf 91' lang='lat' dir='ltr'><strong>sed</strong></span> <span class='ocrx_word' id='word_1_433' title='bbox 2243 3202 2347 3256; x_wconf 88' lang='lat' dir='ltr'><strong>hoc</strong></span> <span class='ocrx_word' id='word_1_434' title='bbox 2370 3216 2719 3273; x_wconf 85' lang='lat' dir='ltr'><strong>summopere</strong></span> <span class='ocrx_word' id='word_1_435' title='bbox 2745 3196 3005 3275; x_wconf 82' lang='lat' dir='ltr'><strong>appetunt</strong></span> <span class='ocrx_word' id='word_1_436' title='bbox 3029 3207 3172 3275; x_wconf 92' lang='lat' dir='ltr'><strong>quod</strong></span> <span class='ocrx_word' id='word_1_437' title='bbox 3200 3208 3332 3265; x_wconf 84' lang='lat' dir='ltr'><strong>clari</strong></span> <span class='ocrx_word' id='word_1_438' title='bbox 3358 3210 3531 3268; x_wconf 82' lang='lat' dir='ltr'><strong>homi-</strong></span> 
     </span>
    </p>
   </div>
   <div class='ocr_carea' id='block_1_60' title="bbox 235 3290 3532 3371">
    <p class='ocr_par' dir='ltr' id='par_1_60' title="bbox 235 3290 3532 3371">
     <span class='ocr_line' id='line_1_60' title="bbox 235 3290 3532 3371; baseline 0.002 -18"><span class='ocrx_word' id='word_1_439' title='bbox 235 3298 497 3354; x_wconf 84' lang='lat' dir='ltr'><strong>nimirum</strong></span> <span class='ocrx_word' id='word_1_440' title='bbox 540 3312 731 3355; x_wconf 85' lang='lat' dir='ltr'><strong>omnes</strong></span> <span class='ocrx_word' id='word_1_441' title='bbox 777 3297 905 3354; x_wconf 87' lang='lat' dir='ltr'><strong>elati</strong></span> <span class='ocrx_word' id='word_1_442' title='bbox 953 3296 1233 3353; x_wconf 88' lang='lat' dir='ltr'><strong>scientiam</strong></span> <span class='ocrx_word' id='word_1_443' title='bbox 1277 3310 1383 3351; x_wconf 92' lang='lat' dir='ltr'><strong>non</strong></span> <span class='ocrx_word' id='word_1_444' title='bbox 1434 3296 1634 3352; x_wconf 88' lang='lat' dir='ltr'><strong>habere</strong></span> <span class='ocrx_word' id='word_1_445' title='bbox 1674 3309 1837 3365; x_wconf 85' lang='lat' dir='ltr'><strong>appe-</strong></span> <span class='ocrx_word' id='word_1_446' title='bbox 1862 3292 1911 3359; x_wconf 78' lang='lat' dir='ltr'><strong><em>G</em></strong></span> <span class='ocrx_word' id='word_1_447' title='bbox 1941 3290 2097 3347; x_wconf 89' lang='lat' dir='ltr'><strong>nibus</strong></span> <span class='ocrx_word' id='word_1_448' title='bbox 2126 3294 2497 3349; x_wconf 84' lang='lat' dir='ltr'><strong>ostendantur.</strong></span> <span class='ocrx_word' id='word_1_449' title='bbox 2531 3293 2665 3349; x_wconf 86' lang='lat' dir='ltr'><strong>Nam</strong></span> <span class='ocrx_word' id='word_1_450' title='bbox 2694 3309 2836 3365; x_wconf 66' lang='lat' dir='ltr'><strong>saepe</strong></span> <span class='ocrx_word' id='word_1_451' title='bbox 2862 3297 3126 3368; x_wconf 84' lang='lat' dir='ltr'><strong>contingit</strong></span> <span class='ocrx_word' id='word_1_452' title='bbox 3167 3309 3223 3355; x_wconf 90' lang='lat' dir='ltr'><strong>ut</strong></span> <span class='ocrx_word' id='word_1_453' title='bbox 3261 3303 3532 3371; x_wconf 88' lang='lat' dir='ltr'><strong>sapientes</strong></span> 
     </span>
    </p>
   </div>
   <div class='ocr_carea' id='block_1_61' title="bbox 234 3390 1835 3469">
    <p class='ocr_par' dir='ltr' id='par_1_61' title="bbox 234 3390 1835 3469">
     <span class='ocr_line' id='line_1_61' title="bbox 234 3390 1835 3469; baseline -0.001 -22"><span class='ocrx_word' id='word_1_454' title='bbox 234 3397 396 3459; x_wconf 90' lang='lat' dir='ltr'><strong>tunt,</strong></span> <span class='ocrx_word' id='word_1_455' title='bbox 427 3393 522 3450; x_wconf 87' lang='lat' dir='ltr'><strong>sed</strong></span> <span class='ocrx_word' id='word_1_456' title='bbox 552 3392 859 3469; x_wconf 71' lang='lat' dir='ltr'><strong>ostendere.</strong></span> <span class='ocrx_word' id='word_1_457' title='bbox 892 3392 1012 3461; x_wconf 85' lang='lat' dir='ltr'><strong>Quo</strong></span> <span class='ocrx_word' id='word_1_458' title='bbox 1060 3401 1251 3448; x_wconf 89' lang='lat' dir='ltr'><strong>contra</strong></span> <span class='ocrx_word' id='word_1_459' title='bbox 1294 3392 1432 3448; x_wconf 89' lang='lat' dir='ltr'><strong>bene</strong></span> <span class='ocrx_word' id='word_1_460' title='bbox 1473 3406 1569 3461; x_wconf 91' lang='lat' dir='ltr'><strong>per</strong></span> <span class='ocrx_word' id='word_1_461' title='bbox 1614 3390 1835 3462; x_wconf 79' lang='lat' dir='ltr'><strong>Moysen</strong></span> 
     </span>
    </p>
   </div>
   <div class='ocr_carea' id='block_1_62' title="bbox 235 3484 1836 3557">
    <p class='ocr_par' dir='ltr' id='par_1_62' title="bbox 235 3484 1836 3557">
     <span class='ocr_line' id='line_1_62' title="bbox 235 3484 1836 3557; baseline -0.002 -16"><span class='ocrx_word' id='word_1_462' title='bbox 235 3484 437 3541; x_wconf 81' lang='lat' dir='ltr'><strong>dicitur</strong></span> <span class='ocrx_word' id='word_1_463' title='bbox 466 3504 479 3539; x_wconf 91' lang='lat'><strong>:</strong></span> <span class='ocrx_word' id='word_1_464' title='bbox 522 3484 627 3552; x_wconf 76' lang='lat' dir='ltr'><strong>Vos</strong></span> <span class='ocrx_word' id='word_1_465' title='bbox 654 3486 793 3556; x_wconf 83' lang='lat' dir='ltr'><strong>quod</strong></span> <span class='ocrx_word' id='word_1_466' title='bbox 819 3503 920 3542; x_wconf 90' lang='lat' dir='ltr'><strong>nsn</strong></span> <span class='ocrx_word' id='word_1_467' title='bbox 946 3486 1181 3541; x_wconf 82' lang='lat' dir='ltr'><strong>habuerit</strong></span> <span class='ocrx_word' id='word_1_468' title='bbox 1208 3484 1542 3557; x_wconf 85' lang='lat' dir='ltr'><strong>operculum,</strong></span> <span class='ocrx_word' id='word_1_469' title='bbox 1575 3500 1667 3539; x_wconf 83' lang='lat' dir='ltr'><strong>nec</strong></span> <span class='ocrx_word' id='word_1_470' title='bbox 1698 3485 1836 3555; x_wconf 80' lang='lat' dir='ltr'><strong>liga-</strong></span> 
     </span>
    </p>
   </div>
   <div class='ocr_carea' id='block_1_63' title="bbox 235 3575 1837 3649">
    <p class='ocr_par' dir='ltr' id='par_1_63' title="bbox 235 3575 1837 3649">
     <span class='ocr_line' id='line_1_63' title="bbox 235 3575 1837 3649; baseline -0.001 -18"><span class='ocrx_word' id='word_1_471' title='bbox 235 3583 409 3632; x_wconf 79' lang='lat' dir='ltr'><strong>turant</strong></span> <span class='ocrx_word' id='word_1_472' title='bbox 437 3577 677 3649; x_wconf 82' lang='lat' dir='ltr'><strong>desuper,</strong></span> <span class='ocrx_word' id='word_1_473' title='bbox 705 3578 1030 3633; x_wconf 87' lang='lat' dir='ltr'><strong>immundum</strong></span> <span class='ocrx_word' id='word_1_474' title='bbox 1060 3578 1158 3633; x_wconf 89' lang='lat' dir='ltr'><strong>erit</strong></span> <span class='ocrx_word' id='word_1_475' title='bbox 1187 3576 1381 3649; x_wconf 88' lang='lat' dir='ltr'><strong>(Num.</strong></span> <span class='ocrx_word' id='word_1_476' title='bbox 1405 3592 1495 3631; x_wconf 76' lang='lat' dir='ltr'><strong>nx</strong></span> <span class='ocrx_word' id='word_1_477' title='bbox 1518 3617 1533 3643; x_wconf 88' lang='lat'><strong>,</strong></span> <span class='ocrx_word' id='word_1_478' title='bbox 1560 3575 1669 3645; x_wconf 79' lang='lat'><strong>‘15).</strong></span> <span class='ocrx_word' id='word_1_479' title='bbox 1701 3575 1837 3647; x_wconf 85' lang='lat' dir='ltr'><strong>Teg—</strong></span> 
     </span>
    </p>
   </div>
   <div class='ocr_carea' id='block_1_64' title="bbox 238 3668 1835 3741">
    <p class='ocr_par' dir='ltr' id='par_1_64' title="bbox 238 3668 1835 3741">
     <span class='ocr_line' id='line_1_64' title="bbox 238 3668 1835 3741; baseline -0.002 -16"><span class='ocrx_word' id='word_1_480' title='bbox 238 3683 368 3726; x_wconf 83' lang='lat' dir='ltr'><strong>ulen</strong></span> <span class='ocrx_word' id='word_1_481' title='bbox 397 3669 597 3741; x_wconf 81' lang='lat' dir='ltr'><strong>quippe</strong></span> <span class='ocrx_word' id='word_1_482' title='bbox 628 3670 902 3741; x_wconf 87' lang='lat' dir='ltr'><strong>operculi,</strong></span> <span class='ocrx_word' id='word_1_483' title='bbox 937 3672 1023 3726; x_wconf 90' lang='lat' dir='ltr'><strong>vel</strong></span> <span class='ocrx_word' id='word_1_484' title='bbox 1056 3670 1317 3741; x_wconf 88' lang='lat' dir='ltr'><strong>ligatura,</strong></span> <span class='ocrx_word' id='word_1_485' title='bbox 1362 3680 1444 3727; x_wconf 88' lang='lat' dir='ltr'><strong>est</strong></span> <span class='ocrx_word' id='word_1_486' title='bbox 1481 3683 1708 3725; x_wconf 88' lang='lat' dir='ltr'><strong>censura</strong></span> <span class='ocrx_word' id='word_1_487' title='bbox 1750 3668 1835 3723; x_wconf 87' lang='lat' dir='ltr'><strong>di-</strong></span> 
     </span>
    </p>
   </div>
   <div class='ocr_carea' id='block_1_65' title="bbox 234 3758 1837 3832">
    <p class='ocr_par' dir='ltr' id='par_1_65' title="bbox 234 3758 1837 3832">
     <span class='ocr_line' id='line_1_65' title="bbox 234 3758 1837 3832; baseline -0.002 -16"><span class='ocrx_word' id='word_1_488' title='bbox 234 3759 519 3831; x_wconf 68' lang='lat' dir='ltr'><strong>sciplinae,</strong></span> <span class='ocrx_word' id='word_1_489' title='bbox 554 3770 578 3807; x_wconf 53' lang='grc' dir='ltr'><strong>η</strong></span> <span class='ocrx_word' id='word_1_490' title='bbox 611 3776 712 3832; x_wconf 91' lang='lat' dir='ltr'><strong>qua</strong></span> <span class='ocrx_word' id='word_1_491' title='bbox 761 3761 1005 3832; x_wconf 89' lang='lat' dir='ltr'><strong>quisquis</strong></span> <span class='ocrx_word' id='word_1_492' title='bbox 1054 3777 1163 3816; x_wconf 85' lang='lat' dir='ltr'><strong>non</strong></span> <span class='ocrx_word' id='word_1_493' title='bbox 1210 3760 1495 3831; x_wconf 84' lang='lat' dir='ltr'><strong>premitur,</strong></span> <span class='ocrx_word' id='word_1_494' title='bbox 1546 3758 1698 3829; x_wconf 88' lang='lat' dir='ltr'><strong>quasi</strong></span> <span class='ocrx_word' id='word_1_495' title='bbox 1742 3772 1837 3814; x_wconf 87' lang='lat' dir='ltr'><strong>vas</strong></span> 
     </span>
    </p>
   </div>
   <div class='ocr_carea' id='block_1_66' title="bbox 234 3851 1837 3935">
    <p class='ocr_par' dir='ltr' id='par_1_66' title="bbox 234 3851 1837 3935">
     <span class='ocr_line' id='line_1_66' title="bbox 234 3851 1837 3935; baseline -0.001 -28"><span class='ocrx_word' id='word_1_496' title='bbox 234 3851 575 3910; x_wconf 88' lang='lat' dir='ltr'><strong>immundum</strong></span> <span class='ocrx_word' id='word_1_497' title='bbox 598 3852 970 3935; x_wconf 73' lang='lat' dir='ltr'><strong>pellutumque</strong></span> <span class='ocrx_word' id='word_1_498' title='bbox 993 3853 1336 3933; x_wconf 86' lang='lat' dir='ltr'><strong>reprobatur.</strong></span> <span class='ocrx_word' id='word_1_499' title='bbox 1359 3852 1440 3906; x_wconf 79' lang='lat' dir='ltr'><strong>An</strong></span> <span class='ocrx_word' id='word_1_500' title='bbox 1465 3867 1572 3907; x_wconf 89' lang='lat' dir='ltr'><strong>non</strong></span> <span class='ocrx_word' id='word_1_501' title='bbox 1605 3866 1695 3907; x_wconf 82' lang='lat' dir='ltr'><strong>vas</strong></span> <span class='ocrx_word' id='word_1_502' title='bbox 1717 3852 1837 3906; x_wconf 88' lang='lat' dir='ltr'><strong>sine</strong></span> 
     </span>
    </p>
   </div>
   <div class='ocr_carea' id='block_1_67' title="bbox 234 3942 1835 4014">
    <p class='ocr_par' dir='ltr' id='par_1_67' title="bbox 234 3942 1835 4014">
     <span class='ocr_line' id='line_1_67' title="bbox 234 3942 1835 4014; baseline -0.001 -15"><span class='ocrx_word' id='word_1_503' title='bbox 234 3946 496 4013; x_wconf 82' lang='lat' dir='ltr'><strong>operculo</strong></span> <span class='ocrx_word' id='word_1_504' title='bbox 536 3943 655 3999; x_wconf 87' lang='lat' dir='ltr'><strong>Eliu</strong></span> <span class='ocrx_word' id='word_1_505' title='bbox 700 3942 908 4010; x_wconf 88' lang='lat' dir='ltr'><strong>fuerat,</strong></span> <span class='ocrx_word' id='word_1_506' title='bbox 950 3946 1042 4014; x_wconf 92' lang='lat' dir='ltr'><strong>qui</strong></span> <span class='ocrx_word' id='word_1_507' title='bbox 1088 3943 1230 3999; x_wconf 88' lang='lat' dir='ltr'><strong>hanc</strong></span> <span class='ocrx_word' id='word_1_508' title='bbox 1269 3957 1393 3999; x_wconf 88' lang='lat' dir='ltr'><strong>esse</strong></span> <span class='ocrx_word' id='word_1_509' title='bbox 1431 3951 1639 4013; x_wconf 85' lang='lat' dir='ltr'><strong>partem</strong></span> <span class='ocrx_word' id='word_1_510' title='bbox 1683 3956 1835 3997; x_wconf 89' lang='lat' dir='ltr'><strong>suam</strong></span> 
     </span>
    </p>
   </div>
   <div class='ocr_carea' id='block_1_68' title="bbox 235 4034 1837 4105">
    <p class='ocr_par' dir='ltr' id='par_1_68' title="bbox 235 4034 1837 4105">
     <span class='ocr_line' id='line_1_68' title="bbox 235 4034 1837 4105; baseline -0.002 -14"><span class='ocrx_word' id='word_1_511' title='bbox 235 4036 635 4103; x_wconf 67' lang='lat' dir='ltr'><strong>aestimaverat,</strong></span> <span class='ocrx_word' id='word_1_512' title='bbox 662 4035 708 4092; x_wconf 90' lang='lat' dir='ltr'><strong>si</strong></span> <span class='ocrx_word' id='word_1_513' title='bbox 730 4036 1044 4092; x_wconf 89' lang='lat' dir='ltr'><strong>ostenderet</strong></span> <span class='ocrx_word' id='word_1_514' title='bbox 1068 4036 1352 4092; x_wconf 87' lang='lat' dir='ltr'><strong>scientiam</strong></span> <span class='ocrx_word' id='word_1_515' title='bbox 1379 4050 1541 4105; x_wconf 88' lang='lat' dir='ltr'><strong>quam</strong></span> <span class='ocrx_word' id='word_1_516' title='bbox 1569 4034 1837 4090; x_wconf 79' lang='lat' dir='ltr'><strong>habebat?</strong></span> 
     </span>
    </p>
   </div>
   <div class='ocr_carea' id='block_1_69' title="bbox 234 4116 1832 4199">
    <p class='ocr_par' dir='ltr' id='par_1_69' title="bbox 234 4116 1832 4199">
     <span class='ocr_line' id='line_1_69' title="bbox 234 4116 1832 4199; baseline -0.001 -15"><span class='ocrx_word' id='word_1_517' title='bbox 234 4128 403 4197; x_wconf 84' lang='lat' dir='ltr'><strong>Quasi</strong></span> <span class='ocrx_word' id='word_1_518' title='bbox 453 4116 596 4184; x_wconf 89' lang='lat' dir='ltr'><strong>enim</strong></span> <span class='ocrx_word' id='word_1_519' title='bbox 636 4145 733 4186; x_wconf 84' lang='lat' dir='ltr'><strong>vas</strong></span> <span class='ocrx_word' id='word_1_520' title='bbox 762 4131 880 4185; x_wconf 90' lang='lat' dir='ltr'><strong>sine</strong></span> <span class='ocrx_word' id='word_1_521' title='bbox 908 4129 1194 4199; x_wconf 87' lang='lat' dir='ltr'><strong>operculo,</strong></span> <span class='ocrx_word' id='word_1_522' title='bbox 1220 4130 1309 4185; x_wconf 92' lang='lat' dir='ltr'><strong>vel</strong></span> <span class='ocrx_word' id='word_1_523' title='bbox 1339 4129 1567 4199; x_wconf 89' lang='lat' dir='ltr'><strong>ligatura</strong></span> <span class='ocrx_word' id='word_1_524' title='bbox 1592 4169 1608 4196; x_wconf 86' lang='lat'><strong>,</strong></span> <span class='ocrx_word' id='word_1_525' title='bbox 1642 4127 1832 4198; x_wconf 90' lang='lat' dir='ltr'><strong>pollui-</strong></span> 
     </span>
    </p>
   </div>
   <div class='ocr_carea' id='block_1_70' title="bbox 236 4220 1829 4297">
    <p class='ocr_par' dir='ltr' id='par_1_70' title="bbox 236 4220 1829 4297">
     <span class='ocr_line' id='line_1_70' title="bbox 236 4220 1829 4297; baseline 0.001 -21"><span class='ocrx_word' id='word_1_526' title='bbox 236 4231 348 4288; x_wconf 89' lang='lat' dir='ltr'><strong>tur,</strong></span> <span class='ocrx_word' id='word_1_527' title='bbox 382 4221 475 4292; x_wconf 90' lang='lat' dir='ltr'><strong>qui</strong></span> <span class='ocrx_word' id='word_1_528' title='bbox 503 4237 600 4293; x_wconf 90' lang='lat' dir='ltr'><strong>per</strong></span> <span class='ocrx_word' id='word_1_529' title='bbox 622 4220 862 4279; x_wconf 83' lang='lat' dir='ltr'><strong>studium</strong></span> <span class='ocrx_word' id='word_1_530' title='bbox 892 4222 1272 4297; x_wconf 78' lang='lat' dir='ltr'><strong>ostentationis</strong></span> <span class='ocrx_word' id='word_1_531' title='bbox 1302 4232 1527 4293; x_wconf 89' lang='lat' dir='ltr'><strong>patens,</strong></span> <span class='ocrx_word' id='word_1_532' title='bbox 1560 4223 1714 4278; x_wconf 91' lang='lat' dir='ltr'><strong>nullo</strong></span> <span class='ocrx_word' id='word_1_533' title='bbox 1746 4237 1829 4278; x_wconf 90' lang='lat' dir='ltr'><strong>ve-</strong></span> 
     </span>
    </p>
   </div>
   <div class='ocr_carea' id='block_1_71' title="bbox 146 4313 1838 4388">
    <p class='ocr_par' dir='ltr' id='par_1_71' title="bbox 146 4313 1838 4388">
     <span class='ocr_line' id='line_1_71' title="bbox 146 4313 1838 4388; baseline 0.001 -19"><span class='ocrx_word' id='word_1_534' title='bbox 146 4350 149 4353; x_wconf 96' lang='lat'><strong><em>-</em></strong></span> <span class='ocrx_word' id='word_1_535' title='bbox 235 4314 440 4371; x_wconf 87' lang='lat' dir='ltr'><strong>lamine</strong></span> <span class='ocrx_word' id='word_1_536' title='bbox 465 4316 845 4372; x_wconf 86' lang='lat' dir='ltr'><strong>taciturnitatis</strong></span> <span class='ocrx_word' id='word_1_537' title='bbox 868 4316 1131 4385; x_wconf 82' lang='lat' dir='ltr'><strong>Operitur.</strong></span> <span class='ocrx_word' id='word_1_538' title='bbox 1159 4313 1420 4388; x_wconf 76' lang='lat' dir='ltr'><strong>[Vet.X.J</strong></span> <span class='ocrx_word' id='word_1_539' title='bbox 1455 4315 1838 4371; x_wconf 70' lang='lat' dir='ltr'><strong>Praedicatores</strong></span> 
     </span>
    </p>
   </div>
   <div class='ocr_carea' id='block_1_72' title="bbox 232 4405 1835 4478">
    <p class='ocr_par' dir='ltr' id='par_1_72' title="bbox 232 4405 1835 4478">
     <span class='ocr_line' id='line_1_72' title="bbox 232 4405 1835 4478; baseline 0.002 -18"><span class='ocrx_word' id='word_1_540' title='bbox 232 4414 418 4461; x_wconf 86' lang='lat' dir='ltr'><strong>autem</strong></span> <span class='ocrx_word' id='word_1_541' title='bbox 451 4405 621 4463; x_wconf 86' lang='lat' dir='ltr'><strong>sancti</strong></span> <span class='ocrx_word' id='word_1_542' title='bbox 649 4414 858 4478; x_wconf 80' lang='lat' dir='ltr'><strong>partem</strong></span> <span class='ocrx_word' id='word_1_543' title='bbox 889 4420 1040 4461; x_wconf 87' lang='lat' dir='ltr'><strong>suam</strong></span> <span class='ocrx_word' id='word_1_544' title='bbox 1067 4416 1352 4476; x_wconf 77' lang='lat' dir='ltr'><strong>reputant,</strong></span> <span class='ocrx_word' id='word_1_545' title='bbox 1385 4407 1430 4462; x_wconf 89' lang='lat' dir='ltr'><strong>si</strong></span> <span class='ocrx_word' id='word_1_546' title='bbox 1450 4406 1591 4463; x_wconf 90' lang='lat' dir='ltr'><strong>intus</strong></span> <span class='ocrx_word' id='word_1_547' title='bbox 1620 4406 1835 4477; x_wconf 88' lang='lat' dir='ltr'><strong>quidem</strong></span> 
     </span>
    </p>
   </div>
   <div class='ocr_carea' id='block_1_73' title="bbox 234 4497 1837 4572">
    <p class='ocr_par' dir='ltr' id='par_1_73' title="bbox 234 4497 1837 4572">
     <span class='ocr_line' id='line_1_73' title="bbox 234 4497 1837 4572; baseline 0.002 -19"><span class='ocrx_word' id='word_1_548' title='bbox 234 4497 339 4569; x_wconf 88' lang='lat' dir='ltr'><strong>ipsi</strong></span> <span class='ocrx_word' id='word_1_549' title='bbox 370 4497 439 4555; x_wconf 88' lang='lat' dir='ltr'><strong>de</strong></span> <span class='ocrx_word' id='word_1_550' title='bbox 470 4500 733 4570; x_wconf 76' lang='lat' dir='ltr'><strong>Sapientia</strong></span> <span class='ocrx_word' id='word_1_551' title='bbox 766 4512 860 4555; x_wconf 84' lang='lat' dir='ltr'><strong>sua</strong></span> <span class='ocrx_word' id='word_1_552' title='bbox 891 4498 1193 4572; x_wconf 83' lang='lat' dir='ltr'><strong>gaudeant,</strong></span> <span class='ocrx_word' id='word_1_553' title='bbox 1227 4499 1364 4555; x_wconf 80' lang='lat' dir='ltr'><strong>feris</strong></span> <span class='ocrx_word' id='word_1_554' title='bbox 1394 4507 1571 4555; x_wconf 87' lang='lat' dir='ltr'><strong>autem</strong></span> <span class='ocrx_word' id='word_1_555' title='bbox 1605 4501 1738 4555; x_wconf 84' lang='lat' dir='ltr'><strong>alios</strong></span> <span class='ocrx_word' id='word_1_556' title='bbox 1768 4502 1837 4557; x_wconf 89' lang='lat' dir='ltr'><strong>ab</strong></span> 
     </span>
    </p>
   </div>
   <div class='ocr_carea' id='block_1_74' title="bbox 235 4592 1833 4665">
    <p class='ocr_par' dir='ltr' id='par_1_74' title="bbox 235 4592 1833 4665">
     <span class='ocr_line' id='line_1_74' title="bbox 235 4592 1833 4665; baseline 0.002 -18"><span class='ocrx_word' id='word_1_557' title='bbox 235 4600 426 4647; x_wconf 85' lang='lat' dir='ltr'><strong>errore</strong></span> <span class='ocrx_word' id='word_1_558' title='bbox 452 4594 844 4663; x_wconf 62' lang='lat' dir='ltr'><strong>cdmp&#39;estmnt;</strong></span> <span class='ocrx_word' id='word_1_559' title='bbox 880 4606 1056 4662; x_wconf 90' lang='lat' dir='ltr'><strong>neque</strong></span> <span class='ocrx_word' id='word_1_560' title='bbox 1100 4607 1129 4645; x_wconf 93' lang='lat' dir='ltr'><strong>a</strong></span> <span class='ocrx_word' id='word_1_561' title='bbox 1174 4604 1234 4647; x_wconf 90' lang='lat' dir='ltr'><strong>se</strong></span> <span class='ocrx_word' id='word_1_562' title='bbox 1282 4592 1413 4661; x_wconf 87' lang='lat' dir='ltr'><strong>ipsis</strong></span> <span class='ocrx_word' id='word_1_563' title='bbox 1450 4592 1521 4647; x_wconf 84' lang='lat' dir='ltr'><strong>ita</strong></span> <span class='ocrx_word' id='word_1_564' title='bbox 1565 4594 1833 4665; x_wconf 84' lang='lat' dir='ltr'><strong>loquendo</strong></span> 
     </span>
    </p>
   </div>
   <div class='ocr_carea' id='block_1_75' title="bbox 1941 3384 3535 3456">
    <p class='ocr_par' dir='ltr' id='par_1_75' title="bbox 1941 3384 3535 3456">
     <span class='ocr_line' id='line_1_75' title="bbox 1941 3384 3535 3456; baseline 0.009 -19"><span class='ocrx_word' id='word_1_565' title='bbox 1941 3384 2039 3438; x_wconf 84' lang='lat' dir='ltr'><strong>viri</strong></span> <span class='ocrx_word' id='word_1_566' title='bbox 2072 3400 2193 3440; x_wconf 92' lang='lat' dir='ltr'><strong>cum</strong></span> <span class='ocrx_word' id='word_1_567' title='bbox 2224 3400 2284 3441; x_wconf 88' lang='lat' dir='ltr'><strong>se</strong></span> <span class='ocrx_word' id='word_1_568' title='bbox 2313 3401 2423 3440; x_wconf 91' lang='lat' dir='ltr'><strong>non</strong></span> <span class='ocrx_word' id='word_1_569' title='bbox 2450 3386 2629 3441; x_wconf 91' lang='lat' dir='ltr'><strong>audiri</strong></span> <span class='ocrx_word' id='word_1_570' title='bbox 2673 3387 3058 3456; x_wconf 89' lang='lat' dir='ltr'><strong>considerant,</strong></span> <span class='ocrx_word' id='word_1_571' title='bbox 3104 3391 3185 3446; x_wconf 92' lang='lat' dir='ltr'><strong>ori</strong></span> <span class='ocrx_word' id='word_1_572' title='bbox 3230 3405 3328 3447; x_wconf 85' lang='lat' dir='ltr'><strong>suo</strong></span> <span class='ocrx_word' id='word_1_573' title='bbox 3373 3396 3535 3451; x_wconf 75' lang='lat' dir='ltr'><strong>silen~</strong></span> 
     </span>
    </p>
   </div>
   <div class='ocr_carea' id='block_1_76' title="bbox 1940 3476 3535 3557">
    <p class='ocr_par' dir='ltr' id='par_1_76' title="bbox 1940 3476 3535 3557">
     <span class='ocr_line' id='line_1_76' title="bbox 1940 3476 3535 3557; baseline 0.008 -26"><span class='ocrx_word' id='word_1_574' title='bbox 1940 3476 2072 3532; x_wconf 90' lang='lat' dir='ltr'><strong>tium</strong></span> <span class='ocrx_word' id='word_1_575' title='bbox 2093 3476 2122 3514; x_wconf 73' lang='grc' dir='ltr'>ει</span> <span class='ocrx_word' id='word_1_576' title='bbox 2144 3477 2406 3544; x_wconf 79' lang='lat' dir='ltr'><strong>indicant;</strong></span> <span class='ocrx_word' id='word_1_577' title='bbox 2432 3478 2526 3534; x_wconf 89' lang='lat' dir='ltr'><strong>sed</strong></span> <span class='ocrx_word' id='word_1_578' title='bbox 2550 3478 2865 3549; x_wconf 86' lang='lat' dir='ltr'><strong>plerumque</strong></span> <span class='ocrx_word' id='word_1_579' title='bbox 2885 3481 3013 3535; x_wconf 89' lang='lat' dir='ltr'><strong>dum</strong></span> <span class='ocrx_word' id='word_1_580' title='bbox 3035 3484 3371 3552; x_wconf 90' lang='lat' dir='ltr'><strong>conspiciunt</strong></span> <span class='ocrx_word' id='word_1_581' title='bbox 3390 3488 3535 3557; x_wconf 91' lang='lat' dir='ltr'><strong>quod</strong></span> 
     </span>
    </p>
   </div>
   <div class='ocr_carea' id='block_1_77' title="bbox 1939 3567 3537 3648">
    <p class='ocr_par' dir='ltr' id='par_1_77' title="bbox 1939 3567 3537 3648">
     <span class='ocr_line' id='line_1_77' title="bbox 1939 3567 3537 3648; baseline 0.008 -25"><span class='ocrx_word' id='word_1_582' title='bbox 1939 3567 2246 3637; x_wconf 85' lang='lat' dir='ltr'><strong>iniquorum</strong></span> <span class='ocrx_word' id='word_1_583' title='bbox 2273 3568 2514 3624; x_wconf 89' lang='lat' dir='ltr'><strong>facinora</strong></span> <span class='ocrx_word' id='word_1_584' title='bbox 2543 3570 2674 3641; x_wconf 90' lang='lat' dir='ltr'><strong>ipsis</strong></span> <span class='ocrx_word' id='word_1_585' title='bbox 2700 3572 3006 3627; x_wconf 84' lang='lat' dir='ltr'><strong>tacentibus</strong></span> <span class='ocrx_word' id='word_1_586' title='bbox 3031 3584 3085 3629; x_wconf 90' lang='lat' dir='ltr'><strong>et</strong></span> <span class='ocrx_word' id='word_1_587' title='bbox 3112 3588 3217 3630; x_wconf 90' lang='lat' dir='ltr'><strong>non</strong></span> <span class='ocrx_word' id='word_1_588' title='bbox 3242 3578 3537 3648; x_wconf 76' lang='lat' dir='ltr'><strong>corripien-</strong></span> 
     </span>
    </p>
   </div>
   <div class='ocr_carea' id='block_1_78' title="bbox 1941 3662 3532 3748">
    <p class='ocr_par' dir='ltr' id='par_1_78' title="bbox 1941 3662 3532 3748">
     <span class='ocr_line' id='line_1_78' title="bbox 1941 3662 3532 3748; baseline 0.009 -33"><span class='ocrx_word' id='word_1_589' title='bbox 1941 3662 2087 3717; x_wconf 86' lang='lat' dir='ltr'><strong>tibus</strong></span> <span class='ocrx_word' id='word_1_590' title='bbox 2112 3672 2393 3728; x_wconf 90' lang='lat' dir='ltr'><strong>crescunt,</strong></span> <span class='ocrx_word' id='word_1_591' title='bbox 2424 3662 2530 3718; x_wconf 88' lang='lat' dir='ltr'><strong>vim</strong></span> <span class='ocrx_word' id='word_1_592' title='bbox 2560 3664 2848 3734; x_wconf 87' lang='lat' dir='ltr'><strong>quamdam</strong></span> <span class='ocrx_word' id='word_1_593' title='bbox 2880 3666 3102 3747; x_wconf 50' lang='lat' dir='ltr'><strong>Spiritus</strong></span> <span class='ocrx_word' id='word_1_594' title='bbox 3131 3668 3214 3723; x_wconf 90' lang='lat' dir='ltr'><strong>sui</strong></span> <span class='ocrx_word' id='word_1_595' title='bbox 3241 3672 3532 3748; x_wconf 79' lang='lat' dir='ltr'><strong>sustinent,</strong></span> 
     </span>
    </p>
   </div>
   <div class='ocr_carea' id='block_1_79' title="bbox 1941 3754 3535 3829">
    <p class='ocr_par' dir='ltr' id='par_1_79' title="bbox 1941 3754 3535 3829">
     <span class='ocr_line' id='line_1_79' title="bbox 1941 3754 3535 3829; baseline 0.009 -21"><span class='ocrx_word' id='word_1_596' title='bbox 1941 3763 1998 3809; x_wconf 93' lang='lat' dir='ltr'><strong>ut</strong></span> <span class='ocrx_word' id='word_1_597' title='bbox 2026 3756 2077 3808; x_wconf 91' lang='lat' dir='ltr'><strong>in</strong></span> <span class='ocrx_word' id='word_1_598' title='bbox 2110 3754 2432 3809; x_wconf 87' lang='lat' dir='ltr'><strong>locutionem</strong></span> <span class='ocrx_word' id='word_1_599' title='bbox 2457 3762 2660 3824; x_wconf 59' lang='lat' dir='ltr'><strong>apertae</strong></span> <span class='ocrx_word' id='word_1_600' title='bbox 2680 3756 3034 3825; x_wconf 85' lang='lat' dir='ltr'><strong>correptionis</strong></span> <span class='ocrx_word' id='word_1_601' title='bbox 3057 3771 3356 3829; x_wconf 81' lang='lat' dir='ltr'><strong>erumpant.</strong></span> <span class='ocrx_word' id='word_1_602' title='bbox 3385 3763 3535 3822; x_wconf 88' lang='lat' dir='ltr'><strong>Unde</strong></span> 
     </span>
    </p>
   </div>
   <div class='ocr_carea' id='block_1_80' title="bbox 1940 3847 3529 3918">
    <p class='ocr_par' dir='ltr' id='par_1_80' title="bbox 1940 3847 3529 3918">
     <span class='ocr_line' id='line_1_80' title="bbox 1940 3847 3529 3918; baseline 0.008 -16"><span class='ocrx_word' id='word_1_603' title='bbox 1940 3849 2204 3918; x_wconf 77' lang='lat' dir='ltr'><strong>preplieta</strong></span> <span class='ocrx_word' id='word_1_604' title='bbox 2236 3847 2500 3904; x_wconf 82' lang='lat' dir='ltr'><strong>Jeremias</strong></span> <span class='ocrx_word' id='word_1_605' title='bbox 2529 3864 2649 3903; x_wconf 89' lang='lat' dir='ltr'><strong>cum</strong></span> <span class='ocrx_word' id='word_1_606' title='bbox 2682 3849 3081 3917; x_wconf 70' lang='lat' dir='ltr'><strong>praedicationis</strong></span> <span class='ocrx_word' id='word_1_607' title='bbox 3110 3852 3215 3907; x_wconf 89' lang='lat' dir='ltr'><strong>sibi</strong></span> <span class='ocrx_word' id='word_1_608' title='bbox 3255 3854 3529 3915; x_wconf 87' lang='lat' dir='ltr'><strong>silentium</strong></span> 
     </span>
    </p>
   </div>
   <div class='ocr_carea' id='block_1_81' title="bbox 1941 3939 3533 4020">
    <p class='ocr_par' dir='ltr' id='par_1_81' title="bbox 1941 3939 3533 4020">
     <span class='ocr_line' id='line_1_81' title="bbox 1941 3939 3533 4020; baseline 0.006 -26"><span class='ocrx_word' id='word_1_609' title='bbox 1941 3939 2256 4008; x_wconf 83' lang='lat' dir='ltr'><strong>indixisset,</strong></span> <span class='ocrx_word' id='word_1_610' title='bbox 2286 3941 2506 3997; x_wconf 83' lang='lat' dir='ltr'><strong>dicens:</strong></span> <span class='ocrx_word' id='word_1_611' title='bbox 2531 3940 2654 3996; x_wconf 86' lang='lat' dir='ltr'><strong>Non</strong></span> <span class='ocrx_word' id='word_1_612' title='bbox 2682 3943 2988 3998; x_wconf 84' lang='lat' dir='ltr'><strong>recordabar</strong></span> <span class='ocrx_word' id='word_1_613' title='bbox 3011 3946 3325 4016; x_wconf 28' lang='lat' dir='ltr'><strong>ejus,.neque</strong></span> <span class='ocrx_word' id='word_1_614' title='bbox 3353 3951 3533 4020; x_wconf 83' lang='lat' dir='ltr'><strong>loquar</strong></span> 
     </span>
    </p>
   </div>
   <div class='ocr_carea' id='block_1_82' title="bbox 1944 4032 3531 4110">
    <p class='ocr_par' dir='ltr' id='par_1_82' title="bbox 1944 4032 3531 4110">
     <span class='ocr_line' id='line_1_82' title="bbox 1944 4032 3531 4110; baseline 0.007 -23"><span class='ocrx_word' id='word_1_615' title='bbox 1944 4034 2084 4099; x_wconf 83' lang='lat' dir='ltr'><strong>ultra</strong></span> <span class='ocrx_word' id='word_1_616' title='bbox 2113 4034 2165 4087; x_wconf 87' lang='lat' dir='ltr'><strong>in</strong></span> <span class='ocrx_word' id='word_1_617' title='bbox 2192 4035 2396 4089; x_wconf 87' lang='lat' dir='ltr'><strong>nomine</strong></span> <span class='ocrx_word' id='word_1_618' title='bbox 2421 4032 2598 4102; x_wconf 85' lang='lat' dir='ltr'><strong>illius;</strong></span> <span class='ocrx_word' id='word_1_619' title='bbox 2622 4034 2764 4090; x_wconf 86' lang='lat' dir='ltr'><strong>illico</strong></span> <span class='ocrx_word' id='word_1_620' title='bbox 2792 4034 3076 4106; x_wconf 77' lang='lat' dir='ltr'><strong>adjunxit:</strong></span> <span class='ocrx_word' id='word_1_621' title='bbox 3103 4038 3169 4091; x_wconf 85' lang='lat' dir='ltr'><strong>Et</strong></span> <span class='ocrx_word' id='word_1_622' title='bbox 3192 4043 3362 4110; x_wconf 81' lang='lat' dir='ltr'><strong>factus</strong></span> <span class='ocrx_word' id='word_1_623' title='bbox 3385 4051 3459 4097; x_wconf 88' lang='lat' dir='ltr'><strong>est</strong></span> <span class='ocrx_word' id='word_1_624' title='bbox 3480 4044 3531 4098; x_wconf 88' lang='lat' dir='ltr'><strong>in</strong></span> 
     </span>
    </p>
   </div>
   <div class='ocr_carea' id='block_1_83' title="bbox 1939 4124 3531 4200">
    <p class='ocr_par' dir='ltr' id='par_1_83' title="bbox 1939 4124 3531 4200">
     <span class='ocr_line' id='line_1_83' title="bbox 1939 4124 3531 4200; baseline 0.007 -23"><span class='ocrx_word' id='word_1_625' title='bbox 1939 4124 2093 4178; x_wconf 89' lang='lat' dir='ltr'><strong>corde</strong></span> <span class='ocrx_word' id='word_1_626' title='bbox 2119 4140 2230 4178; x_wconf 88' lang='lat' dir='ltr'><strong>meo</strong></span> <span class='ocrx_word' id='word_1_627' title='bbox 2255 4126 2406 4195; x_wconf 82' lang='lat' dir='ltr'><strong>quasi</strong></span> <span class='ocrx_word' id='word_1_628' title='bbox 2431 4124 2566 4199; x_wconf 83' lang='lat' dir='ltr'><strong>ignis</strong></span> <span class='ocrx_word' id='word_1_629' title='bbox 2594 4136 2906 4195; x_wconf 73' lang='lat' dir='ltr'><strong>esttuans,</strong></span> <span class='ocrx_word' id='word_1_630' title='bbox 2933 4125 3235 4200; x_wconf 84' lang='lat' dir='ltr'><strong>claususque</strong></span> <span class='ocrx_word' id='word_1_631' title='bbox 3258 4132 3310 4185; x_wconf 88' lang='lat' dir='ltr'><strong>in</strong></span> <span class='ocrx_word' id='word_1_632' title='bbox 3338 4133 3531 4189; x_wconf 85' lang='lat' dir='ltr'><strong>ossibus</strong></span> 
     </span>
    </p>
   </div>
   <div class='ocr_carea' id='block_1_84' title="bbox 1940 4218 3531 4287">
    <p class='ocr_par' dir='ltr' id='par_1_84' title="bbox 1940 4218 3531 4287">
     <span class='ocr_line' id='line_1_84' title="bbox 1940 4218 3531 4287; baseline 0.006 -16"><span class='ocrx_word' id='word_1_633' title='bbox 1940 4220 2095 4284; x_wconf 86' lang='lat' dir='ltr'><strong>meis,</strong></span> <span class='ocrx_word' id='word_1_634' title='bbox 2128 4226 2174 4272; x_wconf 85' lang='lat' dir='ltr'><strong>et</strong></span> <span class='ocrx_word' id='word_1_635' title='bbox 2207 4218 2369 4287; x_wconf 61' lang='lat' dir='ltr'><strong>deieci</strong></span> <span class='ocrx_word' id='word_1_636' title='bbox 2388 4256 2402 4283; x_wconf 91' lang='lat'><strong>,</strong></span> <span class='ocrx_word' id='word_1_637' title='bbox 2435 4218 2571 4287; x_wconf 77' lang='lat' dir='ltr'><strong>ferre</strong></span> <span class='ocrx_word' id='word_1_638' title='bbox 2597 4235 2701 4274; x_wconf 89' lang='lat' dir='ltr'><strong>non</strong></span> <span class='ocrx_word' id='word_1_639' title='bbox 2728 4221 3024 4287; x_wconf 84' lang='lat' dir='ltr'><strong>sustinens;</strong></span> <span class='ocrx_word' id='word_1_640' title='bbox 3053 4223 3228 4276; x_wconf 85' lang='lat' dir='ltr'><strong>audivi</strong></span> <span class='ocrx_word' id='word_1_641' title='bbox 3253 4225 3393 4277; x_wconf 88' lang='lat' dir='ltr'><strong>enim</strong></span> <span class='ocrx_word' id='word_1_642' title='bbox 3416 4242 3531 4281; x_wconf 88' lang='lat' dir='ltr'><strong>con-</strong></span> 
     </span>
    </p>
   </div>
   <div class='ocr_carea' id='block_1_85' title="bbox 1940 4310 3530 4389">
    <p class='ocr_par' dir='ltr' id='par_1_85' title="bbox 1940 4310 3530 4389">
     <span class='ocr_line' id='line_1_85' title="bbox 1940 4310 3530 4389; baseline 0.006 -24"><span class='ocrx_word' id='word_1_643' title='bbox 1940 4311 2175 4365; x_wconf 88' lang='lat' dir='ltr'><strong>tumelias</strong></span> <span class='ocrx_word' id='word_1_644' title='bbox 2205 4314 2483 4364; x_wconf 84' lang='lat' dir='ltr'><strong>multorum</strong></span> <span class='ocrx_word' id='word_1_645' title='bbox 2513 4310 2732 4383; x_wconf 84' lang='lat' dir='ltr'><strong>(Jerem.</strong></span> <span class='ocrx_word' id='word_1_646' title='bbox 2756 4328 2857 4380; x_wconf 81' lang='lat' dir='ltr'><strong>xx,</strong></span> <span class='ocrx_word' id='word_1_647' title='bbox 2881 4314 2957 4382; x_wconf 75' lang='lat'><strong>9).</strong></span> <span class='ocrx_word' id='word_1_648' title='bbox 2991 4313 3095 4369; x_wconf 90' lang='lat' dir='ltr'><strong>Pro</strong></span> <span class='ocrx_word' id='word_1_649' title='bbox 3124 4330 3188 4370; x_wconf 91' lang='lat' dir='ltr'><strong>eo</strong></span> <span class='ocrx_word' id='word_1_650' title='bbox 3218 4316 3358 4372; x_wconf 90' lang='lat' dir='ltr'><strong>enim</strong></span> <span class='ocrx_word' id='word_1_651' title='bbox 3390 4319 3530 4389; x_wconf 87' lang='lat' dir='ltr'><strong>quod</strong></span> 
     </span>
    </p>
   </div>
   <div class='ocr_carea' id='block_1_86' title="bbox 1940 4396 3530 4483">
    <p class='ocr_par' dir='ltr' id='par_1_86' title="bbox 1940 4396 3530 4483">
     <span class='ocr_line' id='line_1_86' title="bbox 1940 4396 3530 4483; baseline 0.004 -22"><span class='ocrx_word' id='word_1_652' title='bbox 1940 4418 2004 4461; x_wconf 90' lang='lat' dir='ltr'><strong>se</strong></span> <span class='ocrx_word' id='word_1_653' title='bbox 2044 4404 2268 4460; x_wconf 90' lang='lat' dir='ltr'><strong>minime</strong></span> <span class='ocrx_word' id='word_1_654' title='bbox 2293 4396 2464 4458; x_wconf 88' lang='lat' dir='ltr'><strong>audiri</strong></span> <span class='ocrx_word' id='word_1_655' title='bbox 2496 4404 2807 4479; x_wconf 58' lang='lat' dir='ltr'><strong>conspesit,</strong></span> <span class='ocrx_word' id='word_1_656' title='bbox 2841 4405 3114 4483; x_wconf 86' lang='lat' dir='ltr'><strong>silentium</strong></span> <span class='ocrx_word' id='word_1_657' title='bbox 3144 4409 3530 4478; x_wconf 87' lang='lat' dir='ltr'><strong>appetiit;sed</strong></span> 
     </span>
    </p>
   </div>
   <div class='ocr_carea' id='block_1_87' title="bbox 1940 4497 3529 4562">
    <p class='ocr_par' dir='ltr' id='par_1_87' title="bbox 1940 4497 3529 4562">
     <span class='ocr_line' id='line_1_87' title="bbox 1940 4497 3529 4562; baseline 0.005 -10"><span class='ocrx_word' id='word_1_658' title='bbox 1940 4513 2059 4552; x_wconf 90' lang='lat' dir='ltr'><strong>cum</strong></span> <span class='ocrx_word' id='word_1_659' title='bbox 2090 4497 2386 4553; x_wconf 88' lang='lat' dir='ltr'><strong>crescentia</strong></span> <span class='ocrx_word' id='word_1_660' title='bbox 2409 4498 2548 4550; x_wconf 87' lang='lat' dir='ltr'><strong>mala</strong></span> <span class='ocrx_word' id='word_1_661' title='bbox 2574 4506 2849 4562; x_wconf 82' lang='lat' dir='ltr'><strong>cerneret,</strong></span> <span class='ocrx_word' id='word_1_662' title='bbox 2878 4497 2927 4551; x_wconf 92' lang='lat' dir='ltr'><strong>in</strong></span> <span class='ocrx_word' id='word_1_663' title='bbox 2954 4498 3145 4554; x_wconf 85' lang='lat' dir='ltr'><strong>eodem</strong></span> <span class='ocrx_word' id='word_1_664' title='bbox 3177 4501 3393 4558; x_wconf 88' lang='lat' dir='ltr'><strong>silentio</strong></span> <span class='ocrx_word' id='word_1_665' title='bbox 3424 4519 3529 4559; x_wconf 85' lang='lat' dir='ltr'><strong>non</strong></span> 
     </span>
    </p>
   </div>
   <div class='ocr_carea' id='block_1_88' title="bbox 1940 4589 3587 4681">
    <p class='ocr_par' dir='ltr' id='par_1_88' title="bbox 1940 4589 3587 4681">
     <span class='ocr_line' id='line_1_88' title="bbox 1940 4589 3587 4681; baseline 0.005 -35"><span class='ocrx_word' id='word_1_666' title='bbox 1940 4591 2254 4660; x_wconf 87' lang='lat' dir='ltr'><strong>permansit.</strong></span> <span class='ocrx_word' id='word_1_667' title='bbox 2289 4589 2422 4657; x_wconf 84' lang='lat' dir='ltr'><strong>Quia</strong></span> <span class='ocrx_word' id='word_1_668' title='bbox 2451 4589 2595 4644; x_wconf 89' lang='lat' dir='ltr'><strong>enim</strong></span> <span class='ocrx_word' id='word_1_669' title='bbox 2627 4590 2759 4644; x_wconf 87' lang='lat' dir='ltr'><strong>foris</strong></span> <span class='ocrx_word' id='word_1_670' title='bbox 2791 4591 2984 4658; x_wconf 80' lang='lat' dir='ltr'><strong>tacuit,</strong></span> <span class='ocrx_word' id='word_1_671' title='bbox 3008 4606 3081 4673; x_wconf 75' lang='lat' dir='ltr'><strong>ex</strong></span> <span class='ocrx_word' id='word_1_672' title='bbox 3116 4594 3274 4651; x_wconf 65' lang='lat' dir='ltr'><strong>taedio</strong></span> <span class='ocrx_word' id='word_1_673' title='bbox 3304 4595 3530 4654; x_wconf 85' lang='lat' dir='ltr'><strong>locutio-</strong></span> <span class='ocrx_word' id='word_1_674' title='bbox 3578 4664 3587 4681; x_wconf 38' lang='grc' dir='ltr'><em>δ</em></span> 
     </span>
    </p>
   </div>
   <div class='ocr_carea' id='block_1_89' title="bbox 236 4666 3527 4760">
    <p class='ocr_par' dir='ltr' id='par_1_89' title="bbox 236 4666 3527 4760">
     <span class='ocr_line' id='line_1_89' title="bbox 236 4666 3527 4760; baseline 0 -17"><span class='ocrx_word' id='word_1_675' title='bbox 236 4694 478 4754; x_wconf 77' lang='lat' dir='ltr'><strong>exeunt,</strong></span> <span class='ocrx_word' id='word_1_676' title='bbox 533 4688 591 4743; x_wconf 80' lang='lat' dir='ltr'><strong>ut</strong></span> <span class='ocrx_word' id='word_1_677' title='bbox 632 4687 886 4760; x_wconf 84' lang='lat' dir='ltr'><strong>gaudium</strong></span> <span class='ocrx_word' id='word_1_678' title='bbox 937 4686 1135 4741; x_wconf 86' lang='lat' dir='ltr'><strong>mentis</strong></span> <span class='ocrx_word' id='word_1_679' title='bbox 1183 4686 1239 4741; x_wconf 85' lang='lat' dir='ltr'><strong>in</strong></span> <span class='ocrx_word' id='word_1_680' title='bbox 1281 4686 1588 4741; x_wconf 89' lang='lat' dir='ltr'><strong>ostensione</strong></span> <span class='ocrx_word' id='word_1_681' title='bbox 1640 4696 1835 4757; x_wconf 87' lang='lat' dir='ltr'><strong>ponant</strong></span> <span class='ocrx_word' id='word_1_682' title='bbox 1860 4676 1914 4743; x_wconf 87' lang='lat' dir='ltr'><strong><em>D</em></strong></span> <span class='ocrx_word' id='word_1_683' title='bbox 1940 4684 2026 4738; x_wconf 90' lang='lat' dir='ltr'><strong>nis</strong></span> <span class='ocrx_word' id='word_1_684' title='bbox 2060 4682 2203 4738; x_wconf 90' lang='lat' dir='ltr'><strong>intus</strong></span> <span class='ocrx_word' id='word_1_685' title='bbox 2232 4683 2409 4751; x_wconf 89' lang='lat' dir='ltr'><strong>ignem</strong></span> <span class='ocrx_word' id='word_1_686' title='bbox 2437 4680 2659 4750; x_wconf 89' lang='lat' dir='ltr'><strong>pertulit</strong></span> <span class='ocrx_word' id='word_1_687' title='bbox 2700 4681 2768 4736; x_wconf 90' lang='lat' dir='ltr'><strong>de</strong></span> <span class='ocrx_word' id='word_1_688' title='bbox 2815 4680 2932 4737; x_wconf 93' lang='lat' dir='ltr'><strong>zelo</strong></span> <span class='ocrx_word' id='word_1_689' title='bbox 2972 4666 3266 4740; x_wconf 80' lang='lat' dir='ltr'><strong>charitatis.</strong></span> <span class='ocrx_word' id='word_1_690' title='bbox 3314 4685 3527 4744; x_wconf 88' lang='lat' dir='ltr'><strong>lnllam-</strong></span> 
     </span>
    </p>
   </div>
   <div class='ocr_carea' id='block_1_90' title="bbox 237 4764 1837 4847">
    <p class='ocr_par' dir='ltr' id='par_1_90' title="bbox 237 4764 1837 4847">
     <span class='ocr_line' id='line_1_90' title="bbox 237 4764 1837 4847; baseline 0 -12"><span class='ocrx_word' id='word_1_691' title='bbox 237 4774 457 4835; x_wconf 70' lang='lat' dir='ltr'><strong>disertae</strong></span> <span class='ocrx_word' id='word_1_692' title='bbox 486 4764 769 4836; x_wconf 79' lang='lat' dir='ltr'><strong>locutionis</strong></span> <span class='ocrx_word' id='word_1_693' title='bbox 790 4822 804 4847; x_wconf 88' lang='lat'><strong>,</strong></span> <span class='ocrx_word' id='word_1_694' title='bbox 834 4779 929 4837; x_wconf 90' lang='lat' dir='ltr'><strong>sed</strong></span> <span class='ocrx_word' id='word_1_695' title='bbox 961 4780 1163 4835; x_wconf 87' lang='lat' dir='ltr'><strong>bonum</strong></span> <span class='ocrx_word' id='word_1_696' title='bbox 1193 4778 1436 4835; x_wconf 78' lang='lat' dir='ltr'><strong>scientiae</strong></span> <span class='ocrx_word' id='word_1_697' title='bbox 1466 4779 1519 4833; x_wconf 89' lang='lat' dir='ltr'><strong>in</strong></span> <span class='ocrx_word' id='word_1_698' title='bbox 1549 4780 1726 4834; x_wconf 87' lang='lat' dir='ltr'><strong>cordis</strong></span> <span class='ocrx_word' id='word_1_699' title='bbox 1751 4793 1837 4835; x_wconf 87' lang='lat' dir='ltr'><strong>se-</strong></span> 
     </span>
    </p>
   </div>
   <div class='ocr_carea' id='block_1_91' title="bbox 238 4868 1834 4941">
    <p class='ocr_par' dir='ltr' id='par_1_91' title="bbox 238 4868 1834 4941">
     <span class='ocr_line' id='line_1_91' title="bbox 238 4868 1834 4941; baseline -0.001 -14"><span class='ocrx_word' id='word_1_700' title='bbox 238 4876 393 4927; x_wconf 83' lang='lat' dir='ltr'><strong>creto</strong></span> <span class='ocrx_word' id='word_1_701' title='bbox 423 4870 774 4939; x_wconf 83' lang='lat' dir='ltr'><strong>meditantur,</strong></span> <span class='ocrx_word' id='word_1_702' title='bbox 802 4880 855 4927; x_wconf 90' lang='lat' dir='ltr'><strong>et</strong></span> <span class='ocrx_word' id='word_1_703' title='bbox 883 4869 956 4926; x_wconf 91' lang='lat' dir='ltr'><strong>ibi</strong></span> <span class='ocrx_word' id='word_1_704' title='bbox 986 4870 1221 4941; x_wconf 87' lang='lat' dir='ltr'><strong>gaudent</strong></span> <span class='ocrx_word' id='word_1_705' title='bbox 1247 4868 1338 4925; x_wconf 89' lang='lat' dir='ltr'><strong>ubi</strong></span> <span class='ocrx_word' id='word_1_706' title='bbox 1370 4869 1471 4926; x_wconf 88' lang='lat' dir='ltr'><strong>hoc</strong></span> <span class='ocrx_word' id='word_1_707' title='bbox 1499 4871 1834 4941; x_wconf 88' lang='lat' dir='ltr'><strong>percipiunt,</strong></span> 
     </span>
    </p>
   </div>
   <div class='ocr_carea' id='block_1_92' title="bbox 234 4958 1834 5032">
    <p class='ocr_par' dir='ltr' id='par_1_92' title="bbox 234 4958 1834 5032">
     <span class='ocr_line' id='line_1_92' title="bbox 234 4958 1834 5032; baseline 0 -13"><span class='ocrx_word' id='word_1_708' title='bbox 234 4965 349 5019; x_wconf 82' lang='lat' dir='ltr'><strong>non</strong></span> <span class='ocrx_word' id='word_1_709' title='bbox 395 4958 483 5019; x_wconf 84' lang='lat' dir='ltr'><strong>ubi</strong></span> <span class='ocrx_word' id='word_1_710' title='bbox 518 4962 670 5025; x_wconf 80' lang='lat' dir='ltr'><strong>inter</strong></span> <span class='ocrx_word' id='word_1_711' title='bbox 714 4971 791 5018; x_wconf 91' lang='lat' dir='ltr'><strong>tot</strong></span> <span class='ocrx_word' id='word_1_712' title='bbox 834 4962 1189 5019; x_wconf 88' lang='lat' dir='ltr'><strong>tentationum</strong></span> <span class='ocrx_word' id='word_1_713' title='bbox 1234 4962 1453 5032; x_wconf 84' lang='lat' dir='ltr'><strong>laqueos</strong></span> <span class='ocrx_word' id='word_1_714' title='bbox 1494 4961 1834 5019; x_wconf 87' lang='lat' dir='ltr'><strong>innotescere</strong></span> 
     </span>
    </p>
   </div>
   <div class='ocr_carea' id='block_1_93' title="bbox 237 5050 1836 5126">
    <p class='ocr_par' dir='ltr' id='par_1_93' title="bbox 237 5050 1836 5126">
     <span class='ocr_line' id='line_1_93' title="bbox 237 5050 1836 5126; baseline 0 -15"><span class='ocrx_word' id='word_1_715' title='bbox 237 5056 657 5126; x_wconf 76' lang='lat' dir='ltr'><strong>compelluntur,</strong></span> <span class='ocrx_word' id='word_1_716' title='bbox 690 5056 937 5126; x_wconf 87' lang='lat' dir='ltr'><strong>quamvis</strong></span> <span class='ocrx_word' id='word_1_717' title='bbox 976 5066 1096 5110; x_wconf 91' lang='lat' dir='ltr'><strong>cum</strong></span> <span class='ocrx_word' id='word_1_718' title='bbox 1142 5055 1339 5111; x_wconf 90' lang='lat' dir='ltr'><strong>bonum</strong></span> <span class='ocrx_word' id='word_1_719' title='bbox 1384 5050 1527 5126; x_wconf 80' lang='lat' dir='ltr'><strong>quod</strong></span> <span class='ocrx_word' id='word_1_720' title='bbox 1567 5056 1836 5126; x_wconf 85' lang='lat' dir='ltr'><strong>accipiunt</strong></span> 
     </span>
    </p>
   </div>
   <div class='ocr_carea' id='block_1_94' title="bbox 237 5146 1831 5221">
    <p class='ocr_par' dir='ltr' id='par_1_94' title="bbox 237 5146 1831 5221">
     <span class='ocr_line' id='line_1_94' title="bbox 237 5146 1831 5221; baseline 0.001 -17"><span class='ocrx_word' id='word_1_721' title='bbox 237 5148 587 5205; x_wconf 82' lang='lat' dir='ltr'><strong>innotescunt</strong></span> <span class='ocrx_word' id='word_1_722' title='bbox 606 5193 622 5219; x_wconf 92' lang='lat'><strong>,</strong></span> <span class='ocrx_word' id='word_1_723' title='bbox 656 5146 828 5204; x_wconf 90' lang='lat' dir='ltr'><strong>media</strong></span> <span class='ocrx_word' id='word_1_724' title='bbox 855 5146 1249 5203; x_wconf 79' lang='lat' dir='ltr'><strong>interveniente</strong></span> <span class='ocrx_word' id='word_1_725' title='bbox 1275 5148 1570 5217; x_wconf 84' lang='lat' dir='ltr'><strong>charltate,</strong></span> <span class='ocrx_word' id='word_1_726' title='bbox 1605 5160 1673 5205; x_wconf 81' lang='lat' dir='ltr'><strong>ex</strong></span> <span class='ocrx_word' id='word_1_727' title='bbox 1703 5164 1831 5221; x_wconf 83' lang='lat' dir='ltr'><strong>pro-</strong></span> 
     </span>
    </p>
   </div>
   <div class='ocr_carea' id='block_1_95' title="bbox 235 5240 1829 5319">
    <p class='ocr_par' dir='ltr' id='par_1_95' title="bbox 235 5240 1829 5319">
     <span class='ocr_line' id='line_1_95' title="bbox 235 5240 1829 5319; baseline -0.004 -22"><span class='ocrx_word' id='word_1_728' title='bbox 235 5240 382 5299; x_wconf 76' lang='lat' dir='ltr'><strong>iectu</strong></span> <span class='ocrx_word' id='word_1_729' title='bbox 416 5240 746 5298; x_wconf 73' lang='lat' dir='ltr'><strong>audientium</strong></span> <span class='ocrx_word' id='word_1_730' title='bbox 764 5282 779 5308; x_wconf 91' lang='lat'><strong>,</strong></span> <span class='ocrx_word' id='word_1_731' title='bbox 807 5249 864 5297; x_wconf 83' lang='lat' dir='ltr'><strong>et</strong></span> <span class='ocrx_word' id='word_1_732' title='bbox 894 5248 1000 5295; x_wconf 86' lang='lat' dir='ltr'><strong>non</strong></span> <span class='ocrx_word' id='word_1_733' title='bbox 1028 5250 1094 5295; x_wconf 78' lang='lat' dir='ltr'><strong>es</strong></span> <span class='ocrx_word' id='word_1_734' title='bbox 1127 5241 1343 5310; x_wconf 80' lang='lat' dir='ltr'><strong>propria</strong></span> <span class='ocrx_word' id='word_1_735' title='bbox 1374 5243 1679 5300; x_wconf 84' lang='lat' dir='ltr'><strong>ostensione</strong></span> <span class='ocrx_word' id='word_1_736' title='bbox 1707 5256 1829 5319; x_wconf 62' lang='grc' dir='ltr'><strong>ενα.</strong></span> 
     </span>
    </p>
   </div>
   <div class='ocr_carea' id='block_1_96' title="bbox 176 5384 1817 5472">
    <p class='ocr_par' dir='ltr' id='par_1_96' title="bbox 176 5384 1817 5472">
     <span class='ocr_line' id='line_1_96' title="bbox 176 5384 1817 5472; baseline -0.001 -13"><span class='ocrx_word' id='word_1_737' title='bbox 313 5413 338 5441; x_wconf 69' lang='grc' dir='ltr'><em>α</em></span> <span class='ocrx_word' id='word_1_738' title='bbox 382 5401 797 5460; x_wconf 76' lang='lat' dir='ltr'><strong>Reeentioribus</strong></span> <span class='ocrx_word' id='word_1_739' title='bbox 848 5401 993 5457; x_wconf 85' lang='lat' dir='ltr'><strong>Edit.</strong></span> <span class='ocrx_word' id='word_1_740' title='bbox 1046 5399 1263 5472; x_wconf 62' lang='lat' dir='ltr'><strong>placuit</strong></span> <span class='ocrx_word' id='word_1_741' title='bbox 1298 5399 1531 5472; x_wconf 89' lang='lat' dir='ltr'><strong>addere,</strong></span> <span class='ocrx_word' id='word_1_742' title='bbox 1584 5403 1817 5472; x_wconf 85' lang='lat' dir='ltr'><strong>silentii,</strong></span> 
     </span>
    </p>
   </div>
   <div class='ocr_carea' id='block_1_97' title="bbox 231 5468 1823 5547">
    <p class='ocr_par' dir='ltr' id='par_1_97' title="bbox 231 5468 1823 5547">
     <span class='ocr_line' id='line_1_97' title="bbox 231 5468 1823 5547; baseline -0.003 -13"><span class='ocrx_word' id='word_1_743' title='bbox 231 5475 613 5547; x_wconf 68' lang='lat' dir='ltr'><strong>explicationis</strong></span> <span class='ocrx_word' id='word_1_744' title='bbox 636 5475 827 5546; x_wconf 88' lang='lat' dir='ltr'><strong>gratia.</strong></span> <span class='ocrx_word' id='word_1_745' title='bbox 855 5468 1199 5547; x_wconf 45' lang='lat' dir='ltr'><strong>{antiquiores</strong></span> <span class='ocrx_word' id='word_1_746' title='bbox 1224 5468 1418 5547; x_wconf 73' lang='lat' dir='ltr'><strong>Excusi</strong></span> <span class='ocrx_word' id='word_1_747' title='bbox 1436 5511 1452 5538; x_wconf 92' lang='lat'><strong>,</strong></span> <span class='ocrx_word' id='word_1_748' title='bbox 1477 5468 1614 5547; x_wconf 87' lang='lat' dir='ltr'><strong>quos</strong></span> <span class='ocrx_word' id='word_1_749' title='bbox 1642 5468 1823 5547; x_wconf 49' lang='lat' dir='ltr'><strong>sequi;</strong></span> 
     </span>
    </p>
   </div>
   <div class='ocr_carea' id='block_1_98' title="bbox 233 5541 1825 5630">
    <p class='ocr_par' dir='ltr' id='par_1_98' title="bbox 233 5541 1825 5630">
     <span class='ocr_line' id='line_1_98' title="bbox 233 5541 1825 5630; baseline 0 -28"><span class='ocrx_word' id='word_1_750' title='bbox 233 5541 381 5630; x_wconf 63' lang='lat' dir='ltr'><strong>mur,</strong></span> <span class='ocrx_word' id='word_1_751' title='bbox 429 5556 617 5602; x_wconf 90' lang='lat' dir='ltr'><strong>carent</strong></span> <span class='ocrx_word' id='word_1_752' title='bbox 640 5541 763 5601; x_wconf 61' lang='lat' dir='ltr'><strong>&#39;hoc</strong></span> <span class='ocrx_word' id='word_1_753' title='bbox 808 5541 1203 5611; x_wconf 86' lang='lat' dir='ltr'><strong>additamento,</strong></span> <span class='ocrx_word' id='word_1_754' title='bbox 1250 5550 1304 5597; x_wconf 88' lang='lat' dir='ltr'><strong>et</strong></span> <span class='ocrx_word' id='word_1_755' title='bbox 1348 5541 1825 5619; x_wconf 49' lang='lat' dir='ltr'><strong>MsSJreligiosids</strong></span> 
     </span>
    </p>
   </div>
   <div class='ocr_carea' id='block_1_99' title="bbox 229 5619 1839 5761">
    <p class='ocr_par' dir='ltr' id='par_1_99' title="bbox 229 5619 1839 5761">
     <span class='ocr_line' id='line_1_99' title="bbox 229 5619 1839 5761; baseline 0.002 -21"><span class='ocrx_word' id='word_1_756' title='bbox 229 5619 623 5761; x_wconf 36' lang='lat' dir='ltr'><strong>mamllh&#39;l‘gati,</strong></span> <span class='ocrx_word' id='word_1_757' title='bbox 666 5688 875 5742; x_wconf 85' lang='lat' dir='ltr'><strong>humani</strong></span> <span class='ocrx_word' id='word_1_758' title='bbox 915 5688 1127 5761; x_wconf 72' lang='lat' dir='ltr'><strong>fauoris.</strong></span> <span class='ocrx_word' id='word_1_759' title='bbox 1156 5687 1548 5761; x_wconf 9' lang='lat' dir='ltr'><strong>Nostrarlectio</strong></span> <span class='ocrx_word' id='word_1_760' title='bbox 1586 5698 1667 5744; x_wconf 91' lang='lat' dir='ltr'><strong>est</strong></span> <span class='ocrx_word' id='word_1_761' title='bbox 1696 5656 1839 5745; x_wconf 42' lang='lat' dir='ltr'><strong>Mss:</strong></span> 
     </span>
    </p>
   </div>
   <div class='ocr_carea' id='block_1_100' title="bbox 194 5759 1824 5827">
    <p class='ocr_par' dir='ltr' id='par_1_100' title="bbox 194 5759 1824 5827">
     <span class='ocr_line' id='line_1_100' title="bbox 194 5759 1824 5827; baseline -0.002 -8"><span class='ocrx_word' id='word_1_762' title='bbox 194 5804 199 5809; x_wconf 84' lang='lat'><strong>.</strong></span> <span class='ocrx_word' id='word_1_763' title='bbox 232 5759 511 5827; x_wconf 56' lang='lat' dir='ltr'><strong>Vindan»,</strong></span> <span class='ocrx_word' id='word_1_764' title='bbox 534 5760 786 5815; x_wconf 81' lang='lat' dir='ltr'><strong>Norman.</strong></span> <span class='ocrx_word' id='word_1_765' title='bbox 810 5792 824 5824; x_wconf 85' lang='lat'><strong>,</strong></span> <span class='ocrx_word' id='word_1_766' title='bbox 851 5770 958 5816; x_wconf 87' lang='lat' dir='ltr'><strong>etc.</strong></span> <span class='ocrx_word' id='word_1_767' title='bbox 991 5759 1172 5815; x_wconf 85' lang='lat' dir='ltr'><strong>Baluz.</strong></span> <span class='ocrx_word' id='word_1_768' title='bbox 1200 5767 1256 5815; x_wconf 90' lang='lat' dir='ltr'><strong>et</strong></span> <span class='ocrx_word' id='word_1_769' title='bbox 1278 5759 1432 5817; x_wconf 87' lang='lat' dir='ltr'><strong>Celb.</strong></span> <span class='ocrx_word' id='word_1_770' title='bbox 1460 5759 1659 5816; x_wconf 87' lang='lat' dir='ltr'><strong>habent</strong></span> <span class='ocrx_word' id='word_1_771' title='bbox 1725 5763 1824 5815; x_wconf 80' lang='lat' dir='ltr'><strong>Itu-</strong></span> 
     </span>
    </p>
   </div>
   <div class='ocr_carea' id='block_1_101' title="bbox 231 5848 1828 5970">
    <p class='ocr_par' dir='ltr' id='par_1_101' title="bbox 231 5848 1828 5970">
     <span class='ocr_line' id='line_1_101' title="bbox 231 5848 525 5890; baseline -0.014 0"><span class='ocrx_word' id='word_1_772' title='bbox 231 5848 391 5890; x_wconf 81' lang='lat' dir='ltr'><strong>mano</strong></span> <span class='ocrx_word' id='word_1_773' title='bbox 420 5850 525 5887; x_wconf 89' lang='lat' dir='ltr'><strong>ore.</strong></span> 
     </span>
     <span class='ocr_line' id='line_1_102' title="bbox 317 5902 1828 5970; baseline -0.001 -12"><span class='ocrx_word' id='word_1_774' title='bbox 317 5914 338 5943; x_wconf 73' lang='grc' dir='ltr'><strong>ε</strong></span> <span class='ocrx_word' id='word_1_775' title='bbox 384 5903 644 5969; x_wconf 80' lang='lat' dir='ltr'><strong>Vindoc.,</strong></span> <span class='ocrx_word' id='word_1_776' title='bbox 678 5902 911 5970; x_wconf 88' lang='lat' dir='ltr'><strong>Pratel.,</strong></span> <span class='ocrx_word' id='word_1_777' title='bbox 945 5902 1082 5959; x_wconf 87' lang='lat' dir='ltr'><strong>Utic.</strong></span> <span class='ocrx_word' id='word_1_778' title='bbox 1126 5911 1181 5960; x_wconf 87' lang='lat' dir='ltr'><strong>el</strong></span> <span class='ocrx_word' id='word_1_779' title='bbox 1221 5902 1343 5968; x_wconf 88' lang='lat' dir='ltr'><strong>alii,</strong></span> <span class='ocrx_word' id='word_1_780' title='bbox 1390 5902 1623 5958; x_wconf 81' lang='lat' dir='ltr'><strong>utilitatis</strong></span> <span class='ocrx_word' id='word_1_781' title='bbox 1666 5902 1828 5957; x_wconf 75' lang='lat' dir='ltr'><strong>inten-</strong></span> 
     </span>
    </p>
   </div>
   <div class='ocr_carea' id='block_1_102' title="bbox 1943 4772 3528 4854">
    <p class='ocr_par' dir='ltr' id='par_1_102' title="bbox 1943 4772 3528 4854">
     <span class='ocr_line' id='line_1_103' title="bbox 1943 4772 3528 4854; baseline 0.004 -22"><span class='ocrx_word' id='word_1_782' title='bbox 1943 4772 2155 4832; x_wconf 86' lang='lat' dir='ltr'><strong>mantur</strong></span> <span class='ocrx_word' id='word_1_783' title='bbox 2184 4776 2378 4846; x_wconf 90' lang='lat' dir='ltr'><strong>quippe</strong></span> <span class='ocrx_word' id='word_1_784' title='bbox 2409 4774 2569 4830; x_wconf 90' lang='lat' dir='ltr'><strong>corda</strong></span> <span class='ocrx_word' id='word_1_785' title='bbox 2608 4774 2911 4845; x_wconf 90' lang='lat' dir='ltr'><strong>justorum,</strong></span> <span class='ocrx_word' id='word_1_786' title='bbox 2957 4790 3079 4849; x_wconf 88' lang='lat' dir='ltr'><strong>cum</strong></span> <span class='ocrx_word' id='word_1_787' title='bbox 3128 4794 3233 4834; x_wconf 88' lang='lat' dir='ltr'><strong>non</strong></span> <span class='ocrx_word' id='word_1_788' title='bbox 3281 4793 3528 4854; x_wconf 87' lang='lat' dir='ltr'><strong>correpta</strong></span> 
     </span>
    </p>
   </div>
   <div class='ocr_carea' id='block_1_103' title="bbox 1941 4868 3527 4945">
    <p class='ocr_par' dir='ltr' id='par_1_103' title="bbox 1941 4868 3527 4945">
     <span class='ocr_line' id='line_1_104' title="bbox 1941 4868 3527 4945; baseline 0.002 -17"><span class='ocrx_word' id='word_1_789' title='bbox 1941 4885 2190 4928; x_wconf 85' lang='lat' dir='ltr'><strong>crescere</strong></span> <span class='ocrx_word' id='word_1_790' title='bbox 2212 4868 2550 4939; x_wconf 81' lang='lat' dir='ltr'><strong>conspiciunt</strong></span> <span class='ocrx_word' id='word_1_791' title='bbox 2572 4878 2687 4923; x_wconf 86' lang='lat' dir='ltr'><strong>acta</strong></span> <span class='ocrx_word' id='word_1_792' title='bbox 2711 4870 2970 4926; x_wconf 89' lang='lat' dir='ltr'><strong>malorum</strong></span> <span class='ocrx_word' id='word_1_793' title='bbox 2992 4911 3006 4937; x_wconf 92' lang='lat'><strong>,</strong></span> <span class='ocrx_word' id='word_1_794' title='bbox 3039 4872 3330 4943; x_wconf 83' lang='lat' dir='ltr'><strong>eorumque</strong></span> <span class='ocrx_word' id='word_1_795' title='bbox 3355 4875 3527 4945; x_wconf 71' lang='lat' dir='ltr'><strong>culpa:</strong></span> 
     </span>
    </p>
   </div>
   <div class='ocr_carea' id='block_1_104' title="bbox 1941 4963 3527 5036">
    <p class='ocr_par' dir='ltr' id='par_1_104' title="bbox 1941 4963 3527 5036">
     <span class='ocr_line' id='line_1_105' title="bbox 1941 4963 3527 5036; baseline 0 -13"><span class='ocrx_word' id='word_1_796' title='bbox 1941 4980 2003 5023; x_wconf 84' lang='lat' dir='ltr'><strong>se</strong></span> <span class='ocrx_word' id='word_1_797' title='bbox 2030 4966 2323 5036; x_wconf 86' lang='lat' dir='ltr'><strong>participes</strong></span> <span class='ocrx_word' id='word_1_798' title='bbox 2355 4963 2583 5018; x_wconf 89' lang='lat' dir='ltr'><strong>credunt</strong></span> <span class='ocrx_word' id='word_1_799' title='bbox 2613 4978 2746 5033; x_wconf 91' lang='lat' dir='ltr'><strong>quos</strong></span> <span class='ocrx_word' id='word_1_800' title='bbox 2775 4964 2829 5018; x_wconf 90' lang='lat' dir='ltr'><strong>in</strong></span> <span class='ocrx_word' id='word_1_801' title='bbox 2869 4964 3149 5035; x_wconf 86' lang='lat' dir='ltr'><strong>iniquitate</strong></span> <span class='ocrx_word' id='word_1_802' title='bbox 3188 4981 3431 5023; x_wconf 75' lang='lat' dir='ltr'><strong>crescere</strong></span> <span class='ocrx_word' id='word_1_803' title='bbox 3458 4969 3527 5023; x_wconf 85' lang='lat' dir='ltr'><strong>si-</strong></span> 
     </span>
    </p>
   </div>
   <div class='ocr_carea' id='block_1_105' title="bbox 1940 5057 3525 5130">
    <p class='ocr_par' dir='ltr' id='par_1_105' title="bbox 1940 5057 3525 5130">
     <span class='ocr_line' id='line_1_106' title="bbox 1940 5057 3525 5130; baseline 0 -13"><span class='ocrx_word' id='word_1_804' title='bbox 1940 5061 2101 5118; x_wconf 90' lang='lat' dir='ltr'><strong>lendo</strong></span> <span class='ocrx_word' id='word_1_805' title='bbox 2128 5057 2462 5130; x_wconf 86' lang='lat' dir='ltr'><strong>permittunt.</strong></span> <span class='ocrx_word' id='word_1_806' title='bbox 2496 5057 2662 5112; x_wconf 86' lang='lat' dir='ltr'><strong>David</strong></span> <span class='ocrx_word' id='word_1_807' title='bbox 2690 5057 2951 5128; x_wconf 90' lang='lat' dir='ltr'><strong>propheta</strong></span> <span class='ocrx_word' id='word_1_808' title='bbox 2995 5071 3272 5130; x_wconf 87' lang='lat' dir='ltr'><strong>postquam</strong></span> <span class='ocrx_word' id='word_1_809' title='bbox 3317 5062 3419 5117; x_wconf 79' lang='lat' dir='ltr'><strong>sibi</strong></span> <span class='ocrx_word' id='word_1_810' title='bbox 3456 5063 3525 5118; x_wconf 82' lang='lat' dir='ltr'><strong>si-</strong></span> 
     </span>
    </p>
   </div>
   <div class='ocr_carea' id='block_1_106' title="bbox 1939 5144 3525 5223">
    <p class='ocr_par' dir='ltr' id='par_1_106' title="bbox 1939 5144 3525 5223">
     <span class='ocr_line' id='line_1_107' title="bbox 1939 5144 3525 5223; baseline -0.002 -12"><span class='ocrx_word' id='word_1_811' title='bbox 1939 5156 2171 5212; x_wconf 75' lang='lat' dir='ltr'><strong>lentium‘</strong></span> <span class='ocrx_word' id='word_1_812' title='bbox 2191 5153 2485 5222; x_wconf 75' lang='lat' dir='ltr'><strong>indixerat,</strong></span> <span class='ocrx_word' id='word_1_813' title='bbox 2520 5151 2705 5208; x_wconf 91' lang='lat' dir='ltr'><strong>dicens</strong></span> <span class='ocrx_word' id='word_1_814' title='bbox 2729 5170 2741 5204; x_wconf 88' lang='lat'><strong>:</strong></span> <span class='ocrx_word' id='word_1_815' title='bbox 2772 5144 2932 5207; x_wconf 75' lang='grc' dir='ltr'><strong>Ροεηὶ</strong></span> <span class='ocrx_word' id='word_1_816' title='bbox 2961 5154 3040 5207; x_wconf 88' lang='lat' dir='ltr'><strong>ori</strong></span> <span class='ocrx_word' id='word_1_817' title='bbox 3069 5171 3179 5209; x_wconf 89' lang='lat' dir='ltr'><strong>meo</strong></span> <span class='ocrx_word' id='word_1_818' title='bbox 3206 5155 3489 5208; x_wconf 88' lang='lat' dir='ltr'><strong>custodiam</strong></span> <span class='ocrx_word' id='word_1_819' title='bbox 3507 5196 3525 5223; x_wconf 90' lang='lat'><strong>,</strong></span> 
     </span>
    </p>
   </div>
   <div class='ocr_carea' id='block_1_107' title="bbox 1938 5247 3524 5318">
    <p class='ocr_par' dir='ltr' id='par_1_107' title="bbox 1938 5247 3524 5318">
     <span class='ocr_line' id='line_1_108' title="bbox 1938 5247 3524 5318; baseline -0.003 -13"><span class='ocrx_word' id='word_1_820' title='bbox 1938 5251 2063 5306; x_wconf 84' lang='lat' dir='ltr'><strong>dum</strong></span> <span class='ocrx_word' id='word_1_821' title='bbox 2102 5249 2395 5305; x_wconf 81' lang='lat' dir='ltr'><strong>consisteret</strong></span> <span class='ocrx_word' id='word_1_822' title='bbox 2435 5255 2672 5318; x_wconf 82' lang='lat' dir='ltr'><strong>peccator</strong></span> <span class='ocrx_word' id='word_1_823' title='bbox 2712 5247 2984 5303; x_wconf 79' lang='lat' dir='ltr'><strong>adversum</strong></span> <span class='ocrx_word' id='word_1_824' title='bbox 3027 5264 3137 5315; x_wconf 88' lang='lat' dir='ltr'><strong>me;</strong></span> <span class='ocrx_word' id='word_1_825' title='bbox 3178 5248 3437 5316; x_wconf 84' lang='lat' dir='ltr'><strong>obmutui,</strong></span> <span class='ocrx_word' id='word_1_826' title='bbox 3480 5255 3524 5304; x_wconf 85' lang='lat' dir='ltr'><strong>et</strong></span> 
     </span>
    </p>
   </div>
   <div class='ocr_carea' id='block_1_108' title="bbox 1934 5403 2749 5473">
    <p class='ocr_par' dir='ltr' id='par_1_108' title="bbox 1934 5403 2749 5473">
     <span class='ocr_line' id='line_1_109' title="bbox 1934 5403 2749 5473; baseline 0 -14"><span class='ocrx_word' id='word_1_827' title='bbox 1934 5405 2157 5473; x_wconf 84' lang='lat' dir='ltr'><strong>tionem,</strong></span> <span class='ocrx_word' id='word_1_828' title='bbox 2190 5412 2244 5460; x_wconf 91' lang='lat' dir='ltr'><strong>et</strong></span> <span class='ocrx_word' id='word_1_829' title='bbox 2277 5403 2504 5460; x_wconf 83' lang='lat' dir='ltr'><strong>fortasse</strong></span> <span class='ocrx_word' id='word_1_830' title='bbox 2535 5405 2749 5461; x_wconf 90' lang='lat' dir='ltr'><strong>melius.</strong></span> 
     </span>
    </p>
   </div>
   <div class='ocr_carea' id='block_1_109' title="bbox 2010 5474 3519 5545">
    <p class='ocr_par' dir='ltr' id='par_1_109' title="bbox 2010 5474 3519 5545">
     <span class='ocr_line' id='line_1_110' title="bbox 2010 5474 3519 5545; baseline 0.001 -14"><span class='ocrx_word' id='word_1_831' title='bbox 2010 5474 2035 5513; x_wconf 72' lang='grc' dir='ltr'><strong><em>θ</em></strong></span> <span class='ocrx_word' id='word_1_832' title='bbox 2082 5476 2313 5532; x_wconf 81' lang='lat' dir='ltr'><strong>Verbum</strong></span> <span class='ocrx_word' id='word_1_833' title='bbox 2345 5477 2581 5530; x_wconf 79' lang='lat' dir='ltr'><strong>addicere</strong></span> <span class='ocrx_word' id='word_1_834' title='bbox 2620 5490 2716 5544; x_wconf 85' lang='lat' dir='ltr'><strong>pro</strong></span> <span class='ocrx_word' id='word_1_835' title='bbox 2758 5475 3092 5545; x_wconf 83' lang='lat' dir='ltr'><strong>simpliciter,</strong></span> <span class='ocrx_word' id='word_1_836' title='bbox 3138 5475 3481 5532; x_wconf 77' lang='lat' dir='ltr'><strong>condemnare</strong></span> <span class='ocrx_word' id='word_1_837' title='bbox 3504 5520 3519 5543; x_wconf 90' lang='lat'><strong>,</strong></span> 
     </span>
    </p>
   </div>
   <div class='ocr_carea' id='block_1_110' title="bbox 1937 5547 3522 5671">
    <p class='ocr_par' dir='ltr' id='par_1_110' title="bbox 1937 5547 3522 5671">
     <span class='ocr_line' id='line_1_111' title="bbox 1937 5547 3522 5671; baseline 0.002 -68"><span class='ocrx_word' id='word_1_838' title='bbox 1937 5562 2085 5618; x_wconf 68' lang='lat' dir='ltr'><strong>saepe</strong></span> <span class='ocrx_word' id='word_1_839' title='bbox 2114 5559 2427 5617; x_wconf 83' lang='lat' dir='ltr'><strong>usurpatum</strong></span> <span class='ocrx_word' id='word_1_840' title='bbox 2453 5548 2562 5617; x_wconf 83' lang='lat' dir='ltr'><strong>jam</strong></span> <span class='ocrx_word' id='word_1_841' title='bbox 2596 5548 2899 5600; x_wconf 83' lang='lat' dir='ltr'><strong>monuimus</strong></span> <span class='ocrx_word' id='word_1_842' title='bbox 2912 5547 2968 5671; x_wconf 53' lang='grc' dir='ltr'><strong>ἑ.</strong></span> <span class='ocrx_word' id='word_1_843' title='bbox 3001 5560 3072 5611; x_wconf 76' lang='grc' dir='ltr'><strong>ιι,</strong></span> <span class='ocrx_word' id='word_1_844' title='bbox 3101 5562 3156 5601; x_wconf 92' lang='lat' dir='ltr'><strong>n.</strong></span> <span class='ocrx_word' id='word_1_845' title='bbox 3189 5547 3256 5603; x_wconf 81' lang='lat' dir='ltr'><strong>l5</strong></span> <span class='ocrx_word' id='word_1_846' title='bbox 3284 5557 3339 5603; x_wconf 87' lang='lat' dir='ltr'><strong>et</strong></span> <span class='ocrx_word' id='word_1_847' title='bbox 3367 5550 3522 5606; x_wconf 84' lang='lat' dir='ltr'><strong>alibi.</strong></span> 
     </span>
     <span class='ocr_line' id='line_1_112' title="bbox 1937 5617 3522 5671; baseline 0 0"><span class='ocrx_word' id='word_1_848' title='bbox 1937 5619 2192 5671; x_wconf 84' lang='lat' dir='ltr'><strong>Laudatis</strong></span> <span class='ocrx_word' id='word_1_849' title='bbox 2218 5619 2572 5671; x_wconf 80' lang='lat' dir='ltr'><strong>scriptoribus</strong></span> <span class='ocrx_word' id='word_1_850' title='bbox 2589 5617 2894 5671; x_wconf 81' lang='lat' dir='ltr'><strong>addidimus</strong></span> <span class='ocrx_word' id='word_1_851' title='bbox 2955 5617 3419 5671; x_wconf 66' lang='lat' dir='ltr'><strong>etrumChrVSuL.</strong></span> <span class='ocrx_word' id='word_1_852' title='bbox 3437 5622 3522 5671; x_wconf 83' lang='lat' dir='ltr'><strong>nui</strong></span> 
     </span>
    </p>
   </div>
   <div class='ocr_carea' id='block_1_111' title="bbox 1935 5617 3524 5693">
    <p class='ocr_par' dir='ltr' id='par_1_111' title="bbox 1935 5617 3524 5693">
     <span class='ocr_line' id='line_1_113' title="bbox 1935 5617 3524 5693; baseline 0.002 -18"><span class='ocrx_word' id='word_1_853' title='bbox 1935 5617 2206 5693; x_wconf 73' lang='lat' dir='ltr'><strong>Laudatis</strong></span> <span class='ocrx_word' id='word_1_854' title='bbox 2218 5619 2572 5693; x_wconf 81' lang='lat' dir='ltr'><strong>scriptoribus</strong></span> <span class='ocrx_word' id='word_1_855' title='bbox 2589 5617 2894 5693; x_wconf 68' lang='lat' dir='ltr'><strong>addidimus</strong></span> <span class='ocrx_word' id='word_1_856' title='bbox 2912 5617 3131 5693; x_wconf 80' lang='lat' dir='ltr'><strong>Petrum</strong></span> <span class='ocrx_word' id='word_1_857' title='bbox 3144 5617 3390 5693; x_wconf 53' lang='lat' dir='ltr'><strong>Chrysali.</strong></span> <span class='ocrx_word' id='word_1_858' title='bbox 3404 5661 3419 5687; x_wconf 95' lang='lat'><strong>,</strong></span> <span class='ocrx_word' id='word_1_859' title='bbox 3437 5622 3524 5693; x_wconf 85' lang='lat' dir='ltr'><strong>qui</strong></span> 
     </span>
    </p>
   </div>
   <div class='ocr_carea' id='block_1_112' title="bbox 1934 5676 3521 5761">
    <p class='ocr_par' dir='ltr' id='par_1_112' title="bbox 1934 5676 3521 5761">
     <span class='ocr_line' id='line_1_114' title="bbox 1934 5676 3521 5761; baseline 0 -15"><span class='ocrx_word' id='word_1_860' title='bbox 1934 5676 2101 5747; x_wconf 83' lang='lat' dir='ltr'><strong>serm.</strong></span> <span class='ocrx_word' id='word_1_861' title='bbox 2147 5676 2213 5761; x_wconf 69' lang='grc'><strong>’14</strong></span> <span class='ocrx_word' id='word_1_862' title='bbox 2258 5676 2345 5744; x_wconf 66' lang='grc' dir='ltr'><strong>ηδ’</strong></span> <span class='ocrx_word' id='word_1_863' title='bbox 2373 5689 2607 5761; x_wconf 82' lang='lat' dir='ltr'><strong>loquitur</strong></span> <span class='ocrx_word' id='word_1_864' title='bbox 2636 5705 2649 5739; x_wconf 89' lang='lat'>:</span> <span class='ocrx_word' id='word_1_865' title='bbox 2679 5676 2949 5761; x_wconf 59' lang='lat' dir='ltr'><strong>Addicitur</strong></span> <span class='ocrx_word' id='word_1_866' title='bbox 2988 5686 3154 5761; x_wconf 70' lang='lat' dir='ltr'><strong>mors,</strong></span> <span class='ocrx_word' id='word_1_867' title='bbox 3198 5676 3310 5761; x_wconf 60' lang='lat' dir='ltr'><strong>quin</strong></span> <span class='ocrx_word' id='word_1_868' title='bbox 3339 5676 3521 5747; x_wconf 51' lang='lat' dir='ltr'><strong>in&#39;n&#39;os</strong></span> 
     </span>
    </p>
   </div>
   <div class='ocr_carea' id='block_1_113' title="bbox 1936 5758 3516 5832">
    <p class='ocr_par' dir='ltr' id='par_1_113' title="bbox 1936 5758 3516 5832">
     <span class='ocr_line' id='line_1_115' title="bbox 1936 5758 3516 5832; baseline 0.001 -17"><span class='ocrx_word' id='word_1_869' title='bbox 1936 5763 2145 5817; x_wconf 83' lang='lat' dir='ltr'><strong>tendens</strong></span> <span class='ocrx_word' id='word_1_870' title='bbox 2169 5760 2383 5832; x_wconf 74' lang='lat' dir='ltr'><strong>incurrit</strong></span> <span class='ocrx_word' id='word_1_871' title='bbox 2410 5762 2463 5832; x_wconf 87' lang='lat' dir='ltr'><strong>in</strong></span> <span class='ocrx_word' id='word_1_872' title='bbox 2493 5759 2734 5832; x_wconf 78' lang='lat' dir='ltr'><strong>iudicem.</strong></span> <span class='ocrx_word' id='word_1_873' title='bbox 2768 5758 3148 5832; x_wconf 86' lang='lat' dir='ltr'><strong>EtEnnodium</strong></span> <span class='ocrx_word' id='word_1_874' title='bbox 3179 5758 3264 5832; x_wconf 68' lang='lat' dir='ltr'><strong>qui</strong></span> <span class='ocrx_word' id='word_1_875' title='bbox 3290 5765 3366 5819; x_wconf 87' lang='lat' dir='ltr'><strong>sic</strong></span> <span class='ocrx_word' id='word_1_876' title='bbox 3399 5765 3516 5817; x_wconf 89' lang='lat' dir='ltr'><strong>inllt</strong></span> 
     </span>
    </p>
   </div>
   <div class='ocr_carea' id='block_1_114' title="bbox 1936 5829 3502 5901">
    <p class='ocr_par' dir='ltr' id='par_1_114' title="bbox 1936 5829 3502 5901">
     <span class='ocr_line' id='line_1_116' title="bbox 1936 5829 3502 5901; baseline -0.001 -13"><span class='ocrx_word' id='word_1_877' title='bbox 1936 5832 2172 5889; x_wconf 85' lang='lat' dir='ltr'><strong>dictione</strong></span> <span class='ocrx_word' id='word_1_878' title='bbox 2196 5830 2298 5894; x_wconf 64' lang='lat'><strong>39,</strong></span> <span class='ocrx_word' id='word_1_879' title='bbox 2331 5839 2385 5885; x_wconf 84' lang='lat' dir='ltr'><strong>ut</strong></span> <span class='ocrx_word' id='word_1_880' title='bbox 2415 5830 2609 5884; x_wconf 82' lang='lat' dir='ltr'><strong>hostem</strong></span> <span class='ocrx_word' id='word_1_881' title='bbox 2636 5829 2846 5901; x_wconf 69' lang='lat' dir='ltr'><strong>fulciar,</strong></span> <span class='ocrx_word' id='word_1_882' title='bbox 2876 5831 3042 5885; x_wconf 85' lang='lat' dir='ltr'><strong>socios</strong></span> <span class='ocrx_word' id='word_1_883' title='bbox 3062 5868 3076 5885; x_wconf 92' lang='lat'><strong>.</strong></span> <span class='ocrx_word' id='word_1_884' title='bbox 3110 5872 3121 5884; x_wconf 92' lang='lat'><strong>.</strong></span> <span class='ocrx_word' id='word_1_885' title='bbox 3148 5874 3157 5886; x_wconf 93' lang='lat'><strong>.</strong></span> <span class='ocrx_word' id='word_1_886' title='bbox 3191 5829 3206 5886; x_wconf 71' lang='grc' dir='ltr'><em>ξ</em></span> <span class='ocrx_word' id='word_1_887' title='bbox 3233 5876 3243 5886; x_wconf 92' lang='grc'><strong>.</strong></span> <span class='ocrx_word' id='word_1_888' title='bbox 3276 5877 3286 5888; x_wconf 92' lang='grc'><strong>.</strong></span> <span class='ocrx_word' id='word_1_889' title='bbox 3314 5836 3502 5888; x_wconf 73' lang='lat' dir='ltr'><strong>addicit</strong></span> 
     </span>
    </p>
   </div>
  </div>
