4066 6348
594 390 701 447 263

1789 382 2037 441 SANCTI
2073 378 2408 440 GREGORII
2446 380 2656 439 MAGNI

3722 399 3809 455 26b

596 480 893 561 humiliatus
936 520 1081 572 sum,
1109 512 1155 558 et
1191 502 1310 558 silui
1350 520 1382 558 a
1411 502 1555 558 bonis
1601 502 1790 576 (Psal.
1814 520 2047 572 xxxvttt,
2076 503 2143 576 2)
2166 545 2181 571 ,
2212 503 2264 566 Α
2288 498 2474 557 videre
2523 517 2683 571 prava
2709 543 2723 568 ,
2754 516 2856 559 nec
2892 504 3165 575 corrigere
3193 524 3207 571 ;
3253 507 3324 561 ita
3368 509 3536 577 gravis
3569 524 3647 569 est
3686 516 3811 576 labor

602 612 655 651 ,ιι
686 599 803 663 ipso
832 611 930 653 suo
960 596 1174 652 silentio
1193 637 1209 663 ,
1243 596 1347 651 isto
1374 596 1489 650 zelo
1518 595 1793 653 charitatis
1822 600 2053 666 exarsit,
2093 598 2184 669 qui

597 694 743 750 illico
773 695 1011 751 subdidit
1040 712 1052 748 :
1087 693 1159 749 Et
1186 695 1337 750 dolor
1382 712 1526 751 meus
1564 703 1837 750 renovatus
1864 704 1974 762 est,
2002 709 2186 747 conca-

595 785 695 840 luit
722 804 812 842 cor
841 802 1005 842 meum
1030 786 1168 841 intra
1199 804 1308 852 me,
1335 796 1385 843 et
1427 789 1479 843 in
1518 787 1850 843 meditatione
1883 803 1995 842 mea
2034 803 2183 842 exoro

596 882 763 933 descet
790 879 923 949 ignis
954 877 1155 949 (lbid.,
1177 879 1264 950 '5).
1295 880 1443 935 Intus
1471 895 1599 952 ergo
1628 895 1724 935 cor
1750 879 2039 946 cunealuit,
2060 880 2183 950 quia

596 968 894 1025 dilectionis
934 970 1097 1027 ardor
1136 966 1233 1041 p'er
1259 972 1681 1027 admonitionem
1715 972 1998 1027 locutionis
2028 978 2181 1027 exte-

597 1062 707 1116 rius
736 1076 993 1118 emanare
1021 1064 1310 1121 recusavit.
1346 1064 1487 1135 ignis
1527 1063 1580 1118 in
1621 1064 1967 1120 meditatione
1998 1063 2183 1119 cordis

600 1156 823 1222 exarsit,
849 1158 972 1227 quia
1003 1158 1296 1229 increpatio
1324 1159 1749 1228 delinquentium
1781 1173 1812 1214 a
1840 1158 2181 1227 correptione

600 1248 711 1302 oris
739 1240 973 1305 refrixit.
1006 1250 1225 1305 Cliarita
1238 1253 1303 1305 tis
1332 1251 1476 1307 enim
1515 1251 1666 1306 zelus
1692 1252 2059 1306 consolatione
2084 1250 2181 1305 ad-

598 1342 833 1398 mirabili
868 1346 1112 1415 augendo
1155 1360 1215 1402 se
1265 1355 1556 1415 temperat,
1596 1345 1811 1417 quando
1852 1355 2038 1400 contra
2081 1344 2182 1399 int-

600 1452 828 1508 quorum
860 1456 1025 1509 opera
1059 1456 1155 1513 per
1183 1458 1371 1498 vocem
1403 1440 1757 1511 correptionis
1783 1448 2025 1503 emanat,
2048 1450 2105 1493 ut
2128 1447 2182 1494 et

594 1546 716 1601 quae
746 1534 1020 1606 corrigere
1047 1551 1156 1591 non
1188 1538 1364 1604 valet,
1397 1536 1678 1605 increpare
1707 1549 1812 1590 non
1842 1534 2082 1599 desinat,
2113 1524 2209 1589 ne“

598 1637 656 1680 se
686 1627 1015 1704 participem|
1034 1628 1460 1700 delinquentium
1490 1644 1555 1684 ex
1595 1642 1862 1684 consensu
1906 1627 2182 1682 taciturni-

597 1716 725 1772 tatis
754 1717 985 1775 addicat.

667 1807 810 1882 [Vet.
840 1809 978 1883 XL]
1010 1809 1093 1867 19.
1132 1809 1407 1868 Nonnulla
1445 1812 1569 1867 vitia
1606 1814 1816 1867 virtutes
1846 1811 2176 1865 mentiuntur.

596 1927 668 1940 -—
696 1902 802 1969 Sed
854 1903 979 1972 quia
1029 1920 1173 1974 saepe
1222 1905 1481 1960 nonnulla
1524 1905 1650 1959 vitia
1696 1906 1919 1960 virtutes
1960 1917 2018 1957 se
2058 1917 2180 1957 esse.
2209 1888 2258 1950 Β

599 1994 959 2062 mentiuntur,
992 1998 1133 2052 sicut
1158 1997 1348 2053 effusio
1376 2013 1757 2069 nonnunquam
1789 1996 2179 2059 misericordia,

592 2097 647 2142 et
687 2088 894 2144 tenacia
939 2104 1325 2159 nonnunquam
1379 2090 1747 2159 parsimonia,
1794 2098 1850 2144 et
1895 2086 2182 2143 crudelitas

592 2181 882 2253 aliquando
901 2182 1111 2250 justitia'
1134 2185 1246 2239 vult
1274 2184 1476 2252 videri,
1506 2185 1577 2238 ita
1603 2184 1920 2254 plerumque
1944 2192 2181 2237 mentem

591 2274 659 2330 ad
689 2274 945 2345 loquendi
973 2275 1266 2345 impetum,
1301 2290 1454 2331 vana:
1486 2275 1674 2349 gloria:
1699 2277 1945 2330 anxietas
1973 2287 2177 2344 nequa-

591 2379 750 2435 quam
781 2379 840 2420 se
870 2367 1009 2420 intra
1039 2365 1314 2420 silentium
1349 2368 1602 2437 capiens,
1635 2366 1786 2435 quasi
1818 2365 1967 2420 zelus
2007 2363 2183 2419 chari-

595 2459 726 2513 tatis
758 2458 1093 2526 inﬂammat,
1136 2471 1298 2530 atque
1339 2459 1592 2531 appetita:
1632 2460 1959 2515 ostensionis
2003 2459 2086 2511 vis
2113 2457 2180 2511 ad

597 2551 1003 2610 eﬂrenationem
1032 2553 1314 2610 locutionis
1340 2554 1601 2625 impellit,
1624 2564 1678 2610 et
1703 2552 1852 2626 quasi
1878 2554 1978 2608 sub
2003 2552 2181 2608 studio
2216 2622 2219 2629 ν

588 2646 903 2702 consulendi
942 2647 1108 2703 libido
1136 2650 1370 2718 erumpit
1398 2649 1709 2721 apparendi.
1753 2648 1870 2703 Non
1912 2648 2054 2702 enim
2087 2662 2182 2703 cu-

591 2745 680 2795 rat
716 2738 991 2810 loquendo
1028 2740 1156 2811 quid
1198 2741 1398 2811 prosit,
1442 2742 1536 2796 sed
1576 2741 1704 2811 quid
1745 2742 2038 2811 appareat;
2070 2753 2182 2794 nec

589 2831 770 2887 studet
798 2841 857 2888 ut
884 2834 1082 2903 malum
1125 2833 1268 2905 quod
1310 2834 1488 2889 eernit
1529 2835 1801 2905 corrigat,
1845 2833 1940 2891 sed
1981 2833 2179 2887 bonum

589 2925 731 2995 quod
759 2926 925 2981 sentit
951 2926 1225 2983 ostendat.
1260 2925 1412 2983 Unde
1445 2925 1563 2980 Eliu
1592 2910 1806 2996 quoque
1835 2923 2028 2991 spiritu
2068 2922 2180 2977 ela-

591 3015 753 3072 tionis
784 3025 1075 3084 extensus,
1108 3028 1164 3074 et
1202 3032 1324 3074 sese
1365 3018 1506 3073 intra
1551 3016 1750 3072 silentii
1793 3018 2025 3071 claustra
2073 3029 2178 3071 non

593 3111 811 3178 capiens
832 3150 846 3174 ,
877 3110 953 3164 ait
980 3127 992 3163 :
1028 3108 1224 3165 Plenus
1251 3127 1364 3165 sum
1390 3110 1742 3176 sermonibus,
1773 3117 1820 3164 et
1850 3118 2072 3163 coaretat
2105 3124 2181 3163 me
2228 3098 2242 3111 ’

592 3201 803 3271 spiritus
835 3205 965 3258 uteri
996 3204 1116 3260 mei.
1151 3204 1233 3258 En
1264 3214 1436 3260 venter
1462 3220 1604 3259 meus
1627 3204 1775 3274 quasi
1798 3214 2024 3258 mustum
2061 3203 2177 3258 abs-

590 3311 688 3365 que
716 3294 1009 3366 spiracula,
1041 3298 1179 3365 quod
1211 3297 1514 3368 lagunculas
1542 3313 1700 3352 nouas
1731 3297 2025 3368 disrumpit.

661 3388 754 3449 20.
796 3387 1054 3446 Elationis
1079 3390 1301 3459 inflatio,
1330 3389 1496 3445 zelum
1522 3406 1585 3444 ea:
1608 3390 1781 3462 afflatu
1805 3389 2031 3459 Spiritus
2057 3402 2178 3441 san-

590 3482 659 3537 sti
687 3480 994 3554 quandoque
1021 3483 1277 3541 imitatur.
1308 3513 1381 3526 —
1410 3481 1562 3551 Quod
1600 3484 1643 3538 si
1690 3482 1994 3554 intelligere
2023 3482 2179 3552 spiri-

559 3574 772 3631 -taliter
827 3574 1114 3641 debemus,
1143 3574 1245 3630 hoc
1310 3576 1428 3631 loco
1459 3573 1707 3631 videlicet
1732 3584 1971 3630 ventrem
2002 3576 2177 3629 sinum

595 3666 773 3723 cordis
801 3667 1056 3738 appellat.
1091 3666 1147 3722 ln
1177 3676 1356 3724 musto
1388 3682 1520 3724 vero
1548 3667 1716 3723 sancti
1740 3666 1973 3737 Spiritus
1999 3665 2180 3721 fervor

596 3761 960 3831 accipitur,de
988 3776 1094 3832 quo
1121 3762 1174 3816 in
1199 3761 1487 3833 Evangelia
1512 3761 1767 3817 Dominus
1789 3761 1917 3818 dicit
1944 3778 1958 3815 :
1989 3760 2181 3816 Vinum

593 3870 776 3909 novum
790 3856 991 3911 mittunt
1005 3857 1057 3910 in
1072 3864 1208 3911 utres
1223 3873 1376 3911 nouos
1390 3856 1606 3927 (Matth.
1623 3872 1695 3923 tx,
1712 3855 1827 3926 17).
1844 3856 1919 3909 Ex
1934 3870 2040 3925 quo
2054 3855 2178 3909 dum

595 3957 816 4016 repente
829 3934 1399 4019 replerenturapostoli
1413 3947 1548 4019 (Act.
1567 3964 1623 4016 ιι,
1639 3946 1717 4020 4),
1732 3948 1858 4004 dum
1878 3949 2067 4017 linguis
2079 3964 2182 4005 om-

598 4041 759 4099 nibus
772 4026 931 4114 751
951 4042 1312 4111 loquerentur,
1332 4056 1360 4097 a
1374 4040 1978 4127 Judaeis’nescientibus,
1996 4039 2090 4095 sed
2106 4049 2181 4095 ta-

596 4148 719 4189 men
736 4148 860 4190 vera
878 4148 928 4189 at
940 4134 1276 4201 testantibus,
1292 4134 1490 4190 dictum
1506 4142 1610 4190 est:
1627 4133 1679 4189 11
1685 4134 1701 4187 i
1723 4141 1889 4187 musto
1904 4132 2041 4204 pleni
2061 4140 2182 4187 sunt

600 4223 922 4298 (Ibid.,15).
940 4227 1274 4297 Lagunculas
1297 4242 1427 4284 vero
1448 4226 1687 4283 inﬁmas
1713 4225 1831 4297 ipsa
1854 4225 2183 4280 humanitate

603 4319 983 4389 conscientias,
1004 4322 1086 4378 vel
1101 4330 1249 4378 certe
1268 4322 1383 4378 haec
1398 4330 1609 4378 terrena
1634 4335 1920 4391 corporum
1944 4320 2181 4386 vascula,

604 4426 714 4467 non
738 4411 1179 4485 inconvenienter
1200 4414 1511 4485 accipimus,
1531 4413 1598 4470 de
1618 4404 1811 4484 quibus
1833 4411 2028 4468 Paulus
2047 4422 2181 4481 apo;

602 4508 770 4563 stolus
809 4506 928 4564 ait:
963 4506 1225 4563 Habemus
1264 4507 1564 4563 thesaurum
1601 4506 1759 4561 istum
1783 4506 1838 4560 in
1866 4507 2003 4561 vasis
2043 4505 2181 4574 ﬁcti-

600 4601 735 4656 libus
764 4598 852 4672 (II
882 4598 1002 4655 Cor.
1035 4618 1122 4669 iv,
1152 4601 1232 4672 7).
1271 4601 1387 4655 Eliu
1420 4609 1631 4671 autem,
1664 4600 1785 4671 quia
1806 4642 1822 4666 ,
1852 4599 1991 4655 sicut
2018 4613 2179 4667 supe-

2199 3280 2246 3345 C

2286 596 2688 665 arrogantium,
2735 597 2779 651 si
2830 599 2969 666 quod
3011 600 3221 667 sapiunt
3256 616 3359 655 non
3390 604 3674 661 ostendunt.
3713 609 3809 667 Vim

2285 686 2483 757 quippe
2516 687 2843 743 intrinsecus
2871 678 3187 746 mstuantem
3218 691 3359 747 ferre
3389 693 3471 749 vix
3517 711 3747 770 possunt,
3774 705 3812 760 si

2283 792 2445 835 omne
2472 779 2613 859 quod
2640 782 2877 837 sentiunt
2906 783 3060 852 paulo
3089 784 3289 840 tardius
3315 783 3658 847 innotescunt.
3685 794 3814 852 Unde

2285 886 2505 929 necesse
2532 882 2616 928 est
2642 882 2701 928 ut
2725 889 2846 929 cum
2882 891 2969 930 res
3003 876 3139 932 bona
3169 878 3346 948 agitur
3375 882 3517 948 prius
3543 882 3653 952 ejus
3677 887 3813 944 elatio

2285 965 2337 1019 in
2367 966 2530 1022 corde
2559 967 2822 1035 vincatur,
2857 984 2925 1025 ne
2955 970 2998 1024 si
3025 985 3053 1024 a
3083 970 3266 1026 radice
3310 971 3518 1030 misera:
3545 975 3814 1036 intentionis

2285 1062 2543 1130 prodeat,
2573 1076 2788 1117 amaros
2818 1062 3067 1132 nequitiae
3101 1064 3304 1120 fructus
3334 1066 3601 1135 producat.

2357 1152 2496 1225 [γει.
2544 1152 2684 1219 XII,
2737 1154 2862 1212 Rea.
2901 1153 3027 1228 γι.]
3056 1155 3144 1212 21.
3181 1157 3284 1225 Qui
3312 1159 3479 1214 adhuc
3504 1163 3631 1217 uitiis
3665 1166 3815 1238 subjo-

2283 1256 2416 1311 cent,
2446 1248 2575 1302 alios
2600 1263 2772 1317 regere
2797 1264 2897 1303 non
2936 1260 3266 1321 prwsumant.
3293 1281 3361 1293 —
3385 1253 3445 1307 Hi
3473 1269 3595 1325 ergo
3621 1258 3700 1325 qui
3739 1260 3817 1311 ad—

2285 1343 2388 1396 huc
2417 1342 2664 1397 vitiorum
2712 1342 2856 1399 bello
2902 1344 3185 1415 subjacent
3229 1338 3559 1417 nequaquam
3590 1362 3678 1417 per
3701 1365 3836 1419 prie--

2282 1439 2562 1495 dicationis
2589 1455 2743 1496 usum
2798 1455 3032 1509 praeesse
3062 1443 3369 1513 magisterio
3396 1453 3700 1500 caeterorum
3743 1445 3800 1503 de

2281 1533 2408 1589 bent
2436 1532 2595 1605 (Dist.
2620 1534 2713 1601 44,
2741 1551 2857 1605 cap.
2889 1534 3012 1592 Non
3037 1538 3239 1608 liceat).
3265 1536 3401 1593 Hinc
3421 1548 3503 1594 est
3524 1540 3660 1595 enim
3680 1541 3816 1609 quod,

2276 1626 2426 1698 juxta
2455 1628 2647 1684 divinae
2674 1629 3087 1703 dispensationis
3110 1646 3297 1687 vocem
3324 1632 3394 1687 ab
3424 1647 3562 1687 anno
3594 1633 3824 1704 vigesimo

2282 1729 2337 1775 et
2364 1718 2552 1788 quinto
2572 1719 2771 1775 Levitze
2799 1723 3146 1778 tabernaculo
3174 1724 3442 1790 serviunt,
3465 1723 3561 1780 sed
3582 1739 3610 1778 a
3639 1722 3665 1763 ⁵
3691 1724 3824 1795 quin-

2283 1813 2590 1881 quagesimo
2618 1813 2866 1868 custodes
2907 1828 3161 1870 vasorum
3204 1814 3360 1871 fiunt.
3396 1816 3538 1883 Quid
3569 1817 3703 1872 enim
3746 1832 3825 1886 per

2285 1922 2481 1961 annum
2512 1907 2753 1975 quintum
2782 1921 2847 1963 ac
2876 1909 3216 1977 vigesimum,
3243 1910 3296 1964 in
3324 1925 3432 1979 quo
3470 1908 3567 1966 llos
3605 1910 3824 1979 juventu-
3880 1934 3889 1939 -

2285 1999 2354 2053 tis
2381 1998 2645 2067 oboritur,
2692 2000 2791 2056 nisi
2824 2001 2937 2069 ipsa
2976 2010 3162 2056 contra
3204 2001 3618 2073 unumquodque
3666 2002 3824 2059 vitium
3858 1994 3865 1999 ’

2284 2092 2421 2147 bella
2468 2093 2786 2163 signantur?
2817 2094 2885 2149 Et
2930 2093 3060 2166 quid
3093 2110 3201 2166 per
3240 2097 3745 2171 quinquagesimum,
3782 2096 3825 2152 in

2222 2251 2230 2268 ι
2284 2202 2391 2257 quo
2421 2198 2475 2243 et
2502 2188 2704 2258 jubilaei
2734 2190 2946 2260 requies
2973 2191 3299 2260 continetur,
3332 2191 3438 2248 nisi
3467 2193 3670 2247 interna
3700 2191 3829 2261 quies

2266 2282 2520 2373 ledomito
2567 2283 2706 2338 bello
2755 2282 2952 2338 mentis
3001 2284 3354 2353 exprimitur?
3403 2284 3540 2352 Quid
3588 2298 3708 2341 vero
3753 2297 3830 2353 per

2284 2390 2409 2429 vasa
2453 2375 2805 2447 tabernaculi,
2859 2375 2962 2430 nisi
3003 2376 3239 2432 fidelium
3291 2377 3492 2434 animae
3536 2375 3831 2448 figurantur?

2286 2466 2484 2523 Levita:
2512 2483 2642 2538 ergo
2668 2468 2738 2523 ab
2766 2483 2907 2524 anno
2930 2469 3186 2542 vigesimo
3209 2480 3266 2527 et
3293 2474 3485 2543 quinto
3516 2470 3828 2528 tabernaculo

2284 2565 2549 2629 serviunt,
2574 2574 2627 2619 et
2642 2578 2671 2617 a
2694 2563 3135 2634 quinquagesimo
3158 2563 3412 2619 custodes
3434 2577 3676 2619 vasorum
3699 2560 3831 2625 fiunt.

2287 2666 2340 2710 ut
2369 2655 2623 2711 videlicet
2646 2656 2737 2725 qui
2767 2656 2940 2710 adhuc
2962 2656 3383 2725 impugnantium
3413 2656 3658 2710 vitiorum
3679 2661 3830 2708 certa-

2286 2750 2430 2804 mina
2458 2764 2553 2819 per
2580 2763 2902 2805 consensum
2933 2747 3307 2805 delectationis
3353 2748 3607 2814 tolerant,
3637 2748 3831 2802 aliorum

2284 2857 2465 2898 curam
2494 2842 2771 2912 suscipere
2813 2856 2922 2897 non
2966 2850 3325 2912 praesumant;
3355 2856 3479 2898 cum
3522 2855 3655 2903 vero
3682 2847 3831 2896 tenta-

2284 2937 2489 2990 tionum
2516 2935 2653 2991 bella
2683 2936 3011 3005 subegerint,
3039 2949 3148 3007 quo
3189 2935 3328 3006 apud
3361 2950 3425 2991 se
3449 2934 3561 3006 jam
3585 2936 3650 2989 de
3671 2932 3833 2988 intima

2283 3028 2665 3098 tranquillitate
2695 3030 2870 3083 securi
2897 3036 3044 3097 sunt,
3069 3027 3365 3083 animarum
3400 3026 3692 3085 custodiam
3734 3038 3833 3080 sor-

2282 3122 2501 3178 tiantur.
2552 3121 2656 3177 Sed
2689 3120 2804 3192 quis
2850 3120 2966 3178 btec
2997 3120 3348 3177 teutationum
3402 3119 3582 3191 praelia
3613 3117 3709 3174 sibi
3736 3129 3835 3187 per-

2286 3216 2421 3272 fecte
2448 3216 2675 3287 subigat,
2707 3230 2830 3271 cum
2873 3214 3072 3271 Paulus
3099 3214 3244 3271 dicat
3268 3232 3280 3268 :
3323 3212 3489 3269 Video
3517 3214 3673 3268 aliam
3702 3211 3837 3282 legem

2282 3313 2336 3368 in
2370 3312 2605 3366 membris
2632 3312 2753 3366 meis
2779 3321 3150 3389 repugnantem
3181 3310 3280 3381 legi
3303 3311 3487 3365 mentis
3527 3323 3671 3368 meat.
3695 3314 3741 3359 et
3767 3319 3839 3357 cs-

2281 3409 2474 3478 ptitmm
2502 3424 2583 3461 me
2610 3409 2874 3463 ducentem
2917 3411 2973 3462 in
3002 3408 3110 3479 lege
3152 3408 3345 3478 peccati
3388 3405 3573 3478 (Rom.
3607 3418 3696 3470 vn,
3730 3398 3840 3467 23)?

2281 3502 2386 3557 Sed
2416 3500 2558 3557 aliud
2587 3511 2668 3555 est
2698 3502 2833 3556 bella
2867 3500 3075 3556 fortiter
3098 3499 3323 3570 perpeti,
3356 3498 3504 3554 aliud
3534 3496 3688 3554 bellis
3704 3508 3839 3551 euer-

2281 3593 2418 3651 vitcr
2445 3595 2757 3665 expugnari.
2793 3594 2847 3648 In
2878 3592 2992 3650 istis
3020 3602 3306 3648 exercetur
3336 3593 3530 3657 virtus,
3564 3605 3631 3646 ne
3675 3584 3836 3644 extolli

2281 3687 2505 3750 debeat;
2557 3688 2611 3742 in
2642 3688 2745 3745 illis
2789 3686 3100 3743 omnimodo
3148 3688 3531 3757 exstinguitur,
3585 3700 3651 3741 ne
3689 3680 3842 3739 subsi-

2282 3787 2404 3835 stat.
2439 3780 2536 3848 Qui
2569 3781 2732 3850 igitur
2757 3779 2858 3834 scit
2904 3779 3118 3835 fortiter
3146 3780 3497 3835 tentationem
3528 3778 3666 3835 ferre
3693 3782 3844 3831 certa-

2282 3871 2468 3939 minis,
2497 3881 2552 3927 et
2579 3888 2699 3927 cum
2729 3873 3023 3928 tentatione
3044 3876 3344 3929 concutitur
3369 3873 3425 3928 in
3446 3874 3554 3929 alta
3583 3885 3705 3927 arce
3727 3881 3844 3940 pre-

2285 3962 2426 4016 sidet
2452 3962 2670 4033 quietis,
2695 3962 2815 4033 quia
2835 3964 2995 4019 etiam
3027 3963 3165 4033 apud
3188 3965 3537 4033 semetipsum
3569 3963 3667 4017 sub
3689 3960 3844 4027 seipso

2283 4068 2403 4109 esse
2424 4056 2820 4110 contentiones
2866 4056 3117 4131 vitiorum
3151 4055 3445 4125 conspicit,
3479 4054 3672 4128 quibus
3712 4049 3842 4107 nulla

2286 4146 2485 4203 fractus
2509 4147 2864 4204 delectatione
2889 4148 3173 4205 consentit.
3205 4148 3497 4219 Sequitur:

2900 4275 3129 4334 caper
3155 4275 3265 4346 xu.

2356 4391 2520 4446 Vens.
2565 4390 2656 4458 21,
2688 4390 2780 4446 22.
2806 4421 2878 4433 —
2904 4390 3027 4445 Non
3056 4391 3305 4459 accipiam
3350 4406 3628 4459 personam
3656 4387 3777 4455 viri,
3806 4391 3845 4437 et

2285 4481 2448 4536 Deum
2479 4482 2671 4536 homini
2697 4497 2796 4535 non
2822 4482 3052 4553 aquatio.
3083 4480 3133 4535 Ν
3140 4484 3271 4537 escio
3298 4484 3439 4537 enim
3491 4482 3718 4553 quandi:
3745 4476 3849 4533 sub-

2284 4576 2483 4641 sistam,
2514 4583 2559 4629 et
2582 4577 2627 4629 si
2657 4585 2769 4641 post
2798 4576 3054 4629 modicum
3084 4574 3231 4629 tollat
3259 4591 3340 4630 me
3369 4578 3539 4646 factor
3561 4590 3720 4629 meus.

601 4694 717 4749 rius
771 4663 1004 4750 diximus
1028 4736 1044 4761 ,
1098 4663 1202 4750 sic.
1225 4694 1500 4751 inflatione
1561 4663 1817 4750 elationis
1848 4663 2174 4760 extenditur,
2210 4663 2261 4725 ι)
2355 4667 2446 4722 22·
2485 4668 2620 4761 Vi“?
2655 4670 2916 4740 imum“
2946 4678 3140 4761 “imp”
3171 4669 3314 4724 bm’e
3339 4681 3434 4737 ω’
3465 4670 3589 4737 qui“
3613 4684 3712 4761 "9"
3750 4679 3850 4761 Ρῗτῖ

601 4798 666 4840 ac
694 4785 740 4841 si
770 4787 835 4841 ad
877 4787 1201 4858 loquendum
1246 4801 1344 4858 per
1385 4787 1667 4842 cliaritatls
1711 4786 1936 4859 gratiam
1981 4786 2176 4841 ardore

595 4880 826 4952 Spiritus
856 4882 1029 4938 sancti
1059 4882 1405 4947 accendatur,
1434 4895 1624 4937 sensus
1648 4881 1731 4936 sui
1757 4882 2005 4951 spiritum
2027 4879 2080 4933 in
2111 4894 2176 4934 eo

593 4966 737 5043 quod
776 4982 801 5012 ι
834 4976 1030 5041 tacuit,
1064 4975 1216 5045 quasi
1257 4984 1434 5030 musto
1470 4974 1675 5046 absque
1717 4974 1986 5045 spiracula
2025 4987 2191 5029 com--

588 5067 820 5135 paravit.
856 5065 923 5121 Et
953 5066 1089 5121 bene
1110 5067 1189 5121 ait
1218 5083 1232 5120 :
1267 5067 1416 5133 Quod
1442 5067 1743 5140 lagunculas
1767 5082 1926 5121 novas
1953 5066 2177 5120 disrum-

587 5158 710 5230 pit;
740 5158 862 5228 quia
894 5158 1067 5213 sancti
1109 5158 1343 5228 Spiritus
1384 5158 1564 5214 fervor
1602 5172 1711 5214 non
1752 5156 1927 5215 solum
1968 5158 2173 5226 veteri,

590 5249 685 5307 sed
714 5251 875 5307 etiam
899 5265 1040 5308 nova
1060 5252 1169 5306 vita
1195 5252 1282 5308 vix
1310 5250 1541 5322 capitur.
1570 5252 1801 5307 Mustum
1832 5264 1960 5320 ergo
1989 5252 2176 5322 lagun-

590 5342 746 5399 culas
777 5359 943 5400 novas
983 5344 1305 5415 disrumpit,
1349 5343 1475 5415 quia
1514 5344 1741 5400 fervoris
1780 5344 1897 5414 eius
1934 5344 2172 5414 potentia

587 5433 749 5489 etiam
780 5438 1042 5506 spiritalia
1072 5440 1233 5494 corda
1264 5436 1620 5493 transcendit.
1666 5436 1890 5507 Loquar,
1924 5444 1970 5491 et
2000 5439 2169 5509 respi-

587 5524 714 5578 rabo
740 5510 1050 5597 paululum;
1093 5533 1321 5601 aperiam
1368 5530 1507 5583 labia
1552 5545 1695 5596 mea,
1744 5537 1794 5582 et
1831 5529 2170 5599 respondebo.

586 5611 732 5671 Bene
757 5617 831 5672 ait
857 5634 873 5672 :
904 5617 1221 5691 Respirabo,
1253 5619 1381 5690 quia
1410 5620 1549 5675 sicut
1591 5618 1744 5674 labor
1780 5617 2051 5687 iustorum
2092 5631 2175 5677 est

666 5755 690 5821 ξι
719 5746 886 5821 gaius
912 5758 967 5804 et
995 5748 1175 5821 ρυιη,
1208 5758 1403 5814 αοειιιι,
1436 5754 1717 5809 manifesto
1743 5765 1948 5808 errore.

668 5818 691 5897 ξ’
721 5818 946 5884 ’l‘uron.,
981 5818 1170 5897 _Colb.'
1192 5832 1248 5876 et
1293 5822 1501 5897 {Vorm},
1554 5842 1585 5878 a
1624 5825 2079 5897 quinquagenaria.
2110 5825 2176 5882 Et

592 5888 753 5955 infra,
786 5905 875 5953 per
906 5890 1421 5961 quinquagenarium.
1442 5888 1515 5949 lta
1541 5888 1967 5966 quoqtte'leg'itur
1988 5898 2041 5953 in
2065 5908 2169 5953 vet.

2284 4769 2472 4814 manet.
2507 4789 2577 4800 —
2605 4760 2768 4815 Recta
2813 4760 3190 4827 consideratio,
3243 4762 3384 4832 quod
3442 4761 3615 4817 Deum
3666 4753 3849 4815 homini

2284 4852 2483 4908 idcirco
2516 4869 2618 4908 non
2666 4862 2861 4921 aequat,
2892 4855 3014 4923 quia
3044 4853 3281 4922 quandiu
3315 4854 3401 4909 hic
3455 4854 3735 4917 subsistat,
3780 4845 3851 4902 vel

2282 4943 2499 5009 quando
2527 4943 2591 4997 ad
2640 4942 2735 4999 Dei
2760 4943 3018 5014 judicium
3052 4943 3287 5008 tollatur,
3340 4945 3579 5015 ignorat.
3627 4944 3693 4999 Et
3733 4942 3852 4995 bene

2282 5039 2395 5092 ait:
2428 5037 2590 5109 742
2620 5036 2745 5092 Post
2770 5040 3021 5093 modicum
3053 5037 3202 5091 tollat
3224 5055 3303 5091 me
3340 5038 3510 5105 [actor
3542 5026 3705 5103 meus,
3745 5029 3851 5103 quia

2284 5131 2577 5200 quamlibet
2606 5130 2819 5203 longum
2852 5130 3011 5185 fuerit
3052 5138 3262 5199 tempus
3291 5132 3414 5184 vita:
3446 5128 3730 5200 praesentis
3752 5166 3766 5191 ,
3798 5135 3852 5177 e0

2281 5224 2399 5293 ipso
2426 5227 2588 5282 breve
2614 5237 2718 5293 est,
2747 5242 2853 5297 quo
2882 5243 3204 5301 permanens
3236 5244 3340 5284 non
3370 5237 3479 5283 est.
3515 5227 3705 5297 Neque
3729 5234 3852 5278 enim

2280 5320 2499 5392 dignum
2526 5333 2607 5379 est
2637 5334 2694 5378 ut
2722 5324 2986 5380 diutinum
3012 5325 3301 5395 iudicetur,
3343 5325 3610 5395 quidquid
3641 5323 3745 5378 line
3762 5317 3854 5375 cir-

2276 5416 2672 5472 cumscribitur.
2704 5416 2809 5472 Sed
2858 5419 2998 5474 inter
3048 5420 3145 5475 has
3174 5420 3475 5476 sententias
3505 5435 3644 5492 quas
3687 5431 3748 5474 ex
3776 5426 3856 5468 ve-

2280 5508 2439 5564 ritate
2496 5508 2696 5564 solidas
2754 5511 2972 5578 profert,
3034 5510 3100 5565 ad
3132 5513 3311 5581 .verba
3354 5520 3579 5569 rursum
3628 5502 3855 5568 elationis

2282 5601 2536 5670 erumpit,
2562 5600 2747 5657 dicens
2776 5619 2790 5656 :
3570 5630 3579 5637 .
3890 5618 3891 5621 η

2284 5756 2587 5838 Ed._Paris.
2621 5767 2675 5838 et
2704 5760 2889 5831 Basil.,
2920 5776 2982 5820 ac
3010 5763 3171 5833 paulo
3198 5772 3320 5835 post
3346 5780 3357 5818 :
3393 5760 3466 5820 Et
3495 5782 3531 5822 a
3559 5765 3846 5838 quinquagi-

2284 5833 2430 5887 nario
2458 5833 2712 5917 custodes,
2743 5842 2846 5889 etc.
