4066 6348
700 467 925 528 carus
964 470 1085 526 xui
1125 472 1274 543 tace.
1326 471 1480 545 vn].

366 562 499 621 Cn.
530 578 722 629 xum,
756 578 907 618 VEBS.
939 564 1028 620 i2.
1052 595 1120 605 ——
1149 566 1287 619 Aitdi
1314 568 1489 637 igitur,
1514 565 1634 634 Job,
1682 568 1885 637 eloquia

299 672 433 722 mea,
461 666 511 710 et
554 673 727 711 omnes
754 674 1010 713 sermones
1061 677 1199 715 meos
1229 660 1489 715 ausculta.
1513 662 1659 717 Ecce
1708 665 1883 733 aperui

297 767 356 807 os
384 767 574 817 meum,
596 751 851 822 loquatur
881 752 1061 825 lingua
1090 769 1200 807 mea
1230 754 1284 808 in
1312 754 1547 824 faucibus
1572 756 1715 809 meis.

366 845 457 901 25.
492 844 713 916 Superbi
750 862 929 900 sanam
959 846 1246 900 doctrinam
1290 864 1392 902 non
1421 864 1546 903 sane
1573 848 1880 918 pradicant,

297 940 438 1007 quod
466 940 789 994 insolescant.
822 967 895 982 —-
925 940 1221 996 Pensemus
1246 940 1314 996 de
1351 956 1454 1011 qua
1500 942 1733 998 elatione
1762 943 1884 997 des-

296 1029 497 1095 eendit,
530 1029 673 1099 quod
703 1030 918 1086 beatum
962 1029 1064 1085 Job
1113 1030 1299 1087 audire
1330 1047 1390 1087 se
1419 1032 1696 1102 admonet,
1742 1034 1884 1103 quod

296 1137 360 1177 os
386 1123 663 1192 aperuisse
714 1137 775 1178 se
821 1121 1089 1193 perhibet,
1121 1125 1260 1194 quod
1312 1125 1547 1197 linguam
1596 1142 1746 1180 suam
1774 1135 1799 1161 ⁸
1831 1126 1884 1181 in

296 1212 544 1269 faucibus
575 1214 719 1284 loqui
749 1215 1032 1284 promittit.
1085 1216 1195 1271 lloc
1220 1217 1364 1272 enim
1409 1217 1570 1273 habet
1610 1220 1885 1288 proprium

295 1310 539 1363 doctrina
590 1310 956 1379 arrogantium
988 1310 1149 1382 (Dist.
1182 1310 1271 1371 46.
1316 1328 1434 1383 cap.
1467 1311 1585 1366 Hoc
1608 1313 1786 1381 habet)
1831 1322 1889 1368 ut

295 1398 576 1455 humiliter
624 1402 866 1456 nesciant
921 1400 1120 1480 inferre
1172 1404 1312 1474 quod
1358 1404 1584 1472 docent,
1635 1414 1692 1460 et
1740 1415 1887 1460 recta

304 1506 430 1560 qua
458 1492 673 1561 sapiunt
698 1502 845 1547 recte
872 1493 1176 1549 ministrare
1219 1512 1323 1549 non
1353 1495 1578 1564 possint.
1611 1495 1668 1549 In
1702 1495 1885 1550 verbis

298 1582 444 1635 enim
491 1595 678 1636 eorum
731 1582 974 1651 proditur
1023 1583 1166 1652 quod
1216 1599 1336 1638 eum
1380 1584 1601 1649 docent,
1634 1586 1784 1655 quasi
1832 1586 1887 1639 in

293 1672 529 1742 quodam
559 1672 662 1726 sibi
688 1674 937 1729 videntur
961 1672 987 1712 ι)
1019 1675 1342 1739 summitatis
1363 1677 1597 1732 culmine
1624 1677 1885 1745 residere,

292 1780 499 1836 eosque
522 1757 658 1836 quos
686 1766 882 1822 docent
911 1776 970 1821 ut
1014 1769 1170 1836 longe
1203 1768 1337 1823 infra
1368 1785 1429 1825 se
1473 1771 1675 1838 positos
1724 1770 1886 1827 veluti

1014 355 1374 413 MQRALIUM
1413 355 1542 412 1.18.
1584 355 1771 413 XXIII.
1806 385 1877 397 ——
1908 354 1976 412 IN
2013 355 2240 415 CAPUT
2280 358 2502 416 XXXIII
2542 359 2603 415 Β.
2643 359 2784 417 JOB.

3292 260 3321 279 Ι

3469 367 3577 426 266

1907 475 1959 533 Α
1985 472 2352 541 principaliter
2386 483 2409 511 ο
2461 473 2609 529 solus
2639 489 2705 530 ex
2739 480 3010 545 potestate
3039 473 3181 531 bona
3228 476 3441 535 locutus
3468 491 3577 548 est,

1991 564 2114 635 quia
2145 580 2210 620 ex
2242 566 2554 623 inﬁrmitate
2582 568 2724 621 mala
2752 568 2897 623 nulla
2927 569 3223 625 commisit.
3257 570 3332 626 Ex
3363 572 3576 630 divini-

1992 657 2119 712 tatis
2150 658 2351 727 quippe
2404 660 2640 727 potentia
2672 658 2857 713 habuit
2886 659 2940 714 id
2971 662 3114 729 quod
3166 661 3321 718 nobis
3351 678 3445 733 per
3473 666 3574 722 hu-

1991 748 2261 804 manitatis
2290 764 2401 804 sute
2431 750 2792 805 innocentiam
2823 751 3167 807 ministravit.

2061 842 2383 917 [Vet.XIV,
2408 844 2533 899 Rec.
2558 842 2706 899 γιιι
2715 842 2757 916 .1
2778 843 2869 899 25.
2894 846 3034 912 Quid
3058 842 3497 918 praedicatoribus,
3527 860 3584 903 ut

1988 936 2263 988 elationem
2306 935 2555 1007 fugiant,
2614 936 3062 991 considerandum.
3117 968 3189 980 --
3243 939 3353 994 Nos
3394 941 3538 994 enim
3564 983 3578 1003 ,

1988 1029 2113 1097 quia
2145 1029 2340 1083 inﬁrmi
2374 1029 2622 1085 homines
2653 1045 2861 1095 sumus,
2887 1045 3009 1085 cum
3037 1031 3106 1086 de
3136 1032 3247 1087 Deo
3274 1032 3582 1088 hominibus

1989 1118 2277 1189 loquimur,
2302 1120 2560 1177 debemus
2607 1122 2837 1190 primum
2872 1119 2891 1159 ί
2924 1123 3236 1179 meminisse
3283 1125 3425 1194 quod
3479 1140 3585 1179 su-

1991 1226 2131 1277 mus,
2180 1221 2238 1267 ut
2273 1229 2342 1269 ex
2379 1214 2593 1283 prepria
2647 1213 2961 1270 infirmitate
2991 1230 3279 1284 pensemus
3329 1232 3437 1285 quo
3487 1217 3583 1271 do-

1990 1304 2145 1358 cendi
2175 1305 2369 1360 ordine
2398 1306 2627 1361 inﬁrmis
2654 1306 2910 1361 fratribus
2941 1306 3577 1365 consulamus.Conside-

1991 1410 2172 1450 remus
2226 1397 2384 1465 igitur
2431 1398 2556 1467 quia
2608 1406 2701 1452 aut
2734 1398 2866 1453 tales
2917 1414 3123 1463 sumus,
3181 1397 3344 1470 753
3395 1401 3584 1469 quales

1992 1492 2283 1547 nonnullos
2313 1493 2664 1563 corrigimus;
2720 1502 2813 1547 aut
2857 1492 2986 1548 tales
3035 1492 3322 1563 aliquando
3368 1493 3585 1562 luimus,

1991 1586 2092 1642 etsi
2119 1586 2229 1656 jam
2260 1587 2437 1641 divina
2465 1587 2635 1656 gratia
2670 1596 2927 1653 operante
2958 1601 3066 1641 non
3114 1600 3324 1652 sumus,
3356 1595 3414 1640 ut
3438 1596 3587 1641 tanto

1994 1678 2383 1747 temperantius
2418 1680 2604 1733 humili
2633 1680 2798 1733 corde
2828 1680 3188 1749 corrigamus,
3220 1688 3420 1750 quanto
3450 1695 3587 1735 nos-

1993 1773 2253 1841 metipsos
2303 1773 2480 1828 verius
2528 1774 2582 1827 in
2613 1772 2696 1829 his
2734 1787 2871 1841 quos
2922 1773 3278 1828 emendamus
3334 1771 3585 1843 agnosci-

293 1859 347 1914 in
376 1860 485 1914 imo
502 1858 828 1925 respiciunt,
862 1860 1052 1942 quibus
1084 1877 1188 1915 non
1215 1863 1546 1918 consulendo
1581 1863 1748 1934 loqui,
1793 1852 1889 1919 sed
1917 1873 1968 1935 Β
1993 1880 2131 1920 mus.
2164 1866 2221 1920 Si
2252 1875 2429 1920 autem
2455 1866 2588 1920 tales
2621 1880 2718 1920 nec
2748 1880 2957 1930 sumus,
2986 1880 3085 1921 nec
3131 1863 3350 1931 fuimus,
3387 1865 3578 1936 quales

296 1966 382 2007 vix
414 1953 741 2009 dommando
774 1955 1081 2024 dignantur.
1114 1958 1277 2013 Recte
1306 1968 1483 2014 autem
1523 1960 1608 2014 his
1639 1975 1736 2030 per
1760 1975 1885 2029 prn-

290 2046 511 2114 phetam
557 2048 813 2103 Dominus
863 2049 993 2103 dicit
1043 2068 1056 2104 :
1101 2050 1200 2104 Vos
1223 2034 1391 2105 autem
1424 2069 1541 2105 cum
1584 2054 1885 2129 austeritate

297 2136 628 2206 intperabatis
677 2138 769 2204 eis,
814 2152 861 2193 et
910 2155 1025 2192 cum
1058 2143 1282 2210 potentia
1315 2142 1529 2214 (Ezech.
1581 2146 1769 2211 χχχιιι,
1804 2144 1885 2214 4).

296 2230 433 2286 Cum
461 2233 775 2288 austeritate
800 2234 947 2289 enim
977 2245 1030 2289 et
1059 2234 1295 2305 potentia
1317 2236 1611 2304 imperant,
1642 2237 1733 2303 qui
1763 2237 1892 2293 sub-

295 2324 439 2379 ditos
466 2336 592 2381 suos
615 2342 720 2382 non
747 2330 1034 2398 tranquille
1064 2330 1436 2384 ratiocinando
1462 2332 1761 2401 corrigere,
1792 2332 1888 2388 sed

294 2429 487 2484 aSpere
509 2414 785 2472 inflectere
810 2418 1140 2474 dominando
1169 2420 1443 2476 festinant.

373 2508 520 2582 [νει.
544 2509 746 2581 Χ111.]
772 2511 862 2565 24.
902 2511 1036 2566 Vera
1072 2515 1307 2567 doctrina
1336 2513 1608 2568 elationem
1633 2517 1785 2585 fugit.
1818 2546 1890 2556 —

294 2599 367 2653 At
396 2610 586 2655 contra
617 2618 744 2656 vera
774 2603 1015 2660 doctrina
1048 2613 1199 2659 tanto
1227 2606 1601 2660 vehementius
1632 2606 1734 2661 hoc
1779 2608 1891 2662 ela-

301 2693 471 2747 tionis
504 2694 687 2748 vitium
722 2696 852 2763 fugit
887 2711 982 2765 per
1009 2696 1414 2767 cogitationem,
1469 2707 1667 2767 quanto
1696 2693 1890 2753 at‘deul-

307 2784 416 2838 tius
438 2786 722 2841 verborum
751 2801 969 2843 suorum
996 2788 1189 2857 jaculis
1220 2790 1394 2858 ipsum
1428 2790 1741 2860 magistrum
1772 2790 1884 2844 ela-

296 2877 465 2932 tionis
514 2879 834 2950 insequitur.
868 2880 1039 2935 Cavet
1085 2882 1227 2935 enim
1278 2897 1344 2936 ne
1376 2896 1496 2936 eum
1536 2882 1703 2951 magis
1730 2881 1888 2937 elatis

294 2970 538 3026 moribus
568 2972 842 3041 pradicet,
872 2990 1031 3044 quem
1080 2974 1132 3027 in
1161 2974 1326 3029 corde
1356 2974 1687 3028 audientium
1716 2975 1887 3029 sacris

294 3063 639 3119 sermonibus
687 3069 1001 3119 insectatur.
1056 3065 1418 3119 Humilitatem
1466 3079 1721 3135 namque,
1767 3081 1888 3136 quae

294 3155 550 3227 magistra
566 3164 649 3212 est
664 3157 905 3213 omnium
932 3167 1207 3226 materque
1229 3158 1511 3222 virtutum,
1540 3167 1593 3211 et
1618 3158 1886 3228 loquendo

1993 1957 2168 2011 adhuc
2198 1958 2274 2012 illi
2305 1965 2430 2011 sunt
2455 1971 2591 2026 quos
2620 1958 2909 2012 emendare
2946 1973 3218 2024 curamus,
3252 1973 3321 2013 ne
3362 1974 3457 2013 cor
3485 1973 3585 2014 no-

1993 2060 2162 2105 strum
2210 2051 2362 2106 forte
2392 2051 2688 2121 superbiat,
2721 2053 2867 2108 etde
2916 2052 3031 2121 ipsa
3075 2052 3381 2107 innocentia
3426 2052 3581 2123 pejus

1994 2154 2135 2210 ruat,
2168 2160 2393 2215 quorum
2424 2146 2562 2198 mala
2591 2145 2931 2215 corrigimus,
2964 2146 3066 2200 alia
3090 2161 3277 2201 eorum
3309 2147 3445 2200 bona
3473 2160 3575 2200 no-

1991 2233 2073 2288 bis
2123 2244 2243 2289 ante
2291 2236 2475 2291 oculos
2528 2251 2861 2292 revocemus.
2912 2238 3043 2303 Quae
3086 2238 3132 2291 si
3174 2239 3394 2293 omnino
3426 2238 3575 2291 nulla

1993 2336 2139 2392 sunt,
2172 2327 2238 2382 ad
2284 2329 2492 2383 occulta
2524 2328 2616 2383 Dei
2645 2329 2836 2400 judicia
2883 2343 3242 2397 recurramus,
3288 2330 3411 2398 quia
3444 2329 3585 2384 sicut

1994 2433 2093 2472 nos
2120 2420 2328 2474 nteritis
2378 2421 2541 2475 nullis
2570 2420 2671 2475 hoc
2716 2422 2888 2491 ipsum
2917 2420 3116 2475 bonum
3148 2422 3289 2490 quod
3325 2420 3586 2476 habemus

1992 2514 2320 2580 accepimus,
2357 2514 2427 2566 ita
2459 2513 2583 2567 illos
2631 2528 2843 2583 quoque
2896 2521 3072 2582 potest
3122 2512 3295 2581 gratia
3335 2526 3585 2580 supernae

1994 2602 2207 2657 virtutis
2237 2603 2547 2668 infundere,
2597 2614 2659 2658 ut
2687 2604 2903 2658 excitati
2962 2603 3227 2673 posterius
3255 2602 3420 2658 etiam
3469 2604 3586 2674 ipsa

1993 2696 2200 2763 possint
2250 2695 2387 2750 bona
2437 2709 2557 2765 quae
2586 2710 2684 2750 nos
2723 2706 2846 2751 ante
2898 2697 3208 2763 accepimus
3258 2695 3591 2764 przevenire.

1992 2784 2123 2849 Quis
2152 2785 2294 2839 enim
2342 2785 2588 2841 crederet
2632 2786 2777 2855 quod
2820 2800 2917 2855 per
2945 2786 3277 2855 apostolatus
3326 2786 3583 2841 meritum

1991 2878 2183 2933 Saulus
2230 2878 2521 2947 lapidatum
2553 2879 2883 2949 Stephanum
2910 2894 3272 2948 prtecessurus
3301 2887 3419 2934 erat
3442 2879 3581 2949 (Act.

1993 2983 2090 3036 vn,
2139 2968 2256 3037 57),
2284 2969 2374 3039 qui
2405 2970 2458 3022 in
2509 2979 2685 3025 morte
2724 2969 2839 3039 ejus
2871 2969 3220 3037 lapidantium
3266 2969 3588 3024 vestimenta

1992 3062 2280 3117 servabat?
2309 3060 2406 3116 liis
2437 3078 2566 3133 ergo
2596 3063 2827 3133 primum
2859 3058 3269 3131 cogitationibus
3310 3060 3587 3116 humiliari

1993 3170 2087 3211 cor
2137 3156 2317 3222 debet,
2368 3165 2420 3212 et
2454 3165 2581 3212 tunc
2610 3156 2824 3212 demum
2877 3155 3305 3226 delinquentium
3334 3155 3587 3225 iniquitas

294 3248 495 3315 dicere,
527 3260 578 3305 et
615 3250 846 3304 vivendo
874 3261 894 3288 ο
929 3259 1155 3305 conatur
1180 3250 1487 3318 ostendere,
1514 3258 1572 3305 ut
1599 3265 1715 3305 eam
1744 3249 1883 3320 apud
1916 3262 1964 3326 ο
1994 3249 2278 3319 increpari.
2310 3250 2414 3306 Sed
2446 3250 2611 3316 hunc,
2653 3260 2710 3306 ut
2734 3265 2878 3319 saepe
2908 3249 3111 3305 dictum
3158 3260 3261 3315 est,
3296 3248 3583 3305 locutionis

293 3338 589 3407 discipulos
618 3341 859 3393 veritatis
906 3341 1023 3408 plus
1055 3341 1295 3395 moribus
1335 3356 1493 3410 quam
1544 3342 1888 3397 sermonibus

293 3430 601 3498 eloquatur.
626 3430 778 3487 Unde
802 3432 999 3487 Paulus
1022 3430 1602 3489 Thessalonicensibus
1627 3435 1852 3505 loquens
1870 3475 1885 3500 ,

293 3525 446 3593 quasi
477 3525 727 3579 culminis
758 3526 959 3596 preprii
991 3528 1322 3595 apostolatus
1356 3528 1577 3593 oblitus,
1610 3528 1687 3582 ait
1719 3545 1732 3581 ε
1780 3525 1890 3582 Fac

294 3617 361 3669 cti
393 3632 571 3670 sumus
597 3617 797 3685 parvuli
825 3620 877 3670 in
910 3619 1077 3671 medio
1124 3627 1345 3673 vestrum
1383 3617 1437 3689 (1
1497 3618 1676 3673 Thess.
1714 3634 1775 3683 ιι,
1807 3618 1886 3690 7).

296 3708 451 3764 Unde
474 3708 659 3764 Petrus
674 3710 970 3777 apostolus,
994 3726 1114 3766 cum
1140 3711 1372 3767 diceret:
1398 3710 1580 3765 Parati
1602 3728 1800 3782 semper
1821 3712 1890 3763 ad

294 3804 696 3874 satisfactionem
726 3808 866 3861 onmi
913 3812 1138 3875 poscenti
1163 3826 1252 3863 vos
1292 3809 1546 3862 rationem
1590 3805 1655 3860 de
1682 3822 1743 3859 ea
1771 3819 1891 3875 quae

294 3895 348 3947 in
391 3897 530 3950 vobis
576 3906 650 3951 est
682 3915 771 3967 spe
799 3898 853 3970 (I
896 3898 1014 3954 Pet.
1059 3915 1145 3965 Ill,
1182 3900 1302 3967 lii),
1360 3900 1414 3953 in
1465 3900 1578 3969 ipsa
1630 3898 1890 3954 doctrina:

295 3989 520 4044 scientia
540 3992 853 4060 qualitatem
878 3994 1109 4049 docendi
1132 3991 1361 4049 asseruit
1390 4008 1514 4050 esse
1536 3992 1879 4057 servandam,

295 4081 532 4136 subdens
560 4100 575 4136 :
610 4083 718 4139 Sed
748 4102 865 4139 cunt
914 4087 1173 4140 modestia.
1195 4096 1243 4140 et
1286 4086 1491 4151 timore,
1526 4085 1890 4139 conscientiam

295 4175 536 4231 habentes
586 4179 773 4232 bonam
801 4178 994 4248 (Ibid,
1024 4180 1137 4249 16).
1171 4179 1281 4234 lloe
1332 4189 1509 4235 autem
1542 4178 1683 4249 quod
1717 4179 1889 4234 disci-

296 4267 425 4337 pulo
458 4268 649 4325 Paulus
674 4270 755 4324 ait
780 4287 793 4322 :
826 4268 1062 4336 Prwcipe
1089 4269 1217 4335 hazc,
1249 4278 1295 4324 et
1328 4269 1456 4324 doce
1485 4286 1603 4323 cum
1632 4270 1770 4323 omni
1795 4270 1891 4323 im-

296 4361 439 4432 perio
475 4361 521 4430 (Ι
552 4359 685 4416 Tint.
712 4377 785 4429 tv,
813 4362 899 4428 ll;
935 4360 1040 4416 Tit.
1077 4378 1135 4425 tt,
1172 4361 1295 4430 15);
1337 4377 1442 4417 non
1468 4361 1888 4416 dominationem

296 4456 572 4527 potentiae,
589 4458 680 4511 sed
696 4457 1065 4512 auctoritatem
1090 4458 1281 4511 suadet
1303 4456 1444 4510 vitaz.
1461 4453 1485 4493 ἀ
1502 4454 1633 4510 Cum
1661 4455 1887 4525 imperio

303 4549 511 4619 quippe
561 4550 787 4606 docetur
836 4551 977 4617 quod
1035 4551 1180 4617 prius
1233 4550 1407 4620 agitur
1448 4565 1607 4619 quam
1656 4550 1886 4604 dicatur.

1995 3344 2212 3398 modum
2258 3344 2378 3399 Eliu
2424 3345 2673 3415 ignorare
2722 3344 3045 3412 ostenditur,
3076 3345 3164 3413 qui
3212 3344 3266 3397 in
3316 3343 3585 3398 locutione

1991 3452 2087 3492 sua
2119 3436 2368 3491 elationis
2392 3445 2416 3483 8
2453 3445 2580 3508 typo
2607 3437 2760 3506 quasi
2785 3436 3022 3505 poten‘tia
3050 3434 3327 3503 cujusdam
3359 3435 3587 3490 auctori-

1992 3530 2117 3601 tatis
2147 3530 2380 3591 inflatur,
2403 3529 2588 3584 dicens
2617 3548 2631 3583 :
2661 3529 2800 3582 Audi
2825 3530 3004 3600 igitur,
3046 3528 3168 3594 Job,
3200 3529 3402 3597 eloquia
3446 3545 3581 3593 mea,

1992 3629 2040 3672 et
2089 3628 2263 3673 ontnes
2310 3636 2567 3675 sermones
2611 3637 2750 3674 meos
2801 3619 3060 3674 ausculta.
3114 3618 3249 3673 Ecce
3304 3622 3483 3691 aperui
3529 3637 3586 3675 os

1993 3730 2183 3781 meum,
2213 3715 2451 3782 loquatur
2479 3712 2661 3783 lingua
2689 3730 2802 3769 mea
2850 3714 2903 3767 in
2933 3713 3167 3782 faucibus
3191 3715 3336 3766 meis.

2063 3806 2153 3861 26.
2198 3805 2456 3860 Nonnulli
2511 3804 2812 3860 modestiam
2864 3805 3032 3859 solum
3084 3804 3355 3858 simulant.
3411 3834 3482 3844 —-
3526 3804 3581 3859 In

1993 3898 2235 3954 faucibus
2266 3914 2393 3955 vero
2420 3898 2565 3970 loqui
2591 3908 2674 3953 est
2722 3899 2946 3954 silenter
2973 3898 3174 3961 dicere,
3206 3907 3264 3952 et
3313 3910 3418 3951 non
3459 3896 3582 3951 cla-

1994 3994 2236 4057 moribus
2281 3992 2587 4069 vociferari.
2638 3973 2851 4061 Quibus
2886 3993 3067 4048 verbis
3096 4004 3413 4062 arrogantes
3442 3993 3581 4045 intra

1992 4091 2232 4141 sanctam
2280 4085 2572 4140 Ecclesium
2605 4085 2806 4155 positos
2855 4085 3051 4154 signat.
3083 4084 3146 4138 lli
3170 4083 3314 4138 enim
3339 4083 3485 4138 velut
3526 4083 3582 4136 in

1991 4177 2237 4235 faucibus
2282 4179 2429 4249 loqui
2472 4179 2748 4245 dicuntur,
2782 4180 2997 4251 quando
3033 4194 3139 4233 non
3168 4186 3355 4233 contra
3385 4177 3583 4233 adver-

1992 4273 2167 4326 sarios
2212 4277 2360 4325 extra
2391 4270 2633 4326 viventes
2681 4270 2934 4335 clamant,
2987 4269 3083 4324 sed
3131 4269 3393 4338 quosdam
3442 4268 3583 4323 intra

1994 4365 2168 4419 sinum
2194 4372 2393 4419 sanctae
2419 4363 2675 4419 Ecclesiae
2703 4363 2859 4434 quasi
2885 4362 3095 4417 vicinos
3114 4376 3177 4416 ac
3198 4360 3354 4431 juxta
3377 4361 3585 4431 positos

1996 4457 2298 4527 increpant.
2330 4456 2487 4526 Saepe
2517 4470 2646 4511 vero
2679 4462 2994 4524 arrogantes
3023 4453 3267 4508 eamdem
3300 4467 3458 4521 quam
3494 4460 3584 4507 te-

1996 4558 2123 4605 nent
2151 4552 2512 4619 arrogantiam
2560 4564 2621 4604 se
2674 4549 2856 4619 fugere
2883 4547 3206 4613 ostendunt;
3238 4555 3293 4601 et
3332 4546 3458 4601 dum
3506 4545 3585 4602 sic

300 4638 439 4697 Nam
471 4643 727 4699 doctrinae
760 4644 1029 4699 subtrahit
1059 4642 1328 4707 ﬁduciam,
1361 4644 1574 4712 quando
1605 4642 1885 4697 eonscien-
1915 4644 1969 4704 D
1992 4650 2182 4697 cuneta
2214 4650 2398 4711 agunt,
2430 4651 2487 4697 ut
2516 4642 2720 4697 nullum
2765 4642 2986 4707 lateant,
3018 4639 3134 4695 haec
3170 4639 3375 4709 private
3404 4638 3586 4709 singu-

301 4734 378 4788 tia
411 4736 668 4805 prtepedit
689 4736 945 4808 linguam.
990 4736 1104 4790 Non
1134 4750 1262 4804 ergo
1292 4735 1340 4789 ei
1375 4743 1696 4804 poteStatem
1728 4734 1885 4789 elata:

296 4826 607 4892 locutionis,
640 4829 737 4884 sed
786 4830 938 4884 bona:
990 4828 1238 4884 ﬁduciam
1292 4825 1583 4880 insinuavit
1632 4826 1884 4880 actionis.

297 4917 458 4975 Unde
484 4919 646 4974 etiam
675 4919 744 4975 de
772 4919 998 5001 Domino
1028 4921 1287 4987 scriptum
1317 4896 1400 4973 est
1430 4916 1609 4981 :xErat
1632 4918 1767 4971 enim
1789 4918 1886 4971 do-

297 5037 441 5087 cens,
488 5022 621 5076 sicut
668 5030 964 5093 potestatem
1021 5020 1232 5089 habens,
1275 5034 1375 5074 non
1428 5018 1560 5073 sicut
1606 5016 1801 5074 Scriba:
1841 5028 1889 5072 et

295 5109 562 5167 Pharistri
596 5112 809 5182 (Matth.
860 5128 953 5178 vn,
1000 5112 1117 5184 29).
1165 5110 1525 5182 Singulariter
1554 5124 1786 5181 namque
1824 5125 1888 5165 ac

374 5234 401 5262 ι
432 5226 610 5294 Colb.,
640 5226 865 5283 Vindoc.
890 5235 944 5281 et
971 5225 1180 5287 Norm.,
1206 5226 1260 5279 in
1288 5223 1521 5292 faucibus
1549 5224 1672 5278 suis.

371 5293 602 5360 bEditi,
646 5299 868 5353 culmine
925 5296 1273 5357 sublimitatis.
1325 5295 1612 5365 Sequimur
1667 5293 1889 5360 Baluz.,

294 5370 457 5426 Colb.
491 5380 544 5423 et
571 5369 752 5424 Norm.

375 5451 399 5479 ο
436 5439 646 5505 Norm.,
678 5443 858 5496 Baluz.
891 5446 946 5495 et
975 5438 1153 5508 Colb.,
1197 5446 1467 5506 conantur,
1496 5444 1552 5491 et
1594 5435 1754 5502 infra,
1785 5435 1892 5490 elo-

290 5518 550 5568 auantur.

373 5581 592 5653 “find”
625 5582 809 5637 Norm.
840 5593 895 5637 et
923 5584 1038 5649 alii,
1070 5598 1186 5637 cum
1206 5583 1343 5637 omni
1367 5581 1558 5653 quippe
1579 5579 1813 5647 imperio.

378 5662 403 5689 ⁸
429 5651 608 5718 Deest,
644 5656 803 5721 solus,
830 5656 883 5709 in
910 5655 1092 5709 Norm.

380 5722 397 5760 ί
438 5723 657 5795 _Vindoc.
690 5734 745 5779 et
774 5728 909 5795 pler.
943 5726 1156 5791 Norm.,
1185 5741 1354 5781 nosse.

378 5804 402 5841 ε
439 5792 515 5848 lta
560 5792 989 5861 Belum—Colb.,
1019 5797 1205 5853 Norm.
1236 5806 1296 5852 et
1322 5805 1432 5854 vet.
1478 5798 1579 5853 Ed.
1611 5796 1783 5852 Paris.
1834 5802 1887 5849 et

301 5864 472 5921 Basil.
504 5865 608 5922 Alii
638 5866 858 5932 habent,
905 5868 1082 5938 typho.
1117 5869 1380 5926 Observat
1421 5879 1602 5925 noster
1641 5863 1884 5923 Mabillo-

592 5961 863 6021 Psrnon.
894 5961 1186 6035 LXXVI.

1994 4735 2062 4789 lis
2092 4735 2243 4803 quasi
2274 4731 2570 4789 h‘latenter
2599 4744 2820 4788 narrant
2851 4751 2863 4785 :
2896 4741 3159 4803 quatenus
3187 4747 3292 4787 non
3323 4730 3498 4786 solum
3521 4731 3591 4785 de

1996 4844 2156 4883 sensu
2186 4827 2575 4899 intelligentiae,
2608 4829 2703 4882 sed
2731 4827 2800 4882 de
2833 4828 2949 4896 ipso
2976 4826 3115 4896 apud
3147 4824 3394 4881 homines
3418 4824 3587 4881 etiam

1996 4920 2315 4990 arrogantiae
2362 4926 2676 4986 contemptu
2703 4916 3017 4987 glorientur.
3070 4916 3225 4972 Unde
3274 4930 3418 4972 nunc
3446 4913 3588 4969 dici-

1995 5021 2126 5067 tur:
2179 5014 2444 5081 Loquatur
2495 5012 2678 5083 lingua
2709 5026 2823 5065 mea
2853 5012 2909 5064 in
2961 5010 3194 5080 faucibus
3240 5010 3383 5062 meis.
3428 5007 3508 5062 Ac
3538 5004 3587 5059 si

1996 5112 2181 5174 aperte
2206 5104 2414 5159 dicatur
2439 5121 2452 5156 :
2482 5102 2614 5170 Qum
2636 5113 2822 5159 contra
2845 5113 2897 5157 te
2914 5103 3205 5173 prudenter
3237 5100 3433 5165 sentio,
3458 5110 3588 5152 ecce

1996 5222 2115 5276 nius
2170 5222 2426 5294 ad_epis_t.
2456 5219 2560 5274 247
2597 5218 3049 5294 sanctiBernat-di
3090 5231 3233 5282 saepe
3265 5212 3370 5283 legi
3408 5223 3590 5294 (gnum

1994 5308 2094 5362 pro
2144 5288 2324 5362 typho,
2370 5291 2425 5346 in
2476 5306 2606 5347 mss.
2658 5290 2900 5346 Codicib.
2935 5288 2992 5343 ld
3047 5303 3193 5354 srepe
3239 5288 3486 5362 occurrit
3530 5288 3585 5336 in

1995 5353 2398 5428 exemplaribus
2442 5362 2790 5429 Gregorianis
2843 5375 3002 5414 manu
3051 5353 3304 5413 examtis.
3340 5355 3395 5429 In
3452 5353 3586 5424 Reg.

1996 5424 2173 5490 sancti
2192 5434 2464 5489 Benedicti
2487 5448 2536 5488 e.
2554 5424 2625 5485 ’51
2641 5473 2656 5497 ,
2687 5432 2773 5486 ubi
2799 5430 2991 5500 legitur
3016 5430 3129 5483 sine
3158 5438 3278 5495 typo
3299 5424 3377 5500 vel
3404 5439 3548 5478 mora
3569 5439 3589 5479 :

1998 5505 2338 5560 llildemarus
2372 5504 2494 5573 legit
2534 5505 2644 5557 sine
2686 5496 2871 5572 typho;
2901 5502 3118 5573 hoc_est
3148 5502 3264 5573 sine
3318 5496 3589 5573 fastuaut

2000 5576 2305 5643 arrogantia
2331 5591 2344 5628 ε
2379 5568 2537 5643 Aug,
2573 5574 2626 5627 in
2663 5568 2750 5639 ps.
2776 5586 2862 5643 ιν,
2888 5571 2922 5625 6
2951 5569 3202 5643 :_1nuenis
3226 5568 3481 5643 hominem
3503 5582 3589 5622 stt-

1998 5637 2232 5717 perbum.
2266 5647 2422 5716 typho
2451 5637 2895 5717 ιῖιθοριιιιιὶηἱιηοζ
2948 5641 3013 5695 Ει
3048 5640 3116 5717 de
3144 5637 3260 5693 Civ.
3294 5637 3411 5701 Dei,
3454 5637 3497 5717 l,
3524 5651 3585 5701 tt,

1998 5708 2049 5773 ὲ.
2084 5708 2502 5785 ρθιιιιιι.ζ”ιιηαιη
2552 5708 2806 5780 fruentem
2836 5712 2985 5778 .Deo,
3036 5708 3258 5764 alteram
3307 5716 3586 5764 mittentem

1998 5790 2178 5852 typho.

2018 5844 2097 5895 "'h
2125 5858 2392 5925 Plerique,
2424 5856 2650 5912 silenter.

3149 5943 3186 6002 9
