4024 6352
544 344 647 402 167

1748 338 1990 396 εΑΝοτι
2030 336 2359 396 GRIGORII
2396 337 2609 396 MAGNI
3682 345 3774 403 ωδ

540 459 765 517 silenter
794 470 973 515 narro.
1018 455 1319 527 Aliquando
1345 462 1522 509 autem
1551 462 1576 492 ⁸
1630 454 1684 511 in
1713 462 1911 509 tantam
1961 453 2131 521 impu-
2158 454 2215 515 Δ
2241 451 2566 521 apiraculum
2591 466 2649 506 se
2680 459 2860 506 narrat
2880 449 3202 507 animatum.
3227 450 3390 507 Facto
3408 452 3592 524 quippe
3608 457 3775 530 Adam,

538 550 743 609 dentice
786 550 1072 609 elationem
1104 548 1411 620 prosiliunt,
1458 557 1517 602 ut
1543 547 1664 603 aliis
1696 548 1995 604 tacentibus
2025 546 2131 619 ipsi
2237 546 2498 616 scriptum
2538 555 2669 602 est:
2713 544 2995 615 Inspiravit
3040 546 3094 599 in
3146 546 3329 617 {aciem
3359 549 3468 619 ejus
3494 551 3779 619 spirantum

538 644 752 705 soleant
776 644 994 703 laudare
1020 641 1163 714 quod
1192 641 1399 697 dicunt.
1434 641 1589 698 Unde
1610 640 1888 713 subiungit
1915 658 1929 696 :

1118 734 1357 791 CAPUT
1394 734 1535 791 XIV.
2087 790 2092 795 .

610 831 775 888 Vitas.
812 828 867 884 δ.
897 854 968 869 ——
995 825 1231 895 Simplici
1260 822 1415 880 corde
1444 821 1470 865 lt
1502 839 1614 880 nico
1640 836 1898 911 sfrtnones
1926 823 2045 891 mei,
2078 830 2126 878 et

537 926 845 981 sententiam
870 935 1058 987 puram
1088 918 1226 974 labia
1255 932 1368 974 mea
1396 917 1686 988 loquentur.

603 1019 694 1072 27.
747 1015 824 1070 De
873 1002 1203 1084 simplicitate
1259 1012 1393 1083 falso
1444 1012 1753 1083 gloriantur.
1804 1041 1872 1053 -—-
1920 1010 2124 1081 Magna:

534 1110 745 1166 virtutis
786 1109 901 1164 laus
931 1115 1015 1164 est
1065 1098 1380 1178 simplicitas
1411 1105 1721 1162 locutionis.
1776 1106 1945 1174 Quam
1993 1104 2122 1177 quia

534 1211 850 1275 arrogantes
880 1217 988 1257 non
1043 1200 1263 1269 habent,
1310 1200 1510 1256 habere
1539 1214 1598 1255 se
1650 1200 1790 1255 hanc
1840 1199 2124 1255 sollicitius

532 1297 805 1356 asserunt,
854 1296 911 1344 ut
940 1287 1184 1344 securius
1230 1286 1532 1342 audiantur.
1563 1285 1630 1341 Et
1662 1301 1795 1355 pure
1824 1301 1884 1342 se
1914 1287 2120 1342 locutu-

529 1395 624 1436 ros
645 1379 985 1444 denuntiant,
1030 1394 1150 1448 quae
1197 1377 1522 1448 duplicitatis
1566 1392 1678 1432 sum
1723 1377 1980 1432 malitiam
2020 1378 2118 1434 de-

530 1473 795 1543 prehendi
830 1471 1138 1527 formidant.
1172 1471 1328 1541 Saepe
1356 1479 1534 1525 autem
1563 1479 1618 1525 et
1657 1469 1965 1526 falsis-vera
1993 1485 2118 1541 per-

528 1566 778 1635 miscent,
815 1577 869 1622 ut
900 1566 1023 1623 inde
1070 1580 1259 1622 eorum
1305 1565 1589 1622 mendacio
1617 1565 1775 1620 citius
1821 1563 2111 1632 credatur,

527 1663 670 1719 unde
715 1662 899 1717 inesse
945 1662 1026 1716 eis
1056 1660 1286 1716 assertio
1336 1659 1576 1714 veritatis
1605 1657 1934 1730 agnoscitur.
1981 1658 2113 1723 Quia

2233 636 2369 703 vita,
2413 647 2457 692 et
2483 639 2659 709 {actui
2681 645 2756 692 est
2803 638 2954 693 homo
2978 638 3033 692 in
3062 638 3292 694 animum
3314 639 3555 695 uirentem
3578 642 3778 711 (Gener.

2234 749 2295 800 ιι,
2323 718 2403 803 7).¹
2430 732 2538 791 Sed
2565 734 2683 791 hac
2704 748 2829 805 quae
2858 742 3007 792 recte
3030 735 3225 793 astruit
3266 743 3444 793 utrum
3480 745 3620 794 recte
3640 753 3782 798 ossa.

2229 835 2423 896 quatur
2449 828 2751 887 audiamus.
2776 829 3069 901 Sequitur:
3318 884 3321 885 ν

2824 920 3054 979 CAPUT
3094 920 3240 978 XVI.

2303 1016 2462 1072 Vens.
2495 1013 2550 1070 5.
2580 1043 2655 1061 -ι
2682 1014 2745 1071 Si
2770 1024 2935 1085 potes,
2956 1014 3206 1085 responde
3231 1015 3359 1069 mihi
3387 1020 3434 1070 ol
3460 1013 3686 1073 adversus
3712 1018 3785 1086 fa-

2234 1108 2362 1163 ciem
2381 1124 2548 1163 meam
2571 1108 2813 1167 consiste.

2294 1200 2386 1256 29.
2414 1200 2627 1257 Insulae
2648 1202 2764 1274 plus
2778 1202 2923 1273 justo
2942 1200 3038 1255 sibi
3064 1191 3703 1273 arrogantiuntjactantia.
3723 1228 3785 1249 -

2237 1294 2378 1349 Eeee
2395 1294 2521 1348 dum
2545 1304 2727 1350 rtarrat
2749 1293 2992 1350 ordinem
3010 1308 3150 1349 vera
3168 1292 3514 1361 conditionis,
3538 1291 3780 1349 infastum

2220 1384 2398 1442 subito
2410 1383 2921 1457 superba/elationis
2934 1385 3190 1455 erumpit,
3211 1392 3371 1456 atque
3387 1382 3505 1439 aliis
3518 1383 3688 1441 verbis
3699 1383 3788 1440 hoc

2221 1475 2362 1534 idem
2375 1476 2621 1547 replicat,
2633 1475 2819 1532 dicens
2835 1493 2848 1528 :

2294 1569 2458 1627 Vens.
2494 1570 2549 1626 6.
2591 1569 2645 1623 'I.
2686 1594 2757 1610 —-
2784 1567 2929 1635 Ecce
2954 1576 3002 1622 et
3038 1584 3121 1624 me
3155 1569 3361 1623 sicntot
3403 1576 3453 1623 to
3482 1569 3601 1640 feeit
3637 1566 3791 1640 Deus,

2217 1671 2265 1717 et
2292 1662 2356 1716 de
2379 1662 2557 1717 eodem
2577 1663 2685 1716 luto
2705 1676 2799 1732 ego
2814 1674 3014 1730 quoque
3033 1648 3280 1730 formatus
3304 1676 3438 1715 sum.
3455 1658 3793 1717 Venulum

525 1755 691 1839 igitur
719 1755 838 1810 Elin
867 1762 921 1809 et
950 1768 1080 1823 pure
1107 1768 1165 1808 se
1210 1755 1512 1808 locuturum
1546 1752 1835 1821 perhibuit,
1880 1760 1936 1806 et
1973 1752 2111 1807 dicta
2184 1754 2527 1846 .miraculum
2575 1770 2745 1811 meum
2789 1770 2894 1809 non
2922 1764 2975 1810 te
2993 1762 3202 1825 terreat,
3241 1756 3531 1826 eloquentia
3560 1769 3673 1815 tneo
3694 1770 3791 1810 non

526 1862 624 1906 sua
654 1845 972 1918 appellando
1000 1846 1295 1901 sententias
1338 1845 1520 1901 favore
1551 1844 1918 1915 praecucurrit,
1966 1860 2113 1900 eam-
2140 1844 2280 1915 Bait
2312 1844 2398 1903 tibi
2426 1851 2609 1919 gravis.

524 1941 642 1999 dem
661 1940 771 2012 iam
800 1941 1120 1996 sententiam
1149 1954 1307 2009 quam
1332 1939 1578 2009 promisit
1596 1939 1857 2010 adiungit,
1885 1940 2071 1995 dicens
2096 1955 2110 1994 :

802 2030 1031 2088 CAPUT
1074 2031 1162 2086 xv
1209 2030 1355 2104 [γει.
1383 2029 1512 2097 xv,
1546 2031 1665 2087 [ιιι.
1697 2029 1829 2100 1X].

599 2127 763 2181 Vens.
817 2125 872 2179 4.
898 2151 969 2166 ο-
1018 2124 1248 2195 Spiritus
1284 2123 1377 2177 Del
1424 2124 1542 2193 fecit
1574 2138 1691 2191 me,
1722 2132 1770 2177 ct
1797 2124 2112 2194 spiraculum

526 2221 903 2291 Omnipotentis
936 2218 1208 2286 viviﬁcaoit
1238 2231 1339 2271 me.

586 2312 680 2366 28.
713 2310 961 2365 Doctrina
989 2310 1282 2363 inordinate
1309 2310 1510 2380 prolata
1536 2309 1804 2364 sterilescit
1831 2320 1875 2365 et
1927 2314 2104 2381 findat.

520 2433 587 2447 --
605 2403 929 2461 Subditurus
957 2417 1105 2468 vera,
1127 2402 1385 2471 praemisit
1403 2403 1572 2468 elata;
1604 2414 1655 2458 et
1687 2403 1926 2459 dicturus
1947 2403 2110 2475 744

518 2496 623 2554 hoc
678 2497 819 2567 quod
861 2505 1009 2552 recte
1037 2504 1269 2565 saperet,
1319 2504 1443 2551 ante
1478 2495 1710 2552 innotuit
1741 2508 1998 2568 quantum
2029 2508 2107 2553 tu-

518 2598 714 2647 meret.
749 2588 839 2645 Sic
879 2588 1155 2655 nimirum,
1190 2589 1267 2643 sic
1314 2590 1678 2659 arrogantium
1725 2598 1932 2646 mentes
1966 2592 2109 2647 insa-

515 2683 710 2750 niunt,
772 2690 830 2737 ut
889 2691 943 2737 et
996 2682 1055 2736 in
1107 2681 1186 2737 eis
1238 2696 1358 2751 quae
1415 2690 1561 2738 recte
1611 2684 1851 2737 sentiunt
1907 2682 2101 2738 elatio-

515 2776 603 2832 nis
631 2788 742 2831 sua:
774 2774 1088 2830 tortitudine
1117 2774 1498 2843 depravantur.
1545 2774 1695 2831 Unde
1745 2774 1803 2829 iit
1846 2783 1900 2829 ut
1941 2764 2103 2829 etiam

513 2882 702 2925 eorum
747 2876 894 2923 recta
943 2866 1218 2921 auditores
1260 2880 1590 2937 nequaquam
1638 2868 1925 2933 instruant,
1977 2869 2102 2938 quia

512 2957 759 3030 profecto
788 2958 1039 3033 illosoper
1066 2972 1129 3012 ea
1159 2970 1281 3039 qum
1311 2957 1513 3012 tumide
1559 2957 1817 3022 sentiunt,
1868 2971 1977 3013 non
2028 2959 2101 3014 ad

512 3052 597 3109 sui
627 3050 1008 3119 reverentiam,
1042 3050 1136 3106 sed
1164 3050 1231 3105 ad
1261 3058 1627 3121 contemptum
1672 3060 1884 3107 vocant.
1940 3052 2101 3107 Dum-

512 3158 618 3214 que
668 3143 829 3198 dictis
879 3141 1231 3211 prodeuntibus
1278 3141 1519 3197 stultitiae
1569 3145 1732 3198 verba
1782 3145 2098 3212 miscentur,

511 3236 635 3308 quia
664 3236 889 3291 stultitia
918 3235 986 3291 ab
1010 3236 1260 3292 audiente
1287 3235 1603 3305 despicitur,
1628 3237 1788 3293 etiam
1814 3240 2098 3307 prudentia

2285 1942 2426 2011 Quid
2452 1952 2535 1999 est
2564 1944 2686 2012 hoc,
2719 1945 2862 2014 quod
2891 1942 3011 1998 Eliu
3040 1940 3288 2000 ordinem
3309 1955 3460 1999 vero
3488 1940 3795 1998 conditionis

2217 2034 2481 2104 agnoscit,
2527 2046 2582 2090 et
2609 2034 2827 2090 modum
2859 2042 3022 2091 recta:
3047 2033 3337 2090 locutionis
3367 2033 3621 2105 ignorati
3667 2031 3795 2101 Quid

2215 2135 2317 2192 est,
2354 2123 2496 2196 quod
2527 2140 2586 2181 se
2614 2126 2773 2182 beato
2800 2126 2905 2183 .lob
2933 2137 2989 2183 et
3013 2126 3264 2183 conditus
3293 2136 3562 2198 exaequat,
3587 2134 3643 2183 et
3664 2125 3805 2183 ioca-’

2217 2228 2370 2276 turus
2400 2222 2622 2289 exaltat,
2658 2217 2761 2275 nisi
2791 2218 2918 2288 hoc,
2946 2221 3087 2291 quod
3116 2226 3436 2292 arrogantes
3464 2233 3655 2276 omnes
3679 2232 3798 2275 eua-

2216 2313 2315 2367 ctis
2341 2311 2561 2383 quidem
2593 2311 2904 2369 hominibus
2941 2326 3003 2369 se
3028 2312 3311 2383 aequaliter
3339 2304 3594 2368 conditos
3622 2311 3800 2368 memi-

2216 2415 2427 2472 nerunt,
2462 2406 2557 2462 sed
2585 2420 2679 2477 per
2700 2404 2895 2463 fastum
2918 2406 3164 2464 scientias
3183 2407 3466 2465 auditores
3486 2421 3618 2464 suos
3639 2420 3801 2477 atqua-

2212 2499 2291 2554 les
2319 2494 2418 2555 sibi
2452 2499 2537 2553 vel
2572 2513 2698 2555 esse
2725 2500 2812 2556 vel
2863 2500 3085 2557 credere
3111 2496 3496 2569 dedignantur,
3531 2500 3711 2572 eisque
3749 2513 3802 2554 se

2214 2608 2309 2663 per
2339 2604 2544 2649 natura:
2571 2594 2934 2651 conditionem
2950 2595 3259 2660 conferunt,
3285 2595 3385 2652 sed
3421 2608 3519 2665 per
3549 2603 3802 2650 tumorem

2210 2688 2451 2745 scientia:
2481 2689 2884 2760 superponunt?
2917 2689 3173 2760 Equales
3200 2689 3423 2760 quidem
3465 2703 3526 2745 se
3564 2686 3799 2758 iudicant

2210 2780 2483 2835 exstitisse
2532 2780 2830 2847 nascendo,
2881 2780 2975 2836 sed
3029 2768 3428 2850 nou‘aaquales
3481 2778 3804 2835 remansisse

2208 2874 2460 2930 vivendo.
2515 2884 2538 2911 ε
2599 2878 2773 2945 Atque
2826 2874 2881 2929 in
2937 2889 3005 2930 eo
3059 2874 3199 2945 quod
3246 2873 3494 2944 aequales
3532 2870 3686 2944 quasi
3729 2870 3803 2924 ri-

2209 2967 2386 3051 vendo
2427 2966 2537 3036 jam
2589 2982 2694 3022 non
2750 2976 2895 3031 sunt,
2947 2966 3074 3021 illud
3123 2965 3189 3020 ad
3250 2948 3432 3035 maius
3495 2963 3803 3020 miraculum

2207 3068 2505 3126 revocant,
2558 3061 2702 3131 quod
2753 3062 2991 3130 :equales
3040 3063 3314 3116 nascendo
3374 3061 3618 3115 fuerunt.
3666 3056 3803 3113 Unde

2205 3153 2416 3208 inﬂatus
2445 3153 2566 3209 Eliu
2594 3154 2721 3209 dicit
2747 3172 2759 3207 :
2796 3152 2929 3208 Ecce
2957 3161 3003 3208 et
3028 3170 3105 3208 me
3125 3154 3255 3209 sicut
3282 3162 3333 3208 et
3363 3164 3415 3208 te
3448 3155 3573 3225 fecit
3599 3151 3751 3217 Deus,
3766 3158 3808 3204 et

2206 3246 2269 3299 de
2294 3245 2469 3299 eodem
2503 3245 2609 3297 luto
2639 3260 2731 3317 ego
2757 3258 2958 3314 quoque
2985 3247 3237 3313 formatus
3274 3260 3416 3299 sunt.
3456 3243 3806 3298 Verumtamen

511 3343 620 3386 non
651 3337 882 3386 tenetur.
932 3327 1065 3383 Hinc
1118 3329 1259 3383 enim
1311 3344 1405 3397 per
1454 3330 1671 3399 Moysen
1706 3330 1963 3397 ,dicitur:
2006 3332 2099 3387 Vir
2130 3353 2177 3418 ρ
2205 3334 2515 3389 miraculum
2559 3350 2724 3389 meum
2768 3332 2929 3405 745
2963 3350 3066 3388 non
3102 3342 3147 3387 te
3177 3341 3401 3398 terreat,
3450 3330 3809 3403 et‘eloqaentt'a

512 3426 595 3495 qui
632 3426 833 3495 ﬂuxum
857 3425 1062 3478 seminis
1092 3425 1311 3479 sustinet
1342 3424 1637 3481 immundus
1674 3426 1768 3480 erit
1792 3426 1978 3497 (Leuit.
2009 3443 2099 3494 xv,

509 3516 624 3588 i0).
667 3516 805 3583 Quid
832 3525 915 3572 est
956 3517 1101 3573 enim
1147 3529 1349 3583 sermo,
1404 3518 1507 3572 nisi
1558 3520 1789 3577 semen?
1827 3519 1927 3587 Qui
1974 3519 2102 3576 dum

510 3613 753 3670 ordinate
782 3613 1064 3681 emittitur,
1095 3613 1365 3670 audientis
1400 3628 1552 3670 mens
1583 3616 1739 3685 quasi
1786 3615 2101 3684 concipien-

508 3705 577 3764 es
606 3716 790 3765 uterus
813 3706 880 3763 ad
905 3707 1034 3763 boni
1061 3707 1239 3777 operis
1270 3707 1477 3778 prolem
1508 3706 1724 3765 fetatur.
1752 3709 1821 3780 {Si
1848 3725 1976 3767 vero
2002 3712 2105 3767 im-

506 3786 740 3871 portune
806 3799 1013 3868 deﬂuit,
1070 3799 1406 3856 emittentem
1464 3801 1747 3870 polluens,
1807 3803 2101 3873 generandi

506 3896 761 3953 virtutem
788 3895 986 3967 perdit.
1011 3906 1033 3934 ⁸
1066 3894 1198 3950 Nam
1222 3896 1267 3950 si
1298 3909 1475 3952 sermo
1498 3911 1679 3953 semen
1709 3914 1814 3954 non
1844 3907 2011 3970 esset,
2033 3901 2101 3969 de

504 3987 832 4061 praedicante
863 3987 1032 4045 Paulo
1058 4004 1391 4061 nequaquam
1424 3991 1785 4049 Athenienses
1808 3994 2053 4051 dicerent
2080 4014 2093 4050 :

510 4080 651 4149 Quid
672 4082 776 4136 vult
798 4080 895 4135 sibi
915 4081 1293 4137 seminioerbius
1319 4080 1404 4137 hic
1418 4083 1596 4139 dicere
1619 4084 1755 4155 (Act.
1793 4086 1927 4159 xvii,
1961 4087 2100 4159 18)?

504 4173 585 4233 De
611 4191 719 4249 quo
760 4184 815 4232 et
859 4174 1033 4232 Lucas
1082 4176 1214 4233 dicit
1246 4192 1262 4233 :
1294 4177 1419 4248 Ipse
1468 4179 1600 4234 enim
1650 4190 1759 4235 erat
1803 4181 1915 4235 dua:
1962 4182 2100 4236 verbi

508 4266 651 4340 (Act.
683 4284 797 4340 xrv,
831 4268 947 4341 ii).
978 4268 1176 4326 Semen
1207 4285 1336 4340 ergo
1364 4271 1486 4327 usui
1535 4271 1841 4345 pr0paginis
1860 4273 2096 4331 dicatum

503 4360 935 4431 incompetentcr
979 4360 1152 4418 ﬂuens
1206 4369 1401 4419 caetera
1468 4363 1713 4419 membra
1766 4365 2095 4435 coinquinat,

503 4467 629 4509 cum
660 4466 840 4508 sermo
887 4467 981 4523 per
1009 4467 1167 4523 quem
1216 4453 1271 4507 in
1315 4453 1646 4511 audientium
1676 4453 1919 4510 sensibus
1949 4458 2096 4513 nasci

486 4540 727 4601 scientia
776 4542 979 4612 debuit,
1011 4540 1059 4600 s'i
1120 4545 1432 4601 inordinate
1481 4546 1723 4617 prodeat,
1774 4547 1933 4604 etiam
1974 4564 2096 4623 qua:

507 4646 659 4695 recte
688 4637 920 4695 senserit
948 4637 1137 4695 ftedat.
1170 4638 1325 4697 Unde
1353 4640 1472 4697 Elin
1522 4655 1736 4712 quoque
1761 4642 1924 4699 etiam
1974 4660 2095 4712 quae

2210 3445 2322 3484 mea
2348 3445 2449 3483 non
2470 3429 2535 3483 sit
2560 3429 2647 3482 tibi
2672 3428 2840 3499 grauis
2869 3426 3013 3500 [Vet.
3047 3424 3238 3498 XVI].
3264 3426 3635 3484 'iiabentboc
3659 3423 3809 3480 etiam

2206 3531 2522 3593 arrogantes
2552 3521 2846 3591 proprium,
2881 3519 3025 3591 quod
3054 3519 3205 3589 prius
3229 3534 3396 3589 quam
3427 3518 3645 3585 dicant,
3678 3516 3809 3571 mira

2208 3631 2268 3672 se
2313 3616 2496 3679 dicere
2543 3629 2758 3684 semper
2802 3613 3134 3679 existimant,
3169 3620 3225 3668 et
3269 3610 3617 3668 locutionem
3664 3621 3809 3663 suam

2207 3708 2523 3765 admirando
2554 3707 2910 3778 praeveniunt,
2942 3707 3065 3774 quia
3114 3704 3203 3761 vel
3250 3705 3303 3759 in
3334 3704 3526 3761 acutis
3560 3700 3812 3759 sensibus

2207 3804 2322 3871 ipsa
2367 3801 2529 3857 elatio
2579 3808 2774 3871 quanta
2805 3801 2874 3854 sit
2915 3798 3134 3854 fatuitas
3176 3797 3459 3867 ignorant.
3512 3795 3813 3853 Notandum

2205 3909 2421 3967 quoque
2444 3900 2526 3950 est
2555 3892 2697 3964 quod
2727 3891 2947 3958 Paulus,
2978 3891 3105 3946 dum
3134 3889 3289 3945 ‘mire
3328 3886 3606 3946 Hebraeos
3637 3885 3816 3943 admo-

2206 3996 2379 4055 neret,
2411 3976 2694 4058 adiunxit:
2732 3987 2880 4058 Rogo
2904 3994 3075 4042 autem
3101 4000 3210 4053 ves,
3239 3986 3460 4057 fratres,
3493 3993 3564 4040 ut
3596 3982 3815 4053 stt/fera-

2206 4083 2271 4136 tis
2329 4082 2535 4136 verbum
2587 4082 2808 4152 solatii};
2859 4080 3044 4136 etenim
3093 4079 3369 4151 perpaucis
3432 4078 3632 4148 scripsi
3680 4072 3816 4130 'sobis

2204 4173 2391 4243 (Hebr.
2445 4189 2573 4242 xm,
2629 4170 2769 4245 22)/
2800 4173 2921 4229 Eliu
2981 4181 3158 4228 autem
3217 4172 3401 4227 inania
3460 4172 3714 4243 protulit,
3768 4175 3818 4223 et

2203 4267 2357 4337 quasi
2388 4267 2720 4323 consolando
2749 4266 3028 4337 subiunxit
3070 4281 3084 4320 :
3122 4262 3453 4319 Miraculnm
3504 4280 3686 4320 meum
3724 4276 3818 4316 non

2204 4369 2253 4415 te
2281 4369 2487 4419 terreat.
2535 4369 2582 4416 et
2623 4360 2917 4439 eloquentia
2956 4374 3070 4414 mea
3098 4374 3203 4413 non
3247 4358 3314 4412 sit
3344 4359 3448 4412 tibi
3476 4360 3681 4431 grauis.
3728 4355 3819 4409 Ille

2202 4453 2345 4509 dicta
2374 4467 2467 4508 sua
2499 4451 2721 4508 verbum
2753 4452 2953 4518 solatii,
3005 4450 3093 4505 hic
3122 4462 3253 4505 vero
3297 4450 3713 4520 eloquentiam,
3764 4452 3819 4503 et

2202 4547 2517 4602 miraculum
2546 4555 2719 4602 vocat.
2772 4545 2913 4600 Ecce
2947 4558 3107 4615 quam
3133 4543 3377 4598 distincti
3411 4558 3655 4613 sapores
3698 4555 3821 4612 pro‘

2200 4640 2365 4697 deunt
2394 4641 2661 4697 fructuum
2691 4655 2755 4695 ex
2786 4638 3002 4693 diversa
3032 4636 3214 4694 radice
3243 4637 3682 4709 cogitationum.
3731 4632 3821 4689 Ille

506 4737 657 4787 recte
688 4738 859 4801 potest
903 4733 1108 4788 sentire
1136 4734 1497 4790 commaculat
1516 4774 1531 4800 ,
1581 4733 1709 4792 dum
1739 4738 1823 4793 cui
1853 4738 1937 4795 vel
1968 4740 2096 4810 quid
2120 4749 2175 4813 υ
2200 4733 2270 4791 de
2300 4734 2506 4805 magnis
2536 4732 2811 4790 humiliter
2837 4716 3024 4799 sentit,
3057 4730 3161 4787 iste
3188 4730 3259 4787 de
3287 4729 3527 4786 mininis
3558 4740 3624 4786 se
3648 4726 3820 4785 inani-

501 4821 1016 4895 loquaturignorat};
1040 4834 1094 4881 et
1121 4825 1274 4896 quasi
1326 4825 1530 4883 ﬂuxum
1588 4828 1811 4885 seminis
1840 4831 2087 4899 sustinet,

498 4914 524 4955 ⁸
550 4934 671 4975 cum
703 4918 940 4992 linguam
971 4920 1189 4977 utilitati
1222 4904 1515 4993 congruam,
1531 4938 1629 4997 per
1647 4925 1811 4983 verba
1839 4942 1992 4985 vana:
2014 4929 2090 4985 lo-

495 5010 728 5067 cutionis
769 5018 968 5067 movet.
1022 5008 1171 5067 Bono
1222 5020 1402 5068 autem
1452 5013 1646 5073 ordine
1698 5024 1751 5073 et
1795 5016 1996 5074 factum
2028 5034 2089 5077 se

500 5104 713 5175 astruit,
771 5111 825 5162 et
853 5105 1171 5160 animalum.
1218 5102 1323 5161 Per
1363 5107 1611 5177 spiritum
1644 5107 1864 5181 factum,
1902 5122 1955 5168 et
1991 5126 2090 5183 per

454 5302 457 5303 ν
564 5281 594 5310 ι
623 5269 873 5334 Vindoc.,
902 5270 959 5322 in
990 5276 1186 5323 tantam
1210 5268 1585 5339 impudentiam
1614 5274 1871 5332 elationis.

560 5340 593 5381 δ
624 5342 785 5397 Deest
812 5354 926 5393 meo
953 5342 1005 5394 in
1036 5339 1219 5395 Norm.

564 5422 590 5452 ι
618 5413 719 5491 Hic
765 5410 1019 5491 admonet
1055 5410 1484 5491 _Gussanvillaeus
1534 5416 1587 5471 in
1620 5417 1747 5474 Mss.
1781 5420 2077 5491 Vaticanis,

488 5484 760 5562 lnterista
789 5483 975 5549 verba,
1016 5483 1255 5562 virtutem
1294 5485 1496 5555 perdit;
1536 5495 1612 5554 et,
1645 5506 1767 5545 nam
1794 5493 1840 5546 si
1869 5483 2076 5562 sermo,

488 5557 656 5612 atteri
700 5568 820 5625 quae
849 5564 1184 5632 sequuntur;
1215 5555 1272 5632 in
1302 5562 1685 5632 mente‘quippe
1735 5555 2076 5631 audientium,

487 5644 661 5703 semen
686 5633 937 5703 secuturis
957 5626 1283 5696 cogitationis
1313 5637 1389 5682 est
1420 5626 1603 5685 addita
1624 5626 1899 5703 'tequalitas
1926 5626 2074 5689 tacui

488 5700 668 5776 tionis,
701 5697 822 5776 quia
852 5696 978 5749 dum
1002 5712 1091 5763 per
1118 5712 1524 5776 aur;en_s_se_rmq_
1542 5696 1849 5774 concipitur,
1880 5707 2071 5776 cogita-

488 5771 561 5845 tio
587 5771 1152 5845 in'gmentepeneratur.
1187 5768 1326 5835 Quid
1355 5770 1638 5845 significet,
1687 5768 1868 5828 addita
1896 5768 2070 5845 (equa-

489 5841 609 5893 titas
649 5837 939 5901 locutionis,
984 5850 1204 5904 prorsus
1245 5853 1331 5893 me
1359 5837 1507 5895 latet.
1554 5837 2070 5902 As'suinentum'hoc

2204 4836 2285 4885 ter
2338 4827 2513 4899 erigit.
2546 4825 2685 4897 Quid
2734 4841 2862 4897 ergo
2912 4826 3054 4881 inter
3084 4824 3222 4891 haec,
3276 4823 3387 4880 nisi
3412 4821 3822 4880 hoe‘solerter

2201 4932 2283 4979 est
2312 4919 2650 4986 intuendum,
2683 4916 2705 4957 ί
2724 4990 2727 4993 δ
2757 4919 2900 4990 quod
2926 4927 2982 4975 et
3010 4916 3290 4975 escensuri
3329 4918 3390 4973 in
3441 4918 3566 4975 imo
3597 4931 3662 4974 se
3707 4926 3824 4971 esse

2200 5014 2567 5082 considerant,
2616 5024 2670 5069 et
2727 5013 2905 5069 casuri
2935 5025 3154 5084 semper
3194 5012 3249 5068 in
3282 5012 3593 5083 'precipiti
3633 5005 3823 5067 stanti

2198 5108 2487 5167 Salomone
2500 5112 2804 5173 attestante,
2819 5105 2909 5176 qui
2921 5106 3024 5162 ait:
3045 5106 3175 5161 Ante
3185 5105 3394 5161 ruinam
3405 5105 3696 5162 uallatur
3715 5117 3823 5168 eor,

2194 5280 2253 5334 in
2283 5278 2399 5346 ipsa
2428 5272 2574 5346 Edit.
2609 5270 2850 5346 Romana
2878 5269 3017 5327 Sixti
3049 5268 3091 5327 V
3121 5266 3191 5326 ad
3220 5279 3352 5324 mss.
3392 5267 3546 5325 Cod.
3597 5262 3825 5325 Vatica-

2174 5364 2295 5406 nos
2306 5341 2618 5415 praesertim
2646 5341 2924 5415 adornata.

2262 5419 2291 5459 ti
2324 5406 2575 5475 Vindoc.,
2605 5414 2693 5482 qui
2721 5413 2976 5485 linguam.
3018 5412 3293 5485 haetiam
3323 5407 3599 5479 Ebroic.,
3630 5406 3824 5467 Batus.

2191 5501 2248 5550 et
2273 5489 2428 5546 Colb.
2464 5485 2711 5553 Plerique
2739 5482 2953 5550 Norm.,
2985 5485 3070 5538 cui
3098 5483 3367 5551 linguam.

2265 5572 2290 5603 ο
2319 5557 2559 5620 Ebroic.,
2591 5563 2743 5627 atque
2764 5556 2880 5612 ideo
2901 5556 3040 5627 quod
3067 5554 3292 5626 aquaist
3316 5587 3416 5607 ....
3442 5553 3575 5622 jant
3603 5562 3753 5609 sunt.

2264 5632 2285 5671 ί
2321 5628 2534 5684 Ebroic.
2562 5634 2616 5680 et
2644 5626 2736 5681 alii
2770 5627 2980 5695 Noram,
3010 5627 3150 5695 quod
3176 5634 3227 5683 et
3251 5631 3704 5681 ascensura...“
3734 5634 3828 5676 ea-

2189 5720 2331 5760 sura.
2361 5699 2570 5764 Belum,
2592 5713 2984 5755 ascensura..."
3005 5709 3055 5755 et
3082 5697 3323 5754 citeriora
3358 5710 3581 5765 semper
3606 5695 3664 5750 in
3693 5707 3828 5765 prat-

2182 5777 2339 5846 eeptis
2363 5779 2526 5840 stetit,
2555 5763 2814 5840 corrupto
2855 5779 2909 5827 et
2960 5767 3235 5846 contrario
3262 5763 3490 5846 sepsit.
3512 5763 3714 5833 Colb.,
3740 5780 3827 5846 as-

2183 5834 2466 5901 censura...
2496 5834 2543 5897 et
2569 5834 2755 5898 causa
2770 5856 2967 5913 semper
2995 5842 3049 5897 in
3078 5836 3368 5912 praecipitio
3406 5836 3591 5910 (iam
3626 5834 3826 5913 νηυσι-

488 5924 597 5966 ιιοιι
628 5908 824 5976 legitur
852 5907 907 5962 in
930 5906 1054 5961 Mss.
1089 5908 1309 5973 nostris,
1342 5909 1449 5964 imo
1480 5926 1580 5967 nec
1611 5914 1663 5969 in
1692 5913 2073 5983 Excusis,"nec
2176 5918 2353 5980 pitiis)
2378 5922 2532 5971 stant.
