4066 6348
275 414 382 472 269

997 416 1362 475 MORALIUM
1404 418 1531 474 LIB.
1576 417 1766 474 XXIII.
1793 417 1953 475 -ΙΝ
1993 418 2222 477 CAPUT
2265 419 2488 477 XXXIII
2534 423 2596 477 Β.
2638 424 2777 480 JOB.

3460 425 3565 484 270

281 541 326 617 ξ
352 539 472 587 ante
491 530 714 603 gloriam
734 530 1256 617 humiliaturKI’rov.
1277 534 1399 606 lxvi,
1426 534 1544 607 i8).
1575 535 1865 607 Sequitur:
1897 540 1950 599 Α
1975 522 2242 604 relidltur,
2260 551 2396 607 quos
2426 536 2556 593 foris
2572 547 2735 597 amat.
2755 538 2891 594 Vera
2917 548 3096 596 autem
3123 541 3347 597 scientia
3364 541 3560 611 aitielt,‘

302 606 319 619 ’
352 624 525 681 Vnus.
553 622 982 681 ειη-Πετεώ
1002 614 1131 699 ergo
1147 628 1203 681 in
1224 628 1435 684 auribus
1455 606 1602 696 meis,
1627 606 1680 683 et
1700 644 1873 684 uocent

281 716 547 773 urbm-amt
576 726 604 757 ι
621 726 826 773 tuorum
852 719 1044 779 audiui.
1305 772 1319 786 ,

352 807 505 881 [Rea
530 807 634 881 1.]
662 809 837 880 Atque
864 811 1107 866 eamdem
1138 826 1325 869 vocem
1370 814 1722 887 subjungens,
1757 816 1869 872 ait:

282 898 517 957 Mundus
537 918 651 958 sun
675 913 852 975 ego,“
873 903 1060 976 absque
1079 905 1269 971 delicto
1293 907 1679 980 immutatus,
1704 918 1751 965 et
1772 926 1875 965 non

277 1003 358 1050 est
655 998 712 1052 in
760 1014 861 1056 nte.
887 998 1025 1067 Quia
1065 1002 1302 1071 querelas
1326 1002 1381 1056 in
1419 1018 1499 1058 me
1526 1004 1736 1073 reperit,
1758 1004 1876 1059 ideo

278 1085 563 1143 arbitratu
584 1098 659 1145 est
688 1106 768 1146 nte
793 1091 1060 1146 inimicum
1087 1094 1209 1150 sibi.
1236 1094 1420 1151 Posuit
1446 1098 1502 1152 in
1541 1112 1694 1152 neruo
1722 1079 1875 1168 pedes

280 1195 445 1250 utros,
475 1182 748 1239 custodiuit
771 1199 943 1240 mes
969 1187 1178 1242 semitas
1223 1204 1383 1243 ineas.
1414 1189 1640 1260 Moxque
1687 1200 1874 1247 contra

282 1273 399 1331 hac
425 1275 593 1334 verba
612 1292 733 1349 qua
757 1279 975 1334 beatum
1005 1279 1108 1337 Job
1155 1280 1357 1339 dixisse
1390 1284 1633 1340 narravit
1659 1295 1875 1341 senten-

280 1373 411 1428 tiam
436 1386 590 1429 suam
621 1374 919 1444 proterens,
962 1376 1037 1430 ait
1068 1392 1083 1429 :

850 1466 1079 1525 CAPUT
1138 1467 1302 1525 XVII.

352 1559 851 1636 Vsusalm—Hoc
873 1571 949 1618 est
979 1579 1100 1635 ergo
1117 1563 1428 1636 inquojnon
1449 1579 1502 1619 es
1531 1564 1873 1634 justiﬁcatns.

350 1652 441 1706 50.
462 1632 683 1711 Student
705 1655 868 1727 magis
894 1632 1180 1725 increpare,
1380 1632 1873 1713 conuiuia—Pro-

277 1746 427 1801 l'ecto
451 1746 642 1803 beatus
665 1747 769 1803 Job
799 1749 1063 1805 veraciter
1084 1749 1294 1806 dixerat
1319 1748 1461 1819 quod
1484 1748 1689 1820 absque
1720 1747 1877 1818 culpa

274 1834 447 1893 fuerit
470 1836 784 1909 ﬂagellatus.
820 1834 933 1896 Hoc
959 1841 1105 1897 enim
1143 1840 1259 1911 ipse
1288 1840 1358 1896 de
1382 1854 1464 1907 se,
1494 1839 1639 1911 quod
1681 1839 1751 1896 de
1781 1840 1901 1895 illo-

1980 644 2085 687 non
2113 631 2353 698 extollit;
2405 646 2503 689 nec
2534 633 2910 704 superbientes
2935 649 3070 704 quos
3121 636 3429 705 repleverit,
3464 628 3563 693 sed

1984 722 2343 780 lamentantes
2372 723 2517 783 facit.
2547 725 2661 793 Qua
2690 726 2915 799 quisque
2945 742 3069 784 cum
3096 729 3334 799 repletus
3380 730 3570 803 fuerit,
3628 728 3631 731 ’

1979 816 2157 886 primo
2198 816 2316 873 loco
2364 830 2424 872 se
2477 817 2618 873 scire
2668 819 2909 889 appetit;
2939 820 3130 890 etiam
3173 822 3259 877 sui
3287 824 3566 896 conscius,

1980 916 2128 965 tanto
2155 922 2253 979 per
2282 909 2427 966 illam
2470 910 2744 968 robustius
2787 912 2927 983 sapit
2949 922 3149 985 quanto
3180 929 3241 971 se
3294 914 3570 976 inﬁrmum

1978 1002 2035 1059 in
2060 1004 2148 1059 illa
2179 1003 2358 1061 verius
2379 1007 2925 1079 recognoscit;atque
2945 1010 3263 1080 ampliorem
3293 1012 3433 1069 viam
3464 1012 3565 1071 liu-

1975 1092 2064 1164 jus
2087 1095 2328 1152 scientia
2349 1096 2463 1168 ipsa
2491 1098 2543 1153 ei
2567 1097 2839 1154 humilitas
2868 1101 3066 1171 aperit;
3114 1102 3353 1175 dumque
3391 1105 3570 1163 imbe-

1978 1189 2258 1247 cillitatem
2279 1204 2432 1247 suam
2456 1193 2742 1264 conspicit,
2774 1194 2885 1264 ipsa
2910 1196 2959 1249 ei
2974 1196 3210 1267 cognitio
3233 1204 3571 1257 secretorum

1978 1282 2293 1339 sublimium
2327 1284 2670 1343 absconditos
2697 1286 2848 1343 sinus
2875 1288 3078 1358 pandit,
3110 1304 3212 1360 qua
3260 1293 3569 1363 cognitione

1979 1388 2216 1445 pressus,
2236 1377 2483 1434 subtilior
2510 1378 2775 1448 redditur,
2808 1390 2831 1421 ε
2856 1393 2966 1450 quo
2985 1379 3052 1436 ad
3081 1383 3286 1438 occulta
3307 1386 3569 1455 rapiatur.

1980 1469 2097 1524 Elin
2139 1484 2269 1541 ergo
2324 1472 2377 1525 in
2408 1471 2634 1540 ﬂagellis
2660 1472 2799 1528 beati
2830 1471 2937 1530 Job
2962 1469 3170 1529 idcirco
3214 1489 3457 1532 veracem
3486 1492 3572 1534 ra-

1979 1558 2178 1616 tionem
2228 1576 2333 1617 non
2384 1560 2610 1628 invenit,
2643 1563 2767 1631 quia
2822 1577 2943 1619 eam
2998 1576 3248 1645 querere
3297 1566 3574 1624 humiliter

1979 1656 2185 1721 nescit;
2215 1664 2271 1710 et
2298 1656 2581 1727 increpare
2603 1657 2782 1727 potius
2802 1672 2962 1729 quam
3016 1659 3285 1716 consolari
3308 1661 3569 1732 paratior,

1978 1746 2106 1802 dicit
2135 1763 2149 1801 :
2179 1745 2297 1800 Hoc
2322 1757 2398 1802 est
2426 1761 2566 1820 ergo,
2597 1748 2653 1802 in
2674 1763 2772 1817 quo
2793 1764 2894 1803 non
2915 1764 2966 1804 es
2982 1751 3315 1820 justiﬁcatus.

2051 1835 2141 1892 '59..
2177 1836 2399 1905 Superbi
2426 1852 2563 1905 sape
2587 1837 2719 1892 alios
2771 1838 3106 1909 increpando,
3138 1846 3469 1900 mentiuntur.
3501 1872 3574 1890 -—
3634 1894 3651 1905 ι

280 1931 347 1987 ad
365 1931 651 1999 diabolum;
680 1934 942 1992 Dominus
969 1935 1106 1991 dixit
1135 1952 1150 1990 ι
1181 1933 1508 1991 Commouisti
1532 1950 1613 1990 me
1634 1935 1878 1989 adversus
1898 1941 1955 2001 ’Β
1984 1916 2285 1983 Notandum
2317 1944 2528 2000 Quoque
2557 1939 2642 1986 est
2670 1932 2810 2001 quod
2853 1931 3042 1988 beatus
3078 1933 3180 1989 Job
3208 1934 3260 1991 iu
3289 1952 3453 1994 nervo
3476 1955 3572 2009 pe—

280 2043 419 2093 cuni,
444 2035 499 2083 ut
545 2030 830 2101 nﬂtigerent
853 2030 1002 2084 illum
1023 2033 1225 2100 frustra
1246 2028 1389 2101 (Job.
1415 2043 1474 2094 ιι,
1503 2029 1577 2097 5).
1606 2027 1712 2084 Sed
1755 2027 1874 2082 Eliu

280 2136 393 2178 non
410 2124 655 2189 credidit,
678 2130 928 2180 cessante
956 2122 1136 2191 culpa.
1172 2123 1411 2191 potuisse
1440 2135 1564 2177 eum
1595 2121 1756 2176 etiam
1779 2134 1875 2189 pro

276 2217 448 2287 gratia
479 2216 756 2288 flagellari.
783 2215 1067 2272 Nesciebat
1089 2216 1232 2272 enim
1254 2214 1479 2285 ﬂagellis
1507 2212 1628 2284 ejus
1653 2227 1759 2268 non
1781 2212 1876 2268 dev

276 2308 373 2363 leri
406 2309 616 2377 vitium,
649 2309 744 2364 sed
766 2306 1026 2365 meritum
1056 2307 1264 2378 augeri,
1295 2315 1349 2362 et
1375 2320 1476 2376 pro
1502 2320 1568 2361 eo
1591 2305 1731 2376 quod
1759 2302 1877 2358 sine

272 2398 475 2457 delicto
497 2415 559 2457 se
586 2401 796 2456 dixerat
843 2400 1191 2471 ﬂagellatum,
1226 2398 1325 2454 hac
1353 2413 1475 2454 eum
1504 2397 1770 2453 sententia
1802 2396 1879 2450 in.

271 2500 482 2562 crepat,
500 2490 685 2547 dicens
704 2490 855 2547 {Hoc
882 2498 954 2545 est
979 2505 1103 2560 ergo
1130 2490 1184 2543 in
1208 2504 1310 2557 quo
1337 2504 1442 2543 non
1468 2505 1519 2542 es
1533 2487 1875 2558 justiﬁcatns.

276 2582 646 2639 Babentenim
663 2583 764 2638 hoc
778 2590 1091 2652 arrogantes
1115 2580 1416 2650 proprium,
1432 2590 1489 2635 ut
1512 2579 1631 2648 plus
1654 2590 1881 2647 arguere

274 2686 549 2750 appetant,
570 2693 731 2748 quam
756 2676 1057 2743 consolari;
1092 2685 1146 2731 et
1172 2688 1399 2744 qumque
1427 2672 1733 2729 hominibus
1763 2685 1887 2726 eve-

262 2771 397 2827 nire
426 2779 774 2843 cognoscunt,
802 2784 874 2825 ex
898 2769 1026 2825 solis
1058 2769 1303 2823 evenisse
1343 2765 1712 2835 iniquitatibus
1738 2763 1882 2818 arbi-

274 2869 509 2920 trentur.
535 2863 788 2919 Nesciunt
799 2862 997 2933 quippe
1008 2862 1219 2917 occulta
1230 2858 1430 2931 judicia
1452 2858 1719 2914 subtiliter
1737 2870 1882 2923 qum-

1979 2022 2104 2076 dem
2129 2036 2285 2077 suum
2308 2024 2539 2093 positum
2560 2024 2721 2090 dixit,
2746 2026 2841 2080 sed
2868 2040 3205 2097 nequaquam
3233 2032 3488 2087 mundum
3509 2047 3574 2089 se

1982 2116 2085 2173 hoc
2112 2120 2293 2188 modo,
2322 2134 2431 2189 quo
2459 2119 2508 2173 ei
2560 2118 2829 2189 obiicitur,
2857 2120 3060 2191 absque
3080 2131 3322 2192 peccato,
3352 2127 3437 2180 vel
3465 2127 3572 2182 im-

1980 2211 2331 2278 maculatum,
2360 2221 2416 2267 et
2465 2213 2585 2267 sine
2639 2213 2923 2283 iniquitate
2994 2213 3160 2270 iulsse
3229 2219 3571 2274 memoravit.

1978 2305 2084 2359 Sed
2141 2305 2447 2372 Elim-dum
2503 2320 2623 2361 cum
2668 2309 2986 2363 austeritate
3032 2310 3251 2373 studuit.
3293 2314 3575 2384 increpare

1982 2412 2102 2467 qua:
2122 2398 2266 2454 dicta
2290 2407 2435 2467 sunt,
2462 2400 2726 2456 mentiens
2746 2401 2954 2457 addidit
2974 2416 3093 2471 quae
3123 2402 3267 2459 dicta
3294 2419 3398 2461 non
3421 2415 3572 2463 sunt.

1981 2491 2084 2557 Qui
2112 2493 2254 2547 enim
2284 2496 2498 2562 semper
2518 2494 2796 2564 increpare
2817 2500 3093 2565 appetunt,
3118 2506 3172 2550 et
3200 2510 3468 2568 nunquam
3494 2496 3575 2555 tua

1983 2598 2133 2649 vere,
2165 2585 2329 2639 multa
2358 2584 2673 2655 plerumque
2694 2585 3025 2655 increpando
3064 2589 3413 2644 mentiuntur.
3439 2588 3575 2646 Nam

1986 2686 2044 2731 ut
2070 2691 2297 2747 arguere
2322 2679 2479 2734 docte
2501 2679 2801 2745 videantur,
2821 2679 3029 2750 fingunt
3048 2693 3431 2751 nonnunquam
3452 2697 3576 2753 qua:

1985 2771 2308 2839 redarguam
2334 2786 2347 2834 ;
2375 2780 2571 2825 etcum
2602 2771 2702 2840 ipsi
2731 2772 2929 2841 equino
2957 2786 3107 2829 more
3136 2773 3192 2828 in
3220 2787 3437 2831 cursum
3460 2780 3575 2833 sua

1988 2864 2367 2919 ostentationis
2397 2863 2720 2932 iul’eiveant,
2756 2863 2808 2918 in
2831 2864 3195 2935 subiectorum
3253 2867 3574 2924 invectioni-

274 2970 424 3026 rere,
447 2966 611 3030 atque
635 2960 687 3013 id
717 2958 858 3028 quod
880 2971 987 3012 non
1010 2955 1314 3025 intelligunt
1333 2953 1607 3008 humiliter
1635 2940 1913 3021 perscrué‘
1987 2954 2085 3009 bus
2111 2970 2175 3010 ex
2204 2955 2339 3009 ﬁctis
2366 2956 2466 3009 sibi
2491 2955 2856 3025 iniquitatibus
2883 2969 3131 3026 campum
3151 2968 3360 3027 parant.
3386 2958 3573 3016 Scien-

276 3051 540 3122 tari,quia
567 3063 662 3107 eos
683 3063 829 3119 saepe
851 3045 1119 3103 asecretis
1141 3041 1881 3115 iuvestigationibusjudicio-
1980 3046 2109 3101 dum
2143 3056 2398 3117 praeterea
2421 3059 2524 3114 est,
2552 3048 2694 3103 sicut
2730 3058 2784 3102 et
2805 3047 3050 3120 superius
3096 3051 3206 3104 dixi
3238 3050 3425 3123 (Num.
3457 3051 3573 3124 3i),

274 3157 396 3198 rum
458 3141 555 3199 Dei
623 3142 739 3212 ipsa
790 3139 1030 3197 scientias
1077 3154 1187 3195 sua:
1251 3138 1413 3194 elatio
1475 3137 1702 3206 dejicit,
1753 3135 1880 3191 dum
1985 3137 2125 3207 quod
2173 3149 2492 3209 arrogantes
2523 3139 2620 3194 viri
2672 3138 2867 3196 iuilatis
2910 3139 3020 3195 suis
3069 3142 3409 3197 sermonibus
3428 3148 3575 3212 stupe

275 3234 507 3291 extollit.
584 3284 589 3285 κ
1986 3231 2140 3288 fortia
2163 3232 2301 3288 dicta
2333 3233 2674 3302 permiscent,
2733 3247 2831 3289 nec
2885 3232 3570 3305 considerant'aliquando

344 3326 437 3384 δι.
471 3326 803 3381 Obstuculam
845 3335 917 3381 est
962 3326 1197 3380 ueritatis
1241 3334 1413 3377 tumor
1464 3323 1669 3378 mentis.
1722 3320 1868 3376 Vera:
1891 3340 1939 3401 ο
1980 3322 2006 3361 d
2033 3324 2159 3393 quid
2179 3326 2382 3389 vivant,
2405 3326 2498 3379 sed
2520 3324 2996 3395 pensautstudiose
3015 3326 3403 3395 quiddoceant.
3424 3327 3573 3394 Quoc

274 3422 501 3477 mirati:
525 3420 754 3489 eﬁectus.
774 3449 848 3462 —
869 3420 1216 3475 Obstaculum
1246 3433 1475 3488 namque
1523 3418 1763 3473 veritatis
1789 3426 1871 3472 est
1982 3431 2103 3471 rum
2134 3431 2274 3472 nunc
2311 3416 2431 3471 Eliu
2476 3418 2710 3485 speciem
2744 3426 2908 3483 tenet,
2940 3418 3031 3486 qui
3069 3432 3175 3473 non
3217 3428 3363 3474 recte
3390 3420 3573 3476 vivere

274 3523 453 3568 tumor
495 3512 712 3579 mentis,
743 3512 869 3581 quia
915 3511 1043 3565 dum
1092 3511 1245 3566 inﬂat
1273 3510 1569 3566 ebuubilat.
1599 3509 1702 3576 Qui
1728 3519 1785 3563 et
1815 3509 1861 3564 si
1975 3507 2200 3578 appetit,
2231 3506 2324 3563 sed
2366 3507 2581 3564 docere.
2611 3508 2748 3576 Quia
2789 3523 2918 3579 ergo
2962 3507 3139 3577 sciens
3169 3511 3267 3564 sed
3316 3524 3574 3581 arrogans

246 3605 495 3675 quando
540 3605 821 3661 scientiam
844 3604 1096 3659 videntur
1142 3604 1389 3673 adipisci,
1422 3604 1572 3673 quasi
1622 3603 1693 3656 de
1741 3617 1872 3672 qua-
1977 3600 2233 3669 loquitur,
2261 3610 2534 3657 taceamus
2560 3603 2670 3671 jam
2694 3594 2825 3671 quid
2845 3601 3108 3657 tumidum
3139 3603 3290 3670 vivit,
3314 3612 3368 3658 et
3388 3605 3573 3659 audia-

272 3697 399 3753 dam
436 3712 616 3753 rerum
638 3699 863 3764 cortice,
882 3707 938 3753 et
966 3711 1073 3753 non
1101 3697 1169 3753 de
1189 3704 1414 3752 secretae
1435 3694 1739 3750 dulcedinis
1760 3709 1868 3750 me.
1974 3706 2096 3746 mus
2123 3693 2251 3761 quid
2303 3693 2533 3749 solidum
2583 3694 2730 3747 dicit.
2778 3694 2906 3748 Post
2957 3702 3036 3748 tot
3081 3695 3264 3764 itaque
3320 3696 3573 3752 elationis

274 3789 421 3844 dulla
441 3799 732 3862 pascuntur
750 3792 1233 3859 {micantibusque
1282 3788 1515 3858 ingeniis
1548 3801 1693 3857 stupe
1722 3794 1871 3843 exte-
1974 3783 2381 3851 verba,tandem
2398 3784 2674 3839 scientiam
2692 3800 2846 3840 suam
2859 3784 3568 3853 ostendereincboans,ait:

274 3884 419 3939 riora
465 3884 840 3939 tantummodo
869 3883 1159 3953 attingunt.
1183 3882 1278 3938 sed
1311 3880 1506 3936 interni
1534 3890 1746 3951 gustum
1779 3895 1869 3937 sa-

275 3978 422 4047 poris
464 3979 733 4049 ignorant,
759 3978 1009 4033 videlicet
1066 3976 1196 4032 foris
1227 3978 1389 4043 acuti,
1422 3976 1515 4031 sed
1568 3976 1712 4030 intus
1741 3976 1870 4031 emci

273 4081 421 4127 sunt.
446 4072 631 4143 Neque
659 4074 711 4128 id
734 4074 804 4130 de
833 4074 944 4129 Deo
972 4075 1229 4137 sentiunt,
1265 4072 1407 4140 quod
1444 4071 1603 4126 dulce
1644 4069 1871 4125 interius

273 4164 465 4233 sapiat,
497 4164 591 4220 sed
641 4165 783 4234 quod
816 4179 1099 4219 excmsum
1151 4164 1385 4219 exterius
1431 4172 1605 4217 sonet.
1639 4162 1740 4228 Qui
1769 4163 1868 4216 etsi

270 4266 484 4314 secreta
507 4260 757 4329 quaedam
803 4259 1152 4329 intelligendo
1182 4257 1506 4327 percipiunt,
1538 4271 1722 4312 eorum
1755 4257 1872 4310 clul-

271 4352 521 4407 cedinern
568 4351 803 4422 experiri
859 4368 964 4406 non
994 4360 1251 4421 possunt;
1283 4361 1335 4403 et
1381 4351 1870 4416 sinoveruntquo—

250 4484 253 4495 .
272 4443 438 4498 modo
455 4452 601 4511 sunt,
627 4444 897 4513 ignorant,
918 4452 977 4497 ut
1005 4441 1135 4508 dixi,
1152 4439 1318 4513 ⁷46
1333 4441 1606 4510 quomodo
1630 4441 1867 4509 sapiunt.

268 4535 415 4608 [γει.
448 4534 669 4607 XVII.)
703 4537 765 4591 Et
822 4536 881 4590 iit
931 4535 1248 4603 plerumque
1303 4542 1360 4586 ut
1390 4533 1605 4587 fortiter
1648 4532 1866 4597 dicant,

268 4632 366 4684 sed
394 4638 577 4683 tamen
602 4629 753 4698 juxta
785 4642 846 4683 ea
869 4642 990 4698 qua:
1019 4626 1204 4681 dicunt
1225 4626 1407 4680 vivere
1433 4626 1694 4679 nesciant.
1716 4621 1870 4679 Unde

2551 3874 2779 3932 CAPUT
2808 3876 2996 3932 XVIII.

2046 3969 2214 4027 Vitas.
2248 3968 2335 4024 I2.
2357 3998 2428 4011 -
2448 3969 2791 4040 Respondebo
2818 3970 2913 4023 tibi
2953 3971 3093 4039 quod
3124 3972 3295 4040 major
3324 3972 3391 4025 sit
3431 3971 3572 4029 Dus

1971 4065 2201 4120 homine.

2048 4156 2138 4209 .33.
2165 4156 2315 4223 Quod
2345 4172 2379 4208 ι
2404 4154 2517 4209 Deo
2537 4155 2680 4209 nobis
2708 4156 2917 4210 metiore
2950 4158 3200 4227 patimur,
3220 4158 3420 4226 justum
3455 4175 3572 4214 crs-

1976 4256 2182 4308 dantus.
2201 4283 2271 4296 —
2300 4254 2520 4309 Dicatur
2546 4255 2772 4309 fortasse
2798 4256 2867 4307 ab
2898 4253 3078 4325 aliquo
3111 4274 3121 4306 :
3158 4256 3289 4323 Quis
3315 4256 3455 4311 istud
3487 4257 3572 4312 vel

1975 4364 2099 4402 cum
2130 4364 2236 4403 non
2279 4349 2429 4403 audit
2457 4348 2700 4418 ignorat?
2726 4347 2834 4405 Sed
2864 4348 3118 4403 nimirum
3160 4349 3276 4405 haec
3303 4352 3571 4409 sententia
3606 4402 3611 4407 ,

1978 4442 2100 4496 vilis
2127 4443 2382 4505 creditur,
2413 4442 2459 4503 si
2492 4456 2600 4495 non
2626 4455 2692 4495 ex
2740 4440 2853 4509 ipsa
2905 4442 3217 4497 intentionis
3245 4457 3357 4497 suae
3386 4446 3572 4501 radice

1977 4543 2248 4601 pensctur.
2286 4518 2432 4606 [νει.
2458 4529 2718 4603 [για]
2753 4531 3048 4601 Flagellato
3087 4534 3338 4590 videlicet
3382 4536 3570 4608 loque-

1980 4627 2157 4692 batur,
2204 4628 2365 4695 quiet
2416 4627 2774 4693 percussiouis
2794 4626 3017 4681 verbera
3042 4639 3341 4698 acceperat,
3366 4639 3421 4685 et
3440 4646 3571 4686 cau-

272 4721 413 4775 bene
440 4721 658 4789 quidam
690 4721 906 4790 sapiens
931 4718 1069 4774 dixit
1099 4736 1114 4772 :
1149 4716 1281 4771 usus
1301 4725 1471 4770 autem
1492 4720 1576 4769 det
1601 4714 1736 4769 Dens
1761 4715 1871 4768 [seu
1900 4742 1954 4801 Β
1980 4731 2068 4772 sas
2098 4717 2384 4772 verberum
2410 4717 2706 4773 nesciebat.
2725 4717 2928 4773 Idcirco
2947 4734 3077 4790 ergo
3106 4721 3316 4777 intulit:
3337 4722 3571 4793 Respon-

270 4814 451 4867 dicere
473 4813 817 4867 “sententia
838 4810 996 4883 (Sep.
1031 4824 1125 4877 vn,
1150 4809 1267 4881 15).
1294 4808 1583 4864 Sententia
1602 4810 1799 4897 quippe
1836 4804 1867 4859 ai
1978 4809 2105 4861 dabo
2132 4808 2223 4862 tibi
2276 4807 2417 4878 quod
2443 4810 2614 4877 iunior
2642 4809 2707 4861 sit
2735 4807 2877 4863 Dens
2908 4810 3131 4878 homine,
3164 4821 3223 4867 ut
3272 4814 3570 4883 ﬂagellatus

250 4920 439 4962 sensu
463 4913 783 4962 vocata-est.
813 4905 885 4961 Et
909 4913 1055 4961 recta
1094 4920 1217 4975 quae
1236 4903 1508 4972 intelligit,
1528 4918 1634 4957 non
1657 4916 1723 4957 ex
1752 4902 1867 4955 sola
1978 4901 2140 4957 homo
2165 4901 2516 4956 considerans
2542 4901 2665 4969 quia
2694 4901 2785 4956 illo
2810 4903 2983 4974 major
3012 4915 3095 4961 est
3129 4906 3290 4975 Deus,
3326 4907 3380 4961 iu
3408 4923 3568 4964 omne

272 5001 522 5067 scientia,
551 5000 651 5057 sed
702 5000 863 5057 etiam
891 5016 957 5055 ex
1004 5000 1273 5056 sententia
1302 4998 1487 5059 dicere
1524 4999 1747 5068 appetit,
1776 4996 1868 5066 qui

276 5105 622 5162 nequaquam
672 5091 1041 5146 tantummodo
1103 5090 1331 5145 sciendo
1354 5088 1558 5156 dicere,
1591 5086 1686 5143 sed
1737 5101 1866 5142 sen-

272 5185 465 5242 tiendo
490 5184 765 5241 desident
792 5183 1029 5254 experiri
1059 5184 1203 5255 quod
1219 5182 1373 5239 dicit.
1400 5182 1507 5238 Sed
1537 5196 1689 5236 utens
1716 5195 1868 5235 arro-

270 5281 527 5351 gantium
569 5280 836 5336 dictorum
882 5294 1103 5335 suorum
1159 5293 1378 5335 senm
1434 5291 1541 5332 non
1598 5284 1860 5346 penetrat,

216 5372 237 5377 ³
270 5377 402 5449 quia
432 5378 502 5433 ab
529 5376 744 5437 interno
764 5384 944 5446 gustu,
974 5382 1125 5431 recte
1148 5373 1353 5443 indicio
1380 5371 1408 5411 δ
1436 5373 1490 5427 in
1527 5386 1621 5427 eos
1652 5372 1863 5426 favores

348 5542 381 5608 .-~
406 5533 811 5608 obesum-
832 5546 863 5586 ο
887 5526 1267 5608 ualuimu-
1288 5537 1343 5608 s
1366 5529 1507 5608 ρων.
1571 5598 1600 5608 _.

348 5603 375 5641 δ
406 5604 641 5668 Editi,in
661 5620 744 5658 eos
773 5607 971 5671 furores
1000 5600 1274 5668 redigitur.
1292 5597 1707 5654 Prclueentibus
1734 5597 1861 5671 Mss.

270 5676 518 5744 Λιιειίιη
546 5668 997 5744 ΝθνιιιηΒιιιιιι,
1024 5671 1344 5744 ϐοηθηριςη
1372 5671 1696 5725 mutavimus
1726 5668 1863 5744 redi-

269 5740 411 5814 gitur
440 5747 491 5798 in
522 5740 875 5809 reliditur;ex
896 5758 1005 5812 quo
1030 5742 1346 5811 exquisitior
1374 5755 1566 5814 sensus
1594 5742 1855 5814 sequitur.

1976 4995 2117 5063 «tueri
2148 4996 2348 5063 patitur
2369 4995 2485 5063 ejus
2510 4995 2711 5064 judicio
2739 5011 2799 5052 se
2838 5008 3145 5068 postponat,
3167 5009 3190 5036 θ
3220 5015 3327 5071 quo
3357 5016 3417 5057 se
3462 5003 3565 5055 mi-

1974 5102 2163 5143 norem
2198 5100 2321 5161 esse
2348 5100 2455 5141 non
2483 5085 2724 5152 dubitat;
2747 5096 2808 5142 et
2832 5089 2975 5158 quod
3015 5105 3045 5141 a
3093 5092 3314 5146 meliore
3344 5092 3562 5160 patitur,

1973 5180 2175 5249 justum
2201 5179 2408 5247 credat,
2433 5179 2594 5233 etiam
2615 5179 2662 5232 si
2682 5178 2923 5249 eiusdem
2934 5180 3164 5250 iustitia:
3187 5197 3379 5238 causas
3404 5183 3560 5253 ignoo

1974 5284 2077 5329 rat.
2101 5275 2353 5345 Quisquis
2372 5276 2531 5328 etiam
2563 5290 2659 5344 pro
2690 5287 2910 5345 meatu
2939 5279 3252 5349 percutitur,
3278 5278 3381 5334 nisi
3408 5294 3559 5334 mur-

1972 5368 2233 5422 muraudo
2260 5368 2539 5433 renitatur,
2569 5383 2636 5424 eo
2652 5372 2769 5435 ipso
2790 5368 2900 5437 jam
2925 5368 3100 5438 justus
3125 5384 3245 5427 esse
3292 5369 3450 5443 7‘7
3475 5370 3561 5425 in-

1977 5521 2177 5578 occulta
2202 5520 2459 5589 capiatur,
2482 5519 2736 5584 obscuro,
2763 5533 2831 5587 ne
2854 5519 3051 5584 dicam,
3088 5520 3237 5576 nullo
3263 5536 3450 5578 sensu.

2041 5592 2067 5630 ἀ
2098 5593 2319 5646 Recent.
2360 5604 2369 5638 ε
2400 5590 2478 5653 d.,
2510 5590 2634 5659 quid
2662 5590 2854 5655 iuvent,
2879 5593 3020 5659 quod
3059 5605 3223 5646 sensu
3250 5604 3415 5649 caret.
3449 5594 3557 5650 Me-

1967 5665 2071 5720 lius
2121 5664 2175 5719 in
2227 5661 2353 5715 Mss.
2402 5661 2584 5729 Augl.,
2628 5660 2838 5724 Nomm,
2872 5660 3124 5726 Viudoc.,
3181 5662 3388 5729 Belua,
3420 5674 3554 5730 etc.,

1962 5736 2086 5803 quid
2110 5736 2298 5797 virent,
2332 5732 2433 5806 hoc
2461 5740 2543 5806 est
2567 5746 2668 5806 qua
2699 5730 2908 5806 ratione
2937 5731 3099 5806 vitam
3143 5747 3468 5806 componant
3500 5747 3556 5793 et

267 5801 617 5886 Sigtiiticatur
661 5801 803 5886 enim
828 5801 1194 5886 arrogantium
1230 5812 1563 5886 tuante-ad
1595 5801 1857 5886 humanos
1962 5801 2267 5886 insutuaut;
2288 5801 2617 5886 quod-etiam
2656 5801 2854 5884 habent
2885 5811 2991 5860 vet.
3017 5803 3117 5883 Ed.

268 5885 493 5944 [axona
508 5886 705 5944 auibus
730 5885 900 5940 inhiat
926 5896 975 5940 ta

343 5967 369 5998 ο
405 5953 653 6023 Vindoc.,
702 5956 908 6022 Baluz.,
931 5953 1008 6012 Co

1204 5883 1277 5939 ad
1302 5884 1581 5952 scopulum
1608 5882 1777 5937 nitidi.

2033 5887 2056 5916 ⁸
2082 5877 2157 5935 ιω
2202 5875 2393 5933 melius
2420 5872 2546 5927 Mss.
2578 5887 2739 5942 quam
2773 5876 2854 5929 cui
2883 5892 2936 5931 se
2957 5875 3224 5941 minorem,
3253 5888 3310 5933 ut
3366 5888 3560 5948 regitur

1131 5964 1187 6012 α
1232 5956 1379 6025 plur.
1401 5948 1616 6019 Nam,
1645 5955 1733 6023 qui
1782 5952 1851 6005 ad
1960 5951 2010 6003 iu
2042 5948 2139 6001 Ed.
