4024 6352
554 400 651 457 ξ71

1775 398 2022 455 SANCTI
2064 362 2393 453 GRECORII
2430 394 2644 451 MAGNI

3697 400 3788 459 272.

555 514 752 579 cboat,
784 529 889 585 quo
943 512 1186 569 ferientis
1228 512 1487 581 justitiam
1532 526 1634 567 non
1684 521 1919 567 accusat.
1967 512 2138 567 llomo
2165 515 2212 571 A
2239 509 2435 579 gimur,
2463 507 2653 580 singuli
2686 508 2869 565 audire
2899 524 3015 564 eam
3042 511 3243 581 privata
3275 511 3631 570 consolatione
3654 532 3786 586 qua).

554 618 787 675 namque
817 604 917 658 sub
962 602 1072 657 Deo
1101 612 1182 656 est
1228 603 1495 668 conditus,
1520 613 1573 657 et
1600 602 1663 656 ad
1705 603 2024 658 conditionis
2050 616 2139 657 or-

553 693 730 751 dinem
753 694 911 758 redit,
937 692 1147 763 quando
1178 693 1277 746 sibi
1300 694 1601 761 aequitatem
1623 693 1817 763 judicis
1840 694 1943 758 sui,
1975 692 2137 748 etiam

550 799 711 853 quam
760 800 866 837 non
919 784 1205 854 intelligit“,
1238 786 1531 853 anteponit.
1562 784 1707 840 Bene
1733 800 1859 855 ergo
1901 786 2093 839 dicitur
2121 802 2134 837 :

563 871 895 943 Respondebo
925 872 1016 925 tibi
1043 873 1180 942 quod
1209 876 1375 945 major
1397 876 1462 929 sit
1512 874 1648 929 Deus
1680 875 1900 943 homine,
1929 884 1988 930 ut
2012 890 2140 932 cou-

548 964 779 1019 siderata
832 966 1064 1033 potentia
1100 966 1372 1020 creatoris
1397 1009 1411 1031 ,
1447 966 1714 1021 deferveat
1740 976 1915 1021 tumor
1943 968 2140 1024 mentis

551 1072 648 1125 per
667 1059 981 1113 memoriam
998 1057 1338 1114 conditionis.
1356 1059 1507 1114 Unde
1528 1060 1689 1114 David
1713 1060 1991 1130 propheta,
2016 1076 2140 1115 cum

554 1150 919 1218 percussionis
972 1151 1211 1219 pondere
1271 1151 1322 1205 in
1375 1165 1651 1205 excessum
1681 1150 1827 1206 vocis
1855 1165 2141 1220 erumpere
2188 1145 2210 1174 ‘

547 1253 848 1312 cogeretur,
873 1242 1437 1298 ad‘considerationem
1469 1253 1493 1279 ει
1512 1243 1955 1299 conditionissua:
1978 1259 2037 1298 se
2059 1258 2138 1298 re-

547 1338 828 1407 colligens,
858 1340 929 1393 ait
966 1356 978 1391 :
1013 1340 1276 1405 Obmutui,
1305 1349 1355 1393 et
1386 1355 1489 1393 non
1514 1339 1693 1408 aperui
1720 1356 1774 1393 os
1797 1355 1981 1403 meum,
2003 1355 2138 1408 quo-

549 1430 688 1482 niam
703 1440 758 1481 tu
781 1432 940 1501 fecisti
954 1446 1032 1483 me
1056 1429 1226 1501 (Psal.
1250 1447 1469 1497 xxxvm,
1488 1430 1567 1500 5).
1586 1430 1995 1500 Ρθηεθνίιξθιιίιη
2010 1445 2140 1486 con-

547 1520 769 1577 ditionis
781 1538 892 1578 sua:
907 1524 1172 1591 ordinem,
1200 1523 1518 1594 etjustitiam
1536 1524 1894 1594 percussionis
1918 1522 2137 1588 invenit,

547 1618 671 1686 quia
694 1618 782 1687 qui
809 1617 1035 1687 benigne
1056 1635 1179 1673 eum
1204 1620 1290 1688 qui
1312 1634 1416 1674 non
1442 1628 1557 1673 erat
1577 1617 1837 1681 condidit.
1869 1631 1990 1671 eum
2021 1631 2142 1686 pro-

547 1709 686 1766 fecto
724 1713 814 1779 qui
846 1719 963 1765 erat
986 1727 1090 1765 non
1125 1712 1226 1769 nisi
1251 1710 1395 1779 juste
1444 1711 1726 1780 percussit.
1762 1709 2018 1777 Sequitur
2052 1725 2063 1760 :

978 1801 1204 1857 CAPUT
1252 1802 1373 1856 XIX
1402 1801 1552 1877 [Rec.
1576 1799 1705 1873 x1].
1876 1790 1911 1867 γ’

544 1989 609 2040 ad
630 1988 802 2041 omnia
827 1987 974 2041 verba
990 1988 1310 2056 responderit
1333 1990 1443 2042 tibi.
1463 1988 1490 2026 δ
1516 1988 1686 2044 Semel
1713 1987 1944 2058 loquetur
1969 1986 2131 2055 Deus,

546 2090 591 2133 et
620 2080 844 2134 secundo
876 2078 1099 2146 idipsunt
1121 2096 1225 2132 non
1246 2089 1453 2151 repetet.

614 2170 702 2223 54.
735 2169 803 2224 In
834 2171 1108 2239 Scriptura
1132 2187 1279 2228 sacra
1307 2172 1558 2242 quidquid
1586 2188 1718 2227 scire
1744 2188 1836 2226 nos
1862 2173 2020 2237 decet,
2045 2173 2134 2225 do-

544 2275 619 2318 cet
655 2263 810 2318 Deus.
843 2292 911 2303 —
937 2263 1134 2318 Aldicti
1165 2264 1345 2318 cordis
1374 2271 1459 2319 est
1498 2264 1773 2334 proprium
1806 2273 1863 2317 ut
1893 2264 1947 2318 in
1977 2278 2137 2320 omne

545 2357 684 2428 quod
730 2358 952 2426 appetit,
986 2366 1041 2411 et
1072 2366 1249 2412 tamen
1307 2373 1488 2412 rerum
1519 2358 1761 2411 ordinem
1802 2346 2135 2411 Contrarium

544 2447 733 2511 sentit,
764 2448 811 2502 si
842 2448 1012 2517 possit
1037 2448 1174 2514 ﬁeri,
1197 2464 1292 2503 cur
1323 2449 1417 2517 ita,
1450 2450 1530 2503 vel
1560 2466 1667 2504 non
1714 2452 1785 2503 ita
1817 2450 1917 2514 sit,
1941 2450 2138 2504 divinis

546 2539 645 2593 sibi
681 2540 995 2610 responderi
1040 2541 1261 2596 vocibus
1294 2542 1521 2611 t‘elit,ut
1554 2542 1719 2597 Deum
1751 2542 1819 2597 de
1837 2552 2031 2597 cuncta
2055 2557 2141 2597 re-

549 2648 667 2685 rmn
699 2636 1067 2689 controversia
1090 2636 1358 2701 consulat,
1382 2646 1436 2691 et
1466 2636 1833 2706 responsiOnis
1888 2639 2005 2707 ejus
2048 2652 2140 2692 co-

545 2724 692 2793 gnita
747 2725 955 2780 ratione
1022 2728 1387 2798 conquiescat.
1424 2729 1541 2782 Elin
1599 2737 1776 2784 autem
1834 2729 2138 2798 praevidens

545 2820 685 2888 quod
720 2819 1039 2889 scripturam
1064 2836 1273 2885 sacram
1308 2822 1570 2878 Dominus
1600 2823 1877 2883 Conderet.
1912 2834 1968 2877 ut
1999 2823 2050 2876 in
2075 2838 2139 2877 ea

547 2914 629 2966 vel
661 2913 888 2983 publicis
918 2916 999 2971 vel
1023 2916 1251 2983 occultis
1282 2928 1595 2973 cunctorum
1640 2916 2026 2985 qnwstionibus
2054 2930 2140 2970 re-

546 3006 856 3075 sponderet,
888 3008 963 3061 ait
992 3023 1009 3063 :
1040 3008 1295 3063 Aduersus
1326 3026 1440 3063 eum
1472 3010 1760 3073 contendis,
1784 3012 2048 3078 quod/non
2072 3008 2141 3061 ad

549 3099 720 3152 omnia
749 3098 899 3152 verba
955 3100 1275 3168 responderit
1305 3102 1417 3155 tibi.
1450 3101 1622 3156 Semel
1649 3100 1885 3169 loquetur
1909 3096 2075 3166 Deus,’
2093 3108 2143 3154 et

547 3192 770 3245 secundo
794 3192 1023 3260 idipsum
1053 3210 1155 3247 non
1174 3203 1385 3263 repetet.
1410 3196 1489 3249 Ac
1519 3196 1561 3248 si
1593 3194 1843 3250 diceret-z
1876 3194 2016 3249 Deus
2038 3195 2141 3247 sin-

545 3285 789 3355 gulorum
837 3286 1087 3341 cordibus
1135 3288 1352 3355 privatis
1397 3288 1617 3344 vocibus
1663 3305 1771 3343 non
1824 3288 2137 3359 respondet,
2168 3277 2214 3341 C

549 3379 641 3434 sed
676 3380 779 3434 tale
826 3381 1093 3451 eloquium
1151 3385 1455 3448 construit,
1487 3392 1580 3453 per
1635 3384 1778 3453 quod
1827 3393 2138 3439 cunctorum

528 3464 929 3540 quaestionibus
981 3473 1296 3529 satisfaciat.
1348 3473 1493 3547 [Vet.
1523 3473 1709 3547 ΧΙΧ.]
1756 3475 1813 3528 lu
1860 3474 2143 3543 scriptura:

548 3566 748 3636 quippe
782 3565 903 3639 ejus
949 3567 1163 3638 eloquio
1196 3583 1388 3628 causas
1422 3577 1638 3624 nostras
1673 3569 1865 3640 singuli
1890 3570 1936 3624 si
1963 3572 2137 3639 requi-

546 3661 738 3725 rimus,
767 3659 1090 3725 invenimus,
1117 3677 1216 3717 ncc
1242 3677 1375 3731 opus
1398 3672 1479 3717 est
1511 3673 1566 3717 ut
1592 3663 1644 3717 in
1674 3678 1739 3717 eo
1769 3662 1908 3733 quod
1936 3663 2145 3731 Specia-

548 3747 671 3806 liter
712 3752 940 3821 quisque
960 3754 1155 3807 tolerat
1180 3755 1492 3822 responderi
1524 3755 1623 3809 sibi
1656 3754 1835 3809 divina
1868 3770 1997 3810 voce
2022 3769 2143 3823 spe-

551 3842 764 3897 cialiter
795 3853 1026 3913 quatrat.
1055 3845 1130 3901 lbi
1158 3848 1302 3901 enim
1326 3850 1480 3902 nobis
1519 3849 1772 3904 omnibus
1804 3854 1857 3904 in
1887 3866 1955 3905 eo
2003 3850 2142 3917 quod

548 3939 857 4007 specialiter
887 3941 1119 4009 patimur
1148 3941 1505 3995 communiter
1531 3942 1909 4011 respondetur,
1935 3941 2007 3996 ibi
2036 3941 2141 3996 vita

548 4030 963 4102 pracedentium
996 4032 1056 4086 ﬁt
1085 4033 1253 4089 forma
1279 4036 1642 4103 sequentium.
1676 4034 1744 4090 Ut
1765 4035 1908 4089 enim
1973 4050 2137 4091 unum

548 4123 591 4179 ε’
613 4123 853 4194 pluribus
884 4123 1244 4193 proferamus,
1275 4139 1403 4181 ecce
1426 4127 1552 4180 dum
1578 4126 1830 4195 passione
1854 4126 2030 4196 aliqua
2059 4127 2140 4182 vel

549 4216 794 4271 molestia
836 4216 1015 4271 carnis
1071 4216 1336 4271 allicimur
1366 4260 1380 4284 ,
1433 4218 1574 4273 scire
1618 4216 1849 4275 fortasse
1901 4221 2141 4276 occultas

552 4321 741 4362 causas
793 4306 1057 4376 passionis
1112 4307 1356 4377 ejusdem
1408 4309 1493 4363 vel
1560 4309 1821 4366 molestia:
1870 4320 2139 4380 Optamus,

548 4408 814 4470 quatenus
838 4400 890 4455 in
918 4415 984 4457 eo
1010 4399 1153 4469 quod
1186 4402 1424 4469 patimur
1463 4417 1528 4456 ex
1561 4402 1675 4470 ipsa
1706 4418 1886 4457 rerum
1920 4403 2140 4459 scientia

548 4495 913 4551 consolemur.
963 4494 1069 4551 Sed
1100 4490 1223 4565 quia
1265 4495 1334 4550 de
1378 4494 1701 4564 specialibus
1758 4494 2149 4569 tentationibus

548 4586 761 4643 nostris
783 4603 1122 4659 nequaquam
1156 4589 1311 4645 nobis
1341 4589 1565 4659 singulis
1590 4589 1892 4657 Specialiter
1920 4604 2143 4659 respon-

2245 617 2505 657 reremus.
2530 602 2648 657 Non
2687 617 2814 671 ergo
2870 603 3128 659 Dominus
3167 605 3233 658 ad
3273 605 3451 660 omnia
3472 606 3625 679 748
3650 612 3786 667 verba

2245 694 2397 749 nobis
2424 696 2736 763 reSpondet,
2768 694 2890 764 quia
2912 696 3068 751 semel
3097 698 3352 767 loquetur,
3372 707 3419 751 et
3441 700 3649 753 secundo
3672 703 3790 775 idip-

2243 800 2354 839 sum
2378 801 2477 840 non
2519 786 2826 854 repetet;id
2861 798 2962 854 est,
2998 790 3050 843 in
3107 790 3189 844 Itis
3215 806 3332 859 qua:
3363 804 3458 859 per
3496 791 3793 861 Scripturam

2241 889 2447 931 sacram
2484 879 2551 932 ad
2582 889 2757 947 patres
2787 891 2998 935 nostros
3036 876 3276 951 protulit,
3305 899 3402 940 nos
3430 874 3632 941 erudire
3655 903 3793 942 cura-

2245 968 2339 1021 vit.
2374 979 2395 1007 ο
2430 968 2618 1023 Dicant
2641 969 2819 1039 itaque
2847 982 3046 1027 sancta:
3074 974 3325 1029 Ecclesiae
3352 975 3614 1041 doctores,
3636 978 3799 1035 dicant

2243 1061 2405 1115 etiam
2443 1075 2780 1133 arrogantes,
2807 1080 2927 1120 cum
2958 1064 3007 1119 in
3040 1082 3104 1121 ea
3159 1067 3401 1124 laborare
3446 1070 3690 1135 quosdam
3719 1088 3798 1141 pu.

2242 1155 2605 1212 sillanimitate
2654 1160 3011 1227 conspiciunt,
3040 1161 3162 1229 quia
3214 1161 3366 1219 nobis
3396 1160 3536 1216 Deus
3574 1164 3634 1215 ad
3657 1164 3799 1219 verba

2243 1265 2421 1305 omnia
2453 1266 2557 1305 non
2608 1252 2913 1321 respondet,
2945 1256 3065 1323 quia
3097 1256 3250 1307 semel
3296 1255 3533 1322 loquetur
3578 1253 3734 1321 Deus,
3760 1267 3800 1311 et

2243 1345 2467 1417 idipsum
2498 1347 2721 1402 secundo
2766 1364 2871 1401 non
2912 1358 3135 1417 repetet;
3169 1349 3218 1402 id
3277 1357 3380 1415 est,
3417 1350 3803 1419 cogitationibus

2247 1439 2329 1493 vel
2359 1440 2747 1494 tentatiouibus
2767 1440 3098 1510 singulorum
3124 1454 3226 1495 non
3247 1440 3354 1509 jam
3382 1443 3574 1509 passim
3598 1456 3684 1509 per
3701 1457 3805 1510 pro-

2244 1531 2525 1601 phetarum
2560 1547 2754 1596 voces,
2787 1548 2891 1586 non
2924 1549 3016 1601 per
3061 1532 3302 1604 angelica
3334 1533 3507 1586 cilicia
3553 1532 3806 1599 Satisfacit,

2243 1622 2365 1692 quia
2390 1623 2443 1677 in
2474 1622 2748 1692 Scriptura
2774 1638 2924 1679 sacra
2955 1623 3214 1693 quidquid
3244 1633 3418 1703 potest
3459 1625 3675 1694 singulis
3700 1638 3807 1680 eve-

2244 1714 2362 1770 nire
2384 1716 2813 1786 comprebendit,
2838 1730 2997 1787 atque
3028 1717 3080 1770 in
3111 1718 3200 1772 illa
3242 1733 3335 1785 per
3361 1718 3605 1785 exempla
3634 1731 3808 1787 prace-

1876 1864 1877 1867 η
2164 1802 2171 1811 ’
2247 1806 2486 1860 dentium
2513 1809 2673 1862 etiam
2717 1809 2883 1863 vitam
2917 1809 3253 1877 sequentium
3286 1809 3579 1865 informare
3605 1808 3808 1864 curavit.

622 1893 785 1948 Vsus.
828 1893 915 1958 15,
961 1894 1046 1948 14.
1078 1922 1149 1934 -
1172 1893 1425 1948 Adversus
1440 1910 1551 1948 eum
1573 1893 1858 1957 contendis,
1877 1892 2013 1962 quod
2037 1907 2138 1945 non
2168 1896 2216 1957 B

2315 1898 2403 1953 55.
2422 1899 2584 1971 Loqui
2617 1900 2713 1956 Dei
2740 1912 2817 1957 est
2841 1902 3061 1956 Verbum
3086 1899 3663 1973 genuisse—Quamvis
3683 1900 3809 1970 quod

2237 1992 2312 2046 ait
2337 2010 2350 2045 :
2377 1992 2549 2048 Semel
2571 1994 2807 2063 loquetur
2834 1991 2999 2059 Deus,
3025 2004 3070 2048 et
3092 1994 3319 2048 secundo
3364 1995 3589 2063 idipsum
3620 2010 3716 2047 non
3743 2008 3811 2047 re-

2236 2095 2388 2158 petet,
2415 2086 2513 2141 hoc
2537 2085 2759 2156 intelligi
2791 2087 3039 2141 subtilius
3074 2095 3271 2154 potest,
3295 2086 3435 2156 quod
3466 2086 3622 2139 Pater
3644 2087 3812 2152 attige-

2238 2176 2408 2228 nitum
2464 2173 2975 2228 consubstantialem
3034 2173 3135 2226 sibi
3191 2172 3383 2227 Filimn
3427 2173 3632 2243 genuit.
3662 2171 3814 2241 Loqui

2238 2269 2382 2323 enim
2416 2268 2507 2323 llei
2537 2276 2619 2322 cst
2650 2267 2880 2322 Verbum
2920 2268 3187 2335 genuisse.
3218 2266 3398 2323 Semel
3455 2278 3634 2321 autem
3686 2266 3815 2335 loqui

2238 2356 2267 2397 ἀ
2295 2360 2387 2415 Dei
2433 2370 2514 2414 est
2546 2360 2779 2414 Verbum
2810 2361 2952 2416 aliud
2988 2373 3183 2428 pr.eter
3228 2359 3565 2432 unigenitum
3599 2378 3699 2417 non
3732 2361 3815 2414 Ita-

2239 2452 2387 2509 bere.
2417 2449 2570 2507 Unde
2624 2461 2679 2507 et
2728 2460 2854 2522 apte
2896 2453 3145 2507 subditur
3179 2470 3192 2506 :
3229 2452 3295 2505 Et
3354 2458 3584 2507 secundo
3613 2454 3816 2522 idipsum
3896 2456 3901 2463 ’

2241 2561 2345 2599 non
2375 2556 2586 2616 repetet,
2619 2545 2742 2615 quia
2772 2545 3021 2600 videlicet
3052 2546 3153 2600 hoc
3180 2546 3349 2615 ipsum
3383 2545 3648 2615 Verbum,
3677 2545 3723 2599 id
3751 2554 3819 2599 est

2244 2638 2461 2702 Filium,
2499 2638 2713 2694 nonnisi
2744 2638 2963 2693 unicum
2994 2640 3360 2710 genuit.Quod
3385 2649 3571 2694 autem
3619 2654 3718 2693 non
3737 2638 3817 2700 ait,

2243 2733 2470 2789 Locutus
2490 2743 2584 2797 cst,
2618 2736 2711 2787 sed
2756 2732 3015 2803 loquetur,
3041 2748 3145 2787 non
3172 2731 3426 2787 videlicet
3460 2743 3671 2803 tempus
3701 2745 3820 2800 prae

2243 2826 2482 2890 teritum,
2516 2836 2538 2863 υ
2564 2802 2655 2880 sed
2686 2802 2921 2880 futurum
2971 2839 3199 2894 ponens,
3222 2825 3388 2895 liquet
3442 2802 3693 2882 omnibus
3719 2824 3821 2892 quia

2250 2921 2359 2974 Deo
2411 2934 2511 2975 nec
2538 2920 2869 2989 praeteritum
2906 2927 3112 2989 tempus
3149 2920 3414 2989 congruit,
3449 2935 3552 2974 nec
3582 2920 3824 2973 futurum.

2244 3014 2418 3068 Tanto
2446 3028 2575 3084 ergo
2608 3014 2662 3068 ia
2712 3028 2778 3069 eo
2804 3013 3085 3084 quodlibet
3127 3021 3335 3084 tempus
3392 3014 3617 3083 ponitur
3656 3014 3824 3076 libere,

2243 3116 2445 3178 quanto
2503 3108 2703 3162 nullum
2738 3122 2886 3162 vere.
2920 3105 3107 3176 Neque
3156 3106 3298 3161 enim
3348 3107 3634 3176 quodlibet
3678 3105 3827 3159 libere

2244 3199 2351 3276 dici
2380 3208 2607 3269 poterat,
2630 3200 2674 3255 si
2715 3201 2901 3254 saltem
2936 3213 3097 3252 unum
3152 3196 3369 3269 proprie
3398 3198 3694 3255 diceretur.
3718 3194 3831 3249 lnda

2246 3293 2425 3364 itaque
2454 3294 2557 3348 dici
2586 3292 2637 3347 in
2666 3293 2778 3348 Deo
2809 3302 3020 3362 tempus
3056 3290 3076 3330 ί
3108 3292 3363 3347 audacter
3389 3294 3667 3361 quoslibet
3696 3292 3829 3356 licet,

2245 3389 2388 3442 unde
2414 3388 2467 3441 in
2491 3401 2558 3441 eo
2585 3386 2687 3441 dici
2715 3388 2935 3456 proprie
2958 3386 3160 3442 nullum
3184 3384 3327 3442 licet.
3348 3386 3593 3443 Verbum
3619 3376 3832 3456 namque

2246 3480 2403 3539 Pater
2432 3482 2549 3535 sine
2579 3488 2822 3550 tempore
2849 3479 3052 3549 genuit.

2318 3572 2406 3629 56.
2438 3572 2592 3627 Hanc
2634 3574 3009 3643 generationem
3058 3570 3237 3626 mirari
3280 3571 3552 3636 debemus,
3574 3588 3678 3626 non
3706 3585 3835 3625 scru-

2247 3665 2554 3721 tari.—Et
2602 3666 2719 3734 quis
2750 3665 2909 3735 digne
2957 3664 3055 3718 lari
3098 3673 3261 3735 queat
3316 3664 3466 3718 illam
3522 3661 3834 3719 ineffabilem

2247 3760 2773 3831 nativitatem,quod
2812 3759 2879 3814 de
2927 3770 3131 3814 interno
3187 3770 3343 3814 natus
3388 3771 3477 3815 est
3524 3769 3837 3817 constemus,

2246 3848 2389 3918 quod
2414 3850 2653 3902 existens
2680 3855 2806 3902 ante
2831 3848 3026 3901 saecula
3056 3847 3237 3918 genuit
3266 3848 3562 3918 aequalem,
3594 3845 3735 3916 quod
3764 3845 3836 3910 gi-

2247 3952 2444 4010 gnente
2476 3949 2630 3994 natus
2672 3939 2933 4007 posterior
2986 3954 3090 3994 non
3134 3940 3260 3995 est?
3290 3940 3423 4007 Quae
3455 3940 3717 3994 videlicet
3752 3947 3841 3989 nos

2248 4034 2433 4088 mirari
2465 4046 2776 4102 possumus,
2805 4032 2899 4088 sed
2936 4032 3135 4087 intueri
3161 4032 3383 4087 minime
3405 4034 3677 4087 valemus.
3709 4025 3841 4081 Illius

2246 4137 2423 4182 autem
2458 4124 2751 4181 nativitatis
2780 4127 2884 4179 vim
2910 4124 3021 4195 jam
3052 4125 3237 4180 mirari
3287 4139 3482 4195 posse,
3509 4125 3843 4194 aliquatenus

2249 4220 2432 4274 videre
2461 4228 2565 4274 est.
2596 4217 2700 4273 Sed
2732 4219 3003 4288 quomodo
3026 4218 3269 4275 videmus
3313 4222 3457 4290 quod
3505 4230 3839 4290 nequaquam

2247 4312 2799 4383 comprehendimus?
2822 4313 2918 4367 Est
2943 4322 3118 4368 autem
3152 4312 3292 4382 quod
3313 4312 3382 4367 de
3404 4326 3508 4368 usu
3538 4313 3721 4368 carnis
3742 4319 3843 4365 tra-

2248 4407 2379 4462 ltere
2422 4405 2489 4459 ad
2518 4419 2735 4459 sensum
2765 4404 2986 4474 spiritus
3008 4403 3288 4460 debemus.
3315 4402 3450 4458 Nam
3478 4407 3528 4471 si
3552 4404 3678 4476 quis
3697 4401 3749 4457 in
3773 4411 3845 4455 te-

2248 4499 2431 4554 nebris
2460 4499 2657 4555 clausis
2687 4499 2857 4554 oculis
2874 4495 3071 4567 jaceat,
3101 4507 3262 4568 atque
3286 4507 3412 4554 ante
3441 4512 3575 4556 eum
3615 4496 3848 4554 subitum

2250 4592 2485 4648 lucerna:
2515 4592 2693 4648 lumen
2745 4601 3013 4661 erumpat,
3045 4592 3214 4648 clausi
3262 4593 3381 4661 ejus
3409 4594 3562 4649 oculi
3611 4593 3731 4661 ipso
3768 4588 3848 4644 ad-

548 4680 725 4745 detur,
755 4681 821 4735 ad
854 4680 1186 4751 Scripturam
1235 4695 1440 4736 sacram
1474 4684 1817 4737 recurrimns.
1851 4682 1922 4734 Ibi
1955 4682 2141 4735 videli-
2250 4697 2410 4744 ventu
2447 4686 2663 4742 luminis
2694 4687 2977 4754 feriuntur,
3003 4694 3064 4741 ut
3112 4694 3409 4756 patescant.
3433 4688 3551 4744 Cur
3576 4702 3710 4759 ergo
3741 4695 3848 4740 tur-

549 4784 635 4830 cct
659 4777 958 4833 invenimus
980 4778 1122 4848 quod
1148 4778 1346 4833 Paulus
1373 4778 1553 4832 carnis
1577 4778 1888 4833 inﬁrmitate
1908 4788 2144 4834 tentatus

552 4872 761 4926 audivit
787 4890 799 4925 :
832 4874 1043 4943 Sufﬁcit
1076 4875 1162 4928 tibi
1217 4876 1387 4944 gratia
1414 4892 1546 4939 mea,
1578 4891 1697 4929 nam
1727 4875 1891 4930 uirtus
1919 4856 1970 4929 in
1996 4876 2143 4945 inﬁr-

475 4950 489 4989 ί
548 4965 732 5019 mitate
759 4966 1023 5041 perﬁcitur
1075 4964 1163 5036 (11
1188 4966 1308 5022 Cor.
1333 4985 1427 5032 xu,
1456 4967 1532 5039 9).
1560 4968 1710 5035 Quod
1762 4970 1958 5023 idcirco
1994 4969 2069 5023 illi
2092 4970 2145 5024 in

548 5058 862 5113 inﬁrmitate
912 5061 1125 5129 proptia
1172 5061 1373 5116 dictum
1424 5072 1526 5126 est,
1561 5077 1627 5116 ne
1656 5061 1962 5132 singillatim
1987 5060 2144 5117 nobis

545 5147 798 5204 omnibus
845 5149 1135 5206 diceretur.
1164 5152 1218 5205 In
1265 5152 1539 5221 Scriptura
1578 5154 1737 5222 igitur
1771 5165 1925 5207 sacra
1954 5166 2142 5207 vocem

549 5239 667 5308 Dei,
695 5242 898 5297 afﬂicto
926 5243 1111 5310 Paulo,
1135 5245 1459 5309 audivimus,
1494 5260 1562 5299 ne
1592 5260 1712 5299 cum
1736 5243 1963 5298 fortasse
2011 5242 2146 5297 allii—

620 5359 902 5433 “.AVindoe.
931 5370 984 5415 et
1012 5360 1233 5419 l‘ratel..
1266 5361 1568 5433 cognitionis
1596 5375 1725 5413 sum.
1800 5432 1805 5433 γ
1848 5346 1865 5373 ¹

616 5436 647 5477 b
671 5430 741 5485 lta
772 5433 1053 5501 legendum
1084 5447 1150 5487 ex
1178 5433 1300 5485 Mss.
1328 5430 1532 5500 Anglic.
1559 5439 1615 5484 et
1645 5432 1860 5486 nostris.
1887 5434 1941 5487 ln
1964 5437 2130 5501 κάη,

544 5505 698 5555 semel
721 5502 1066 5572 loquitur.....
1091 5520 1191 5555 non
1218 5507 1418 5571 repetit.
1449 5502 1638 5556 Nostra
1672 5502 1829 5555 lectio
1873 5505 2134 5561 llebraico

548 5573 718 5626 textui
747 5575 913 5643 magis
934 5575 1220 5627 concinere
1238 5576 1480 5635 videtur,
1508 5573 1557 5625 in
1583 5587 1688 5641 quo
1714 5573 1949 5627 futurum
1978 5592 2132 5631 usur-

549 5652 725 5712 patur,
757 5645 1010 5697 iednbber.
1037 5647 1281 5697 Attamen
1310 5645 1665 5715 llieronyinns
1689 5645 1865 5707 vertit,
1883 5648 2034 5715 semel
2059 5650 2136 5698 lo-

545 5714 740 5782 quitur.
755 5716 1016 5767 Ca-tt-rurn
1046 5726 1289 5766 sanetum
1312 5716 1624 5781 Gregorium
1652 5716 1843 5778 legi~se
1872 5714 2133 5783 loquetur,

550 5794 697 5851 patet
717 5799 783 5838 ex
810 5784 890 5837 Itis
910 5800 1029 5850 qua:
1050 5787 1297 5852 leguntur
1328 5785 1481 5846 intra,
1510 5802 1657 5839 num.
1688 5784 1778 5851 55,
1797 5789 1933 5854 qvod
1962 5799 2133 5841 autem

548 5870 653 5907 non
676 5855 757 5929 ait
778 5856 1109 5929 locutus‘e‘st,
1133 5856 1220 5906 sed
1252 5856 1517 5923 loquetur,
1544 5873 1647 5911 non
1674 5858 1903 5913 videlicet
1932 5868 2133 5929 tempus

551 5926 893 5991 praeteritum,
906 5924 995 5977 sed
1018 5924 1248 5990 futurum
1270 5940 1477 5986 ponens.

2249 4783 2355 4838 bati
2386 4782 2611 4863 sunt,.si
2656 4783 2826 4838 clausi
2876 4780 3008 4839 nibil
3047 4781 3342 4837 viderunt?
3394 4781 3512 4837 Nec
3543 4791 3729 4837 tamen
3760 4777 3849 4832 ali-

2250 4875 2376 4945 quid
2408 4876 2711 4947 perl‘ectum
2753 4875 2873 4943 fuit,
2896 4874 3039 4946 quod
3069 4873 3254 4929 videre
3300 4876 3474 4931 clausi
3494 4868 3847 4946 -potuerunt.

2249 4970 2381 5024 Nam
2412 4971 2459 5026 si
2492 4973 2727 5040 perfecte
2775 4979 2943 5025 totum
2990 4968 3267 5037 vidissent,
3293 4985 3391 5026 cur
3422 4972 3612 5040 aperti
3645 4983 3852 5041 qurere-

2251 5073 2372 5118 rent
2415 5063 2559 5133 quod
2588 5064 2871 5119 viderent?
2902 5064 2991 5120 Sic
3038 5065 3240 5133 itaque,
3265 5065 3343 5120 sic
3386 5079 3608 5130 sumus,
3643 5078 3767 5119 cum
3788 5062 3852 5117 de

2255 5157 2784 5226 incomprehensibili
2816 5156 3095 5213 nativitate
3115 5157 3310 5214 intueri
3336 5157 3546 5227 aliquid
3569 5171 3852 5216 conamur.

2254 5248 2333 5303 Eo
2356 5251 2471 5319 ipso
2500 5250 2643 5304 enim
2674 5258 2699 5296 8
2731 5266 2837 5319 quo
2865 5250 3091 5320 lulgoris
3137 5250 3502 5307 admiratione
3560 5258 3855 5324 percutitur

2319 5373 2341 5403 ε
2370 5363 2443 5418 lla
2500 5377 2621 5418 cum
2668 5361 2848 5429 Colb.,
2882 5364 3108 5430 'l‘nron.,
3162 5365 3375 5432 Norm.,
3426 5375 3573 5432 etc.,
3608 5377 3719 5423 vet.
3756 5365 3853 5420 Ed.

2240 5434 2412 5489 Paris.
2441 5436 2501 5507 In
2548 5436 2647 5490 Ed.
2677 5435 2817 5495 aliis.
2847 5434 3055 5489 Discant
3098 5438 3256 5507 igitur
3284 5438 3456 5490 sancti
3484 5440 3732 5493 doctores
3761 5436 3852 5492 Ec-

2239 5507 2427 5577 clesite.
2451 5506 2648 5577 discant
2671 5514 2719 5558 et
2746 5517 3068 5577 arrogantes,
3097 5506 3212 5561 cum
3239 5508 3378 5562 intra
3404 5516 3529 5563 eam
3558 5511 3819 5564 laborare.

2314 5575 2339 5612 ά
2370 5576 2528 5630 Deest
2557 5574 2653 5629 Dei
2684 5578 2733 5629 in
2769 5574 2912 5631 une.
2946 5585 3001 5631 ct
3034 5582 3168 5647 pler.
3203 5579 3392 5633 Norm.

2316 5648 2425 5722 flln
2462 5647 2588 5715 EtL,
2607 5664 2715 5722 nec
2743 5646 3316 5722 [uturum.‘_Contrario
3343 5663 3517 5706 sensu
3539 5651 3747 5722 legitur
3771 5646 3859 5705 sed

2241 5715 2291 5770 in
2325 5717 2447 5770 Mss.
2485 5720 2719 5786 Anglic.,
2744 5715 2956 5785 ’Norm.,
2987 5719 3143 5774 Colb.
3177 5731 3231 5775 et
3252 5721 3393 5777 aliis.
3599 5715 3628 5722 ⁷
3810 5748 3815 5751 -

2320 5785 2339 5826 τ
2374 5788 2429 5840 In
2461 5785 2661 5849 Editi‘
2678 5791 2970 5844 audaciter.

2319 5869 2344 5906 ις
2376 5859 2502 5915 Mss.
2531 5859 2717 5935 Narin.
2748 5872 2804 5917 et
2832 5859 3093 5935 nonnulli,
3123 5863 3264 5933 quod
3304 5864 3524 5935 fulgore
3551 5865 3863 5923 aanimi:-

2243 5930 2388 5984 nis...
2415 5931 2751 5998 quodyidere
2770 5946 2875 5987 non
2899 5933 3055 5992 valet.
