4066 6348
301 340 409 397 275

1020 330 1382 389 MORALIUM
1420 329 1549 387 LIB.
1592 329 1781 387 XXIII.
1823 359 1891 377 ν-
1932 328 1998 385 IN
2036 325 2264 385 CAPUT
2301 325 2525 397 XXXIII
2565 326 2626 384 Β.
2664 326 2807 384 JOB.

3470 334 3581 392 ΞΠ

302 438 544 501 animus,
578 439 635 489 et
657 430 810 502 quasi
857 428 1003 485 videt
1026 428 1169 499 quod
1216 426 1385 481 videri
1416 441 1526 482 non
1553 425 1713 493 valet,
1744 424 1894 481 velut
1918 426 1969 485 Α
1998 422 2067 477 cii
2107 421 2432 477 necessitate
2470 433 2757 493 coguntur,
2789 422 3034 480 studiose
3066 440 3280 497 semper
3307 428 3375 485 ad
3404 430 3587 490 cordis

304 531 361 586 iu
394 528 633 584 tenebris
660 524 884 592 positus,
910 522 1014 576 vim
1065 521 1200 575 lucis
1248 519 1419 574 oculis
1448 518 1646 573 clausis
1676 527 1703 555 ι
1727 516 1891 572 videt.

303 621 440 688 Quia
472 633 601 673 vero
628 616 789 688 749
824 619 937 669 hac
962 612 1157 668 divime
1194 622 1397 665 natura:
1428 620 1634 665 secreta
1664 610 1895 663 admira-

304 713 386 768 tio
417 728 527 767 non
555 712 709 764 facile
736 708 1010 777 occupatis
1033 721 1126 775 per
1150 714 1363 760 terrena
1394 703 1660 758 desideria
1692 702 1893 759 menti-

303 804 407 859 bus
449 799 757 866 inualescit,
791 798 817 836 δ
857 808 980 867 apte
1029 798 1120 852 Dei
1176 796 1376 852 locutio
1415 794 1645 866 qualiter
1682 796 1747 851 ad
1797 808 1896 850 nos

304 898 403 952 ﬁat
428 896 680 959 insinuat,
711 893 895 947 dicens
923 907 939 944 :

574 1009 800 1066 CAPUT
839 1008 938 1063 XX
966 1007 1110 1081 (Vel.
1136 1006 1263 1073 XX,
1294 1006 1418 1061 Rec.
1446 1004 1610 1076 XII].

377 1131 546 1187 Vens.
565 1124 833 1183 iii—Per
848 1125 1102 1179 somnium
1122 1123 1175 1175 in
1197 1122 1385 1176 visione
1406 1119 1899 1191 nocturna,quando

309 1223 469 1279 irruit
496 1237 651 1291 sopor
669 1235 819 1289 super
850 1217 1100 1281 homines,
1134 1224 1180 1270 et
1205 1215 1463 1268 dormiunt
1493 1213 1546 1265 in
1571 1213 1774 1265 lectulo.

376 1333 467 1389 57.
520 1331 635 1386 Vox
666 1330 760 1384 Dei
803 1329 1018 1383 auditur
1061 1327 1270 1397 quando
1318 1304 1600 1394 tranquilla
1642 1332 1806 1376 mente
1838 1324 1902 1376 ab

306 1427 550 1498 aperibus
592 1423 928 1481 saecularibus
970 1422 1271 1493 quiescitur.
1323 1449 1392 1459 —
1436 1417 1570 1485 Quid
1621 1426 1704 1471 est
1759 1416 1902 1484 quod

304 1538 406 1593 per
434 1520 705 1575 Somnium
728 1517 881 1571 nobis
906 1511 1433 1583 locutiodivinitatis
1462 1508 1771 1573 inualescit,
1798 1507 1903 1563 nisi

304 1615 451 1687 quod
500 1612 598 1669 Dei
643 1619 853 1665 secreta
907 1622 1014 1663 nou
1064 1603 1457 1675 cognoscimus,
1508 1603 1551 1655 si
1596 1602 1645 1655 iu
1677 1599 1903 1655 terrenis

304 1707 591 1765 desideriis
621 1702 936 1773 vigilemus?
971 1701 1026 1756 In
1055 1700 1266 1755 somnio
1290 1698 1429 1752 enim
1453 1697 1752 1752 exteriores
1780 1710 1904 1749 sen-

304 1815 400 1855 sus
426 1798 721 1863 dormiunt,
743 1805 798 1851 et
826 1792 1081 1849 interiora
1111 1800 1421 1847 cernuntur.

311 1888 673 1961 contemplari
714 1887 982 1950 volumus,
1026 1884 1094 1937 ab
1135 1893 1356 1937 externa
1388 1880 1750 1948 implicatione
1778 1879 1901 1933 dor-

312 1983 563 2037 miamus.
608 1978 722 2032 Vox
754 1977 1008 2032 videlicet
1048 1974 1142 2029 Dei
1174 1973 1325 2044 quasi
1367 1988 1461 2041 per
1504 1972 1771 2025 somnium
1805 1987 1902 2027 au-

314 2074 475 2138 ditur,
525 2069 741 2141 quando
786 2068 1072 2138 tranquilla
1100 2076 1281 2122 mente
1312 2064 1380 2118 ab
1412 2063 1572 2134 hujus
1598 2062 1777 2118 smcnli
1811 2072 1911 2118 ac-‘

313 2167 458 2220 tione
506 2162 826 2233 quiescitur,
867 2171 921 2216 et
963 2159 1016 2214 in
1060 2159 1179 2228 ipso
1223 2152 1678 2211 rnentis‘silentio
1725 2153 1904 2208 divina

310 2266 581 2326 prmcepta
627 2263 940 2326 pensantur.
974 2253 1106 2305 Cum
1142 2249 1284 2303 etaim
1320 2248 1386 2301 ab
1415 2247 1653 2301 externis
1680 2244 1909 2299 actioni-

311 2349 414 2405 bus
463 2363 616 2403 meus
661 2347 888 2416 sepitur,
948 2353 1073 2398 tunc
1128 2341 1340 2411 plenius
1389 2339 1759 2395 mandatorum
1812 2339 1903 2394 Dei

313 2439 529 2511 pondus
578 2438 903 2509 agnoscitur.
953 2435 1106 2490 Tunc
1152 2432 1317 2489 verba
1348 2432 1441 2486 Dei
1480 2446 1631 2486 ruens
1675 2430 1908 2484 vivacius

312 2541 581 2606 penetrat,
623 2545 745 2585 cum
774 2529 840 2583 ad
873 2543 932 2584 se
962 2512 1252 2581 admittere
1283 2540 1536 2579 curarum
1565 2523 1905 2579 saecularium

318 2625 583 2682 tumultus
624 2631 857 2678 recusat.
889 2620 1022 2674 Male
1049 2630 1227 2674 autem
1262 2617 1426 2672 homo
1456 2616 1658 2687 vigilat,
1694 2615 1908 2684 quando

320 2735 444 2774 eum
472 2715 806 2773 sascularium
834 2715 1169 2784 negotiorum
1196 2722 1361 2766 mstus
1388 2711 1680 2764 insolenter
1702 2710 1910 2780 inquie-

314 2820 414 2865 tat.
446 2810 647 2864 Aurem
679 2806 881 2877 quippe
919 2803 1099 2859 cordis
1146 2811 1482 2856 terrenarum
1520 2799 1907 2869 cogitationum

315 2902 473 2957 turba
526 2900 652 2955 dum
694 2898 986 2969 perstrepit
1030 2895 1249 2960 claudit,
1308 2902 1468 2961 atque
1508 2892 1560 2945 in
1613 2891 1910 2947 secretario

317 2993 542 3059 mentis,
568 2998 766 3061 quanto
789 2989 965 3043 minus
997 3002 1246 3061 curarum
1276 2978 1714 3038 tumult‘uantium
1746 2997 1910 3038 sonus

315 3084 702 3155 compescitur,
754 3091 901 3137 tanto
933 3080 1163 3149 amplius
1195 3090 1295 3132 vox
1328 3075 1666 3147 praesidentis
1712 3076 1910 3147 judicis

1997 522 2207 570 secreta
2248 514 2552 584 refugiunt;
2600 516 2781 584 ibique
2820 518 3159 587 cogitationis
3188 521 3390 579 intima:
3416 540 3585 582 cacu-

2001 626 2122 668 men
2168 611 2487 678 ascendunt,
2531 623 2585 666 et
2630 614 2803 683 legem
2840 618 2989 685 quasi
3024 618 3075 672 in
3103 598 3381 677 montibus
3411 623 3590 691 perci-
3668 663 3672 667 -

1999 705 2172 773 piunt,
2209 702 2360 771 dum,
2391 705 2703 774 postpositis
2739 709 3053 765 tumultibus
3078 713 3347 769 actionum
3375 725 3590 786 tempo-

1998 797 2225 861 ralium,
2284 798 2337 852 in
2393 800 2869 869 contemplationis
2922 820 3035 859 sua:
3086 808 3288 863 vertice
3340 822 3592 880 supernae

1996 895 2292 950 voluntatis
2337 897 2662 950 sententiam
2692 907 3118 967 perscrutantur.
3172 901 3307 971 Hinc
3337 912 3421 960 est
3446 904 3593 974 quod

2001 988 2145 1045 idem
2185 989 2397 1059 Moyses
2425 990 2616 1045 crebro
2657 990 2725 1046 de
2765 994 2927 1047 rebus
2970 994 3148 1050 dubiis
3176 994 3243 1050 ad
3276 998 3595 1053 tabernacu-

2001 1080 2110 1136 lum
2154 1081 2335 1147 redit,
2382 1082 2563 1151 ibique
2607 1094 2818 1140 secreto
2865 1086 3146 1142 Dominum
3214 1090 3481 1159 consulit,
3538 1100 3605 1161 et,

2005 1184 2029 1212 ε
2053 1174 2178 1251 quid
2207 1175 2340 1229 certi
2360 1174 2618 1231 decernat
2647 1181 2917 1248 agnoscit.
2944 1179 3165 1238 Relictis
3195 1183 3393 1253 quippe
3421 1185 3597 1240 turbis

2004 1265 2069 1318 ad
2113 1265 2515 1322 tabernaculum
2563 1268 2761 1335 redire,
2797 1282 2900 1336 est,
2932 1273 3244 1340 postpositis
3265 1275 3594 1331 exteriorum
3662 1288 3667 1329 ἱ

2008 1358 2346 1422 tumultibus,
2395 1371 2665 1414 secretum
2699 1362 2899 1415 mentis
2940 1363 3157 1417 intrare.
3203 1363 3280 1420 Ibi
3317 1366 3458 1420 enim
3495 1366 3598 1422 Do-

2005 1451 2184 1505 minus
2206 1451 2526 1516 consulitur,
2562 1454 2775 1523 etquod
2810 1454 2941 1510 foris
2966 1455 3231 1525 agendum
3254 1466 3335 1511 est
3362 1458 3595 1525 publice,

2010 1545 2155 1599 intus
2202 1544 2429 1599 silenter
2477 1545 2713 1602 auditur.
2761 1549 2881 1603 lIoc
2911 1548 3149 1617 quatidie
3184 1550 3308 1605 boni
3356 1559 3595 1608 rectores
3664 1560 3674 1609 “.

2007 1633 2231 1699 faciunt,
2288 1651 2411 1690 cum
2453 1652 2512 1691 se
2561 1653 2647 1693 res
2698 1638 2888 1694 dubias
2927 1641 3237 1698 discernere
3281 1658 3386 1697 non
3436 1658 3597 1711 posse
3662 1636 3666 1639 ’

2009 1739 2362 1798 cognoscunt,
2394 1729 2459 1783 ad
2496 1741 2762 1785 secretum
2796 1734 3014 1800 mentis,
3048 1736 3194 1789 velut
3218 1735 3284 1789 ad
3325 1734 3598 1805 quoddam

1452 1791 1896 1895 δ’μθνξξηωθξξη
1929 1805 1978 1866 Β
2007 1820 2408 1876 tabernaculum
2466 1831 2842 1888 revertuntur;
2899 1825 3078 1878 divina
3128 1825 3243 1895 lege
3288 1790 3596 1894 perspecta.

2009 1915 2161 1983 quasi
2202 1929 2385 1968 coram
2446 1914 2617 1982 posita
2659 1930 2801 1981 arca,
2851 1915 3136 1971 Dominum
3186 1923 3493 1984 consulunt,
3548 1927 3607 1976 et

2010 2007 2151 2076 quod
2202 2006 2353 2077 prius
2397 2006 2537 2062 intus
2587 2017 2830 2064 tacentes
2876 2009 3123 2074 audiunt,
3152 2011 3256 2066 hoc
3286 2011 3419 2066 foris
3452 2018 3602 2081 post-

2009 2100 2222 2155 modum
2274 2109 2495 2171 agentes
2545 2102 2907 2158 innotescunt.
2962 2101 3031 2159 Ut
3065 2104 3209 2158 enim
3239 2103 3599 2160 exterioribus

2009 2193 2203 2250 ofliciis
2242 2195 2503 2249 inoffense
2551 2196 2877 2263 deserviant,
2913 2197 2979 2251 ad
3024 2208 3230 2253 secreta
3291 2199 3468 2255 cordis
3513 2214 3604 2255 re-

2010 2300 2227 2342 currere
2254 2287 2646 2347 incessabiliter
2664 2301 2888 2355 curant;
2911 2298 2964 2345 et
2994 2291 3073 2345 sic
3103 2301 3287 2347 vocem
3333 2290 3426 2348 Dei
3452 2294 3606 2367 quasi

2011 2391 2108 2446 per
2156 2377 2419 2431 somnium
2449 2378 2691 2444 audiunt,
2743 2380 2870 2434 dum
2906 2380 2961 2435 in
3006 2381 3361 2439 meditatione
3409 2386 3607 2441 mentis

2014 2470 2178 2541 750
2204 2466 2231 2506 ά
2258 2486 2287 2523 a
2311 2470 2611 2525 carnalibus
2646 2472 2879 2527 motibus
2909 2473 3309 2530 abstrahuntur.
3354 2474 3488 2530 Hinc
3526 2485 3607 2531 est
3662 2452 3666 2461 Ι

2011 2563 2152 2631 quod
2208 2576 2404 2630 sponsa
2447 2562 2500 2617 in
2540 2552 2774 2623 Cantiejs
2818 2567 3147 2621 canticorum
3192 2568 3377 2635 sponsi
3423 2582 3609 2623 vocem

2012 2653 2162 2722 quasi
2195 2668 2290 2722 per
2318 2654 2583 2708 somnium
2606 2655 2883 2721 audierat,
2914 2672 3032 2727 qua:
3061 2658 3310 2713 dicebat:
3341 2656 3455 2729 Ego
3485 2660 3598 2712 dor-

2011 2747 2133 2812 mio,
2166 2754 2212 2799 et
2243 2761 2332 2799 cor
2373 2746 2751 2817 meum‘vigilat
2780 2746 2956 2817 (Cant.
2991 2764 3041 2815 v,
3065 2748 3145 2818 2).
3176 2753 3252 2803 Ac
3280 2751 3323 2802 si
3355 2749 3563 2804 diceret
3589 2767 3606 2804 :

2015 2838 2146 2891 Dum
2172 2840 2470 2893 exteriores
2497 2854 2691 2893 sensus
2712 2840 2778 2893 ab
2808 2840 2962 2908 hujus
2991 2842 3111 2895 vit.e
3153 2842 3605 2898 sollicitudinibus

2013 2929 2185 2996 sopio,
2236 2937 2455 2981 vacante
2484 2937 2663 2983 mente
2692 2929 2929 2984 vivacius
2957 2928 3165 2985 interna
3189 2947 3475 3000 cognosco.
3500 2931 3610 2988 Fo-

2014 3019 2086 3074 ris
2125 3020 2353 3083 dormio,
2397 3020 2490 3075 sed
2514 3022 2657 3075 intus
2672 3037 2766 3075 cor
2792 3022 2994 3092 vigilat,
3028 3025 3148 3093 quia
3178 3026 3304 3079 dum
3334 3027 3609 3084 exteriora

2014 3115 2164 3183 quasi
2196 3129 2301 3168 non
2334 3117 2509 3169 sentio
2534 3158 2548 3181 ,
2580 3116 2833 3171 interiora
2865 3118 3094 3174 solerter
3114 3121 3513 3190 apprehendo..

316 3196 427 3236 n0n
477 3181 715 3235 θυάῖιυτο
759 3178 944 3247 Ne‘l‘le
967 3174 1389 3284 ,θηὴηΡθῖτίθθξθ
1416 3173 1807 3284 ὴθηῖθνῃξηίθίι
1839 3174 1903 3279 ίξδ
1933 3187 1982 3250 C
2033 3173 2046 3183 ⁸
2084 3208 2175 3265 39.
2224 3208 2448 3262 Nonnisi
2494 3173 2702 3264 obscure
2745 3218 2791 3263 et
2830 3212 2977 3281 quasi
3008 3173 3061 3265 in
3089 3173 3614 3284 vis'ibne-vtocturna,

316 3286 548 3344 utraque
575 3274 800 3338 divisus,
834 3272 927 3327 sed
951 3270 1076 3345 dum
1107 3270 1185 3324 sic
1208 3268 1432 3331 interius
1458 3268 1660 3323 erudiri
1685 3268 1906 3337 appetit,

318 3379 379 3424 ut
410 3378 588 3423 tamen
619 3367 854 3421 exterius
886 3363 1206 3432 implicetur,
1233 3361 1375 3416 unde
1405 3360 1643 3414 exterius
1672 3359 1911 3413 auditum

319 3464 517 3532 aperit,
567 3462 691 3515 inde
734 3452 960 3514 interius
1006 3454 1368 3511 obsurdescit.
1412 3455 1621 3525 Moyses
1652 3454 1917 3508 admistus

319 3554 595 3624 [Egyptiis
643 3551 793 3623 quasi
844 3549 1116 3621 vigilabat,
1146 3557 1200 3605 et
1231 3548 1433 3601 idcirco
1478 3560 1664 3598 vocem
1702 3542 1916 3598 Domini

321 3648 376 3700 in
413 3645 647 3714 Egypto
689 3643 896 3712 positus
936 3656 1040 3695 non
1088 3639 1337 3693 audiebat
1382 3635 1579 3706 (Exod.
1618 3650 1674 3697 ll,
1711 3632 1916 3699 11,12,

322 3737 486 3808 seq.).
520 3736 627 3792 Sed
660 3737 924 3790 exstincto
948 3732 1229 3803 Egyptio,
1262 3740 1543 3798 postquam
1570 3730 1619 3782 in
1643 3728 1917 3782 desertum

322 3829 479 3898 fugit,
515 3827 630 3882 illic
663 3827 787 3880 dum
835 3825 1190 3895 quadraginta
1238 3822 1396 3877 annis
1437 3821 1637 3891 deguit,
1680 3820 1829 3889 quasi
1854 3819 1923 3873 ab

324 3922 587 3992 inquietis
637 3929 971 3975 terrenorum
1017 3917 1410 3973 desideriorum
1457 3914 1776 3968 tumultibus
1819 3912 1922 3967 ob-

325 4016 617 4078 dormivit;
667 4024 825 4081 atqnc
869 4012 1067 4068 idcirco
1117 4011 1357 4066 divinam
1411 4024 1598 4062 vocem
1646 4008 1925 4077 percipere

325 4109 547 4172 meruit,
582 4106 703 4172 quia
729 4120 822 4174 per
858 4119 1143 4173 supernam
1178 4101 1631 4173 gratiam'quanto
1664 4100 1833 4169 magis
1856 4100 1925 4153 ab

328 4198 650 4270 appetendis
711 4197 1072 4253 exterioribus
1121 4196 1351 4263 torpnit,
1411 4202 1564 4248 tanto
1626 4193 1805 4247 verius
1859 4191 1924 4245 ad

328 4290 716 4362 cognoscenda
774 4290 1029 4343 interiora
1082 4287 1337 4357 vigilavit.
1390 4286 1592 4340 Rursus
1644 4283 1927 4339 Israelitici

331 4382 520 4454 pOpuli
552 4383 724 4457 turbis
754 4370 1028 4451 praelatus,
1061 4388 1119 4433 ut
1156 4380 1287 4449 legis
1329 4388 1595 4448 praecepta
1641 4377 1925 4446 percipiat,

332 4476 393 4529 in
425 4483 662 4528 montem
694 4472 925 4531 ducitur,
952 4477 1111 4537 atque
1135 4478 1190 4522 ut
1213 4471 1419 4523 interna
1451 4477 1715 4538 penetret,
1746 4468 1813 4522 ab
1836 4482 1929 4521 es-

331 4567 503 4621 ternis
533 4565 850 4619 tumultibus
880 4564 1178 4618 occultatur
1202 4560 1404 4632 (Exod.
1443 4578 1551 4626 xix,
1585 4561 1666 4629 5).

407 4676 551 4750 [γει.
586 4676 769 4749 ΧΧ1,]
800 4675 888 4731 '58.
922 4676 1022 4742 Qui
1050 4676 1384 4730 exterioribus
1433 4676 1732 4730 ministeriis
1757 4678 1929 4732 deser-

332 4770 499 4835 viunt,
526 4770 753 4823 studiose
775 4771 842 4821 ad
866 4769 1034 4823 cordis
1065 4778 1257 4824 secreta
1285 4768 1567 4838 refugiant.
1602 4798 1667 4806 —
1695 4767 1848 4825 Unde
1876 4781 1933 4827 et

331 4865 507 4919 sancti
533 4864 631 4919 viri
663 4864 753 4936 qui
783 4865 1138 4919 exterioribus
1166 4862 1474 4919 ministeriis
1511 4862 1783 4920 deservire
1812 4864 1929 4919 offi-

409 5011 436 5039 ι
458 5000 585 5057 Post
637 5002 770 5056 videt
820 5001 1018 5069 legitur
1056 5001 1109 5053 in
1161 4997 1331 5054 Editis
1362 5016 1375 5069 ς
1414 4996 1533 5050 Elin
1560 5013 1780 5066 namque
1803 4999 1876 5051 ait
1906 5014 1924 5051 :

333 5073 518 5130 Semel
552 5074 785 5138 loquitur
808 5068 965 5125 Deus.
997 5071 1159 5123 David
1190 5085 1303 5124 vero
1332 5068 1486 5123 Verbi
1510 5069 1764 5140 unigeniti
1787 5070 1927 5140 nati-

333 5147 544 5199 vitatem
575 5146 794 5207 intueris,
820 5145 892 5195 ait
920 5159 935 5195 :
962 5142 1141 5196 Senth
1201 5143 1409 5194 locutus
1461 5147 1544 5193 est
1576 5139 1751 5193 Deus:
1789 5139 1927 5206 Quia

335 5220 475 5270 enim
504 5216 793 5285 unigenitus
824 5210 872 5265 F
875 5214 993 5267 ilius
1014 5214 1147 5265 idem
1182 5211 1403 5265 Verbum
1440 5210 1611 5262 Patris
1640 5221 1684 5263 et
1728 5215 1925 5285 perfec-

338 5290 477 5342 tione
502 5283 655 5340 natus
682 5288 890 5345 dicitur,
916 5294 963 5336 et
990 5301 1082 5353 pro
1104 5288 1384 5337 wternitate
1422 5297 1619 5353 semper
1641 5283 1781 5333 nasci
1811 5298 1925 5349 per-

336 5358 730 5423 hibetur,sacra
762 5355 1036 5425 Scriptura
1059 5356 1216 5425 libere
1241 5355 1406 5406 dicere
1423 5355 1485 5425 de
1514 5353 1618 5405 Deo
1645 5353 1925 5425 consuevit,

337 5431 462 5496 quia
491 5421 688 5481 lacertus
714 5438 803 5490 est,
838 5421 1155 5494 alloquitur.
1190 5422 1255 5476 In
1305 5440 1361 5475 eo
1385 5421 1699 5496 enim'quod
1728 5427 1926 5491 perfec-

342 5493 471 5553 tum-
491 5497 709 5552 Verbum
752 5501 945 5563 genuit,
972 5493 1017 5548 et
1060 5496 1257 5549 locutus
1281 5508 1349 5547 cst
1376 5493 1565 5556 Pater;
1595 5494 1643 5544 in
1672 5509 1729 5545 eo
1760 5504 1933 5545 autem

340 5573 481 5651 quod
503 5557 902 5651 sintperﬂignit,
925 5557 1373 5651 utique-loquitur,
1409 5565 1643 5651 quamvis.
1662 5563 1757 5616 hoc
1797 5564 1934 5644 quod

344 5634 628 5712 perfectum
673 5634 897 5694 diximus
939 5640 1140 5712 proprie
1170 5634 1281 5712 non
1310 5635 1559 5688 dicamus.
1596 5636 1770 5712 Aleth
1797 5634 1932 5712 enim

340 5705 486 5783 quod
513 5712 700 5781 factum
722 5728 820 5765 non
844 5722 916 5764 est
940 5705 1152 5777 proprie
1182 5708 1370 5783 dicitur
1391 5707 1827 5783 essegperfermm,
1851 5705 1937 5783 sed

344 5777 457 5858 ejus
490 5777 857 5858 plenitudinem
886 5798 974 5851 per
1001 5777 1283 5858 quamdam
1309 5781 1828 5858 angustiam-amatrix:
1857 5777 1935 5858 lo:

345 5845 572 5910 c'utionis
601 5845 957 5914 exurimimus,
984 5845 1115 5907 sicut
1144 5852 1297 5905 etiam
1318 5848 1382 5901 de
1414 5846 1569 5901 Patre
1595 5848 1840 5901 Dominus
1864 5845 1947 5896 di-

2017 3301 2187 3355 divina
2212 3311 2259 3354 et
2279 3302 2479 3354 interna
2502 3303 2927 3368 cantemplamur.
2961 3334 3031 3345 —
3061 3305 3204 3361 Bene
3232 3321 3360 3375 ergo
3400 3307 3515 3360 Eliu
3543 3306 3618 3363 ait

2018 3394 2138 3462 quia
2164 3409 2259 3461 per
2286 3394 2551 3447 somnium
2597 3395 2829 3463 loquitur
2864 3397 3042 3460 Deus',
3081 3408 3241 3467 atque
3266 3408 3390 3468 apte
3427 3397 3616 3453 subdi-

2020 3486 2117 3547 dit,
2148 3484 2213 3537 In
2240 3486 2430 3539 uisione
2473 3496 2741 3540 nocturna.
2786 3487 3050 3541 Nocturna
3093 3491 3235 3543 enim
3286 3490 3417 3543 visio
3448 3503 3609 3557 appa-

2020 3592 2142 3632 rere
2164 3579 2614 3645 contemplatioue
2660 3580 2854 3633 mentis
2881 3580 2982 3634 sub
3009 3580 3327 3649 quihusdam
3362 3580 3616 3649 imagini-

2024 3669 2125 3723 bus
2167 3671 2320 3723 solet.
2354 3669 2423 3733 In?
2448 3670 2638 3724 diurna
2665 3682 2839 3725 autem
2873 3672 2992 3725 luce
3013 3673 3212 3726 certius
3240 3668 3530 3739 cernimus,
3564 3672 3619 3728 in
3656 3656 3659 3661 λ

2028 3771 2286 3815 nocturna
2331 3776 2457 3815 vero
2502 3761 2708 3816 visione
2738 3772 3048 3817 cunctanter
3080 3758 3339 3819 videmus.
3391 3766 3453 3819 Et
3492 3768 3620 3836 quia

2025 3852 2194 3906 Sancti
2222 3867 2411 3907 omnes
2432 3853 2662 3922 quandiu
2687 3854 2737 3907 in
2763 3853 2861 3908 hac
2892 3853 2997 3907 vita
3028 3864 3149 3907 sunt
3179 3855 3374 3911 divinas
3414 3870 3622 3915 natura
3692 3900 3699 3903 ι

2027 3953 2228 3998 secreta
2261 3944 2410 4012 quasi
2438 3944 2538 3997 sub
2582 3930 2809 4014 quadarn
2842 3943 3224 4013 imaginatione
3252 3948 3622 4016 conspiciunt,

2028 4038 2152 4106 quia
2205 4037 2458 4091 videlicet
2519 4038 2745 4091 necdum
2801 4039 2933 4092 sicut
2988 4049 3115 4093 sunt
3166 4054 3229 4095 ea
3281 4024 3619 4097 manifestius

2029 4130 2485 4198 contemplantur,
2536 4130 2673 4185 bene
2725 4130 2876 4196 Elin,
2927 4140 3209 4200 postquam
3255 4131 3392 4185 dixit
3444 4133 3617 4188 Deum

2032 4222 2185 4277 nobis
2209 4239 2303 4289 per
2324 4222 2591 4276 somnium
2622 4222 2791 4292 loqui,
2813 4222 3027 4277 subdit:
3053 4220 3117 4275 In
3135 4223 3329 4297 visione
3350 4232 3622 4279 nocturna.

2032 4315 2143 4370 Nox
2170 4315 2369 4383 quippe
2403 4323 2489 4369 est
2516 4316 2623 4368 vita
2657 4330 2914 4383 prmseus,
2944 4314 2996 4369 in
3026 4330 3127 4384 qua
3154 4315 3387 4384 quandiu
3416 4329 3624 4382 sumus,

2030 4420 2128 4476 per
2161 4405 2264 4458 hoc
2292 4404 2434 4473 quod
2465 4406 2671 4457 interna
2702 4405 3084 4471 conspicimus,
3117 4404 3217 4458 sub
3254 4405 3455 4459 incerta
3486 4407 3627 4460 ima-

2034 4500 2305 4565 ginatione
2324 4497 2640 4565 caligamus.
2676 4498 2941 4565 Propheta
2973 4512 3204 4565 namque
3228 4497 3293 4552 ad
3336 4497 3628 4555 videndum

1955 4570 2010 4651 Ῑ)
2036 4590 2319 4644 Dominum
2363 4588 2592 4655 quadam
2638 4603 2696 4640 se
2739 4587 2909 4655 premi
2962 4588 3187 4655 caligine
3222 4587 3510 4650 scn‘tiebat,
3541 4587 3628 4640 di-

2037 4696 2163 4736 cens
2187 4682 2406 4734 :Auima
2429 4695 2536 4732 mea
2558 4679 2866 4734 desideravit
2891 4682 3009 4734 tein
3030 4679 3238 4752 nocte(l
3247 4681 3345 4735 sai.
3372 4696 3519 4745 xxvr,
3545 4679 3629 4749 9).

2041 4776 2117 4828 Ac
2144 4772 2188 4825 si
2219 4772 2424 4825 diceret
2450 4788 2462 4823 :
2499 4772 2551 4824 In
2590 4771 2687 4825 hac
2711 4772 3038 4825 obscuritate
3068 4772 3192 4824 vitae
3225 4770 3502 4839 praesentis
3548 4770 3631 4825 vi-

2038 4866 2166 4919 dere
2208 4873 2259 4917 te
2298 4870 2513 4932 appeto,
2564 4862 2660 4918 sed
2705 4863 2880 4917 adbuc
2921 4863 3248 4918 infirmitatis
3304 4864 3487 4919 nubilo
3527 4862 3633 4918 cir~

2035 4999 2102 5051 cit
2134 5012 2152 5050 :
2186 4994 2370 5051 Estme
2395 4995 2637 5063 perfecti,
2665 4996 2801 5050 sicut
2823 5005 2875 5050 et
2902 4996 3060 5049 Pater
3088 4996 3325 5052 caelestis
3361 4997 3635 5064 perfectus

2035 5078 2136 5124 est.
2169 5068 2274 5121 Sed
2330 5067 2703 5119 desiderantur
2748 5068 2800 5120 in
2843 5069 3092 5120 omnibus
3123 5068 3250 5121 Mss.
3284 5063 3494 5123 No’rmu
3525 5063 3637 5117 Tun

2037 5155 2178 5201 ron.,
2214 5139 2460 5201 deoc.,
2487 5138 2664 5201 Coll»,
2702 5137 2879 5191 Baluz.
2912 5139 3089 5191 Codex
3131 5138 3215 5189 hic
3262 5144 3317 5190 et
3366 5133 3549 5188 multis
3578 5132 3636 5191 in

2038 5211 2170 5263 locis
2214 5218 2299 5261 est
2325 5223 2520 5263 exosus
2543 5218 2637 5260 aut
2663 5210 2901 5261 mutilus.
2940 5210 3071 5261 Esse
3102 5214 3469 5259 assumentum
3505 5202 3638 5264 mihi

2038 5280 2392 5349 persuadetur
2421 5296 2523 5332 non
2549 5282 2720 5333 solum
2754 5281 2878 5333 Mss.
2910 5278 3041 5332 Cod.
3072 5277 3309 5339 silentio,
3333 5275 3426 5349 sed
3464 5276 3637 5349 etiam

2039 5343 2309 5404 sermonis
2366 5351 2528 5414 serie,
2552 5366 2671 5417 quia:
2725 5350 2826 5403 hac
2867 5350 3019 5417 longa
3073 5343 3641 5417 parenthesigvidetur

2039 5423 2285 5491 abrupta.
2316 5422 2523 5474 Etenim
2561 5415 2640 5474 liis
2668 5421 2864 5481 verbis,
2893 5415 2995 5488 quo
3024 5417 3244 5491 fulgoris
3264 5415 3635 5491 admiratione,

2042 5485 2489 5553 etc.,'siiccedere
2518 5493 2676 5545 debet
2700 5485 3042 5543 immediateh
3081 5485 3215 5551 Quia
3256 5503 3373 5540 vero
3404 5490 3511 5541 hac
3546 5485 3641 5540 di.

2041 5564 2171 5616 vina:
2196 5572 2599 5616 natnrte'secreta
2627 5560 2921 5612 admiratio.

2119 5634 2144 5672 δ
2178 5634 2425 5701 Plerique
2449 5634 2629 5685 Norut.
2664 5641 2717 5682 et
2752 5630 2930 5693 Viud.,
2960 5637 3132 5698 aperte
3161 5627 3257 5683 Dei
3283 5628 3494 5685 locutio.

2126 5717 2145 5771 ὲ
2183 5700 2369 5759 Norm.
2398 5714 2450 5755 et
2475 5703 2650 5763 tiolb.,
2677 5701 2803 5771 quid
2831 5700 3039 5754 certius.

2121 5770 2148 5811 ἀ
2190 5776 2299 5840 AL,
2327 5790 2357 5826 a
2389 5769 2697 5826 carnalibus
2722 5774 2974 5834 sensibus,
3009 5780 3066 5825 ut
3089 5771 3283 5842 legitur
3305 5771 3357 5826 in
3386 5769 3638 5842 Vindoc.,

2044 5844 2240 5897 .Norm.
2272 5852 2328 5899 et
2346 5844 2489 5909 aliis,
2521 5859 2549 5897 a
2577 5842 2844 5899 Gussanv.
2876 5842 3028 5897 visis.
