4066 6348
561 328 666 387 276

1768 326 2013 387 SANCTI
2055 325 2392 384 GREGOBII
2430 329 2647 386 MAG!"

3688 339 3790 392 Ἦτῑ

555 442 909 498 cumscribor.
942 441 1108 496 David
1151 455 1361 511 quoque
1402 440 1563 511 huius
1594 442 1767 497 noctis
1801 451 1827 478 ι
1855 441 2132 511 caliginem
2161 443 2213 504 Α
2239 441 2477 507 Quatuor
2507 444 2704 514 quippe
2731 452 2855 498 sunt
2880 443 3162 513 qualitates
3204 442 3398 513 quibus
3418 443 3544 514 iusti
3571 446 3662 504 viti
3688 452 3799 505 sub.

475 552 479 559 '
561 535 777 604 vitans,
827 535 1126 590 claritatem
1180 534 1291 588 veri
1348 533 1570 589 luminis
1634 534 1975 602 prastolatus
2025 533 2138 588 ait:

472 694 475 699 η
554 625 717 685 Hasse
756 629 935 682 astabo
963 629 1072 694 tibi,
1110 637 1157 680 et
1188 627 1362 681 videbo
1391 625 1563 697 (Psal.
1590 642 1644 693 v,
1679 627 1758 697 5).
1788 626 1980 681 Adhuc
2016 640 2143 696 ergo

551 725 608 782 in
636 735 795 780 nocte
821 724 999 777 minus
1025 736 1085 777 se
1111 721 1295 776 videre
1323 720 1611 790 conspicit,
1637 721 1727 790 qui
1750 720 1816 775 ad
1848 719 2141 775 videndum

550 816 725 874 Deum
774 817 1008 873 futurum
1056 827 1212 868 mane
1260 812 1613 882 concupiscit.
1672 810 1808 879 Quia
1856 824 2023 877 vero,
2087 819 2143 864 ut

549 913 817 975 diximus,
848 909 921 964 ab
946 909 1197 965 exteriori
1231 909 1444 965 actione
1482 921 1698 963 cessare
1737 906 1977 961 dormire
2023 913 2139 971 est,

547 1003 690 1058 bene
722 1002 841 1056 Elia
872 1000 1087 1056 subdit:
1111 1001 1336 1068 Quando
1361 1003 1513 1055 irruit
1543 1016 1696 1072 sopor
1716 1016 1867 1072 super
1890 999 2138 1055 homines.
2176 998 2179 1003 ’

548 1093 685 1162 Quia
727 1101 907 1148 autem
950 1093 1121 1148 sancti
1176 1094 1277 1148 viri
1320 1107 1461 1150 cum
1488 1092 1743 1149 exteriori
1792 1092 1988 1147 actioni
2035 1104 2138 1147 non

551 1184 890 1253 deserviunt,
924 1186 1062 1240 intra
1090 1185 1285 1240 mentis
1306 1184 1335 1227 ι
1357 1185 1555 1241 cubilia
1577 1186 1988 1256 conquiescunt,
2019 1192 2140 1253 apte

545 1277 869 1347 subiungit:
901 1275 970 1331 Et
992 1277 1255 1331 dormiunt
1276 1278 1330 1331 in
1353 1278 1564 1333 lectulo.
1595 1277 1811 1335 Sanctis
1840 1277 1985 1332 enim
2011 1275 2138 1330 viris

544 1371 787 1427 dormire
815 1371 870 1424 in
900 1369 1098 1425 lectulo
1123 1379 1207 1425 est
1225 1371 1362 1425 intra
1396 1371 1591 1426 mentis
1618 1383 1731 1425 suae
1753 1368 1930 1424 cubile
1959 1369 2139 1436 quies-

543 1482 693 1525 cere.
719 1467 874 1523 Unde
895 1465 1152 1536 scriptum
1177 1473 1296 1522 est:
1322 1464 1672 1521 Exsultabunt
1695 1465 1857 1518 sancti
1874 1465 1927 1517 in
1949 1463 2131 1534 gloria,

544 1561 856 1616 latabtmtur
883 1561 937 1614 in
961 1558 1212 1629 cubilibus
1267 1560 1372 1613 suis
1419 1557 1589 1627 (Psal.
1638 1572 1818 1621 cxux,
1862 1554 1938 1626 5).
1983 1556 2134 1609 Dica-

543 1661 634 1706 tur
674 1668 827 1723 ergo,
860 1652 1003 1723 quod
1041 1650 1198 1705 semel
1227 1650 1373 1703 nobis
1416 1650 1646 1719 loquitur
1684 1648 1825 1703 Deus
1867 1663 1955 1717 per
1990 1662 2130 1701 som-

543 1745 687 1797 nium
726 1744 782 1797 its
819 1744 1012 1798 visione
1056 1751 1332 1808 nocturna,
1374 1742 1582 1811 quando
1614 1740 1766 1793 irruit
1795 1751 1949 1807 sopor
1980 1753 2134 1807 super

2248 548 2335 588 ma
2365 534 2417 589 in
2444 536 2853 605 compunctione
2894 538 3246 591 vehementer
3283 536 3528 605 ai'ilcitur,
3569 553 3677 595 cum
3712 555 3788 600 aut

2250 627 2518 683 malorum
2542 642 2763 684 suorum
2793 630 3171 696 reminiscitur,
3196 629 3539 686 considerans
3567 634 3645 687 ubi
3670 634 3785 705 iuit;

2251 725 2343 771 aut
2384 719 2704 787 iudiciorum
2747 721 2838 777 Dei
2882 722 3201 776 sententiam
3235 731 3497 785 metuens.
3540 734 3589 779 et
3628 739 3786 784 secum

2257 826 2520 881 quaerens,
2563 814 2759 884 cogitat
2788 813 2876 870 ubi
2905 815 3043 879 erit;
3092 826 3179 870 ant
3209 831 3330 870 cum
3372 816 3506 871 mala
3534 819 3645 874 vita:
3675 837 3788 891 pra:-

2254 906 2421 961 sentis
2443 906 2671 962 solerter
2697 907 3002 973 attendens,
3028 922 3259 964 maerens
3279 908 3575 965 considerat
3595 912 3674 967 ubi
3696 926 3792 980 est,
3874 964 3883 967 -

2249 1004 2340 1051 aut
2386 1012 2506 1052 cum
2559 998 2699 1054 bona
2746 1014 2995 1068 superna:
3038 1002 3221 1071 patria:
3262 1002 3657 1072 contemplatur,
3695 1019 3794 1074 qua

2239 1091 2364 1161 quia
2416 1092 2641 1149 necdum
2690 1093 3024 1164 adipiscitur,
3068 1095 3253 1167 lugens
3293 1096 3555 1165 conspicit
3597 1097 3679 1153 ubi
3707 1115 3795 1154 non

2238 1192 2341 1237 cst.
2366 1183 2627 1241 Malorum
2654 1202 2873 1242 suorum
2904 1187 3105 1244 Paulus
3126 1188 3469 1250 meminerat.
3496 1198 3547 1247 et
3575 1204 3638 1245 ex
3657 1189 3727 1246 eis
3748 1207 3795 1247 se

2238 1272 2291 1326 in
2339 1274 2532 1345 quibus
2569 1276 2743 1331 fuerat
2786 1278 3088 1349 aiﬂigebat,
3134 1295 3254 1335 cum
3287 1280 3530 1336 diceret:
3564 1280 3676 1337 Non
3700 1299 3796 1337 sum

2236 1366 2423 1439 dignus
2458 1372 2629 1423 vocari
2654 1372 2939 1438 apostolus,
2964 1373 3080 1441 quia
3098 1383 3386 1443 persecutus
3407 1389 3519 1426 sum
3543 1372 3796 1429 Ecclesium

2240 1456 2333 1511 Dei
2355 1456 2412 1533 (Ι
2453 1456 2573 1513 Cor.
2606 1476 2698 1527 xv,
2735 1459 2812 1530 9).
2849 1462 3080 1516 Rursum
3110 1462 3348 1517 divinutn
3375 1461 3630 1533 judicium
3653 1464 3797 1519 subli-

2238 1547 2363 1604 liter
2386 1565 2638 1623 pensans,
2665 1551 2717 1605 in
2744 1553 2921 1607 lutnro
2952 1553 3091 1607 male
3123 1570 3241 1609 esse
3271 1553 3562 1623 metuebat,
3598 1554 3793 1610 dicens:

2237 1639 2443 1713 Castigo
2465 1660 2650 1715 corpus
2672 1646 2859 1710 meum,
2886 1656 2932 1700 et
2955 1647 3187 1701 servituti
3215 1646 3452 1718 subjicio,
3479 1663 3541 1701 ne
3562 1646 3682 1717 forte
3702 1648 3799 1702 aliis

2240 1734 2549 1803 prazdicans,
2579 1737 2686 1807 ipse
2714 1737 2957 1806 reprobus
2986 1732 3186 1807 efﬁciar
3217 1737 3267 1809 (l
3299 1736 3417 1792 Cor.
3452 1753 3529 1803 lx,
3551 1737 3660 1806 9.7).
3681 1736 3799 1791 Rur-

542 1822 877 1903 homines,'et
906 1835 1169 1888 dormiunt
1188 1834 1241 1887 in
1270 1833 1476 1898 lectulo,
1527 1833 1655 1901 quia
1707 1830 1958 1884 nimirum
2001 1838 2128 1884 tunc
2160 1824 2206 1886 B
2234 1839 2322 1881 sus
2369 1829 2506 1882 mala
2552 1833 2829 1900 praesentis
2888 1832 3009 1887 vita:
3058 1832 3358 1903 pensabat,
3406 1846 3528 1886 cum
3584 1831 3799 1887 diceret:

541 1936 747 1986 secreta
778 1926 1077 1982 divinitatis
1105 1924 1465 1994 agnoscimt‘is,
1507 1935 1630 1977 cum
1660 1920 1730 1975 ab
1757 1919 1919 1990 huius
1944 1917 2128 1973 mundi

460 2072 469 2079 _
542 2014 872 2076 tumultuosa
925 2016 1359 2086 concupiscentia
1392 2015 1532 2068 intra
1568 2013 1763 2068 mentis
1806 2020 2002 2067 nostra:
2031 2025 2127 2065 cu-

539 2114 666 2173 bilia
713 2120 1078 2185 segregantur.
1109 2110 1247 2178 Quia
1274 2123 1421 2174 vero,
1472 2116 1530 2161 ut
1569 2106 1843 2176 saepeiam
1873 2104 2129 2170 diximus,

540 2222 730 2264 aurem
757 2204 938 2261 cordis
969 2202 1234 2258 tumultus
1260 2198 1598 2255 smcularium
1625 2195 1958 2266 negotiorum
1986 2195 2130 2249 clau-

540 2302 641 2367 dit,
688 2309 744 2354 et
786 2298 939 2368 quies
986 2303 1212 2351 secretae
1259 2290 1711 2347 considerationis
1751 2290 1947 2359 aperit,
2007 2297 2129 2357 apte

541 2391 815 2462 subiungit
836 2407 850 2445 :

610 2525 776 2583 Vens.
814 2522 901 2577 16.
929 2553 993 2565 -—
1019 2522 1167 2577 Tunc
1189 2522 1351 2594 aperit
1374 2537 1523 2578 aures
1548 2519 1794 2589 uirorum,
1825 2528 1871 2572 et
1896 2517 2130 2572 erudiens

541 2636 623 2676 eos
648 2619 853 2674 instruit
871 2615 1165 2689 disciplina.

610 2730 702 2789 ιο.
733 2731 834 2798 Qui
858 2729 919 2784 ab
950 2728 1283 2785 exterioribus
1322 2725 1559 2795 aperibus
1608 2732 1829 2789 cessant,
1881 2721 1952 2777 ad
1990 2736 2130 2780 eom-

541 2825 871 2896 punctionem
897 2822 1227 2879 erudiuntur.
1256 2849 1327 2865 ——
1351 2820 1486 2877 Cum
1514 2818 1656 2877 enim
1681 2818 1751 2873 ab
1771 2815 2130 2873 exterioribus

543 2917 845 2985 actionibus
891 2915 1199 2984 sopiuntur,
1244 2921 1426 2982 aperta
1472 2927 1606 2969 aure
1635 2910 1831 2967 interni
1868 2909 2131 2967 examinis

542 3026 731 3071 causas
768 3010 1012 3067 audiunt.
1062 3007 1164 3075 Qui
1206 3007 1334 3063 dum
1380 3005 1645 3077 subtiliter
1676 3005 1760 3059 vel
1792 3004 2001 3074 ﬂagella
2034 3019 2131 3072 pu-

540 3103 702 3169 blica,
730 3101 814 3158 vel
837 3100 1040 3172 iudicia
1065 3098 1272 3154 occulta
1303 3096 1667 3160 considerant,
1695 3095 2021 3173 semetipsos
2045 3095 2127 3150 al-

508 3199 705 3271 ‘ﬂcero
744 3191 923 3251 ﬂendo
972 3208 1079 3249 non
1129 3200 1365 3251 cessant.
1413 3191 1560 3264 (lies.
1585 3188 1785 3260 Χ111.]
1814 3188 1965 3244 Unde
1995 3188 2129 3245 bene

543 3289 744 3345 dictum
776 3295 882 3345 est.
915 3285 983 3341 Et
1010 3285 1247 3343 erudiens
1285 3301 1370 3339 eos
1404 3283 1608 3345 instruit
1655 3282 1957 3350 disciplina,
2007 3282 2129 3351 quia

542 3377 906 3437 consideranti
950 3377 1136 3443 menti,
1190 3385 1244 3433 et
1286 3390 1407 3431 sese
1457 3389 1551 3443 per
1584 3371 1954 3444 paenitentiam
1988 3372 2131 3427 lace-

540 3472 704 3537 ranti,
753 3470 905 3542 quasi
950 3467 1196 3540 quaedam
1249 3466 1416 3535 plaga:
1463 3464 1826 3535 percussionis
1876 3471 2001 3519 sunt
2049 3462 2130 3515 la-

538 3574 722 3624 menta
743 3562 1190 3636 compunctionis.
1220 3559 1370 3617 Unde
1393 3559 1558 3616 etiam
1581 3557 1835 3613 Salomon
1858 3563 2002 3625 recte
2022 3554 2130 3613 vim

540 3659 906 3731 percussionis
946 3657 1225 3726 utriusque
1254 3654 1587 3724 coniungens
1625 3651 1736 3707 ait:
1765 3649 1919 3704 Liuor
1955 3648 2131 3703 vulne-

538 3757 610 3812 ris
658 3753 902 3824 alrstet’gil
947 3751 1115 3815 mala,
1165 3759 1210 3804 et
1254 3748 1423 3820 plaga:
1462 3748 1515 3802 in
1554 3745 1907 3803 secretioribus
1941 3743 2130 3799 ventris

537 3846 721 3918 (Prov.
766 3861 859 3910 sx,
899 3846 1009 3911 δυ).
1040 3842 1143 3897 Per
1164 3840 1387 3897 livorem
1426 3840 1624 3911 quippe
1669 3837 1928 3904 vulneris,
1970 3838 2131 3893 disci-

536 3938 740 4008 plinam
772 3935 1306 4004 insinuat'corporcm
1349 3932 1738 4002 percussionis.
1788 3930 1965 4001 Plagae
2002 3945 2129 3987 vero

539 4033 596 4089 in
636 4028 1019 4087 secretioribus
1052 4028 1256 4084 ventris
1279 4037 1402 4082 sunt
1428 4029 1633 4083 interna
1667 4025 1862 4083 mentis
1884 4026 2126 4093 vulnera,

535 4125 661 4193 quas
682 4138 779 4193 per
800 4122 1267 4192 compunctionern
1297 4122 1448 4176 ﬂunt.
1476 4119 1636 4191 751
1659 4119 1806 4178 Sicut
1831 4120 1972 4177 enim
1997 4134 2129 4176 ven-

539 4225 626 4272 ter
651 4215 787 4272 cibis
824 4213 1066 4284 repletus
1088 4211 1417 4279 extenditur,
1444 4214 1517 4268 ita
1546 4226 1700 4269 mens
1730 4211 1906 4281 pravis
1936 4213 2130 4283 cogita-

535 4291 776 4362 iionibus
795 4304 1017 4363 dilatata
1054 4304 1385 4361 sublevatur.
1420 4304 1750 4375 Abstergunt
1779 4305 1941 4372 igitur
1962 4306 2123 4370 mala,

535 4406 598 4455 et
625 4397 764 4454 livor
805 4396 1071 4462 vulneris,
1114 4404 1170 4451 et
1209 4396 1374 4468 plagita
1403 4396 1457 4451 in
1489 4396 1870 4453 secretioribus
1902 4398 2124 4462 ventris,

534 4493 661 4565 quia
687 4500 744 4548 et
768 4490 1053 4560 disciplina
1084 4490 1320 4546 exterior
1348 4490 1534 4558 culpas
1562 4489 1739 4555 diluit,
1767 4499 1819 4544 et
1849 4501 2123 4546 extensum

533 4595 773 4642 mentem
820 4582 1163 4654 compunctio
1210 4582 1536 4651 paenitentia:
1582 4580 1789 4637 ultione

535 4678 643 4737 Sed
683 4678 784 4733 hoc
826 4678 970 4734 inter
995 4690 1056 4733 se
1078 4683 1303 4745 utraque
1335 4674 1452 4730 haec
1479 4673 1752 4739 differunt,
1781 4676 1925 4746 quod
1958 4677 2127 4746 plagas

536 4771 946 4840 percussionum
989 4768 1198 4835 dolent,
1247 4770 1481 4824 lamenta
1520 4770 1992 4837 compunctionum
2037 4785 2126 4825 sa-

492 4898 497 4901 ι
536 4865 712 4935 piunt.
765 4864 871 4918 Illae
916 4862 1216 4933 aii’ligenles
1244 4862 1506 4926 cruciant,
1546 4861 1647 4915 ista
1677 4860 1947 4927 reﬁciunt,
2001 4861 2126 4916 dum

537 4957 803 5028 afﬂigunt.
838 4954 941 5013 Per
969 4954 1087 5021 illas
1118 4954 1170 5008 in
1196 4952 1488 5007 afﬂictione
1526 4966 1726 5008 mmror
1756 4961 1859 5015 est,
1890 4968 1984 5022 per
2013 4953 2128 5008 haec

536 5050 589 5109 in
620 5062 855 5105 moerere
876 5044 1084 5113 lmiitia.
1112 5044 1248 5111 Quia
1276 5056 1450 5100 tamen
1474 5045 1588 5115 ipsa
1613 5045 1955 5115 compunctio
1978 5062 2127 5107 men-

534 5150 645 5197 tem
677 5142 900 5206 lacerat,
922 5137 1169 5196 eamdem
1196 5137 1666 5208 compunctionem
1697 5150 1804 5191 non
1833 5137 2127 5208 incongrue

535 5232 873 5303 disciplinam
899 5237 1074 5288 vocat.

608 5347 699 5401 st.
744 5346 982 5414 Quatuor
1017 5343 1184 5401 modis
1214 5342 1348 5415 justi
1375 5343 1429 5397 in
1463 5342 1854 5411 compunctione
1882 5341 2126 5412 afﬁciun-

494 5466 497 5467 ν
538 5443 660 5507 iur;
703 5445 839 5510 quod
895 5437 1129 5508 exemplo
1184 5435 1343 5491 Pauli
1389 5435 1675 5491 ostenditur
1700 5444 1748 5490 et
1786 5435 2022 5492 Doridis.
2055 5467 2125 5478 —

609 5637 636 5666 ι
663 5625 723 5682 lu
745 5624 871 5694 Ed.,
887 5624 1160 5696 caliginem
1180 5623 1375 5681 videns.
1400 5619 1710 5696 Lectionum
1732 5618 1860 5677 Mss.
1879 5619 2116 5692 Anglic.,

536 5700 746 5761 Norm.,
774 5692 1023 5763 VindocI,
1056 5704 1187 5762 etc.,
1216 5692 1605 5765 expressimus.
1644 5764 1651 5765 ί

608 5770 636 5810 ιι
664 5768 910 5836 Ebroic.,
939 5768 1195 5824 cubicula.

616 5851 637 5879 ε
673 5838 832 5894 Deest
860 5833 955 5893 hoc
986 5838 1038 5893 in
1071 5840 1200 5895 Mss.
1230 5838 1419 5895 Noras.
1446 5844 1504 5895 et
1528 5833 1684 5895 Colb.

2236 1917 2372 1973 Dum
2400 1938 2576 1975 sumus
2605 1934 2626 1960 ε
2654 1924 2704 1977 in
2737 1923 2830 1977 hoc
2861 1941 3094 1994 corpore,
3128 1924 3515 1997 peregrinantur
3544 1938 3574 1975 α
3606 1921 3800 1976 Domino

2236 2010 2324 2083 (II
2355 2010 2473 2068 Cor.
2510 2029 2564 2084 ν,
2598 2016 2675 2085 (i).
2724 2017 2830 2071 Et:
2888 2014 3045 2070 Video
3093 2017 3249 2097 aliam
3299 2017 3458 2089 legem
3504 2016 3557 2069 in
3594 2013 3801 2069 membris

2236 2109 2360 2163 meis
2410 2120 2779 2182 repugnantem
2825 2110 2923 2183 legi
2967 2112 3149 2179 mentis
3194 2126 3339 2175 metu,
3380 2117 3423 2164 et
3472 2109 3714 2179 captivum
3738 2124 3801 2161 me

2234 2199 2503 2271 ducentem
2550 2202 2602 2254 in
2642 2202 2755 2275 lege
2800 2205 3016 2275 peccati,
3064 2219 3178 2273 qua:
3218 2204 3365 2257 estin
3393 2201 3631 2256 membris
3674 2202 3801 2256 meis.

2232 2289 2431 2362 Infelix
2455 2311 2547 2365 ego
2584 2295 2754 2359 homo,
2797 2296 2918 2367 quis
2965 2313 3042 2350 me
3076 2296 3305 2353 liberabit
3335 2297 3395 2351 dc
3416 2312 3629 2366 corpore
3649 2296 3803 2347 mortis

2232 2383 2386 2456 hujus
2419 2386 2601 2456 (Rom.
2628 2403 2720 2453 vn,
2749 2387 2862 2460 23).
2896 2386 2960 2443 Et
2992 2404 3204 2447 rursum
3232 2389 3372 2445 bona
3399 2398 3614 2444 acterna:
3639 2386 3803 2461 patria:

2233 2476 2627 2546 considerabat,
2685 2479 2873 2535 dicens
2924 2499 2934 2535 :
2994 2480 3232 2536 Videmus
3287 2499 3420 2536 nunc
3453 2498 3546 2554 per
3568 2480 3804 2554 speculum

2233 2570 2284 2623 in
2314 2571 2625 2642 (enigmata;
2692 2582 2814 2628 tunc
2870 2584 3037 2629 autem
3095 2575 3225 2647 {acie
3273 2575 3342 2629 ad
3404 2575 3613 2647 facient.
3672 2573 3804 2628 Nunc

2232 2677 2482 2739 caquosco
2530 2680 2593 2717 ea:
2636 2682 2701 2735 pa
2734 2675 2978 2737 te,.tunc
3023 2673 3197 2722 autein
3241 2683 3571 2739 cognoscam,
3608 2667 3728 2720 sicut
3763 2673 3802 2718 et

2234 2758 2468 2827 cognitus
2496 2774 2608 2810 sum
2641 2755 2695 2829 (Ι
2726 2757 2844 2812 Cor.
2871 2775 2983 2825 xm,
3015 2759 3128 2831 l2).
3155 2758 3329 2830 Atque
3360 2761 3556 2831 iterum
3584 2778 3595 2813 :
3622 2758 3804 2815 Scimus

2234 2849 2470 2919 quoniam
2501 2850 2546 2902 si
2576 2852 2828 2903 terrestris
2867 2850 3047 2904 domus
3090 2860 3268 2904 nostra
3310 2851 3463 2917 huius
3495 2849 3805 2905 habitationis
3884 2886 3889 2893 ς

2235 2943 2568 3009 dissolvatur,
2596 2944 2734 3015 quod
2763 2944 3157 3011 wdiﬁcationetn
3187 2961 3249 2999 ea;
3290 2944 3398 3000 Deo
3434 2945 3699 3011 habemus,
3726 2943 3804 2997 do-

2236 3051 2373 3089 mum
2417 3039 2790 3109 manufactam,
2840 3047 3081 3092 triernam
3125 3039 3178 3092 in
3215 3038 3350 3092 caelis
3378 3035 3465 3108 (ll
3504 3037 3626 3093 Cor.
3667 3052 3712 3103 v,
3739 3035 3801 3106 1).

2238 3124 2399 3194 Cujus
2428 3126 2620 3183 domus
2649 3126 2785 3181 bona
2818 3128 3054 3196 intuens,
3082 3128 3329 3200 Ephesiis
3354 3130 3485 3186 dicit
3518 3149 3529 3185 :
3564 3129 3628 3184 Ut
3652 3128 3805 3183 sciatis

2155 3218 2202 3281 C
2234 3232 2350 3289 qua:
2398 3218 2463 3272 sit
2514 3235 2626 3288 spes
2666 3220 2944 3274 vocationis
2992 3222 3126 3294 ejus,
3175 3230 3219 3276 et
3263 3239 3377 3293 quia
3426 3222 3619 3277 divitia:
3648 3220 3808 3293 gloria:

2236 3312 2552 3366 ha’rcditatis
2602 3316 2714 3385 ejus
2758 3315 2810 3369 in
2860 3316 3067 3381 sanctis,
3109 3326 3156 3373 et
3199 3332 3313 3387 qua:
3340 3316 3406 3370 sit
3435 3317 3800 3386 supereminens

2234 3407 2533 3480 ntagnitudo
2578 3408 2777 3462 virtutis
2798 3414 2911 3480 ejus
2940 3410 2990 3463 in
3015 3426 3125 3477 nos,
3160 3413 3247 3485 qui
3276 3410 3587 3475 credidimus
3608 3408 3805 3483 (Ephes.

2235 3514 2292 3567 ll,
2324 3500 2433 3571 18).
2470 3486 2602 3554 Maia
2638 3500 2769 3554 vita:
2799 3502 3082 3575 prmsentis
3114 3502 3301 3561 beatus
3327 3504 3429 3560 Job
3453 3501 3804 3564 considerans,

2231 3595 2305 3649 ait
2343 3613 2358 3652 :
2399 3594 2634 3650 Tentatio
2664 3606 2735 3655 est
2767 3593 2793 3633 ά
2830 3607 2929 3652 rita
2970 3598 3195 3652 humana
3242 3615 3393 3669 super
3442 3607 3634 3665 terram
3681 3592 3806 3667 (Job.

2234 3704 2326 3757 vr,
2363 3688 2438 3755 l).
2495 3687 2644 3744 Unde
2698 3688 2863 3744 David
2911 3705 3145 3763 quoque,
3196 3691 3306 3745 ait:
3340 3689 3591 3749 Universa
3632 3687 3809 3741 renitas

2234 3781 2399 3835 onmis
2442 3781 2595 3836 homo
2624 3783 2794 3837 vivens
2828 3781 3008 3854 (Psal.
3058 3798 3277 3851 xxxviii,
3312 3782 3389 3854 6).
3427 3783 3494 3839 Et
3520 3791 3807 3853 quanquam

2234 3875 2285 3933 in
2316 3874 2547 3946 imagine
2600 3875 2691 3931 Dei
2712 3876 2973 3945 [ambulet
3024 3876 3205 3945 homo,
3242 3889 3417 3933 tamen
3445 3891 3585 3931 vane
3611 3882 3810 3929 contur-

2235 3967 2473 4022 babitur.
2505 3967 2604 4035 Qui
2638 3984 2850 4023 rursum
2874 3979 3126 4025 (sternam
3152 3972 3381 4041 patriam
3408 3967 3806 4039 contemplatus,

2235 4071 2290 4118 et
2326 4064 2439 4117 ba-c
2472 4063 2608 4119 mala
2644 4079 2872 4134 pensans
2908 4064 2958 4119 in
2992 4065 3187 4137 quibus
3216 4073 3351 4133 crat,
3384 4074 3546 4135 atque
3570 4062 3654 4116 illa
3686 4060 3811 4113 bona

2236 4154 2584 4212 considerans
2641 4156 2692 4211 in
2738 4156 2930 4225 quibus
2987 4156 3161 4219 adhuc
3209 4171 3316 4211 non
3372 4164 3525 4219 erat,
3568 4149 3810 4207 aitzlieu

2234 4249 2346 4303 me!
2368 4249 2486 4316 quia
2512 4249 2765 4305 incolatus
2792 4266 2934 4307 meus
2958 4252 3293 4323 prolongatus
3320 4258 3394 4304 est
3421 4246 3721 4320 (Psal.cxu
3742 4242 3807 4311 5).

2234 4342 2321 4409 Et,
2354 4341 2466 4413 Ego
2525 4344 2634 4399 dixi
2676 4345 2727 4397 in
2774 4361 2956 4413 pavore
3004 4360 3152 4400 meo:
3178 4346 3433 4418 projectus
3469 4358 3587 4397 sum
3620 4358 3651 4395 a
3684 4338 3811 4392 vultu

2238 4437 2507 4495 oculorum
2542 4446 2744 4493 tuorum
2767 4438 2944 4511 (Psal.
2977 4455 3100 4506 ιη,
3143 4438 3259 4510 23).
3306 4438 3627 4495 Sublevatus
3657 4435 3705 4488 in
3731 4446 3812 4486 ex-

2232 4530 2379 4595 stasi,
2413 4532 2553 4601 quod
2587 4532 2759 4587 nostri
2790 4533 3111 4603 interpretes
3150 4547 3403 4604 pavorem
3432 4543 3454 4569 ο
3488 4530 3705 4602 proprie
3727 4542 3807 4581 vo-

1835 4583 2116 4689 "a_"5[_'gi"
2156 4620 2207 4680 Ι)
2235 4631 2511 4687 caverunt,
2545 4637 2573 4676 a
2605 4624 2751 4677 vultu
2779 4583 3056 4679 oculorum
3104 4583 3197 4679 DEi
3243 4623 3374 4679 vidit
3417 4583 3629 4679 seresse
3657 4616 3812 4689 proje

2234 4721 2401 4769 ctum.
2434 4714 2563 4769 Post
2590 4715 2790 4771 interni
2815 4716 3009 4793 quippe
3039 4716 3257 4770 luminis
3289 4716 3575 4779 visionem,
3616 4724 3732 4782 qua:
3768 4710 3812 4760 in

2235 4807 2350 4883 eius
2382 4808 2558 4863 anima
2607 4824 2701 4879 per
2737 4811 3207 4881 contemplationis
3238 4811 3460 4885 gratiam
3489 4806 3643 4865 radio
3669 4800 3812 4859 clari-

2235 4904 2358 4958 tatis
2400 4904 2643 4973 emicuit,
2693 4906 2758 4961 ad
2803 4906 3151 4977 semetipsum
3195 4905 3387 4971 rediit;
3434 4913 3488 4958 et
3520 4900 3815 4973 cegnitione

2240 5005 2509 5067 percepta,
2544 4996 2628 5052 vel
2660 4998 2857 5068 quibus
2897 4999 3005 5053 illic
3048 4997 3204 5053 bonis
3247 4996 3480 5062 deesset,
3514 4994 3605 5051 vel
3633 4990 3813 5062 quibus

2237 5085 2392 5140 malis
2437 5086 2600 5161 752
2633 5087 2720 5143 hic
2747 5089 2980 5155 adesset,
3019 5087 3238 5151 invenit.
3286 5088 3468 5158 Neque
3514 5087 3662 5142 enim
3710 5081 3814 5154 quis

2237 5180 2519 5249 praesentis
2564 5180 2685 5236 vita:
2728 5179 2867 5239 mala
2898 5181 3035 5239 sicut
3058 5190 3179 5241 sunt
3206 5181 3518 5257 conspicere
3549 5173 3813 5253 praevalet.

2235 5268 2280 5325 si
2323 5269 2459 5325 bona
2502 5278 2718 5328 aeternze
2762 5272 2948 5341 patrita
2987 5287 3082 5343 per
3114 5272 3589 5343 contemplationis
3614 5275 3814 5339 sussum

2242 5367 2553 5449 contingere
2585 5369 2810 5423 necdum
2854 5369 3015 5426 valet.
3061 5368 3216 5426 Unde
3244 5377 3300 5424 et
3319 5383 3349 5424 a
3374 5367 3523 5423 vultu
3547 5365 3814 5423 oculorum

2240 5457 2334 5517 Dei
2366 5461 2663 5532 projectum
2700 5477 2759 5519 se
2795 5477 2916 5522 esse
2956 5464 3225 5541 cognovit.
3277 5463 3605 5523 Sublevatus
3632 5456 3816 5531 quippe

2304 5620 2330 5662 ἀ
2356 5621 2518 5703 _Co|_l_)1
2528 5665 2541 5703 ρ
2569 5626 2737 5703 Δυιίςιἶ
2749 5636 2821 5703 et
2848 5627 2959 5697 alii,
2989 5628 3351 5703 vitahominis.
3571 5696 3584 5703 _
3639 5695 3652 5703 _
3769 5688 3781 5703 .

2305 5704 2327 5733 ο
2355 5695 2414 5750 In
2442 5696 2611 5771 Etlitis
2636 5699 2850 5757 additur
2880 5695 3140 5771 particula
3172 5719 3295 5768 non,
3318 5713 3443 5770 quae
3471 5695 3742 5755 omittitur
3766 5695 3809 5747 is

2235 5767 2360 5824 Mss.
2393 5768 2705 5838 A'nglieanis
2726 5782 2781 5828 et
2806 5767 3025 5829 nostris.
