4066 6348
284 312 384 371 an
1040 260 1404 363 uenantum
1444 302 1574 360 LIB.
1615 301 1806 363 χχιιι.
1849 333 1920 347 -
1948 301 2017 365 tu
2054 300 2283 365 CAPUT
2326 250 2549 361 mm
2589 302 2652 361 Β.
2694 300 2831 358 ron.
3461 299 3568 355 273

283 425 417 483 vidit
459 423 605 496 quod
629 422 699 481 de
728 436 786 483 se
817 426 901 483 uic
940 421 1124 483 videre
1151 436 1258 479 non
1284 432 1443 492 posse
1464 418 1529 475 ad
1556 432 1615 474 se
1638 417 1878 487 relapsus
1904 422 1961 487 Α
1982 418 2224 474 vitiatos.
2275 417 2506 474 Proinde
2545 416 2851 487 compnncti
2889 416 3189 488 appetimus
3218 414 3388 471 vitare
3424 414 3570 484 quod

281 516 565 591 ingemuit.
1984 512 2229 580 fecimus,
2283 521 2340 567 ut
2389 511 2452 565 ad
2487 511 2537 567 id
2588 511 2729 583 quod
2776 510 2901 566 facti
2946 506 3142 565 fuimus
3185 505 3564 565 reformentur.

358 607 451 664 42.
504 606 923 679 Compunctionis
977 605 1187 673 e/fectus
1226 605 1281 659 in
1326 604 1584 677 perfectis.
1608 601 1879 662 —Perfe-
1981 605 2136 664 Unde
2167 613 2221 663 et
2249 616 2373 678 apte
2401 606 2676 677 sequitur:

218 740 235 776 ι
283 710 427 759 ctam
456 699 665 757 scilicet
693 698 927 757 animam
958 702 1056 754 ista
1086 697 1428 771 compnnctio
1463 695 1683 757 afﬁcere
1722 695 1878 757 fami—
1966 765 1980 776 _
2374 700 2598 757 CAPUT
2638 699 2785 757 lith
2814 699 2923 775 [ΑΙ.
2949 684 3171 772 XXII].

222 765 242 845 ἶ
283 790 471 851 liarius
493 790 658 858 solet,
680 804 784 863 qua
815 803 1003 851 omnes
1033 765 1443 861 imaginationes
1476 804 1766 861 corporeae
1796 790 1880 845 in-
1966 765 1980 786 ’
2053 794 2219 850 Vens.
2252 792 2417 849 l7.—-
2442 791 2509 850 Ut
2531 802 2723 851 avertat
2750 765 3005 850 hominem
3027 791 3088 848 ab
3119 765 3198 847 llis
3222 805 3337 867 qute
3366 788 3503 863 fecit,
3526 794 3576 842 et

282 884 525 944 solenter
553 882 659 943 sibi
688 882 969 943 obviantes
999 892 1026 921 ι
1054 882 1319 951 discutit,‘
1343 891 1399 941 et
1437 883 1615 940 cordis
1663 882 1878 939 oculum

286 978 459 1051 ﬁgere
500 976 555 1034 in
603 966 721 1047 ipso
760 975 913 1035 radio
944 976 1418 1047 incircumscriptus
1457 976 1595 1035 lucis
1630 973 1876 1032 intendit.

286 1071 401 1129 Has
428 1072 627 1143 quippe
648 1069 941 1143 ﬁgurarum
962 1069 1319 1143 corporalium
1340 1071 1547 1142 species
1570 1068 1637 1127 ad
1657 1082 1717 1126 se
1739 1071 1880 1125 intus

287 1178 359 1221 ex
405 1163 717 1222 inﬁrmitate
758 1165 1001 1238 corporis
1044 1165 1224 1223 traxit.
1287 1163 1393 1223 Sed
1449 1162 1686 1236 perfecte
1726 1178 1880 1221 com-

285 1268 486 1331 pnncta
535 1259 623 1317 hic
665 1274 1007 1333 summOpere
1048 1259 1311 1331 invigilat,
1339 1274 1410 1317 ne
1434 1273 1562 1317 cum
1591 1258 1878 1315 veritatem

287 1350 510 1423 quaerit,
551 1364 671 1408 eam
707 1352 1019 1422 imaginatio
1059 1351 1482 1423 circumscriptae.
1511 1350 1733 1409 visionis
1761 1350 1883 1406 illu-

285 1445 404 1515 dat,
428 1453 759 1516 cunctasque
785 1444 885 1503 sibi
913 1446 1194 1503 obviantes
1215 1446 1489 1517 imagines
1494 1445 1721 1516 respuit.
1746 1443 1880 1512 Quia

285 1539 432 1601 enim
470 1552 567 1609 per
599 1538 717 1596 illas
738 1536 875 1597 infra
906 1553 966 1595 se
998 1538 1152 1611 lapsa
1188 1547 1292 1607 est,
1333 1540 1451 1594 sine
1493 1536 1601 1593 illis
1632 1550 1791 1605 super
1822 1549 1879 1590 se

287 1629 376 1688 ire
426 1637 691 1697 conatur;
758 1637 811 1687 et
868 1638 1148 1701 postquam
1202 1622 1297 1700 per
1346 1628 1514 1684 multa
1568 1628 1882 1684 indecenter

283 1733 473 1791 sparsa
501 1729 607 1788 est,
639 1720 696 1778 in
723 1735 888 1780 unum
923 1733 983 1779 se
1007 1718 1262 1790 colligere
1296 1718 1502 1785 nititur,
1532 1725 1594 1773 ut
1619 1716 1665 1772 si
1688 1730 1878 1787 magna

283 1813 341 1871 vi
367 1814 568 1873 amoris
621 1813 895 1883 praevalet.
942 1824 1063 1869 esse
1104 1827 1266 1869 unum
1296 1819 1457 1882 atque
1498 1812 1873 1879 incorporeum

289 1906 704 1979 contempletur.

364 1998 451 2055 45.
484 1997 941 2072 Gentemplationis
980 2014 1136 2066 sapor
1176 2013 1281 2053 non
1316 1998 1414 2053 nisi
1443 1996 1632 2066 raptim
1662 2005 1879 2053 mentem

288 2090 461 2160 aﬂicit.
500 2089 639 2148 Hinc
674 2091 748 2161 pii
778 2091 1018 2163 gemitus,
1053 2088 1406 2147 delectationis
1439 2100 1606 2145 tamen
1627 2097 1875 2158 expertes.

288 2212 360 2225 —
388 2183 541 2242 Unde
574 2183 865 2257 aliquando
890 2184 959 2241 ad
988 2184 1271 2259 quamdam
1303 2184 1615 2241 inusitatam
1641 2182 1873 2239 dulcedi-

284 2290 413 2335 nem
458 2276 657 2334 interni
702 2276 912 2349 saporis
963 2275 1306 2341 admittitur,
1356 2289 1419 2331 ac
1460 2275 1654 2349 raptim
1699 2274 1879 2345 aliquo

284 2361 452 2427 modo
480 2368 690 2427 ardenti
722 2356 919 2440 spiritu
938 2367 1116 2424 alﬁata
1138 2375 1465 2435 renovatur;
1492 2375 1746 2439 tantoque
1773 2381 1880 2423 ma-

288 2463 375 2534 gis
401 2461 596 2529 inhiat,
628 2470 830 2532 quanto
857 2462 1028 2533 magis
1064 2458 1208 2533 quod
1251 2468 1399 2517 amet
1437 2460 1705 2530 degustat.
1729 2458 1756 2497 δ
1785 2459 1878 2519 At.

285 2569 397 2627 que
425 2555 526 2613 hoc
555 2555 694 2611 intra
726 2568 787 2612 se
816 2556 1017 2627 appetit
1061 2554 1204 2625 quod
1253 2554 1354 2611 sibi
1397 2552 1553 2610 dulce
1580 2568 1770 2625 sapere
1800 2554 1880 2608 in-

285 2648 560 2707 trinsecus
588 2654 776 2711 sentit,
809 2647 929 2719 quia
959 2646 1209 2703 videlicet
1231 2646 1347 2717 ejus
1367 2660 1554 2703 amore
1580 2645 1877 2702 dulcedinis

284 2740 393 2799 sibi
424 2755 602 2799 coram
643 2755 702 2798 se
743 2741 925 2807 viluit;
974 2750 1028 2799 et
1063 2748 1363 2812 postquam.
1403 2742 1563 2798 hanc.
1591 2749 1879 2811 utcumque

286 2842 316 2872 ε
348 2833 627 2904 percipere
646 2825 839 2902 potuit,
862 2831 988 2901 quid
1011 2831 1125 2887 sine
1150 2831 1240 2887 illa
1271 2830 1470 2898 dudum
1497 2827 1685 2887 fuisset
1718 2832 1879 2886 inve-

285 2922 392 2980 nit.
423 2921 520 2981 Cui
541 2922 804 2983 inhaerere
830 2932 1074 2991 conatur,
1102 2923 1198 2981 sed
1219 2923 1286 2980 ab
1308 2923 1423 2992 ejus
1446 2922 1756 2981 fortitudine
1776 2937 1872 2979 sua

284 3016 468 3075 adhuc
516 2998 1170 3089 inﬁrmitate‘repellitur;
1217 3012 1323 3096 etf1
1355 3016 1476 3086 quia
1506 2999 1636 3085 ejus.
1663 3015 1875 3071 mundi-

286 3110 419 3167 tiam
476 3110 843 3181 contemplare
902 3096 1008 3169 non
1062 3111 1247 3176 valet,
1300 3110 1430 3168 ﬁere
1472 3111 1626 3168 dulce
1678 3110 1872 3178 habet,

290 3202 506 3272 sibique
526 3204 590 3258 ad
616 3216 675 3260 se
704 3201 916 3261 cadenti
951 3203 1287 3260 infirmitatis
1309 3216 1422 3259 suae
1452 3202 1713 3275 lacrymas
1746 3211 1880 3259 ster-

286 3309 445 3351 nere.
490 3295 675 3367 Neque
716 3296 861 3355 enim
891 3300 1085 3353 mentis
1122 3298 1331 3353 oculum
1361 3305 1537 3371 potest
1564 3302 1616 3354 in
1652 3298 1701 3352 id
1736 3298 1877 3367 quod

286 3390 435 3449 intra
472 3403 534 3446 se
576 3390 772 3460 raptim
810 3390 1158 3461 conspexerit
1185 3390 1371 3464 ﬁgere,
1419 3392 1537 3459 quia
1569 3393 1685 3462 ipso
1715 3397 1867 3447 vetu-

285 3481 447 3543 statis
488 3496 600 3538 sute
646 3495 744 3538 usu
784 3482 1039 3539 deorsum
1065 3481 1144 3541 ire
1173 3483 1536 3553 compellitur.
1580 3483 1723 3541 lntcr
1768 3483 1882 3539 hmo

291 3572 535 3639 anhelat,
579 3578 790 3641 atstuat,
840 3587 1002 3644 super
1027 3588 1086 3633 se
1110 3560 1189 3630 ire
1217 3584 1463 3644 conatur,
1503 3576 1595 3632 sed
1627 3576 1695 3639 ad
1728 3577 1883 3631 fami-

288 3660 452 3719 liares
482 3661 735 3720 tenebras
764 3677 890 3722 suas
913 3666 1057 3721 victa
1095 3664 1409 3736 fatigatione
1437 3667 1713 3725 relabitur.
1749 3667 1883 3735 Quia

291 3756 529 3828 ergo'sic
552 3753 744 3813 aﬁ‘ecta
773 3757 953 3813 anima
983 3765 1172 3813 contra
1203 3754 1548 3828 semetipsam
1579 3774 1742 3829 grave
1768 3776 1885 3818 cer-

294 3856 479 3905 tamen
513 3858 535 3885 °
566 3848 755 3905 tolerat
801 3850 1168 3921 semetipsum,
1217 3860 1271 3907 et
1312 3850 1435 3921 quia
1475 3853 1649 3907 omnis
1676 3853 1791 3911 hinc
1820 3855 1888 3912 de

290 3937 448 4003 nobis
478 3939 871 4019 controversia,
908 3937 930 3978 ί
958 3955 1078 3996 cum
1109 3955 1208 3997 nos
1235 3940 1418 4010 afficit,
1463 3945 1703 4013 quamvis
1744 3946 1888 4004 dele-

293 4032 532 4089 ctatione
551 4032 827 4102 permista,
847 4048 952 4091 non
978 4034 1247 4092 modicum
1282 4036 1525 4094 dolorem
1556 4041 1711 4111 parit,
1746 4042 1885 4109 Elin,

291 4131 576 4195 postquam
615 4124 748 4209 dixit
780 4124 948 4183 Deum
991 4127 1148 4183 nobis
1191 4143 1285 4200 per
1317 4130 1585 4187 somnium
1627 4134 1793 4203 loqui,
1835 4143 1892 4191 et

292 4214 567 4275 locutione
597 4215 716 4286 ejus
744 4224 961 4276 nostras
1006 4234 1166 4276 aures
1205 4221 1425 4291 aperiri,
1469 4236 1575 4279 non
1619 4224 1889 4281 immerito

293 4308 543 4373 eamdem
571 4310 907 4381 apertionem
938 4314 1148 4369 aurium
1180 4313 1518 4386 disciplinam
1546 4327 1725 4385 vocat,
1768 4319 1890 4392 quia

291 4414 363 4460 eo
393 4403 563 4473 magis
605 4416 704 4461 nos
742 4402 1026 4461 efficiendo
1053 4407 1283 4463 conterit
1314 4450 1330 4477 ,
1366 4423 1474 4478 quo
1502 4410 1668 4480 magis
1698 4392 1773 4466 ad
1796 4426 1893 4467 nos

298 4508 402 4566 per
442 4493 711 4552 occultam
756 4495 875 4564 ejus
917 4496 1283 4564 inspirationis
1310 4500 1533 4570 gratiam
1566 4501 1893 4560 internazin-

302 4586 614 4660 telligentia:
641 4603 807 4646 sonus
829 4590 1082 4660 erumpit.
1115 4590 1300 4660 Neque
1328 4592 1468 4649 enim
1500 4594 1655 4651 ﬁeret
1682 4597 1891 4653 extrin-

1924 4556 1973 4618 D

1982 887 2158 947 liberet
2180 904 2295 942 eum
2317 887 2379 943 de
2409 887 2664 959 superbia.
2808 944 2814 951 ,

2020 1032 2023 1037 λ
2053 978 2143 1036 44.
2186 968 2601 1051 Compunctione‘
2619 986 2894 1034 avertimur
2917 994 2949 1032 a
2974 976 3192 1047 peccatis
3221 975 3366 1048 prius
3395 989 3576 1045 perpe-

1985 1072 2151 1140 tratis,
2182 1082 2229 1127 et
2258 1070 2290 1125 α
2314 1071 2554 1141 superbia
2582 1070 2880 1127 liberamur.
2907 1100 2975 1111 —-
2995 1068 3134 1138 Quid
3164 1068 3307 1126 enim
3339 1076 3366 1115 ε
3416 1066 3577 1120 1ιοιιιο

1983 1162 2050 1217 de
2075 1162 2254 1232 seipso
2276 1161 2378 1217 nisi
2405 1172 2679 1234 peccatum
2708 1161 2871 1217 fecit?
2897 1160 3060 1235 753
3081 1158 3149 1216 Et
3174 1158 3433 1230 scriptum
3459 1164 3572 1211 est:

1983 1254 2200 1310 Initium
2240 1255 2402 1311 omnis
2450 1257 2644 1328 peccati
2688 1254 2927 1329 superbia
2958 1253 3131 1329 (Eccl.
3172 1270 3243 1322 ι,
3286 1252 3400 1323 15).
3429 1251 3577 1306 Bene

1984 1363 2114 1419 ergo
2138 1348 2334 1405 dicitur
2361 1348 2486 1419 quia
2523 1350 2682 1403 homo
2713 1362 2833 1403 cum
2864 1350 2931 1403 ab
2959 1345 3042 1401 his
3072 1361 3193 1417 quae
3225 1344 3353 1401 fecit
3380 1340 3577 1401 averti-
3662 1338 3671 1345 ’

1986 1448 2071 1493 tur
2099 1439 2167 1494 de
2196 1438 2445 1508 superbia
2469 1437 2747 1493 liberatur.
2786 1436 2985 1493 Contra
3014 1436 3348 1493 conditorem
3382 1433 3578 1503 quippe

1983 1530 2259 1601 superbire
2289 1538 2371 1585 est
2398 1537 2665 1601 praecepta
2706 1528 2823 1599 ejus
2859 1526 3133 1599 peccando
3161 1522 3573 1594 transcendere,

1983 1623 2108 1695 quia
2148 1624 2299 1696 quasi
2350 1639 2377 1677 a
2436 1639 2496 1679 se
2542 1623 2728 1695 iugum
2777 1620 3160 1678 dominationis
3197 1619 3315 1692 ejus
3353 1617 3576 1689 excutit,

1986 1710 2025 1787 by
2043 1715 2129 1771 cui
2153 1731 2249 1787 per
2290 1712 2648 1771 obedientiam
2679 1713 2901 1771 subesse
2930 1712 3250 1770 contemnit.
3297 1710 3369 1768 At
3388 1718 3578 1765 contra

1985 1810 2074 1879 qui
2097 1810 2147 1865 id
2178 1808 2320 1879 quod
2354 1808 2478 1864 fecit
2500 1812 2669 1863 vitare
2689 1806 2911 1881 appetit,
2946 1806 3000 1863 id
3022 1805 3164 1877 quod
3197 1820 3228 1859 a
3259 1804 3371 1859 Deo
3402 1801 3576 1859 factus

1984 1910 2067 1957 est
2095 1900 2451 1971 recognoscit,
2495 1908 2549 1955 et
2589 1899 2655 1953 ad
2700 1898 3025 1955 conditionis
3054 1911 3166 1952 suae
3196 1893 3441 1952 ordinem
3472 1892 3577 1949 ltu-

1983 1993 2182 2049 militer
2203 1992 2364 2058 redit,
2387 1993 2513 2047 dum
2541 2005 2635 2045 sua
2661 2005 2823 2061 opera
2854 1988 3083 2063 fugiens,
3112 1988 3273 2044 talem
3298 2000 3359 2042 se
3393 1983 3412 2022 ί
3439 1999 3574 2057 qua-

1987 2083 2052 2138 lis
2076 2098 2109 2138 a'
2155 2083 2267 2139 Deo
2310 2080 2485 2138 factus
2525 2091 2610 2137 est
2654 2080 2844 2153 diligit.
2874 2078 3012 2149 Quia
3041 2093 3170 2135 vero
3198 2093 3293 2149 per
3324 2075 3463 2130 hanc
3494 2074 3576 2129 in-

1984 2176 2331 2248 telligentiam
2381 2174 2554 2247 gloria
2605 2174 2938 2245 sempiterna
2989 2171 3266 2244 recipitur,
3315 2165 3575 2240 supplicia

1983 2282 2190 2335 aeterna
2217 2275 2474 2339 vitantur,
2507 2279 2628 2342 apte
2655 2268 3033 2340 subjungitur:

2357 2361 2583 2419 CAPUT
2624 2361 2790 2416 χχιιι
2832 2358 2979 2430 utea.
3011 2354 3198 2431 XIV].

2054 2458 2220 2514 Ylas.
2256 2455 2344 2511 18.
2372 2486 2441 2496 -
2466 2452 2669 2510 Eruens
2704 2454 2932 2511 animam
2982 2452 3091 2523 ejus
3122 2449 3185 2504 de
3228 2446 3573 2525 corruptione,

1983 2560 2027 2604 et
2060 2550 2210 2604 vitam
2241 2549 2405 2615 illius,
2437 2555 2492 2600 ut
2522 2561 2626 2603 non
2653 2552 2881 2599 transeat
2902 2544 2957 2598 in
2992 2540 3246 2615 gladium.

2056 2640 2142 2696 45.
2187 2638 2277 2695 Sic
2306 2640 2504 2694 eruitur
2533 2638 2707 2693 anima
2729 2653 2762 2691 a
2811 2636 3143 2707 corruptione
3173 2643 3223 2690 et
3241 2652 3273 2691 a
3297 2630 3456 2689 divini
3476 2630 3574 2704 ju-

1983 2736 2109 2790 dicii
2137 2734 2337 2807 gladio.
2360 2763 2431 2775 —
2453 2734 2640 2791 Otnnis
2687 2732 2885 2804 quippe
2930 2738 3185 2805 peccator
3222 2728 3292 2786 ab
3319 2729 3422 2785 hac
3448 2742 3575 2784 cor-

1984 2828 2235 2899 ruptione
2306 2826 2557 2885 vitiorum
2616 2826 2743 2883 illuc
2806 2824 2874 2881 ad
2939 2823 3177 2896 gladium
3233 2820 3577 2894 compellitur

1988 2927 2223 2983 transire
2259 2939 2578 2996 poenarum,
2633 2931 2691 2979 ut
2730 2920 2873 2979 unde
2918 2918 3006 2979 hic
3043 2918 3226 2990 inique
3274 2914 3577 2975 delectatus

1984 3027 2086 3083 est,
2139 3017 2265 3073 inde
2306 3018 2414 3075 illic
2453 3017 2597 3087 juste
2638 3015 2927 3073 crucietur.
2980 3011 3285 3073 Notandum
3330 3018 3414 3071 est
3449 3023 3579 3081 ergo

1985 3112 2127 3184 quod
2158 3112 2302 3168 Deus
2331 3112 2489 3167 nobis
2526 3124 2620 3180 per
2649 3108 2920 3169 somnium
2963 3107 3212 3177 loquens,
3240 3103 3393 3175 prius
3423 3115 3521 3159 nos
3546 3115 3580 3159 ι

1985 3206 2353 3275 corruptione,
2401 3214 2456 3260 et
2502 3201 2847 3275 postmodum
2895 3216 2929 3259 a
2970 3199 3150 3273 gladio
3199 3198 3417 3267 liberat,
3453 3194 3580 3269 quia

1984 3297 2237 3371 nimirum
2268 3296 2414 3351 illius
2445 3295 2613 3351 vitam
2639 3293 2753 3351 illic
2778 3292 2942 3365 eripit
2978 3292 3048 3349 ab
3075 3291 3279 3349 ultione
3304 3289 3575 3362 supplicii,

1986 3390 2140 3458 cujus
2179 3388 2268 3444 hic
2299 3395 2535 3445 tuentem
2576 3386 2847 3444 subtrahit
2883 3399 2911 3439 a
2943 3382 3305 3443 delectatione
3349 3380 3577 3455 peccati.

1989 3480 2177 3549 Neque
2223 3481 2367 3537 enim
2414 3480 2521 3536 illic
2563 3478 2725 3537 habet
2763 3477 2906 3548 quod
2935 3476 3228 3535 formidare
3278 3476 3476 3533 debeat
3512 3474 3584 3532 de

1988 3573 2165 3644 gladio
2224 3576 2540 3638 sementim,
2606 3587 2765 3643 quem
2825 3572 2913 3631 hic
2970 3581 3091 3643 post
3143 3570 3579 3629 emendationem

1990 3681 2142 3723 suam
2167 3666 2391 3736 pollutio
2420 3680 2529 3720 non
2560 3664 2860 3735 corruperit
2889 3663 3079 3734 culpm.
3109 3662 3255 3719 Bene
3280 3676 3411 3732 ergo
3440 3660 3579 3720 dici-

1994 3767 2080 3813 tur
2107 3777 2119 3812 ε
2146 3756 2349 3814 Eruens
2381 3758 2607 3821 animam
2633 3758 2746 3831 ejus
2769 3758 2833 3815 de
2871 3757 3221 3828 corruptione,
3252 3764 3301 3811 et
3330 3754 3485 3811 vitam
3512 3754 3580 3809 il-

1992 3849 2127 3918 lius,
2176 3862 2229 3906 ut
2285 3867 2388 3907 non
2437 3861 2663 3907 transeat
2701 3853 2757 3906 in
2802 3851 3059 3924 gladium.
3109 3851 3187 3915 De
3234 3848 3582 3920 corruptione
3624 3842 3627 3843 ⁷

1993 3960 2225 4015 namque
2275 3945 2341 3999 ad
2369 3944 2605 4016 gladium
2655 3945 2885 4001 transire
2926 3953 3011 4003 est
3056 3952 3181 4016 post
3208 3951 3426 4015 peracta
3454 3944 3583 4000 vitis

1992 4038 2057 4094 ad
2092 4037 2367 4095 toleranda
2398 4031 2659 4108 supplicia
2689 4038 2992 4110 pervenire.
3036 4038 3290 4109 Sequitur
3312 4055 3331 4094 z

2186 4128 2414 4189 CAPUT
2443 4129 2607 4187 χχιιι
2639 4129 2780 4204 [γει.
2812 4127 3045 4202 XXIII,
3070 4129 3197 4187 Rec.
3223 4128 3377 4203 XV].

2074 4225 2234 4281 Vens.
2272 4225 2358 4281 19.
2383 4253 2450 4264 --
2481 4222 2723 4293 Increpat
2771 4240 2968 4296 quoque
3014 4241 3105 4297 per
3139 4225 3371 4281 dolorem
3415 4223 3470 4279 in
3514 4224 3587 4281 Ιο-

2001 4315 2158 4387 ctulo,
2183 4325 2231 4370 et
2261 4318 2434 4369 omnia
2465 4332 2579 4369 ossa
2609 4319 2723 4386 ejus
2752 4332 3062 4371 marcescere
3090 4318 3233 4385 facit.
3386 4318 3387 4321 “

2075 4410 2166 4465 ιϐ.
2211 4408 2277 4465 In
2324 4412 2566 4481 presenti
2594 4411 2719 4478 vita,
2768 4410 2931 4465 omnis
2958 4426 3114 4481 quam
3151 4411 3297 4466 nobis
3345 4425 3591 4479 paramus

2003 4506 2203 4575 requies
2231 4504 2593 4561 tentationibus
2618 4505 2885 4560 turbatur.
2919 4503 2987 4557 In
3026 4504 3252 4573 quolibet
3279 4520 3478 4560 secessu
3510 4506 3590 4560 si-

2001 4614 2115 4653 vere
2145 4596 2255 4653 sine
2279 4598 2641 4658 tentationibus
2672 4614 2773 4652 non
2817 4614 3107 4669 possumus.
3130 4628 3203 4640 —
3228 4597 3286 4654 ltt
3314 4596 3591 4668 Scriptura

302 4691 468 4736 secus
496 4679 726 4752 quisque
762 4681 906 4752 quod
932 4690 1036 4753 est,
1067 4681 1115 4741 si
1144 4698 1255 4739 non
1283 4683 1604 4742 intrinsecus
1633 4688 1896 4757 potuisset
2001 4704 2155 4745 sacra
2203 4690 2374 4747 lectus
2403 4731 2417 4757 ,
2462 4692 2575 4747 sive
2617 4693 2908 4762 grabatus,
2963 4696 2976 4743 l
3019 4709 3113 4748 seu
3169 4673 3394 4749 stratum
3419 4732 3434 4760 ,
3496 4692 3592 4748 ali-

307 4769 516 4828 sentire
541 4771 683 4842 quod
707 4773 945 4830 nondum
976 4782 1078 4832 est.
1113 4774 1355 4849 Namque
1384 4790 1506 4831 cum
1538 4780 1897 4849 nosmetipsos
2002 4783 2217 4855 quando
2247 4786 2490 4857 voluptas
2508 4764 2714 4851 carnis,
2742 4785 3029 4855 aliquando
3059 4787 3369 4855 repausatio
3399 4785 3452 4841 in
3494 4785 3593 4842 bo.

300 4864 623 4935 inspicimus
651 4865 790 4923 bene
816 4867 1082 4937 conditos,
1120 4868 1216 4926 sed
1246 4868 1315 4924 ad
1346 4871 1748 4939 persuasionem
1779 4873 1896 4929 dia-
2004 4874 2088 4931 nis
2121 4875 2393 4947 operibus,
2446 4876 2735 4947 aliquando
2775 4878 2988 4947 requies
3037 4877 3351 4947 temporalis
3396 4877 3594 4948 accipi-

297 4955 539 5014 bolicam
584 4957 840 5027 pestifera
884 4960 1242 5019 consensione
1290 4960 1567 5033 deceptos,
1610 4963 1663 5021 in
1716 4965 1899 5023 nobis-
2008 4975 2113 5023 tur.
2144 4967 2281 5034 Quid
2307 4977 2391 5024 est
2421 4968 2564 5024 enim
2590 4970 2732 5038 quod
2772 4966 2824 5025 i'n
2850 4968 3141 5039 Evangelia
3170 4978 3358 5028 sanato
3380 4969 3592 5025 cuidam

299 5048 550 5121 metipsis
588 5050 917 5109 attendimus
956 5052 1103 5110 aliud
1134 5066 1258 5111 esse
1290 5054 1433 5124 quod
1461 5054 1707 5123 fecimus,
1750 5057 1899 5114 aliud
2008 5059 2265 5115 Dominus
2297 5057 2426 5117 dicit
2452 5078 2463 5112 :
2519 5060 2708 5131 Surge,
2740 5061 2862 5116 tolle
2888 5050 3165 5132 grabatum
3188 5070 3367 5131 tuum,
3397 5070 3447 5117 et
3468 5060 3596 5114 uade

301 5139 453 5211 quod
481 5139 605 5198 lacti
627 5156 817 5211 sumus
844 5160 858 5210 ;
887 5143 1195 5201 conditione
1222 5160 1319 5204 nos
1345 5146 1606 5219 integros,
1631 5148 1724 5207 sed
1748 5150 1903 5221 culpa
2008 5150 2066 5205 in
2115 5150 2324 5206 domum
2350 5160 2493 5207 tuam
2523 5152 2705 5222 (Joan.
2754 5168 2807 5221 ν,
2836 5152 2928 5218 8),
2955 5154 3057 5209 nisi
3085 5153 3226 5223 quod
3272 5168 3367 5223 per
3405 5152 3597 5222 graba-
3678 5164 3686 5175 ”

385 5300 413 5335 ⁸
440 5297 666 5357 Vindoc.
698 5300 753 5357 et
780 5292 987 5368 Norm.,
1020 5301 1208 5358 decutit
1308 5304 1311 5305 ⁷

384 5367 414 5408 δ
436 5368 657 5448 librate.
683 5368 1018 5448 at__VlndOc.,
1043 5378 1195 5448 atque
1223 5376 1291 5430 ad
1319 5377 1413 5431 hoc
1442 5378 1639 5432 intrare
1679 5379 1897 5448 appetit.

384 5450 410 5520 ξ
435 5439 735 5520 ξίὀειρςθιιω
748 5444 913 5510 litim,
935 5439 1133 5520 [ft-tutel.
1149 5455 1204 5500 et
1224 5448 1405 5520 liene"
1420 5451 1680 5520 percipere
1693 5439 1895 5506 meruit.

384 5509 413 5585 fi
440 5512 515 5568 lta
553 5512 775 5585 Norm.,,
797 5509 919 5573 cum
945 5514 1199 5584 Vindoc.,
1237 5509 1401 5575 Colb.
1422 5509 1479 5575 'et
1507 5509 1603 5585 all,
1633 5521 1720 5575 ubi
1750 5521 1895 5585 Editi

309 5578 515 5659 habent
543 5602 555 5637 :
580 5585 703 5655 quia
727 5578 837 5658 ej'us
859 5586 1124 5642 munditia:
1144 5578 1515 5659 contemperari
1544 5578 1644 5645 non
1673 5578 1823 5645 valet.

387 5652 561 5736 °_l_luc
588 5652 958 5736 revocavimus
986 5652 1479 5736 semetipsum'quae
1508 5677 1615 5736 vos
1649 5664 1702 5719 in
1729 5664 1899 5719 Editis

312 5725 614 5802 exciderat,
651 5728 775 5785 licet
797 5743 1013 5787 samum
1043 5725 1449 5802 exquisitiorém
1472 5733 1688 5790 efficiat.

391 5794 413 5833 ί
438 5794 843 5868 Ειιίιὶτοεθιιι.·,
871 5817 987 5859 cum
1014 5818 1106 5859 nos
1129 5794 1283 5874 afﬁcit
1310 5804 1526 5875 afﬂigit.
1576 5804 1693 5862 Non
1723 5806 1893 5863 solum

2005 5307 2265 5363 redundat
2288 5307 2498 5379 af/ligt'l,
2524 5308 2621 5366 sed
2644 5309 2799 5364 etiam
2830 5300 3047 5379 sensum
3079 5308 3233 5379 tollit.
3262 5304 3398 5359 Hinc
3426 5305 3581 5361 dele-
3644 5320 3653 5331 ‘

2015 5381 2211 5441 vimus.
2238 5378 2415 5435 secuti
2438 5381 2563 5436 Mss.
2596 5380 2858 5443 tlolbert.,
2880 5378 3090 5441 Nurm.,
3120 5378 3368 5445 Vindoc.,
3396 5384 3499 5432 etc.

2084 5460 2109 5498 κ
2144 5452 2358 5507 Ebroic.
2388 5462 2443 5508 et
2470 5453 2560 5507 alii
2590 5452 2796 5516 Norm.,
2829 5451 2893 5503 dc
2919 5453 3147 5517 proprio.

2085 5518 2111 5557 ιι
2134 5521 2208 5581 Ita
2229 5538 2351 5579 cum
2383 5524 2627 5587 Vindoc.,
2659 5522 2923 5589 Colbert.,
2954 5531 3081 5588 etc.,
3120 5528 3224 5576 vet.
3255 5517 3400 5579 Edit.
3426 5519 3484 5577 Ιιι
3514 5534 3599 5578 re-

1990 5602 2180 5665 cent”
2222 5594 2309 5665 qui
2339 5611 2426 5664 per
2448 5592 2860 5665 inobedientiatn.

2372 5665 2553 5753 {inditis
2602 5662 2839 5728 additur,
2885 5678 3017 5732 esse,
3060 5664 3204 5739 quod
3244 5666 3600 5753 cxppnximus

2009 5734 2350 5813 adltzereutes
2374 5734 2501 5793 Mss.
2818 5806 2827 5813 _
2925 5806 3005 5813 __
3079 5734 3145 5813 ⁷,
3252 5796 3258 5803 .

2086 5809 2098 5857 i
2131 5806 2341 5873 Norm.,
2374 5824 2462 5864 seu
2487 5816 2709 5873 stratus,
2734 5814 2787 5863 et
2816 5806 2885 5863 ita
2924 5806 3078 5864 infra.
