4066 6348
556 354 652 407 ’370

1751 294 1997 403 sanest
2035 340 2373 399 GREGORII
2410 342 2627 400 MAGNI
3072 314 3081 321 ’
3706 348 3799 406 ιω

553 479 660 523 tum
683 463 942 550 .v'o‘tuptas
965 468 1206 536 corporis
1236 464 1579 534 designatur?
1613 463 1678 517 Et
1705 462 1920 531 jubetur
1952 461 2135 530 utique
2156 436 2216 520 ’Δ
2243 456 2369 550 dum
2401 459 2699 550 oblectatur
2722 458 2776 513 in
2798 458 2904 550 via,
2937 457 3282 550 obliviscatur
3309 458 3450 550 quod
3486 459 3800 522 desiderabat

549 569 608 621 ut
632 561 736 615 hoc
766 575 930 615 sanus
968 570 1165 630 portet,
1202 560 1292 615 ubi
1323 559 1568 614 inﬁrmus
1601 560 1865 628 jacuerat,
1900 558 2023 627 quia
2057 558 2140 610 ni-

550 653 746 707 mirum
797 652 972 707 omnis
1003 653 1091 721 qui
1143 652 1318 706 adhuc
1345 651 1490 706 vitiis
1535 651 1853 716 delectatur,
1900 649 2142 703 inﬁrmus

550 744 689 812 jacet
718 744 770 798 in
792 744 1150 813 voluptatibus
1189 746 1389 798 carnis.
1423 745 1527 798 Sed
1558 752 1782 798 sanatus
1820 742 1922 796 hoc
1965 749 2143 811 portat

488 858 489 861 η
551 844 577 872 ι
609 821 696 890 ubi
736 837 980 891 infirmus
1005 837 1265 907 jacuerat,
1298 835 1433 905 {quia
1487 836 1674 889 divino
1713 833 1979 903 adjutorio
2025 848 2143 888 ere—

553 937 677 996 ptus
706 943 734 980 a
766 928 933 994 vitiis,
977 928 1222 999 ejusdem
1278 928 1457 982 carnis
1495 926 1851 982 contumelias
1900 933 2140 996 postmo-

550 1018 674 1071 dum
725 1018 940 1085 tolerat,
971 1021 1025 1073 in
1061 1021 1212 1088 cujus
1245 1020 1390 1089 prius
1432 1020 1717 1074 desideriis
1748 1020 2138 1088 requiescebat.

550 1107 782 1162 Rursum
818 1126 911 1179 per
948 1112 1142 1165 lectum
1168 1113 1252 1165 vel
1286 1119 1510 1166 stratum
1559 1112 1865 1180 repausatio
1889 1112 1941 1165 in
1988 1113 2142 1166 bonis

550 1201 808 1268 operibus
842 1203 1173 1271 designatur.
1212 1202 1363 1257 Unde
1418 1203 1470 1256 in
1522 1204 1887 1272 apostolorum
1921 1204 2143 1261 Actibus

548 1289 744 1348 Petrus
779 1296 1055 1363 apostolus
1085 1294 1216 1350 dicit
1241 1310 1255 1347 :
1280 1293 1479 1362 Enen,
1509 1304 1652 1347 sanet
1684 1304 1730 1349 te
1760 1294 2014 1349 Dominus
2044 1294 2141 1348 Je-

548 1400 632 1440 stts
662 1383 936 1450 Christus;
964 1402 1135 1456 surge,
1179 1396 1228 1439 et
1257 1396 1421 1440 sterne
1457 1386 1545 1439 tibi
1576 1386 1716 1459 (Act,
1752 1403 1824 1454 ιχ,
1860 1387 1974 1458 54η).
2001 1388 2141 1456 Quid

546 1484 633 1530 est
662 1476 869 1541 dicere,
904 1477 1091 1547 Surge,
1120 1478 1243 1543 nisi,
1285 1478 1425 1531 mala
1455 1493 1577 1547 qua:
1613 1479 1953 1547 perpetrasti,
1987 1479 2145 1535 dere-

545 1565 774 1637 linque?
805 1568 872 1622 Et
902 1570 1028 1638 quid
1056 1578 1139 1623 est
1178 1569 1381 1635 dicere,
1414 1558 1755 1636 Sterne'tibi,
1782 1571 1905 1637 nisi,
1933 1586 2142 1625 merce-

546 1659 632 1715 dis
653 1675 843 1716 causas
874 1663 925 1716 in
951 1664 1141 1732 quibus
1188 1665 1528 1733 requiescere
1553 1664 1751 1718 debeas
1792 1665 2052 1734 operare?
2085 1675 2145 1721 ut

547 1762 603 1807 et
625 1754 840 1809 deserat
872 1756 1138 1824 surgendo
1161 1771 1280 1825 qua:
1305 1757 1448 1821 fecit,
1480 1769 1531 1810 et
1580 1758 1818 1810 inveniat
1848 1760 2141 1813 sternendo

2253 546 2305 600 in
2335 549 2523 615 patria.
2545 547 2676 615 Quia
2703 561 2834 618 ergo
2871 548 2924 602 in
2956 548 3057 603 hac
3082 550 3187 603 vita
3229 549 3405 604 omnis
3430 558 3626 614 nostra,
3654 568 3796 622 quam

2251 637 2482 694 fortasse
2526 641 2849 709 paravimus,
2883 641 3095 711 requies
3123 641 3389 709 turbatur,
3419 651 3561 697 recte
3586 644 3795 703 dicitur:

2247 728 2491 801 Increpat
2530 750 2731 803 quoque
2779 749 2868 801 per
2906 734 3138 789 dolorem
3186 736 3241 788 in
3269 735 3488 801 lectulo,
3531 735 3579 790 id
3621 747 3715 803 est,
3753 740 3798 796 in

2249 824 2534 891 praesentis
2558 824 2676 878 vita:
2702 825 2885 895 requie
2910 825 2994 880 vel
3020 825 3334 880 tentationis
3365 841 3462 880 nos
3492 827 3707 883 stimulis
3728 832 3799 886 vel

2245 912 2442 983 flagelli
2487 914 2780 971 afﬂictione
2830 919 3138 975 conturbat.
3180 918 3312 973 Nam
3368 934 3510 989 saepe
3563 920 3799 980 humanus

2246 1008 2455 1063 animus
2485 1010 2786 1079 quamlibet
2824 1010 2971 1066 brevi
3015 1020 3255 1080 tempore
3300 1014 3419 1068 sine
3451 1017 3728 1071 tentatione
3754 1018 3801 1071 in

2245 1098 2403 1153 bonis
2433 1102 2625 1155 studiis
2666 1100 2851 1170 fuerit,
2887 1118 3010 1156 mox
3043 1103 3111 1159 de
3146 1103 3348 1158 eisdem
3388 1106 3577 1161 studiis
3614 1107 3663 1161 in
3699 1110 3801 1176 qui-

2250 1189 2349 1245 bus
2373 1192 2703 1262 quiescendo
2740 1208 2801 1248 se
2829 1194 3021 1261 exerit,
3053 1194 3121 1250 de
3152 1196 3283 1265 ipsis
3321 1196 3607 1253 virtutibus
3632 1200 3803 1267 quibus

2248 1284 2590 1352 multiplicari
2644 1287 2851 1351 nititur,
2880 1287 3007 1341 dum
3035 1288 3296 1357 proﬁcere
3339 1305 3399 1344 se
3427 1292 3611 1357 sentit,
3642 1292 3802 1345 eleva-

2249 1384 2353 1429 tur.
2398 1376 2549 1431 Unde
2588 1378 2676 1447 pio
2707 1380 2932 1434 rectoris
2967 1383 3136 1435 nostri
3181 1382 3568 1447 moderamine,
3600 1382 3801 1451 impulsu

2248 1471 2558 1526 tentationis
2589 1472 2844 1537 afficitur,
2882 1482 2942 1527 ut
2980 1475 3034 1528 in
3064 1468 3130 1530 eo
3160 1476 3271 1545 ipsa
3311 1476 3581 1546 profectus
3608 1478 3682 1531 sui
3711 1479 3804 1533 ela-

2248 1563 2321 1616 tio
2374 1568 2781 1633 comprimatur.
2832 1567 3170 1637 Quapropter
3218 1578 3500 1640 postquam
3536 1570 3805 1624 dixitzln-

2247 1669 2416 1727 crepat
2445 1676 2642 1730 quoque
2679 1677 2770 1732 per
2800 1662 3027 1716 dolorem
3057 1664 3109 1716 iu
3142 1662 3348 1730 lectulo,
3400 1671 3526 1732 apte
3552 1664 3805 1734 subjunxit

2246 1749 2393 1821 [Hea
2421 1749 2470 1803 X
2488 1750 2581 1820 γι]
2607 1770 2621 1805 :
2654 1752 2720 1807 Et
2749 1756 2919 1807 omnia
2945 1771 3061 1809 ossa
3086 1756 3197 1825 ejus
3227 1771 3538 1810 marcescere
3566 1758 3703 1826 facit.

508 1880 521 1883 -
548 1847 690 1913 quod
716 1846 918 1901 fecerit.
950 1846 1102 1912 Quod
1126 1855 1416 1915 utrumque
1443 1846 1711 1914 Propheta
1737 1848 1971 1902 breviter
1995 1864 2137 1904 cont-

2318 1839 2407 1895 48.
2437 1840 2542 1896 Per
2573 1846 2901 1899 tentationem
2944 1838 3317 1918 cognoscimus,
3353 1846 3479 1918 quid
3529 1864 3592 1901 ea:
3629 1848 3798 1902 uiribus

548 1937 860 2005 prehendit,
915 1938 1386 1992 dicenszbeclina
1435 1956 1466 1991 a
1509 1940 1669 2007 malo,
1718 1949 1765 1993 et
1811 1940 1892 2009 fac
1951 1940 2140 1995 bonum

543 2025 723 2096 (Psat.
753 2043 937 2093 xxxw,
968 2029 1086 2099 27).
1122 2029 1406 2085 Declinare
1438 2031 1635 2101 quippe
1665 2046 1697 2085 a
1719 2032 1861 2085 malo
1881 2042 1960 2087 est
1984 2033 2051 2087 ab
2075 2047 2141 2089 eo

543 2134 650 2187 quo
675 2120 845 2189 jacuit
872 2136 1133 2193 surgere;
1165 2124 1362 2177 bonum
1404 2137 1536 2177 vero
1586 2123 1785 2189 facere,
1819 2134 1905 2180 est
1935 2140 2140 2181 merce-

544 2211 628 2265 dis
652 2226 839 2280 opera,
865 2214 915 2266 in
945 2213 1140 2281 quibus
1179 2214 1526 2282 requiescere
1559 2214 1776 2279 debeat,
1807 2212 2135 2285 praepara're.

545 2303 649 2369 Qui
670 2305 812 2359 enim
842 2306 1076 2360 declinat
1101 2321 1130 2359 a
1163 2306 1326 2372 malo,
1358 2306 1452 2359 sed
1480 2306 1621 2360 bona
1648 2306 1822 2359 adhuc
1854 2322 1959 2360 non
1986 2307 2133 2372 facit,

543 2397 779 2451 surrexit
819 2397 1037 2466 quidem
1090 2398 1158 2453 ab
1187 2414 1252 2453 eo
1307 2414 1417 2468 quo
1442 2400 1632 2467 jacuit,
1662 2399 1757 2453 sed
1797 2399 1886 2453 ubi
1927 2399 2137 2467 requie-

545 2498 704 2542 scere
734 2487 949 2553 debeat,
982 2489 1220 2543 nondum
1252 2492 1463 2545 stravit.
1500 2490 1567 2544 Et
1611 2505 1824 2545 rursum
1849 2492 2019 2547 lectus
2051 2492 2137 2547 vel

545 2587 773 2634 stratum
807 2584 1021 2652 requies
1045 2582 1356 2652 temporalis
1396 2582 1681 2652 accipitur,
1713 2585 1853 2638 sicut
1879 2584 2135 2653 scriptum

546 2678 627 2722 est
659 2687 671 2721 :
702 2670 1009 2726 Universum
1056 2680 1273 2727 stratum
1314 2674 1426 2743 ejus
1470 2675 1684 2727 versasti
1735 2676 1789 2727 in
1836 2675 2138 2744 inﬁrmitate

544 2761 652 2831 ejus
702 2761 863 2833 754
895 2762 1010 2832 (Ps.
1038 2779 1127 2830 XL,
1160 2764 1239 2833 4).
1270 2764 1402 2818 Cum
1428 2762 1570 2818 enim
1603 2766 1827 2835 quisque
1850 2768 2006 2822 euris
2036 2782 2135 2823 sae-

547 2855 819 2908 cularibus
868 2856 1120 2925 fatigatus
1156 2846 1417 2910 'deserere
1468 2871 1565 2925 per
1621 2856 1859 2911 divinam
1907 2859 2132 2928 gratiam

545 2946 704 3017 hujus
737 2949 922 3003 mundi
950 2951 1141 3003 itinera
1168 2949 1437 3004 laboriosa
1460 2952 1856 3019 compungitur,
1891 2954 2134 3023 cogitare

545 3040 682 3093 solet
713 3041 983 3108 quomodo
1014 3042 1294 3109 praesentis
1315 3043 1437 3094 vitae
1466 3041 1729 3096 desideria
1759 3042 1945 3112 fugiat,
1974 3053 2028 3097 et
2059 3044 2127 3098 ab

546 3131 662 3199 ejus
706 3132 978 3187 laboribus
1028 3133 1351 3202 requiescat,
1389 3132 1599 3202 sibique
1646 3149 1767 3188 mox
1812 3135 2131 3191 desideratas

2245 1935 2491 2004 prapriis,
2521 1939 2643 2006 quid
2666 1938 2839 1991 divino
2869 1956 2932 1994 ex
2955 1956 3165 1996 munere
3196 1943 3471 2013 possimus.
3502 1972 3572 1982 —
3597 1942 3719 1997 Ossa
3753 1943 3800 2015 ip

2248 2024 2524 2097 Scriptura
2572 2042 2723 2082 sacra
2756 2030 2987 2086 virtutes
3024 2033 3336 2101 accipimus,
3385 2033 3527 2087 sicut
3571 2034 3806 2103 scriptum

2246 2127 2348 2172 est.
2383 2118 2633 2172 Dominus
2659 2121 2882 2174 custodit
2911 2118 3084 2177 omnia
3106 2140 3221 2178 ossa
3243 2139 3443 2190 eorum,
3477 2140 3636 2178 unum
3664 2141 3723 2178 ea:
3748 2127 3808 2179 eis

2246 2227 2346 2265 non
2369 2222 2660 2265 conteretur
2692 2211 2866 2283 (Psal.
2921 2230 3120 2279 sunt,
3150 2213 3265 2285 21).
3299 2216 3453 2283 Quod
3502 2216 3677 2286 utique
3717 2230 3809 2274 non

2243 2302 2312 2357 de
2340 2303 2550 2357 ossibus
2578 2305 2841 2373 corporis,
2875 2303 2902 2342 ἀ
2931 2306 3025 2361 sed
3052 2306 3119 2360 de
3147 2307 3353 2361 viribus
3385 2307 3585 2363 dicitur
3612 2307 3809 2363 mentis.

2244 2393 2374 2447 Nam
2417 2405 2565 2450 certe
2612 2396 2856 2451 novimus
2899 2397 3040 2467 quod
3096 2409 3151 2454 et
3195 2378 3486 2454 multorum
3538 2410 3809 2471 martyrum

2241 2489 2591 2556 corporaliter
2618 2504 2740 2543 ossa
2771 2489 3044 2545 confracta
3067 2501 3209 2558 sunt,
3245 2500 3300 2547 et
3325 2501 3694 2562 persecutores
3719 2492 3809 2545 Do-

2243 2580 2395 2644 mini,
2425 2580 2647 2635 latronis
2690 2582 2851 2648 illius,
2883 2585 2969 2638 cui
3009 2584 3213 2639 dictum
3262 2594 3364 2651 est,
3410 2582 3586 2639 Hodie
3634 2599 3810 2638 mecum

2242 2672 2342 2724 eris
2363 2670 2417 2723 in
2439 2673 2681 2741 paradiso
2703 2672 2857 2743 (Luc.
2884 2690 3038 2741 χχιιι,
3064 2674 3176 2744 45),
3202 2677 3342 2732 sicut
3369 2675 3591 2731 latronis
3612 2677 3810 2731 alterius

2246 2765 2295 2819 in
2327 2780 2487 2823 cruce
2513 2782 2670 2823 crura
2699 2768 2990 2839 fregerunt.
3022 2771 3154 2827 Cum
3181 2788 3311 2843 ergo
3337 2775 3581 2845 increpat
3615 2789 3704 2844 per
3727 2772 3810 2829 do-

2246 2857 2412 2913 lorem
2464 2862 2516 2915 in
2547 2862 2767 2926 lectulo,
2801 2866 2980 2918 omnia
3010 2880 3130 2920 ossa
3163 2866 3288 2922 facit
3316 2882 3674 2934 marcescere,
3704 2866 3811 2936 quia

2245 2963 2367 3004 cum
2401 2954 2453 3005 in
2484 2967 2547 3006 ea
2575 2957 2759 3022 requie
2788 2971 2948 3026 quam
2982 2958 3135 3012 nobis
3165 2959 3232 3012 ab
3264 2959 3365 3014 hoc
3393 2963 3598 3014 saeculo
3625 2974 3811 3029 prmpa-

2250 3057 2429 3097 ramus
2478 3044 2691 3112 ﬂagello
2722 3049 3035 3103 tentationis
3062 3050 3345 3117 afﬁcimur,
3376 3051 3463 3118 qui
3500 3050 3735 3113 fortasse,
3755 3049 3811 3104 de

2241 3137 2525 3193 virtutibus
2555 3141 2754 3196 nostris
2782 3142 2949 3197 inflari
2972 3146 3255 3212 potuimus,
3289 3146 3522 3214 cognitas
3550 3145 3811 3199 inﬁrmita-

546 3223 741 3291 quietis
778 3224 1025 3278 ordinem
1068 3226 1277 3293 quaerit,
1310 3236 1364 3281 et
1388 3227 1549 3289 _velut
1579 3227 1846 3296 quoddam
1879 3239 2128 3299 stratum,
2162 3227 2209 3292 C
2244 3228 2311 3283 lis
2338 3241 2533 3285 nostra:
2560 3232 2717 3287 taedio
2747 3243 3126 3289 extenuamur.
3169 3236 3301 3291 Cum
3330 3238 3475 3291 enim
3508 3239 3649 3292 sicut
3678 3237 3814 3305 cupi-

546 3314 623 3368 sic
664 3329 695 3366 a
736 3318 947 3370 cunctis
991 3316 1267 3372 laboribus
1308 3318 1627 3373 cessationis
1674 3320 1847 3373 locum
1893 3323 2136 3378 invenire

546 3407 899 3475 concupiscit.
932 3408 1039 3464 Sed
1067 3406 1187 3479 quia
1216 3411 1267 3463 in
1313 3411 1411 3465 hac
1446 3412 1550 3466 vita
1582 3412 1757 3468 adhuc
1792 3414 1957 3469 homo
1989 3418 2133 3485 posi-

544 3509 658 3565 tus,
692 3500 747 3554 in
795 3502 1084 3572 cujuslibet
1111 3504 1317 3559 ordinis
1349 3506 1487 3575 loco,
1530 3507 1582 3560 in
1617 3507 1900 3576 cujuslibet
1943 3511 2135 3566 secreti

544 3588 574 3629 ι’
602 3606 823 3648 secessu
847 3595 1029 3651 vivere
1051 3597 1167 3652 sine
1191 3597 1571 3654 tentationibus
1594 3599 1901 3655 nullatenus
1930 3613 2128 3672 potest,

544 3684 865 3757 plerumque
895 3690 946 3741 in
974 3688 1025 3743 id
1053 3691 1197 3759 quod
1224 3691 1288 3745 ad
1318 3694 1555 3761 requiem
1580 3697 1930 3760 construitur,
1964 3700 2135 3767 major

543 3780 699 3834 dolor
730 3782 1042 3835 tentatiOnis
1075 3784 1367 3838 invenitur.
1400 3785 1550 3839 Unde
1593 3798 1737 3842 recte
1774 3803 1869 3856 per
1894 3789 2137 3859 PrOphe-

543 3883 650 3928 tam
681 3874 912 3929 dicitur:
947 3875 1251 3929 Universum
1282 3888 1501 3930 stratum
1532 3881 1641 3949 ejus
1672 3882 1880 3933 versasti
1906 3882 1957 3934 in
1988 3884 2137 3951 inﬁr-

546 3966 722 4018 mitate
747 3969 881 4036 ejus.
922 3969 1000 4019 Ac
1023 3968 1066 4018 si
1089 3967 1295 4021 diceret
1324 3984 1336 4019 :
1363 3968 1535 4022 Omne
1557 3970 1696 4037 quod
1731 3970 1816 4024 hic
1846 3974 1946 4027 sibi
1976 3990 2134 4043 para-

549 4058 625 4112 vit
665 4059 731 4113 ad
774 4061 1035 4129 requiem,
1086 4062 1188 4115 hoc
1230 4063 1280 4116 ei
1328 4066 1546 4118 mutasti
1586 4067 1799 4120 occulto
1831 4067 2039 4135 judicio
2068 4070 2138 4125 ad

548 4150 1028 4218 perturbationem.
1060 4154 1212 4219 Quod
1240 4153 1327 4223 pio
1352 4156 1563 4225 quidem
1591 4168 1613 4194 α
1647 4157 1742 4213 Dei
1769 4160 1994 4215 consilio
2024 4164 2137 4231 agi-

544 4249 655 4304 tur,
688 4250 747 4295 ut
778 4242 933 4311 hujus
956 4244 1402 4314 peregrinationis
1433 4255 1673 4317 tempore
1704 4249 2003 4306 eleCtorum
2028 4255 2136 4308 vita

551 4330 811 4386 turbetur.
1350 4338 1355 4343 ’
1582 4340 1587 4341 “

619 4420 761 4492 [γει.
806 4422 944 4475 XXI
957 4423 1047 4496 γ.]
1079 4425 1170 4481 47.
1216 4426 1321 4481 Hic
1357 4430 1551 4496 optimo
1579 4428 1681 4485 Dei
1713 4433 1927 4487 consilio
1957 4435 2139 4506 afﬂigi-

549 4527 683 4577 mur,
718 4531 780 4567 ne
799 4517 930 4569 viam
953 4532 1046 4587 pro
1078 4520 1247 4587 patria
1282 4522 1581 4594 diligamus.
1604 4552 1675 4564 —-
1705 4523 1797 4580 Via
1827 4526 2138 4595 quippe'est

2243 3339 2361 3377 mus
2388 3323 2454 3377 ad
2487 3325 2652 3379 Deum
2683 3325 3013 3394 proﬁcimus,
3044 3329 3086 3381 si
3115 3329 3410 3397 profectum
3444 3338 3687 3385 nostrum
3711 3340 3814 3383 ten-

2247 3415 2375 3468 tatio
2424 3414 2568 3469 nulla
2628 3416 2887 3485 pulsaret,
2937 3418 3167 3485 alicujus
3215 3433 3314 3474 nos
3345 3418 3673 3475 fortitudinis
3707 3430 3815 3473 esse

2243 3506 2606 3561 crederemus.
2638 3506 2743 3561 Sed
2774 3509 2896 3577 quia
2946 3509 3227 3563 nobiscum
3259 3526 3503 3581 ,superna
3551 3512 3815 3580 diepensso

2245 3598 2390 3652 tione
2417 3600 2612 3666 agitur,
2648 3608 2705 3652 ut
2752 3599 3072 3655 infirmitatis
3104 3612 3302 3657 nostra}
3328 3604 3451 3673 quia
3494 3602 3815 3672 proﬁcientes

2242 3691 2636 3759 obliviscimur,
2666 3691 2826 3764 755
2856 3693 3045 3748 tentati
3070 3694 3393 3762 recolamus,
3426 3705 3484 3749 et
3506 3695 3559 3750 in
3593 3693 3816 3764 profectu

2244 3793 2429 3838 nostro
2458 3783 2587 3851 quid
2614 3783 2681 3838 de
2711 3785 2893 3838 divino
2936 3801 3179 3854 munere,
3214 3795 3270 3840 et
3314 3786 3366 3840 in
3412 3786 3707 3840 tentatione
3732 3797 3815 3837 co-

2247 3877 2556 3946 gnoscimus
2586 3877 2713 3946 quid
2745 3877 2811 3931 de
2850 3874 3081 3947 propriis
3107 3879 3311 3933 viribus
3341 3894 3548 3934 sumus.
3578 3878 3703 3946 Quae
3729 3888 3815 3930 nos

2247 3970 2487 4039 profecto
2517 3973 2742 4025 tentatio
2777 3970 2843 4025 ad
2888 3972 3105 4039 plenum
3149 3982 3385 4040 raperet,
3422 3972 3527 4026 nisi
3569 3968 3817 4041 protectio

2244 4077 2473 4131 superna
2506 4070 2764 4117 servaret.
2804 4062 2908 4118 Sed
2941 4064 3136 4131 pulsat,
3171 4079 3270 4119 nec
3313 4061 3549 4133 frangit;
3585 4059 3816 4131 impellit,

2246 4172 2345 4213 nec
2374 4164 2584 4223 movet;
2610 4156 2804 4226 quatit,
2842 4170 2942 4211 nec
2969 4155 3170 4225 dejicit,
3210 4165 3270 4211 ut
3307 4157 3377 4211 de
3404 4169 3590 4212 nostra
3620 4149 3821 4209 inﬁrmi-

2249 4261 2358 4307 tate
2398 4252 2695 4306 sentiamus
2744 4265 2866 4306 esse
2897 4249 3087 4320 °quod
3118 4243 3409 4318 quatimur,
3455 4259 3511 4305 et
3536 4250 3605 4304 de
3651 4248 3820 4302 divino

2244 4358 2467 4399 munere
2496 4358 2617 4397 esse
2646 4343 2785 4410 quod
2828 4351 3051 4397 stamus.
3089 4342 3158 4396 Et
3182 4325 3307 4411 quia
3350 4356 3495 4410 saepe
3526 4343 3705 4395 anima
3733 4337 3821 4392 ali-

2243 4433 2397 4503 cujus
2444 4434 2570 4488 boni
2608 4432 2711 4487 sibi
2755 4433 2993 4500 conscia,
3046 4447 3167 4487 cum
3205 4434 3431 4487 virtutes
3458 4447 3585 4487 suas
3614 4429 3715 4485 sibi
3760 4424 3820 4480 ad

2254 4525 2567 4580 memoriam
2591 4533 2830 4589 revocat,
2862 4524 3091 4593 quadam
3119 4512 3473 4579 delectatione
3502 4528 3753 4593 pascitur.
3774 4525 3822 4574 et

551 4608 657 4660 vita
700 4623 959 4676 praesens,
1004 4628 1107 4682 qua
1141 4614 1207 4667 ad
1245 4616 1469 4681 patriam
1505 4617 1807 4683 tendimus;
1856 4630 1909 4673 et
1939 4620 2138 4675 idcirco
2167 4625 2221 4686 ι)
2252 4619 2405 4686 quasi
2432 4617 2793 4681 gratulatione
2815 4616 3049 4686 praprirc
3073 4615 3417 4685 plenitudinis
3444 4616 3819 4684 impinguatur,

552 4699 641 4754 hic
672 4702 882 4755 occulto
913 4704 1118 4771 judicio
1162 4705 1428 4776 frequenti
1476 4709 1879 4777 perturbatione
1908 4713 2137 4767 conteri-

500 4842 519 4851 ,
551 4806 692 4855 mur,
722 4809 789 4848 ne
835 4795 971 4849 viam
1003 4811 1101 4863 pro
1151 4799 1319 4867 patria
1369 4800 1673 4869 diligamus.
1720 4800 1908 4856 Solent
1936 4806 2135 4858 etenim

550 4886 794 4939 nonnulli
846 4889 1100 4958 viatores,
1141 4908 1261 4946 cum
1311 4908 1521 4950 amoena
1570 4895 1798 4950 fortasse
1845 4898 1897 4951 in
1945 4895 2141 4963 itinere,

548 4984 700 5043 prata
729 4978 1090 5046 conspiciunt,
1143 4985 1398 5052 pergendi
1436 5000 1630 5041 moras
1672 4986 1972 5053 innectere,
2016 4998 2072 5044 et
2106 5005 2136 5044 a

550 5068 710 5134 empti
748 5067 956 5123 itineris
984 5072 1307 5129 rectitudine
1341 5075 1634 5145 declinare,
1668 5094 1963 5148 eorumque
1988 5095 2139 5149 gres-

547 5171 640 5212 sus
672 5160 847 5215 tardat
878 5163 1221 5229 pulchritudo
1252 5167 1481 5235 itineris,
1506 5169 1631 5223 dum
1656 5170 1907 5226 delectat.
1940 5171 2145 5226 Electis

549 5264 679 5319 ergo
709 5253 821 5306 suis
846 5254 913 5307 ad
958 5270 1018 5309 se
1058 5258 1403 5327 pergentibus
1445 5261 1701 5317 Dominus
1746 5264 1905 5334 hujus
1954 5266 2138 5322 mundi

550 5343 653 5399 iter
695 5360 944 5414 aSperum
978 5349 1124 5415 facit,
1168 5366 1236 5407 ne
1264 5352 1391 5408 dum
1436 5355 1662 5423 quisque
1708 5356 1828 5410 vita.-
1860 5359 2139 5426 praesentis

550 5437 761 5504 requie,
798 5441 955 5509 quasi
995 5442 1308 5498 ammnitate
1363 5446 1461 5498 viae
1499 5446 1754 5513 pascitur,
1804 5450 1971 5520 magis
2017 5465 2140 5507 eum

548 5526 642 5582 diu
687 5545 934 5602 pergere,
985 5548 1145 5603 quam
1201 5535 1359 5591 citius
1409 5539 1691 5607 pervenire
1736 5540 2004 5609 delectet;
2048 5558 2137 5612 ne,

624 5676 649 5748 ς
674 5667 839 5748 _Dee-st
864 5672 1103 5748 inﬁrmus
1126 5673 1180 5748 in
1207 5675 1428 5743 Pratel.,
1454 5677 1727 5748 Beccensi,
1752 5681 1890 5739 Utic.
1916 5692 1971 5737 et
1994 5676 2138 5741 aliis.

542 5802 562 5857 ⁸
621 5735 647 5773 δ
674 5737 731 5791 ln
780 5735 970 5796 iisdem
1022 5746 1364 5811 membranis,
1417 5735 1622 5806 recessu
1667 5735 2137 5810 trinitatis};

565 5820 755 5857 unone.
1226 5838 1231 5845 ι

565 5820 755 5859 unone.
1226 5838 1231 5845 ι

2250 4709 2384 4763 bene
2420 4707 2619 4763 dicitur
2666 4707 2808 4777 quod
2857 4708 3153 4762 tentatione
3203 4706 3448 4775 pulsante
3495 4706 3823 4760 marcescunt

2246 4817 2389 4865 ossa,
2423 4804 2556 4868 quia
2577 4800 2701 4855 dum
2734 4801 2951 4870 propria
3000 4799 3286 4854 inﬁrmitas
3328 4798 3626 4853 tentatione
3664 4796 3822 4850 inter-

2248 4901 2468 4962 rogante
2496 4893 2862 4962 cognoscitur,
2907 4893 3081 4947 omnis
3129 4891 3218 4945 illa
3274 4900 3581 4946 nostrarum
3615 4887 3823 4963 virium.

2247 4983 2397 5040 velut
2417 4984 2631 5053 pinguis
2657 4983 2956 5053 viridisque
2983 4983 3291 5053 gratulatio,
3332 4983 3511 5038 subito
3540 4976 3820 5036 snxietatil

2246 5090 2483 5132 maerore
2526 5076 2776 5141 siccatur,
2810 5083 2865 5130 et
2895 5075 2984 5144 qui
3018 5090 3115 5129 nos
3160 5075 3383 5145 alicujus
3412 5090 3535 5128 esse
3575 5067 3823 5128 momenti

2244 5171 2385 5227 bona
2417 5178 2601 5224 nostra
2635 5169 2910 5238 pensando
2942 5168 3287 5235 credidimus,
3317 5168 3504 5236 pulsati
3539 5168 3697 5236 paulo
3724 5178 3825 5219 am-

2247 5261 2389 5331 plius
2416 5262 2686 5331 perituros
2730 5275 2830 5316 nos
2858 5261 2973 5331 jam
3014 5263 3232 5331 jamque
3265 5261 3641 5327 formidamus.
3686 5258 3826 5313 Tunc

2245 5367 2408 5409 enine
2436 5352 2702 5409 bonorum
2744 5362 3055 5407 nostrorum
3086 5353 3340 5424 gaudium
3369 5353 3602 5408 vertitur
3645 5352 3698 5405 in
3737 5360 3824 5417 pa“

2250 5460 2435 5501 vorem
2464 5459 2765 5516 poenarum.
2792 5444 2942 5499 Tunc.
2963 5445 3179 5515 iniquos
3206 5460 3303 5499 nos
3324 5457 3443 5499 esse
3470 5438 3822 5513 deprehendi-

2247 5557 2387 5607 mus,
2418 5543 2507 5613 qui
2560 5547 2778 5597 sanctos
2822 5540 2981 5611 paulo
3016 5547 3140 5595 ante
3168 5537 3542 5594 credebamus.
3578 5530 3837 5591 Tabescit.

3140 5663 3169 5689 Ι

2324 5694 2345 5722 α
2369 5682 2646 5737 Omittitur
2675 5681 2770 5735 Dei
2793 5680 2843 5737 in
2874 5678 3067 5735 Pratel.

2316 5752 2344 5790 ιι
2380 5754 2592 5808 Ebroic.
2622 5764 2674 5808 et
2699 5752 2947 5817 Vindoc.,
2979 5750 3069 5804 sed
3097 5750 3161 5803 de
3185 5748 3471 5805 virtutibus.

2326 5833 2349 5859 ο
2376 5825 2558 5880 Norm.
2586 5835 2640 5881 et
2671 5823 2921 5889 Vindoc.,
2943 5820 3079 5890 quod
3110 5822 3357 5890 patimur.
