4066 6348
290 367 385 423 281

1056 324 1419 422 ΜυΒᾸιῙυΜ
1460 364 1587 420 LIB.
1630 363 1825 421 XXIII.
1868 394 1937 408 -—
1977 366 2043 423 IN
2082 367 2309 426 CAPUT
2350 342 2570 427 XXXIII
2610 372 2673 430 Β.
2712 372 2852 431 J08.

3466 381 3569 437 282

287 495 469 548 mens,
520 488 737 551 stupent
771 479 909 534 oculi
935 519 952 545 ,
983 494 1143 534 omne
1181 479 1324 549 quod
1379 479 1523 549 prius
1554 494 1872 550 prosperum
1899 488 1953 546 Α
1978 489 2068 535 cto
2089 481 2292 549 Spiritu
2325 484 2466 563 intra
2499 486 2794 543 Ecclesiam
2822 488 3011 559 plenus
3040 501 3123 548 est
3160 507 3284 550 eum
3310 495 3398 563 qui
3424 498 3565 557 mala

287 574 567 632 arridebat
594 572 906 636 evanescit;
940 572 1028 625 lux
1060 573 1170 641 ipsa
1203 571 1416 626 fastidio
1445 580 1548 639 est,
1575 584 1628 628 et
1657 572 1786 627 sola:
1817 588 1877 629 se

287 671 341 725 in
372 670 556 726 animo
603 666 839 721 tenebrae
890 667 1136 721 mteroris
1186 666 1504 735 effundunt;
1563 668 1696 724 nihil
1735 668 1879 738 quod

290 763 522 818 delectet
553 757 828 829 aspicitur,
860 760 1013 816 triste
1040 769 1123 815 est
1153 760 1411 831 quidquid
1435 763 1691 816 occurrit.
1722 761 1875 817 Unde

286 864 341 911 et
364 863 487 924 apte
512 853 756 922 sequitur
780 870 793 906 :

694 942 920 1000 CAPUT
960 944 1107 1000 xxv
1137 945 1286 1019 [ηερε.
1317 944 1537 1019 XVII].

364 1038 526 1093 Vsus.
548 1038 641 1093 20.
668 1065 741 1077 --
763 1045 790 1074 ι
814 1038 1189 1095 Abominabilis
1212 1040 1257 1092 ei
1292 1040 1348 1108 ﬁt
1376 1039 1428 1092 in
1457 1027 1561 1093 vita
1589 1056 1683 1094 sua
1706 1041 1873 1110 panis,

282 1141 333 1186 et
372 1133 560 1185 anintte
588 1129 732 1184 illius
759 1130 898 1184 cibus
926 1141 1045 1185 ante
1080 1130 1461 1187 desiderabilis.

360 1224 451 1278 49.
494 1222 599 1277 Per
621 1240 804 1294 panem
834 1224 887 1276 in
915 1222 1191 1292 Scriptura
1219 1216 1366 1279 sacra
1386 1225 1552 1279 multa
1577 1227 1877 1299 signiﬁcan-

286 1326 374 1371 tur
394 1332 416 1372 :
438 1316 493 1370 1⁸
521 1314 753 1370 Christus
775 1332 794 1380 ;
820 1314 878 1367 2’
899 1318 1103 1387 gratia;
1133 1318 1189 1371 3°
1211 1334 1362 1371 sacra
1390 1319 1663 1383 doctrina;
1689 1318 1746 1371 4°
1770 1318 1877 1373 Ita-

282 1410 561 1462 reticerum
607 1408 937 1477 praedicatio;
982 1408 1039 1462 5⁸
1077 1409 1363 1463 subsidium
1412 1412 1528 1465 vita:
1567 1411 1873 1480 pressantis;

284 1494 344 1551 6‘
364 1494 674 1570 jurunditas
712 1497 953 1551 Itumante
994 1497 1364 1553 delectationis.
1391 1528 1462 1540 -—
1484 1507 1559 1555 Ac
1609 1502 1652 1555 si
1693 1511 1877 1570 aperte

283 1589 433 1645 dicat
458 1607 473 1645 :
503 1588 717 1645 Alﬂicta
746 1605 902 1645 mens
927 1589 1027 1644 sibi
1055 1592 1108 1645 in
1143 1592 1555 1646 amaritudinem
1588 1594 1720 1647 verti
1745 1608 1875 1648 con-

282 1681 490 1737 siderat
515 1681 772 1751 quidquid
810 1697 868 1737 se
911 1692 1067 1737 antea
1110 1684 1305 1739 blande
1336 1672 1673 1756 libenterque
1711 1689 1873 1740 satia-

281 1771 395 1829 bat.
420 1772 564 1845 [Vet.
589 1773 795 1845 ΧΧΥ.)
824 1775 878 1829 In
910 1774 1184 1846 Scriptura
1208 1778 1349 1833 enim
1378 1793 1531 1833 sacra
1554 1781 1706 1847 panis
1733 1780 1874 1837 bali-

1985 580 2079 621 sua
2120 560 2353 626 evadere
2382 571 2570 627 nititur
2609 574 2932 632 eruditionis
2968 578 3205 649 alloquio
3234 560 3570 642 con-soletur.

1990 658 2236 730 Fugienti
2261 662 2468 718 scilicet
2491 679 2614 720 cum
2645 666 2872 736 panibus
2897 684 3184 729 occurrere
3210 683 3293 729 est
3311 678 3572 736 metuenti

1984 762 2184 809 aeterna
2236 757 2499 825 supplicia
2545 759 2803 816 doctrina:
2850 777 3019 819 saera:
3056 780 3211 822 escas
3259 768 3476 837 oll‘erre,
3517 782 3575 829 et

1987 846 2147 901 modo
2182 856 2447 902 tumorem
2480 858 2688 907 terrore
2725 854 3102 925 comprimere,
3126 859 3286 916 modo
3316 876 3570 931 pavorem

1983 937 2359 995 exhortatione
2391 940 2655 999 relevere.
2683 944 2816 1013 Quia
2849 948 2999 1016 panis
3024 950 3243 1005 refectio
3273 953 3566 1024 Scriptura:

1982 1042 2150 1084 sacra:
2199 1047 2305 1086 non
2353 1030 2795 1092 inconvenieuter
2843 1039 3121 1109 accipitur,
3168 1057 3266 1113 per
3312 1046 3563 1102 eumdem

1981 1125 2298 1194 praphetam
2328 1127 2530 1184 Iudaeis
2567 1131 2739 1186 solam
2772 1131 3013 1206 litteram
3058 1138 3394 1193 servantibus
3431 1140 3572 1195 dici-

1982 1227 2105 1273 tur:
2137 1218 2308 1284 Quare
2349 1224 2636 1293 appenditis
2675 1236 2969 1295 argentum,
3024 1239 3071 1282 et
3115 1244 3220 1282 non
3257 1231 3311 1283 in
3353 1232 3571 1299 panibus

1981 1311 2133 1384 (Isai.
2165 1331 2250 1383 ιν,
2280 1316 2373 1386 2)?
2398 1320 2475 1372 Ac
2503 1318 2548 1372 si
2595 1317 2796 1374 diceret
2821 1335 2836 1372 :
2862 1318 3106 1376 Peusatis
3135 1335 3286 1376 sacra
3334 1323 3567 1392 eloquia,

1978 1407 2074 1461 sed
2106 1422 2209 1462 non
2241 1410 2291 1461 in
2325 1408 2636 1492 refectione,
2681 1411 2808 1481 quia
2854 1410 2980 1465 dum
3008 1411 3179 1467 solam
3224 1412 3414 1468 littera:
3443 1428 3569 1483 spe-

1979 1505 2118 1560 ciem
2143 1506 2448 1571 custoditis,
2500 1508 2567 1561 de
2616 1507 2845 1577 spiritali
2891 1508 3241 1577 intelligentia
3284 1509 3566 1578 pinguedi-

1978 1610 2099 1650 nem
2143 1595 2367 1650 internat
2421 1594 2729 1652 relectionis
2778 1598 3050 1654 amittitis.
3100 1598 3250 1654 Unde
3283 1598 3397 1655 illic
3442 1608 3570 1668 apte

1975 1686 2315 1757 subiungitur
2341 1706 2356 1740 :
2384 1685 2452 1742 Et
2500 1688 2727 1743 laborem
2774 1698 2998 1743 uestrum
3052 1705 3158 1746 non
3203 1692 3259 1745 in
3303 1692 3570 1748 saturitate

1979 1777 2192 1848 (Ibid).

286 1866 504 1937 quando
534 1867 647 1937 ipse
698 1868 975 1936 Dominus,
1021 1870 1307 1939 aliquando
1346 1874 1641 1942 spiritualis
1670 1877 1865 1944 gratia,
1901 1895 1948 1955 Β
2047 1868 2188 1940 [Vet-
2241 1864 2485 1943 ΠΗ]
2523 1862 2753 1925 Βυτειῖιη
2798 1886 2895 1941 per
2945 1885 3141 1942 panem
3190 1873 3567 1929 haereticorum

292 1960 575 2028 aliquando
598 1960 795 2015 divina:
816 1961 1073 2018 doctrina:
1094 1964 1347 2029 eruditio,
1380 1966 1667 2035 aliquando
1701 1968 1871 2023 luere-

291 2051 518 2107 ticorum
556 2054 895 2123 prardicatio,
941 2055 1228 2126 aliquando
1254 2057 1551 2113 subsidium
1582 2062 1705 2115 vitae
1734 2077 1870 2129 prae-

287 2143 478 2211 sentts,
527 2146 813 2216 aliquando
849 2147 1158 2217 iucunditas
1201 2150 1455 2206 humana:
1495 2152 1873 2209 delectationis

282 2242 567 2310 accipitur.

354 2335 414 2391 In
447 2351 585 2406 pane
616 2337 874 2392 Dominus
902 2338 1164 2409 signatur,
1187 2339 1325 2394 sicut
1350 2339 1464 2410 ipse
1486 2339 1542 2395 in
1583 2340 1873 2411 Evangelio

277 2427 456 2483 dicit:
494 2428 607 2501 Ego
665 2447 782 2485 sum
833 2431 982 2502 panis
1022 2432 1183 2500 vivus,
1227 2434 1317 2503 qui
1356 2434 1420 2488 de
1464 2431 1590 2488 caelo
1633 2434 1883 2489 descendi

279 2517 462 2589 (Joan.
488 2536 562 2589 Vt,
593 2521 708 2592 51).
932 2522 943 2525 ”

353 2613 590 2668 RurSum
623 2631 720 2685 per
751 2631 941 2685 panem
965 2627 1133 2689 gratia
1163 2619 1289 2674 doni
1311 2620 1566 2689 spiritalis
1588 2622 1870 2692 accipitur,

279 2704 426 2760 sicut
493 2722 588 2775 per
638 2709 957 2778 prophetam
1005 2711 1201 2766 dicitur
1243 2728 1256 2763 :
1314 2710 1414 2778 Qui
1475 2714 1677 2767 obturat
1721 2730 1872 2769 aures

277 2815 420 2867 suas,
453 2818 517 2855 ne
548 2803 725 2856 audiat
755 2806 1076 2873 sanguinem,
1120 2815 1168 2858 et
1208 2805 1405 2859 claudit
1435 2806 1610 2861 oculos
1635 2822 1776 2871 suos,
1811 2824 1873 2861 ne

278 2898 452 2954 uideat
491 2897 706 2962 malum,
763 2898 859 2951 iste
894 2900 945 2953 in
977 2899 1189 2953 excelsis
1242 2898 1490 2953 habitabit
1512 2915 1532 2953 :
1563 2900 1875 2953 munimenta

277 3006 527 3049 saxorum
575 2990 862 3044 sublimitas
915 2992 1028 3060 ejus
1057 3031 1074 3057 ,
1128 2992 1277 3061 panis
1330 2994 1374 3046 ei
1404 2992 1555 3045 datus
1602 3004 1675 3045 est
1717 2988 1873 3064 (Isai.

282 3098 480 3149 sunt,
516 3080 627 3151 15).
660 3080 794 3146 Quid
827 3091 910 3136 est
952 3082 1093 3136 enim
1132 3082 1387 3138 obturare
1431 3098 1586 3137 aures
1625 3099 1772 3149 suas,
1806 3099 1875 3140 ne

283 3174 468 3229 audiat
495 3172 833 3243 sanguinem,
863 3172 969 3226 nisi
1001 3176 1234 3243 peccatis
1263 3174 1633 3240 suadentibus,
1666 3192 1784 3242 quae
1806 3176 1875 3231 de

1979 1961 2289 2032 praedicatio
2318 1963 2648 2033 designatur,
2687 1964 2828 2018 sicut
2865 1979 2961 2033 per
2989 1964 3335 2020 Salomonem
3375 1966 3568 2021 mulier

1977 2054 2249 2109 haeretica:
2280 2054 2545 2121 ecclesiae
2570 2065 2749 2127 typum
2781 2064 3019 2125 gestans,
3054 2066 3107 2110 et
3136 2055 3328 2110 stultos
3359 2070 3566 2111 convo-

1975 2162 2128 2215 cans,
2155 2149 2289 2202 dicit
2318 2147 2547 2203 rPanes
2590 2150 2815 2203 occultos
2855 2150 3069 2203 libenter
3118 2150 3249 2204 edite
3272 2148 3457 2218 (Prov.
3476 2164 3563 2224 μ,

1978 2241 2090 2310 17).
2126 2239 2245 2305 Vol,
2279 2240 2416 2295 sicut
2445 2241 2494 2293 in
2537 2252 2717 2295 nostra
2760 2243 3112 2296 translatione
3141 2243 3396 2312 scriptum
3429 2249 3514 2296 est
3545 2230 3577 2295 ε’

1975 2334 2134 2403 Aqua:
2161 2335 2364 2403 furtiva:
2391 2334 2647 2390 dulciores
2669 2346 2809 2404 sunt,
2838 2346 2885 2390 et
2916 2337 3061 2403 panis
3093 2337 3419 2391 absconditus
3439 2350 3565 2389 sua-

1974 2426 2101 2478 eior.
2134 2428 2271 2481 Sunt
2306 2427 2447 2482 enim
2481 2428 2752 2483 nonnulla:
2804 2428 3039 2484 btereses
3069 2444 3188 2499 qua:
3236 2437 3420 2498 aperte
3451 2440 3567 2482 me-

1977 2526 2127 2573 tuunt
2158 2520 2454 2589 praedicare
2484 2522 2624 2590 quod
2655 2521 2914 2589 sentiunt,
2945 2530 3001 2576 et
3045 2519 3185 2590 apud
3228 2519 3564 2575 infirmorum

1976 2622 2182 2667 mentes
2237 2615 2398 2669 verba
2437 2629 2533 2669 sua
2576 2623 2724 2669 tanto
2771 2614 2941 2685 magis
2977 2611 3004 2650 ἀ
3036 2613 3315 2678 condiunt,
3365 2620 3569 2683 quanto

1976 2706 2125 2775 quasi
2154 2707 2385 2775 amplius
2414 2715 2723 2763 reverenter
2751 2706 3109 2760 abscondunt.
3141 2704 3293 2760 Unde
3323 2718 3427 2757 non
3466 2701 3568 2757 im-

1978 2800 2171 2853 merito
2201 2800 2434 2853 dicitur:
2464 2796 2635 2852 Panes
2666 2799 2894 2853 occultos
2930 2797 3142 2851 libenter
3167 2796 3323 2850 edite.
3356 2795 3569 2853 Miseris

1977 2894 2120 2949 enim
2147 2892 2398 2948 cordibus
2435 2894 2644 2947 occulta
2680 2890 3055 2957 haereticorum
3084 2890 3244 2945 verba
3281 2902 3347 2943 eo
3395 2888 3568 2957 magis

1978 2986 2212 3053 sapiunt,
2263 3000 2372 3055 quo
2430 3000 2551 3040 cum
2609 2984 2830 3055 reliquis
2887 2982 3248 3039 communiter
3308 2994 3417 3035 non
3465 2978 3565 3034 ha-

1978 3076 2191 3133 bentur.

2054 3170 2284 3225 Rursum
2314 3184 2410 3239 per
2448 3184 2640 3239 panem
2672 3169 2971 3225 subsidium
3012 3168 3296 3240 praesentis
3324 3167 3448 3222 vita
3480 3180 3569 3221 ac-

282 3266 545 3334 sanguine
575 3272 630 3318 et
671 3278 834 3319 carne
876 3274 1188 3330 nascuntur,
1221 3280 1328 3319 non
1375 3265 1618 3335 prtebere
1646 3281 1875 3322 consen-
1903 3277 1949 3341 ρ
1980 3262 2197 3333 cipitur,
2228 3264 2367 3317 sicut
2394 3264 2562 3318 Jacob
2587 3262 2652 3317 ad
2681 3262 2861 3319 Labau
2893 3263 3183 3329 transiens,
3204 3261 3281 3316 ait
3308 3277 3322 3313 :
3353 3259 3570 3315 Domine

283 3356 445 3412 sum?
470 3356 534 3410 Et
562 3355 688 3426 quid
711 3368 814 3421 eat,
847 3370 913 3409 ne
940 3356 1139 3410 malum
1162 3356 1360 3422 videat,
1383 3358 1572 3412 oculos
1600 3358 1875 3424 claudere,

282 3448 386 3505 nisi
415 3458 575 3503 omne
605 3446 746 3517 quod
774 3448 1078 3502 rectitudini
1111 3448 1395 3503 adversum
1429 3458 1515 3503 est
1545 3465 1650 3503 non
1682 3465 1879 3520 appro-

284 3539 461 3595 bare?
492 3539 597 3593 Iste
630 3538 683 3593 in
733 3538 961 3593 excelsis
993 3539 1271 3604 habitabit,
1315 3541 1441 3609 quia
1476 3539 1719 3608 quamvis
1753 3554 1877 3594 eum

288 3632 467 3688 adhuc
502 3648 627 3709 caro
658 3634 708 3687 in
756 3632 1092 3688 inferioribus
1136 3634 1353 3697 retinet,
1395 3644 1627 3688 mentem
1655 3634 1765 3703 jam
1798 3635 1869 3692 .in

287 3725 604 3779 sublimibus
667 3723 800 3779 (irit.
858 3725 1185 3780 Munimenta
1245 3738 1503 3779 saxorum
1566 3724 1870 3781 sublimitas

285 3817 426 3888 ejus,
459 3818 583 3886 quia
616 3827 637 3855 ο
672 3816 762 3886 qui
791 3819 998 3887 ahjecta
1038 3816 1302 3885 desideria
1333 3825 1562 3872 terrena:
1596 3832 1880 3872 conversa'

291 3909 454 3964 tionis
496 3909 693 3974 calcat,
722 3908 789 3964 ad
837 3924 1125 3979 supernam
1158 3908 1383 3979 patriam
1428 3924 1523 3979 per
1572 3910 1879 3977 prteceden-

286 4002 422 4058 tium
453 4011 662 4068 patrum
702 4002 950 4073 exempla
977 4018 1038 4057 se
1069 4003 1331 4058 sublevat.
1377 4003 1439 4057 Et
1470 4004 1589 4071 quia
1623 4015 1719 4071 per
1746 4018 1881 4057 con-

290 4095 660 4165 templationis
716 4096 913 4151 donum
966 4098 1134 4164 gratia
1179 4094 1406 4165 spiritali
1454 4095 1706 4161 satiatur,
1755 4102 1881 4164 apte

288 4192 634 4263 subjungitur
661 4210 675 4247 :
700 4191 862 4245 Panis
896 4194 940 4247 ei
970 4192 1119 4245 datus
1159 4202 1254 4257 est,
1300 4191 1352 4245 id
1397 4200 1477 4245 est
1522 4187 1875 4244 refectionem

287 4285 547 4355 spiritalis
576 4286 760 4355 gratia:
800 4285 1043 4354 percipit,
1064 4284 1188 4353 quia
1215 4299 1272 4337 se
1298 4298 1326 4336 a
1360 4284 1513 4337 bouis
1544 4283 1740 4337 inlimis
1768 4297 1880 4339 c03-

290 4377 454 4434 Iestia
483 4377 751 4447 sperando
779 4376 1075 4445 suspendit.
1107 4377 1244 4431 llinc
1272 4376 1431 4430 etiam
1473 4375 1541 4429 de
1569 4386 1747 4429 sancta
1778 4376 1880 4429 Ec-

286 4469 459 4527 clesia
492 4485 582 4539 per
615 4468 779 4524 David
811 4469 1067 4523 Dominus
1094 4468 1263 4523 dicit:
1297 4467 1559 4537 Pauperes
1603 4473 1713 4541 ejus
1734 4478 1876 4522 satu-

284 4562 417 4616 rabo
441 4560 654 4632 panibus
681 4560 858 4629 (Psal.
903 4575 1086 4626 cum,
1131 4558 1245 4627 15),
1287 4558 1405 4627 quia
1453 4559 1507 4611 in
1540 4556 1630 4612 illa
1673 4568 1879 4614 mentes

1989 3356 2148 3423 Deus,
2176 3358 2218 3411 si
2251 3357 2452 3412 dederis
2478 3357 2602 3411 nti/ti
2625 3374 2807 3425 panem
2828 3358 2895 3410 ad
2940 3356 3382 3420 manducandum,
3412 3362 3460 3407 et
3488 3368 3569 3406 nea

1982 3461 2106 3505 stem
2135 3452 2203 3505 ad
2233 3452 2553 3506 induendum
2582 3449 2790 3523 (Cenes.
2840 3465 3039 3516 sum,
3070 3449 3186 3519 20).
3217 3449 3284 3503 Et
3326 3448 3466 3502 sicut
3513 3446 3569 3501 in

1985 3544 2278 3615 Evangelia
2336 3546 2593 3600 Dominus
2645 3545 2816 3599 turbis
2871 3559 2931 3599 se
2982 3542 3334 3612 sequentibus
3380 3539 3567 3593 dicit:

1987 3639 2231 3706 Quteritis
2261 3656 2361 3705 me,
2394 3656 2497 3694 non
2516 3640 2637 3709 quia
2660 3638 2857 3693 vidistis
2887 3637 3058 3708 signa,
3081 3636 3177 3690 sed.
3198 3635 3319 3706 quia
3347 3632 3568 3686 mandu-

1983 3736 2136 3803 casti;
2166 3751 2230 3789 ex
2258 3734 2497 3805 panibus,
2532 3743 2579 3785 et
2606 3732 2826 3786 saturati
2853 3731 2975 3785 estis
3003 3729 3187 3799 (Joan.
3219 3744 3291 3796 vr,
3329 3726 3448 3796 26).
3494 3725 3571 3782 De

1984 3837 2187 3898 septem
2244 3827 2384 3883 enim
2416 3826 2643 3896 panibus
2674 3826 2889 3880 fuerant
2917 3822 3112 3877 satiati.
3154 3821 3217 3877 Et
3258 3834 3352 3890 per
3380 3832 3568 3874 eorum

1984 3936 2266 3991 personam
2299 3920 2555 3974 Dominus
2580 3918 2698 3972 illos
2721 3918 2858 3972 intra
2890 3924 3128 3971 sanctam
3153 3913 3445 3970 Ecclesiam
3468 3911 3567 3968 de-

1987 4021 2236 4079 testatur,
2261 4013 2351 4082 qui
2384 4027 2476 4080 per
2497 4025 2678 4067 sacros
2704 4009 2920 4064 ordines
2940 4008 3010 4064 ad
3036 4009 3319 4063 Dominuut
3349 4006 3567 4077 propin-

1984 4112 2240 4173 quantes,
2265 4118 2370 4157 non
2400 4105 2452 4157 in
2496 4102 2699 4157 eisdem
2748 4101 3030 4157 ordinibus
3057 4100 3313 4154 virtutum
3353 4098 3569 4164 merita,

1983 4197 2075 4251 sed
2102 4196 2339 4250 subsidia
2374 4195 2497 4250 vitae
2529 4194 2809 4265 praesentis
2838 4194 3160 4265 exquirunt;
3199 4206 3299 4247 nec
3326 4191 3566 4262 cogitant

1983 4289 2108 4357 quid
2138 4288 2365 4343 vivendo
2412 4288 2606 4342 imitari
2648 4286 2900 4353 debeant,
2959 4287 3052 4342 sed
3096 4300 3215 4355 qua:
3245 4282 3569 4353 compendia
3648 4304 3651 4307 ι

1981 4379 2330 4451 percipiendo
2377 4378 2657 4435 satientur.
2715 4378 2947 4434 Satiatos
2997 4377 3195 4447 quippe
3232 4376 3299 4430 de
3344 4374 3568 4444 panibus

1982 4472 2267 4526 Dominum
2318 4472 2470 4539 sequi
2499 4482 2580 4525 est
2625 4470 2692 4525 de
2733 4477 2918 4523 sancta
2970 4467 3210 4522 Ecclesia
3254 4463 3569 4535 temporalia

1984 4562 2234 4616 alimenta
2266 4563 2580 4631 sumpsisse.
2633 4560 2700 4614 Et
2743 4574 2849 4613 non
2901 4573 2997 4626 pro
3029 4557 3199 4627 signis
3222 4566 3247 4594 ⁸
3276 4568 3358 4612 est
3386 4553 3569 4609 Domi-

288 4652 573 4708 huntilium
626 4651 814 4720 posita:
872 4646 1193 4719 spiritalium
1239 4648 1528 4717 implentur
1587 4648 1879 4704 refectione
1910 4665 1956 4723 ι)
1986 4670 2134 4721 num,
2166 4655 2260 4710 sed
2319 4669 2417 4722 pro
2455 4654 2681 4724 panibus
2717 4665 2985 4722 quazrere,
3031 4650 3098 4704 ad
3139 4649 3415 4733 religionis
3450 4646 3571 4701 om.

285 4744 571 4799 donorum.

367 4838 596 4891 Rursum
630 4851 724 4906 per
755 4851 943 4905 panem
968 4836 1164 4890 divina:
1186 4833 1443 4889 doctrina:
1466 4832 1693 4887 eruditio
1719 4835 1883 4906 756

287 4928 625 4997 designatur,
652 4931 787 4983 sicut
815 4943 910 4996 per
936 4929 1251 4997 pr0phetam
1280 4925 1475 4980 dicitur
1505 4943 1516 4979 :
1544 4924 1645 4990 Qui
1679 4925 1881 4980 habita-

294 5022 363 5074 tis
382 5021 437 5073 in
460 5031 593 5075 terra
620 5021 817 5085 Austri,
843 5036 956 5073 cum
979 5021 1194 5090 panibus
1215 5020 1469 5074 occurrite
1490 5020 1704 5090 fugienti
1722 5019 1876 5092 (Isai.

292 5127 418 5177 ut,
454 5112 563 5182 14).
598 5111 655 5166 1η
688 5122 827 5167 terra
858 5112 1055 5182 quippe
1084 5114 1259 5168 Austri
1291 5113 1532 5167 habitant
1562 5112 1647 5180 qui
1677 5115 1727 5168 in
1754 5129 1877 5167 san-

286 5216 377 5261 cta
404 5205 635 5261 Ecclesia
662 5205 820 5272 positi
841 5206 1057 5273 superni
1088 5205 1319 5275 Spiritus
1354 5206 1617 5260 charitate
1649 5206 1882 5275 perﬂan-

294 5308 406 5354 tur.
440 5299 594 5369 Fugit
629 5310 807 5353 autem
865 5300 956 5368 qtti
1012 5299 1168 5369 hujus
1213 5300 1400 5354 mundi
1463 5301 1603 5353 mala
1652 5302 1882 5360 evadere

288 5393 645 5459 concupiscit.
677 5391 778 5459 Qui
817 5406 946 5459 ergo
1001 5391 1053 5443 in
1115 5399 1251 5445 terra
1301 5392 1481 5446 Austri
1542 5392 1767 5459 habitat,
1799 5394 1883 5449 ιιι-
1912 5446 1925 5455 ,

287 5483 457 5555 gieuti
486 5499 607 5538 cum
651 5483 873 5542 nauibus
900 5492 1169 5550 occurrat,
1200 5484 1252 5538 id
1286 5493 1389 5552 est,
1424 5486 1469 5538 is
1498 5484 1588 5554 qui
1609 5483 1723 5555 Jam
1753 5500 1885 5541 san-

362 5654 393 5719 ξ
423 5645 672 5719 Viudnc.,
704 5646 1058 5702 abominabilts
1086 5648 1166 5702 illi
1196 5649 1314 5719 fuit.

364 5713 396 5756 δ
423 5720 518 5792 I_l_ic
553 5717 605 5772 iu
640 5719 775 5772 Etlit.
806 5719 1067 5792 Qus-saltv.
1106 5713 1206 5792 est'
1231 5734 1425 5792 magna
1469 5720 1682 5783 lacuna.
1712 5728 1873 5790 quam

286 5801 398 5861 ope
426 5788 553 5844 Mss.
588 5798 642 5843 et
668 5799 781 5861 vet.
808 5790 943 5844 Edit.
977 5791 1311 5858 agnovimus.

356 5867 400 5925 ,⁸
421 5864 621 5917 Omnes
646 5860 811 5927 Editi,
839 5862 1114 5925 mendose,
1139 5863 1356 5931 objecta.

1986 4746 2150 4812 cium,
2202 4760 2306 4799 non
2340 4760 2433 4813 pro
2483 4743 2738 4817 augendis
2771 4742 3086 4806 virtutibus,
3131 4741 3228 4795 sed
3260 4755 3355 4810 pro
3393 4740 3567 4810 requi~

1985 4836 2167 4892 rendis
2189 4836 2440 4891 subsidiis
2468 4836 2696 4891 inhiare.

2054 4928 2285 4983 Rursum
2318 4944 2410 4997 per
2442 4944 2633 4996 panem
2659 4928 2963 4997 jucitnditas
2988 4927 3234 4981 humana:
3262 4924 3568 4981 delectatio-

1985 5022 2072 5077 nis
2110 5024 2389 5092 accipitur.
2428 5023 2578 5078 Unde
2605 5023 2866 5079 Jeremias
2899 5022 3155 5093 propheta
3182 5019 3309 5074 dum
3349 5032 3571 5089 synago-

1985 5132 2065 5188 ga!
2113 5118 2350 5189 perditos
2402 5132 2581 5171 mores
2628 5116 2872 5184 deﬁeret,
2924 5115 3099 5170 dixit:
3129 5112 3308 5168 Omnis
3348 5112 3570 5182 populus

1986 5214 2098 5282 ejus
2142 5226 2347 5282 gemens
2396 5217 2441 5264 et
2472 5210 2727 5279 ’quterens
2780 5224 2964 5278 partem
2993 5221 3012 5260 :
3051 5205 3300 5259 dederunt
3348 5202 3570 5270 pretiosa

1985 5318 2198 5372 qumque
2237 5319 2330 5371 pro
2362 5302 2473 5356 cibo
2517 5302 2585 5354 ad
2614 5300 3005 5369 refocillandam
3034 5297 3257 5349 animam
3285 5291 3503 5365 (Thren.
3527 5306 3568 5357 ι,

1990 5394 2079 5463 Il)
2128 5393 2360 5450 Gemens
2386 5394 2529 5449 enim
2557 5393 2782 5463 populus
2805 5390 2993 5462 quaerit
3021 5402 3230 5458 panem,
3256 5388 3380 5441 dum
3404 5399 3569 5455 prava

1988 5487 2264 5545 hominum
2290 5486 2573 5544 multitudo
2599 5485 2871 5556 afﬂigitur.
2906 5483 3028 5540 auia
3061 5494 3166 5533 non
3196 5477 3263 5533 ad
3286 5489 3468 5535 votum
3496 5477 3568 5534 de

2052 5646 2080 5687 *³
2105 5650 2332 5716 Turon.,
2362 5648 2609 5704 condunt.
3002 5708 3003 5711 η

2056 5730 2082 5760 ⁸
2109 5713 2350 5791 P-terique
2380 5722 2588 5785 Nortn.,
2638 5728 2713 5791 est
2746 5717 3023 5772 Dominum
3051 5730 3300 5788 quarere,
3349 5713 3442 5772 sed
3468 5728 3566 5788 pro

1978 5794 2198 5863 panibus
2221 5790 2289 5847 ad
2318 5791 2579 5863 religionis
2605 5790 2847 5860 adiciam;
