4066 6348
501 289 604 347 285

1712 283 1956 347 SANCTI
1995 280 2324 340 GBEGORII
2365 277 2583 335 MAGNI

3564 256 3571 261 ’
3655 289 3749 346 est

436 430 447 457 _,
503 381 786 453 praesentis
816 379 942 438 vita
965 379 1297 453 iucunditate
1326 384 1569 433 satiatur.
1611 374 1718 433 Sed
1758 386 1815 434 et
1844 376 2081 447 pretiosa
2110 379 2163 437 Α
2188 372 2412 429 virtutes
2453 369 2767 436 humiliant;
2799 360 3005 439 ﬂagella
3049 369 3173 425 dum
3219 378 3453 441 tenuant,
3492 391 3750 450 surgentes

436 456 450 491 ³
503 490 727 545 αυωειυθ
757 488 856 546 pro
899 476 1022 531 cibo
1051 474 1161 540 dat,
1206 470 1329 541 quia
1369 470 1590 525 virtutes
1618 469 1813 526 mentis
1846 470 1901 525 in
1927 482 2090 537 sppe-

504 566 657 621 titum
699 566 1071 622 delectationis
1114 560 1436 617 transituris:
1480 560 1723 615 inclinat.
1770 559 1838 615 Et
1880 559 2090 615 refocil-

444 668 451 675 ‘
503 658 619 717 lare
656 659 888 713 animam
909 657 1077 730 757
1107 655 1312 720 nititur,
1344 652 1469 722 quia
1501 653 1766 722 perversis
1803 652 1916 707 suis
1946 650 2090 707 desi-

505 752 673 809 deriis
700 752 1006 809 satisfacere
1059 756 1305 805 conatur.
1337 745 1490 803 Unde
1518 747 1657 802 bene
1705 756 1826 801 mox
1858 760 1921 801 ex
1961 759 2092 801 voce

503 825 646 903 ntﬁus
686 848 871 902 electae
910 842 1266 900 multitudinis
1304 841 1526 897 subdit:
1557 840 1705 907 Vide,
1754 840 1995 905 Domine,
2044 848 2091 893 et

505 938 769 994 considera
812 939 933 1008 quia
976 939 1112 1008 facta
1153 946 1268 990 sunt
1318 935 1434 989 vilis
1460 932 1675 1006 (Thren.
1728 949 1765 1001 i,
1803 933 1913 1004 li).
1956 931 2089 987 Vilis

507 1032 705 1101 quippe
730 1030 880 1100 plebs
911 1029 1004 1085 Dei
1032 1028 1288 1092 efficitur,
1311 1026 1523 1097 quando
1555 1038 1834 1096 pravorum
1863 1038 2085 1079 numero

506 1131 804 1187 crescente,
857 1122 910 1177 in
957 1122 1035 1177 eis
1066 1136 1171 1176 non
1200 1132 1408 1174 summa
1438 1127 1493 1173 et
1539 1116 1799 1183 caelestia,
1853 1115 1947 1171 sed
1997 1116 2092 1170 ab-

504 1214 641 1284 iecta
674 1224 727 1269 et
758 1224 971 1269 terrena
992 1224 1242 1270 sectatur.

572 1305 715 1379 (Yet.
746 1305 1022 1379 XXVII.)
1068 1307 1158 1363 50.
1207 1304 1474 1376 Quidquid
1521 1304 1683 1385 sapit,
1716 1302 1764 1356 vi
1802 1301 2094 1355 tentationis

503 1402 792 1455 amarescit.
813 1426 888 1443 --
909 1401 1026 1455 Eliu
1050 1400 1227 1470 itaque
1250 1398 1372 1469 quid
1397 1398 1541 1453 aliud
1564 1408 1756 1466 partem
1778 1408 1935 1465 quam
1962 1407 2095 1464 prte-

503 1494 676 1549 sentis
717 1484 839 1548 vitae
883 1493 1288 1549 delectationem
1322 1492 1517 1546 vocat?
1545 1489 1643 1556 Qui
1676 1496 1952 1559 postquam
1984 1487 2090 1540 vim

511 1587 824 1642 tentationis
853 1586 1148 1657 expressit,
1181 1584 1323 1639 illico
1350 1581 1586 1639 subdidit
1612 1598 1624 1635 :
1655 1579 2021 1635 Abominabitis
2046 1581 2094 1633 et

507 1679 567 1746 fit
590 1680 644 1733 in
674 1680 776 1732 vita
802 1688 896 1733 sua
926 1680 1094 1747 panis,
1125 1684 1169 1731 et
1197 1677 1381 1730 anima:
1409 1675 1550 1729 illius
1579 1674 1719 1727 cibus
1748 1681 1869 1726 ante
1897 1672 2095 1726 deside-

2192 464 2247 520 in
2274 462 2439 520 corde
2463 462 2623 531 hujus
2650 458 2834 516 mundi
2860 459 3162 530 voluptates
3204 462 3493 520 eradicent.
3524 467 3619 524 Per
3648 481 3750 528 ten.

2193 556 2358 612 tantis
2402 554 2528 609 vitia
2572 551 2833 608 discimus
2864 561 2889 592 ι
2918 552 3045 622 quid
3073 553 3145 609 de
3171 555 3325 611 nobis
3353 556 3537 627 simus,
3567 572 3656 631 per
3678 563 3751 622 fe-

2191 648 2383 705 rientla
2413 636 2629 717 ﬂagella
2652 644 3026 715 cognoscimus
3053 647 3181 717 quid
3210 648 3279 705 de
3308 648 3410 705 hoc
3452 655 3644 711 mundo
3676 658 3751 714 fu-

2191 742 2415 814 giamus.
2450 740 2553 796 Per
2584 739 2673 795 illa
2718 739 3111 812 restringimur,
3153 755 3225 798 ne
3250 742 3569 804 intrinseCns
3594 753 3748 809 extol-

2190 832 2385 900 lamur,
2416 846 2510 902 per
2550 832 2650 887 ista
2693 831 3122 901 comprimimur,
3168 850 3237 890 ne
3276 837 3403 906 quid
3444 841 3754 903 extrinsecus

2192 932 2523 996 appetamus.
2561 924 2616 978 in
2650 921 2749 980 hac
2788 937 2919 994 ergo
2937 923 3048 980 vita
3083 926 3211 981 dum
3250 938 3453 997 sumus,
3476 940 3531 987 et
3553 933 3753 1005 flagellis

2192 1016 2379 1082 atteri,
2416 1023 2470 1070 et
2507 1013 2792 1085 aliquando
2824 1016 3018 1071 tentari
3059 1015 3203 1073 vitiis
3250 1028 3469 1076 necesse
3505 1031 3606 1079 est.
3640 1024 3752 1084 Sive

2193 1106 2335 1161 enim
2366 1105 2421 1159 in
2453 1105 2727 1161 laboribus
2754 1104 3117 1176 ﬂagellorum,
3151 1122 3248 1165 seu
3279 1110 3334 1165 in
3372 1114 3657 1175 certamine
3680 1118 3753 1173 vi-

2195 1198 2411 1262 tiorum,
2434 1211 2543 1253 non
2565 1197 2736 1254 solum
2762 1198 2919 1255 nobis
2943 1208 3125 1256 nostra
3156 1202 3441 1262 inﬁrmius
3462 1205 3755 1277 iunotescit,

2194 1292 2292 1348 sed
2315 1294 2474 1347 etiam
2499 1292 2553 1346 in
2575 1302 2774 1363 quanta
2793 1294 2991 1350 virtute
3013 1292 3399 1365 profecerimus
3417 1298 3756 1371 agnoscimus.

2196 1381 2348 1453 (Rea.
2373 1383 2420 1436 Χ
2436 1381 2543 1437 V11
2554 1383 2628 1455 1.]
2656 1382 2825 1441 Nemo
2851 1387 3051 1457 quippe
3098 1388 3239 1444 vires
3269 1403 3394 1445 suas
3434 1392 3488 1449 in
3528 1406 3655 1463 pace
3678 1406 3760 1452 oo-

2195 1475 2421 1545 gnoscit.
2456 1476 2512 1532 Si
2540 1476 2683 1532 enim
2712 1475 2856 1531 bella
2880 1476 3106 1547 desunt,
3138 1480 3301 1553 753
3328 1481 3580 1538 virtutum
3608 1496 3757 1557 expe-

2196 1565 2427 1619 rimenta
2473 1579 2578 1620 non
2630 1565 2916 1635 prodeunt.
2968 1568 3305 1639 improvidus
3346 1571 3500 1628 miles
3542 1584 3647 1640 est.
3684 1576 3762 1646 qui

2198 1654 2390 1713 fortem
2433 1672 2493 1714 se
2529 1659 2584 1713 in
2633 1673 2761 1730 pace
2802 1660 3078 1731 gloriatur.
3122 1662 3268 1734 (Vat.
3295 1663 3604 1738 XXVIIIJ
3642 1670 3760 1737 Quia

508 1774 711 1840 rabilis,
741 1775 861 1843 quia
896 1773 1142 1827 videlicet
1172 1785 1331 1826 omne
1360 1769 1500 1839 quod
1544 1769 1691 1837 prius
1720 1767 1786 1821 de
1817 1766 1925 1837 ipsa
1970 1780 2094 1836 pro-
2125 1770 2173 1832 Β
2197 1765 2326 1843 ergo
2347 1765 2489 1822 333W
2514 1751 2707 1843 νίτξιὲω
2736 1754 2923 1809 "mm
2950 1768 3047 1825 De?
3068 1755 3402 1827 ﬂagellorum
3430 1760 3651 1819 adversa
3677 1776 3759 1834 pas

506 1866 760 1937 speritate
787 1864 994 1921 vitandi
1022 1864 1177 1919 dulce
1200 1862 1467 1934 sapiebat,
1501 1860 1835 1931 postmodum
1866 1872 1960 1929 per
1983 1858 2090 1913 vim

507 1960 813 2017 tentationis
862 1952 1601 2026 amarescit.‘Nonnunquam
1650 1968 1781 2009 vero
1832 1951 2091 2023 quidquid

505 2048 713 2125 gaudii,
757 2052 1011 2123 quidquid
1044 2051 1251 2107 virtutis
1284 2049 1463 2105 favere
1492 2047 1790 2113 videbatur,
1827 2045 2004 2099 subito
2036 2044 2091 2097 in

506 2158 702 2218 pavore
748 2148 1056 2202 tentationis
1102 2144 1463 2218 amittitur,_et
1493 2141 1640 2211 quasi
1669 2146 1957 2194 evacuatus
1980 2138 2093 2192 eis-

507 2213 627 2295 dem
657 2237 947 2293 virtutibus
989 2237 1155 2293 tristis
1188 2213 1399 2291 animus
1440 2234 1554 2289 solo
1585 2244 1819 2287 mterore
1861 2230 2097 2299 posside-

508 2336 615 2385 tur.
651 2329 782 2383 Cum
812 2331 952 2383 enim
996 2328 1155 2398 paulo
1181 2326 1553 2382 vehementius
1585 2324 1815 2393 impulsu
1849 2322 2097 2377 tentatio-

506 2422 593 2477 nis
641 2420 889 2487 aiilcitttr,
936 2420 1057 2489 qttla
1100 2428 1320 2475 exerere
1364 2418 1468 2472 vim
1536 2415 1711 2471 solitae
1773 2406 2099 2468 fortitudinis

513 2524 618 2568 non
650 2510 822 2582 valet,
859 2520 976 2567 eam
1020 2513 1127 2582 iam
1160 2511 1307 2567 velut
1335 2511 1597 2581 perditam
1625 2507 1803 2571 dolet,
1838 2516 2000 2573 seque
2026 2514 2092 2557 ea

509 2612 583 2661 se
596 2610 822 2658 vacuum
855 2603 1113 2669 sentiens,
1143 2601 1507 2657 infirmitatem
1539 2610 1688 2654 suam
1713 2605 1739 2635 ι
1764 2611 1827 2651 ex
1860 2596 1975 2665 ipsa
1999 2608 2096 2648 sua

509 2698 770 2754 inanitate
816 2696 1108 2768 Cognoscit.
1144 2692 1298 2750 Unde
1330 2696 1395 2747 ab
1424 2693 1569 2749 omni
1613 2704 1735 2746 mox
1762 2688 2099 2759 iucunditate

510 2790 661 2862 quasi
694 2790 978 2862 frangitur;
1009 2796 1063 2846 et
1091 2800 1244 2845 escas
1278 2788 1467 2858 prioris
1500 2786 1697 2840 laetitiae
1725 2796 2004 2854 respuens,
2035 2796 2101 2837 co

510 2894 665 2956 quem
712 2885 882 2941 solum
924 2882 1400 2954 libenter‘appetit
1450 2882 1595 2936 luctu
1642 2881 1892 2937 satiatur.
1926 2878 2101 2935 Unus-

511 2978 735 3049 quisque
765 2978 902 3034 enim
930 2988 1050 3033 cum
1081 2977 1183 3034 sibi
1213 2977 1349 3033 bene
1390 2974 1600 3031 vivendi
1647 2974 1980 3044 prosperitas
2008 2986 2099 3026 ar-

510 3073 646 3130 ridet
695 3074 1001 3141 ltilarescit,
1032 3081 1192 3143 atque
1237 3074 1347 3140 ipsa
1389 3071 1630 3126 hilaritas
1678 3070 1916 3124 animum
1959 3067 2106 3122 velut

2198 1839 2414 1906 tollunt,
2440 1850 2563 1911 apte
2583 1842 2706 1899 Eliu
2729 1843 3000 1916 subiungit
3016 1882 3031 1912 ,
3055 1846 3239 1906 dicens
3263 1865 3278 1903 :

2753 1946 2984 2015 CAPUT
3023 1957 3215 2017 XXVI.

2268 2047 2432 2103 Vens.
2462 2048 2555 2105 2t.
2582 2074 2652 2092 -—
2679 2048 2926 2111 Tatmet
2952 2066 3076 2109 cara
3100 2052 3264 2125 illius,
3292 2058 3344 2111 et
3370 2070 3485 2113 assa
3512 2070 3620 2130 qua
3650 2062 3767 2116 tecto

2200 2140 2409 2205 fuerant
2438 2140 2791 2197 nudabuntttr.
3822 2144 3829 2153 ’

2271 2232 2360 2289 52.
2403 2232 2571 2289 Nemo
2617 2244 2868 2304 quantum
2913 2239 3216 2311 profecerit,
3263 2241 3367 2296 nisi
3408 2243 3542 2299 inter
3575 2236 3769 2302 aduersa

2200 2326 2482 2395 cognoscit.
2503 2348 2576 2368 —-
2601 2318 2736 2383 Cum
2763 2329 3165 2402 eninrﬂageilis
3204 2335 3573 2403 prementibus
3612 2338 3769 2394 omnis

2201 2418 2439 2474 exterior
2468 2420 2718 2490 voluptas
2745 2423 3010 2493 atteritur,
3044 2426 3270 2482 internis
3300 2427 3628 2486 fortitudinis
3662 2445 3771 2489 ossa

2203 2510 2495 2566 nudantur.
2523 2512 2662 2579 Quid
2705 2523 2883 2571 autem
2926 2518 3027 2571 hoc
3075 2518 3195 2575 loco
3235 2521 3420 2577 carnis
3449 2521 3659 2579 nomine
3684 2518 3773 2581 nisi

2204 2602 2319 2671 ipsa
2348 2604 2637 2659 delectatio
2663 2608 2897 2662 carnalis
2926 2610 3237 2679 accipitur!
3254 2611 3348 2668 Vel
3396 2614 3522 2683 quid
3548 2626 3641 2685 per
3665 2629 3771 2671 ossa

2206 2698 2306 2755 nisi
2337 2700 2562 2755 virtutes
2586 2699 2780 2754 animat
2808 2700 3188 2773 designantur?
3216 2702 3469 2762 Tabescit
3492 2720 3618 2779 ergo
3639 2718 3771 2777 caro,

2203 2800 2258 2850 et
2302 2807 2425 2848 ossa
2476 2792 2773 2859 nudantur,
2818 2794 2941 2864 quia
2990 2796 3117 2851 dum
3166 2796 3396 2867 ﬂagellis
3447 2799 3774 2870 arguentibus

2205 2883 2435 2941 carnalis
2471 2884 2758 2941 delectatio
2786 2894 3127 2954 extenuatur,
3161 2898 3224 2942 ea
3254 2902 3376 2959 quae
3408 2889 3605 2945 dudum
3642 2888 3774 2961 quasi

2205 2978 2306 3033 sub
2346 2991 2510 3033 carne
2541 2977 2809 3033 latuerant
2842 2978 3097 3034 virtutum
3131 2979 3287 3035 fortia
3320 2980 3596 3050 patefiunt.
3626 2980 3775 3036 Nemo

2205 3071 2400 3141 quippe
2429 3078 2683 3139 quantum
2718 3068 3007 3140 profecerit
3036 3072 3139 3126 nisi
3171 3074 3312 3127 inter
3341 3073 3569 3129 adversa
3593 3085 3774 3144 cogno-

511 3162 882 3222 desiderabilis
906 3162 1056 3220 cibus
1085 3162 1280 3220 reﬂclt.
1313 3161 1417 3219 Sed
1458 3176 1579 3218 cum
1612 3163 1906 3217 tentatione
1938 3146 2167 3231 pauio'c
2198 3163 2317 3218 scit.
2349 3162 2481 3217 Cum
2510 3160 2652 3218 enim
2688 3163 2883 3218 adsunt
2913 3170 3191 3245 prospera,
3225 3163 3253 3202 ⁴
3283 3167 3439 3221 cerni
3471 3166 3656 3222 virium
3692 3165 3775 3221 do-

512 3254 737 3327 ainpiius
768 3255 1079 3331 imminente
1106 3255 1360 3325 pulsatur,
1396 3263 1427 3307 a
1457 3252 1778 3327 menteejus
1823 3267 1919 3321 per
1960 3264 2097 3307 mte-

496 3346 654 3425 roris
686 3348 955 3405 fastidium
999 3347 1250 3421 gaudium
1281 3358 1441 3404 omne
1480 3348 1767 3418 respuitur’,
1804 3360 1924 3415 qua:
1954 3346 2103 3414 prius

513 3442 703 3498 ebdem
753 3434 951 3512 gaudio‘
993 3440 1142 3513 quasi
1189 3440 1375 3495 satiata
1424 3438 1723 3495 luebatur.
1760 3437 1895 3505 Quia
1942 3436 2105 3507 igitur

512 3534 678 3589 homo
706 3538 945 3590 tentatus
977 3533 1044 3589 ab
1087 3516 1191 3592 ore
1222 3531 1401 3588 cordis
1431 3544 1645 3585 omnem
1677 3529 1853 3585 cibum
1894 3529 2103 3599 respuit

511 3626 903 3695 delectationis,
929 3627 958 3667 1³
988 3628 1224 3698 nihilque
1247 3641 1368 3682 eum
1394 3625 1536 3681 aliud
1564 3636 1723 3694 quam
1754 3625 2103 3694 semetipsum

512 3722 565 3777 et
594 3728 921 3790 cognoscere
947 3726 1001 3775 et
1026 3716 1157 3776 ﬂere
1181 3720 1442 3787 deleCtat,
1473 3718 1610 3773 bene
1638 3716 1834 3774 dicitur
1858 3735 1873 3779 :
1900 3720 2107 3775 Abomi-

512 3814 694 3872 nttbilis
734 3815 780 3870 ei
810 3814 867 3883 ﬁt
908 3814 959 3867 in
992 3813 1093 3868 uita
1120 3830 1215 3869 sua
1260 3808 1428 3886 panis,
1463 3821 1509 3867 et
1550 3813 1740 3867 anima:
1769 3812 1911 3867 illius
1952 3812 2097 3867 cibus

513 3914 627 3963 ante
654 3906 1021 3962 deiiderabilis.

587 4002 674 4059 Si.
711 4001 1069 4059 Tentationunt
1097 4010 1146 4057 et
1175 4001 1503 4075 flagellorum
1529 3972 1747 4057 utilitas.
1770 4030 1839 4042 -—
1861 4000 1964 4057 Sed
1984 4043 2001 4070 ,
2032 4002 2105 4056 si-

396 4098 409 4105 ’
516 4104 607 4153 cut
626 4095 874 4166 superius
896 4096 1136 4151 diximus
1160 4095 1351 4169 (Nunt.
1376 4094 1489 4165 48),
1515 4094 1715 4150 idcirco
1739 4093 2107 4148 moderamine

516 4188 742 4244 occultae
764 4186 1183 4257 dispensationis
1210 4188 1282 4243 ita
1309 4186 1497 4242 tentari
1527 4185 1906 4257 permittimur,
1935 4193 1991 4239 ut
2018 4186 2106 4253 qni

516 4288 582 4337 ex
625 4276 803 4336 divino
833 4292 1056 4336 munere
1083 4281 1136 4336 in
1178 4282 1377 4335 virtute
1417 4274 1744 4349 proficimus,
1786 4278 1955 4333 etiam!
1980 4278 2106 4349 quid

518 4376 700 4427 sumus
729 4384 794 4426 ex
821 4369 1036 4442 propria
1065 4370 1381 4426 infirmitate
1410 4380 1797 4435 memorentur;
1829 4378 1883 4425 et
1920 4369 2009 4439 qui
2040 4382 2104 4423 es

482 4480 485 4491 '
519 4464 862 4536 perceptione
890 4462 1128 4519 muneris
1160 4478 1322 4535 opera
1350 4464 1560 4519 virtutis
1590 4460 1893 4527 inferimus,
1926 4472 1991 4517 ex
2021 4462 2105 4517 in.

2206 3264 2455 3310 comenta
2491 3269 2598 3311 non
2641 3264 2884 3326 possunt.
2919 3256 3071 3314 Unde
3113 3256 3244 3313 alias
3276 3259 3538 3329 scriptum
3576 3265 3687 3316 est:
3719 3257 3777 3311 In

2207 3350 2288 3404 die
2314 3350 2578 3404 inundavit
2619 3348 2875 3405 Dominus
2909 3350 3320 3407 misericordiam
3357 3362 3538 3423 suam,
3569 3362 3615 3407 et
3653 3360 3777 3406 nocte

2208 3442 2480 3497 declaravit
2514 3443 2685 3514 (Paul.
2716 3454 2840 3511 nt,
2870 3443 2962 3516 9);
2992 3444 3111 3516 quia
3142 3444 3399 3501 Videlicet
3434 3431 3777 3515 unusquisque

2208 3535 2423 3604 superni
2463 3534 2589 3590 doni
2620 3536 2846 3608 gratiam
2882 3537 2937 3592 in
2975 3539 3362 3611 tranquillitate
3393 3540 3585 3612 quietis
3622 3538 3774 3609 perci-

2210 3628 2315 3700 pit,
2354 3628 2449 3685 sed
2491 3638 2748 3701 quantum
2794 3632 3127 3702 perceperit,
3159 3632 3211 3688 in
3243 3632 3567 3690 adversitate
3592 3638 3777 3704 pertur-

2208 3720 2438 3777 bationis
2467 3720 2722 3778 ostendit.
2754 3720 3015 3779 Tabescat
3041 3734 3169 3794 ergo
3196 3734 3345 3791 caro,
3381 3733 3407 3763 ο
3441 3734 3504 3781 ut
3532 3724 3780 3781 nudentur

2208 3820 2350 3871 ossa.
2372 3813 2653 3887 ﬁeriamnr
2671 3812 2691 3853 ί
2724 3817 2960 3886 paternis
2985 3817 3439 3888 correptionibus,
3462 3826 3517 3874 ut
3543 3825 3778 3888 quantum

2130 3912 2145 3917 θ
2210 3905 2517 3977 proficimus
2558 3920 2933 3978 agnoscamus.
2977 3908 3230 3979 Fiagellis
3260 3910 3405 3966 enim
3438 3908 3646 3966 Domini
3677 3907 3780 3978 pin-

2208 3999 2381 4071 guedo
2430 3997 2663 4053 carnalis
2705 3998 3080 4057 delectationis
3125 4002 3393 4068 atteritur,
3422 4001 3515 4057 sed
3542 4001 3779 4056 virtutum

2209 4096 2518 4145 nostrarum
2549 4104 2672 4145 ossa
2723 4090 3001 4161 pateﬂunt.
3051 4090 3221 4148 Decus
3270 4099 3516 4147 nostrum
3559 4088 3780 4148 exterius

2211 4184 2326 4254 ipsa
2358 4182 2516 4254 hujus
2557 4183 2741 4238 mundi
2784 4183 3109 4240 adversitate
3156 4184 3403 4248 foedatur,
3449 4182 3541 4239 sed
3581 4180 3697 4253 quid
3733 4179 3780 4233 in

2211 4274 2368 4333 nobis
2414 4277 2741 4334 intrinsecus
2770 4277 2977 4334 latebat
3019 4277 3342 4335 ostenditur.
3374 4278 3544 4334 Casia
3572 4286 3785 4345 namque

2211 4369 2471 4440 apostolis
2516 4370 2903 4426 denuntiatum
2927 4378 3011 4427 est
3058 4384 3127 4427 ne
3171 4370 3519 4442 loquerentur
3565 4370 3696 4426 ultra
3734 4366 3784 4422 in

2214 4463 2428 4519 nomine
2466 4462 2625 4529 Jesu,
2660 4462 2754 4520 sed
2798 4478 2990 4534 magna
3033 4463 3394 4521 exsultatione
3431 4454 3783 4534 gavisi’sunt,

520 4556 785 4613 firmitatis
811 4562 1008 4614 nostra:
1035 4558 1290 4613 memoria
1321 4555 1641 4611 sacrificium
1675 4553 1988 4609 humilitatis
2017 4552 2100 4608 of-
2138 4551 2195 4613 D
2218 4555 2359 4626 quod
2389 4556 2531 4628 digni
2565 4556 2726 4614 habiti
2756 4566 2879 4613 sunt
2902 4565 2928 4605 ι
2957 4570 3054 4627 pro
3094 4557 3312 4612 nomine
3352 4554 3484 4613 Jesu
3522 4559 3786 4612 contume-

521 4647 772 4705 feramus.
827 4648 1131 4720 Aliquando
1175 4658 1352 4705 autem
1403 4658 1521 4717 pust
1568 4645 1868 4718 profectum
1913 4646 2104 4701 virium

523 4748 628 4799 non
655 4743 824 4798 solum
854 4747 1062 4799 tentant
1091 4742 1237 4809 vitia,
1269 4743 1362 4797 sed
1393 4741 1551 4796 ctiam
1581 4738 1789 4810 ﬂagella
1823 4739 2105 4807 castigant.

522 4834 655 4888 Cum
679 4843 855 4890 autem
889 4841 1159 4889 tentamur
1190 4834 1347 4899 vitiis,
1381 4833 1467 4901 pia
1497 4830 1904 4900 dispensatione
1928 4828 2107 4885 nobis.

523 4941 647 4983 cum
677 4925 869 4996 agitur,
903 4939 970 4982 ne
1000 4922 1086 4982 bis
1110 4926 1397 4981 virtutibus
1431 4924 1624 4995 quibus
1670 4924 1979 4994 proficimus
2018 4934 2112 4978 ex-

524 5016 796 5075 tollamttr.
832 5016 965 5073 Cum
1003 5026 1129 5074 Vero
1160 5016 1382 5089 ﬂagellis
1421 5014 1723 5085 atterimur,
1754 5016 1905 5072 malis
1936 5018 2111 5074 incre-

524 5108 770 5183 pantibus
822 5110 1178 5169 admonemur
1222 5126 1292 5168 ne
1340 5112 1542 5167 muitdo
1588 5110 1900 5169 blandiente
1945 5114 2107 5170 sedu-

525 5210 730 5264 catnur.
761 5196 901 5262 Vitia
946 5206 1074 5262 dum
1118 5218 1215 5262 nos
1247 5212 1484 5274 tentant,
1531 5205 1871 5277 proficientes
1912 5206 1965 5263 in
2012 5224 2112 5266 nos

599 5339 623 5367 ι
655 5327 987 5399 ΕάίιεΒοηι.
1013 5325 1247 5399 SixtiV,
1280 5342 1344 5382 ea:
1363 5329 1482 5399 ipsa
1512 5342 1608 5382 sua
1630 5327 1871 5381 vanitate.
1902 5318 2110 5382 Habent

530 5396 658 5455 Mss.
687 5396 888 5469 Anglic.
916 5406 972 5453 et
1003 5398 1207 5469 nostri,
1229 5396 1498 5469 inanitate.

598 5469 627 5509 ³
658 5470 733 5525 ita
766 5468 1002 5537 Ebroic.,
1037 5468 1260 5524 \‘indec.
1284 5477 1339 5525 et
1363 5468 1468 5524 alii.
1500 5470 1568 5523 At
1591 5468 1767 5537 Editi,
1791 5469 2021 5539 nihilque
2040 5469 2110 5524 si.

605 5541 789 5625 f_bi_ss._
824 5539 1291 5625 Norm.._quod_de
1320 5542 1483 5610 nobis,
1514 5558 1604 5613 per
1642 5542 1877 5611 ferientia
1904 5541 2114 5613 ﬂagella

530 5613 653 5687 quid
679 5614 742 5667 de
771 5613 866 5667 hoc
895 5614 1086 5667 mundo
1115 5614 1411 5669 sentiamus.

603 5683 631 5725 ὃ
677 5683 905 5744 Vindoe.
941 5694 1000 5744 et
1040 5685 1178 5756 pler.
1218 5684 1439 5753 Nortm,
1481 5686 1623 5744 cerni
1668 5686 1911 5744 virtutum
1954 5685 2114 5744 docu-

530 5764 834 5899 meft'glorq
862 5835 913 5884 et
939 5828 1208 5885 nudentur.
1452 5842 1464 5849 '
1620 5804 1625 5807 Δ

2214 4647 2336 4702 liam
2367 4648 2511 4719 pati,
2546 4646 2765 4720 suisque
2813 4648 3134 4727 adversariis
3163 4660 3283 4704 cum
3332 4646 3529 4704 ﬂducia
3568 4652 3783 4717 respon-

2212 4743 2447 4799 derunt:
2484 4744 2701 4798 Ubedire
2734 4755 2931 4814 Oportet
2968 4744 3077 4799 Dee
3108 4745 3271 4814 magis
3317 4761 3474 4814 quam
3513 4740 3784 4798 hominibus

2216 4834 2359 4903 (Act.
2384 4851 2439 4903 v,
2470 4834 2590 4909 29).
2627 4834 2765 4893 Ecce
2796 4836 2935 4892 inter
2963 4834 3187 4893 adversa
3227 4834 3454 4891 validius
3490 4834 3612 4891 fidei
3642 4832 3787 4890 robur

2217 4927 2474 4997 emicuit;
2516 4942 2642 4986 ecce
2685 4929 2900 4985 concisa
2947 4937 3029 4984 est
3076 4927 3352 4998 integritas
3391 4927 3667 4994 carnium,
3703 4921 3785 4978 sed

2220 5022 2480 5093 patefacta
2525 5031 2649 5079 sunt
2696 5036 2819 5079 ossa
2861 5022 3139 5097 virtutum.
3183 5018 3316 5076 iiinc
3346 5012 3413 5077 de
3459 5021 3539 5076 eis
3581 5033 3674 5091 per
3701 5015 3788 5073 Sa-

2217 5115 2471 5186 pientiam
2513 5115 2750 5171 dicitur:
2785 5110 2925 5170 Deus
2962 5112 3174 5168 tentavit
3215 5110 3352 5179 illos,
3387 5119 3435 5167 et
3475 5110 3659 5167 invenit
3685 5107 3789 5162 illos

2216 5211 2395 5284 dignos
2427 5226 2479 5266 se
2512 5208 2669 5281 (Sap.
2694 5218 2782 5279 ut,
2812 5206 2888 5281 5).
2919 5208 2947 5247 ιι
2975 5202 3190 5265 Tentati
3228 5214 3354 5264 sunt
3388 5208 3585 5277 quippe
3610 5204 3789 5261 adver-

2293 5326 2312 5368 ί
2346 5330 2520 5400 Editi,
2568 5328 2792 5399 paternis
2839 5322 3332 5397 perturbationibus;
3370 5322 3512 5396 quod
3561 5322 3614 5378 in
3649 5318 3788 5377 nullis

2218 5401 2343 5457 Mss.
2368 5400 2617 5473 legimus.

2290 5463 2549 5558 t{'l‘uvron.
2590 5480 2646 5528 et
2685 5471 2891 5541 Norm.,
2932 5482 3025 5544 pro
3070 5471 3274 5527 nomine
3313 5471 3426 5544 ejus
3469 5463 3788 5523 contumelias

2253 5555 2347 5601 ati.

2216 5563 2603 5683 paﬁ.Vindoc.,
2633 5618 2811 5675 tentati
2838 5623 3052 5673 sunt".
3073 5616 3129 5671 in
3158 5615 3466 5672 adsmilo“
3496 5612 3783 5685 ρισθπκπιη

2219 5691 2311 5746 sed
2346 5689 2489 5758 digni
2532 5690 2726 5746 inuenti
2752 5699 2872 5749 sunt
2908 5689 2963 5746 in
3005 5688 3237 5746 nuditate
3275 5684 3503 5746 ossium.
3527 5684 3703 5743 Baias.
3743 5684 3788 5733 ei

2225 5760 2404 5829 Colb.,
2427 5776 2658 5820 ossuum.
2760 5796 2765 5803 -
3468 5804 3471 5811 .
