4066 6348
290 325 393 382 285

1080 311 1453 372 MORALIUM-
1484 310 1616 369 LIB.
1664 309 1828 369 χχιι.
1872 339 1941 351 -
1971 307 2039 367 ιιι
2076 306 2306 367 CAPUT
2343 302 2643 396 xxxrt‘e.
2683 309 2821 367 ros.

3474 319 3577 389 286

289 439 443 495 sitate
490 435 793 506 plagarum,
836 432 931 488 sed
974 430 1119 502 digni
1170 430 1370 486 inventi
1414 438 1539 484 sunt
1586 427 1875 483 nudatione
1902 429 1954 489 Α
1982 427 2253 503 manitatis
2283 442 2415 494 sure,
2449 439 2786 499 peccatorem
2830 446 2889 488 se
2935 448 3000 489 ex
3049 448 3162 493 suis
3205 438 3411 495 meritis
3452 454 3571 496 eest.

288 527 512 585 ossium.
544 525 673 581 Nam
706 523 827 593 quia
856 523 970 578 huc
1011 537 1194 578 eorum
1239 520 1328 575 illa
1374 521 1595 577 tentatio
1624 526 1707 575 est
1756 533 1875 603 qua:

290 636 354 677 ex
401 618 625 689 ﬂagellis
672 616 974 682 adhibetur,
1017 615 1127 675 illic
1168 623 1350 685 aperte
1394 613 1715 681 declaretur,
1747 612 1874 671 dum

286 717 529 787 sequitur
558 732 569 767 :
604 713 871 781 Tanquam
902 727 1086 764 aurum
1126 711 1181 763 in
1225 710 1435 780 fornace
1472 708 1701 780 probavit
1732 707 1869 773 illos,

284 818 334 868 et
375 807 525 877 quasi
564 805 845 863 holocausti
872 804 1091 861 hostium
1132 804 1327 870 accepit
1355 803 1471 859 illos
1491 801 1648 873 (Sap.
1679 818 1757 870 ιιι,
1792 801 1868 873 6).
1904 798 1912 808 ’

262 900 422 975 ‘Quis
446 912 579 967 ergo
608 896 1025 966 uniuscujusque
1052 895 1192 949 vires
1221 908 1328 950 non
1357 894 1460 949 nisi
1506 909 1602 964 per
1647 894 1873 951 adversa

285 989 577 1061 patefiunt,
607 988 743 1043 bene
780 986 1011 1042 dicitur:
1043 986 1285 1040 Tabescet
1325 986 1459 1039 enim
1500 1001 1617 1039 caro
1657 989 1785 1058 ejus,
1826 995 1876 1040 et

284 1097 399 1136 ossa
444 1095 559 1149 qua:
607 1088 735 1133 tecta
784 1080 985 1148 fuerant
1036 1078 1384 1131 nudabuntur.
1432 1076 1681 1132 Tabescit
1730 1077 1870 1132 enim

284 1174 432 1240 caro,
459 1170 583 1225 dum
624 1184 781 1226 omne
819 1169 960 1239 quod
1004 1166 1202 1224 ﬂuxum
1247 1161 1621 1240 infirmumque
1651 1176 1735 1225 est
1776 1166 1872 1223 ila.

282 1266 436 1347 gellis
467 1267 730 1333 atteritur.
763 1262 1042 1320 Nudantur
1071 1278 1214 1333 ossa,
1241 1264 1363 1318 dum
1393 1278 1491 1334 per
1518 1262 1634 1319 haec
1672 1260 1724 1318 in
1776 1278 1871 1318 no-

281 1354 367 1416 bis
409 1360 572 1415 etiam
617 1354 757 1429 quod
802 1356 1033 1414 validum
1076 1358 1204 1413 latet
1246 1357 1505 1427 aperitur.
1544 1354 1679 1422 Quia
1717 1368 1868 1422 vero,

284 1451 425 1508 sicut
456 1458 510 1507 et
537 1452 786 1522 superius
814 1448 1018 1507 dictum
1045 1458 1155 1517 est,
1185 1448 1237 1504 in
1269 1450 1382 1521 ipsa
1405 1446 1727 1504 adversitate
1756 1458 1871 1503 ten-

281 1546 498 1600 tationis
546 1560 650 1600 non
689 1544 863 1599 solum
892 1540 1158 1613 detegitur
1187 1528 1347 1597 rebar
1394 1528 1742 1609 fortitudinis,
1773 1538 1869 1596 sed

280 1637 440 1696 etiam
466 1638 807 1710 cognoscitur
834 1636 1114 1692 inﬂrmitas
1144 1635 1511 1701 humanitatis,
1545 1645 1596 1690 et
1628 1642 1869 1689 tentatus

280 1729 504 1803 quisque
529 1728 765 1785 ostendit
788 1728 1002 1800 quidem
1033 1736 1285 1797 quantum
1313 1726 1381 1782 de
1408 1726 1517 1783 Deo
1545 1725 1863 1796 proiecerit,

283 1914 352 1971 de
380 1914 664 1985 semetipso
694 1908 764 1970 sit
793 1915 1033 1970 infirmus
1063 1915 1331 1985 agnoscit,
1368 1920 1394 1951 ι
1424 1914 1549 1984 quia
1598 1927 1705 1968 non
1747 1918 1866 1967 tau-

282 2007 555 2063 tummodo
599 2005 869 2062 nudantur
909 2020 1056 2074 ossa,
1105 2005 1199 2060 sed
1247 2006 1410 2060 etiam
1457 1992 1682 2060 tabescit
1720 2017 1863 2070 caro,

284 2084 407 2172 apte
431 2100 762 2177 subjungitur
791 2116 807 2155 :
1084 2156 1087 2169 ,
1362 2110 1363 2115 ‘

647 2188 873 2246 CAPUT
910 2188 1103 2245 XXVII
1133 2186 1282 2263 [liec.
1314 2184 1497 2257 XIX].

349 2280 1179 2354 Vsus.22.—‘*Appropinquabit
1194 2279 1511 2350 corruptioni
1533 2279 1707 2333 anima
1730 2278 1862 2349 ejus,

274 2384 328 2435 et
348 2378 452 2434 vita
476 2375 620 2433 illius
652 2378 945 2449 mortiferis.

268 2472 274 2477 ’
345 2469 435 2527 53.
466 2470 511 2524 Α
555 2469 872 2541 corruptela,
906 2482 1021 2520 cum
1068 2467 1227 2538 magis
1269 2464 1533 2519 imminere
1566 2462 1773 2517 videtur
1811 2462 1868 2517 in

264 2562 576 2629 nutatione,
608 2559 899 2614 liberamur.
921 2586 993 2598 -—
1016 2554 1226 2612 Tentati
1259 2555 1401 2610 enim
1445 2554 1861 2624 uniuscujusque

270 2650 404 2725 justi
427 2652 605 2707 anima
625 2649 956 2719 corruptioni
973 2646 1400 2719 appropinquare
1416 2644 1611 2701 dicitur
1628 2645 1861 2716 quando,

270 2758 343 2802 ne
373 2758 495 2801 eam
531 2745 699 2799 virtus
725 2742 897 2813 possit
922 2740 1197 2805 extollere,
1228 2753 1322 2809 per
1350 2737 1553 2808 ﬂagella
1582 2736 1868 2808 compelli-

268 2848 361 2894 tur
390 2832 520 2908 quid
564 2834 728 2909 759
769 2837 839 2890 sit
883 2846 947 2890 ex
986 2834 1201 2904 propria
1245 2831 1553 2887 infirmitate
1579 2838 1603 2868 α
1636 2830 1862 2886 sentire.

277 2927 624 2997 Corruptioui
667 2924 921 2982 videlicet
949 2924 1368 2995 appropinquat,
1396 2922 1519 2994 quia
1551 2937 1617 2978 ex
1646 2924 1758 2978 suis
1805 2934 1866 2979 se

276 3020 481 3077 viribus
508 3018 532 3055 ά
569 3016 851 3089 perditioni
891 3014 1187 3087 proximum
1234 3029 1340 3069 non
1388 3013 1624 3083 ignorat,
1659 3022 1717 3067 ut
1765 3012 1867 3069 huc

272 3113 419 3185 quod
450 3126 478 3167 a
523 3110 823 3183 perditione
851 3109 1008 3179 longe
1052 3117 1165 3173 est,
1197 3120 1303 3161 non
1341 3104 1476 3172 sibi,
1518 3104 1612 3160 sed
1643 3103 1866 3160 Domino

273 3206 494 3262 tribuat.
521 3203 928 3276 Appropinquat
958 3212 1089 3257 vero
1124 3198 1429 3265 mortiferis,
1468 3199 1591 3269 quia
1617 3212 1681 3253 ex
1712 3196 1867 3252 inﬂr-
1894 3203 1941 3267 C

272 3300 461 3354 mitate
498 3298 674 3353 carnis
704 3297 1002 3368 proximum
1033 3306 1090 3351 se
1122 3293 1352 3365 peccatis
1380 3302 1603 3347 mortem
1633 3289 1858 3348 ferenti-

272 3390 376 3446 bus
426 3389 675 3459 respicit,
706 3402 733 3442 a
767 3388 959 3459 quibus
1003 3388 1187 3441 divino
1238 3398 1457 3440 munere
1497 3393 1644 3440 tanto
1689 3384 1858 3455 magis

270 3480 429 3551 longe
462 3482 548 3549 iit,
588 3490 784 3553 quanto
813 3496 871 3537 se
910 3482 986 3536 eis
1032 3479 1337 3550 proximum
1384 3490 1447 3534 ex
1495 3479 1601 3534 suis
1653 3479 1858 3535 meritis

270 3575 646 3648 deprehendit.
696 3575 798 3631 Per
825 3574 1328 3644 contemplationem
1380 3572 1703 3628 conditionis
1745 3589 1854 3629 suae

270 3668 439 3725 David
487 3668 814 3740 corruptioni
865 3669 1415 3738 apprOpinquaverat,
1446 3680 1565 3721 cum
1598 3664 1850 3723 dicebat:

271 3760 547 3827 Memento,
599 3759 835 3825 Domine,
875 3765 1010 3828 quod
1058 3758 1222 3830 pulvis
1266 3772 1440 3811 sumus
1479 3772 1496 3811 :
1537 3756 1687 3809 homo
1728 3758 1857 3810 sicut

267 3858 448 3927 fenum
473 3852 581 3907 dies
609 3854 719 3924 ejus
748 3850 918 3922 (Psal.
942 3866 1012 3907 cu
1032 3891 1045 3916 ,
1080 3850 1191 3919 15).
1224 3849 1323 3903 I‘er
1349 3845 1856 3917 centeniplationem

268 3960 486 4017 quoque
518 3944 843 4000 inﬁrmitatis
870 3943 1100 4015 propria:
1129 3941 1325 3997 Paulus
1351 3938 1641 3997 mortiferis
1669 3954 1860 4012 appro-

268 4044 637 4114 pinquaverat,
660 4055 781 4096 cum
805 4039 1015 4094 dicebat
1038 4053 1051 4093 :
1078 4032 1237 4091 Video
1262 4036 1418 4090 aliam
1440 4034 1600 4107 legem
1623 4036 1672 4089 in
1687 4032 1859 4090 ‘mem-

269 4135 371 4189 bris
412 4135 535 4189 meis
552 4140 940 4204 repugnantem
981 4131 1082 4202 legi
1123 4130 1301 4186 mentis
1340 4144 1486 4196 mete,
1523 4136 1569 4182 et
1607 4127 1860 4196 captivum

266 4243 347 4280 me
379 4227 640 4281 ducentem
664 4228 715 4279 in
744 4225 851 4295 lege
880 4223 1099 4296 peccati,
1124 4238 1237 4292 qua?
1264 4231 1338 4276 est
1366 4222 1419 4275 in
1450 4219 1689 4273 membris
1713 4217 1856 4273 meis.

266 4316 466 4389 Infelix
500 4333 588 4388 rgo
618 4317 793 4382 homo,
824 4316 939 4385 quis
968 4329 1045 4368 me
1074 4313 1308 4368 liberabit
1347 4313 1409 4367 de
1441 4326 1656 4382 corpore
1685 4308 1861 4365 mortis

264 4412 426 4484 hujus
472 4409 656 4481 (Rom.
682 4422 784 4475 vn,
808 4405 941 4476 25)?
980 4404 1319 4476 Corruptioni
1361 4418 1488 4476 ergo
1523 4410 1546 4441 ε
1577 4409 1633 4459 et
1665 4401 1856 4458 morti-
1902 4468 1907 4471 _

264 4504 395 4559 feris
426 4502 851 4574 apprOpiuquare
885 4502 997 4565 est,
1030 4496 1365 4553 considerata
1414 4493 1723 4551 infirmitate
1757 4495 1855 4548 huc
1884 4492 1937 4552 D

346 4627 370 4654 κ
404 4614 514 4682 AL,
536 4632 636 4669 non
662 4616 793 4669 enim
824 4611 1195 4668 tantummodo.

338 4686 365 4767 ξ’
400 4680 598 4751 italum,
634 4686 767 4742 Utic.
792 4697 845 4740 et
876 4686 946 4739 al.
976 4683 1182 4749 Norm.,
1210 4680 1668 4767 appropinquavit;
1692 4686 1749 4737 et-
1777 4680 1848 4735 ita

262 4757 426 4814 infra.

341 4841 362 4869 ο
400 4827 618 4885 V’indoc.
647 4842 707 4887 ac
738 4828 995 4897 plerique,
1019 4839 1343 4897 regnauere.

328 4897 362 4971 ,ἀ
399 4901 608 4971 libroic.
635 4907 689 4957 et
720 4894 967 4971 Vindoc.,
990 4894 1306 4970 corruptioni
1330 4894 1642 4968 proximum.

345 4977 371 5009 ⁸
394 4969 506 5037 ΑΙ.,
530 4970 609 5023 vel
638 4968 936 5039 mortiferis.

342 5039 363 5080 ί
393 5034 533 5096 Pler.
562 5040 731 5107 Rditi,
762 5034 1141 5095 miserabiliter.
1169 5039 1233 5092 At
1261 5036 1388 5093 Mss.
1422 5035 1633 5107 Baluz.,
1664 5034 1841 5107 Colla"

257 5112 488 5176 Τωοιι..
518 5105 765 5174 Vindan"
796 5112 1004 5178 Νυηυ..
1040 5110 1250 5182 Anglic.
1284 5117 1344 5168 et
1385 5115 1493 5166 vet.
1521 5106 1621 5165 Ed.
1657 5105 1840 5173 Basii.,

256 5182 584 5249 mirabiliter.

1979 533 2128 588 nere,
2161 530 2321 592 atque
2347 522 2485 601 apud
2515 535 2574 580 se
2612 528 2967 595 arrogantiam
2998 541 3065 583 ex
3096 532 3328 602 propriis
3356 533 3559 589 viribus

1976 629 2084 677 non
2112 615 2331 675 habere»
2356 615 2497 685 Quid
2526 618 2670 678 enim
2702 632 2912 685 sumus,
2938 622 2983 676 si
3012 636 3042 676 a
3072 625 3365 680 conditoris
3399 625 3571 681 nostri

1977 704 2307 779 proiectione
2332 704 2684 766 deseramur?
2714 710 2843 780 Quae
2890 715 3139 771 nimirum
3172 719 3437 787 protectio
3466 719 3566 773 mi-

1975 817 2078 861 nus
2122 802 2424 861 necessaria
2482 803 2739 869 creditur,
2777 805 2825 863 si
2872 821 3087 877 semper
3137 809 3417 871 habeatur.
3460 810 3568 869 Sed

1976 894 2180 951 utiliter
2208 893 2527 964 pleruqu
2566 894 2919 961 subtrahitur.
2952 906 3012 955 ut
3048 898 3371 970 sibimetipsi
3403 901 3566 959 homo

1977 1000 2137 1056 quam
2179 985 2296 1042 sine
2326 985 2417 1041 illa
2448 985 2578 1041 nihil
2601 986 2672 1043 sit
2700 986 3034 1044 ostendatur.
3068 990 3252 1049 Maqu
3278 991 3446 1060 igitur
3474 993 3571 1047 Dei

1973 1077 2261 1147 aliquando
2288 1092 2386 1133 nos
2416 1078 2571 1133 nobis
2598 1093 2695 1152 per
2720 1078 2949 1135 adversa
2972 1079 3236 1148 insinuat,
3260 1096 3380 1151 quae
3406 1083 3567 1137 etiam

1975 1170 2275 1226 nescientes
2301 1184 2400 1225 nos
2430 1171 2481 1224 in
2508 1160 2782 1241 prosperis
2810 1178 3005 1240 portat.
3029 1166 3146 1239 Qua
3172 1173 3407 1228 destituti
3436 1174 3562 1228 dum

1978 1262 2172 1319 cadere
2202 1262 2508 1335 incipimus,
2540 1271 2595 1321 et
2629 1272 2805 1321 tamen
2836 1264 3003 1336 adjuti
3033 1266 3355 1334 retinemur,
3389 1277 3443 1324 et
3472 1270 3568 1325 do-

1973 1358 2145 1413 ctrina
2173 1356 2231 1413 iit
2259 1357 2403 1429 quod
2432 1358 2484 1412 in
2513 1358 2665 1431 lapsu
2697 1358 3043 1427 trepidamus,
3070 1369 3128 1416 et
3149 1360 3389 1418 custodia
3421 1362 3561 1433 quod

1972 1448 2026 1504 in
2053 1456 2194 1504 statu
2225 1461 2622 1520 permanemus.

2043 1560 2206 1637 760
2234 1560 2322 1618 54.
2358 1560 2640 1631 Nunquam
2682 1561 2746 1617 de
2784 1560 2970 1617 viribus
3015 1564 3200 1620 nostris
3239 1568 3560 1634 prmumen-

1972 1661 2113 1716 dum.
2143 1688 2215 1702 —
2251 1659 2418 1716 Nemo
2467 1675 2596 1731 ergo
2644 1673 2701 1715 se
2748 1644 2974 1732 alicujus
3031 1659 3241 1716 virtutis
3297 1660 3565 1731 aestimet,

1970 1756 2135 1812 etiam
2174 1770 2296 1810 cum
2326 1754 2453 1826 quid
2491 1751 2703 1810 fortiter
2732 1763 2937 1826 potest,
2969 1753 3091 1827 quia
3124 1754 3168 1809 si
3213 1748 3390 1812 divina
3414 1771 3567 1829 ~pro-

156 1834 171 1845 ‘
278 1821 375 1880 sed
405 1822 461 1878 in
491 1822 618 1893 ipsis
647 1818 980 1913 ﬂagellorum
1012 1820 1390 1878 afﬂictionibus
1419 1822 1577 1877 etiam
1608 1829 1864 1891 quantum

1974 1849 2136 1905 tectio
2163 1848 2403 1912 deserat,
2432 1845 2505 1902 ibi
2532 1856 2752 1917 repente
2783 1842 3053 1905 enerviter
3081 1847 3348 1916 obruitur,
3380 1818 3471 1904 ubi
3508 1862 3569 1906 se

1973 1944 2216 2001 valenter
2241 1951 2386 2000 stare
2404 1926 2765 2015 gloriabatur.
2808 1942 2944 2019 Quid
2983 1951 3064 1997 est
3106 1942 3248 1997 enim
3290 1941 3432 2014 quod
3482 1942 3568 1999 vir

1972 2034 2067 2089 Dei
2090 2043 2277 2089 contra
2300 2034 2348 2088 al
2361 2044 2473 2090 tare
2499 2033 2756 2097 Samaria:
2777 2032 2844 2088 ad
2876 2031 3305 2103 prophetandum
3328 2026 3565 2089 direCtus

1972 2134 2237 2200 praesente
2276 2140 2403 2195 rege
2439 2128 2814 2181 auctoritatem
2862 2123 3046 2179 libera:
3089 2124 3235 2179 vocis
3285 2123 3562 2191 exercuit,

1970 2217 2318 2290 ejusdemque
2360 2219 2501 2291 regis
2540 2227 2820 2275 extensum
2867 2216 3145 2274 brachium
3177 2214 3198 2254 ί
3231 2217 3285 2275 in
3331 2217 3562 2289 rigorem

1968 2309 2283 2367 mirabiliter
2306 2309 2579 2377 astrinxit,
2610 2308 2752 2380 quod
2782 2318 2961 2365 tamen
2987 2324 3112 2367 mox
3140 2307 3562 2366 misericorditer
3662 2356 3673 2363 ς

1968 2400 2127 2456 saluti
2169 2401 2402 2456 restituit
2443 2396 2563 2470 (III
2598 2400 2730 2472 Reg.
2755 2418 2884 2471 xm,
2910 2400 3001 2471 4)?
3028 2401 3181 2472 cujus
3209 2399 3261 2457 in
3290 2399 3451 2457 domo
3480 2401 3562 2458 in-

1971 2496 2162 2550 vitatus
2206 2496 2489 2551 comedere
2520 2497 2712 2563 noluit,
2745 2497 2870 2567 quia
2906 2512 2973 2552 ne
3010 2496 3064 2551 in
3106 2497 3191 2551 via
3219 2497 3558 2568 comederet,

1975 2585 2345 2657 prohibitionis
2389 2587 2674 2644 dominicae
2716 2596 2991 2658 praecepta
3035 2588 3305 2647 servavit?
3344 2589 3443 2656 Qui
3485 2599 3561 2644 ta-

1969 2695 2087 2739 men
2135 2680 2191 2737 in
2231 2679 2420 2737 eadem
2464 2680 2548 2737 via
2588 2691 2641 2735 et
2677 2678 2928 2737 seductus
2977 2680 3236 2747 comedit,
3267 2691 3320 2738 et
3369 2690 3553 2754 pastus

1969 2772 2189 2828 interiit.
2242 2771 2357 2840 Qua
2391 2772 2443 2826 iu
2475 2787 2532 2826 re
2571 2771 2697 2840 quid
2729 2770 2914 2827 subtili
2946 2771 3375 2829 consideratione
3410 2770 3558 2827 colli-

1968 2865 2167 2937 gimus,
2198 2863 2353 2936 quid,
2386 2872 2443 2917 ut
2486 2864 2559 2918 ita
2586 2862 2846 2930 dixerim,
2877 2870 2902 2910 ε
2935 2861 3270 2918 formidando
3312 2862 3554 2933 suspica-

1968 2972 2109 3027 mur,
2143 2957 2242 3013 nisi
2268 2956 2662 3031 quod'forsitan
2694 2956 2833 3028 apud
2867 2954 3213 3029 semetipsum
3243 2940 3437 3009 tacitus
3462 2969 3558 3026 pro

1968 3051 2251 3125 prmceptis
2289 3049 2571 3107 dominicis
2610 3064 2788 3121 regem
2830 3065 2890 3105 se
2929 3045 3317 3119 contempsisse
3360 3045 3557 3117 gloria-
3660 3076 3663 3079 ι

1972 3141 2162 3197 hatur?
2191 3139 2219 3180 ιι
2247 3141 2397 3200 Unde
2439 3141 2507 3200 ab
2549 3142 2757 3196 interna
2796 3155 2919 3196 mox
2964 3139 3232 3196 soliditate
3274 3146 3556 3209 quassatus

1970 3243 2083 3303 est;
2112 3244 2165 3290 et
2191 3232 2315 3290 inde
2351 3232 2400 3289 ei
2432 3233 2483 3288 in
2510 3246 2672 3304 opere
2702 3230 2857 3301 culpa
2889 3230 3191 3301 subrepsit,
3224 3228 3363 3284 unde
3392 3226 3557 3300 gloria

1968 3326 2021 3383 in
2050 3326 2213 3382 corde
2250 3316 2481 3381 surrexit
2501 3365 2516 3392 ,
2546 3335 2604 3380 ut
2634 3323 2908 3397 prophetae
2939 3322 3054 3377 falsi
3082 3322 3262 3379 verbis
3299 3321 3553 3393 deceptus

1967 3420 2227 3491 disceret,
2252 3421 2373 3492 quia
2402 3435 2736 3495 nequaquam
2767 3418 2995 3489 preprize
3019 3415 3346 3473 fortitudinis
3374 3416 3552 3483 fuerit,

1966 3514 2107 3587 quod
2140 3514 2204 3569 ad
2236 3514 2376 3586 regis
2418 3513 2579 3570 verba
2611 3513 2919 3570 restitisset.
2950 3511 3095 3567 Bene
3123 3519 3298 3565 autem
3330 3523 3397 3563 ex
3438 3509 3556 3579 ejus

1968 3627 2066 3669 ore
2117 3612 2305 3669 mortis
2348 3610 2665 3667 sententiam
2710 3608 2951 3676 accepit,
2984 3605 3136 3676 cujus
3186 3603 3500 3660 seductione
3527 3615 3557 3659 a

1965 3707 2089 3763 vita:
2143 3711 2411 3776 pracepto
2451 3701 2714 3767 deviavit,
2764 3708 2823 3755 ut
2860 3698 2982 3755 inde
3032 3711 3244 3769 ptenam
3296 3693 3557 3749 veraciter

1965 3808 2235 3864 sumeret,
2267 3795 2408 3853 unde
2437 3794 2648 3865 culpam
2685 3792 3014 3862 negligenter
3050 3788 3372 3844 admisisset.
3419 3784 3555 3852 Quia

1966 3889 2130 3960 igitur
2165 3898 2598 3955 unumquemque
2620 3883 2849 3940 electum
2873 3895 3026 3937 suum
3046 3878 3220 3934 divina
3240 3876 3409 3949 gratia
3432 3885 3555 3932 tunc

1969 3981 2138 4050 magis
2172 3978 2467 4037 erudiendo
2492 3970 2758 4042 custodit,
2791 3990 2912 4031 cum
2944 3972 3096 4046 quasi
3129 3971 3435 4042 percutiens
3463 3970 3554 4024 de-

1963 4073 2125 4141 serit,
2149 4072 2354 4129 dicatur
2378 4076 2551 4126 recte:
2577 4065 3019 4141 Appropinquabit
3045 4062 3359 4133 corruptioui
3379 4061 3550 4117 anima

1959 4166 2090 4238 ejus,
2121 4173 2168 4219 et
2197 4164 2300 4231 vita
2338 4160 2478 4217 illius
2517 4158 2820 4231 mortiferis,
2852 4166 2909 4211 ut
2952 4170 3057 4229 quo
3102 4169 3163 4210 se
3194 4154 3305 4208 suis
3350 4150 3553 4208 viribus

1958 4254 2188 4314 vicinum
2220 4252 2377 4309 morti
2409 4266 2502 4324 per
2530 4250 2753 4305 adversa
2784 4246 3123 4313 considerat,
3156 4259 3221 4300 eo
3253 4245 3305 4299 in
3337 4240 3546 4297 cunctis

1960 4352 2081 4423 Quae
2112 4346 2325 4403 fortiter
2348 4344 2551 4417 egerit,
2576 4341 2642 4398 ad
2668 4340 2864 4399 divinze
2891 4336 3007 4414 spei
3039 4340 3308 4393 munimen
3340 4334 3548 4411 fugiens

1964 4439 2188 4496 solidius
2222 4439 2384 4495 vivat.

2032 4623 2058 4663 ε
2092 4612 2171 4668 ita
2203 4612 2331 4669 Mss.
2357 4620 2413 4669 et
2438 4620 2545 4668 vet.
2571 4610 2673 4668 Ed.
2708 4609 2766 4666 lu
2798 4614 3001 4667 recent.
3030 4600 3197 4663 habes
3224 4624 3235 4659 :
3268 4602 3549 4676 formidari.

1957 4684 2082 4738 dum
2123 4685 2460 4768 suspicamur.
2485 4683 2588 4768 nisi
2623 4685 2760 4752 quod
2793 4681 3019 4768 forsitan
3064 4679 3300 4768 eulogia.
3339 4678 3547 4768 Batus?

1958 4771 2058 4826 pro
2078 4748 2422 4826 suspicamur,
2447 4748 2644 4826 legitur
2659 4748 3001 4826 suspicamur,
3030 4758 3086 4805 et
3111 4751 3164 4805 in
3186 4748 3364 4826 Gole
3391 4753 3547 4826 rusci.

1956 4820 2177 4897 piamus;
2204 4827 2309 4883 Sed
2341 4820 2550 4897 mendis
2579 4820 2930 4897 crsssiSsimis
2975 4829 3183 4897 scatent
3215 4822 3276 4897 ‘bi
3319 4820 3544 4877 Codices

1956 4886 2333 4962 vetustissimi,
2366 4886 2700 4967 quod'tantae
2729 4890 3062 4967 antiquitatis
3094 4886 3297 4963 pondus
3324 4899 3377 4945 et
3420 4907 3544 4965 pre-

1959 4972 2089 5023 tium
2117 4969 2343 5023 multum
2375 4968 2571 5023 elevat.

2029 5037 2059 5079 ι
2090 5039 2481 5095 “evocavimus
2505 5053 2573 5093 es
2599 5036 2729 5108 Mss.
2753 5036 2910 5104 unde,
2932 5034 3086 5108 cuius
3108 5033 3401 5099 emissione
3425 5048 3543 5090 mtr-

1955 5113 2081 5171 tilus
2105 5120 2193 5170 est
2215 5124 2409 5170 sensus
2435 5110 2494 5168 in
2522 5108 2647 5168 aliis
2668 5106 2850 5165 editis.
