4024 6352
510 320 614 378 287

1725 303 1965 360 SANCTI
2010 303 2041 357 ’,ἓ
2054 300 2333 361 REGORII
2370 300 2579 359 MAG!“
3668 307 3756 363 218

687 468 3631 504 *W—M’“

1281 580 1632 665 LIBER
1706 579 2363 666 VIGESIMUS
2440 576 3047 688 QUARTUS.

526 756 969 849 Ecponuntur
1021 766 1317 849 undecim
1367 784 1584 849 tersus
1600 766 2007 849 posteriores
2057 782 2197 843 cap.
2235 780 2452 849 x_xx_ttt
2484 804 2501 833 ,
2546 770 2612 849 et_
2659 759 2997 849 octodecim
3049 761 3298 849 priores
3359 781 3495 849 cap.
3543 785 3766 847 xxxnv,

592 840 1045 937 praemiaque
1065 846 1139 907 de
1167 847 1420 909 Christo
1449 840 1789 908 mediatore
1815 887 1833 919 ,
1868 844 1942 906 de
1982 840 2501 924 contemplatione
2526 886 2541 914 ,
2573 840 2646 902 de
2676 842 3104 902 conversionis
3150 841 3379 937 ordine
3400 840 3526 917 {de
3569 840 3767 925 pasto;

595 926 722 992 rati
760 926 968 1009 ofﬁcio
1004 926 1329 989 docentur.

1030 1090 1257 1148 CAPUT
1295 1089 1581 1148 PRIMUM.

592 1186 643 1240 1.
674 1185 886 1248 Cuncti,
921 1186 1075 1239 etiam
1104 1185 1279 1248 electi,
1318 1184 1678 1238 tentationibus
1718 1182 1925 1237 obnoxii
1961 1190 2102 1236 sunt.

515 1307 587 1322 —
624 1278 744 1333 Eliu
787 1278 891 1333 vim
938 1293 1185 1346 superna:
1229 1277 1645 1346 dispensationis
1694 1278 1996 1343 insinuans,
2039 1276 2108 1332 de

521 1379 548 1409 ι
578 1372 736 1427 electi
784 1372 1202 1441 uniuscujusque
1256 1373 1599 1441 percussione
1646 1374 1852 1436 intulit,
1881 1373 2103 1429 dicens:

517 1464 959 1534 Appropinquabit
1000 1465 1315 1534 corruptioni
1353 1465 1525 1517 animo
1562 1468 1694 1535 ejus,
1726 1475 1772 1519 et
1817 1467 1919 1518 vita
1966 1465 2109 1520 illius

518 1556 815 1626 mortiferis.
862 1557 927 1611 Et
966 1557 1091 1610 dum
1144 1565 1403 1612 tentatum
1452 1556 1724 1612 hominem
1772 1558 2107 1612 demonstrat

520 1661 713 1714 unum,
743 1648 793 1701 in
819 1662 923 1718 qua
951 1647 1241 1701 tentatione
1266 1647 1334 1701 sit
1360 1648 1591 1715 p0sitnm
1622 1647 1911 1702 humanum
1935 1662 2109 1718 genus

520 1737 758 1793 ostendit
790 1739 1129 1804 universum;
1156 1739 1389 1807 dumque
1430 1751 1613 1795 narrat
1647 1742 1772 1809 quid
1804 1743 2110 1810 specialiter

520 1838 707 1899 agatur
746 1830 797 1883 in
828 1830 1074 1899 singulis,
1114 1831 1315 1899 liquido
1352 1830 1569 1886 intimat
1613 1833 1736 1902 quid
1783 1834 2111 1903 generaliter

521 1932 706 1991 agatur
743 1923 794 1976 in
845 1923 1071 1977 cunctis.
1107 1922 1198 1978 Sic
1245 1923 1387 1978 enim
1439 1926 1784 1980 teutationem
1839 1927 2113 1993 expressit

523 2016 905 2082 quorumdam,
941 2015 1154 2084 proprie
1196 2018 1524 2088 singulorum
1546 2060 1560 2082 ,
1598 2028 1653 2072 ut
1684 2019 1851 2088 possit
1880 2020 2108 2090 intelligi

522 2117 572 2161 et
600 2108 973 2164 universaliter
1000 2112 1259 2164 omnium.
1290 2109 1554 2165 Curictum
1585 2112 1780 2180 quippe
1812 2113 2112 2169 electorum

521 2212 687 2268 genus
717 2199 769 2253 in
802 2202 899 2253 hac
930 2200 1033 2253 vita
1067 2200 1224 2268 hujus
1252 2201 1411 2255 taedio
1442 2200 1645 2255 laboris
1676 2201 1926 2256 al‘licitur.
1961 2203 2114 2259 Unde

523 2300 573 2346 et
604 2305 725 2344 mox
759 2292 879 2346 huic
908 2294 1143 2360 generali
1180 2293 1491 2361 pestilentia:
1533 2294 1789 2364 generale
1830 2295 2118 2351 subintulit

492 2422 493 2425 η
525 2383 824 2437 remedium
854 2384 1156 2451 medicinae,
1180 2385 1366 2442 dicens
1393 2405 1404 2438 :

1151 2477 1376 2533 CAPUT
1413 2477 1477 2532 ll.

588 2566 720 2622 Car.
748 2584 941 2636 xxxul,
970 2585 1122 2625 VBBS.
1142 2570 1233 2636 25,
1261 2570 1350 2626 21.
1375 2598 1447 2611 -
1469 2569 1528 2625 Si
1556 2571 1710 2640 fuerit
1740 2588 1833 2640 pro
1862 2589 1923 2628 eo
1952 2590 2104 2647 ange-

527 2660 603 2714 lus
642 2660 855 2730 loquens
893 2679 1051 2716 unum
1086 2665 1150 2716 de
1179 2663 1454 2727 similibus,
1489 2671 1545 2718 ut
1580 2664 1843 2727 annuntiet
1890 2666 2111 2721 hominis

526 2756 812 2825 scquitatem
830 2797 845 2821 ,
876 2758 1198 2811 miserebitur
1227 2760 1360 2830 ejus.

614 2848 760 2920 [περ.
787 2848 898 2922 ΙΙ.]
936 2851 988 2904 2.
1014 2848 1246 2905 Christus
1282 2849 1419 2904 Deus
1444 2860 1491 2904 et
1524 2850 1675 2904 homo
1699 2866 1793 2921 pro
1826 2850 2114 2905 hominibus

526 2940 690 2995 Deum
715 2940 1416 3011 interpellat.Inrarnationis
1432 2940 1732 2996 teconomia.
1751 2942 1953 3009 —Quis
1970 2943 2111 2998 enim

529 3042 609 3087 est
640 3033 740 3088 iste
778 3034 1018 3105 angelus,
1047 3034 1145 3088 nisi
1168 3034 1255 3089 ille
1283 3037 1371 3103 qui
1415 3050 1509 3102 per
1533 3035 1845 3104 prophetam
1874 3035 2070 3089 dicitur
2096 3053 2107 3089 :

532 3125 927 3196 Magniconsilii
953 3125 1272 3198 angelusUs.
1298 3144 1368 3195 ix,
1396 3129 1449 3193 6,
1472 3144 1574 3182 sec.
1600 3127 1771 3197 LXX)
1788 3129 1954 3195 ?Quia
1969 3128 2112 3183 enim

527 3213 713 3271 Graeca
742 3218 915 3288 lingua
938 3220 1302 3286 evzingelizare
1329 3219 1643 3275 denuntiare
1670 3220 1885 3283 dicitur,
1916 3230 2115 3274 semet-

527 3307 713 3379 ipsum'
746 3312 903 3366 nobis
949 3311 1276 3366 annuntians
1323 3310 1581 3367 Dominus
1612 3312 1832 3381 angelus
1876 3321 2111 3367 vocatur.

528 3400 594 3456 Ει
623 3400 760 3457 bene
790 3401 901 3456 ait:
935 3401 995 3456 Si
1038 3403 1193 3472 fuerit
1239 3420 1331 3474 pro
1359 3419 1417 3457 eo
1452 3405 1662 3475 angelus
1704 3404 1933 3474 loquens,
1966 3406 2112 3474 quia,

527 3494 666 3549 sicut
689 3495 761 3548 ait
786 3495 1093 3564 Apostolus,
1118 3495 1280 3550 etiam
1308 3496 1610 3565 interpellat
1634 3512 1730 3566 pro
1753 3495 1907 3550 nobis
1932 3495 2111 3564 (Rom.

526 3598 650 3652 Vm,
679 3586 794 3656 34).
822 3587 928 3643 Sed
967 3588 1095 3659 quid
1146 3603 1241 3657 pro
1290 3589 1445 3643 nobis
1489 3590 1751 3658 loquatur,
1783 3589 2068 3643 audiamus
2100 3605 2113 3641 :

533 3673 708 3734 Unum
737 3679 799 3733 de
826 3679 1099 3733 similibus.
1147 3678 1260 3733 Mos
1290 3680 1570 3735 medicinae
1601 3690 1685 3734 est
1724 3690 1781 3734 ut
1829 3680 2119 3749 aliquando

531 3771 724 3825 similia
755 3770 1045 3837 similibus,
1074 3770 1361 3840 aliquando
1399 3772 1667 3826 contraria
1713 3774 1998 3827 contrariis
2025 3788 2119 3829 cu-

2130 1092 2374 1153 Acarne
2418 1088 2645 1143 veniens
2691 1087 2972 1152 Dominus,
3027 1098 3134 1140 non
3183 1088 3395 1157 culpam
3432 1100 3660 1148 nostram
3708 1111 3768 1154 ex

2209 1180 2364 1246 vitio,
2396 1195 2501 1235 non
2534 1195 2750 1249 pinnam
2778 1194 2847 1234 ex
2872 1177 3619 1254 necessitatesuscepit(nulla
3642 1188 3769 1245 enim

2214 1273 2332 1328 labe
2366 1274 2569 1342 peccati
2605 1272 2858 1341 pollutus,
2886 1279 3067 1326 reatus
3097 1274 3265 1326 nostri
3296 1276 3466 1329 teneri
3492 1276 3772 1336 conditione

2218 1382 2323 1421 non
2353 1367 2549 1436 potuit,
2582 1374 2742 1436 atque
2768 1367 2890 1421 ideo
2919 1375 3145 1422 mortem
3176 1376 3416 1422 nostram
3446 1371 3586 1424 omni
3614 1362 3774 1429 neces-

2210 1460 2368 1514 sitate
2390 1458 2617 1525 calcata,
2650 1473 2771 1513 cum
2796 1457 2984 1522 voluit,
3013 1469 3206 1526 sponte
3231 1461 3518 1530 suscepit),
3546 1472 3686 1518 recte
3706 1465 3775 1521 di-

2210 1554 2350 1607 citur
2376 1552 2516 1621 quod
2549 1565 2645 1621 pro
2679 1560 2881 1606 tentato
2909 1552 3125 1607 homine
3150 1553 3248 1606 iste
3279 1554 3503 1625 angelus
3532 1571 3689 1610 unum
3715 1557 3773 1614 de

2219 1646 2487 1701 similibus
2510 1645 2765 1715 loquitur,
2799 1646 2921 1714 quia
2952 1660 3050 1701 uec
3080 1647 3150 1700 ita
3181 1656 3342 1702 natus
3371 1657 3430 1701 ut
3456 1647 3663 1717 reliqui,
3685 1664 3774 1707 nec

2214 1738 2286 1792 ita
2332 1722 2730 1802 mortuuspnec
2773 1737 2845 1792 ita
2877 1739 3252 1793 resuscitatus.
3284 1738 3402 1794 Non
3442 1741 3583 1794 enim
3609 1756 3761 1810 coope

2218 1840 2372 1885 rante
2422 1833 2585 1895 coitu,
2619 1830 2715 1885 sed
2754 1829 2955 1899 Spiritu
3003 1838 3191 1884 sancto
3227 1832 3635 1899 superveniente
3672 1844 3782 1886 con-

2218 1932 2406 1992 ceptus
2428 1932 2509 1978 est
2533 1922 2684 1994 (Luc.
2719 1938 2758 1988 ι,
2788 1921 2899 1991 33).
2932 1922 3095 1976 Natus
3125 1932 3303 1978 autem
3338 1932 3574 1978 materna
3601 1924 3782 1978 viscera

2218 2026 2273 2069 et
2303 2014 2535 2069 fecunda
2566 2012 2840 2077 exhibuit,
2869 2022 2923 2066 et
2944 2014 3248 2083 incorrupta
3280 2015 3529 2069 servavit.
3575 2011 3781 2067 ltursum

2222 2122 2322 2161 nos
2343 2121 2533 2161 omnes
2556 2119 2674 2160 cum
2708 2106 2959 2160 nolumus
2980 2106 3261 2169 morimur,
3294 2106 3416 2175 quia
3449 2104 3511 2159 ad
3540 2102 3782 2159 solvendae

2221 2219 2396 2273 paena:
2423 2203 2665 2258 debitum
2688 2204 2861 2273 culpae
2892 2214 3090 2259 nostra:
3111 2205 3426 2261 conditione
3454 2212 3781 2267 coarctamur;

2224 2296 2317 2351 ille
2347 2306 2548 2363 autem,
2580 2298 2703 2367 quia
2738 2298 2869 2351 nulli
2900 2299 3161 2352 admistus
3198 2308 3286 2354 est
3327 2298 3517 2368 culpze,
3565 2296 3686 2351 nulli
3729 2310 3784 2352 ex

2225 2388 2547 2443 necessitate
2590 2388 2875 2444 succubuit
2923 2403 3116 2457 pennae.
3149 2390 3254 2444 Sed
3289 2390 3412 2461 quia
3467 2388 3669 2458 culpam
3704 2400 3784 2442 no-

2062 2471 2079 2487 ’
2138 2477 2187 2536 Β
2226 2492 2392 2533 suam
2421 2475 2445 2515 δ
2478 2478 2803 2533 dominando
2832 2481 3103 2548 subdidit,
3129 2496 3348 2551 pinnam
3378 2490 3609 2536 nostram
3646 2482 3786 2534 mise-

2219 2572 2390 2626 rando
2420 2572 2677 2641 suscepit,
2707 2574 2846 2627 sicut
2878 2574 2992 2643 ipse
3022 2575 3097 2628 ait
3127 2592 3140 2627 :
3180 2574 3499 2628 Polestatem
3536 2572 3684 2625 habeo
3708 2586 3785 2642 po-

2220 2662 2379 2717 nendi
2419 2666 2645 2717 animam
2675 2680 2865 2731 meam,
2893 2675 2942 2720 et
2975 2675 3276 2735 potestatem
3308 2667 3469 2721 habeo
3516 2666 3686 2718 iterum
3715 2678 3785 2715 stt-

2222 2754 2396 2807 mendi
2419 2771 2530 2807 eam
2559 2755 2740 2825 (Joan.
2763 2771 2822 2820 x,
2852 2756 2962 2827 18).
2986 2756 3088 2822 Qui
3105 2757 3266 2812 etiam
3287 2756 3575 2827 praemisit:
3603 2764 3625 2791 θ
3642 2751 3785 2808 Nemo

2226 2846 2359 2899 tollit
2389 2861 2500 2899 eam
2530 2863 2561 2899 a
2589 2863 2689 2912 me,
2715 2848 2805 2900 sed
2834 2864 2925 2917 ego
2954 2864 3088 2918 pono
3109 2866 3221 2903 eam
3265 2867 3301 2903 a
3346 2832 3557 2919 nieipso.
3586 2846 3787 2899 Rursum

2228 2955 2333 2994 non
2361 2948 2418 2994 ut
2440 2940 2631 3010 reliqui
2662 2942 2951 2996 suscitatus
2974 2952 3079 3008 est,
3109 2944 3230 3012 quia
3264 2952 3454 2999 nostra
3475 2938 3788 3011 [resurrectio

2236 3036 2287 3087 in
2312 3035 2499 3089 saculi
2532 3035 2689 3089 ﬁnem
2718 3036 2881 3090 dilata
2910 3046 3015 3103 est,
3046 3037 3186 3093 illius
3214 3053 3347 3094 vero
3371 3040 3458 3094 die
3498 3036 3648 3093 tertio
3670 3035 3789 3089 cele-

2229 3126 2404 3180 brata.
2430 3126 2498 3180 Et
2527 3141 2624 3182 nos
2650 3128 2863 3197 quidem
2887 3143 2980 3196 per
3011 3129 3160 3183 illum
3191 3131 3542 3201 resurgimus,
3566 3141 3678 3182 nam
3695 3126 3790 3192 ipse

2231 3231 2327 3286 per
2356 3233 2436 3273 se.
2470 3218 2826 3289 Nequeenim
2858 3221 2950 3288 qui
2984 3220 3124 3277 Deus
3155 3232 3273 3276 erat
3299 3224 3441 3277 sicut
3479 3234 3575 3276 nos
3619 3221 3679 3273 ah
3701 3216 3790 3270 alio

2224 3321 2283 3366 ut
2337 3312 2645 3367 resuscitari
2700 3305 2964 3380 potuisset
3011 3313 3303 3382 indigebat.
3347 3313 3403 3369 In
3443 3327 3506 3368 eo
3535 3326 3656 3381 ergo
3683 3309 3784 3377 ejus

2225 3405 2550 3460 resurrectio
2581 3406 2743 3460 distat
2765 3421 2795 3459 a
2813 3418 3016 3470 nostra,
3036 3407 3177 3473 quod
3200 3422 3307 3462 non
3334 3422 3431 3478 per
3471 3406 3798 3471 nosmetipsos

2178 3537 2191 3545 .
2216 3496 2586 3564 resurgimus,
2611 3495 2751 3551 sicut
2774 3497 2908 3565 ipse.
2944 3494 3046 3550 Pro
3068 3511 3133 3551 eo
3157 3498 3301 3552 enim
3326 3496 3481 3565 quod
3510 3493 3800 3563 simpliciter

2238 3588 2487 3643 homines
2515 3602 2723 3653 sumus,
2757 3589 3021 3657 superiori
3053 3588 3325 3657 adjutorio
3361 3599 3418 3644 ut
3442 3598 3704 3656 resurgere
3724 3596 3801 3637 va-

2225 3680 2431 3734 leamus
2461 3679 2784 3751 indigemus.
2816 3678 2910 3734 lllc
2931 3688 3108 3733 autem
3133 3672 3390 3748 ejusdem
3423 3673 3800 3735 resurrectionis

2230 3774 2339 3827 vim
2378 3788 2497 3827 cum
2542 3774 2699 3827 Patre
2750 3782 2808 3829 et
2853 3773 3059 3842 Spiritu
3113 3783 3301 3829 sancto
3367 3777 3506 3831 Deus
3556 3768 3794 3833 exhibuit,

532 3871 632 3919 ret.
661 3860 689 3899 δ
721 3861 853 3916 Nam
886 3877 1030 3932 saepe
1060 3863 1229 3917 calida
1260 3863 1469 3929 calidis,
1501 3864 1691 3935 lrigida
1724 3864 1957 3933 frigidis;
1982 3880 2127 3935 saepe
2157 3866 2204 3930 ο
2235 3879 2394 3933 quam
2414 3873 2590 3919 tamen
2616 3865 2836 3918 solusin
2864 3865 3197 3921 humanitate
3221 3868 3486 3936 percepit.
3513 3863 3648 3939 [γει.
3669 3852 3795 3927 Ill.]

533 3967 709 4014 autem
744 3959 930 4028 frigida
961 3960 1169 4028 calidis,
1204 3960 1376 4014 calida
1404 3958 1613 4030 frigidis
1661 3977 1852 4017 sanare
1894 3977 2127 4019 consue-
2233 3955 2366 4021 Quia
2392 3956 2554 4027 igitur
2586 3956 2841 4009 Dominus
2882 3971 3008 4011 vere
3038 3965 3213 4026 "alus,
3245 3973 3381 4029 vere
3411 3966 3664 4019 mortuus.
3695 3962 3803 4005 νθτθ

536 4051 630 4105 vit.
669 4050 905 4107 Veniens
954 4069 1084 4124 ergo
1114 4053 1179 4106 ad
1212 4068 1322 4132 'nos
1364 4052 1598 4122 desuper
1637 4055 1877 4111 medicus
1926 4070 2111 4114 noster

2235 4049 2546 4114 suscitatus,
2602 4050 2653 4103 in
2683 4050 2935 4119 omnibus
2968 4062 3145 4106 tamen
3194 4051 3367 4106 distat
3393 4068 3423 4105 a
3452 4050 3599 4105 nobis
3626 4040 3803 4116 magni-

540 4146 808 4216 tantisque
838 4160 937 4200 nos
966 4147 1243 4201 inveniens
1260 4146 1608 4217 languoribus
1624 4162 1858 4218 pressos,
1878 4150 2129 4219 quiddam
2237 4141 2419 4196 tudine
2450 4143 2729 4211 potentiae,
2778 4142 2875 4197 sed
2907 4144 3019 4196 sola
3065 4144 3359 4199 concordat
3412 4143 3563 4198 nobis
3604 4140 3804 4194 veritate

535 4239 689 4296 nobis
735 4240 933 4304 simile,
965 4249 1021 4295 et
1068 4241 1319 4309 quiddam
1372 4241 1702 4296 contrarium
1749 4244 2018 4312 apposuit.
2048 4244 2131 4300 Ad
2236 4242 2466 4298 naturae.
2516 4232 2655 4287 bene
2688 4232 2915 4299 dicitur.
2947 4237 3070 4305 quia
3121 4250 3219 4303 pro
3258 4238 3416 4293 nobis
3460 4234 3671 4305 anselus
3718 4231 3803 4283 ίειθ

538 4331 782 4388 homines
812 4332 1010 4402 quippe
1052 4332 1215 4386 homo
1244 4333 1422 4398 venit,
1462 4334 1555 4389 sed
1585 4335 1651 4389 ad
1684 4347 1992 4404 peccatores
2017 4336 2134 4406 jus.
2238 4341 2401 4380 unum
2434 4326 2500 4381 de
2536 4326 2799 4381 similibus
2844 4329 3097 4395 loquitur.
3152 4329 3283 4383 Cum
3327 4329 3472 4384 enim
3522 4328 3572 4381 in
3619 4322 3801 4379 cunctis

539 4434 649 4479 tus.
678 4423 1036 4478 Concordavit
1062 4423 1219 4478 nobis
1265 4424 1492 4481 veritate
1534 4436 1761 4493 natura},
1794 4428 1885 4483 sed
1932 4429 2135 4484 discre.
2237 4419 2637 4488 operationibus
2666 4419 2777 4473 suis
2816 4420 3079 4475 immensa
3112 4434 3211 4474 nos
3244 4421 3445 4478 virtute
3469 4418 3802 4475 transcendat.

540 4516 690 4585 pavit
714 4529 745 4569 a
783 4514 939 4570 nobis
968 4524 990 4553 ο
1019 4498 1205 4585 vigore
1242 4514 1487 4585 justitiae.
1515 4516 1752 4574 Vitiosus
1799 4519 1941 4574 enim
1974 4521 2137 4577 homo
2240 4511 2293 4565 in
2329 4526 2438 4565 uno
2463 4520 2642 4565 tamen
2664 4526 2694 4564 a
2723 4510 2899 4576 nobis,
2932 4511 2983 4567 id
3014 4521 3096 4567 est
3127 4514 3181 4567 in
3234 4514 3423 4568 forma:
3454 4513 3686 4591 veritate
3713 4517 3803 4559 non

540 4608 734 4678 corrigi
765 4622 870 4662 non
903 4614 1111 4677 poterat
1144 4608 1243 4661 nisi
1274 4623 1370 4677 per
1398 4608 1587 4664 Deum.
1622 4610 1802 4665 Videri
1832 4620 2012 4666 autem
2041 4612 2139 4667 de-
2240 4604 2528 4673 discrepat
3244 4660 3251 4665 .

541 4698 655 4754 buit
675 4700 765 4767 qui
788 4699 1120 4769 corrigebat,
1143 4700 1209 4753 ut
1229 4699 1517 4769 praebendo
1541 4701 1853 4757 imitationis
1877 4702 2131 4769 formam,
2314 4697 2370 4750 4.
2417 4698 2523 4751 Pro
2552 4697 2695 4751 nobis
2738 4696 2887 4751 Patri
2920 4698 3164 4769 loquitur,
3199 4716 3316 4754 cum
3345 4716 3400 4755 se
3445 4698 3586 4753 nobis
3612 4691 3805 4749 similem

546 4792 806 4847 anteacta:
833 4793 1051 4848 malitiae
1084 4802 1354 4850 mutarent
1380 4795 1565 4849 vitam.
1598 4795 1704 4851 Sed
1735 4796 1902 4850 videri
1942 4772 2014 4850 ab
2045 4797 2140 4851 ho-
2244 4791 2576 4844 ostendit.-—
2602 4790 2706 4844 Per
2744 4790 2847 4847 hoc
2895 4806 2992 4860 pro
3029 4793 3183 4847 nobis
3240 4792 3384 4847 Patri
3439 4791 3684 4860 loquitur.
3723 4796 3806 4852 Ρθτ

542 4887 687 4943 mine
713 4888 817 4943 nan
849 4898 1059 4959 poterat
1102 4889 1273 4963 Deus;
1320 4906 1447 4964 ergo
1498 4890 1660 4946 homo
1707 4870 1882 4947 lactus
1932 4900 2049 4957 est,
2083 4900 2142 4946 ιιι
2248 4882 2392 4953 quod
2410 4885 2761 4952 semetipsum
2785 4883 2939 4938 nobis
2965 4884 3193 4939 similem
3218 4885 3474 4940 ostendit.
3498 4879 3656 4950 Loqui
3673 4877 3806 4947 quip-

541 4980 712 5036 videri
743 4982 1027 5052 potuisset.
1056 4981 1202 5054 {Vet.
1227 4980 1337 5055 IL]
1366 4983 1548 5038 Justus
1594 4984 1753 5053 igitur
1790 4978 1953 5053 atque
2000 4983 2142 5038 invi-
2249 4989 2315 5043 ve
2364 4975 2503 5044 eius,
2540 4976 2622 5030 vel
2656 4977 3019 5045 interpellare,
3052 4986 3136 5032 est
3178 4978 3355 5047 ipsum
3384 4992 3446 5033 se
3474 4991 3572 5047 pro
3598 4968 3808 5027 homini-

542 5071 713 5128 sibilis
745 5072 907 5141 Deus,
939 5074 1185 5142 apparuit
1219 5074 1378 5146 761
1409 5074 1600 5129 similis
1630 5074 1787 5128 nobis
1818 5075 1981 5129 homo
2009 5074 2143 5129 visi-
2247 5066 2349 5121 bus
2380 5067 2652 5122 hominem
2682 5069 3079 5124 demonstrare.
3130 5069 3199 5124 Et
3227 5072 3365 5125 bene
3392 5084 3512 5124 cum
3554 5056 3762 5121 dixisset
3792 5073 3805 5112 :

543 5163 689 5232 bilis,
724 5171 782 5219 ut
818 5164 945 5220 dum
977 5163 1188 5221 videtur
1215 5182 1277 5220 ex
1311 5167 1509 5231 simili,
1538 5177 1755 5221 curaret
1785 5180 1851 5221 ex
1880 5165 2057 5235 justo;
2090 5176 2147 5222 et
2254 5156 2428 5214 Unum
2453 5159 2516 5213 de
2539 5160 2787 5214 similibus
2822 5158 2841 5197 τ
2870 5159 3116 5228 loquitur.
3151 5160 3293 5217 illico
3321 5162 3562 5230 adjunxit
3590 5176 3603 5212 :
3639 5156 3702 5212 Ut
3727 5168 3809 5206 an-

548 5257 676 5313 dum
717 5252 947 5315 veﬁtate
996 5264 1209 5329 generis
1238 5260 1530 5315 concordat
1573 5260 1902 5328 conditioni,
1941 5260 2143 5316 virtute
2170 5245 2219 5306 D
2248 5251 2449 5304 nuntiet
2480 5251 2702 5305 hominis
2723 5253 3037 5321 (equitatem.
3070 5253 3202 5320 Quia
3242 5256 3340 5308 nisi
3395 5252 3488 5307 ille
3531 5247 3811 5306 hominibus

546 5350 676 5406 artis
702 5350 946 5406 obviaret
972 5352 1295 5423 aegritudini.

619 5441 675 5503 5.
720 5442 971 5499 Dominus
1014 5446 1069 5500 in
1096 5462 1246 5499 carne
1273 5450 1495 5511 veniens,
1526 5462 1632 5499 nec
1661 5446 1865 5517 culpam
1896 5464 1959 5501 ea:
1990 5448 2136 5516 vitio,
2164 5450 2167 5453 ’

550 5545 643 5589 nec
697 5547 901 5600 plenam
953 5552 1019 5590 ex
1076 5538 1375 5592 necessitate
1400 5538 1637 5608 suscepit.
1666 5566 1737 5578 —
1765 5538 1899 5605 Quia
1928 5555 2054 5609 ergo
2087 5540 2141 5593 in

621 5678 649 5742 ξ
678 5671 830 5729 Colb.
854 5684 909 5731 et
937 5675 1140 5742 Belum,
1172 5675 1323 5742 elati;
1351 5674 1629 5733 manifesta
1659 5675 2095 5731 ballucinatione.

623 5740 650 5781 δ
684 5742 857 5810 Utic.,
902 5740 1152 5813 Pratell.',
1196 5740 1441 5803 Ed.’vet.
1484 5748 1653 5804 Paris.
1690 5758 1744 5801 et
1789 5747 1974 5810 Basi|.,
2016 5761 2138 5801 nam

2244 5343 2440 5399 similis
2468 5344 2642 5411 ﬁeret,
2674 5357 2858 5412 aequus
2888 5344 3048 5399 homo
3077 5354 3201 5399 ante
3231 5345 3397 5399 Deum
3441 5358 3547 5398 non
3600 5350 3803 5409 appare-

2249 5447 2347 5494 ret.
2382 5437 2509 5493 Inde
2536 5438 2733 5508 quippe
2757 5440 3041 5494 annuntiat
3069 5441 3381 5510 aequitatem
3410 5446 3662 5498 nostram,
3687 5427 3810 5486 unde

2252 5533 2527 5617 suscipere
2550 5532 2803 5602 dignatus
2835 5541 2918 5587 est
2942 5532 3304 5590 inﬁrmitatem
3337 5541 3593 5589 nostram.
3631 5526 3812 5582 Omnes

2241 5669 2610 5744 quod_habent
2640 5666 2803 5744 Editi.

2314 5742 2340 5780 ἀ
2372 5742 2598 5803 Turon.,
2618 5738 2940 5793 daumando.

2317 5823 2342 5851 ε
2371 5812 2589 5869 Pratell.
2630 5817 2686 5864 et
2711 5807 2803 5863 alii
2835 5809 3042 5873 Norm.,
3076 5826 3222 5864 nemo
3251 5812 3418 5867 tollet.

2320 5874 2342 5921 ί
2378 5880 2603 5939 νιυάοαι
2630 5888 2687 5936 ιι
2711 5876 2921 5943 Nomii,
2956 5880 3185 5948 loquens.
