4066 6348
317 365 431 423 περ

1060 358 1427 417 MORALIUM
1465 359 1597 417 LIB.
1636 358 1831 416 XXIV.
1865 388 1930 417 -,-

2037 359 2044 415 l
2077 358 2309 416 CAPUT
2349 360 2565 419 XXXIII
2606 364 2667 419 Β.
2707 361 2844 419 JOB.
2934 416 2941 419 _

3498 366 3605 423 290

245 472 271 540 ξ,
323 475 583 532 videlicet
608 486 706 527 nos
727 470 943 527 inimica
961 469 1050 526 illa
1084 475 1365 540 persuasio
1387 472 1440 527 in
1467 472 1640 540 culpa:
1665 471 1913 541 contagio
1940 475 1996 535 Α
2020 471 2335 527 circumcisis
2363 473 2575 547 [Eme
2607 492 2779 544 usu,
2813 473 2924 546 i9].
2949 474 3136 532 Omnis
3164 478 3306 534 enim
3335 479 3425 550 qui
3448 479 3605 537 findi-

245 578 251 629 ξ
327 570 400 624 ab
427 570 538 637 ipsa
568 567 749 622 radice
769 567 1033 637 polluerat
1061 566 1267 635 (Cenes.
1292 582 1373 633 ιη,
1399 565 1479 637 5),
1502 566 1785 637 nullusque
1801 572 1919 621 erat

328 660 423 731 qui
451 661 591 729 apud
617 657 785 713 Deum
816 672 912 727 pro
938 658 1313 725 peccatoribus
1340 657 1586 727 loquens,
1625 672 1654 711 a
1698 664 1918 726 peccato

330 753 473 809 liber
503 761 808 822 appareret,
862 751 985 821 quia
1045 766 1110 807 ex
1142 751 1331 806 eadem
1364 765 1539 806 massa
1566 750 1736 805 editos
1764 764 1918 818 atque

329 859 555 915 cunctos
582 862 679 916 par
703 857 885 902 reatus
918 845 1219 900 involverat
1246 846 1427 914 (Rom.
1459 862 1512 909 v,
1546 846 1657 916 il).
1688 844 1921 899 Proinde

329 947 484 993 venit
513 940 579 992 ad
608 954 706 994 nos
741 939 1059 1008 Unigenitus
1101 938 1294 1004 Patris,
1327 939 1619 1007 assumpsit
1646 954 1713 992 ex
1766 937 1933 1003 nobis

334 1043 623 1096 naturam,
679 1047 786 1085 non
844 1041 1157 1105 perpetrans
1218 1031 1447 1099 culpam.
1513 1030 1641 1084 Sine
1704 1040 1922 1101 peccato

334 1140 537 1193 quippe
559 1126 720 1196 762
742 1138 862 1179 esse
888 1125 1093 1190 debuit,
1117 1125 1204 1196 qui
1229 1139 1343 1197 pro.
1357 1124 1727 1193 peccatoribus
1756 1125 1922 1178 inter-

331 1216 523 1271 venire
567 1216 846 1286 potuisset,
902 1217 1024 1286 quia
1064 1216 1320 1271 nimirum
1364 1217 1555 1271 alienat
1609 1200 1963 1285 pollutionis“

331 1309 581 1382 contagia
612 1328 720 1365 non
750 1320 1003 1381 tergeret,
1053 1312 1097 1364 si
1147 1309 1364 1379 propria
1410 1315 1720 1365 sustineret.
1754 1311 1926 1383 Bene

330 1418 462 1472 ergo
492 1402 685 1460 dicitur
714 1404 836 1472 quia
865 1403 918 1456 in
944 1416 1009 1457 eo
1038 1411 1061 1438 ⁸
1086 1402 1227 1471 quod
1260 1401 1454 1456 similis
1471 1401 1629 1456 nobis
1656 1402 1923 1470 apparuit,

335 1496 647 1562 aequitatem
684 1494 989 1548 horninibus
1017 1493 1375 1548 annuntiavit.
1408 1494 1752 1549 lntercedens
1782 1494 1925 1549 enim

330 1598 430 1653 pro
462 1586 856 1654 peccatoribus,
891 1584 1240 1653 semetipsum
1279 1584 1483 1654 justum
1526 1587 1796 1641 hominem
1835 1588 1927 1657 qui

333 1692 436 1747 pro
458 1676 584 1731 aliis
612 1668 1002 1746 indulgentiam
1032 1684 1330 1732 mereretur
1357 1676 1616 1732 ostendit.
1634 1676 1885 1748 Sequitur
1911 1694 1925 1732 :

765 1766 991 1823 CAPUT
1047 1767 1111 1822 lll
1155 1766 1303 1839 μιαί.
1356 1765 1498 1840 111].

2023 571 2184 618 tatem
2218 565 2538 620 inﬁrmitatis
2568 582 2683 623 suae
2728 567 3069 625 considerare
3098 570 3339 641 negligit,
3386 573 3478 627 sed
3512 588 3607 643 per

2023 654 2275 710 elationis
2303 656 2498 712 fastum
2529 660 2738 714 virtutis
2768 676 2877 714 sum
2916 661 3139 732 gloriam
3192 665 3438 728 attendit,
3464 664 3608 722 unde

2024 748 2296 817 pulchrior
2322 761 2425 817 est,
2462 751 2587 806 inde
2628 752 2926 819 descendit,
2962 754 3086 824 quia
3128 755 3432 811 extollendo
3459 772 3518 814 se
3544 759 3612 815 de

2023 840 2135 895 suis
2158 842 2387 907 meritis,
2417 842 2542 896 inde
2566 840 2591 878 ἀ
2620 842 2671 897 in
2698 844 2798 897 ima
2825 843 3075 905 interitus
3089 847 3312 915 corruit,
3339 845 3477 904 unde
3496 848 3612 920 glo-

2028 931 2233 985 riosum
2268 948 2327 988 se
2351 949 2471 988 esse
2496 932 2773 1003 judicavit.
2809 935 2909 1003 Qui
2939 935 3272 994 descendens
3301 954 3419 993 cum
3453 942 3613 995 incir-

2024 1024 2276 1079 Cun‘tcisis
2307 1024 2528 1091 dormit,
2560 1027 2683 1095 quia
2714 1027 2766 1081 in
2811 1038 3012 1082 aeterna
3040 1040 3209 1084 morte
3254 1048 3373 1086 cum
3404 1032 3614 1089 caeteris

2025 1100 2399 1182 peccatoribus
2424 1115 2629 1171 deﬁcit.
2664 1116 2796 1184 Quia
2828 1132 2955 1187 ergo
2993 1117 3154 1174 homo
3198 1120 3298 1176 iste
3343 1120 3616 1178 humiliter

2029 1207 2361 1276 corruptioni
2392 1224 2450 1263 se
2483 1209 2839 1279 propinquum
2868 1224 2991 1265 esse
3014 1216 3281 1280 cognovit,
3303 1214 3441 1273 bene
3462 1214 3529 1269 de
3551 1230 3617 1271 eo

2028 1297 2223 1353 dicitur
2256 1318 2268 1355 :
2302 1282 2493 1355 Liberd
2514 1317 2653 1373 eum,
2706 1312 2761 1355 ut
2805 1319 2906 1356 non
2939 1305 3212 1357 descendat
3258 1307 3307 1359 in
3333 1310 3615 1376 corruptio-

2031 1407 2168 1457 nem,
2215 1404 2271 1446 ut
2301 1407 2365 1447 eo
2413 1396 2582 1469 magis
2631 1396 2822 1450 eradat
2854 1412 3086 1465 poenam,
3112 1414 3218 1467 quo
3267 1402 3449 1454 oculos
3490 1417 3619 1456 suos

2032 1491 2057 1519 ⁸
2086 1500 2191 1557 non
2217 1485 2445 1541 advertit
2465 1487 2530 1540 ad
2556 1487 2792 1558 culpam.
2811 1490 2943 1555 Quia
2966 1505 3092 1545 vero
3119 1492 3297 1546 nullus
3327 1503 3442 1548 erat
3471 1492 3619 1565 cujus

2029 1578 2237 1632 meritis
2269 1579 2422 1633 nobis
2455 1579 2714 1635 Dominus
2765 1582 3047 1652 propitiari
3075 1582 3381 1651 debuisset;
3424 1585 3620 1654 Unige-

2033 1674 2183 1729 nitus
2215 1673 2416 1741 Patris,
2447 1675 2674 1729 formam
2708 1676 3033 1731 inlirmitatis
3076 1692 3274 1733 nosme
3303 1679 3620 1747 suscipiens,

2033 1766 2179 1819 solus
2206 1764 2380 1835 justus
2406 1768 2673 1835 apparuit,
2704 1775 2761 1821 ut
2782 1781 2877 1836 pro
2926 1769 3299 1838 peccatoribus
3335 1766 3354 1806 τ
3386 1771 3619 1826 interce-

411 1840 570 1915 \'sns.
596 1858 1098 1915 24.-—-Miserebitur
1120 1863 1254 1932 ejus,
1278 1868 1327 1914 et
1369 1860 1505 1935 dicet
1534 1876 1553 1915 :
1581 1859 1768 1915 Libera
1787 1858 1926 1930 eum,
1956 1855 2007 1917 B
2034 1855 2184 1911 deret
2208 1855 2377 1927 (Phil.
2415 1872 2471 1923 tl,
2503 1858 2582 1927 7)-

337 1962 394 2005 ut
424 1968 523 2005 non
542 1952 814 2007 descendat
841 1952 896 2007 in
918 1953 1320 2023 corruptionem,
1348 1953 1514 2008 inueni
1540 1953 1593 2007 in
1614 1969 1715 2024 quo
1739 1955 1788 2009 ei
1810 1971 1932 2024 pra-

333 2046 502 2115 pitier.

402 2137 454 2192 5.
501 2135 657 2191 Solus
690 2133 927 2191 Christus
956 2154 1050 2190 nos
1095 2136 1345 2202 liberavit,
1380 2136 1649 2208 Deumque
1685 2140 1932 2211 propitia-

327 2230 417 2282 vit.
446 2228 728 2283 Fortitudo
758 2244 822 2282 ea:
842 2229 1488 2285 humilitate.—Mcdiator
1512 2224 1606 2284 Dei
1662 2241 1715 2285 et
1757 2231 1931 2286 homi-

333 2337 489 2386 num,
522 2322 685 2377 hotno
711 2323 957 2377 Christus
985 2321 1142 2378 Jesus
1189 2323 1241 2377 in
1276 2339 1340 2378 eo
1382 2325 1669 2379 miseretur
1699 2323 1927 2394 homini,

322 2429 435 2486 quo
480 2415 708 2471 formam
760 2417 994 2472 hominis
1042 2417 1272 2487 sumpsit
1300 2415 1352 2488 (I
1386 2416 1519 2470 Tim.
1584 2434 1645 2487 ll,
1690 2420 1756 2483 5;
1794 2418 1927 2473 Phi-

332 2509 463 2576 lipp.
498 2524 560 2572 u,
593 2510 681 2580 7);
712 2525 816 2580 qua
875 2511 1244 2565 misericordia
1279 2525 1373 2577 pro
1402 2511 1681 2580 redempto
1712 2510 1929 2567 homine

329 2598 465 2654 dtCIt
496 2599 638 2654 Patri
668 2618 681 2653 :
706 2600 895 2654 Libera
921 2617 1058 2666 eum,
1084 2612 1138 2654 ut
1158 2618 1256 2655 non
1281 2603 1554 2654 descendat
1570 2602 1619 2654 in
1642 2605 1930 2671 corruptio-

328 2707 469 2747 nem.
526 2692 677 2748 Sicut
717 2692 830 2762 jam
884 2708 1047 2761 supra
1091 2694 1351 2759 diximus,
1383 2693 1409 2732 δ
1448 2694 1641 2759 dicere
1684 2697 1800 2764 ejus
1848 2705 1931 2751 est

327 2776 522 2834 Libera
548 2781 825 2847 hominem,
865 2793 1109 2836 naturam
1166 2782 1399 2837 hominis
1426 2785 1749 2839 assumenda
1791 2786 1928 2842 libe-

329 2889 449 2929 ram
470 2874 873 2931 demonstrare.
893 2876 971 2931 Ex
989 2892 1051 2931 ea
1072 2877 1269 2946 quippe
1299 2893 1461 2932 carne
1492 2893 1649 2947 quant
1678 2881 1924 2948 sumpsit,

330 2968 498 3023 etiam
532 2968 671 3023 hanc
694 2971 932 3026 ostendit
965 2969 1188 3024 liberam
1221 2985 1380 3037 quam
1407 2969 1654 3025 redemit.
1688 2972 1817 3037 Qua:
1847 2987 1930 3027 re-

327 3060 549 3130 dempta
582 3062 832 3117 videlicet
876 3076 1002 3117 caro
1030 3078 1129 3117 nos
1176 3077 1381 3127 sumus,
1418 3071 1439 3099 ο
1477 3061 1565 3131 qui
1623 3063 1929 3133 cognitione

334 3153 515 3208 nostri
546 3162 729 3209 reatus
751 3155 1123 3224 astringimur.
1145 3154 1248 3209 Sed
1281 3154 1587 3209 Mediatoris
1608 3157 1736 3208 tanti
1761 3156 1928 3222 aequi-

2107 1948 2160 2002 6.
2205 1946 2713 2002 Nullus'hominum
2762 1964 2937 2003 coram
2979 1947 3092 2004 Deo
3122 1950 3423 2006 intercessor
3446 1956 3623 2026 justus

2032 2056 2128 2111 pro
2150 2041 2440 2095 hominibus
2471 2042 2879 2112 apparuit.—Et
2921 2042 3057 2097 bene
3092 2056 3193 2112 pro
3219 2046 3497 2116 redempto
3527 2049 3625 2100 lio-

2033 2142 2178 2188 mine
2207 2134 2309 2187 isto
2343 2136 2570 2203 loquens
2620 2134 2843 2203 angelus
2875 2134 2943 2188 dit
2965 2135 3006 2188 it
3034 2152 3047 2187 :
3080 2132 3266 2189 Inveni
3291 2138 3344 2190 in
3375 2154 3475 2207 quo
3504 2156 3626 2209 pro-

2035 2227 2189 2296 pitier
2214 2227 2279 2280 ei.
2308 2228 2386 2280 Ac
2413 2225 2460 2281 si
2488 2238 2675 2295 aperte
2696 2227 2855 2297 763
2873 2226 3129 2283 Mediator
3154 2228 3248 2283 Dei
3275 2241 3329 2285 et
3352 2229 3625 2286 hominum

2035 2319 2177 2373 dicat
2211 2338 2222 2371 :
2259 2319 2398 2386 Quia
2422 2319 2601 2375 nullus
2646 2319 2922 2375 hominum
2954 2321 3053 2377 fuit
3081 2324 3169 2391 qui
3201 2339 3382 2380 coram
3408 2326 3520 2381 Deo
3546 2326 3628 2382 in-

2037 2419 2309 2465 tercessor
2365 2412 2541 2479 justus
2588 2425 2687 2481 pro
2736 2410 3045 2467 hominibus
3075 2426 3375 2483 appareret,
3407 2430 3630 2473 memet-

2036 2502 2210 2572 ipsum
2241 2502 2305 2556 ad
2336 2502 2735 2574 propitiandum
2768 2503 3076 2559 hominibus
3109 2506 3380 2562 hominem
3412 2508 3533 2576 feci,
3576 2519 3630 2566 et

2032 2594 2158 2650 dum
2184 2610 2274 2651 me
2302 2594 2575 2650 hominem
2604 2594 2845 2661 exhibui,
2870 2603 2897 2643 ε
2930 2596 2983 2651 in
3027 2612 3131 2675 quo
3152 2597 3299 2667 juste
3321 2599 3630 2658 hominibus

2033 2688 2590 2759 propitiarerinveni.
2637 2687 2856 2759 thuia
2916 2688 3288 2747 inﬁrmitatem
3332 2694 3631 2764 suscipiens

2035 2780 2317 2848 Dominus,
2354 2780 2480 2835 dum
2507 2796 2721 2851 penam
2752 2791 2993 2837 nostram
3037 2785 3316 2841 moriendo
3364 2788 3631 2859 toleravit,

2036 2876 2434 2955 corruptionem
2470 2886 2711 2932 nostram
2745 2879 3079 2951 resurgendo
3109 2881 3510 2950 mutavit,bene
3531 2884 3632 2942 iste

2034 2968 2263 3038 angelus
2284 2968 2631 3023 mortalitatis
2648 2981 2846 3026 nostra:
2874 2970 3083 3042 ﬂagella
3111 2972 3633 3045 subjungit,eorum-

2033 3075 2136 3131 que
2165 3062 2471 3129 miseretur,
2503 3062 2708 3119 dicens:

2649 3154 2891 3225 CAPUT,
2931 3156 3021 3212 iV.

339 3249 453 3301 taté
476 3247 791 3312 liberamur,
822 3248 960 3301 sicut
991 3247 1106 3317 ipse
1131 3247 1209 3313 ait
1240 3263 1255 3301 :
1280 3247 1344 3302 Si
1372 3264 1457 3302 vos
1491 3245 1540 3299 F
1542 3249 1662 3303 ilius
1688 3249 1934 3304 liberare-
1955 3232 2005 3297 (ἶ
2111 3242 2277 3297 VERS-
2309 3243 2403 3298 25-
2429 3274 2499 3284 -
2519 3244 2838 3318 Consumpta
2881 3258 2955 3303 es!
3002 3265 3121 3305 caro
3141 3256 3252 3322 eius
3273 3269 3305 3308 α
3329 3255 3633 3328 suppliciis;

330 3341 426 3407 rit,
457 3336 570 3395 vere
590 3339 736 3395 liberi
764 3342 906 3393 eritis
927 3338 1107 3409 (Joan.
1140 3354 1254 3405 vui,
1288 3338 1403 3411 56).
1441 3338 1509 3393 Et
1535 3341 1673 3396 bene
1701 3356 1798 3411 pro
1831 3343 1931 3397 hoc

328 3432 616 3502 redempta
642 3435 859 3491 homine
874 3434 1071 3489 dicitur
1098 3453 1110 3489 :
1142 3434 1265 3489 Non
1284 3435 1558 3489 descendat
1575 3436 1628 3489 in
1645 3437 1933 3509 corruptio-

332 3541 477 3578 nem.
510 3524 656 3598 [Vet.
689 3523 824 3597 IV.J
873 3524 1134 3595 Superius
1175 3525 1319 3581 enim
1348 3526 1546 3580 dictum
1579 3526 1750 3582 fuerat
1778 3546 1793 3581 :
1826 3531 1937 3599 Ap-

330 3618 700 3689 propinquabit
729 3619 1052 3688 corruptioni
1070 3620 1243 3673 anima
1272 3621 1413 3691 ejus;
1436 3620 1775 3689 postmodum
1794 3622 1932 3679 dici»

332 3717 422 3762 tur
451 3726 467 3761 :
502 3708 627 3763 Non
658 3709 931 3765 descendat
961 3712 1013 3766 in
1043 3713 1446 3779 corruptionem.
1480 3713 1559 3767 Ac
1586 3714 1633 3767 si
1685 3714 1929 3771 diceret:

331 3799 473 3867 Quia
504 3802 885 3871 cognoscendo
917 3803 1285 3858 inﬁrmitatem
1328 3819 1505 3869 suam,
1565 3818 1686 3858 esse
1711 3818 1769 3861 se
1814 3822 1935 3862 cor-

342 3891 584 3961 ruptioni
606 3894 908 3962 proximum
939 3909 1044 3949 non
1073 3894 1302 3967 ignorat,
1327 3894 1526 3950 idcirco
1549 3895 1614 3950 ad
1636 3898 1933 3967 corruptio-

336 3982 426 4039 nis
452 3984 731 4040 interitum
764 4000 872 4041 non
903 3987 1215 4045 descendat.
1253 3988 1334 4042 Ad
1365 3990 1763 4056 corruptionem
1789 3993 1957 4047 enim‘

330 4077 482 4145 iuste
508 4076 904 4145 descenderet,
932 4080 976 4135 si
1017 4080 1130 4134 suis
1177 4079 1379 4137 viribus
1429 4082 1586 4153 longe
1634 4098 1692 4138 se
1734 4099 1764 4138 a
1812 4099 1934 4140 cor-

338 4170 591 4239 ruptione
612 4185 733 4227 esse
749 4170 1040 4243 iudicaret.
1069 4171 1174 4229 Sed
1200 4173 1322 4243 quia
1374 4174 1702 4243 corruptioni
1741 4192 1936 4248 appro-

336 4261 618 4332 pinquavit
645 4261 941 4330 humiliter,
964 4264 1129 4320 debet
1157 4266 1224 4320 ab
1261 4281 1324 4321 ea
1354 4267 1775 4325 misericorditer
1802 4269 1933 4325 libe-

337 4353 451 4406 rari
484 4368 497 4405 :
534 4360 593 4408 ut
618 4367 685 4409 eo
708 4363 896 4408 contra
927 4354 1289 4425 impugnantia
1316 4355 1440 4412 vitia
1465 4357 1620 4413 fortis
1644 4360 1734 4428 sit,
1752 4374 1859 4428 quo
1877 4374 1936 4416 se

338 4441 453 4499 suis
481 4444 689 4498 meritis
718 4445 961 4514 agnoscit
985 4445 1278 4501 inﬁrmum.
1326 4449 1580 4519 Quisquis
1603 4452 1745 4506 enim
1774 4466 1935 4523 supra

336 4548 399 4589 se
427 4534 723 4602 extollitur,
771 4536 889 4605 ipso
936 4536 1188 4593 elationis
1245 4552 1355 4593 suae
1385 4542 1624 4609 pondere
1651 4554 1932 4615 gravatur;

2036 3344 2319 3388 revertatur
2343 3335 2411 3387 ad
2438 3336 2548 3390 dies
2576 3337 2937 3393 adolescentite
2967 3357 3096 3395 suat.

2110 3425 2164 3480 7.
2205 3427 2251 3479 Δ
2271 3425 2383 3480 Deo
2409 3427 2719 3494 recedentes,
2749 3430 2881 3482 nihil
2912 3433 3015 3485 nisi
3040 3450 3142 3503 quo
3167 3436 3521 3507 afﬂigerentur,
3552 3439 3630 3493 in-

2039 3519 2288 3572 venimus.
2311 3548 2381 3558 —
2414 3519 2474 3574 In
2502 3520 2594 3573 illo
2623 3521 2820 3591 quippe
2844 3522 3021 3592 'primo
3046 3524 3263 3582 homine
3290 3546 3317 3580 a
3346 3528 3457 3583 Deo
3482 3546 3632 3587 rece-

2037 3609 2198 3664 dente
2228 3610 2427 3680 repulsi
2459 3626 2490 3664 a
2530 3612 2763 3680 paradisi
2813 3614 3039 3683 gaudiis,
3092 3616 3144 3670 in
3198 3618 3336 3673 hanc
3387 3624 3629 3680 mortalis

2039 3700 2163 3754 vita:
2193 3716 2488 3755 aerumnam
2520 3703 2839 3768 cecidimus,
2871 3714 2923 3757 et
2979 3720 3134 3774 quam
3170 3725 3384 3777 gravem
3416 3713 3631 3783 culpam

2037 3792 2306 3861 serpentis
2364 3794 2618 3849 suasione
2675 3794 3047 3851 commisimus
3096 3797 3304 3871 (Gener.
3364 3818 3456 3869 ut,
3512 3806 3630 3878 25),

2041 3881 2071 3921 ιι
2101 3900 2258 3955 poena
2290 3897 2492 3943 nostra:
2543 3888 2764 3944 ultionis
2802 3891 3083 3947 sentimus.
3130 3894 3244 3949 Iluc
3288 3897 3431 3952 enim
3475 3899 3631 3969 lapsi,

2042 3974 2178 4030 nihil
2204 3985 2358 4032 extra
2391 3976 2583 4046 Deum,
2620 3980 2722 4034 nisi
2748 3995 2854 4051 quo
2885 3982 3264 4052 allligeremur,
3298 3988 3627 4046 invenimus.

2042 4068 2111 4123 Et
2134 4070 2255 4140 quia
2283 4087 2379 4141 per
2406 4074 2686 4128 oculorum
2710 4074 2879 4130 visum
2902 4092 3121 4132 carnem
3145 4080 3314 4134 secuti
3340 4097 3547 4153 sumus,
3564 4084 3632 4139 de

2050 4163 2189 4235 ipsa.
2216 4179 2400 4234 carne,
2455 4182 2613 4238 quam
2662 4170 2942 4249 prteceptis
2972 4170 3064 4226 Dei
3094 4176 3505 4243 praeposuimus,
3534 4177 3633 4234 llas

2046 4257 2330 4327 gellamur.
2365 4259 2421 4314 In
2452 4260 2566 4330 ipsa
2591 4252 2792 4332 quippe
2817 4264 3055 4333 quotidie
3100 4266 3380 4336 gemitum,
3430 4270 3480 4325 in
3517 4272 3632 4340 ipsa

2047 4354 2369 4418 cruciatum,
2421 4352 2474 4407 in
2508 4354 2618 4423 ipsa
2670 4355 2939 4410 interitum
2971 4358 3224 4426 patimur,
3256 4371 3311 4414 ut
3342 4360 3443 4414 hoc
3478 4362 3633 4419 nobis

2049 4439 2062 4479 ί
2097 4444 2234 4498 mira
2263 4444 2618 4513 dispositione
2651 4445 2909 4501 Dominus
2931 4448 2985 4501 iu
3014 4463 3223 4517 poenam
3266 4462 3516 4519 verteret,
3540 4468 3633 4523 per

2041 4536 2184 4606 quod
2218 4536 2447 4592 iecimus
2470 4539 2720 4607 culpam;
2751 4556 2849 4594 nec
2878 4540 3095 4596 aliunde
3111 4543 3481 4600 essetinterim
3507 4562 3633 4601 ceu-

339 4638 391 4682 et
415 4642 481 4683 eo
505 4642 565 4684 se
592 4628 649 4684 in
678 4622 881 4685 iiiﬁmis
906 4629 1123 4701 mergit,
1153 4645 1284 4701 quo,
1335 4631 1389 4685 in
1444 4632 1712 4701 superbia:
1740 4636 1928 4690 vitium
1957 4620 2015 4683 Ῑ)
2042 4645 2168 4685 sura
2197 4630 2466 4699 supplicii,
2500 4631 2600 4685 nisi
2633 4633 2774 4686 unde
2804 4633 2976 4687 fuerat
2998 4648 3161 4688 causa
3186 4638 3410 4703 petenti,
3438 4649 3493 4691 nt
3514 4638 3632 4708 ejus

337 4737 627 4793 proruens,
649 4723 718 4778 ab
733 4738 798 4778 eo
816 4724 902 4793 qui
926 4739 1055 4779 vere
1074 4725 1320 4780 excelsus
1339 4732 1425 4779 est
1444 4726 1747 4795 elongavit;
1770 4738 1929 4798 atque

334 4813 465 4868 inde
496 4815 665 4883 magis
695 4814 799 4868 ima
829 4815 1053 4884 appetit,
1080 4815 1221 4869 unde
1244 4830 1305 4871 se
1332 4815 1674 4885 coniunctum
1706 4819 1931 4875 summis

336 4904 662 4971 aestimavit;
695 4906 834 4960 sicut
863 4922 960 4976 per
985 4906 1303 4978 prophetam
1333 4906 1613 4963 extollenti
1642 4921 1702 4963 se
1737 4907 1932 4965 animus

340 4996 541 5054 dicitur
567 5014 583 5053 :
620 4998 735 5065 Quo
763 4999 1027 5068 pulchrior
1054 5016 1107 5054 es
1134 4999 1402 5066 descende,
1432 5008 1481 5054 et
1508 4999 1683 5075 dormi
1708 5016 1823 5053 cum
1851 5000 1929 5054 in-

412 5140 853 5214 {Supplevimus
877 5156 941 5211 ex
961 5142 1088 5198 Mss.
1110 5142 1319 5214 Anglic.
1348 5150 1405 5198 et
1429 5142 1631 5197 nostris
1657 5142 1925 5212 voculam,

336 5210 511 5278 nobis,
537 5212 605 5265 ab
637 5212 809 5267 E‘ditis
836 5210 1224 5269 exsulantem.’
1331 5272 1349 5281 μ

407 5281 439 5321 δ
486 5287 660 5338 Locus
691 5284 776 5339 hic
805 5285 857 5339 in
889 5286 1057 5339 Editis
1107 5292 1311 5354 poster.
1354 5284 1425 5337 ita
1470 5283 1929 5340 habeturzdicere

333 5358 450 5416 eius
478 5364 551 5408 est
596 5354 813 5409 liberare
841 5356 1128 5416 hominem,
1172 5368 1411 5408 naturam
1453 5354 1675 5409 hominis
1715 5357 1929 5411 liberam

377 5434 708 5495 emonstrare.
758 5427 963 5493 Quibus
1016 5425 1146 5480 nihil
1194 5426 1496 5481 obscurius.
1548 5426 1664 5495 Ope
1710 5427 1838 5482 Mss.
1873 5436 1929 5483 et

336 5506 452 5551 vet.
507 5494 647 5551 Edit.
674 5512 810 5552 .eurn
854 5498 934 5552 sic
981 5496 1333 5561 restituiutus,
1372 5506 1429 5550 ut
1457 5500 1633 5551 omnia
1666 5508 1925 5565 pateant;

335 5581 537 5624 sensus
562 5568 703 5622 enim
744 5579 846 5635 est,
877 5566 1150 5623 Christum
1188 5575 1311 5621 tunc
1339 5566 1539 5622 dixisse
1570 5569 1710 5621 Patri
1736 5569 1806 5624 de
1831 5569 1927 5623 ho-

340 5639 491 5693 mine
520 5639 690 5707 lapso,
722 5638 879 5694 libera
906 5655 1055 5705 eum,
1090 5637 1305 5707 quando
1343 5648 1589 5692 naturam
1639 5639 1929 5695 humanam

337 5709 670 5764 assumendo
699 5709 919 5764 liberam
951 5708 1361 5765 demonstravit.

421 5790 446 5820 α
482 5780 573 5835 Sic
599 5795 722 5851 cum
746 5777 927 5849 Colh.,
950 5782 1163 5838 Ebroic.
1186 5779 1506 5851 exterisque
1525 5781 1708 5838 Norm.
1726 5788 1939 5838 veteres

344 5852 519 5915 Edit.,
562 5852 653 5909 ubi
701 5850 755 5907 in
803 5852 1196 5909 recentioribus
1238 5850 1459 5922 legitur,
1492 5854 1580 5923 qui
1621 5854 1937 5908 conditione.

2043 4722 2221 4778 carnis
2257 4722 2617 4776 amaritudine
2644 4720 2806 4776 homo
2835 4724 3143 4779 erudiretur
3171 4724 3239 4781 ad
3269 4727 3455 4796 vitam,
3478 4731 3632 4797 cujus

2039 4814 2400 4870 oblectatione
2427 4814 2691 4882 superbiae
2721 4815 2967 4883 pervenit
2994 4816 3058 4869 ad
3092 4832 3341 4874 mortem.

2094 4898 2164 4958 Ἠ.
2207 4904 2247 4957 Α
2279 4904 2503 4959 carnalis
2534 4906 2650 4960 vita:
2673 4907 2941 4977 suppliciis
2970 4905 3203 4963 Christus
3258 4927 3349 4965 nos
3395 4912 3548 4973 eruit,
3579 4922 3628 4965 et

2043 4997 2328 5054 innovavit.
2361 5027 2431 5041 —
2460 4998 2593 5064 Quia
2623 5013 2751 5069 ergo
2779 4999 3074 5056 innumeris
3128 5000 3418 5056 humanum
3462 5016 3629 5073 genus
3660 5056 3667 5057 ,

2032 5142 2235 5213 Baluz.
2252 5139 2447 5213 habet,
2464 5140 2771 5213 cogitatione
2786 5180 2802 5205 ,
2833 5154 2928 5209 pro
2956 5142 3263 5213 cognitione.

2104 5212 2131 5250 ά
2166 5212 2329 5277 Editi,
2354 5212 2407 5263 in
2433 5212 2533 5264 ima
2566 5212 2807 5265 deterius.
2837 5213 2990 5266 Colb.
3009 5212 3033 5278 ,7
3061 5216 3113 5266 in
3142 5229 3245 5265 una
3271 5212 3499 5266 interius.
3532 5216 3630 5271 Sec

2030 5285 2245 5355 quimur
2278 5283 2405 5337 Mss.
2440 5282 2645 5343 Balnz.,
2677 5282 2923 5347 Vindoc.,
2959 5282 3143 5355 Norm.

2106 5366 2129 5392 ε
2161 5354 2326 5420 Edtti,
2357 5370 2457 5407 non
2488 5355 2666 5407 avertit
2697 5369 2730 5406 a
2758 5356 2931 5418 culpa,
2961 5370 3068 5420 quo
3096 5352 3231 5409 nihll
3259 5354 3536 5419 insulsius,
3563 5365 3622 5413 ct

2033 5440 2064 5479 a
2091 5434 2270 5480 mente
2292 5428 2460 5478 sancti
2488 5424 2733 5479 Doctoris
2759 5424 2925 5492 magis
2947 5424 3201 5479 alienum.
3228 5424 3412 5481 Lectio
3437 5439 3619 5484 nostra

2033 5507 2117 5552 est
2147 5496 2270 5551 Mss.
2301 5497 2461 5564 Angl.
2493 5506 2544 5551 et
2571 5494 2757 5548 Gallic.

2114 5565 2133 5605 τ
2169 5563 2415 5630 νίηίιοοξ,
2452 5567 2651 5620 Pratel.
2682 5577 2734 5618 et
2761 5563 2884 5627 alii,
2912 5564 3247 5623 intercedens.

2115 5637 2412 5720 8.Ebroic.,
2441 5639 2494 5690 in
2519 5651 2621 5706 quo
2645 5639 2786 5704 iusto
2826 5634 3029 5687 homine
3052 5635 3342 5693 hominibus
3372 5643 3625 5714 propitia-

2039 5727 2122 5764 rer
2151 5724 2341 5762 mtrem.

2115 5780 2142 5819 ιι
2174 5779 2396 5844 Pratel.,
2428 5792 2590 5848 pana:
2621 5784 2810 5831 nostra:
2832 5776 3026 5831 ultione
3047 5780 3312 5837 sentimus.

2126 5851 2138 5889 ί
2174 5849 2426 5915 Vindoc.,
2460 5849 2641 5905 Norm.
2674 5859 2727 5904 et
2755 5850 2851 5916 al.,
2886 5848 3017 5902 mira
3047 5849 3446 5919 dispensatione.
