4024 6352
506 387 623 443 -2!!!
1736 376 1977 435 SANC’H
2018 372 2346 439 GREGOBII
2391 374 2604 431 MAGN!
2838 380 2841 389 '
3680 376 3776 435 Μ

532 498 761 557 carnalis
790 501 911 555 vitae
942 496 1215 569 suppliciis
1242 494 1603 566 premebatur,
1624 494 1718 551 sed
1747 494 2111 562 Redemptare
2144 495 2195 554 Α
2225 496 2250 527 ⁸
2283 504 2428 556 cum,
2475 488 2662 561 gaudia
2709 502 2937 561 superna
2963 490 3320 563 conspiciens,
3351 503 3446 562 spe
3486 494 3701 564 quadam
3729 509 3775 557 et

533 604 723 651 nostro
745 594 1018 658 veniente,
1053 598 1106 647 et
1136 591 1261 646 vitia
1286 582 1643 659 corruptionis
1669 598 1868 644 nostrae
1906 596 1959 643 et
2005 596 2115 643 tor-
2216 580 2505 651 securitate
2545 582 2846 639 roboratur.
2900 580 2993 639 illa
3044 583 3385 654 compunctiu
3406 583 3691 644 at‘ﬂclentes
3728 598 3775 647 et
3870 634 3877 643 ι

532 697 708 743 menta
753 688 923 742 deleta
967 691 1112 751 sunt,
1158 682 1366 738 dicatur
1421 682 1487 736 de
1527 681 1806 753 redempta
1851 680 2107 735 homine:

533 776 681 851 [νει.
722 770 787 842 ν,
820 777 940 830 Rcc.
974 770 1107 845 IV.]
1136 771 1449 844 Cumumpta
1470 781 1545 827 est
1568 788 1685 826 caro
1715 774 1829 845 ejus
1857 788 1888 824 a
1918 769 2115 842 suppli-

534 871 661 937 ciis;
692 878 971 935 revertatur
998 867 1068 921 ad
1098 867 1206 921 dies
1230 866 1587 922 adolescentia:
1617 881 1741 919 sum.
1787 860 1864 918 Ac
1891 862 1934 919 si
1964 862 2111 919 dice-

534 973 614 1020 ret
642 981 653 1017 :
688 961 1027 1019 Mortalitatis
1058 976 1167 1015 suae
1192 974 1347 1030 poena
1379 960 1428 1014 in
1454 958 1679 1031 quadam
1703 956 1981 1013 vetustatis
2002 970 2114 1012 suae

533 1060 812 1110 senectute
844 1051 1087 1123 dejectus
1108 1061 1221 1120 est;
1253 1067 1397 1107 rever
1415 1058 1551 1106 tatur
1574 1048 1640 1109 ad
1665 1048 1779 1105 dies
1805 1046 2114 1103 adolescen-

537 1149 623 1203 tice
647 1163 783 1212 suae,
814 1146 867 1202 id
897 1154 976 1201 est
995 1145 1186 1217 prioris
1208 1145 1331 1199 vitro
1351 1141 1653 1215 integritate
1677 1150 1983 1207 renovetur,
2005 1150 2028 1178 ι
2054 1149 2116 1196 ut

536 1254 639 1294 non
670 1224 733 1294 in'
774 1253 840 1293 eo
888 1247 1163 1295 remaneat
1192 1252 1297 1311 quo
1326 1235 1504 1307 lapsus
1549 1242 1652 1305 est,
1690 1234 1783 1297 sed
1809 1235 1873 1290 ad
1908 1235 2008 1291 hoc
2031 1251 2116 1291 re-

536 1332 787 1404 demptus
818 1332 1005 1387 redeat
1036 1330 1100 1385 ad
1126 1330 1263 1403 quod
1292 1328 1683 1401 percipiendum
1722 1328 1966 1384 conditus
1996 1324 2112 1383 iuit.

536 1425 811 1496 Scriptura
840 1423 983 1480 enim
1016 1438 1166 1478 sacra
1190 1437 1332 1493 saepe
1378 1420 1796 1476 adolescentiam
1839 1435 1935 1490 pro
1964 1416 2117 1475 novi-

532 1524 642 1571 tate
689 1516 812 1570 vitae
857 1529 1056 1586 ponere
1100 1513 1399 1569 consuevit.
1464 1511 1613 1567 Unde
1648 1508 1880 1566 venienti
1916 1525 2115 1583 sponso

532 1608 724 1663 dicitur
750 1626 763 1661 :
794 1606 1203 1663 Adalescentula:
1232 1606 1519 1661 dilexerunt
1548 1614 1594 1660 te
1638 1593 1815 1677 (Cant:
1863 1623 1899 1673 ι,
1942 1604 2030 1677 5);
2063 1602 2115 1661 id

418 1708 439 1719 "
533 1708 637 1766 est,
670 1698 969 1754 electorum
1004 1699 1197 1753 anima:
1242 1699 1408 1769 gratia
1454 1696 1788 1766 baptismatis
1827 1707 2113 1765 renovatae,

542 1809 662 1862 qua:
689 1808 795 1847 non
830 1793 881 1846 in
906 1791 1033 1846 vita:
1052 1791 1245 1846 veteris
1274 1807 1369 1846 usu
1393 1790 1665 1857 deﬁciunt,
1684 1789 1776 1851 sed
1801 1792 1919 1849 novi
1943 1790 2112 1846 homi-

2217 672 2420 743 tristes,
2446 675 2560 729 haec
2583 687 2711 729 vero
2732 673 2880 731 itetas
2902 675 3165 746 iacrymas
3182 684 3379 732 movet.
3401 675 3627 734 lubitum
3646 696 3776 737 nam-

2219 778 2323 835 que
2367 764 2581 853 dicitur,
2630 767 2845 837 quando
2875 766 3143 825 lueli‘abile
3185 770 3437 841 gaudium
3465 780 3635 828 mente
3663 788 3776 829 con-

2222 858 2438 933 cipitur,
2468 861 2612 931 quod
2642 875 2742 917 nec
2771 860 3027 917 abscondi
3074 866 3265 932 possit,
3316 877 3412 919 nec
3464 866 3777 922 sermonibus

2216 946 2418 1037 aperiri
2436 968 2450 1017 ;
2471 959 2525 1007 et
2550 958 2724 1008 tamen
2744 951 3057 1023 quibusdam
3082 953 3315 1010 motibus
3333 954 3587 1024 proditur,
3610 970 3776 1027 quam—
3828 966 3833 971 ‘

2217 1044 2297 1101 vis
2321 1044 2481 1101 nullis
2504 1047 2922 1117 proprietatibus
2950 1047 3298 1118 exprimatur.
3322 1046 3473 1105 Unde
3493 1050 3651 1105 David
3667 1064 3777 1120 pru-

2218 1134 2374 1209 pheta
2433 1134 2647 1193 lntuens
2696 1138 2991 1195 eiecturum
3047 1140 3251 1196 animas
3300 1148 3506 1196 tantum
3546 1140 3775 1212 gaudium

2218 1239 2394 1288 mente
2417 1233 2699 1304 concipere
2737 1242 2991 1305 quantum
3038 1246 3284 1289 sermone
3329 1246 3434 1289 non
3465 1232 3637 1289 valent
3666 1246 3777 1305 ape-

2216 1324 2361 1387 rire,
2412 1323 2485 1379 ait
2539 1339 2555 1378 :
2616 1321 2808 1397 Beatus
2863 1324 3109 1395 populus,
3168 1324 3257 1395 qui
3305 1327 3403 1380 scit
3443 1324 3776 1397 jubilatiormtt

2220 1412 2392 1490 (Psal.
2424 1430 2688 1486 Lxxxvm,
2713 1418 2822 1490 16).
2849 1418 2962 1475 Non
2990 1420 3131 1475 enim
3161 1420 3253 1487 ait,
3274 1417 3375 1487 Qui
3405 1418 3776 1490 loquitur;sed,

2222 1506 2323 1575 Qui
2344 1511 2465 1575 scit,
2500 1508 2621 1581 quia
2651 1508 2777 1565 sciri
2800 1508 3012 1581 quidem
3034 1509 3280 1581 jubiiatio
3302 1509 3574 1565 intellectu
3601 1519 3778 1581 potest,

2224 1594 2243 1638 ί
2277 1597 2379 1654 sed
2411 1600 2553 1656 dicto
2581 1601 2809 1671 exprimi
2842 1616 2945 1656 non
2978 1608 3173 1671 potest.
3223 1600 3466 1658 Sentitur
3523 1614 3612 1673 per
3653 1602 3777 1659 illam

2178 1734 2191 1747 .
2218 1690 2435 1762 quippe,
2466 1692 2609 1763 quod
2638 1691 2775 1748 ultra
2807 1704 3021 1748 sensum
3046 1701 3147 1749 est.
3184 1692 3247 1748 Et
3285 1706 3406 1750 cum
3451 1692 3535 1748 vix
3588 1692 3651 1748 ad
3691 1693 3778 1751 huc

2218 1785 2694 1855 contemplandum
2727 1786 2959 1841 sufﬁciat
2988 1786 3317 1852 conscientia
3348 1786 3646 1852 sentientis,
3669 1802 3780 1857 quo-

533 1886 616 1940 nis
673 1882 1082 1939 conversatione
1134 1883 1475 1939 decorantur.
1529 1881 1870 1943 Senectutem
1919 1880 2113 1953 quippe
2141 1882 2193 1948 Β
2217 1876 2379 1931 modo
2399 1875 2463 1932 ad
2490 1877 2591 1932 hoc
2621 1877 3028 1956 exprimendum
3075 1874 3309 1934 snflitiat
3340 1879 3515 1948 lingua
3542 1877 3783 1935 dicentisi

533 1978 731 2033 veteris
782 1976 1016 2033 hominis
1068 1977 1206 2058 inter
1259 1974 1385 2031 vitia
1455 1974 1816 2032 tabescentem
1884 1974 2113 2031 deﬂebat

530 2072 619 2127 ille
666 2072 755 2144 qui
810 2072 929 2128 ait:
973 2064 1261 2127 Inveteravi
1311 2070 1443 2125 inter
1485 2086 1656 2123 omnes
1704 2068 1934 2123 inimicos
1978 2082 2113 2124 meos

531 2162 702 2234 (Psal.
731 2181 803 2233 vt,
823 2162 902 2235 8).
930 2160 971 2219 E
1002 2174 1183 2218 contra
1211 2162 1347 2225 alius
1367 2161 1599 2235 gaudere
1628 2160 1682 2217 in
1703 2160 1990 2217 virtutibus
2016 2161 2110 2215 ad~

531 2273 782 2325 monens,
814 2256 985 2312 dicit:
1038 2256 1259 2326 Ltetare,
1284 2254 1511 2329 juvenis,
1560 2257 1613 2313 in
1642 2254 1982 2311 adolescentia
2028 2265 2114 2311 tua

530 2348 729 2421 (Eccle.
759 2365 832 2414 χι,
864 2346 938 2419 9).
964 2346 1041 2403 Ac
1067 2349 1110 2403 si
1143 2349 1343 2404 diceret
1378 2366 1389 2402 :
1426 2346 1602 2403 Fortis
1634 2350 1857 2418 quisque
1886 2347 2115 2419 gaudeat

530 2422 583 2494 in
607 2441 955 2497 renovatione
983 2454 1106 2506 sua;
1143 2438 1193 2493 id
1220 2448 1320 2505 est,
1349 2436 1589 2495 laetitiam
1608 2455 1761 2494 suam
1790 2456 1896 2498 non
1918 2441 1968 2495 in
1994 2441 2114 2496 vitae

533 2534 731 2589 veteris
763 2535 1055 2604 voluptate,
1081 2530 1175 2589 sed
1208 2535 1256 2588 in
1284 2532 1708 2605 conversationis
1743 2548 1897 2593 novae
1921 2532 2115 2591 virtute
2155 2526 2164 2543 ’

532 2627 840 2682 constituat.
884 2626 1017 2696 Quia
1075 2643 1204 2682 vero
1250 2625 1317 2682 ad
1363 2622 1465 2684 hoc
1514 2627 1764 2684 novitatis
1814 2626 1977 2683 rohur
2006 2625 2111 2681 non

533 2718 734 2777 nostris
768 2718 998 2791 yiribus,
1032 2714 1059 2756 δ
1086 2717 1178 2774 sed
1211 2716 1569 2791 Redemptore
1610 2718 2001 2775 interveniente
2029 2735 2115 2777 re-

535 2820 813 2879 vocamur,
846 2829 940 2883 pro
974 2812 1074 2867 huc
1097 2811 1363 2883 tiagellato
1384 2812 1599 2868 homine
1626 2812 1924 2883 deprecans
1953 2828 2113 2885 ange-

532 2901 610 2963 lus
649 2902 789 2958 dicat
825 2917 837 2955 :
869 2902 1167 2957 Revertatur
1206 2903 1274 2955 ad
1327 2902 1434 2956 dies
1476 2903 1831 2960 adolescentia:
1879 2919 2006 2958 suto.
2044 2902 2115 2957 Et

484 2990 495 2995 ”
534 2992 655 3065 quia
686 2995 813 3049 dum
848 2992 1175 3064 Redemptor
1202 3004 1385 3050 noster
1417 2995 1627 3053 Patrem
1656 3011 1751 3067 pro
1771 2996 1927 3053 nobis
1950 3000 2116 3053 inter-

533 3085 714 3154 pellat,
741 3101 837 3142 nos
863 3102 1077 3157 quoque
1104 3097 1127 3126 ο
1157 3089 1281 3143 vita:
1310 3089 1547 3159 pristinas
1603 3096 1818 3159 turpore
1845 3089 2111 3158 discusso,

533 3176 559 3214 ά
598 3180 663 3232 ad
682 3180 838 3253 tsitim
867 3180 1135 3235 orationis
1152 3180 1509 3259 accendimur,
1539 3191 1660 3255 apte
1680 3181 1747 3238 de
1773 3181 1874 3239 hoc
1900 3183 2116 3243 homine

532 3266 813 3339 redetnpto
839 3270 1181 3345 subjungitur
1213 3290 1226 3331 :

1160 3360 1385 3429 CAPUT
1422 3364 1487 3421 ν.

604 3446 770 3507 Vens.
811 3450 905 3508 96.
931 3483 1000 3495 -
1027 3448 1399 3527 Deprecabitur
1428 3452 1616 3525 Deum,
1672 3465 1720 3514 et
1765 3454 2033 3530 placabilis
2070 3459 2117 3514 ei

534 3545 645 3600 erit.
1004 3614 1008 3625 ι
2082 3550 2089 3557 ’

600 3640 654 3694 9.
695 3637 931 3694 Christus
960 3655 1053 3711 pro
1079 3638 1224 3694 nobis
1247 3656 1399 3694 orans
1428 3641 1499 3695 ad
1526 3641 1778 3696 orandum
1817 3660 1908 3697 nos
1935 3660 2116 3698 accen-

532 3731 627 3786 dit.
648 3762 718 3773 —
739 3731 891 3787 Prius
923 3734 1064 3787 enim
1096 3726 1368 3804 postulare
1394 3734 1663 3804 angelum,
1699 3746 1751 3791 et
1780 3737 2116 3807 postmodum

534 3823 809 3878 hominem
835 3824 1128 3893 dicit,quia
1158 3825 1403 3880 nisiante
1434 3828 1545 3896 ipse
1578 3826 2005 3903 Dominus
2022 3844 2118 3899 per

530 3915 957 3971 incarnationem
1014 3932 1165 3971 suam
1231 3917 1578 3988 interpellans
1644 3915 1894 3988 Patrem,
1955 3919 2114 3974 vitam

532 3990 777 4061 nustratn
832 4016 1057 4076 peteret.
1091 4022 1358 4078 nunquam
1396 4024 1453 4063 sc
1503 4009 1888 4064 insensibilitas
1936 4022 2118 4066 nostra

531 4099 598 4154 ad
632 4098 948 4171 postulanda
980 4114 1042 4154 ea
1069 4115 1186 4169 quae
1214 4108 1419 4156 aeterna
1450 4114 1572 4157 sunt
1603 4104 1886 4159 excitaret.
1905 4102 2011 4159 Sed
2040 4105 2116 4158 iu-

532 4190 861 4248 carnationis
893 4189 1010 4260 ejus
1040 4195 1318 4261 praecessit
1364 4193 1555 4258 oratio,
1588 4202 1649 4249 ut
1689 4194 1917 4264 turporis
1950 4197 2119 4251 nostri

531 4282 805 4351 evigilatio
833 4281 1207 4351 subsequatur.
1232 4279 1371 4355 [νει.
1414 4281 1513 4353 Π,
1550 4283 1673 4339 llec.
1705 4283 1798 4359 V.]
1825 4286 1956 4355 Quia
1987 4303 2118 4343 vero

530 4377 1025 4447 posttentationes,
1055 4389 1197 4447 saepe
1248 4386 1367 4446 post
1394 4377 1682 4436 immensas
1738 4379 2118 4438 amaritudines

530 4475 695 4529 menti
720 4480 919 4529 nostrae
946 4474 999 4528 in
1032 4474 1241 4529 occulto
1266 4475 1461 4546 gaudio
1512 4477 1605 4532 lux
1659 4479 1906 4535 veritatis
1935 4495 2115 4537 erum-

530 4569 641 4636 pit;
676 4569 813 4624 bene
846 4569 914 4627 de
945 4567 1045 4622 hoc
1072 4576 1277 4623 tentato
1308 4566 1525 4627 homine
1546 4580 1601 4627 et
1631 4571 1953 4644 deprecante
1987 4573 2117 4630 sub,

526 4658 765 4730 iungitur
790 4679 803 4716 :

1138 4748 1367 4808 CAPUT
1420 4748 1506 4808 Vl.
1586 4752 1591 4757 ⁷

602 4843 729 4897 into.
761 4872 828 4881 —
858 4842 921 4896 Et
950 4843 1133 4898 uidebit
1162 4845 1347 4915 [aciem
1375 4850 1486 4921 ejus
1516 4847 1569 4901 in
1585 4864 1775 4919 Juuno.

604 4934 691 4990 10.
733 4934 937 5005 Duplex
958 4940 1291 5008 cempunctio,
1325 4956 1427 4993 una
1464 4940 1701 5007 tristitiw,
1730 4942 1895 4997 altera
1922 4942 2113 4999 lwtitire

530 5027 791 5099 lacrymas
814 5026 1040 5083 eiiciens.
1073 5030 1150 5084 Ea:
1172 5031 1265 5084 hac
1292 5028 1549 5100 ine/fabile
1571 5035 1814 5105 gaudium
1836 5036 2016 5091 oritur.
2046 5064 2111 5081 ι-

529 5122 786 5191 Superius
814 5122 1017 5179 dictum
1052 5133 1135 5181 est
1160 5124 1299 5194 (Lib.
1335 5142 1482 5191 xxut,
1516 5143 1570 5182 tt.
1599 5125 1668 5183 40
1715 5135 1763 5182 et
1789 5129 1947 5197 ιαμ),
1979 5143 2112 5199 qau-

530 5215 693 5270 modo
733 5215 873 5271 Deus
926 5216 1313 5273 iunotescendo
1359 5218 1543 5286 allicit,
1595 5234 1736 5275 nunc
1764 5235 1892 5276 vero
1918 5220 2114 5275 dicitur

529 5308 798 5376 quomodo
824 5309 951 5365 dum
973 5309 1259 5369 innotescit
1287 5311 1572 5371 exhilarat.
1605 5312 1770 5367 Aliter
1795 5312 1936 5369 enim
1967 5312 2116 5382 quis-

526 5416 632 5469 que
670 5402 1069 5472 cumpungitur,
1124 5418 1269 5471 cum,
1316 5405 1529 5460 interna
1568 5404 1805 5469 intuens,
1852 5404 2111 5460 malorum

526 5506 742 5546 suorum
793 5508 987 5560 pavore
1042 5502 1301 5559 terretur;
1361 5494 1519 5549 aliter
1542 5506 1674 5549 vero
1716 5494 2109 5566 cumpungitur,

600 5616 626 5655 ς
644 5606 865 5680 Recepi.
885 5604 1047 5676 Editi,
1060 5617 1115 5665 ut
1136 5624 1239 5667 non
1251 5624 1311 5669 eo
1331 5617 1531 5680 maneat
1557 5624 1678 5680 qua.
1708 5608 1833 5667 bks.
1854 5609 2103 5677 Vindoc.,

527 5674 757 5749 Tttruty,
784 5677 1006 5749 _Ebroie.
1032 5674 1277 5749 aliosque
1305 5679 1490 5735 Norm.
1520 5674 1686 5737 secuti
1716 5690 1925 5739 Sumus.

567 5746 627 5829 ,δ
656 5746 912 5829 Δἱῖίιιάυει..
961 5746 1261 5809 Ebruicfet
1290 5752 1389 5819 pL.
1436 5751 1526 5806 sed
1569 5753 1846 5814 mediatore
1885 5753 2102 5808 interve-

530 5826 694 5872 niente
719 5833 1038 5875 renovantur.
1682 5836 1689 5841 ’

601 5897 623 5927 ο
658 5888 855 5943 Pratel.
893 5904 956 5943 ac
990 5888 1237 5953 Viudoc.,
1268 5890 1383 5945 vita:
1411 5893 1607 5947 ueteris.

2213 1967 2344 2035 Quia
2373 1970 2782 2047 ergocordibus
2816 1970 3012 2027 nostris
3039 1970 3126 2024 lux
3152 1982 3213 2026 se
3238 1968 3482 2025 veritatis
3510 1968 3778 2038 insinuans,

2214 2062 2374 2117 modo
2404 2062 2708 2118 districtum
2758 2064 3020 2133 justitiam
3077 2062 3463 2133 praetendendo
3493 2062 3777 2128 contristat,

2215 2154 2378 2212 modo
2404 2156 2611 2212 interna
2636 2158 2825 2227 gaudia
2858 2158 3149 2229 aperiendo
3179 2157 3451 2223 lmtlﬁcat;
3486 2166 3602 2224 post
3630 2166 3780 2213 tenta.

2216 2251 2424 2307 tionum
2454 2253 2862 2317 amaritudines,
2894 2260 3014 2324 post
3037 2252 3447 2309 tribulationum
3468 2252 3653 2319 luetus,
3677 2258 3785 2331 apte

2215 2344 2551 2416 subiungitur
2578 2363 2591 2400 :
2629 2345 2833 2401 Videbit
2862 2349 3045 2417 faciem
3068 2348 3179 2418 ejus
3207 2347 3261 2401 in
3274 2346 3470 2420 jubilo.

2287 2436 2375 2493 ii.
2417 2439 2499 2492 Ad
2527 2439 2658 2493 illud
2680 2456 2781 2494 non
2827 2440 3117 2509 pervenitur
3146 2440 3251 2495 nisi
3272 2440 3425 2511 prius
3448 2445 3659 2510 purgata
3683 2439 3782 2509 igne

2215 2530 2560 2586 tribulationis
2614 2539 2798 2586 mente.
2831 2560 2902 2573 ——
2925 2530 3089 2587 Menti
3116 2517 3261 2587 enim
3292 2540 3495 2589 nostrae
3524 2532 3590 2587 de
3628 2530 3782 2587 consi-

2214 2626 2498 2683 deratione
2526 2627 2779 2682 caecitatis
2812 2642 2922 2681 suae
2946 2627 3093 2698 prius
3123 2627 3260 2699 ignis
3307 2624 3659 2682 tribulationis
3699 2623 3781 2679 im-

2216 2721 2465 2785 mittitur,
2500 2729 2555 2775 ut
2583 2720 2758 2776 omnis
2789 2720 3039 2777 vitiorum
3084 2734 3265 2793 atrugo
3311 2727 3711 2782 concremetur;
3736 2723 3782 2773 et

2222 2822 2350 2871 tunc
2380 2812 2648 2870 mundatis
2678 2814 2850 2869 oculis
2881 2814 3059 2872 cordis
3103 2814 3196 2871 illa
3253 2812 3443 2869 laatitia
3491 2811 3667 2884 patrias
3686 2824 3784 2867 coe-

2218 2908 2372 2965 lestis
2399 2908 2659 2979 aperitur,
2693 2919 2749 2963 ut
2789 2910 2934 2979 prius
2956 2914 3239 2987 purgemUs
3262 2905 3505 2980 lugendo
3529 2904 3661 2975 quod
3681 2901 3788 2959 feci-

2223 3017 2371 3069 mus;
2406 3012 2459 3058 et
2491 3002 2832 3072 postmodum
2874 3000 3213 3056 manifestius
3261 2997 3683 3075 contemplemur
3710 3010 3788 3067 per

2219 3097 2414 3169 gaudia
2446 3094 2937 3169 quodquaeramus.
2964 3093 3115 3150 Prius
3142 3109 3170 3149 a
3198 3093 3394 3151 mentis
3424 3094 3533 3148 acie
3556 3096 3789 3148 exurente

2226 3187 2440 3243 tristitia
2495 3182 2811 3257 interposita
2858 3185 3120 3241 malorum
3175 3182 3345 3255 caligo
3408 3182 3704 3254 detergitur,
3740 3185 3789 3236 et

2142 3262 2191 3328 C
2221 3282 2345 3333 tunc
2403 3277 2782 3347 resplendente
2845 3278 3037 3347 raptim
3097 3272 3478 3333 coruscatione
3527 3276 3783 3331 incircum-

2222 3368 2409 3438 scripti
2442 3368 2667 3425 luminis
2696 3369 3011 3427 illustratur.
3041 3368 3155 3437 Quo
3197 3374 3469 3440 utcunque
3496 3374 3781 3437 cou5pecto,

2225 3459 2278 3513 in
2306 3459 2498 3530 gaudio
2526 3458 2805 3529 cujusdam
2845 3464 2871 3508 Ι
2906 3458 3210 3516 securitatis
3230 3458 3569 3528 absorbetur,
3584 3468 3635 3514 et
3652 3456 3783 3529 quasi

2227 3561 2348 3621 post
2378 3549 2647 3609 defectum
2681 3553 2802 3608 vitae
2835 3553 3115 3623 praesentis
3140 3549 3278 3608 ultra
3309 3566 3370 3608 se
3397 3562 3564 3625 rapta,
3592 3551 3642 3607 iu
3672 3560 3783 3621 qua-

2219 3645 2343 3700 dam
2379 3647 2619 3701 novitate
2640 3646 2819 3716 aliquo
2839 3644 2999 3701 modo
3029 3654 3324 3701 recreatur.
3350 3643 3428 3701 ibi
3457 3656 3605 3700 mens
3632 3640 3783 3697 eritn-

2221 3750 2411 3793 menso
2440 3738 2586 3793 fonte
2617 3737 2884 3794 inlusione
2932 3738 3147 3808 superni
3196 3736 3338 3792 ruris
3383 3736 3693 3808 aspergitur;
3722 3730 3783 3787 ibi

2228 3826 2338 3885 n'on
2366 3843 2424 3885 se
2456 3828 2706 3886 Sufﬁcere
2731 3830 2795 3886 ad
2827 3830 2877 3885 id
2909 3828 3052 3903 quod
3094 3840 3246 3901 rapta
3290 3838 3373 3888 est
3398 3829 3781 3901 contemplatur,

2229 3928 2284 3976 et
2330 3919 2611 3975 veritatem
2663 3920 2965 3988 sentiendo,
3016 3920 3161 3977 videt
3197 3919 3321 3991 quia
3363 3933 3559 3994 quanta
3584 3928 3661 3975 est
3686 3918 3785 3986 ipsa

2220 4013 2443 4078 veritas,
2474 4028 2577 4067 non
2615 4011 2777 4067 videt.
2810 4010 2906 4067 Cui
2934 4011 3145 4068 veritati
3174 4018 3323 4068 tanto
3364 4012 3536 4082 magis
3565 4010 3623 4068 se
3645 4010 3784 4080 longe

2188 4152 2195 4163 .
2222 4106 2514 4171 existimat,
2546 4114 2746 4174 quanto
2776 4105 2945 4175 magis
2975 4107 3386 4179 appropinquat,
3405 4105 3526 4179 quia
3544 4102 3787 4160 nisiiliam

2224 4207 2494 4268 utcunque
2524 4199 2885 4267 conspiceret,
2914 4188 3250 4271 nequaquam
3280 4212 3399 4254 eam
3423 4196 3786 4270 conspiceress

2226 4304 2329 4344 non
2365 4302 2521 4359 posse
2545 4289 2789 4345 senth‘et.

2293 4378 2382 4433 12.
2414 4377 2628 4432 Animus
2659 4379 2713 4432 in
2742 4378 3169 4449 contemplatione
3201 4378 3311 4435 luce
3332 4378 3505 4435 divina
3524 4376 3787 4434 reuerberth

2222 4480 2301 4527 tus
2330 4472 2399 4525 ad
2425 4486 2477 4526 se
2491 4471 2758 4526 relabitur.
2794 4471 3168 4541 Contemplatio
3194 4489 3297 4527 non
3329 4481 3401 4526 est
3425 4471 3591 4527 solida
3619 4478 3663 4524 et
3683 4481 3789 4541 per-

2222 4576 2437 4617 manens
2486 4560 2635 4616 uisio.
2669 4590 2739 4602 --
2760 4562 2991 4617 Adnisus
3022 4577 3153 4635 ergo
3187 4561 3397 4628 animi,,
3423 4561 3547 4616 dum
3575 4559 3626 4613 in
3656 4557 3786 4612 illaut

2140 4656 2197 4720 1)
2221 4655 2540 4724 intenditur,
2575 4655 2955 4711 immensitatis
2978 4654 3096 4725 eius
3123 4662 3440 4710 coruscante
3459 4653 3787 4708 circumstan-

2226 4748 2298 4804 tia
2323 4748 2730 4804 reverberatur.
2753 4746 2871 4817 ipsa
2900 4744 3097 4820 quippe
3126 4756 3317 4803 cuncta
3351 4746 3593 4817 impiens,
3612 4751 3787 4799 cuncta

2224 4844 2563 4909 circumstat;
2620 4851 2675 4900 et
2716 4841 2915 4898 idcirco
2965 4858 3117 4899 mens
3160 4850 3342 4898 nostra
3382 4853 3707 4913 nequaquam
3736 4848 3789 4890 se

2231 4934 2297 4992 ad
2329 4934 2888 5006 comprehendendam
2917 4933 3430 5005 incircumscriptatn
3458 4935 3787 4990 circumstan-

2222 5028 2347 5083 tiam
2397 5026 2558 5099 765
2613 5026 2819 5094 dilatat,
2867 5026 2991 5097 quia
3043 5042 3161 5083 eam
3215 5027 3394 5098 inopia
3434 5039 3547 5099 sua:
3574 5023 3785 5080 circum-

2221 5122 2529 5191 scriptionis
2562 5130 2843 5193 angustat:
2868 5120 3021 5181 Unde
3056 5133 3113 5182 et
3156 5123 3229 5181 ad
3270 5122 3621 5194 semetipsum
3643 5108 3785 5175 uitiis

2222 5214 2441 5285 labitur,
2472 5225 2527 5271 et
2558 5216 2860 5285 prospectis
2894 5216 3049 5284 quasi
3076 5216 3399 5287 quibusdam
3423 5214 3655 5270 veritatis
3702 5222 3782 5262 ve-

2222 5307 2415 5380 stigiis,
2446 5306 2514 5365 ad
2542 5322 2638 5363 sua
2668 5309 2771 5365 ima
2801 5317 3109 5373 revocatur.
3147 5309 3272 5371 Haec
3317 5309 3430 5379 ipsa
3482 5314 3663 5389 tamen»
3702 5313 3785 5370 per

2221 5403 2729 5472 contemplationem
2752 5392 2891 5459 laeta
2914 5405 3211 5463 nauselida
3231 5414 3288 5463 et
3305 5414 3627 5477 perm
3643 5395 3779 5458 visio,

2178 5520 2197 5535 ο
2221 5494 2337 5563 sed,
2371 5502 2430 5550 ut
2450 5497 2519 5549 ita
2550 5495 2803 5559 dixerim,
2827 5496 2985 5566 quasi
3008 5497 3255 5565 quadam
3296 5496 3527 5585 visionis
3549 5489 3778 5552 imitatio.

2287 5606 2314 5648 ά
2347 5611 2588 5691 librum“
2624 5612 2847 5671 Vindoe.
2871 5623 2932 5691 et
2952 5613 3055 5684 pL,
3081 5614 3153 5675 ad
3178 5623 3373 5673 statum
3396 5608 3658 5675 orationis.

2288 5691 2311 5756 ξ
2345 5681 2597 5756 Ῐῇιιᾲοεη
2626 5699 2742 5738 cum
2775 5681 2968 5756 gaudii
2994 5681 3207 5745 alma.

2212 5768 2229 5781 κ
2291 5750 2310 5790 ί
2344 5747 2593 5825 viuum,
2624 5756 2714 5810 sed
2740 5747 2916 5821 dictu;
2945 5758 3123 5825 abest.
3148 5758 3263 5825 sed.
3288 5754 3498 5817 aeota.
3524 5762 3577 5813 et
3606 5747 3769 5825 Blllll.

2285 5833 2310 5871 ε
2338 5823 2395 5899 μμ
2441 5824 2540 5879 Ed.
2584 5825 2749 5899 Rom.
2787 5818 2925 5899 Sinti
2954 5818 3019 5896 ν,
3338 5846 3358 5896 ;
3387 5840 3489 5899 pro
3528 5835 3635 5893 quo
3658 5818 3772 5876 Iss-

2219 5894 2425 5966 Anglic.
2458 5907 2511 5952 et
2537 5898 2706 5954 nostri
2738 5897 2956 5968 habent,
2983 5894 3294 5956 securitatis.
