4066 6348
293 415 397 474 193

961 410 1325 469 MORALIUM
1361 410 1490 465 ΜΒ.
1536 340 1735 465 ΧΧίὩί
1766 435 1836 450 --
1875 406 1943 464 IN
1978 404 2213 465 CAPUT
2251 408 2472 467 XXXIII
2515 412 2574 466 Β.
2620 411 2759 467 JUB.

3465 410 3575 469 294

293 531 392 587 Dei
419 529 586 585 iacies
616 526 832 584 dicitur.
867 522 1011 603 [γει.
1047 526 1208 601 HL]
1239 528 1375 595 Quia
1400 527 1546 583 enim
1570 534 1666 597 per
1694 525 1884 583 faciem
1910 530 1964 593 Α
1990 526 2114 595 quia
2145 525 2515 611 experimento
2541 523 2733 580 didicit
2768 529 3025 595 quantum
3052 516 3308 579 obediens
3334 537 3452 581 esse
3478 526 3573 583 de-

296 621 595 695 quemiibet
642 620 1004 692 agnoscimus,
1056 612 1163 677 non
1220 619 1493 676 immerito
1522 618 1889 690 cognitionem

294 715 413 782 Dei,
467 714 657 770 faciem
707 713 826 784 ejus
866 728 1147 770 vocamus.
1208 714 1364 771 Unde
1403 714 1573 770 Jacob
1603 722 1891 784 postquam

293 824 421 865 cum
450 808 644 877 angelo
674 815 701 845 ι
731 807 963 863 luctatus
991 814 1097 875 est,
1120 807 1193 863 sit
1227 822 1242 861 :
1274 806 1398 861 Vidi
1447 806 1730 861 Dominum
1762 807 1894 878 facie

291 901 367 954 ad
396 900 582 969 faciem
607 896 820 970 (Genet.
849 912 1022 965 usu,
1053 899 1169 969 50).
1200 899 1278 954 Ac
1307 899 1353 954 si
1376 898 1584 955 diceret
1614 914 1630 954 :
1656 898 1894 970 Cognovi

262 993 615 1061 -Dominnm,
667 992 791 1063 quia
838 1007 925 1049 me
970 1006 1304 1063 cognoscere
1343 993 1455 1063 ipse
1502 993 1749 1063 dignatus
1788 1001 1889 1047 est.

294 1084 471 1152 Quam
523 1082 888 1154 cognitionem
940 1084 1257 1155 plenissime
1294 1084 1410 1140 ﬁeri
1440 1084 1639 1139 Paulus
1668 1093 1896 1140 testatur

295 1174 355 1231 in
386 1176 498 1232 line
524 1175 713 1233 dicens
739 1193 753 1230 :
776 1175 925 1231 Tunc
953 1191 1254 1247 cognoscam
1284 1177 1412 1231 sicut
1447 1184 1495 1231 et
1522 1178 1753 1248 cognitus
1782 1190 1896 1230 sum
1960 1220 1970 1231 .

298 1269 355 1344 (Ι
388 1270 512 1326 Cor.
542 1287 656 1338 ιιιι,
690 1270 801 1343 i2).
824 1272 957 1338 Quia
989 1286 1119 1343 ergo
1147 1279 1270 1344 post
1299 1268 1541 1329 laborum
1573 1269 1891 1339 certamina,

296 1372 424 1436 post
482 1364 837 1420 tontationum
882 1365 1099 1433 ﬂuctus,
1149 1379 1295 1435 saepe
1326 1365 1353 1404 δ
1384 1363 1441 1420 in
1470 1374 1694 1420 excessu
1718 1363 1894 1418 anima

300 1456 679 1527 suspenditur,
710 1463 771 1511 ut
798 1457 1161 1526 cognitionem
1191 1444 1388 1512 divinas
1437 1455 1736 1527 prmsentiae
1762 1470 1894 1511 con-

303 1551 615 1620 templetur,
640 1564 800 1621 quam
824 1559 1005 1607 tamen
1032 1552 1377 1621 prasentism
1400 1558 1455 1606 et
1475 1549 1677 1606 sentire
1702 1549 1893 1620 possit,

302 1650 358 1697 et
381 1643 602 1712 explere
632 1657 741 1697 non
767 1642 958 1713 possit,
991 1652 1140 1699 recte
1178 1648 1303 1711 post
1350 1648 1429 1696 tot
1456 1641 1670 1698 labores
1698 1640 1767 1697 de
1794 1641 1898 1696 hoc

305 1743 515 1790 tentato
543 1734 765 1790 homine
787 1733 984 1790 dicitur
1008 1750 1022 1788 :
1057 1733 1260 1787 Videbit
1290 1733 1476 1804 [aciem
1498 1734 1608 1805 ejus
1632 1735 1683 1788 in
1703 1732 1895 1805 jubilo.

306 1824 443 1892 Quia
470 1840 605 1887 vero
627 1826 997 1896 unusquisque
1021 1833 1222 1895 quanto
1251 1824 1483 1895 amplius
1501 1824 1740 1880 caelestia
1767 1839 1897 1879 con-

1990 618 2114 677 beat
2139 629 2430 691 pracepto.
2465 618 2533 675 Et
2556 632 2715 689 quem
2739 627 2867 673 tunc
2888 616 3047 687 culpa
3068 614 3221 672 duxit
3240 613 3306 673 ad
3337 632 3574 689 pmnam,

1993 727 2135 769 nunc
2180 728 2338 784 paena
2383 728 2477 770 sua
2517 712 2791 785 restringit
2818 728 2849 768 a
2875 710 3032 782 culpa
3059 719 3167 779 ,ut
3217 720 3364 768 tanto
3407 714 3580 787 magis

1993 807 2307 877 delinquere
2338 815 2559 872 metuat,
2594 814 2796 877 quanto
2824 814 3051 877 cogente
3090 798 3351 875 supplicio
3385 815 3439 861 et
3468 807 3583 878 ipse

1991 900 2099 971 jam
2127 900 2269 971 quod
2298 900 2622 972 perpetravit
2648 908 2881 955 accusat.
2915 899 3070 956 Unde
3096 909 3149 957 et
3190 902 3470 971 sequitur:

2426 993 2653 1050 carur
2691 992 2806 1049 vut
2841 992 2990 1066 [Rea
3025 992 3150 1069 vr].

2067 1087 2230 1143 Vens.
2254 1084 2323 1139 27
2345 1117 2414 1128 —
2433 1085 2686 1155 Respiciet
2707 1085 2956 1154 homines,
2988 1097 3034 1141 et
3058 1088 3225 1142 dicet:
3254 1087 3484 1144 Peccavi.

2067 1177 2231 1251 766
2260 1176 2349 1234 15.
2386 1178 2487 1246 Qui
2508 1185 2799 1232 sanctorum
2828 1177 3044 1232 Patrum
3077 1181 3313 1251 exempla
3350 1180 3579 1248 respicit,

1996 1278 2315 1342 precatorem
2345 1286 2397 1324 se
2424 1268 2686 1339 intelligit,
2723 1269 2862 1341 quod
2896 1270 3116 1342 justitia:
3153 1279 3228 1325 est
3266 1271 3489 1326 initium.
3514 1300 3585 1313 —

1996 1362 2065 1418 Se
2097 1374 2433 1433 peccatorem
2465 1376 2570 1416 non
2599 1371 2969 1432 cognosceret,
2996 1364 3042 1419 si
3065 1362 3327 1434 justitiam
3361 1380 3465 1421 non
3492 1367 3586 1420 bs-

1997 1455 2171 1512 heret.
2214 1453 2384 1511 Nemo
2430 1455 2630 1526 quippe
2681 1455 3044 1512 tortitudinem
3089 1472 3242 1512 suam
3270 1499 3285 1525 ,
3318 1458 3419 1514 nisi
3464 1473 3587 1515 cum

1998 1559 2178 1606 rectus
2209 1563 2329 1605 esse
2378 1549 2622 1619 cmperit,
2654 1548 3033 1619 deprehendit.
3065 1531 3197 1605 Nam
3239 1551 3327 1622 qui
3368 1552 3591 1607 omnino

1998 1655 2289 1711 pervorsus
2319 1648 2423 1708 est,
2452 1655 2623 1713 neque
2653 1641 2753 1697 hoc
2778 1650 2955 1712 potest
2979 1642 3167 1698 videre
3190 1643 3329 1713 quod
3356 1652 3455 1699 est.
3490 1642 3593 1713 Qui

1997 1748 2131 1788 vero
2146 1742 2481 1803 peccatorem
2503 1748 2562 1788 se
2582 1731 2961 1803 intelligit,jam
2980 1749 3043 1788 ex
3059 1743 3210 1804 parte
3224 1735 3399 1805 aliqua
3412 1735 3591 1805 justus

2000 1839 2121 1879 exse
2150 1824 2441 1890 inchoavit,
2476 1833 2640 1893 atque
2670 1822 2722 1878 id
2768 1823 2909 1893 quod
2940 1839 3046 1879 non
3070 1824 3245 1895 justus
3277 1826 3495 1893 fecerat,
3526 1842 3594 1883 ex

224 1890 243 1977 ἵ
320 1920 621 1989 templatur,
651 1927 799 1972 tanto
823 1918 994 1988 magis
1036 1931 1066 1972 a
1094 1927 1304 1973 terrena
1335 1916 1648 1988 operatione
1675 1917 1899 1989 corrigi-
1931 1932 1974 1992 Β
2002 1933 2067 1972 eo
2099 1916 2240 1987 quod
2266 1913 2445 1987 justus
2474 1927 2557 1973 est
2584 1924 2819 1972 accusat.
2850 1917 2965 1985 Qua
2987 1919 3331 1975 accusatione
3358 1934 3451 1974 sua
3483 1919 3594 1975 Deo

248 2052 251 2067 τ
315 2024 421 2081 tur,
460 2013 596 2067 bene
641 2019 766 2081 post
813 2013 1038 2082 gratiam
1096 2011 1593 2081 contemplationis,
1631 2009 1893 2083 justitiam

242 2103 249 2147 ί
310 2103 491 2161 subdit
520 2104 878 2175 operationis,
911 2104 1097 2161 dicens
1132 2121 1146 2157 :

911 2195 1139 2252 CAPUT
1177 2196 1289 2251 VII.

373 2288 511 2344 lato.
544 2288 609 2342 Et
630 2289 806 2344 reddet
836 2290 1039 2346 homini.
1048 2290 1307 2363 justitiam
1331 2304 1498 2344 suam.

380 2383 469 2438 15.
508 2382 624 2450 Qua
656 2366 859 2437 ratione
878 2384 1104 2456 justitia,
1135 2392 1308 2438 nostra
1354 2380 1901 2438 dieatur.--Justitia

304 2483 495 2530 nostra
536 2474 755 2541 dicitur,
790 2489 894 2530 non
939 2490 1059 2545 quae
1096 2491 1161 2530 ex
1213 2485 1398 2531 nostro
1444 2484 1626 2530 nostra
1672 2482 1775 2542 est,
1807 2474 1902 2530 sed

304 2584 426 2639 quae.
469 2567 647 2624 divina
693 2568 941 2639 largitate
988 2569 1061 2622 ilt~
1098 2579 1302 2637 nostra,
1332 2569 1478 2623 sicut
1524 2570 1577 2623 in
1626 2568 1902 2624 Dominica

305 2662 551 2717 oratione
580 2662 806 2717 dicimus
830 2678 844 2717 :
868 2659 1067 2715 Panem
1090 2670 1319 2715 nostrum
1339 2662 1693 2729 quotidianum
1716 2661 1782 2714 da
1810 2677 1905 2715 no-

308 2753 384 2807 bis
415 2754 567 2808 hodie
588 2751 805 2825 (Matth.
836 2769 910 2820 vr,
941 2753 1035 2818 H;
1060 2752 1187 2806 Luc.
1218 2769 1290 2819 ιι,
1315 2751 1395 2822 5).
1424 2752 1559 2808 Ecce
1579 2761 1632 2808 et
1659 2761 1903 2809 nostrum

308 2847 568 2913 dicimus;
600 2850 658 2902 et'
682 2855 885 2915 tamen,
914 2854 971 2901 ut
996 2846 1154 2901 detur
1179 2836 1416 2901 oranius.
1469 2845 1662 2901 Noster
1707 2847 1903 2916 quippe

309 2938 390 3003 ﬁt,
416 2954 538 2993 cum
559 2935 833 3008 accipitur,
865 2939 953 3007 qui
980 2945 1157 2992 tamen
1189 2937 1284 2991 Dei
1312 2946 1415 3001 est,
1444 2938 1565 3007 quia
1595 2936 1665 2991 ab
1690 2935 1781 2991 illo
1811 2936 1907 2991 da-

311 3038 416 3085 tur.
449 3028 516 3084 Et
544 3028 635 3084 Dei
673 3043 799 3099 ergo
823 3038 904 3084 est
929 3043 996 3083 ex
1030 3042 1253 3084 munere
1274 3068 1289 3093 ,
1318 3036 1369 3082 et
1404 3035 1585 3082 noster
1611 3027 1669 3081 iis
1698 3027 1907 3082 veraci-

311 3131 397 3179 ter
422 3137 519 3193 por
538 3123 931 3192 scceptionem.
978 3120 1053 3175 Ita
1086 3136 1214 3191 ergo
1242 3122 1342 3177 hoc
1373 3121 1495 3175 loco
1525 3121 1726 3175 homini
1751 3130 1903 3174 suam

312 3212 573 3283 justitiam
620 3212 875 3267 Dominus
924 3212 1124 3280 reddit,
1157 3227 1261 3267 non
1291 3227 1450 3283 quam
1503 3227 1567 3267 ex
1616 3213 1907 3282 semetipso

2001 2011 2270 2066 inhaerere
2319 2009 2571 2077 inchoat,
2602 2009 2727 2065 dum
2761 2020 2965 2066 rectum
2998 2018 3185 2067 contra
3234 2022 3294 2068 se
3336 2012 3594 2083 judicium

2002 2102 2302 2173 proferens,
2334 2101 2438 2157 hoc
2467 2102 2519 2157 in
2553 2115 2612 2157 se
2648 2101 2791 2172 quod
2832 2100 2910 2156 illi
2957 2101 3123 2157 sentit
3151 2100 3437 2172 displicere
3465 2118 3596 2158 con-

2001 2197 2238 2252 demnat.
2273 2195 2506 2267 Recepta
2536 2208 2664 2265 ergo
2692 2193 2901 2266 justitia
2935 2207 3031 2249 sua
3062 2194 3193 2249 dicit
3237 2194 3399 2250 homo
3447 2196 3591 2250 iste:

2003 2287 2237 2343 Peccavi.
2273 2288 2340 2343 Et
2362 2285 2653 2342 notandum
2679 2289 2818 2357 quod
2841 2287 3183 2357 praemittitur
3213 2300 3227 2341 :
3258 2287 3484 2358 Respicit
3503 2289 3597 2342 ho-

2003 2382 2201 2447 mines;
2222 2389 2277 2435 et.
2309 2388 2436 2435 tunc
2466 2379 2659 2435 deinde
2689 2379 3028 2451 subjuugitur
3052 2398 3063 2433 :
3086 2380 3154 2434 Et
3176 2381 3329 2445 dicet,
3351 2378 3594 2438 Peccavi.

2004 2474 2131 2530 ideo
2158 2477 2298 2530 enim
2330 2473 2573 2529 nonnulli
2599 2487 2848 2544 peccasse
2868 2487 2927 2528 se
2957 2474 3220 2541 nesciunt,
3254 2476 3375 2545 quia
3409 2476 3592 2530 homi-

2007 2580 2103 2621 nes
2134 2580 2242 2620 non
2282 2565 2585 2619 attendunt.
2640 2563 2770 2618 Nam
2802 2565 2845 2618 si
2876 2565 3281 2621 considerarent
3326 2564 3599 2637 homines,

2006 2661 2165 2735 citius
2196 2669 2553 2731 agnoscerent
2580 2668 2837 2727 quantum
2868 2660 3144 2729 peccando
3185 2659 3320 2715 inira
3353 2659 3599 2718 homines

2005 2753 2349 2810 cecidissent.
2396 2754 2461 2808 Et
2511 2754 2755 2823 quamvis
2787 2742 3068 2823 Scriptura
3119 2766 3269 2809 sacra
3315 2754 3599 2825 aliquanth

2007 2846 2254 2901 homines
2305 2859 2505 2915 ponere
2547 2846 2721 2900 soleat
2764 2844 2997 2900 humana
3038 2846 3331 2914 sapientes,
3364 2848 3501 2902 sicut
3527 2847 3600 2903 ait

2008 2938 2294 3009 Apostolus
2321 2956 2332 2992 :
2359 2938 2486 2994 Cum
2518 2938 2653 2994 enim
2685 2939 2751 2992 sit
2773 2938 2906 2992 inter
2949 2954 3036 2992 vos
3080 2940 3218 2995 zelus
3244 2948 3292 2994 et
3322 2941 3596 3009 contentio,

2008 3050 2176 3089 nonne
2201 3033 2436 3089 carnales
2459 3034 2577 3088 estis
2608 3030 2661 3105 (Ι
2685 3031 2805 3089 Cor.
2838 3049 2919 3101 ιιι,
2943 3032 3042 3105 '5)?
3066 3043 3119 3090 et
3145 3036 3301 3105 paulo
3330 3042 3449 3106 post
3470 3034 3600 3092 sub-

2003 3126 2146 3198 jicit,
2176 3127 2361 3182 dicens
2388 3146 2401 3183 :
2428 3124 2617 3180 Nonne
2646 3124 2876 3180 homines
2906 3125 3066 3179 estis?
3099 3140 3483 3196 nonnunquam
3517 3134 3599 3181 ta-

2010 3234 2134 3275 men
2164 3219 2412 3276 homines
2459 3217 2591 3274 dicit
2622 3232 2717 3275 eos
2761 3233 2896 3289 quos
2919 3233 2947 3272 a
2975 3219 3161 3275 bestiis
3190 3228 3214 3258 ο
3248 3220 3384 3275 ratio
3414 3218 3603 3276 distin-

314 3305 502 3361 babuit
522 3344 536 3371 ,
567 3305 662 3360 sed
692 3318 850 3375 quam
882 3294 1128 3359 conditus
1169 3312 1227 3358 lli
1268 3302 1489 3359 habere!
1511 3303 1737 3374 accepit,
1767 3313 1821 3358 ei
1848 3303 1904 3358 in
1935 3319 1980 3382 ρ
2010 3313 2141 3385 guit,
2174 3311 2226 3367 id
2258 3319 2338 3367 cst
2368 3325 2500 3381 quos
2524 3326 2629 3367 non
2673 3311 2829 3367 atteri
2860 3312 3067 3368 bestiali
3102 3312 3410 3381 passionum
3455 3323 3603 3370 motu

314 3412 423 3469 qua
451 3398 633 3465 lapsus
659 3409 1008 3465 perseverare
1053 3394 1245 3450 noluit.
1293 3394 1437 3449 Iliam
1470 3409 1601 3466 ergo
1637 3395 1903 3463 justitiam

315 3488 508 3546 reddet
527 3489 669 3545 Deus
700 3488 925 3555 homini,
949 3489 1013 3543 ad
1047 3503 1205 3559 quam
1228 3487 1476 3543 conditus
1507 3488 1623 3559 fuit,
1655 3497 1713 3543 ut
1739 3489 1909 3545 inhe-

317 3597 441 3638 rore
468 3581 581 3637 Deo
606 3581 784 3647 libeat,
820 3591 877 3636 ut
919 3558 1181 3636 minacem
1230 3579 1349 3650 ejus
1391 3558 1711 3637 sententiam
1741 3583 1909 3651 perti-

319 3670 548 3740 mesc‘at,
580 3682 640 3727 ut
664 3662 929 3743 serpentis
951 3672 1131 3727 callidi
1159 3671 1371 3728 blandis
1400 3671 1510 3743 jam
1542 3673 1910 3743 promissioni-

318 3770 421 3824 hus
443 3784 549 3824 non
580 3768 783 3823 credat.

395 3862 485 3916 ii.
520 3860 758 3927 Quotidie
785 3860 1020 3914 diabolus
1059 3859 1209 3913 verba
1248 3858 1345 3914 Dei
1372 3859 1435 3913 de
1470 3860 1711 3915 cordibus
1746 3859 1914 3915 homi-

318 3972 447 4011 num
474 3964 689 4009 conatur
716 3952 950 4008 evellere.
974 3981 1046 3994 -—
1085 3951 1239 4019 Quod
1269 3952 1412 4007 enim
1446 3952 1499 4008 in
1529 3954 1777 4022 paradiso
1803 3955 1915 4022 egit

321 4050 531 4121 (Genes.
556 4064 633 4118 Ill,
657 4050 734 4117 Β),
762 4047 864 4103 hoc
881 4047 1120 4118 quotidie
1146 4048 1395 4118 antiquus
1422 4046 1592 4103 hostis
1618 4060 1779 4125 agere
1804 4058 1914 4105 non
1948 4098 1951 4101 ,

320 4146 551 4201 desistit.
582 4144 754 4200 \lerba
782 4146 981 4217 quippe
1005 4145 1098 4199 Dei
1119 4145 1185 4200 de
1214 4143 1469 4200 cordibus
1493 4142 1769 4199 hominum
1792 4159 1914 4199 mo-

319 4240 449 4295 litur
497 4241 747 4307 evellere,
776 4249 934 4309 atque
986 4238 1038 4294 in
1084 4238 1164 4294 eis
1217 4239 1340 4294 ﬁcta
1384 4238 1756 4308 promissionis
1803 4254 1915 4293 suae

322 4336 685 4391 blandimenta
718 4334 988 4398 radicare;
1022 4334 1257 4405 quotidie
1301 4332 1355 4388 id
1386 4334 1526 4404 quod
1558 4334 1703 4389 Deus
1746 4333 1917 4390 mina-

323 4437 410 4483 tur
455 4428 670 4498 levigat,
710 4427 854 4483 eiad
886 4425 988 4481 hoc
1017 4424 1345 4480 credendum
1384 4425 1525 4496 quod
1559 4423 1745 4480 i‘alsum
1793 4440 1917 4495 pro-

324 4522 492 4578 mittit
535 4521 739 4579 invitat.
793 4518 954 4575 Falso
978 4520 1123 4575 enim
1169 4518 1451 4588 pollicetur
1483 4519 1826 4590 temporalia,
1861 4526 1919 4574 ut

324 4612 595 4671 mentibus
632 4612 906 4668 hominum
958 4624 1022 4667 ea
1070 4608 1331 4680 supplicia
1372 4609 1565 4679 leviget
1606 4625 1725 4681 quae
1776 4610 1915 4665 Deus

2011 3407 2368 3462 demonstrat.
2417 3405 2621 3474 Quibus
2668 3421 2765 3477 per
2803 3407 3115 3477 prophetam
3150 3406 3408 3463 Dominus
3432 3407 3603 3464 dicit:

2019 3500 2121 3557 Vos
2164 3509 2337 3556 autem
2367 3516 2543 3573 greges
2586 3516 2789 3572 pascua:
2821 3498 2950 3554 mea:
2979 3499 3207 3554 homines
3238 3502 3357 3555 estis
3386 3494 3603 3572 (Ezech.

2012 3609 2197 3661 xxxtv,
2231 3594 2345 3663 5i),
2372 3593 2494 3663 quia
2522 3592 2643 3647 illos
2679 3591 2933 3647 nimirum
2964 3590 3219 3648 Dominus
3246 3593 3437 3664 pascit,
3471 3607 3606 3664 quos
3644 3645 3657 3661 κ

2013 3686 2259 3756 voluptas
2309 3684 2486 3741 carnis
2527 3682 2894 3755 iumentorum
2941 3699 3093 3739 more
3146 3700 3253 3739 non
3300 3684 3485 3741 allicit.
3537 3687 3605 3741 At

2014 3786 2201 3832 contra
2235 3778 2286 3830 bi
2312 3777 2402 3845 qui
2434 3776 2632 3831 carnali
2662 3775 2929 3831 aifectioni
2958 3777 3329 3843 succumbunt,
3363 3794 3467 3832 non
3492 3776 3605 3848 jam

2017 3872 2279 3938 homines,
2312 3870 2403 3925 sed
2434 3869 2673 3939 jumenta
2705 3869 3077 3935 nominantur,
3107 3870 3248 3926 sieut
3278 3869 3345 3926 de
3374 3870 3604 3942 quibus-

2008 3962 2138 4020 dam
2169 3964 2220 4018 in
2251 3973 2472 4032 peccato
2522 3976 2620 4016 suo
2649 3962 3004 4017 morientibus
3031 3976 3128 4033 per
3168 3961 3485 4032 prophetam
3516 3963 3607 4018 di—

2017 4056 2192 4111 citur:
2220 4053 2907 4125 Computrueruntjumenta
2948 4054 3000 4107 in
3048 4062 3271 4109 stercore
3316 4070 3409 4108 suo
3445 4053 3604 4129 (Joel.

2016 4165 2055 4219 ι,
2091 4150 2203 4219 i'l).
2237 4148 2485 4205 Jumenta
2532 4150 2728 4220 quippe
2779 4148 2833 4201 in
2873 4157 3112 4203 stercore
3162 4162 3260 4202 suo
3305 4156 3608 4219 computre-

2019 4248 2173 4301 s‘cere
2205 4253 2289 4299 est
2323 4242 2564 4299 carnales
2607 4242 2851 4297 homines
2888 4240 2940 4297 in
2971 4239 3144 4296 fetore
3187 4240 3410 4297 luxuriae
3440 4242 3607 4301 vitam

2021 4336 2193 4391 linire.
2249 4332 2364 4390 Non
2397 4335 2540 4391 enim
2571 4349 2693 4390 esse
2725 4332 3002 4399 homines,
3035 4331 3131 4388 sed
3155 4332 3392 4403 jumenta
3422 4333 3605 4409 decia-

2020 4436 2206 4485 rantur
2227 4475 2241 4499 ,
2274 4429 2341 4485 de
2370 4429 2565 4500 quibus
2594 4443 2687 4498 per
2722 4428 3035 4498 prephetam
3065 4426 3295 4482 dicitur:
3326 4427 3607 4500 Unusquis-

2018 4540 2115 4595 que
2142 4522 2211 4575 ad
2238 4534 2447 4576 uxorem
2478 4522 2700 4592 proximi
2729 4522 2807 4575 sui
2828 4521 3091 4576 hinniebat
3113 4518 3328 4592 (Jerem.
3354 4538 3407 4589 v,
3431 4522 3508 4594 8).
3539 4521 3609 4578 Et

2022 4616 2087 4671 de
2116 4600 2307 4686 quibus
2335 4613 2597 4687 propheta
2619 4614 2757 4669 alius
2784 4613 2915 4669 dicit
2937 4630 2953 4670 :
2978 4613 3004 4651 ά
3032 4612 3101 4669 Ut
3126 4630 3307 4671 carnes
3324 4616 3604 4683 asinorum,

324 4710 564 4763 minatur
597 4716 819 4762 mtcrna.
851 4704 985 4759 Nam
1034 4718 1156 4759 cum
1200 4702 1481 4773 praesentis
1524 4701 1646 4757 vitae
1688 4701 1911 4771 gloriam
1941 4716 1995 4778 ι)
2018 4722 2195 4773 carnes
2225 4722 2429 4768 eorum;
2458 4714 2503 4759 et
2523 4707 2696 4776 [luxus
2718 4722 2983 4774 equorum,
3003 4706 3175 4775 ﬂuxus
3198 4707 3607 4779 eorum(Ezech.

326 4802 575 4871 spondet,
609 4798 735 4871 quid
764 4799 907 4854 aliud
935 4797 1064 4853 dicit
1084 4808 1266 4866 quam,
1285 4793 1522 4862 Gustate,
1550 4804 1599 4849 et
1624 4796 1763 4849 eritis
1788 4796 1918 4850 sicut

327 4896 448 4950 dii?
476 4893 620 4967 [Vet.
680 4891 873 4964 VIII.]
906 4894 981 4947 Ac
1027 4892 1072 4948 si
1116 4899 1302 4962 aperte
1331 4888 1912 4958 dicatzTemporalem

329 4985 819 5057 concupiscentiam
849 4983 1083 5053 tangite,
1113 4991 1167 5037 et
1193 4982 1245 5038 in
1284 4981 1387 5037 hoc
1433 4981 1632 5036 mundo
1661 4980 1919 5036 subiimes

329 5092 606 5156 apparate.
634 5082 843 5138 Etcum
866 5080 1110 5135 timorem
1140 5076 1339 5133 divina:
1361 5077 1645 5142 sementim
1670 5090 1920 5133 amovere

334 5188 575 5244 sonatur,
609 5176 734 5247 quid
765 5174 909 5230 aliud
953 5160 1189 5243 loquitur
1233 5186 1392 5243 quam
1442 5170 1495 5226 id
1541 5171 1680 5242 quod
1733 5169 1921 5243 primis

334 5269 641 5326 hominibus
686 5268 819 5325 dixit
846 5285 857 5320 :
886 5263 991 5320 Cur
1019 5264 1258 5337 prrecepit
1288 5264 1423 5318 vobis
1457 5262 1615 5325 Deus,
1640 5271 1692 5318 ut
1723 5280 1825 5317 non
1848 5280 1925 5318 co-

332 5362 599 5419 mederetis
638 5362 703 5416 de
728 5360 868 5417 omni
907 5356 1046 5432 ligno
1082 5356 1313 5429 paradisi
1351 5354 1559 5429 (Cenes.
1586 5371 1663 5420 ιιι,
1690 5353 1783 5425 i)?
1814 5354 1923 5411 Sed

332 5457 460 5529 quia
490 5455 669 5512 divino
693 5466 917 5510 munere
957 5448 1272 5527 redemptus
1299 5450 1460 5506 homo
1483 5448 1743 5520 justitiam
1777 5462 1925 5504 rece-

334 5551 434 5620 pit,
464 5563 624 5620 quam
678 5544 877 5601 dudum
925 5540 1176 5601 conditus
1213 5540 1427 5610 amisit,
1462 5542 1819 5598 robustiorem
1865 5556 1926 5598 se

332 5640 447 5711 jam
466 5649 655 5697 contra
674 5638 1037 5695 blandimenta
1061 5633 1271 5690 callidas
1294 5620 1659 5705 persuasionis
1680 5641 1922 5700 exercet,

415 5788 441 5815 ι
472 5777 651 5831 Baluz.
683 5783 739 5830 ot
761 5774 938 5839 Colb.,
964 5774 1164 5828 locutus
1193 5780 1283 5826 est.

412 5848 441 5887 δ
469 5847 655 5913 Iidem,
683 5861 815 5915 saepe
844 5847 897 5898 in
917 5845 1145 5899 excelsis.

419 5930 439 5959 ε
474 5918 709 5975 Colbert.
737 5913 793 5973 et
820 5916 1024 5981 Belum,
1059 5918 1252 5970 ratione
1280 5913 1565 5982 distinguit.

2022 4815 2173 4864 χχιιι,
2197 4798 2309 4870 20).
2346 4797 2497 4853 Unde
2528 4809 2581 4853 et
2611 4813 2704 4868 per
2735 4798 2914 4870 David;
2945 4800 3138 4856 dicitur
3163 4818 3174 4852 :
3204 4800 3375 4855 Homo
3414 4816 3531 4856 cum
3558 4801 3609 4855 in

2022 4891 2213 4946 honore
2258 4901 2401 4956 esset,
2432 4908 2532 4946 non
2575 4888 2848 4961 intellexit,
2880 4902 3208 4962 comparatus
3254 4902 3323 4949 est
3358 4892 3609 4965 jumentis

2022 4982 2399 5055 insipientibus,
2446 4994 2493 5037 et
2528 4982 2710 5063 similis
2749 4987 2918 5054 factus
2946 4993 3020 5039 est
3067 4985 3172 5039 illis
3215 4983 3387 5055 (Psal.
3422 4998 3608 5048 xum,

2029 5076 2137 5142 15).
2172 5074 2305 5133 Cum
2336 5092 2464 5148 ergo
2497 5085 2752 5132 vocentur
2782 5078 3025 5134 homines
3054 5075 3106 5133 hi
3133 5077 3223 5149 qui
3251 5077 3473 5147 justitiae
3513 5091 3603 5131 ra-

2030 5168 2175 5223 tione
2206 5166 2409 5223 suiiulti
2452 5174 2610 5236 sunt,
2641 5178 2695 5223 et
2730 5168 3115 5225 irrationabilia
3152 5168 3390 5239 jumenta
3436 5163 3609 5220 nomi-

2027 5271 2221 5317 nentur
2253 5258 2308 5314 hi
2339 5259 2427 5331 qui
2475 5259 2675 5315 carnali
2722 5259 3061 5316 delectationi
3106 5257 3435 5321 deserviunt,
3463 5264 3612 5311 recte

2028 5355 2095 5412 de
2116 5356 2217 5410 hoc
2238 5354 2532 5426 pmnitcnte
2552 5352 2747 5409 dicitur
2774 5371 2786 5407 :
2814 5353 3067 5422 Respiciet
3096 5350 3352 5416 homines,
3371 5358 3419 5403 et
3440 5347 3610 5403 dicet:

2030 5446 2265 5503 Peccavi.
2313 5445 2456 5521 [νει.
2494 5445 2578 5501 IX
2587 5444 2623 5518 .]
2672 5446 2749 5501 Ac
2779 5444 2822 5501 si
2853 5444 3099 5499 dicatur:
3125 5441 3438 5498 Sanctorum
3470 5440 3614 5496 viru-

2031 5557 2148 5596 rum
2181 5520 2423 5610 exempla
2468 5538 2752 5607 conspicit,
2785 5546 2945 5609 atque
2975 5549 3160 5590 eorum
3213 5520 3617 5615 comparatione

2030 5646 2091 5693 so
2117 5646 2375 5704 pansam,
2404 5631 2644 5701 iniquum
2671 5644 2733 5685 se
2762 5642 2884 5685 esse
2934 5622 3311 5696 deprehendit.
3344 5624 3445 5703 Qui
3471 5626 3614 5685 enim

2104 5768 2132 5807 ἀ
2158 5770 2385 5830 Turon.,
2412 5775 2467 5821 ut
2504 5781 2684 5823 carnes
2730 5769 3105 5833 iumentorum;
3131 5766 3184 5823 in
3222 5764 3398 5837 Colb.,
3428 5764 3592 5821 Baluz

2033 5850 2089 5897 et
2117 5842 2257 5907 aliis,
2275 5841 2559 5895 asinorum.
2826 5876 2829 5879 ν
