4066 6348
478 400 587 465 ,295

1690 395 1934 454 SANCTI
1973 392 2306 451 GREGOR“
2344 390 2562 449 MAGNI

3663 382 3827 441 2961

485 508 794 579 plentsstme
819 505 1116 576 intelligere
1145 506 1349 575 appetit
1384 508 1560 577 qualis
1602 519 1705 574 est,
1742 511 1874 565 tales
1906 490 2061 565 nimi-
2085 507 2137 568 Α
2168 505 2357 561 Christi
2386 506 2551 560 bonus
2577 503 2705 558 odor
2732 518 2906 557 sumus
2940 501 3048 555 Deo
3072 497 3164 572 (11
3192 498 3311 553 Cor.
3336 514 3408 563 tt,
3436 497 3567 567 15)?
3600 497 3772 555 Electi

486 619 605 660 rum
652 599 814 657 debet
858 600 1171 669 conspicere
1224 602 1398 671 qualis
1439 617 1545 655 non
1581 610 1663 656 est
1703 612 1758 657 ut
1794 619 1859 659 ex
1901 607 2067 663 bono-

487 710 608 750 rum
643 695 808 749 forma
839 694 1117 759 metiatur,
1153 702 1356 764 quanto
1397 695 1514 763 ipse
1553 696 1766 750 deserto
1808 696 1949 751 bono
1977 699 2071 755 de-

486 785 678 841 formis
706 795 809 842 est.
843 786 921 839 Ex
964 785 1047 839 his
1095 784 1291 854 quippe
1338 784 1531 852 quibus
1576 786 1886 854 plenissime
1929 788 2068 843 bona

485 879 699 943 adsunt,
737 876 1016 947 perpendit
1060 885 1225 941 recte,
1254 892 1370 945 quae
1401 878 1503 932 sibi
1534 878 1710 933 minus
1738 888 1882 948 sunt,
1912 886 2083 949 atque

485 972 537 1026 itt
570 972 782 1026 illorum
818 970 1213 1039 pulchritudine
1244 970 1509 1039 conspicit
1548 968 1844 1025 foeditatem
1895 986 2067 1037 suam,

486 1054 641 1133 quam
672 1064 723 1117 in
754 1064 1048 1132 semetipso
1076 1073 1129 1117 et
1164 1072 1336 1132 potest
1386 1062 1610 1131 perpeti,
1642 1072 1697 1116 et
1737 1062 1937 1117 sentire
1966 1078 2070 1116 non

485 1165 678 1225 potest.
729 1157 929 1213 Lucem
979 1171 1208 1225 namque
1252 1157 1413 1209 debet
1454 1157 1786 1225 conspicere,
1819 1155 1911 1225 qui
1958 1150 2073 1208 vull

484 1247 550 1301 de
579 1247 813 1300 tenebris
857 1244 1123 1314 judicare,
1160 1254 1216 1297 ut
1248 1244 1298 1297 in
1330 1242 1420 1297 illa
1454 1243 1635 1298 videat
1663 1244 1788 1312 quid
1818 1242 1886 1297 de
1918 1254 2074 1298 tene-

484 1339 596 1413 bris
627 1342 876 1402 :estimet,
912 1353 1006 1406 per
1035 1353 1168 1407 quas
1215 1336 1402 1398 videre
1435 1337 1780 1405 prurpeditur.
1813 1335 2071 1390 Peccator

486 1448 718 1502 namque
748 1433 792 1485 si
821 1430 1085 1499 incognita
1129 1429 1234 1482 vita
1273 1430 1539 1497 justorum
1571 1424 1916 1497 semetipsum
1944 1444 2076 1483 con-

484 1525 661 1595 Spicil,
692 1535 1033 1593 peccatorem
1083 1537 1141 1576 se
1175 1522 1479 1576 nullatenus
1520 1521 1947 1591 comprehendit.
1990 1522 2074 1575 Vi-

485 1621 613 1676 dere
629 1621 770 1675 enim
794 1633 975 1674 senon
995 1628 1188 1689 potest,
1207 1619 1351 1687 quia,
1370 1618 1628 1687 fulgorem
1646 1617 1778 1671 lucis
1804 1617 2071 1681 nesciens,

487 1731 605 1771 cum
628 1714 975 1783 semetipsum
999 1710 1283 1781 conspicit,
1308 1711 1433 1781 quid
1458 1709 1602 1763 aliud
1630 1725 1788 1777 quam
1822 1709 2075 1763 tenebras

488 1808 752 1863 attendit?
775 1807 1048 1861 iustorum
1070 1821 1198 1874 ergo
1214 1806 1470 1867 debemus
1492 1806 1651 1858 vitam
1667 1802 2000 1873 conspicere,
2022 1811 2077 1856 nt

2171 614 2298 670 ergo
2312 609 2367 654 ut
2383 603 2600 669 assequi
2613 613 2822 653 summa
2844 596 3479 666 praevaleant,conspecta
3496 592 3771 649 odorifera

2171 698 2227 747 et
2248 691 2470 746 candida
2504 693 2768 759 jusmrum
2803 690 2926 754 vita,
2960 689 3244 742 satiantur.
3286 685 3403 740 Jatn
3437 687 3654 753 quidem
3691 687 3771 740 vi-

2173 784 2301 839 dere
2328 783 2611 837 Dominum
2656 781 3000 851 sitiunt,jam
3048 780 3115 835 de
3155 779 3272 849 ejus
3314 779 3774 843 contemplatione

2174 876 2355 929 satiari
2403 875 2684 930 charitatis
2720 873 2939 928 aestibus
2983 871 3347 927 inardescunt.
3397 870 3505 926 Sed
3552 869 3678 938 quia
3715 871 3767 923 in

2176 966 2277 1021 hac
2324 970 2429 1020 vita
2481 967 2640 1035 positi
2688 965 2915 1020 necdum
2963 964 3171 1030 valent,
3210 980 3303 1032 per
3348 962 3770 1033 praecedentium

2177 1062 2389 1117 interim
2440 1061 2655 1116 Patrum
2701 1060 2946 1130 exempla
2994 1070 3302 1129 pascuntur.
3354 1058 3511 1116 Unde
3550 1067 3603 1114 et
3649 1069 3773 1129 apte

2177 1154 2286 1208 illic
2315 1162 2527 1221 tempus
2570 1153 2639 1207 de
2680 1154 2796 1221 ipso
2839 1151 3074 1207 liliorum
3132 1163 3285 1219 pastu
3334 1150 3615 1213 deﬁnitur.
3645 1150 3775 1206 dum

2174 1244 2397 1299 dicitur:
2419 1244 2796 1312 Doneeaspiret
2816 1243 2946 1309 dies,
2973 1252 3018 1296 et
3040 1243 3356 1296 inclinentur
3396 1242 3610 1295 umbrat.
3641 1242 3780 1297 Tan-

2176 1338 2266 1392 dlu
2294 1340 2489 1408 quippe
2511 1338 2657 1393 refici
2677 1338 2944 1407 justorum
2969 1337 3230 1406 exemplis
3253 1337 3572 1405 indigemus,
3600 1336 3777 1392 dooec

2177 1432 2458 1502 praesentis
2489 1431 2827 1486 mortalitatis
2858 1434 3096 1500 umbras,
3130 1444 3333 1485 atterno
3362 1430 3447 1485 die
3475 1431 3776 1498 aspirante,

2181 1532 2538 1582 transeamus.
2571 1524 2704 1581 Cum
2733 1526 2890 1591 enim;
2918 1526 3073 1595 hujus
3123 1524 3532 1594 temporalitatis
3563 1523 3777 1593 umbra,

2181 1626 2444 1672 transacta
2471 1619 2568 1673 hac
2596 1618 2948 1682 mortalitate,
2979 1618 3135 1672 fuerit
3160 1616 3435 1680 inclinata,
3456 1616 3577 1685 quia
3612 1616 3784 1685 ipsius

2181 1709 2285 1766 diei
2316 1709 2587 1765 internum
2622 1711 2797 1765 lumen
2847 1710 3151 1773 cernimus,
3187 1724 3521 1778 nequaquam
3548 1707 3660 1777 jattt
3691 1723 3786 1777 apo

2183 1803 2410 1873 petimus
2440 1811 2496 1856 ut
2525 1802 2593 1856 ad
2625 1817 2862 1856 amorem
2892 1802 3011 1871 ejus
3041 1817 3135 1871 per
3161 1802 3389 1857 aliorum
3413 1801 3661 1867 exempla
3686 1800 3782 1853 fla-

488 1886 1245 1968 suhtiliter‘deprehendamus
1275 1906 1533 1950 nostram.
1574 1894 1789 1949 Illorum
1833 1894 2083 1949 videlicet
2114 1893 2160 1953 B
2185 1911 2421 1966 gremus.
2468 1895 2620 1951 Nunc
2644 1905 2820 1950 autem
2848 1895 2973 1965 quia
3005 1894 3230 1950 necdum
3281 1909 3403 1949 eum
3434 1894 3628 1947 intueri
3662 1909 3783 1961 pos-

489 1992 865 2061 Species,qoasi
882 1990 1124 2061 quaedam
1143 1988 1309 2043 forma
1320 1988 1470 2043 nobis
1484 1988 1729 2041 imitanda
1748 1986 2079 2055 proponitur.

561 2085 718 2157 767
753 2083 841 2140 16.
867 2081 1008 2139 Justi
1030 2083 1148 2137 libri
1175 2092 1313 2147 sunt,
1343 2098 1406 2135 ea:
1429 2082 1610 2149 quibus
1634 2081 2087 2149 judicabimur.—

496 2187 523 2216 ⁸
549 2178 678 2232 Viva
712 2168 874 2232 lectio
902 2187 985 2233 est
1016 2179 1121 2232 vita
1167 2177 1463 2241 bonorum;
1493 2174 1633 2228 unde
1665 2183 1719 2228 et
1747 2189 1853 2227 non
1898 2174 2086 2228 imme-

492 2273 594 2327 rito
625 2271 785 2325 iidem
813 2271 945 2337 justi
998 2288 1050 2323 tu
1081 2284 1237 2324 sacro
1289 2268 1505 2337 eloquio
1553 2268 1670 2321 libri
1716 2268 2082 2336 nominantur,

492 2365 632 2418 sicut
680 2364 939 2431 scriptum
972 2361 1262 2417 estzLibri
1298 2361 1644 2432 aperti‘sunt,
1685 2368 1732 2413 et
1776 2361 1911 2413 alius
1959 2360 2086 2413 liber

493 2464 700 2523 apertus
725 2462 818 2518 est,
850 2454 938 2521 qui
974 2462 1047 2507 est
1076 2454 1208 2514 vitaz,
1237 2463 1286 2505 et
1310 2452 1538 2523 judicati
1568 2462 1682 2504 sunt
1709 2452 1897 2505 mortui
1926 2469 1987 2505 ea:
2010 2454 2087 2506 Itis

494 2563 606 2619 qutz
634 2548 824 2616 scripta
848 2556 991 2599 erant
1019 2546 1071 2598 in
1095 2545 1238 2598 libris
1264 2545 1448 2613 (Apoc.
1484 2561 1577 2608 xx,
1604 2544 1715 2612 1‘2).
1748 2545 1905 2599 Liber
1935 2561 2086 2598 nam-

497 2653 604 2708 que
652 2639 771 2691 vitte
809 2646 892 2691 est
934 2636 1046 2704 ipsa
1080 2636 1216 2689 visio
1250 2635 1824 2703 advenientisjudicis.
1880 2636 1932 2688 ltt
1982 2651 2087 2705 quo

496 2731 646 2803 quasi
692 2731 949 2798 scriptum
982 2738 1063 2783 est
1092 2744 1251 2783 omne
1300 2728 1611 2781 mandatum
1641 2767 1655 2792 ,
1689 2730 1808 2797 quia
1844 2727 2090 2797 quisquis

498 2839 618 2881 eum
665 2820 876 2889 viderit,
912 2837 1057 2884 mox.
1088 2832 1224 2877 teste
1274 2820 1603 2875 conscientia
1631 2862 1643 2883 ,
1679 2820 1936 2890 quidquid
1986 2836 2089 2874 non

498 2918 624 2974 fecit
655 2917 921 2987 intelligit.
976 2915 1122 2971 Libri
1167 2908 1328 2969 etiam
1383 2915 1551 2984 aperti
1600 2913 1935 2976 referuntur,
1968 2913 2091 2981 quia

500 3006 761 3079 justorum
812 3017 946 3061 tunc
992 3014 1103 3059 vita
1129 2987 1496 3074 'conspicitur,
1526 3005 1576 3057 in
1606 3005 1798 3071 quibus
1846 3004 2093 3057 mandata

504 3099 738 3153 coelestia
768 3112 933 3168 opere
979 3097 1242 3164 impressa
1276 3106 1591 3150 cernuntur.
1629 3096 1689 3149 Et
1722 3094 1940 3165 indicati
1974 3103 2098 3149 sunt

504 3190 699 3244 mortui
730 3204 795 3243 ex
841 3188 925 3242 bis
972 3202 1090 3256 qua:
1132 3188 1332 3255 scripta
1380 3198 1533 3242 erant
1569 3188 1620 3242 in
1671 3188 1840 3254 libris,
1871 3190 1987 3259 quia
2042 3190 2095 3243 in

2186 2002 2391 2053 sumus,
2425 2002 2768 2057 summopere
2816 2002 3038 2043 necesse
3083 1997 3166 2041 est
3196 1994 3252 2040 ut
3276 2001 3463 2041 eorum
3500 1986 3590 2047 qui
3637 1985 3786 2039 illum

2187 2083 2425 2153 perfecte
2474 2082 2645 2135 secuti
2694 2090 2819 2135 sunt
2871 2080 3175 2148 conspectis
3204 2079 3508 2133 actionibus
3536 2076 3562 2115 τι
3599 2079 3787 2132 incite~

2187 2193 2330 2231 mur.
2367 2177 2671 2232 lntueamur
2701 2192 2830 2245 ergo
2871 2190 3028 2246 quam
3078 2173 3298 2242 pulchra
3345 2182 3427 2227 est
3461 2171 3670 2241 agilitas
3698 2185 3787 2225 sc-

2188 2271 2488 2339 quentium,
2517 2280 2572 2325 et
2616 2268 2892 2324 videamus
2945 2283 3104 2337 quam
3152 2267 3319 2335 turpis
3359 2267 3429 2320 sit
3462 2275 3486 2302 ο
3521 2266 3789 2320 nebetudo

2188 2366 2488 2434 pigrorum.
2536 2362 2728 2421 Statim
2760 2374 3009 2430 namque,
3044 2368 3098 2412 ut
3145 2359 3282 2412 bene
3320 2357 3590 2426 agentium
3641 2365 3789 2426 gesta

2191 2458 2529 2525 respicimus,
2558 2455 2919 2523 nosmetipsos
2940 2453 3254 2506 confusione
3284 2450 3466 2504 intima
3491 2449 3784 2505 ulciscente

2185 2547 2675 2618 judicanms:mox
2722 2543 3041 2599 verecundia
3095 2551 3327 2597 mentem
3376 2542 3631 2605 concutit,
3664 2556 3786 2595 mox

2187 2639 2333 2709 juste
2353 2640 2581 2694 saaviens
2606 2646 2789 2693 reatus
2811 2636 3042 2699 addicit;
3068 2646 3119 2688 et
3139 2635 3482 2688 vehementer
3500 2634 3603 2688 hoc
3627 2635 3785 2689 etiam

2192 2736 2465 2804 diSplicet,
2501 2735 2644 2805 quod
2676 2734 2850 2789 adhuc
2878 2734 3106 2789 fortasse
3137 2732 3362 2802 turpiter
3391 2730 3543 2785 libet.

2268 2828 2356 2882 18.
2390 2826 2568 2880 Justus
2597 2828 2843 2893 templum
2888 2824 2983 2878 Dei
3010 2833 3114 2890 est,
3146 2840 3209 2878 ex
3237 2824 3383 2893 cujus
3428 2828 3706 2890 conspectu
3734 2818 3793 2871 de

2196 2920 2544 2990 iniquitatibus
2587 2921 2774 2974 nostris
2815 2919 3204 2987 confundimur.
3233 2946 3303 2956 -—
3328 2915 3477 2971 Unde
3515 2914 3655 2968 bene
3698 2927 3795 2982 per

2200 3012 2539 3068 Ezechielem
2578 3012 2773 3065 dicitur
2803 3030 2813 3063 :
2841 3008 2951 3064 Fili
2981 3010 3197 3063 homini.-
3221 3051 3235 3075 ,
3269 3008 3431 3079 768
3460 3006 3670 3060 ostende
3696 3006 3793 3059 do-

2199 3106 2304 3159 mui
2335 3103 2498 3159 Israel
2529 3104 2790 3173 templum,
2826 3111 2880 3155 ut
2908 3101 3290 3169 confundantur
3320 3100 3383 3151 ab
3427 3096 3783 3166 iniquitatibus

2202 3199 2326 3262 suis,
2358 3208 2403 3250 et
2434 3199 2708 3249 metiantur
2756 3193 3005 3263 fabricam
3027 3233 3042 3257 ,
3076 3200 3125 3246 et
3149 3191 3443 3245 erubescant
3472 3206 3536 3244 ea:
3563 3188 3795 3243 omnibus

508 3290 725 3337 ostensa
755 3281 860 3333 vita
888 3279 1181 3350 justorum,
1212 3280 1365 3349 quasi
1394 3280 1445 3334 in
1478 3282 1809 3350 expansionc
1838 3283 2093 3336 librorum
2128 3276 2173 3337 C
2202 3304 2317 3357 qua:
2347 3291 2572 3356 fecerunt
2607 3284 2819 3356 (Ezeclt.
2852 3300 3004 3349 thtt,
3035 3284 3142 3350 10).
3177 3282 3456 3351 Templum
3484 3282 3683 3351 quippe
3699 3280 3797 3335 Dei

509 3375 693 3446 legunt
720 3374 917 3429 bonum
962 3374 1105 3443 quod
1151 3388 1309 3443 agere
1356 3374 1455 3444 ipsi
1500 3376 1810 3441 noluerunt,
1838 3388 1997 3445 atque
2028 3394 2094 3432 cx

510 3468 695 3522 eorum
745 3468 835 3536 qui
882 3467 1128 3523 fecerunt
1179 3470 1581 3539 comparatione
1622 3470 1965 3525 damnantur.
2026 3470 2102 3525 Ne

511 3575 642 3634 ergo
690 3562 1053 3632 unusquisque
1106 3571 1232 3617 tunc
1273 3563 1461 3616 videns
1505 3576 1599 3616 eos
1646 3562 1786 3631 quod
1833 3577 1937 3616 non
1980 3560 2104 3615 fecit

512 3651 729 3718 deﬂeat,
756 3666 898 3706 nunc
947 3653 999 3706 itt
1040 3650 1119 3707 eis
1169 3651 1309 3721 quod
1360 3651 1597 3707 imitetur
1640 3651 1900 3707 attendat.
1951 3651 2103 3718 Quod

514 3736 729 3816 quidem
762 3745 938 3801 facere
968 3745 1122 3801 electi
1173 3762 1277 3800 non
1322 3754 1554 3802 cessant.
1586 3744 1613 3784 δ
1646 3745 1920 3801 Mcliorum
1951 3761 2103 3800 nant-

516 3853 619 3906 que
650 3836 811 3890 vitam
853 3837 1224 3904 considerant,
1253 3847 1308 3893 et
1337 3838 1621 3893 deterioris
1662 3854 1786 3892 usus
1817 3853 2106 3893 conversa-

516 3928 719 3983 tionem
749 3939 977 3983 mntant.
1242 3974 1249 3979 .

590 4018 733 4090 [γει.
776 4018 872 4093 Χ.]
905 4022 992 4074 17.
1032 4016 1097 4074 Et
1127 4020 1239 4075 lilia
1266 4022 1402 4076 inter
1430 4038 1546 4091 qua:
1581 4024 1725 4089 pasci
1756 4024 2012 4078 debemus.
2039 4051 2106 4063 -—

523 4109 673 4165 Unde
700 4113 883 4181 sponsi
915 4128 1045 4168 voce
1073 4122 1277 4168 sancta:
1309 4114 1567 4170 Ecclesiae
1598 4115 1651 4169 in
1679 4116 1917 4171 Canticis
1939 4119 2109 4172 canti-

519 4217 705 4259 corum
750 4205 983 4260 dicitur:
1015 4205 1131 4259 Duo
1159 4206 1313 4260 ubera
1355 4216 1446 4260 tua
1475 4208 1606 4261 sicut
1644 4208 1748 4263 duo
1780 4209 1985 4263 ltinnuli
2025 4227 2112 4265 ca-

522 4309 659 4365 prea:
678 4296 900 4365 gemelli,
924 4297 1010 4365 qui
1031 4306 1310 4366 pascuntur
1330 4297 1383 4351 in
1407 4296 1555 4364 liliis,
1581 4298 1744 4353 donec
1764 4301 1955 4369 aspiret
1979 4300 2108 4369 dies,

520 4395 570 4439 et
609 4388 915 4441 inclinentur
947 4388 1137 4442 umbra:
1181 4388 1355 4459 (Cant.
1386 4404 1463 4456 tv,
1498 4390 1574 4459 5).
1628 4392 1755 4459 Qua:
1801 4394 1944 4447 enim
1990 4401 2115 4447 sunt

524 4479 630 4535 duo
661 4480 847 4544 ubera,
871 4479 969 4533 nisi
1000 4495 1068 4533 ex
1103 4480 1286 4533 .ludaea
1310 4495 1374 4535 ac
1396 4482 1693 4550 gentilitate
1719 4482 1943 4539 veniens
1968 4492 2113 4539 uter-

524 4585 631 4639 que
680 4572 923 4639 populus,
953 4572 1041 4641 qui
1094 4572 1396 4627 in'sanctae
1444 4573 1698 4629 Ecclesiae
1745 4591 1973 4645 corpore
2021 4592 2115 4645 per

2209 3380 2331 3433 ﬁliis
2353 3380 2513 3433 Israel
2539 3378 2603 3431 ad
2631 3378 2997 3432 confusionem
3022 3374 3348 3441 ostenditur,
3374 3374 3588 3442 quando
3612 3372 3801 3427 unius~

2206 3473 2469 3541 cujusque
2490 3470 2624 3540 justi
2654 3469 2854 3533 anima,
2889 3484 3048 3538 quam
3082 3465 3395 3536 inspirando
3422 3466 3564 3520 Dcus
3590 3464 3772 3519 inhabi

2207 3573 2301 3631 tat,
2332 3572 2528 3633 quanta
2570 3563 2848 3617 sanctitate
2880 3561 3078 3631 fulgeat
3105 3602 3120 3626 ,
3150 3561 3216 3614 ad
3245 3559 3617 3615 confusionem
3649 3572 3801 3612 suam

2209 3658 2580 3726 peccatoribus
2624 3656 3039 3720 demonstratur,
3067 3662 3123 3706 ut
3174 3654 3224 3706 in
3274 3653 3358 3707 illa
3412 3652 3609 3707 bonum
3657 3648 3801 3720 quod

2209 3751 2483 3819 negligunt
2511 3748 2744 3815 videant,
2779 3756 2831 3800 et
2863 3745 2915 3800 in
2946 3746 3137 3814 seipsis
3170 3746 3368 3799 malum
3396 3744 3536 3814 quod
3570 3756 3803 3811 operan-

2209 3852 2294 3897 tur
2337 3842 2675 3897 erubescant.
2727 3839 2902 3894 Metiri
2950 3854 3085 3893 vero
3129 3837 3385 3893 fabricam
3436 3844 3522 3891 est
3570 3850 3799 3905 pensare

2209 3936 2481 3992 subtiliter
2520 3936 2788 4003 justorum
2838 3932 3025 3997 vitam.
3073 3931 3180 3987 Sed
3225 3930 3351 3984 dum
3390 3930 3610 3984 metitur
3640 3927 3804 3982 labri—

2210 4043 2351 4095 cam,
2384 4040 2605 4083 necesse
2644 4036 2728 4081 est
2758 4034 2816 4079 ut
2840 4041 2906 4081 ex
2938 4026 3146 4079 cunctis
3177 4040 3298 4094 qua:
3338 4023 3561 4078 fecimus
3606 4022 3805 4077 erube-

2211 4133 2454 4183 scamus,
2488 4117 2609 4187 quia
2650 4117 2913 4171 bonorum
2954 4115 3117 4168 vitam
3149 4123 3349 4183 quanto
3398 4113 3645 4167 subtilius
3676 4126 3808 4181 pen-

2212 4213 2384 4269 sando
2431 4212 2789 4275 discutimus,
2842 4218 2991 4264 tanto
3036 4210 3276 4264 severius
3323 4208 3377 4261 itt
3426 4206 3581 4261 nobis
3625 4206 3803 4261 omnia

2214 4306 2395 4375 inique
2423 4314 2568 4375 gesta
2597 4302 2966 4374 reprobamus.
2993 4302 3135 4356 Bene
3162 4311 3341 4355 autem
3371 4300 3643 4367 prapltetaa
3670 4296 3808 4352 dici-

2216 4407 2304 4452 tur
2331 4404 2389 4450 ut
2416 4395 2664 4451 ostendat
2694 4396 2970 4463 templum.
3004 4393 3139 4460 Quia
3169 4393 3311 4448 enim
3334 4392 3601 4461 justorum
3637 4393 3800 4446 recti-

2217 4489 2452 4544 tudinem
2506 4488 2854 4545 considerare
2912 4497 3166 4557 peccator
3226 4486 3565 4553 dissimulat,
3617 4488 3809 4543 saltem

2218 4586 2355 4639 hanc
2380 4600 2445 4639 ex
2469 4599 2600 4639 voce
2632 4584 2972 4653 prmdicantis
2992 4592 3268 4651 agnoscat.
3299 4582 3582 4653 Templum
3610 4581 3810 4650 quippe

524 4661 872 4719 intentionem
904 4666 1178 4733 sapientia:
1208 4681 1405 4721 arcano
1450 4678 1532 4721 est
1563 4668 1740 4735 cordis
1770 4670 2002 4725 inlixus?
2033 4672 2114 4728 Ex
2142 4668 2193 4726 D
2220 4677 2587 4747 peccatoribus
2632 4650 2925 4732 ostendere
2969 4650 3052 4731 est
3097 4685 3287 4746 sponte
3328 4650 3812 4730 suavconsiderare
3832 4650 3845 4659 ‘

525 4768 630 4825 quo
659 4755 853 4823 populo
879 4755 929 4809 Iti
954 4757 1042 4825 qui
1069 4757 1224 4812 electi
1255 4768 1379 4812 sunt
1403 4758 1606 4812 idcirco
1630 4776 1843 4827 caprea:
1876 4762 2114 4817 ltinnulis

525 4857 921 4915 comparantur,
950 4846 1069 4914 quia
1104 4865 1196 4917 per
1243 4848 1605 4905 humilitatem
1657 4852 1871 4920 quidem
1920 4868 2115 4922 parvos

525 4951 644 4995 sese
672 4953 733 4992 ac
762 4950 1070 5007 peccatores
1113 4941 1439 5010 intelligunt,
1475 4942 1570 4997 sed
1611 4944 1691 4997 eis
1740 4960 1834 5012 per
1883 4945 2116 4998 cltarita-

526 5041 631 5088 tem
659 5034 1019 5097 currentibus,
1046 5035 1090 5088 si
1136 5050 1239 5104 qua
1285 5035 1561 5089 obstacula
1605 5035 1673 5090 de
1728 5036 2115 5107 impedimento

526 5123 932 5192 temporalitatis
955 5124 1190 5191 obviant,
1216 5134 1515 5192 transeunt,
1534 5133 1589 5181 et
1610 5126 1750 5181 datis
1778 5128 2110 5197 contempla-

527 5213 688 5267 tionis
730 5213 976 5278 saltibus,
1009 5215 1076 5269 ad
1104 5208 1332 5284 superna
1357 5217 1746 5272 conscendunt.
1782 5218 1883 5285 Qui
1914 5227 1973 5273 ut
2000 5219 2112 5274 haec

526 5316 684 5374 agant
708 5309 1120 5376 praecedentium
1148 5320 1453 5364 sanctorum
1478 5313 1722 5381 exempla
1744 5314 2108 5382 conspiciunt.

528 5394 680 5453 Unde
708 5408 762 5453 ct
788 5401 838 5455 in
865 5401 988 5456 liliis
1015 5405 1157 5470 pasci
1182 5402 1511 5459 refetuntur.
1532 5404 1668 5472 Quid
1692 5407 1833 5460 enim
1860 5423 1954 5475 per
1980 5407 2110 5475 lilia,

531 5496 557 5527 ⁸
587 5494 690 5547 nisi
733 5495 943 5551 illorum
976 5498 1082 5551 vita
1112 5498 1418 5554 declaratur
1438 5538 1453 5565 ,
1480 5500 1570 5568 qui
1600 5500 1865 5556 veraciter
1891 5501 2108 5556 dicunt:

604 5616 631 5684 τ
662 5608 733 5663 Ita
767 5610 971 5675 Balua.,
992 5611 1168 5677 Coll»,
1202 5613 1384 5669 Norm.
1412 5616 1481 5669 At
1504 5615 1641 5668 Editi
1667 5625 1785 5683 post
1811 5618 2116 5684 proponitur

532 5677 736 5736 habent
773 5685 895 5746 quia
934 5685 1044 5737 viva
1086 5685 1234 5739 lectio
1278 5687 1480 5739 estvita
1511 5677 1977 5750 bonor'umfumle.
2012 5688 2115 5741 Sed

533 5750 812 5828 obscurior
839 5755 894 5805 fit
920 5768 1110 5828 sensus
1132 5757 1406 5810 additione
1435 5758 1635 5810 vocula:
1661 5758 1809 5828 quia,
1833 5769 1885 5811 et
1917 5769 2114 5811 mutata

535 5825 933 5902 puttctuatiotte.
968 5823 1077 5878 llac
1099 5842 1227 5881 voce
1250 5828 1629 5902 (punctuatioj,
1656 5823 1785 5883 licet
1805 5828 1981 5902 minus
2009 5829 2117 5902 usi-

537 5901 665 5949 tata.
699 5899 787 5944 aut
817 5896 979 5947 etiam
1031 5910 1221 5951 recens
1247 5896 1497 5960 conﬂata,
1531 5900 1607 5953 ttti
1639 5907 1795 5968 coget
1831 5899 2118 5967 aliquando

2219 4768 2526 4824 nolentibus
2552 4779 2818 4824 rectorum
2848 4783 3009 4840 opera
3036 4783 3279 4822 narrare.
3309 4767 3409 4835 Qui
3438 4766 3644 4836 itaque,
3671 4765 3811 4820 sicut

2220 4859 2473 4923 diximus,
2509 4858 2728 4928 perduci
2774 4859 2838 4912 ad
2870 4872 3078 4913 summa
3108 4857 3448 4917 desiderant,
3480 4872 3697 4925 semper
3724 4871 3814 4912 ne-

2219 4962 2372 5004 cesse
2397 4958 2483 5003 est
2510 4959 2566 5003 ut
2589 4949 2871 5004 meliorum
2918 4951 3255 5019 provectibus
3287 4950 3590 5018 intendant,
3619 4958 3811 5020 quate-

2223 5056 2325 5094 nus
2351 5051 2500 5093 tattto
2532 5041 2826 5096 districtius
2854 5042 2909 5095 in
2936 5057 2995 5096 se
3025 5044 3211 5110 culpas
3230 5043 3495 5112 judicent,
3527 5050 3729 5111 quanto
3761 5043 3812 5097 in

2224 5127 2332 5184 illis
2363 5131 2521 5185 altius
2551 5131 2693 5200 quod
2716 5131 3047 5186 admirentur
3071 5134 3272 5187 vident.

2302 5220 2390 5276 l9.
2439 5219 2553 5289 Ipsi
2575 5223 2707 5292 justi
2736 5239 2799 5277 ex
2824 5223 3047 5276 aliorum
3073 5233 3367 5278 sanctorum
3409 5225 3814 5279 consideratione

2227 5315 2709 5386 praﬁciunt.—Sed
2729 5316 2851 5385 quid
2871 5318 2969 5371 ista
2991 5318 3059 5372 de
3074 5319 3414 5386 peccantibus
3436 5320 3683 5382 dicimus,
3697 5332 3815 5373 cum

2227 5412 2373 5480 ipsos
2397 5424 2629 5480 «quoque
2661 5422 2969 5477 operatores
3006 5396 3225 5479 iustitiae
3268 5416 3421 5469 tanta’
3444 5412 3663 5483 prowlti
3704 5412 3813 5465 dis-

2223 5500 2540 5572 pensatione
2566 5499 2844 5557 videamus
2888 5502 2937 5574 (l
2972 5501 3093 5559 Cor.
3130 5519 3205 5557 xtt
3236 5544 3250 5568 ,
3292 5505 3326 5559 8
3357 5547 3372 5572 ,
3401 5506 3436 5561 9
3461 5546 3476 5572 ,
3507 5507 3572 5559 ll)
3601 5513 3648 5557 et
3681 5501 3813 5568 it)?

2227 5618 2545 5682 necessitas,
2580 5632 2648 5670 ne
2674 5618 3242 5676 circumlocutionibus
3272 5622 3427 5678 detur
3458 5622 3624 5677 locus.

2295 5687 2324 5727 δ
2357 5690 2519 5751 Editi,
2549 5689 2939 5747 reluctantibus
2968 5693 3120 5758 Mss.,
3152 5694 3432 5747 meliorem.

2302 5770 2324 5832 ξε
2352 5760 2586 5832 ίΤιιτοηη
2610 5759 2711 5832 nisi
2736 5760 2944 5817 illarum
2970 5766 3072 5817 vita
3099 5775 3447 5832 comparatur.

2298 5826 2323 5865 ἀ
2350 5831 2580 5895 T.uron.,
2607 5829 2886 5891 imitemur.
3214 5826 3223 5832 ’
3468 5842 3473 5843 “

2302 5910 2326 5938 ⁸
2358 5901 2502 5957 Idem
2539 5900 2748 5969 Codex,
2782 5904 3006 5972 tepitudo
3038 5906 3320 5974 pigrorum.
