4024 6352
231 393 331 451 997

993 392 1357 453 MORALIUM
1398 395 1530 454 LIB.
1575 397 1765 454 χχιιι.
1801 395 1963 453 -ιΝ
1993 397 2219 456 CAPUT
2261 397 2480 456 χχχιιι
2519 400 2579 454 n.
2620 401 2761 457 JOB.
2818 370 2824 389 '

1959 211 1995 235 \

3401 404 3507 463 298

231 509 383 565 Alius
410 519 643 577 namque
677 505 880 563 donum
922 508 1171 567 scientia
1207 520 1404 584 accipit
1421 553 1438 580 ,
1466 521 1522 571 et
1550 522 1727 570 tamen
1759 513 1827 570 ad
1852 513 1906 575 Α
1930 522 1983 569 et
2014 514 2158 571 vires
2186 530 2308 571 suas
2356 517 2411 593 in
2437 515 2753 573 humilitatis
2778 516 2984 593 gremio
3001 518 3253 587 nutriret,
3277 519 3506 579 crudeli-

227 600 480 657 virtutem
497 600 649 655 mira
667 599 1004 660 abstinentia
1024 618 1128 661 non
1152 606 1426 677 pertingit.
1446 602 1603 663 Alius
1624 612 1817 677 magna

227 688 573 747 abstinentia
598 690 796 747 virtute
825 691 1143 765 accingitur,
1171 711 1274 753 nec
1317 705 1500 754 tamen
1522 698 1576 754 in
1608 714 1820 755 summa

224 781 466 840 scientia
492 785 949 855 contemplatione
975 788 1245 845 dilatatur.
1279 790 1431 847 Alius
1463 806 1559 861 per
1584 792 1823 863 propheo
1878 776 1889 789 ’

225 875 311 931 tia
335 875 594 944 spiritum
649 878 793 934 valet
840 883 1021 935 omnia
1068 890 1291 937 ventura
1338 897 1697 953 pranoscere,
1729 883 1827 940 sed

230 975 410 1023 tamen
455 982 556 1037 per
602 970 898 1025 curationis
944 972 1172 1043 gratiam
1221 989 1330 1030 non
1375 974 1519 1029 valet
1546 973 1828 1044 prasentis

228 1060 498 1117 molestia
540 1061 683 1117 mala
724 1062 1029 1120 sublevare.
1078 1066 1230 1122 Alius
1259 1081 1359 1137 per
1384 1066 1678 1123 curationis
1704 1081 1826 1138 gra—

230 1153 355 1207 tiam
387 1153 538 1208 mala
584 1141 872 1223 prasentis
900 1157 1164 1214 molestia
1208 1159 1479 1226 sublevat,
1514 1158 1609 1216 sed
1647 1169 1825 1216 tamen

230 1245 351 1314 quia
402 1244 709 1315 prophetia
756 1247 1003 1317 Spiritum
1042 1264 1148 1305 non
1190 1250 1372 1317 habet,
1396 1240 1828 1322 quid'sequatur

230 1336 460 1407 ignorat.
492 1337 652 1394 Alius
680 1337 1047 1408 indigentibus
1068 1342 1235 1397 multa
1258 1343 1368 1412 jam
1396 1344 1614 1414 propria
1643 1343 1825 1414 largiri

230 1437 425 1499 potest,
465 1429 568 1485 sed
608 1439 787 1486 tamen
826 1430 1029 1509 injuste
1064 1433 1347 1504 agentibus
1393 1435 1611 1491 obviare
1655 1435 1827 1490 libere

232 1536 332 1577 non
362 1530 569 1593 potest.
592 1523 749 1579 Alius
779 1523 982 1592 injuste
1006 1526 1288 1596 agentibus
1306 1526 1563 1585 audacter
1587 1542 1685 1599 pro
1711 1528 1826 1583 Deo

232 1614 439 1681 obviat,
470 1613 576 1670 sed
618 1624 799 1671 tamen
832 1616 1192 1689 indigentibus
1220 1633 1339 1689 qua
1386 1619 1549 1676 habet
1590 1621 1826 1677 tribuere

235 1714 410 1767 omnia
433 1720 674 1768 recusat.
706 1712 861 1769 Alius
893 1714 1003 1783 jam
1049 1724 1107 1769 et
1139 1715 1210 1770 ab
1250 1716 1425 1772 otioso
1471 1730 1531 1772 se
1572 1731 1825 1773 sermone

240 1805 558 1875 restringens
582 1846 600 1872 ,
629 1803 829 1876 lingua
882 1805 1156 1861 lasciviam
1202 1815 1459 1876 superat,
1503 1807 1598 1863 sed
1645 1816 1822 1864 tamen

1930 607 2053 663 tatis
2112 622 2224 664 sua
2280 610 2509 681 antiqua
2570 624 2675 664 non
2748 610 3069 681 immemor,
3146 613 3507 682 apostolorum

1928 700 2166 755 omnium
2214 700 2577 757 innocentiam
2608 702 3029 770 contemplatus,
3059 702 3176 757 ait:
3213 702 3326 774 Ego
3377 705 3513 759 enim

1928 807 2042 844 sum
2062 791 2303 845 minimus
2330 792 2701 863 apostolorum,
2733 793 2820 863 qui
2852 808 2955 847 non
2992 809 3107 847 sum
3132 793 3318 863 dignus
3337 795 3512 850 vocari

1926 882 2212 954 apostolus,
2243 884 2367 954 quia
2394 894 2688 951 persecutus
2716 902 2832 939 sum
2879 884 3162 940 Ecclesium
3189 884 3287 942 Dei
3312 887 3367 957 (I
3390 889 3511 941 Cor.

1926 989 2017 1044 xv,
2048 974 2127 1046 9).
2164 975 2232 1030 Et
2277 986 2457 1032 tamen
2503 977 2813 1033 eorumdem
2856 980 3105 1036 omnium
3152 980 3512 1049 apostolorum

1928 1066 2152 1137 primus,
2177 1067 2331 1136 quasi
2354 1069 2560 1138 accepti
2587 1069 2912 1138 principatus
2936 1069 3155 1136 oblitus,
3180 1084 3242 1125 ac
3258 1071 3305 1125 si
3331 1069 3509 1123 minus

1931 1155 2047 1225 ipse
2070 1157 2278 1226 aliquid
2334 1170 2570 1230 saperet,
2604 1162 2657 1215 in
2703 1159 2871 1216 Paulo
2913 1162 3223 1233 sapientiam
3267 1162 3514 1225 miratur,

1884 1316 1885 1319 η
1930 1248 2113 1305 dicens
2145 1267 2159 1305 :
2194 1251 2341 1308 Sicut
2365 1262 2415 1308 et
2440 1253 2774 1309 charissimus
2808 1259 2966 1325 frater
3003 1264 3171 1310 noster
3201 1254 3401 1309 Paulus
3441 1271 3520 1308 se-

1929 1344 2151 1396 cundum
2177 1345 2354 1398 datam
2401 1346 2495 1400 sibi
2526 1349 2833 1415 sapientiam
2864 1348 3067 1416 scripsit
3096 1349 3258 1415 vobis,
3290 1349 3421 1403 sicut
3468 1356 3517 1402 et

1927 1433 1982 1486 in
2007 1434 2245 1489 omnibus
2283 1436 2533 1507 epistolis,
2583 1437 2795 1508 loquens
2842 1439 2897 1491 in
2937 1439 3009 1493 eis
3033 1438 3097 1493 de
3135 1440 3212 1492 Itis
3251 1439 3304 1492 in
3334 1440 3516 1510 quibus

1928 1537 2048 1581 sunt
2096 1529 2330 1599 quadam
2378 1530 2621 1600 difﬁcilia
2668 1531 2925 1586 intellectu
2964 1528 3063 1599 (11
3097 1531 3244 1587 Petr.
3273 1547 3369 1601 tu,
3404 1530 3515 1600 15).

1929 1618 2068 1675 Ecce
2098 1620 2303 1676 Paulus
2333 1621 2387 1676 in
2417 1622 2675 1691 apostolis
2705 1622 2927 1678 miratur
2969 1622 3356 1688 innocentiam,
3389 1635 3517 1677 ecce

1929 1712 2294 1781 apostolorum
2324 1712 2575 1782 princeps
2613 1713 2841 1768 miratur
2870 1714 2923 1768 in
2973 1712 3143 1770 Paulo
3169 1714 3512 1784 sapientiam.

1933 1802 2085 1875 [Vet.
2116 1803 2284 1877 ΧΙΙ.]
2309 1803 2447 1872 Quid
2477 1813 2562 1861 est
2588 1805 2713 1870 hoc,
2735 1805 2838 1861 nisi
2870 1806 3011 1874 quod
3043 1807 3213 1861 sancti
3242 1806 3361 1870 viri,
3395 1806 3522 1860 dum

252 1899 418 1955 adhuc
448 1902 787 1971 insurgentes
817 1900 911 1956 ira:
950 1902 1198 1957 stimulos
1222 1903 1459 1969 perfecte
1498 1917 1604 1958 non
1633 1902 1824 1958 calcat,
1855 1886 1907 1949 Β
1932 1894 2187 1950 virtutum
2213 1895 2651 1951 consideratione
2679 1896 2914 1951 vicissim
2936 1896 3039 1952 sibi
3061 1896 3195 1969 alios
3208 1897 3521 1966 praeferunt,

260 1993 399 2048 Alius
438 1994 802 2065 insurgentem
846 1995 979 2049 iram
1021 1994 1132 2065 jam
1177 1994 1418 2065 perfecte
1464 1997 1702 2064 edomat,
1734 1996 1831 2057 sed

255 2092 417 2139 tamen
458 2084 637 2139 adhuc
685 2085 923 2155 linguam
956 2086 1009 2141 in
1039 2086 1282 2140 latitiam
1321 2087 1548 2142 relaxat.
1573 2087 1712 2154 Quid
1747 2094 1833 2142 est

247 2172 521 2245 hoc,un
560 2177 665 2230 iste
708 2191 775 2232 eo
802 2178 951 2232 bono
978 2177 1184 2249 indiget
1222 2193 1330 2249 quo
1367 2178 1508 2234 alius
1553 2179 1755 2249 pollet;
1778 2187 1833 2234 et

239 2267 340 2336 ille,
370 2285 495 2339 cum
533 2270 724 2326 multis
769 2270 986 2338 polleat,
1021 2272 1235 2347 aliunde
1261 2273 1381 2329 aliis
1412 2273 1613 2329 bonum
1637 2260 1832 2331 adesse

234 2361 542 2418 considerat
568 2362 712 2433 quod
740 2363 842 2418 sibi
885 2364 1076 2419 deesse
1105 2365 1366 2435 suspirat,
1392 2365 1492 2423 nisi
1525 2365 1668 2435 quod
1699 2367 1834 2421 mira

231 2453 516 2510 nobiscum
543 2455 954 2525 dispensatione
978 2458 1171 2528 agitur,
1202 2468 1261 2512 ut
1286 2472 1384 2528 per
1405 2457 1509 2512 hoc
1527 2458 1670 2527 quod
1698 2457 1834 2514 alter

227 2543 411 2614 habet,
441 2555 503 2601 et
529 2547 634 2602 iste
652 2562 764 2602 non
790 2547 974 2615 habet,
995 2558 1023 2586 ι
1057 2563 1196 2604 unus
1224 2549 1395 2609 altero
1426 2549 1621 2605 melior
1641 2556 1830 2605 osten—

228 2636 408 2705 datur,
432 2649 705 2709 quatenus
724 2647 873 2695 tanto
895 2640 1172 2697 ardentius
1194 2640 1262 2695 ad
1288 2641 1645 2698 humilitatem
1675 2640 1833 2711 quis-

226 2716 325 2801 que
358 2732 636 2801 proﬁciat,
685 2741 885 2802 quanto
911 2748 981 2789 ex
1009 2733 1172 2788 bonis
1215 2748 1336 2802 qua
1367 2747 1471 2788 non
1503 2732 1667 2788 habet
1696 2732 1836 2788 infe-

225 2823 430 2879 riorem
461 2838 527 2878 se
553 2823 880 2881 habentibus
907 2827 1135 2896 pensat?
1166 2825 1364 2897 Sicque
1404 2824 1465 2880 ﬁt
1500 2833 1561 2880 ut
1590 2826 1717 2880 dum
1745 2823 1837 2881 ille

222 2914 273 2972 in
320 2918 460 2984 isto,
488 2927 653 2988 atque
693 2918 781 2974 hic
826 2920 879 2972 in
928 2919 1021 2975 illo
1063 2919 1287 2989 respicit
1330 2900 1833 2988 quod'admiretur,

226 3005 492 3064 distincta
521 3009 664 3063 bona
685 3018 741 3064 et
767 3006 836 3065 ab
863 3008 1147 3066 altitudine
1166 3009 1418 3065 elationis
1438 3009 1757 3081 reprimant,
1781 3018 1838 3064 et

226 3099 289 3154 ad
322 3099 575 3155 studium
603 3101 879 3171 profectus
903 3101 1230 3158 accendant.
1261 3101 1448 3167 Magna
1477 3115 1711 3172 namque
1725 3100 1839 3167 sol-

227 3192 523 3250 licitudine
570 3196 638 3251 ad
688 3210 873 3252 curam
922 3206 1123 3252 n05tra
1172 3195 1563 3267 meliorationis
1608 3194 1842 3265 accingi-

1933 1985 2170 2041 volantia
2198 1986 2447 2043 animalia
2493 1987 2699 2041 alarum
2730 1974 3079 2055 percussione
3107 2000 3166 2041 se
3196 1993 3436 2055 tangunt,
3466 1995 3527 2039 ut

1933 2094 1999 2136 eo
2023 2079 2092 2134 ad
2116 2080 2354 2135 volatum
2398 2094 2458 2134 se
2486 2079 2644 2135 altius
2672 2080 2926 2143 excitent,
2956 2094 3064 2149 quo
3091 2078 3344 2133 humilius
3386 2079 3525 2132 alter

1934 2171 1990 2227 in
2022 2171 2195 2227 altero
2218 2170 2362 2241 quod
2386 2170 2683 2226 admiretur
2704 2169 2889 2225 videt?
2910 2169 3045 2225 Hinc
3071 2169 3245 2238 itaque
3265 2167 3526 2238 colligen-

1935 2263 2062 2319 dum
2084 2272 2168 2319 est
2187 2273 2383 2334 quanta
2403 2262 2664 2318 debemus
2688 2262 3047 2318 sollicitudine
3066 2260 3344 2315 meliorum
3362 2260 3527 2314 vitam

1936 2358 2251 2429 conspicere
2285 2373 2407 2425 nos,
2434 2357 2599 2428 quiin
2620 2357 2820 2412 inlimis
2844 2354 3111 2426 iacemus,
3141 2354 3187 2410 si
3235 2363 3290 2410 et
3327 2352 3384 2408 hi
3434 2352 3529 2424 qui

1933 2448 2046 2520 jam
2080 2459 2228 2504 tanta
2272 2450 2557 2505 sanctitate
2585 2447 2847 2504 sublimes
2874 2456 3022 2516 sunt,
3051 2454 3110 2502 ut
3133 2461 3230 2517 per
3257 2444 3531 2501 humilitao

1942 2549 2012 2600 tis
2043 2561 2288 2616 gressum
2316 2545 2383 2600 ad
2414 2544 2615 2615 majora
2646 2542 2964 2613 proﬁciant,
2995 2540 3173 2596 adhuc
3198 2547 3446 2609 quarunt
3473 2538 3528 2595 in

1938 2640 2063 2694 aliis
2090 2639 2232 2709 quod
2275 2638 2548 2693 imitantes
2577 2636 2941 2692 admirentur:

2008 2734 2097 2787 21.
2124 2732 2350 2801 Reprobi
2386 2731 2454 2784 ad
2502 2731 2811 2785 deteriorum
2844 2728 3078 2800 exempla
3101 2742 3299 2797 semper
3328 2738 3533 2780 conuer-

1942 2834 2137 2879 tuntur.
2153 2824 2337 2881 A-Sed
2367 2824 2483 2880 hac
2510 2823 2724 2893 reprobi
2745 2820 3015 2887 nesciunt,
3038 2820 3163 2889 quia
3189 2819 3385 2874 mentis
3405 2831 3533 2873 ocu-

1942 2920 2023 2975 los
2052 2934 2263 2989 semper
2292 2919 2347 2973 in
2393 2916 2593 2973 inlimis
2630 2921 2904 2985 premunt,
2930 2912 3025 2984 qui
3055 2921 3110 2967 et
3138 2912 3185 2967 si
3229 2909 3447 2983 quando
3475 2909 3532 2965 in

1942 3012 2083 3066 viam
2098 3010 2307 3066 Domini
2321 3009 2563 3075 veniunt,
2581 3022 2688 3063 non
2708 3006 2774 3062 ad
2797 3005 3080 3061 meliorum
3097 3003 3343 3073 vest'gia,
3357 3001 3450 3058 sed
3469 3000 3538 3057 ad

1944 3104 2200 3163 intuenda
2226 3117 2439 3172 semper
2464 3102 2800 3158 deteriorum
2821 3099 3078 3172 exempla
3110 3104 3414 3155 vertuntur.
3435 3093 3541 3152 Ne-

1950 3215 2057 3271 que
2080 3200 2222 3256 enim
2245 3213 2433 3255 eorum
2466 3199 2629 3253 vitam
2661 3197 3027 3263 considerant,
3053 3195 3251 3266 quibus
3277 3208 3337 3249 se
3366 3192 3544 3249 humi-

231 3301 380 3354 mur,
412 3288 636 3359 quando
667 3290 721 3344 id
749 3289 969 3344 virtutis
1014 3290 1069 3344 in
1102 3290 1224 3344 aliis
1253 3290 1537 3355 cernimus,
1555 3289 1699 3359 quod
1734 3302 1842 3343 non
1874 3281 1922 3350 C
1950 3290 2132 3348 liando
2163 3299 2507 3361 postponant,
2533 3290 2628 3346 sed
2656 3290 2850 3361 quibus
2876 3289 3238 3360 superbiendo
3267 3301 3327 3344 se
3351 3287 3547 3359 prafe-

233 3376 529 3435 babemus.
556 3377 712 3434 Unde
739 3378 988 3434 Ezechiel
1018 3380 1302 3449 propheta,
1327 3395 1450 3436 cum
1474 3378 1709 3435 volantia
1731 3379 1848 3434 ani-

238 3472 402 3526 utalia
429 3471 841 3539 descripsisset‘,
872 3462 1153 3541 adiunxit:
1181 3471 1247 3526 Et
1276 3473 1450 3526 audiui
1487 3481 1603 3542 post
1633 3489 1715 3527 me
1757 3488 1852 3525 vo-

244 3581 351 3617 cem
393 3565 751 3618 commotionis
797 3581 998 3635 magna:
1043 3581 1064 3621 :
1106 3564 1383 3620 Benedicta
1431 3566 1598 3635 gloria
1646 3564 1850 3618 Domini

254 3652 284 3693 δ
314 3658 377 3709 de
406 3658 524 3711 loco
554 3666 731 3710 sancto
760 3673 874 3722 suo,
902 3667 949 3711 et
980 3674 1149 3711 vocem
1171 3658 1373 3711 alarum
1400 3657 1700 3711 animalium
1730 3670 1851 3723 per-

263 3752 557 3804 cadentium
580 3750 745 3822 769
778 3750 993 3805 alteram
1021 3752 1089 3805 ad
1116 3752 1335 3828 alterum
1374 3748 1590 3823 (Ezeclt.
1617 3764 1701 3816 Ill,
1736 3747 1848 3820 1‘2).

263 3843 395 3911 Quid
420 3860 659 3913 namque
691 3845 802 3900 alas
834 3845 1146 3901 animalium
1165 3887 1180 3911 ,
1211 3844 1314 3898 nisi
1342 3843 1567 3898 virtutes
1593 3841 1855 3897 debemus

254 3936 452 3992 sentire
477 3939 830 4013 sanctorum?
864 3937 967 4004 Qui
1012 3937 1141 3991 dum
1173 3946 1386 3991 terrena
1427 3933 1752 4004 despiciunt,
1787 3933 1856 3988 ad

250 4028 500 4083 uelestia
532 4028 767 4084 volando
794 4029 1167 4084 sublevantur.
1196 4026 1344 4098 [νει.
1373 4026 1424 4080 X
1430 4025 1506 4098 1.]
1534 4026 1685 4082 Unde
1709 4036 1856 4082 recte

248 4122 413 4175 etiam
436 4136 535 4189 per
551 4120 742 4175 Isaiam
760 4120 955 4177 dicitur
974 4139 984 4172 :
1007 4120 1109 4187 Qui
1127 4119 1395 4187 conﬁdunt
1417 4120 1471 4172 in
1490 4115 1735 4183 Domino,
1751 4134 1859 4170 mu-

267 4213 451 4266 tabunt
479 4212 862 4282 fortitudinem,
896 4221 1153 4267 assument
1180 4226 1377 4280 pennas
1411 4219 1465 4263 ut
1494 4209 1682 4281 aquin
1702 4207 1855 4279 (lsai.

256 4320 353 4370 η,
400 4302 522 4374 51).
556 4303 802 4359 Volantia
829 4306 1009 4374 itaque
1052 4303 1301 4358 animalia
1341 4301 1443 4357 alis
1470 4302 1583 4356 suis
1611 4315 1671 4356 se
1697 4300 1860 4355 vicis-

258 4397 367 4450 sim
399 4393 627 4461 i'eriunt,
650 4396 774 4465 quin
822 4404 1131 4450 sanctorum
1158 4403 1366 4450 mentes
1406 4394 1460 4448 in
1503 4408 1569 4449 eo
1599 4392 1746 4464 quod
1771 4406 1862 4447 su-

251 4502 430 4558 perna
461 4494 743 4557 appetunt,
773 4488 1130 4544 consideratis
1171 4488 1402 4543 invicem
1436 4486 1656 4543 alternis
1695 4486 1863 4541 virtu-

256 4578 411 4636 tibus
459 4578 786 4634 excitantur.
836 4579 937 4634 Ala
984 4577 1128 4634 enim
1174 4590 1270 4632 sua
1304 4586 1408 4633 ‘me
1459 4576 1731 4647 percutit,
1760 4576 1861 4646 fqui

1953 3394 2094 3439 rant.
2130 3384 2437 3439 Deteriores
2460 3397 2690 3452 namque
2716 3382 3039 3453 respiciunt,
3071 3381 3266 3452 quibus
3294 3381 3548 3438 meliores

1954 3492 2016 3532 se
2030 3491 2149 3531 esse
2166 3476 2468 3547 gloriantur
2490 3492 2505 3541 ;
2532 3486 2586 3530 et
2600 3473 2806 3530 idcirco
2828 3474 3090 3543 prolicere
3108 3473 3176 3528 ad
3190 3472 3413 3527 meliora
3442 3486 3548 3527 non

1955 3574 2207 3637 possunt,
2243 3567 2365 3635 quia
2397 3566 2499 3621 hoc
2521 3565 2624 3620 sibi
2652 3564 2900 3620 sufﬁcere
2943 3564 3232 3628 astimant,
3257 3560 3400 3631 quod
3429 3564 3551 3631 pes-

1954 3661 2121 3714 simos
2167 3658 2514 3713 antecedunt.
2566 3658 2609 3712 Ο
2656 3657 2861 3722 miseri,
2911 3656 3052 3710 viam
3104 3661 3355 3726 pergunt,
3388 3664 3443 3710 et
3495 3655 3550 3708 in

1957 3759 2107 3821 terga
2159 3749 2479 3820 respiciunt.
2512 3750 2614 3805 Per
2643 3763 2796 3819 spem
2848 3747 3087 3819 quidem,
3115 3747 3288 3818 {quasi
3334 3754 3457 3803 ante
3491 3760 3553 3803 se

1959 3841 2148 3910 pedem
2171 3841 2468 3909 proferunt,
2496 3840 2592 3895 sed
2614 3854 2714 3910 per
2743 3838 3235 3894 considerationem
3265 3842 3573 3906 pravorum'

1959 3932 2241 3988 hominum
2271 3942 2392 4002 post
2428 3948 2489 3989 se
2516 3932 2705 3987 oculos
2732 3931 2979 3987 tendunt.
3012 3930 3165 3987 Beoti
3194 3929 3366 3986 videri
3394 3944 3557 4001 appec

1962 4035 2102 4091 tunt,
2127 4026 2222 4082 sed
2245 4025 2314 4081 ad
2343 4026 2697 4082 inveniendos
2728 4042 2788 4081 se
2828 4033 3020 4079 tortam
3048 4024 3288 4096 regulam
3316 4034 3556 4081 sumunt.

1963 4117 2023 4172 Si
2052 4117 2196 4171 enim
2245 4118 2568 4184 semetipsos
2608 4117 2798 4187 quales
2838 4124 2964 4171 sunt
3013 4129 3339 4187 cognoscere
3394 4131 3559 4187 appe-

1964 4219 2124 4278 tunt,
2185 4226 2292 4266 non
2348 4212 2677 4267 deteriorum
2726 4211 3081 4281 conspicere,
3131 4209 3226 4266 sed
3276 4210 3562 4267 meliorum
3652 4202 3657 4207 ﬁ

1966 4307 2214 4376 exempla
2243 4308 2566 4363 debuerant.
2604 4306 2810 4362 idcirco
2842 4320 2978 4376 ergo
3006 4315 3322 4375 peccatores
3350 4319 3412 4360 se
3441 4319 3562 4362 esse

1967 4414 2075 4454 non
2104 4398 2429 4468 intelligunt,
2463 4397 2585 4467 quia
2609 4396 2857 4451 homines
2884 4410 2990 4450 non
3021 4395 3329 4449 attendunt.
3356 4393 3490 4450 Nam
3514 4394 3561 4449 si

1967 4491 2220 4547 homines
2244 4489 2594 4545 attenderent
2621 4496 2879 4551 quantum
2906 4486 3071 4557 77o
3090 4485 3361 4557 peccando
3389 4484 3562 4541 dista-

1970 4594 2093 4641 rent
2132 4598 2162 4637 a
2215 4582 2376 4639 bonis
2430 4581 2761 4649 hominibus,
2795 4579 3120 4635 invenirent.
3170 4580 3247 4636 De
3292 4579 3396 4635 hoc
3435 4593 3564 4650 ergo

260 4672 517 4741 exemplo
543 4671 841 4741 sanctitatis
872 4672 1105 4741 pr0pria
1136 4685 1225 4726 me
1255 4669 1323 4724 ad
1371 4669 1565 4724 melius
1595 4670 1865 4725 accendit.
1897 4673 1954 4736 1)
1975 4677 2273 4748 ρωηὶιεηιθ
2300 4676 2392 4747 qui
2443 4675 2647 4730 idcirco
2676 4674 2939 4730 honorum
2969 4673 3215 4744 exempla
3260 4672 3567 4730 considerat

278 4764 351 4820 Et
376 4764 463 4821 ala
492 4778 613 4821 mea
643 4764 871 4823 vicinum
903 4765 1103 4820 animal
1130 4763 1288 4829 ferio,
1322 4762 1369 4818 si
1396 4762 1686 4832 aliquando
1713 4763 1869 4819 alteri

280 4871 418 4929 opus
439 4859 646 4914 bonum
675 4858 816 4926 quod
842 4857 1081 4913 imitetur
1107 4856 1355 4914 ostendo.

340 4952 434 5008 20.
470 4950 622 5018 Quod
657 4951 891 5022 exemplo
919 4961 1215 5006 sanctorum
1242 4953 1597 5022 apostolorum
1626 4948 1786 5005 Pauli
1818 4958 1868 5005 et

275 5040 416 5100 Petri
460 5043 827 5113 conﬁrmatur.
852 5043 1051 5099 -—-Sed
1079 5044 1203 5114 quia
1242 5051 1565 5101 sanctorum,
1584 5044 1751 5097 vitam
1791 5041 1868 5097 si—

281 5136 528 5206 gniﬁcari
559 5135 678 5190 istis
719 5134 1041 5191 animalibus
1080 5135 1333 5209 diximus,
1362 5135 1496 5192 libet
1537 5136 1592 5191 in
1621 5136 1741 5205 ipso
1772 5148 1871 5190 vo-

215 5240 221 5244 '
278 5228 379 5285 iatn
402 5226 723 5307 animalium
752 5228 939 5283 oculos
963 5228 1160 5283 mentis
1188 5227 1458 5293 attollere,
1489 5237 1545 5282 et
1573 5235 1769 5299 quanta
1792 5227 1870 5283 vi-

1975 4766 2375 4835 utsibimetipsi
2404 4775 2662 4824 ouantum
2709 4779 2742 4819 a
2787 4764 2931 4821 bono
2986 4763 3212 4822 recessit
3263 4766 3567 4823 innotescat

1900 4904 1911 4915 .
1973 4860 2114 4916 bene
2141 4859 2342 4915 dicitur
2372 4874 2384 4911 :

2584 4948 2809 5006 CAPUT
2858 4947 2954 5005 IX.

2046 5045 2211 5102 Vens.
2242 5046 2333 5101 27.
2363 5073 2433 5090 -ι-
2458 5046 2715 5118 Respiciet
2764 5045 2997 5102 homines
3022 5056 3069 5102 et
3092 5047 3269 5104 dicet:
3298 5054 3324 5086 α
3353 5042 3568 5102 Peccavi

1977 5146 2025 5194 et
2051 5156 2167 5195 vere
2194 5140 2411 5211 deliqui,
2444 5151 2493 5196 et
2531 5150 2586 5195 ut
2615 5156 2759 5194 eram
2784 5140 2973 5212 dignus
3008 5155 3111 5195 non
3135 5141 3327 5209 recepi.

2046 5230 2137 5286 22.
2177 5230 2313 5285 Dum
2331 5248 2386 5286 se
2405 5232 2520 5301 ﬁcte
2557 5240 2840 5303 peccatores
2861 5248 2970 5286 esse
2990 5230 3319 5298 conﬁtentur,
3350 5230 3414 5285 de
3441 5244 3566 5285 con-

278 5319 461 5376 cissim
494 5319 703 5375 alarum
733 5319 1087 5389 percussione
1116 5334 1175 5376 se
1204 5315 1459 5386 excitent,
1487 5319 1669 5375 subtili
1697 5318 1873 5375 consi-

280 5412 562 5471 deratione
593 5428 848 5484 pensare.
883 5413 1081 5468 Paulus
1111 5428 1363 5484 namque,
1395 5427 1516 5467 cum
1558 5422 1872 5470 caterorum

283 5515 589 5563 sanctorum
636 5504 1052 5562 sollicitudinem
1091 5504 1143 5559 in
1189 5505 1570 5574 praedicatione
1602 5505 1875 5559 robustius

284 5595 575 5654 laborando
594 5599 1026 5664 transcenderet,
1057 5602 1117 5649 ut
1145 5594 1212 5648 ab
1238 5594 1475 5650 elatione
1500 5610 1559 5651 se
1578 5583 1869 5665 premeret,

1978 5326 2196 5399 fessione
2216 5326 2407 5397 peccati
2429 5328 2602 5381 ornari
2628 5326 2826 5392 uolunt,
2852 5339 2955 5378 non
2981 5323 3264 5378 humiliari.
3286 5348 3356 5361 —
3382 5319 3409 5358 ἀ
3435 5321 3568 5377 Pec-

1980 5424 2192 5472 catores
2218 5431 2279 5473 se
2307 5431 2429 5473 esse
2459 5417 2776 5488 plerumque
2824 5413 3149 5471 conﬁtentur
3177 5412 3341 5467 etiam
3371 5412 3464 5482 qui
3508 5426 3567 5467 se

1981 5524 2237 5582 peccasse
2274 5509 2658 5567 non'credunt.
2689 5508 2822 5564 Nam
2878 5520 3021 5577 sape
3057 5503 3321 5577 contingit
3346 5513 3405 5560 ut
3442 5519 3569 5576 pas.

1978 5602 2083 5658 sim
2108 5617 2167 5658 se
2194 5602 2440 5658 homines
2466 5603 2677 5668 iniquos
2701 5614 2825 5658 esse
2845 5598 3141 5667 fateantur,
3172 5597 3268 5654 sed
3289 5611 3416 5655 cum
3442 5611 3571 5669 pec-

350 5742 376 5770 ι
404 5731 624 5793 Ebroic.
644 5738 700 5785 et
728 5729 839 5798 alii,
871 5743 1003 5783 unus
1030 5727 1178 5781 alteri
1207 5726 1402 5781 melior.

356 5802 382 5841 ιι
414 5803 640 5857 Vindoc.
663 5812 719 5855 et
748 5803 952 5864 Baluz.,
987 5801 1050 5853 de
1076 5800 1185 5853 loco
1205 5815 1321 5853 suo.

367 5886 383 5909 τ
418 5871 612 5929 Pratel.
636 5883 691 5929 et
726 5874 838 5934 alii.
871 5870 1106 5941 peccavi;
1136 5870 1389 5936 sequitur,
1430 5876 1476 5924 et
1505 5884 1615 5924 uere
1644 5869 1862 5942 deliqui.

696 5968 969 6027 Ρηιιοι.
1021 5967 1061 6022 L
1076 5962 1307 6023 XXVI.

2058 5731 2083 5772 δ
2108 5733 2331 5799 Pratel.,
2361 5732 2612 5799 Vindoc.',
2639 5731 3191 5802 Turon.,~peccatores
3223 5745 3278 5787 se
3319 5730 3568 5801 conﬁten-

1934 5848 1937 5855 .
1984 5816 2067 5859 tur
2092 5808 2242 5860 etiam
2273 5805 2362 5876 qui
2389 5820 2443 5859 se
2466 5820 2575 5859 esse
2602 5819 2702 5859 non
2734 5803 2967 5860 credunt.

3213 5951 3291 6013 ιο
