  <div class='ocr_page' id='page_1' title='image "/cluster/home/n/w/nwhite01/storage/ocr_20150623/76/hvd.32044011229333/157.png"; bbox 0 0 4024 6352; ppageno 0'>
   <div class='ocr_carea' id='block_1_1' title="bbox 526 357 632 414">
    <p class='ocr_par' dir='ltr' id='par_1_1' title="bbox 526 357 632 414">
     <span class='ocr_line' id='line_1_1' title="bbox 526 357 632 414; baseline 0.028 -3"><span class='ocrx_word' id='word_1_1' title='bbox 526 357 632 414; x_wconf 75' lang='lat'><strong>299</strong></span> 
     </span>
    </p>
   </div>
   <div class='ocr_carea' id='block_1_2' title="bbox 1738 357 2600 423">
    <p class='ocr_par' dir='ltr' id='par_1_2' title="bbox 1738 357 2600 423">
     <span class='ocr_line' id='line_1_2' title="bbox 1738 357 2600 423; baseline 0.002 -10"><span class='ocrx_word' id='word_1_2' title='bbox 1738 357 1985 417; x_wconf 78' lang='lat' dir='ltr'><strong>SANCTI</strong></span> <span class='ocrx_word' id='word_1_3' title='bbox 2022 359 2349 423; x_wconf 78' lang='lat' dir='ltr'><strong>GREGORII</strong></span> <span class='ocrx_word' id='word_1_4' title='bbox 2388 358 2600 417; x_wconf 77' lang='lat' dir='ltr'><strong>MAGNI</strong></span> 
     </span>
    </p>
   </div>
   <div class='ocr_carea' id='block_1_3' title="bbox 525 470 3796 545">
    <p class='ocr_par' dir='ltr' id='par_1_3' title="bbox 525 470 3796 545">
     <span class='ocr_line' id='line_1_3' title="bbox 525 470 3796 545; baseline 0.001 -17"><span class='ocrx_word' id='word_1_5' title='bbox 525 486 642 531; x_wconf 77' lang='lat' dir='ltr'><strong>cata</strong></span> <span class='ocrx_word' id='word_1_6' title='bbox 675 490 771 531; x_wconf 85' lang='lat' dir='ltr'><strong>sua</strong></span> <span class='ocrx_word' id='word_1_7' title='bbox 818 476 1086 532; x_wconf 72' lang='lat' dir='ltr'><strong>veraciter</strong></span> <span class='ocrx_word' id='word_1_8' title='bbox 1114 476 1230 529; x_wconf 90' lang='lat' dir='ltr'><strong>aliis</strong></span> <span class='ocrx_word' id='word_1_9' title='bbox 1269 476 1614 545; x_wconf 75' lang='lat' dir='ltr'><strong>arguentibus</strong></span> <span class='ocrx_word' id='word_1_10' title='bbox 1646 475 1887 537; x_wconf 89' lang='lat' dir='ltr'><strong>audiunt,</strong></span> <span class='ocrx_word' id='word_1_11' title='bbox 1919 474 2102 529; x_wconf 82' lang='lat' dir='ltr'><strong>defen-</strong></span> <span class='ocrx_word' id='word_1_12' title='bbox 2135 475 2186 535; x_wconf 76' lang='grc' dir='ltr'><strong>Α</strong></span> <span class='ocrx_word' id='word_1_13' title='bbox 2215 472 2521 537; x_wconf 89' lang='lat' dir='ltr'><strong>consensit,</strong></span> <span class='ocrx_word' id='word_1_14' title='bbox 2555 481 2700 527; x_wconf 90' lang='lat' dir='ltr'><strong>recte</strong></span> <span class='ocrx_word' id='word_1_15' title='bbox 2747 472 2876 525; x_wconf 85' lang='lat' dir='ltr'><strong>dicit</strong></span> <span class='ocrx_word' id='word_1_16' title='bbox 2908 488 2923 528; x_wconf 87' lang='lat'><strong>:</strong></span> <span class='ocrx_word' id='word_1_17' title='bbox 2960 470 3212 525; x_wconf 84' lang='lat' dir='ltr'><strong>Liberavit</strong></span> <span class='ocrx_word' id='word_1_18' title='bbox 3254 470 3480 525; x_wconf 66' lang='lat' dir='ltr'><strong>nstituam</strong></span> <span class='ocrx_word' id='word_1_19' title='bbox 3524 490 3701 539; x_wconf 82' lang='lat' dir='ltr'><strong>suam,</strong></span> <span class='ocrx_word' id='word_1_20' title='bbox 3730 493 3796 532; x_wconf 89' lang='lat' dir='ltr'><strong>ne</strong></span> 
     </span>
    </p>
   </div>
   <div class='ocr_carea' id='block_1_4' title="bbox 528 566 2116 637">
    <p class='ocr_par' dir='ltr' id='par_1_4' title="bbox 528 566 2116 637">
     <span class='ocr_line' id='line_1_4' title="bbox 528 566 2116 637; baseline -0.002 -17"><span class='ocrx_word' id='word_1_21' title='bbox 528 566 659 620; x_wconf 90' lang='lat' dir='ltr'><strong>dunt</strong></span> <span class='ocrx_word' id='word_1_22' title='bbox 699 582 757 623; x_wconf 91' lang='lat' dir='ltr'><strong>se</strong></span> <span class='ocrx_word' id='word_1_23' title='bbox 786 582 1146 637; x_wconf 83' lang='lat' dir='ltr'><strong>summOpere,</strong></span> <span class='ocrx_word' id='word_1_24' title='bbox 1179 576 1339 635; x_wconf 90' lang='lat' dir='ltr'><strong>atque</strong></span> <span class='ocrx_word' id='word_1_25' title='bbox 1370 566 1686 621; x_wconf 74' lang='lat' dir='ltr'><strong>innocentes</strong></span> <span class='ocrx_word' id='word_1_26' title='bbox 1722 566 1886 619; x_wconf 80' lang='lat' dir='ltr'><strong>videri</strong></span> <span class='ocrx_word' id='word_1_27' title='bbox 1919 582 2116 619; x_wconf 88' lang='lat' dir='ltr'><strong>conan-</strong></span> 
     </span>
    </p>
   </div>
   <div class='ocr_carea' id='block_1_5' title="bbox 530 658 2116 731">
    <p class='ocr_par' dir='ltr' id='par_1_5' title="bbox 530 658 2116 731">
     <span class='ocr_line' id='line_1_5' title="bbox 530 658 2116 731; baseline 0 -20"><span class='ocrx_word' id='word_1_28' title='bbox 530 671 631 713; x_wconf 92' lang='lat' dir='ltr'><strong>tur.</strong></span> <span class='ocrx_word' id='word_1_29' title='bbox 676 659 1053 731; x_wconf 87' lang='lat' dir='ltr'><strong>Unusquisque</strong></span> <span class='ocrx_word' id='word_1_30' title='bbox 1082 674 1213 730; x_wconf 85' lang='lat' dir='ltr'><strong>ergo</strong></span> <span class='ocrx_word' id='word_1_31' title='bbox 1234 674 1354 713; x_wconf 90' lang='lat' dir='ltr'><strong>curn</strong></span> <span class='ocrx_word' id='word_1_32' title='bbox 1388 660 1509 715; x_wconf 91' lang='lat' dir='ltr'><strong>talis</strong></span> <span class='ocrx_word' id='word_1_33' title='bbox 1536 668 1636 725; x_wconf 90' lang='lat' dir='ltr'><strong>est,</strong></span> <span class='ocrx_word' id='word_1_34' title='bbox 1673 659 1717 713; x_wconf 90' lang='lat' dir='ltr'><strong>si</strong></span> <span class='ocrx_word' id='word_1_35' title='bbox 1741 658 2031 726; x_wconf 79' lang='lat' dir='ltr'><strong>deliquisse</strong></span> <span class='ocrx_word' id='word_1_36' title='bbox 2057 673 2116 712; x_wconf 85' lang='lat' dir='ltr'><strong>se</strong></span> 
     </span>
    </p>
   </div>
   <div class='ocr_carea' id='block_1_6' title="bbox 524 751 2112 822">
    <p class='ocr_par' dir='ltr' id='par_1_6' title="bbox 524 751 2112 822">
     <span class='ocr_line' id='line_1_6' title="bbox 524 751 2112 822; baseline -0.002 -15"><span class='ocrx_word' id='word_1_37' title='bbox 524 751 676 817; x_wconf 92' lang='lat' dir='ltr'><strong>dicit,</strong></span> <span class='ocrx_word' id='word_1_38' title='bbox 708 768 833 809; x_wconf 83' lang='lat' dir='ltr'><strong>vere</strong></span> <span class='ocrx_word' id='word_1_39' title='bbox 874 769 977 808; x_wconf 91' lang='lat' dir='ltr'><strong>non</strong></span> <span class='ocrx_word' id='word_1_40' title='bbox 1006 752 1159 818; x_wconf 90' lang='lat' dir='ltr'><strong>dicit,</strong></span> <span class='ocrx_word' id='word_1_41' title='bbox 1194 754 1393 822; x_wconf 86' lang='lat' dir='ltr'><strong>quippe</strong></span> <span class='ocrx_word' id='word_1_42' title='bbox 1423 753 1513 822; x_wconf 89' lang='lat' dir='ltr'><strong>qui</strong></span> <span class='ocrx_word' id='word_1_43' title='bbox 1544 760 1879 822; x_wconf 87' lang='lat' dir='ltr'><strong>peccatorem</strong></span> <span class='ocrx_word' id='word_1_44' title='bbox 1910 768 1966 805; x_wconf 87' lang='lat' dir='ltr'><strong>se</strong></span> <span class='ocrx_word' id='word_1_45' title='bbox 2008 766 2112 805; x_wconf 91' lang='lat' dir='ltr'><strong>non</strong></span> 
     </span>
    </p>
   </div>
   <div class='ocr_carea' id='block_1_7' title="bbox 466 844 2112 925">
    <p class='ocr_par' dir='ltr' id='par_1_7' title="bbox 466 844 2112 925">
     <span class='ocr_line' id='line_1_7' title="bbox 466 844 2112 925; baseline -0.001 -23"><span class='ocrx_word' id='word_1_46' title='bbox 466 844 481 925; x_wconf 49' lang='grc' dir='ltr'>ᾗ</span> <span class='ocrx_word' id='word_1_47' title='bbox 525 861 589 902; x_wconf 87' lang='lat' dir='ltr'><strong>ex</strong></span> <span class='ocrx_word' id='word_1_48' title='bbox 617 847 794 901; x_wconf 86' lang='lat' dir='ltr'><strong>cordis</strong></span> <span class='ocrx_word' id='word_1_49' title='bbox 822 848 1031 914; x_wconf 92' lang='lat' dir='ltr'><strong>intimo,</strong></span> <span class='ocrx_word' id='word_1_50' title='bbox 1059 847 1153 901; x_wconf 89' lang='lat' dir='ltr'><strong>sed</strong></span> <span class='ocrx_word' id='word_1_51' title='bbox 1178 846 1502 902; x_wconf 83' lang='lat' dir='ltr'><strong>verbolenus</strong></span> <span class='ocrx_word' id='word_1_52' title='bbox 1545 846 1755 901; x_wconf 71' lang='lat' dir='ltr'><strong>asserit.</strong></span> <span class='ocrx_word' id='word_1_53' title='bbox 1803 846 1936 912; x_wconf 85' lang='lat' dir='ltr'><strong>Quia</strong></span> <span class='ocrx_word' id='word_1_54' title='bbox 1967 847 2112 900; x_wconf 89' lang='lat' dir='ltr'><strong>enim</strong></span> 
     </span>
    </p>
   </div>
   <div class='ocr_carea' id='block_1_8' title="bbox 522 939 2113 1011">
    <p class='ocr_par' dir='ltr' id='par_1_8' title="bbox 522 939 2113 1011">
     <span class='ocr_line' id='line_1_8' title="bbox 522 939 2113 1011; baseline -0.002 -15"><span class='ocrx_word' id='word_1_55' title='bbox 522 941 775 1010; x_wconf 87' lang='lat' dir='ltr'><strong>scriptum</strong></span> <span class='ocrx_word' id='word_1_56' title='bbox 817 950 896 996; x_wconf 89' lang='lat' dir='ltr'><strong>est</strong></span> <span class='ocrx_word' id='word_1_57' title='bbox 930 959 942 993; x_wconf 91' lang='lat'><strong>:</strong></span> <span class='ocrx_word' id='word_1_58' title='bbox 988 939 1169 995; x_wconf 81' lang='lat' dir='ltr'><strong>Justus</strong></span> <span class='ocrx_word' id='word_1_59' title='bbox 1215 941 1268 994; x_wconf 86' lang='lat' dir='ltr'><strong>in</strong></span> <span class='ocrx_word' id='word_1_60' title='bbox 1313 940 1569 1011; x_wconf 85' lang='lat' dir='ltr'><strong>principio</strong></span> <span class='ocrx_word' id='word_1_61' title='bbox 1622 951 1889 994; x_wconf 74' lang='lat' dir='ltr'><strong>accusator</strong></span> <span class='ocrx_word' id='word_1_62' title='bbox 1918 950 1995 1007; x_wconf 83' lang='lat' dir='ltr'><strong>est</strong></span> <span class='ocrx_word' id='word_1_63' title='bbox 2035 942 2113 994; x_wconf 89' lang='lat' dir='ltr'><strong>sui</strong></span> 
     </span>
    </p>
   </div>
   <div class='ocr_carea' id='block_1_9' title="bbox 526 1030 2114 1103">
    <p class='ocr_par' dir='ltr' id='par_1_9' title="bbox 526 1030 2114 1103">
     <span class='ocr_line' id='line_1_9' title="bbox 526 1030 2114 1103; baseline 0.001 -18"><span class='ocrx_word' id='word_1_64' title='bbox 526 1030 704 1103; x_wconf 85' lang='lat' dir='ltr'><strong>(Prov.</strong></span> <span class='ocrx_word' id='word_1_65' title='bbox 748 1047 906 1099; x_wconf 57' lang='grc' dir='ltr'><strong>δίε-ιιι,</strong></span> <span class='ocrx_word' id='word_1_66' title='bbox 942 1032 1067 1103; x_wconf 80' lang='grc'><strong>17),</strong></span> <span class='ocrx_word' id='word_1_67' title='bbox 1109 1033 1210 1086; x_wconf 91' lang='lat' dir='ltr'><strong>iste</strong></span> <span class='ocrx_word' id='word_1_68' title='bbox 1254 1032 1324 1088; x_wconf 92' lang='lat' dir='ltr'><strong>de</strong></span> <span class='ocrx_word' id='word_1_69' title='bbox 1373 1032 1713 1089; x_wconf 81' lang='lat' dir='ltr'><strong>confessione</strong></span> <span class='ocrx_word' id='word_1_70' title='bbox 1764 1034 1967 1103; x_wconf 91' lang='lat' dir='ltr'><strong>peccati</strong></span> <span class='ocrx_word' id='word_1_71' title='bbox 2021 1050 2114 1089; x_wconf 62' lang='lat' dir='ltr'><strong>or-</strong></span> 
     </span>
    </p>
   </div>
   <div class='ocr_carea' id='block_1_10' title="bbox 522 1124 2110 1197">
    <p class='ocr_par' dir='ltr' id='par_1_10' title="bbox 522 1124 2110 1197">
     <span class='ocr_line' id='line_1_10' title="bbox 522 1124 2110 1197; baseline 0.002 -20"><span class='ocrx_word' id='word_1_72' title='bbox 522 1124 635 1178; x_wconf 90' lang='lat' dir='ltr'><strong>nari</strong></span> <span class='ocrx_word' id='word_1_73' title='bbox 669 1126 859 1193; x_wconf 91' lang='lat' dir='ltr'><strong>voluit,</strong></span> <span class='ocrx_word' id='word_1_74' title='bbox 894 1141 999 1181; x_wconf 90' lang='lat' dir='ltr'><strong>non</strong></span> <span class='ocrx_word' id='word_1_75' title='bbox 1051 1124 1353 1193; x_wconf 86' lang='lat' dir='ltr'><strong>humiliari;</strong></span> <span class='ocrx_word' id='word_1_76' title='bbox 1402 1140 1499 1197; x_wconf 88' lang='lat' dir='ltr'><strong>per</strong></span> <span class='ocrx_word' id='word_1_77' title='bbox 1529 1127 1922 1182; x_wconf 86' lang='lat' dir='ltr'><strong>accusationem</strong></span> <span class='ocrx_word' id='word_1_78' title='bbox 1959 1140 2110 1180; x_wconf 88' lang='lat' dir='ltr'><strong>suam</strong></span> 
     </span>
    </p>
   </div>
   <div class='ocr_carea' id='block_1_11' title="bbox 520 1217 2112 1291">
    <p class='ocr_par' dir='ltr' id='par_1_11' title="bbox 520 1217 2112 1291">
     <span class='ocr_line' id='line_1_11' title="bbox 520 1217 2112 1291; baseline 0.001 -20"><span class='ocrx_word' id='word_1_79' title='bbox 520 1218 736 1274; x_wconf 76' lang='lat' dir='ltr'><strong>humilis</strong></span> <span class='ocrx_word' id='word_1_80' title='bbox 775 1219 1003 1291; x_wconf 88' lang='lat' dir='ltr'><strong>appetiit</strong></span> <span class='ocrx_word' id='word_1_81' title='bbox 1030 1219 1223 1289; x_wconf 91' lang='lat' dir='ltr'><strong>videri,</strong></span> <span class='ocrx_word' id='word_1_82' title='bbox 1258 1235 1365 1274; x_wconf 90' lang='lat' dir='ltr'><strong>non</strong></span> <span class='ocrx_word' id='word_1_83' title='bbox 1394 1234 1537 1275; x_wconf 88' lang='lat' dir='ltr'><strong>esse.</strong></span> <span class='ocrx_word' id='word_1_84' title='bbox 1574 1219 1704 1273; x_wconf 81' lang='lat' dir='ltr'><strong>Nam</strong></span> <span class='ocrx_word' id='word_1_85' title='bbox 1729 1220 1773 1273; x_wconf 88' lang='lat' dir='ltr'><strong>si</strong></span> <span class='ocrx_word' id='word_1_86' title='bbox 1804 1217 2112 1273; x_wconf 82' lang='lat' dir='ltr'><strong>confitendo</strong></span> 
     </span>
    </p>
   </div>
   <div class='ocr_carea' id='block_1_12' title="bbox 517 1313 2112 1383">
    <p class='ocr_par' dir='ltr' id='par_1_12' title="bbox 517 1313 2112 1383">
     <span class='ocr_line' id='line_1_12' title="bbox 517 1313 2112 1383; baseline -0.001 -16"><span class='ocrx_word' id='word_1_87' title='bbox 517 1322 795 1382; x_wconf 79' lang='lat' dir='ltr'><strong>peccatum</strong></span> <span class='ocrx_word' id='word_1_88' title='bbox 826 1328 949 1369; x_wconf 88' lang='lat' dir='ltr'><strong>esse</strong></span> <span class='ocrx_word' id='word_1_89' title='bbox 976 1313 1195 1367; x_wconf 87' lang='lat' dir='ltr'><strong>humilis</strong></span> <span class='ocrx_word' id='word_1_90' title='bbox 1228 1314 1487 1369; x_wconf 81' lang='lat' dir='ltr'><strong>veraciter</strong></span> <span class='ocrx_word' id='word_1_91' title='bbox 1515 1321 1814 1383; x_wconf 88' lang='lat' dir='ltr'><strong>appeteret,</strong></span> <span class='ocrx_word' id='word_1_92' title='bbox 1838 1313 1902 1367; x_wconf 90' lang='lat' dir='ltr'><strong>de</strong></span> <span class='ocrx_word' id='word_1_93' title='bbox 1922 1327 2112 1383; x_wconf 89' lang='lat' dir='ltr'><strong>perpe-</strong></span> 
     </span>
    </p>
   </div>
   <div class='ocr_carea' id='block_1_13' title="bbox 516 1403 2107 1478">
    <p class='ocr_par' dir='ltr' id='par_1_13' title="bbox 516 1403 2107 1478">
     <span class='ocr_line' id='line_1_13' title="bbox 516 1403 2107 1478; baseline 0.001 -22"><span class='ocrx_word' id='word_1_94' title='bbox 516 1403 745 1459; x_wconf 89' lang='lat' dir='ltr'><strong>tratione</strong></span> <span class='ocrx_word' id='word_1_95' title='bbox 776 1404 981 1472; x_wconf 84' lang='lat' dir='ltr'><strong>peccati</strong></span> <span class='ocrx_word' id='word_1_96' title='bbox 1011 1410 1305 1476; x_wconf 67' lang='lat' dir='ltr'><strong>arguenws</strong></span> <span class='ocrx_word' id='word_1_97' title='bbox 1336 1418 1396 1460; x_wconf 91' lang='lat' dir='ltr'><strong>se</strong></span> <span class='ocrx_word' id='word_1_98' title='bbox 1432 1404 1567 1459; x_wconf 89' lang='lat' dir='ltr'><strong>alios</strong></span> <span class='ocrx_word' id='word_1_99' title='bbox 1609 1419 1715 1459; x_wconf 91' lang='lat' dir='ltr'><strong>non</strong></span> <span class='ocrx_word' id='word_1_100' title='bbox 1750 1407 2107 1478; x_wconf 78' lang='lat' dir='ltr'><strong>impugnaret.</strong></span> 
     </span>
    </p>
   </div>
   <div class='ocr_carea' id='block_1_14' title="bbox 514 1492 2110 1567">
    <p class='ocr_par' dir='ltr' id='par_1_14' title="bbox 514 1492 2110 1567">
     <span class='ocr_line' id='line_1_14' title="bbox 514 1492 2110 1567; baseline 0.003 -19"><span class='ocrx_word' id='word_1_101' title='bbox 514 1492 697 1566; x_wconf 82' lang='lat' dir='ltr'><strong>itaque</strong></span> <span class='ocrx_word' id='word_1_102' title='bbox 724 1494 900 1564; x_wconf 88' lang='lat' dir='ltr'><strong>justus</strong></span> <span class='ocrx_word' id='word_1_103' title='bbox 930 1496 1091 1550; x_wconf 88' lang='lat' dir='ltr'><strong>vitam</strong></span> <span class='ocrx_word' id='word_1_104' title='bbox 1121 1511 1271 1551; x_wconf 91' lang='lat' dir='ltr'><strong>suam</strong></span> <span class='ocrx_word' id='word_1_105' title='bbox 1300 1494 1550 1566; x_wconf 87' lang='lat' dir='ltr'><strong>judicans</strong></span> <span class='ocrx_word' id='word_1_106' title='bbox 1580 1512 1678 1566; x_wconf 90' lang='lat' dir='ltr'><strong>per</strong></span> <span class='ocrx_word' id='word_1_107' title='bbox 1706 1497 1949 1567; x_wconf 89' lang='lat' dir='ltr'><strong>exempla</strong></span> <span class='ocrx_word' id='word_1_108' title='bbox 1998 1512 2110 1552; x_wconf 90' lang='lat' dir='ltr'><strong>me-</strong></span> 
     </span>
    </p>
   </div>
   <div class='ocr_carea' id='block_1_15' title="bbox 517 1587 2149 1658">
    <p class='ocr_par' dir='ltr' id='par_1_15' title="bbox 517 1587 2149 1658">
     <span class='ocr_line' id='line_1_15' title="bbox 517 1587 2149 1658; baseline -0.001 -18"><span class='ocrx_word' id='word_1_109' title='bbox 517 1588 707 1642; x_wconf 88' lang='lat' dir='ltr'><strong>liorum</strong></span> <span class='ocrx_word' id='word_1_110' title='bbox 725 1602 791 1642; x_wconf 84' lang='lat' dir='ltr'><strong>ex</strong></span> <span class='ocrx_word' id='word_1_111' title='bbox 822 1587 1002 1643; x_wconf 88' lang='lat' dir='ltr'><strong>cordis</strong></span> <span class='ocrx_word' id='word_1_112' title='bbox 1030 1588 1228 1642; x_wconf 90' lang='lat' dir='ltr'><strong>intimo</strong></span> <span class='ocrx_word' id='word_1_113' title='bbox 1250 1589 1526 1658; x_wconf 76' lang='lat' dir='ltr'><strong>cognoscit</strong></span> <span class='ocrx_word' id='word_1_114' title='bbox 1551 1604 1609 1642; x_wconf 83' lang='lat' dir='ltr'><strong>se</strong></span> <span class='ocrx_word' id='word_1_115' title='bbox 1639 1603 1760 1643; x_wconf 89' lang='lat' dir='ltr'><strong>esse</strong></span> <span class='ocrx_word' id='word_1_116' title='bbox 1782 1589 1923 1657; x_wconf 90' lang='lat' dir='ltr'><strong>quod</strong></span> <span class='ocrx_word' id='word_1_117' title='bbox 1954 1588 2103 1643; x_wconf 86' lang='lat' dir='ltr'><strong>dicit.</strong></span> <span class='ocrx_word' id='word_1_118' title='bbox 2132 1628 2149 1639; x_wconf 88' lang='lat'><strong>.</strong></span> 
     </span>
    </p>
   </div>
   <div class='ocr_carea' id='block_1_16' title="bbox 515 1677 2107 1752">
    <p class='ocr_par' dir='ltr' id='par_1_16' title="bbox 515 1677 2107 1752">
     <span class='ocr_line' id='line_1_16' title="bbox 515 1677 2107 1752; baseline 0.001 -19"><span class='ocrx_word' id='word_1_119' title='bbox 515 1679 607 1733; x_wconf 85' lang='lat' dir='ltr'><strong>Ait</strong></span> <span class='ocrx_word' id='word_1_120' title='bbox 634 1679 774 1733; x_wconf 90' lang='lat' dir='ltr'><strong>enim</strong></span> <span class='ocrx_word' id='word_1_121' title='bbox 812 1697 823 1730; x_wconf 89' lang='lat'>:</span> <span class='ocrx_word' id='word_1_122' title='bbox 863 1677 1098 1744; x_wconf 89' lang='lat' dir='ltr'><strong>Peccavi,</strong></span> <span class='ocrx_word' id='word_1_123' title='bbox 1134 1688 1180 1733; x_wconf 89' lang='lat' dir='ltr'><strong>et</strong></span> <span class='ocrx_word' id='word_1_124' title='bbox 1212 1696 1325 1739; x_wconf 79' lang='lat' dir='ltr'><strong>vere</strong></span> <span class='ocrx_word' id='word_1_125' title='bbox 1351 1680 1562 1750; x_wconf 82' lang='lat' dir='ltr'><strong>deliqui.</strong></span> <span class='ocrx_word' id='word_1_126' title='bbox 1607 1681 1783 1752; x_wconf 84' lang='lat' dir='ltr'><strong>Atque</strong></span> <span class='ocrx_word' id='word_1_127' title='bbox 1802 1680 1870 1734; x_wconf 85' lang='lat' dir='ltr'><strong>de</strong></span> <span class='ocrx_word' id='word_1_128' title='bbox 1891 1696 1956 1736; x_wconf 87' lang='lat' dir='ltr'><strong>eu</strong></span> <span class='ocrx_word' id='word_1_129' title='bbox 1989 1681 2107 1748; x_wconf 89' lang='lat' dir='ltr'><strong>ipso</strong></span> 
     </span>
    </p>
   </div>
   <div class='ocr_carea' id='block_1_17' title="bbox 512 1766 2103 1843">
    <p class='ocr_par' dir='ltr' id='par_1_17' title="bbox 512 1766 2103 1843">
     <span class='ocr_line' id='line_1_17' title="bbox 512 1766 2103 1843; baseline 0 -16"><span class='ocrx_word' id='word_1_130' title='bbox 512 1770 654 1841; x_wconf 89' lang='lat' dir='ltr'><strong>quod</strong></span> <span class='ocrx_word' id='word_1_131' title='bbox 702 1766 1148 1843; x_wconf 83' lang='lat' dir='ltr'><strong>tulerat‘flagello</strong></span> <span class='ocrx_word' id='word_1_132' title='bbox 1196 1769 1470 1843; x_wconf 88' lang='lat' dir='ltr'><strong>subjungit</strong></span> <span class='ocrx_word' id='word_1_133' title='bbox 1498 1790 1510 1824; x_wconf 89' lang='lat'><strong>:</strong></span> <span class='ocrx_word' id='word_1_134' title='bbox 1540 1769 1608 1826; x_wconf 88' lang='lat' dir='ltr'><strong>Et</strong></span> <span class='ocrx_word' id='word_1_135' title='bbox 1638 1782 1695 1826; x_wconf 82' lang='lat' dir='ltr'><strong>ut</strong></span> <span class='ocrx_word' id='word_1_136' title='bbox 1739 1789 1879 1826; x_wconf 87' lang='lat' dir='ltr'><strong>eram</strong></span> <span class='ocrx_word' id='word_1_137' title='bbox 1918 1774 2103 1843; x_wconf 80' lang='lat' dir='ltr'><strong>dignus</strong></span> 
     </span>
    </p>
   </div>
   <div class='ocr_carea' id='block_1_18' title="bbox 514 1863 827 1934">
    <p class='ocr_par' dir='ltr' id='par_1_18' title="bbox 514 1863 827 1934">
     <span class='ocr_line' id='line_1_18' title="bbox 514 1863 827 1934; baseline 0.003 -18"><span class='ocrx_word' id='word_1_138' title='bbox 514 1880 614 1916; x_wconf 91' lang='lat' dir='ltr'><strong>non</strong></span> <span class='ocrx_word' id='word_1_139' title='bbox 638 1863 827 1934; x_wconf 81' lang='lat' dir='ltr'><strong>recepi.</strong></span> 
     </span>
    </p>
   </div>
   <div class='ocr_carea' id='block_1_19' title="bbox 580 1954 2100 2028">
    <p class='ocr_par' dir='ltr' id='par_1_19' title="bbox 580 1954 2100 2028">
     <span class='ocr_line' id='line_1_19' title="bbox 580 1954 2100 2028; baseline -0.001 -17"><span class='ocrx_word' id='word_1_140' title='bbox 580 1954 669 2011; x_wconf 75' lang='lat'><strong>23.</strong></span> <span class='ocrx_word' id='word_1_141' title='bbox 703 1956 805 2023; x_wconf 79' lang='lat' dir='ltr'><strong>Qui</strong></span> <span class='ocrx_word' id='word_1_142' title='bbox 834 1972 927 2025; x_wconf 88' lang='lat' dir='ltr'><strong>pro</strong></span> <span class='ocrx_word' id='word_1_143' title='bbox 967 1957 1186 2026; x_wconf 79' lang='lat' dir='ltr'><strong>peccatis</strong></span> <span class='ocrx_word' id='word_1_144' title='bbox 1236 1956 1552 2028; x_wconf 79' lang='lat' dir='ltr'><strong>ﬂagellatur,</strong></span> <span class='ocrx_word' id='word_1_145' title='bbox 1586 1956 1757 2010; x_wconf 85' lang='lat' dir='ltr'><strong>minus</strong></span> <span class='ocrx_word' id='word_1_146' title='bbox 1795 1973 1848 2009; x_wconf 89' lang='lat' dir='ltr'><strong>se</strong></span> <span class='ocrx_word' id='word_1_147' title='bbox 1895 1974 2100 2027; x_wconf 79' lang='lat' dir='ltr'><strong>percus-</strong></span> 
     </span>
    </p>
   </div>
   <div class='ocr_carea' id='block_1_20' title="bbox 507 2040 2098 2121">
    <p class='ocr_par' dir='ltr' id='par_1_20' title="bbox 507 2040 2098 2121">
     <span class='ocr_line' id='line_1_20' title="bbox 507 2040 2098 2121; baseline 0.001 -22"><span class='ocrx_word' id='word_1_148' title='bbox 507 2062 619 2101; x_wconf 82' lang='lat' dir='ltr'><strong>sum</strong></span> <span class='ocrx_word' id='word_1_149' title='bbox 649 2040 803 2114; x_wconf 83' lang='lat' dir='ltr'><strong>quam</strong></span> <span class='ocrx_word' id='word_1_150' title='bbox 842 2057 1116 2112; x_wconf 73' lang='lat' dir='ltr'><strong>mereatur,</strong></span> <span class='ocrx_word' id='word_1_151' title='bbox 1146 2056 1412 2118; x_wconf 79' lang='lat' dir='ltr'><strong>agnoscat.</strong></span> <span class='ocrx_word' id='word_1_152' title='bbox 1448 2047 1607 2102; x_wconf 79' lang='lat' dir='ltr'><strong>Poma</strong></span> <span class='ocrx_word' id='word_1_153' title='bbox 1658 2064 1750 2101; x_wconf 84' lang='lat' dir='ltr'><strong>nos</strong></span> <span class='ocrx_word' id='word_1_154' title='bbox 1790 2051 2098 2121; x_wconf 80' lang='lat' dir='ltr'><strong>interrogat,</strong></span> 
     </span>
    </p>
   </div>
   <div class='ocr_carea' id='block_1_21' title="bbox 506 2138 2098 2211">
    <p class='ocr_par' dir='ltr' id='par_1_21' title="bbox 506 2138 2098 2211">
     <span class='ocr_line' id='line_1_21' title="bbox 506 2138 2098 2211; baseline 0.001 -19"><span class='ocrx_word' id='word_1_155' title='bbox 506 2138 552 2192; x_wconf 89' lang='lat' dir='ltr'><strong>si</strong></span> <span class='ocrx_word' id='word_1_156' title='bbox 578 2156 690 2193; x_wconf 91' lang='lat' dir='ltr'><strong>vere</strong></span> <span class='ocrx_word' id='word_1_157' title='bbox 716 2139 924 2208; x_wconf 84' lang='lat' dir='ltr'><strong>culpam</strong></span> <span class='ocrx_word' id='word_1_158' title='bbox 952 2156 1314 2211; x_wconf 80' lang='lat' dir='ltr'><strong>agnoscamus.</strong></span> <span class='ocrx_word' id='word_1_159' title='bbox 1349 2168 1418 2179; x_wconf 95' lang='lat'>—</span> <span class='ocrx_word' id='word_1_160' title='bbox 1448 2138 1824 2210; x_wconf 83' lang='lat' dir='ltr'><strong>Unusquisque</strong></span> <span class='ocrx_word' id='word_1_161' title='bbox 1871 2141 2013 2195; x_wconf 87' lang='lat' dir='ltr'><strong>enim</strong></span> <span class='ocrx_word' id='word_1_162' title='bbox 2046 2142 2098 2211; x_wconf 83' lang='lat' dir='ltr'><strong>in</strong></span> 
     </span>
    </p>
   </div>
   <div class='ocr_carea' id='block_1_22' title="bbox 507 2230 2095 2303">
    <p class='ocr_par' dir='ltr' id='par_1_22' title="bbox 507 2230 2095 2303">
     <span class='ocr_line' id='line_1_22' title="bbox 507 2230 2095 2303; baseline 0.003 -19"><span class='ocrx_word' id='word_1_163' title='bbox 507 2230 726 2302; x_wconf 85' lang='lat' dir='ltr'><strong>ﬂagello</strong></span> <span class='ocrx_word' id='word_1_164' title='bbox 753 2234 963 2301; x_wconf 90' lang='lat' dir='ltr'><strong>positus</strong></span> <span class='ocrx_word' id='word_1_165' title='bbox 994 2230 1172 2286; x_wconf 85' lang='lat' dir='ltr'><strong>minus</strong></span> <span class='ocrx_word' id='word_1_166' title='bbox 1201 2231 1376 2286; x_wconf 88' lang='lat' dir='ltr'><strong>adhuc</strong></span> <span class='ocrx_word' id='word_1_167' title='bbox 1406 2241 1623 2303; x_wconf 82' lang='lat' dir='ltr'><strong>peccata</strong></span> <span class='ocrx_word' id='word_1_168' title='bbox 1652 2246 1744 2286; x_wconf 83' lang='lat' dir='ltr'><strong>sua</strong></span> <span class='ocrx_word' id='word_1_169' title='bbox 1776 2232 2095 2289; x_wconf 65' lang='lat' dir='ltr'><strong>considerat.</strong></span> 
     </span>
    </p>
   </div>
   <div class='ocr_carea' id='block_1_23' title="bbox 503 2323 2093 2394">
    <p class='ocr_par' dir='ltr' id='par_1_23' title="bbox 503 2323 2093 2394">
     <span class='ocr_line' id='line_1_23' title="bbox 503 2323 2093 2394; baseline 0.001 -16"><span class='ocrx_word' id='word_1_170' title='bbox 503 2324 549 2378; x_wconf 84' lang='lat' dir='ltr'><strong>Ii</strong></span> <span class='ocrx_word' id='word_1_171' title='bbox 583 2324 663 2379; x_wconf 88' lang='lat' dir='ltr'><strong>vel</strong></span> <span class='ocrx_word' id='word_1_172' title='bbox 691 2334 893 2379; x_wconf 89' lang='lat' dir='ltr'><strong>tantum</strong></span> <span class='ocrx_word' id='word_1_173' title='bbox 924 2325 1006 2378; x_wconf 86' lang='lat' dir='ltr'><strong>vel</strong></span> <span class='ocrx_word' id='word_1_174' title='bbox 1037 2323 1265 2390; x_wconf 81' lang='lat' dir='ltr'><strong>amplius</strong></span> <span class='ocrx_word' id='word_1_175' title='bbox 1291 2340 1349 2378; x_wconf 88' lang='lat' dir='ltr'><strong>se</strong></span> <span class='ocrx_word' id='word_1_176' title='bbox 1379 2340 1693 2394; x_wconf 88' lang='lat' dir='ltr'><strong>percussum</strong></span> <span class='ocrx_word' id='word_1_177' title='bbox 1718 2340 1878 2394; x_wconf 93' lang='lat' dir='ltr'><strong>quam</strong></span> <span class='ocrx_word' id='word_1_178' title='bbox 1914 2341 2093 2379; x_wconf 83' lang='lat' dir='ltr'><strong>mere—</strong></span> 
     </span>
    </p>
   </div>
   <div class='ocr_carea' id='block_1_24' title="bbox 505 2415 2096 2489">
    <p class='ocr_par' dir='ltr' id='par_1_24' title="bbox 505 2415 2096 2489">
     <span class='ocr_line' id='line_1_24' title="bbox 505 2415 2096 2489; baseline 0.002 -19"><span class='ocrx_word' id='word_1_179' title='bbox 505 2415 661 2471; x_wconf 83' lang='lat' dir='ltr'><strong>batur</strong></span> <span class='ocrx_word' id='word_1_180' title='bbox 688 2417 979 2471; x_wconf 75' lang='lat' dir='ltr'><strong>existimat.</strong></span> <span class='ocrx_word' id='word_1_181' title='bbox 1026 2417 1131 2472; x_wconf 89' lang='lat' dir='ltr'><strong>lste</strong></span> <span class='ocrx_word' id='word_1_182' title='bbox 1172 2427 1374 2485; x_wconf 84' lang='lat' dir='ltr'><strong>autem,</strong></span> <span class='ocrx_word' id='word_1_183' title='bbox 1424 2419 1546 2486; x_wconf 89' lang='lat' dir='ltr'><strong>quia</strong></span> <span class='ocrx_word' id='word_1_184' title='bbox 1597 2427 1796 2488; x_wconf 91' lang='lat' dir='ltr'><strong>quanto</strong></span> <span class='ocrx_word' id='word_1_185' title='bbox 1835 2419 2096 2489; x_wconf 88' lang='lat' dir='ltr'><strong>majorum</strong></span> 
     </span>
    </p>
   </div>
   <div class='ocr_carea' id='block_1_25' title="bbox 504 2503 2098 2573">
    <p class='ocr_par' dir='ltr' id='par_1_25' title="bbox 504 2503 2098 2573">
     <span class='ocr_line' id='line_1_25' title="bbox 504 2503 2098 2573; baseline 0.004 -16"><span class='ocrx_word' id='word_1_186' title='bbox 504 2504 751 2573; x_wconf 89' lang='lat' dir='ltr'><strong>exempla</strong></span> <span class='ocrx_word' id='word_1_187' title='bbox 786 2503 1127 2570; x_wconf 85' lang='lat' dir='ltr'><strong>considerat,</strong></span> <span class='ocrx_word' id='word_1_188' title='bbox 1166 2512 1313 2557; x_wconf 90' lang='lat' dir='ltr'><strong>tanto</strong></span> <span class='ocrx_word' id='word_1_189' title='bbox 1357 2504 1671 2558; x_wconf 85' lang='lat' dir='ltr'><strong>districtiori</strong></span> <span class='ocrx_word' id='word_1_190' title='bbox 1703 2507 2098 2563; x_wconf 81' lang='lat' dir='ltr'><strong>examinatione</strong></span> 
     </span>
    </p>
   </div>
   <div class='ocr_carea' id='block_1_26' title="bbox 503 2598 2097 2668">
    <p class='ocr_par' dir='ltr' id='par_1_26' title="bbox 503 2598 2097 2668">
     <span class='ocr_line' id='line_1_26' title="bbox 503 2598 2097 2668; baseline 0 -16"><span class='ocrx_word' id='word_1_191' title='bbox 503 2598 563 2653; x_wconf 79' lang='lat' dir='ltr'><strong>se</strong></span> <span class='ocrx_word' id='word_1_192' title='bbox 612 2609 820 2665; x_wconf 86' lang='lat' dir='ltr'><strong>pensat,</strong></span> <span class='ocrx_word' id='word_1_193' title='bbox 885 2598 1062 2652; x_wconf 89' lang='lat' dir='ltr'><strong>minus</strong></span> <span class='ocrx_word' id='word_1_194' title='bbox 1117 2612 1174 2651; x_wconf 90' lang='lat' dir='ltr'><strong>se</strong></span> <span class='ocrx_word' id='word_1_195' title='bbox 1218 2613 1527 2666; x_wconf 87' lang='lat' dir='ltr'><strong>percussum</strong></span> <span class='ocrx_word' id='word_1_196' title='bbox 1575 2613 1735 2668; x_wconf 88' lang='lat' dir='ltr'><strong>quam</strong></span> <span class='ocrx_word' id='word_1_197' title='bbox 1794 2600 2097 2655; x_wconf 87' lang='lat' dir='ltr'><strong>merebatur</strong></span> 
     </span>
    </p>
   </div>
   <div class='ocr_carea' id='block_1_27' title="bbox 502 2676 2092 2764">
    <p class='ocr_par' dir='ltr' id='par_1_27' title="bbox 502 2676 2092 2764">
     <span class='ocr_line' id='line_1_27' title="bbox 502 2676 2092 2764; baseline 0.001 -21"><span class='ocrx_word' id='word_1_198' title='bbox 502 2690 766 2762; x_wconf 77' lang='lat' dir='ltr'><strong>agnoscit,</strong></span> <span class='ocrx_word' id='word_1_199' title='bbox 798 2691 918 2759; x_wconf 84' lang='lat' dir='ltr'><strong>quia</strong></span> <span class='ocrx_word' id='word_1_200' title='bbox 939 2691 993 2745; x_wconf 92' lang='lat' dir='ltr'><strong>in</strong></span> <span class='ocrx_word' id='word_1_201' title='bbox 1025 2691 1237 2744; x_wconf 91' lang='lat' dir='ltr'><strong>illorum</strong></span> <span class='ocrx_word' id='word_1_202' title='bbox 1258 2676 1462 2759; x_wconf 78' lang='lat' dir='ltr'><strong>iustitia</strong></span> <span class='ocrx_word' id='word_1_203' title='bbox 1490 2692 1753 2761; x_wconf 90' lang='lat' dir='ltr'><strong>conspicit</strong></span> <span class='ocrx_word' id='word_1_204' title='bbox 1781 2708 1939 2762; x_wconf 90' lang='lat' dir='ltr'><strong>quam</strong></span> <span class='ocrx_word' id='word_1_205' title='bbox 1972 2708 2092 2764; x_wconf 84' lang='lat' dir='ltr'><strong>gra-</strong></span> 
     </span>
    </p>
   </div>
   <div class='ocr_carea' id='block_1_28' title="bbox 504 2774 2097 2853">
    <p class='ocr_par' dir='ltr' id='par_1_28' title="bbox 504 2774 2097 2853">
     <span class='ocr_line' id='line_1_28' title="bbox 504 2774 2097 2853; baseline 0.002 -16"><span class='ocrx_word' id='word_1_206' title='bbox 504 2785 585 2839; x_wconf 85' lang='lat' dir='ltr'><strong>vis</strong></span> <span class='ocrx_word' id='word_1_207' title='bbox 626 2785 729 2840; x_wconf 86' lang='lat' dir='ltr'><strong>sibi</strong></span> <span class='ocrx_word' id='word_1_208' title='bbox 762 2774 914 2853; x_wconf 85' lang='lat' dir='ltr'><strong>culpa</strong></span> <span class='ocrx_word' id='word_1_209' title='bbox 976 2782 1307 2853; x_wconf 80' lang='lat' dir='ltr'><strong>fueritquod</strong></span> <span class='ocrx_word' id='word_1_210' title='bbox 1362 2785 1593 2849; x_wconf 87' lang='lat' dir='ltr'><strong>erravit;</strong></span> <span class='ocrx_word' id='word_1_211' title='bbox 1645 2795 1699 2840; x_wconf 89' lang='lat' dir='ltr'><strong>et</strong></span> <span class='ocrx_word' id='word_1_212' title='bbox 1746 2785 1946 2840; x_wconf 91' lang='lat' dir='ltr'><strong>idcirco</strong></span> <span class='ocrx_word' id='word_1_213' title='bbox 1994 2784 2097 2840; x_wconf 84' lang='lat' dir='ltr'><strong>hoc</strong></span> 
     </span>
    </p>
   </div>
   <div class='ocr_carea' id='block_1_29' title="bbox 503 2878 2097 2949">
    <p class='ocr_par' dir='ltr' id='par_1_29' title="bbox 503 2878 2097 2949">
     <span class='ocr_line' id='line_1_29' title="bbox 503 2878 2097 2949; baseline -0.001 -14"><span class='ocrx_word' id='word_1_214' title='bbox 503 2878 644 2949; x_wconf 87' lang='lat' dir='ltr'><strong>quod</strong></span> <span class='ocrx_word' id='word_1_215' title='bbox 670 2878 866 2948; x_wconf 80' lang='lat' dir='ltr'><strong>patitur</strong></span> <span class='ocrx_word' id='word_1_216' title='bbox 899 2878 1202 2932; x_wconf 87' lang='lat' dir='ltr'><strong>districtum</strong></span> <span class='ocrx_word' id='word_1_217' title='bbox 1232 2892 1354 2931; x_wconf 87' lang='lat' dir='ltr'><strong>esse</strong></span> <span class='ocrx_word' id='word_1_218' title='bbox 1387 2893 1489 2931; x_wconf 92' lang='lat' dir='ltr'><strong>non</strong></span> <span class='ocrx_word' id='word_1_219' title='bbox 1515 2879 1696 2942; x_wconf 84' lang='lat' dir='ltr'><strong>sentit,</strong></span> <span class='ocrx_word' id='word_1_220' title='bbox 1714 2880 1831 2947; x_wconf 83' lang='lat' dir='ltr'><strong>quia</strong></span> <span class='ocrx_word' id='word_1_221' title='bbox 1856 2879 2097 2934; x_wconf 89' lang='lat' dir='ltr'><strong>districte</strong></span> 
     </span>
    </p>
   </div>
   <div class='ocr_carea' id='block_1_30' title="bbox 501 2968 2095 3040">
    <p class='ocr_par' dir='ltr' id='par_1_30' title="bbox 501 2968 2095 3040">
     <span class='ocr_line' id='line_1_30' title="bbox 501 2968 2095 3040; baseline -0.001 -15"><span class='ocrx_word' id='word_1_222' title='bbox 501 2970 647 3025; x_wconf 87' lang='lat' dir='ltr'><strong>novit</strong></span> <span class='ocrx_word' id='word_1_223' title='bbox 678 2986 903 3040; x_wconf 87' lang='lat' dir='ltr'><strong>pensare</strong></span> <span class='ocrx_word' id='word_1_224' title='bbox 944 2970 1085 3040; x_wconf 90' lang='lat' dir='ltr'><strong>quod</strong></span> <span class='ocrx_word' id='word_1_225' title='bbox 1118 2968 1258 3023; x_wconf 80' lang='lat' dir='ltr'><strong>fecit.</strong></span> <span class='ocrx_word' id='word_1_226' title='bbox 1296 2969 1467 3024; x_wconf 83' lang='lat' dir='ltr'><strong>Valde</strong></span> <span class='ocrx_word' id='word_1_227' title='bbox 1516 2980 1694 3025; x_wconf 86' lang='lat' dir='ltr'><strong>autem</strong></span> <span class='ocrx_word' id='word_1_228' title='bbox 1740 2970 1893 3024; x_wconf 91' lang='lat' dir='ltr'><strong>facile</strong></span> <span class='ocrx_word' id='word_1_229' title='bbox 1923 2980 2007 3025; x_wconf 90' lang='lat' dir='ltr'><strong>est</strong></span> <span class='ocrx_word' id='word_1_230' title='bbox 2034 2980 2095 3026; x_wconf 91' lang='lat' dir='ltr'><strong>ut</strong></span> 
     </span>
    </p>
   </div>
   <div class='ocr_carea' id='block_1_31' title="bbox 500 3063 2091 3133">
    <p class='ocr_par' dir='ltr' id='par_1_31' title="bbox 500 3063 2091 3133">
     <span class='ocr_line' id='line_1_31' title="bbox 500 3063 2091 3133; baseline -0.001 -15"><span class='ocrx_word' id='word_1_231' title='bbox 500 3075 838 3133; x_wconf 84' lang='lat' dir='ltr'><strong>peccatorem</strong></span> <span class='ocrx_word' id='word_1_232' title='bbox 870 3077 929 3117; x_wconf 87' lang='lat' dir='ltr'><strong>se</strong></span> <span class='ocrx_word' id='word_1_233' title='bbox 970 3063 1221 3133; x_wconf 88' lang='lat' dir='ltr'><strong>quisque,</strong></span> <span class='ocrx_word' id='word_1_234' title='bbox 1255 3076 1377 3116; x_wconf 90' lang='lat' dir='ltr'><strong>cum</strong></span> <span class='ocrx_word' id='word_1_235' title='bbox 1431 3064 1559 3115; x_wconf 86' lang='lat' dir='ltr'><strong>nihil</strong></span> <span class='ocrx_word' id='word_1_236' title='bbox 1616 3078 1711 3130; x_wconf 90' lang='lat' dir='ltr'><strong>pro</strong></span> <span class='ocrx_word' id='word_1_237' title='bbox 1745 3074 1964 3130; x_wconf 89' lang='lat' dir='ltr'><strong>peccato</strong></span> <span class='ocrx_word' id='word_1_238' title='bbox 1993 3078 2091 3117; x_wconf 89' lang='lat' dir='ltr'><strong>suo</strong></span> 
     </span>
    </p>
   </div>
   <div class='ocr_carea' id='block_1_32' title="bbox 500 3153 2089 3223">
    <p class='ocr_par' dir='ltr' id='par_1_32' title="bbox 500 3153 2089 3223">
     <span class='ocr_line' id='line_1_32' title="bbox 500 3153 2089 3223; baseline 0.001 -14"><span class='ocrx_word' id='word_1_239' title='bbox 500 3155 697 3223; x_wconf 90' lang='lat' dir='ltr'><strong>patitur</strong></span> <span class='ocrx_word' id='word_1_240' title='bbox 746 3154 995 3209; x_wconf 82' lang='lat' dir='ltr'><strong>fateatur.</strong></span> <span class='ocrx_word' id='word_1_241' title='bbox 1026 3153 1229 3210; x_wconf 81' lang='lat' dir='ltr'><strong>Secure</strong></span> <span class='ocrx_word' id='word_1_242' title='bbox 1264 3154 1517 3208; x_wconf 83' lang='lat' dir='ltr'><strong>videlicet</strong></span> <span class='ocrx_word' id='word_1_243' title='bbox 1567 3155 1781 3223; x_wconf 89' lang='lat' dir='ltr'><strong>iniquos</strong></span> <span class='ocrx_word' id='word_1_244' title='bbox 1813 3169 1908 3208; x_wconf 92' lang='lat' dir='ltr'><strong>nos</strong></span> <span class='ocrx_word' id='word_1_245' title='bbox 1956 3155 2089 3210; x_wconf 87' lang='lat' dir='ltr'><strong>dici-</strong></span> 
     </span>
    </p>
   </div>
   <div class='ocr_carea' id='block_1_33' title="bbox 2220 563 3167 633">
    <p class='ocr_par' dir='ltr' id='par_1_33' title="bbox 2220 563 3167 633">
     <span class='ocr_line' id='line_1_33' title="bbox 2220 563 3167 633; baseline 0.001 -18"><span class='ocrx_word' id='word_1_246' title='bbox 2220 572 2447 633; x_wconf 84' lang='lat' dir='ltr'><strong>pergeret</strong></span> <span class='ocrx_word' id='word_1_247' title='bbox 2469 565 2522 616; x_wconf 90' lang='lat' dir='ltr'><strong>in</strong></span> <span class='ocrx_word' id='word_1_248' title='bbox 2548 563 2832 617; x_wconf 83' lang='lat' dir='ltr'><strong>interitum.</strong></span> <span class='ocrx_word' id='word_1_249' title='bbox 2866 563 3117 632; x_wconf 87' lang='lat' dir='ltr'><strong>Sequitur</strong></span> <span class='ocrx_word' id='word_1_250' title='bbox 3152 580 3167 617; x_wconf 91' lang='lat'>:</span> 
     </span>
    </p>
   </div>
   <div class='ocr_carea' id='block_1_34' title="bbox 2290 654 3266 711">
    <p class='ocr_par' dir='ltr' id='par_1_34' title="bbox 2290 654 3266 711">
     <span class='ocr_line' id='line_1_34' title="bbox 2290 654 3266 711; baseline 0.001 -3"><span class='ocrx_word' id='word_1_251' title='bbox 2290 654 2416 709; x_wconf 81' lang='lat' dir='ltr'><strong>leto.</strong></span> <span class='ocrx_word' id='word_1_252' title='bbox 2441 684 2509 696; x_wconf 87' lang='lat'><strong>--</strong></span> <span class='ocrx_word' id='word_1_253' title='bbox 2528 655 2636 711; x_wconf 87' lang='lat' dir='ltr'><strong>Sed</strong></span> <span class='ocrx_word' id='word_1_254' title='bbox 2667 656 2836 710; x_wconf 85' lang='lat' dir='ltr'><strong>vivens</strong></span> <span class='ocrx_word' id='word_1_255' title='bbox 2863 659 3025 709; x_wconf 85' lang='lat' dir='ltr'><strong>lucem</strong></span> <span class='ocrx_word' id='word_1_256' title='bbox 3058 656 3266 709; x_wconf 77' lang='lat' dir='ltr'><strong>videret.</strong></span> 
     </span>
    </p>
   </div>
   <div class='ocr_carea' id='block_1_35' title="bbox 2288 750 3808 820">
    <p class='ocr_par' dir='ltr' id='par_1_35' title="bbox 2288 750 3808 820">
     <span class='ocr_line' id='line_1_35' title="bbox 2288 750 3808 820; baseline 0.001 -15"><span class='ocrx_word' id='word_1_257' title='bbox 2288 750 2483 806; x_wconf 86' lang='lat' dir='ltr'><strong>Lucem</strong></span> <span class='ocrx_word' id='word_1_258' title='bbox 2534 750 2739 806; x_wconf 87' lang='lat' dir='ltr'><strong>scilicet</strong></span> <span class='ocrx_word' id='word_1_259' title='bbox 2768 751 3013 806; x_wconf 88' lang='lat' dir='ltr'><strong>veritatis</strong></span> <span class='ocrx_word' id='word_1_260' title='bbox 3048 764 3209 820; x_wconf 90' lang='lat' dir='ltr'><strong>quam</strong></span> <span class='ocrx_word' id='word_1_261' title='bbox 3251 751 3412 806; x_wconf 88' lang='lat' dir='ltr'><strong>corde</strong></span> <span class='ocrx_word' id='word_1_262' title='bbox 3439 760 3681 809; x_wconf 85' lang='lat' dir='ltr'><strong>mortuus</strong></span> <span class='ocrx_word' id='word_1_263' title='bbox 3726 754 3808 806; x_wconf 84' lang='lat' dir='ltr'><strong>vi-</strong></span> 
     </span>
    </p>
   </div>
   <div class='ocr_carea' id='block_1_36' title="bbox 2215 843 3805 914">
    <p class='ocr_par' dir='ltr' id='par_1_36' title="bbox 2215 843 3805 914">
     <span class='ocr_line' id='line_1_36' title="bbox 2215 843 3805 914; baseline 0.001 -16"><span class='ocrx_word' id='word_1_264' title='bbox 2215 843 2344 899; x_wconf 91' lang='lat' dir='ltr'><strong>dere</strong></span> <span class='ocrx_word' id='word_1_265' title='bbox 2396 860 2501 899; x_wconf 93' lang='lat' dir='ltr'><strong>non</strong></span> <span class='ocrx_word' id='word_1_266' title='bbox 2541 854 2742 914; x_wconf 89' lang='lat' dir='ltr'><strong>posset.</strong></span> <span class='ocrx_word' id='word_1_267' title='bbox 2786 844 2875 899; x_wconf 86' lang='lat' dir='ltr'><strong>Vel</strong></span> <span class='ocrx_word' id='word_1_268' title='bbox 2916 854 3096 909; x_wconf 89' lang='lat' dir='ltr'><strong>certe,</strong></span> <span class='ocrx_word' id='word_1_269' title='bbox 3147 843 3268 914; x_wconf 90' lang='lat' dir='ltr'><strong>quia</strong></span> <span class='ocrx_word' id='word_1_270' title='bbox 3314 843 3574 899; x_wconf 87' lang='lat' dir='ltr'><strong>Dominus</strong></span> <span class='ocrx_word' id='word_1_271' title='bbox 3624 844 3805 899; x_wconf 78' lang='lat' dir='ltr'><strong>dixit:</strong></span> 
     </span>
    </p>
   </div>
   <div class='ocr_carea' id='block_1_37' title="bbox 2216 934 3805 1009">
    <p class='ocr_par' dir='ltr' id='par_1_37' title="bbox 2216 934 3805 1009">
     <span class='ocr_line' id='line_1_37' title="bbox 2216 934 3805 1009; baseline -0.001 -19"><span class='ocrx_word' id='word_1_272' title='bbox 2216 935 2467 1009; x_wconf 76' lang='lat' dir='ltr'><strong>Ego‘sum</strong></span> <span class='ocrx_word' id='word_1_273' title='bbox 2494 937 2586 992; x_wconf 73' lang='lat' dir='ltr'><strong>lus;</strong></span> <span class='ocrx_word' id='word_1_274' title='bbox 2614 936 2791 990; x_wconf 76' lang='lat' dir='ltr'><strong>mundi</strong></span> <span class='ocrx_word' id='word_1_275' title='bbox 2819 934 3000 1007; x_wconf 82' lang='lat' dir='ltr'><strong>(Joan.</strong></span> <span class='ocrx_word' id='word_1_276' title='bbox 3031 950 3146 1001; x_wconf 84' lang='lat' dir='ltr'><strong>vui,</strong></span> <span class='ocrx_word' id='word_1_277' title='bbox 3180 935 3306 1005; x_wconf 79' lang='lat' dir='ltr'><strong>l2),</strong></span> <span class='ocrx_word' id='word_1_278' title='bbox 3337 934 3599 990; x_wconf 86' lang='lat' dir='ltr'><strong>videbunt</strong></span> <span class='ocrx_word' id='word_1_279' title='bbox 3631 935 3805 991; x_wconf 89' lang='lat' dir='ltr'><strong>lucem</strong></span> 
     </span>
    </p>
   </div>
   <div class='ocr_carea' id='block_1_38' title="bbox 2213 1029 3809 1103">
    <p class='ocr_par' dir='ltr' id='par_1_38' title="bbox 2213 1029 3809 1103">
     <span class='ocr_line' id='line_1_38' title="bbox 2213 1029 3809 1103; baseline -0.001 -20"><span class='ocrx_word' id='word_1_280' title='bbox 2213 1029 2374 1083; x_wconf 88' lang='lat' dir='ltr'><strong>etiam</strong></span> <span class='ocrx_word' id='word_1_281' title='bbox 2402 1030 2630 1095; x_wconf 89' lang='lat' dir='ltr'><strong>mortui,</strong></span> <span class='ocrx_word' id='word_1_282' title='bbox 2664 1031 2823 1103; x_wconf 77' lang='lat'><strong>771</strong></span> <span class='ocrx_word' id='word_1_283' title='bbox 2857 1029 3071 1098; x_wconf 88' lang='lat' dir='ltr'><strong>quando</strong></span> <span class='ocrx_word' id='word_1_284' title='bbox 3098 1044 3285 1083; x_wconf 88' lang='lat' dir='ltr'><strong>omnes</strong></span> <span class='ocrx_word' id='word_1_285' title='bbox 3326 1029 3511 1099; x_wconf 87' lang='lat' dir='ltr'><strong>injusti</strong></span> <span class='ocrx_word' id='word_1_286' title='bbox 3543 1044 3665 1083; x_wconf 89' lang='lat' dir='ltr'><strong>eum</strong></span> <span class='ocrx_word' id='word_1_287' title='bbox 3719 1044 3809 1081; x_wconf 82' lang='lat' dir='ltr'><strong>ve-</strong></span> 
     </span>
    </p>
   </div>
   <div class='ocr_carea' id='block_1_39' title="bbox 2216 1121 3810 1193">
    <p class='ocr_par' dir='ltr' id='par_1_39' title="bbox 2216 1121 3810 1193">
     <span class='ocr_line' id='line_1_39' title="bbox 2216 1121 3810 1193; baseline 0.002 -19"><span class='ocrx_word' id='word_1_288' title='bbox 2216 1122 2335 1177; x_wconf 89' lang='lat' dir='ltr'><strong>nire</strong></span> <span class='ocrx_word' id='word_1_289' title='bbox 2372 1121 2439 1176; x_wconf 92' lang='lat' dir='ltr'><strong>ad</strong></span> <span class='ocrx_word' id='word_1_290' title='bbox 2494 1121 2757 1193; x_wconf 87' lang='lat' dir='ltr'><strong>judicium</strong></span> <span class='ocrx_word' id='word_1_291' title='bbox 2811 1123 2861 1177; x_wconf 94' lang='lat' dir='ltr'><strong>in</strong></span> <span class='ocrx_word' id='word_1_292' title='bbox 2909 1123 3257 1178; x_wconf 88' lang='lat' dir='ltr'><strong>humanitatis</strong></span> <span class='ocrx_word' id='word_1_293' title='bbox 3300 1122 3466 1178; x_wconf 85' lang='lat' dir='ltr'><strong>forma</strong></span> <span class='ocrx_word' id='word_1_294' title='bbox 3509 1137 3810 1192; x_wconf 86' lang='lat' dir='ltr'><strong>conspexe-</strong></span> 
     </span>
    </p>
   </div>
   <div class='ocr_carea' id='block_1_40' title="bbox 2214 1214 3811 1286">
    <p class='ocr_par' dir='ltr' id='par_1_40' title="bbox 2214 1214 3811 1286">
     <span class='ocr_line' id='line_1_40' title="bbox 2214 1214 3811 1286; baseline 0.001 -17"><span class='ocrx_word' id='word_1_295' title='bbox 2214 1217 2340 1270; x_wconf 92' lang='lat' dir='ltr'><strong>rint.</strong></span> <span class='ocrx_word' id='word_1_296' title='bbox 2401 1215 2506 1271; x_wconf 88' lang='lat' dir='ltr'><strong>Sed</strong></span> <span class='ocrx_word' id='word_1_297' title='bbox 2548 1217 2733 1270; x_wconf 84' lang='lat' dir='ltr'><strong>vivens</strong></span> <span class='ocrx_word' id='word_1_298' title='bbox 2774 1226 2902 1271; x_wconf 90' lang='lat' dir='ltr'><strong>tunc</strong></span> <span class='ocrx_word' id='word_1_299' title='bbox 2940 1217 3114 1272; x_wconf 91' lang='lat' dir='ltr'><strong>lucem</strong></span> <span class='ocrx_word' id='word_1_300' title='bbox 3167 1216 3427 1286; x_wconf 89' lang='lat' dir='ltr'><strong>respicit,</strong></span> <span class='ocrx_word' id='word_1_301' title='bbox 3482 1214 3573 1284; x_wconf 90' lang='lat' dir='ltr'><strong>qui</strong></span> <span class='ocrx_word' id='word_1_302' title='bbox 3622 1214 3811 1270; x_wconf 90' lang='lat' dir='ltr'><strong>liberis</strong></span> 
     </span>
    </p>
   </div>
   <div class='ocr_carea' id='block_1_41' title="bbox 2212 1305 3810 1365">
    <p class='ocr_par' dir='ltr' id='par_1_41' title="bbox 2212 1305 3810 1365">
     <span class='ocr_line' id='line_1_41' title="bbox 2212 1305 3810 1365; baseline -0.002 0"><span class='ocrx_word' id='word_1_303' title='bbox 2212 1307 2382 1365; x_wconf 91' lang='lat' dir='ltr'><strong>oculis</strong></span> <span class='ocrx_word' id='word_1_304' title='bbox 2406 1308 2583 1364; x_wconf 88' lang='lat' dir='ltr'><strong>cordis</strong></span> <span class='ocrx_word' id='word_1_305' title='bbox 2608 1307 2663 1363; x_wconf 89' lang='lat' dir='ltr'><strong>in</strong></span> <span class='ocrx_word' id='word_1_306' title='bbox 2694 1305 2865 1364; x_wconf 81' lang='lat' dir='ltr'><strong>forma</strong></span> <span class='ocrx_word' id='word_1_307' title='bbox 2902 1324 3025 1364; x_wconf 89' lang='lat' dir='ltr'><strong>eum</strong></span> <span class='ocrx_word' id='word_1_308' title='bbox 3069 1307 3366 1363; x_wconf 86' lang='lat' dir='ltr'><strong>divinitatis</strong></span> <span class='ocrx_word' id='word_1_309' title='bbox 3406 1305 3661 1363; x_wconf 89' lang='lat' dir='ltr'><strong>attendit.</strong></span> <span class='ocrx_word' id='word_1_310' title='bbox 3711 1305 3810 1362; x_wconf 87' lang='lat' dir='ltr'><strong>Se-</strong></span> 
     </span>
    </p>
   </div>
   <div class='ocr_carea' id='block_1_42' title="bbox 2210 1402 2439 1473">
    <p class='ocr_par' dir='ltr' id='par_1_42' title="bbox 2210 1402 2439 1473">
     <span class='ocr_line' id='line_1_42' title="bbox 2210 1402 2439 1473; baseline -0.013 -16"><span class='ocrx_word' id='word_1_311' title='bbox 2210 1402 2393 1473; x_wconf 87' lang='lat' dir='ltr'><strong>quitur</strong></span> <span class='ocrx_word' id='word_1_312' title='bbox 2428 1421 2439 1455; x_wconf 90' lang='lat'><em>:</em></span> 
     </span>
    </p>
   </div>
   <div class='ocr_carea' id='block_1_43' title="bbox 2634 1490 3409 1567">
    <p class='ocr_par' dir='ltr' id='par_1_43' title="bbox 2634 1490 3409 1567">
     <span class='ocr_line' id='line_1_43' title="bbox 2634 1490 3409 1567; baseline -0.001 -21"><span class='ocrx_word' id='word_1_313' title='bbox 2634 1492 2862 1548; x_wconf 83' lang='lat' dir='ltr'><strong>CAPUT</strong></span> <span class='ocrx_word' id='word_1_314' title='bbox 2920 1492 3013 1549; x_wconf 82' lang='lat' dir='ltr'><strong>XI.</strong></span> <span class='ocrx_word' id='word_1_315' title='bbox 3047 1491 3197 1564; x_wconf 62' lang='lat' dir='ltr'><strong>[Rea</strong></span> <span class='ocrx_word' id='word_1_316' title='bbox 3229 1490 3409 1567; x_wconf 74' lang='lat' dir='ltr'><strong>VII].</strong></span> 
     </span>
    </p>
   </div>
   <div class='ocr_carea' id='block_1_44' title="bbox 2280 1586 3814 1660">
    <p class='ocr_par' dir='ltr' id='par_1_44' title="bbox 2280 1586 3814 1660">
     <span class='ocr_line' id='line_1_44' title="bbox 2280 1586 3814 1660; baseline -0.001 -18"><span class='ocrx_word' id='word_1_317' title='bbox 2280 1589 2444 1643; x_wconf 76' lang='lat' dir='ltr'><strong>Vens.</strong></span> <span class='ocrx_word' id='word_1_318' title='bbox 2478 1587 2570 1643; x_wconf 80' lang='lat'><strong>29.</strong></span> <span class='ocrx_word' id='word_1_319' title='bbox 2594 1619 2661 1628; x_wconf 89' lang='lat'>—</span> <span class='ocrx_word' id='word_1_320' title='bbox 2694 1586 2821 1642; x_wconf 69' lang='lat' dir='ltr'><strong>Hac</strong></span> <span class='ocrx_word' id='word_1_321' title='bbox 2849 1588 3021 1643; x_wconf 84' lang='lat' dir='ltr'><strong>omnia</strong></span> <span class='ocrx_word' id='word_1_322' title='bbox 3068 1598 3311 1660; x_wconf 87' lang='lat' dir='ltr'><strong>aperatur</strong></span> <span class='ocrx_word' id='word_1_323' title='bbox 3364 1586 3502 1642; x_wconf 87' lang='lat' dir='ltr'><strong>Deus</strong></span> <span class='ocrx_word' id='word_1_324' title='bbox 3551 1586 3714 1641; x_wconf 87' lang='lat' dir='ltr'><strong>tribus</strong></span> <span class='ocrx_word' id='word_1_325' title='bbox 3744 1586 3814 1640; x_wconf 85' lang='lat' dir='ltr'><strong>vi-</strong></span> 
     </span>
    </p>
   </div>
   <div class='ocr_carea' id='block_1_45' title="bbox 2215 1674 3551 1752">
    <p class='ocr_par' dir='ltr' id='par_1_45' title="bbox 2215 1674 3551 1752">
     <span class='ocr_line' id='line_1_45' title="bbox 2215 1674 3551 1752; baseline -0.002 -19"><span class='ocrx_word' id='word_1_326' title='bbox 2215 1682 2354 1734; x_wconf 77' lang='lat' dir='ltr'><strong>ribus</strong></span> <span class='ocrx_word' id='word_1_327' title='bbox 2382 1697 2473 1751; x_wconf 85' lang='lat' dir='ltr'><strong>per</strong></span> <span class='ocrx_word' id='word_1_328' title='bbox 2500 1680 2756 1752; x_wconf 80' lang='lat' dir='ltr'><strong>singulos.</strong></span> <span class='ocrx_word' id='word_1_329' title='bbox 3544 1674 3551 1683; x_wconf 68' lang='grc'><strong><em>“</em></strong></span> 
     </span>
    </p>
   </div>
   <div class='ocr_carea' id='block_1_46' title="bbox 2278 1771 3815 1842">
    <p class='ocr_par' dir='ltr' id='par_1_46' title="bbox 2278 1771 3815 1842">
     <span class='ocr_line' id='line_1_46' title="bbox 2278 1771 3815 1842; baseline -0.001 -18"><span class='ocrx_word' id='word_1_330' title='bbox 2278 1771 2370 1827; x_wconf 81' lang='lat'><strong>25.</strong></span> <span class='ocrx_word' id='word_1_331' title='bbox 2420 1772 2605 1826; x_wconf 75' lang='lat' dir='ltr'><strong>Tribus</strong></span> <span class='ocrx_word' id='word_1_332' title='bbox 2662 1773 2851 1825; x_wconf 89' lang='lat' dir='ltr'><strong>vicibus</strong></span> <span class='ocrx_word' id='word_1_333' title='bbox 2889 1774 3030 1825; x_wconf 86' lang='lat' dir='ltr'><strong>electi</strong></span> <span class='ocrx_word' id='word_1_334' title='bbox 3080 1774 3227 1842; x_wconf 88' lang='lat' dir='ltr'><strong>prius</strong></span> <span class='ocrx_word' id='word_1_335' title='bbox 3273 1789 3500 1837; x_wconf 73' lang='grc' dir='ltr'><strong>ηιωτονε,</strong></span> <span class='ocrx_word' id='word_1_336' title='bbox 3552 1771 3815 1840; x_wconf 82' lang='lat' dir='ltr'><strong>posterius</strong></span> 
     </span>
    </p>
   </div>
   <div class='ocr_carea' id='block_1_47' title="bbox 2136 1852 3817 1934">
    <p class='ocr_par' dir='ltr' id='par_1_47' title="bbox 2136 1852 3817 1934">
     <span class='ocr_line' id='line_1_47' title="bbox 2136 1852 3817 1934; baseline 0 -17"><span class='ocrx_word' id='word_1_337' title='bbox 2136 1852 2182 1917; x_wconf 83' lang='grc' dir='ltr'><strong>Β</strong></span> <span class='ocrx_word' id='word_1_338' title='bbox 2208 1864 2396 1934; x_wconf 85' lang='lat' dir='ltr'><strong>gaudio</strong></span> <span class='ocrx_word' id='word_1_339' title='bbox 2441 1864 2588 1933; x_wconf 81' lang='lat' dir='ltr'><strong>afﬁci</strong></span> <span class='ocrx_word' id='word_1_340' title='bbox 2616 1863 2800 1917; x_wconf 86' lang='lat' dir='ltr'><strong>solent.</strong></span> <span class='ocrx_word' id='word_1_341' title='bbox 2824 1894 2893 1903; x_wconf 90' lang='lat'><strong>—</strong></span> <span class='ocrx_word' id='word_1_342' title='bbox 2926 1862 3002 1917; x_wconf 90' lang='lat' dir='ltr'><strong>De</strong></span> <span class='ocrx_word' id='word_1_343' title='bbox 3030 1864 3133 1918; x_wconf 87' lang='lat' dir='ltr'><strong>hoc</strong></span> <span class='ocrx_word' id='word_1_344' title='bbox 3181 1873 3385 1918; x_wconf 88' lang='lat' dir='ltr'><strong>tentato</strong></span> <span class='ocrx_word' id='word_1_345' title='bbox 3425 1863 3817 1934; x_wconf 84' lang='lat' dir='ltr'><strong>flagellatoque</strong></span> 
     </span>
    </p>
   </div>
   <div class='ocr_carea' id='block_1_48' title="bbox 2202 1954 3814 2024">
    <p class='ocr_par' dir='ltr' id='par_1_48' title="bbox 2202 1954 3814 2024">
     <span class='ocr_line' id='line_1_48' title="bbox 2202 1954 3814 2024; baseline 0 -16"><span class='ocrx_word' id='word_1_346' title='bbox 2202 1955 2421 2008; x_wconf 88' lang='lat' dir='ltr'><strong>homine</strong></span> <span class='ocrx_word' id='word_1_347' title='bbox 2452 1954 2653 2008; x_wconf 91' lang='lat' dir='ltr'><strong>dictum</strong></span> <span class='ocrx_word' id='word_1_348' title='bbox 2706 1955 2948 2024; x_wconf 82' lang='lat' dir='ltr'><strong>superius</strong></span> <span class='ocrx_word' id='word_1_349' title='bbox 2997 1954 3174 2008; x_wconf 87' lang='lat' dir='ltr'><strong>fuerat</strong></span> <span class='ocrx_word' id='word_1_350' title='bbox 3203 1972 3218 2009; x_wconf 90' lang='lat'>:</span> <span class='ocrx_word' id='word_1_351' title='bbox 3251 1954 3622 2009; x_wconf 76' lang='lat' dir='ltr'><strong>Abominabilis</strong></span> <span class='ocrx_word' id='word_1_352' title='bbox 3655 1955 3699 2006; x_wconf 79' lang='lat' dir='ltr'><strong>ei</strong></span> <span class='ocrx_word' id='word_1_353' title='bbox 3754 1956 3814 2022; x_wconf 77' lang='lat' dir='ltr'><strong>ﬁt</strong></span> 
     </span>
    </p>
   </div>
   <div class='ocr_carea' id='block_1_49' title="bbox 2201 2045 3813 2119">
    <p class='ocr_par' dir='ltr' id='par_1_49' title="bbox 2201 2045 3813 2119">
     <span class='ocr_line' id='line_1_49' title="bbox 2201 2045 3813 2119; baseline 0.003 -21"><span class='ocrx_word' id='word_1_354' title='bbox 2201 2045 2255 2099; x_wconf 90' lang='lat' dir='ltr'><strong>in</strong></span> <span class='ocrx_word' id='word_1_355' title='bbox 2279 2047 2380 2100; x_wconf 88' lang='lat' dir='ltr'><strong>vita</strong></span> <span class='ocrx_word' id='word_1_356' title='bbox 2402 2063 2495 2099; x_wconf 87' lang='lat' dir='ltr'><strong>sua</strong></span> <span class='ocrx_word' id='word_1_357' title='bbox 2526 2047 2706 2112; x_wconf 86' lang='lat' dir='ltr'><strong>panis;</strong></span> <span class='ocrx_word' id='word_1_358' title='bbox 2730 2054 2778 2099; x_wconf 91' lang='lat' dir='ltr'><strong>et</strong></span> <span class='ocrx_word' id='word_1_359' title='bbox 2812 2048 3247 2115; x_wconf 81' lang='lat' dir='ltr'><strong>appropinquavit</strong></span> <span class='ocrx_word' id='word_1_360' title='bbox 3276 2049 3593 2119; x_wconf 86' lang='lat' dir='ltr'><strong>corruptioni</strong></span> <span class='ocrx_word' id='word_1_361' title='bbox 3622 2048 3813 2103; x_wconf 89' lang='lat' dir='ltr'><strong>anima</strong></span> 
     </span>
    </p>
   </div>
   <div class='ocr_carea' id='block_1_50' title="bbox 2201 2137 3811 2209">
    <p class='ocr_par' dir='ltr' id='par_1_50' title="bbox 2201 2137 3811 2209">
     <span class='ocr_line' id='line_1_50' title="bbox 2201 2137 3811 2209; baseline 0.001 -14"><span class='ocrx_word' id='word_1_362' title='bbox 2201 2142 2333 2207; x_wconf 86' lang='lat' dir='ltr'><strong>eius,</strong></span> <span class='ocrx_word' id='word_1_363' title='bbox 2368 2149 2414 2193; x_wconf 91' lang='lat' dir='ltr'><strong>et</strong></span> <span class='ocrx_word' id='word_1_364' title='bbox 2436 2141 2540 2193; x_wconf 85' lang='lat' dir='ltr'><strong>vita</strong></span> <span class='ocrx_word' id='word_1_365' title='bbox 2569 2139 2711 2193; x_wconf 86' lang='lat' dir='ltr'><strong>illius</strong></span> <span class='ocrx_word' id='word_1_366' title='bbox 2743 2139 3041 2209; x_wconf 79' lang='lat' dir='ltr'><strong>mortiferis.</strong></span> <span class='ocrx_word' id='word_1_367' title='bbox 3080 2137 3305 2194; x_wconf 78' lang='lat' dir='ltr'><strong>Inferius</strong></span> <span class='ocrx_word' id='word_1_368' title='bbox 3334 2156 3461 2196; x_wconf 92' lang='lat' dir='ltr'><strong>vero</strong></span> <span class='ocrx_word' id='word_1_369' title='bbox 3501 2141 3811 2197; x_wconf 69' lang='lat' dir='ltr'><strong>subnexum</strong></span> 
     </span>
    </p>
   </div>
   <div class='ocr_carea' id='block_1_51' title="bbox 2199 2229 3813 2303">
    <p class='ocr_par' dir='ltr' id='par_1_51' title="bbox 2199 2229 3813 2303">
     <span class='ocr_line' id='line_1_51' title="bbox 2199 2229 3813 2303; baseline -0.001 -16"><span class='ocrx_word' id='word_1_370' title='bbox 2199 2243 2283 2288; x_wconf 83' lang='lat' dir='ltr'><strong>est</strong></span> <span class='ocrx_word' id='word_1_371' title='bbox 2310 2252 2325 2287; x_wconf 92' lang='lat'><strong>:</strong></span> <span class='ocrx_word' id='word_1_372' title='bbox 2372 2232 2737 2303; x_wconf 88' lang='lat' dir='ltr'><strong>Deprecabitur</strong></span> <span class='ocrx_word' id='word_1_373' title='bbox 2766 2229 2958 2297; x_wconf 82' lang='lat' dir='ltr'><strong>Deum,</strong></span> <span class='ocrx_word' id='word_1_374' title='bbox 2986 2240 3036 2286; x_wconf 88' lang='lat' dir='ltr'><strong>et</strong></span> <span class='ocrx_word' id='word_1_375' title='bbox 3058 2231 3330 2302; x_wconf 86' lang='lat' dir='ltr'><strong>placabilis</strong></span> <span class='ocrx_word' id='word_1_376' title='bbox 3360 2234 3406 2295; x_wconf 86' lang='lat' dir='ltr'><strong>ei</strong></span> <span class='ocrx_word' id='word_1_377' title='bbox 3434 2233 3564 2296; x_wconf 90' lang='lat' dir='ltr'><strong>erit;</strong></span> <span class='ocrx_word' id='word_1_378' title='bbox 3591 2243 3638 2286; x_wconf 88' lang='lat' dir='ltr'><strong>et</strong></span> <span class='ocrx_word' id='word_1_379' title='bbox 3658 2233 3813 2286; x_wconf 84' lang='lat' dir='ltr'><strong>vide-</strong></span> 
     </span>
    </p>
   </div>
   <div class='ocr_carea' id='block_1_52' title="bbox 2201 2322 3813 2395">
    <p class='ocr_par' dir='ltr' id='par_1_52' title="bbox 2201 2322 3813 2395">
     <span class='ocr_line' id='line_1_52' title="bbox 2201 2322 3813 2395; baseline 0 -18"><span class='ocrx_word' id='word_1_380' title='bbox 2201 2324 2269 2379; x_wconf 92' lang='lat' dir='ltr'><strong>bit</strong></span> <span class='ocrx_word' id='word_1_381' title='bbox 2290 2326 2471 2393; x_wconf 79' lang='lat' dir='ltr'><strong>faciem</strong></span> <span class='ocrx_word' id='word_1_382' title='bbox 2492 2325 2605 2395; x_wconf 86' lang='lat' dir='ltr'><strong>ejus</strong></span> <span class='ocrx_word' id='word_1_383' title='bbox 2632 2325 2685 2375; x_wconf 91' lang='lat' dir='ltr'><strong>in</strong></span> <span class='ocrx_word' id='word_1_384' title='bbox 2711 2324 2909 2394; x_wconf 86' lang='lat' dir='ltr'><strong>jubilo,</strong></span> <span class='ocrx_word' id='word_1_385' title='bbox 2939 2332 2985 2377; x_wconf 82' lang='lat' dir='ltr'><strong>ct</strong></span> <span class='ocrx_word' id='word_1_386' title='bbox 3016 2322 3247 2377; x_wconf 79' lang='lat' dir='ltr'><strong>liberavit</strong></span> <span class='ocrx_word' id='word_1_387' title='bbox 3277 2325 3499 2377; x_wconf 88' lang='lat' dir='ltr'><strong>animam</strong></span> <span class='ocrx_word' id='word_1_388' title='bbox 3529 2340 3696 2385; x_wconf 85' lang='lat' dir='ltr'><strong>suam,</strong></span> <span class='ocrx_word' id='word_1_389' title='bbox 3740 2339 3813 2377; x_wconf 81' lang='lat' dir='ltr'><strong>ne</strong></span> 
     </span>
    </p>
   </div>
   <div class='ocr_carea' id='block_1_53' title="bbox 2202 2413 3811 2489">
    <p class='ocr_par' dir='ltr' id='par_1_53' title="bbox 2202 2413 3811 2489">
     <span class='ocr_line' id='line_1_53' title="bbox 2202 2413 3811 2489; baseline -0.001 -18"><span class='ocrx_word' id='word_1_390' title='bbox 2202 2426 2429 2489; x_wconf 87' lang='lat' dir='ltr'><strong>pergeret</strong></span> <span class='ocrx_word' id='word_1_391' title='bbox 2468 2417 2520 2469; x_wconf 89' lang='lat' dir='ltr'><strong>in</strong></span> <span class='ocrx_word' id='word_1_392' title='bbox 2545 2417 2831 2482; x_wconf 87' lang='lat' dir='ltr'><strong>interitum,</strong></span> <span class='ocrx_word' id='word_1_393' title='bbox 2861 2416 2951 2468; x_wconf 86' lang='lat' dir='ltr'><strong>sed</strong></span> <span class='ocrx_word' id='word_1_394' title='bbox 2981 2416 3151 2469; x_wconf 78' lang='lat' dir='ltr'><strong>vivens</strong></span> <span class='ocrx_word' id='word_1_395' title='bbox 3176 2415 3338 2469; x_wconf 86' lang='lat' dir='ltr'><strong>lucem</strong></span> <span class='ocrx_word' id='word_1_396' title='bbox 3378 2415 3590 2469; x_wconf 88' lang='lat' dir='ltr'><strong>videret.</strong></span> <span class='ocrx_word' id='word_1_397' title='bbox 3624 2413 3681 2467; x_wconf 87' lang='lat' dir='ltr'><strong>In</strong></span> <span class='ocrx_word' id='word_1_398' title='bbox 3712 2415 3811 2469; x_wconf 86' lang='lat' dir='ltr'><strong>his</strong></span> 
     </span>
    </p>
   </div>
   <div class='ocr_carea' id='block_1_54' title="bbox 2209 2507 3811 2579">
    <p class='ocr_par' dir='ltr' id='par_1_54' title="bbox 2209 2507 3811 2579">
     <span class='ocr_line' id='line_1_54' title="bbox 2209 2507 3811 2579; baseline -0.002 -16"><span class='ocrx_word' id='word_1_399' title='bbox 2209 2510 2390 2579; x_wconf 89' lang='lat' dir='ltr'><strong>itaque</strong></span> <span class='ocrx_word' id='word_1_400' title='bbox 2407 2508 2517 2579; x_wconf 87' lang='lat' dir='ltr'><strong>jam</strong></span> <span class='ocrx_word' id='word_1_401' title='bbox 2557 2508 2799 2563; x_wconf 90' lang='lat' dir='ltr'><strong>collectis</strong></span> <span class='ocrx_word' id='word_1_402' title='bbox 2830 2508 3268 2577; x_wconf 90' lang='lat' dir='ltr'><strong>coacervatisque</strong></span> <span class='ocrx_word' id='word_1_403' title='bbox 3299 2507 3599 2570; x_wconf 82' lang='lat' dir='ltr'><strong>sententiis,</strong></span> <span class='ocrx_word' id='word_1_404' title='bbox 3626 2517 3679 2562; x_wconf 91' lang='lat' dir='ltr'><strong>et</strong></span> <span class='ocrx_word' id='word_1_405' title='bbox 3705 2521 3811 2561; x_wconf 82' lang='lat' dir='ltr'><strong>su-</strong></span> 
     </span>
    </p>
   </div>
   <div class='ocr_carea' id='block_1_55' title="bbox 2207 2595 3810 2666">
    <p class='ocr_par' dir='ltr' id='par_1_55' title="bbox 2207 2595 3810 2666">
     <span class='ocr_line' id='line_1_55' title="bbox 2207 2595 3810 2666; baseline 0 -15"><span class='ocrx_word' id='word_1_406' title='bbox 2207 2612 2298 2666; x_wconf 88' lang='lat' dir='ltr'><strong>pra</strong></span> <span class='ocrx_word' id='word_1_407' title='bbox 2322 2612 2524 2651; x_wconf 78' lang='lat' dir='ltr'><strong>nimror</strong></span> <span class='ocrx_word' id='word_1_408' title='bbox 2550 2595 3160 2660; x_wconf 81' lang='lat' dir='ltr'><strong>amaritudinis,etinfra</strong></span> <span class='ocrx_word' id='word_1_409' title='bbox 3193 2605 3215 2633; x_wconf 72' lang='grc' dir='ltr'>α</span> <span class='ocrx_word' id='word_1_410' title='bbox 3254 2595 3536 2665; x_wconf 88' lang='lat' dir='ltr'><strong>subjuncta</strong></span> <span class='ocrx_word' id='word_1_411' title='bbox 3560 2605 3643 2650; x_wconf 92' lang='lat' dir='ltr'><strong>est</strong></span> <span class='ocrx_word' id='word_1_412' title='bbox 3666 2596 3810 2651; x_wconf 70' lang='lat' dir='ltr'><strong>lreti-</strong></span> 
     </span>
    </p>
   </div>
   <div class='ocr_carea' id='block_1_56' title="bbox 2205 2688 3812 2759">
    <p class='ocr_par' dir='ltr' id='par_1_56' title="bbox 2205 2688 3812 2759">
     <span class='ocr_line' id='line_1_56' title="bbox 2205 2688 3812 2759; baseline -0.001 -14"><span class='ocrx_word' id='word_1_413' title='bbox 2205 2691 2275 2745; x_wconf 91' lang='lat' dir='ltr'><strong>tia</strong></span> <span class='ocrx_word' id='word_1_414' title='bbox 2304 2690 2639 2756; x_wconf 84' lang='lat' dir='ltr'><strong>securitatis;</strong></span> <span class='ocrx_word' id='word_1_415' title='bbox 2671 2704 2904 2759; x_wconf 79' lang='lat' dir='ltr'><strong>moxque</strong></span> <span class='ocrx_word' id='word_1_416' title='bbox 2928 2699 3049 2759; x_wconf 75' lang='lat' dir='ltr'><strong>post</strong></span> <span class='ocrx_word' id='word_1_417' title='bbox 3070 2689 3185 2743; x_wconf 67' lang='lat' dir='ltr'><strong>haec</strong></span> <span class='ocrx_word' id='word_1_418' title='bbox 3210 2689 3403 2743; x_wconf 90' lang='lat' dir='ltr'><strong>dicitur</strong></span> <span class='ocrx_word' id='word_1_419' title='bbox 3435 2706 3450 2744; x_wconf 89' lang='lat'><strong>:</strong></span> <span class='ocrx_word' id='word_1_420' title='bbox 3482 2688 3601 2745; x_wconf 75' lang='grc' dir='ltr'><strong>Ηωε</strong></span> <span class='ocrx_word' id='word_1_421' title='bbox 3624 2692 3812 2744; x_wconf 84' lang='lat' dir='ltr'><strong>omnia</strong></span> 
     </span>
    </p>
   </div>
   <div class='ocr_carea' id='block_1_57' title="bbox 2202 2781 3806 2851">
    <p class='ocr_par' dir='ltr' id='par_1_57' title="bbox 2202 2781 3806 2851">
     <span class='ocr_line' id='line_1_57' title="bbox 2202 2781 3806 2851; baseline 0.001 -16"><span class='ocrx_word' id='word_1_422' title='bbox 2202 2792 2443 2849; x_wconf 86' lang='lat' dir='ltr'><strong>operatur</strong></span> <span class='ocrx_word' id='word_1_423' title='bbox 2495 2782 2631 2837; x_wconf 87' lang='lat' dir='ltr'><strong>Deus</strong></span> <span class='ocrx_word' id='word_1_424' title='bbox 2660 2781 2821 2835; x_wconf 87' lang='lat' dir='ltr'><strong>tribus</strong></span> <span class='ocrx_word' id='word_1_425' title='bbox 2850 2782 3042 2835; x_wconf 84' lang='lat' dir='ltr'><strong>vicibus</strong></span> <span class='ocrx_word' id='word_1_426' title='bbox 3073 2798 3163 2851; x_wconf 85' lang='lat' dir='ltr'><strong>per</strong></span> <span class='ocrx_word' id='word_1_427' title='bbox 3189 2782 3439 2851; x_wconf 84' lang='lat' dir='ltr'><strong>singulos.</strong></span> <span class='ocrx_word' id='word_1_428' title='bbox 3484 2784 3561 2836; x_wconf 79' lang='lat' dir='ltr'><strong>Ac</strong></span> <span class='ocrx_word' id='word_1_429' title='bbox 3587 2781 3630 2835; x_wconf 81' lang='lat' dir='ltr'><strong>si</strong></span> <span class='ocrx_word' id='word_1_430' title='bbox 3654 2782 3806 2837; x_wconf 87' lang='lat' dir='ltr'><strong>dice-</strong></span> 
     </span>
    </p>
   </div>
   <div class='ocr_carea' id='block_1_58' title="bbox 2199 2874 3807 2945">
    <p class='ocr_par' dir='ltr' id='par_1_58' title="bbox 2199 2874 3807 2945">
     <span class='ocr_line' id='line_1_58' title="bbox 2199 2874 3807 2945; baseline 0.002 -17"><span class='ocrx_word' id='word_1_431' title='bbox 2199 2885 2283 2929; x_wconf 90' lang='lat' dir='ltr'><strong>ret</strong></span> <span class='ocrx_word' id='word_1_432' title='bbox 2314 2892 2326 2927; x_wconf 94' lang='lat'>:</span> <span class='ocrx_word' id='word_1_433' title='bbox 2359 2874 2513 2941; x_wconf 87' lang='lat' dir='ltr'><strong>Quod</strong></span> <span class='ocrx_word' id='word_1_434' title='bbox 2542 2875 2703 2929; x_wconf 89' lang='lat' dir='ltr'><strong>semel</strong></span> <span class='ocrx_word' id='word_1_435' title='bbox 2744 2874 2814 2929; x_wconf 85' lang='lat' dir='ltr'><strong>de</strong></span> <span class='ocrx_word' id='word_1_436' title='bbox 2842 2891 2947 2929; x_wconf 92' lang='lat' dir='ltr'><strong>uno</strong></span> <span class='ocrx_word' id='word_1_437' title='bbox 2977 2874 3108 2941; x_wconf 85' lang='lat' dir='ltr'><strong>dixi,</strong></span> <span class='ocrx_word' id='word_1_438' title='bbox 3136 2875 3236 2929; x_wconf 90' lang='lat' dir='ltr'><strong>hoc</strong></span> <span class='ocrx_word' id='word_1_439' title='bbox 3263 2874 3433 2929; x_wconf 90' lang='lat' dir='ltr'><strong>tribus</strong></span> <span class='ocrx_word' id='word_1_440' title='bbox 3463 2875 3672 2929; x_wconf 92' lang='lat' dir='ltr'><strong>vicibus</strong></span> <span class='ocrx_word' id='word_1_441' title='bbox 3696 2891 3807 2945; x_wconf 85' lang='lat' dir='ltr'><strong>per</strong></span> 
     </span>
    </p>
   </div>
   <div class='ocr_carea' id='block_1_59' title="bbox 2198 2967 3806 3038">
    <p class='ocr_par' dir='ltr' id='par_1_59' title="bbox 2198 2967 3806 3038">
     <span class='ocr_line' id='line_1_59' title="bbox 2198 2967 3806 3038; baseline 0.001 -17"><span class='ocrx_word' id='word_1_442' title='bbox 2198 2968 2435 3036; x_wconf 87' lang='lat' dir='ltr'><strong>singulos</strong></span> <span class='ocrx_word' id='word_1_443' title='bbox 2486 2967 2680 3038; x_wconf 89' lang='lat' dir='ltr'><strong>agitur.</strong></span> <span class='ocrx_word' id='word_1_444' title='bbox 2723 2968 2832 3024; x_wconf 86' lang='lat' dir='ltr'><strong>Sed</strong></span> <span class='ocrx_word' id='word_1_445' title='bbox 2871 2967 3103 3022; x_wconf 90' lang='lat' dir='ltr'><strong>solerter</strong></span> <span class='ocrx_word' id='word_1_446' title='bbox 3154 2967 3469 3023; x_wconf 90' lang='lat' dir='ltr'><strong>intuendum</strong></span> <span class='ocrx_word' id='word_1_447' title='bbox 3525 2979 3607 3023; x_wconf 73' lang='lat' dir='ltr'><strong>eet</strong></span> <span class='ocrx_word' id='word_1_448' title='bbox 3670 2984 3806 3038; x_wconf 71' lang='lat' dir='ltr'><strong>qua:</strong></span> 
     </span>
    </p>
   </div>
   <div class='ocr_carea' id='block_1_60' title="bbox 2208 3058 3803 3130">
    <p class='ocr_par' dir='ltr' id='par_1_60' title="bbox 2208 3058 3803 3130">
     <span class='ocr_line' id='line_1_60' title="bbox 2208 3058 3803 3130; baseline 0.001 -17"><span class='ocrx_word' id='word_1_449' title='bbox 2208 3068 2316 3115; x_wconf 91' lang='lat' dir='ltr'><strong>tres</strong></span> <span class='ocrx_word' id='word_1_450' title='bbox 2338 3058 2456 3114; x_wconf 74' lang='lat' dir='ltr'><strong>ista:</strong></span> <span class='ocrx_word' id='word_1_451' title='bbox 2480 3060 2626 3115; x_wconf 87' lang='lat' dir='ltr'><strong>vices</strong></span> <span class='ocrx_word' id='word_1_452' title='bbox 2652 3059 2760 3114; x_wconf 86' lang='lat' dir='ltr'><strong>sint</strong></span> <span class='ocrx_word' id='word_1_453' title='bbox 2786 3059 2981 3128; x_wconf 85' lang='lat' dir='ltr'><strong>quibus</strong></span> <span class='ocrx_word' id='word_1_454' title='bbox 3010 3061 3376 3130; x_wconf 87' lang='lat' dir='ltr'><strong>unusquisque</strong></span> <span class='ocrx_word' id='word_1_455' title='bbox 3407 3059 3567 3114; x_wconf 89' lang='lat' dir='ltr'><strong>homo</strong></span> <span class='ocrx_word' id='word_1_456' title='bbox 3607 3060 3803 3115; x_wconf 84' lang='lat' dir='ltr'><strong>anxie-</strong></span> 
     </span>
    </p>
   </div>
   <div class='ocr_carea' id='block_1_61' title="bbox 2206 3151 3807 3222">
    <p class='ocr_par' dir='ltr' id='par_1_61' title="bbox 2206 3151 3807 3222">
     <span class='ocr_line' id='line_1_61' title="bbox 2206 3151 3807 3222; baseline 0.006 -20"><span class='ocrx_word' id='word_1_457' title='bbox 2206 3158 2316 3206; x_wconf 90' lang='lat' dir='ltr'><strong>tate</strong></span> <span class='ocrx_word' id='word_1_458' title='bbox 2364 3153 2613 3207; x_wconf 77' lang='lat' dir='ltr'><strong>mteroris</strong></span> <span class='ocrx_word' id='word_1_459' title='bbox 2660 3152 2912 3217; x_wconf 84' lang='lat' dir='ltr'><strong>afficitur,</strong></span> <span class='ocrx_word' id='word_1_460' title='bbox 2956 3162 3011 3206; x_wconf 91' lang='lat' dir='ltr'><strong>et</strong></span> <span class='ocrx_word' id='word_1_461' title='bbox 3062 3160 3182 3220; x_wconf 89' lang='lat' dir='ltr'><strong>post</strong></span> <span class='ocrx_word' id='word_1_462' title='bbox 3232 3168 3517 3208; x_wconf 75' lang='lat' dir='ltr'><strong>mmrorem</strong></span> <span class='ocrx_word' id='word_1_463' title='bbox 3553 3151 3807 3222; x_wconf 82' lang='lat' dir='ltr'><strong>protinus</strong></span> 
     </span>
    </p>
   </div>
   <div class='ocr_carea' id='block_1_62' title="bbox 500 3231 3803 3319">
    <p class='ocr_par' dir='ltr' id='par_1_62' title="bbox 500 3231 3803 3319">
     <span class='ocr_line' id='line_1_62' title="bbox 500 3231 3803 3319; baseline 0.001 -23"><span class='ocrx_word' id='word_1_464' title='bbox 500 3256 642 3308; x_wconf 89' lang='lat' dir='ltr'><strong>mus,</strong></span> <span class='ocrx_word' id='word_1_465' title='bbox 676 3258 798 3297; x_wconf 90' lang='lat' dir='ltr'><strong>cum</strong></span> <span class='ocrx_word' id='word_1_466' title='bbox 843 3240 1132 3298; x_wconf 87' lang='lat' dir='ltr'><strong>vindictam</strong></span> <span class='ocrx_word' id='word_1_467' title='bbox 1167 3241 1369 3295; x_wconf 83' lang='lat' dir='ltr'><strong>nullam</strong></span> <span class='ocrx_word' id='word_1_468' title='bbox 1402 3241 1470 3295; x_wconf 90' lang='lat' dir='ltr'><strong>de</strong></span> <span class='ocrx_word' id='word_1_469' title='bbox 1502 3241 1781 3309; x_wconf 89' lang='lat' dir='ltr'><strong>iniquitate</strong></span> <span class='ocrx_word' id='word_1_470' title='bbox 1807 3243 2093 3296; x_wconf 88' lang='lat' dir='ltr'><strong>sentimus.</strong></span> <span class='ocrx_word' id='word_1_471' title='bbox 2122 3231 2172 3303; x_wconf 76' lang='grc' dir='ltr'><strong>ϐ</strong></span> <span class='ocrx_word' id='word_1_472' title='bbox 2208 3244 2271 3297; x_wconf 90' lang='lat' dir='ltr'><strong>ad</strong></span> <span class='ocrx_word' id='word_1_473' title='bbox 2305 3244 2649 3319; x_wconf 83' lang='lat' dir='ltr'><strong>securitatem</strong></span> <span class='ocrx_word' id='word_1_474' title='bbox 2679 3242 2877 3298; x_wconf 64' lang='lat' dir='ltr'><strong>laetitia</strong></span> <span class='ocrx_word' id='word_1_475' title='bbox 2916 3251 3224 3299; x_wconf 81' lang='lat' dir='ltr'><strong>revocatur.</strong></span> <span class='ocrx_word' id='word_1_476' title='bbox 3264 3244 3321 3298; x_wconf 84' lang='lat' dir='ltr'><strong>id</strong></span> <span class='ocrx_word' id='word_1_477' title='bbox 3348 3246 3492 3299; x_wconf 89' lang='lat' dir='ltr'><strong>enim</strong></span> <span class='ocrx_word' id='word_1_478' title='bbox 3523 3241 3803 3312; x_wconf 89' lang='lat' dir='ltr'><strong>superius,</strong></span> 
     </span>
    </p>
   </div>
   <div class='ocr_carea' id='block_1_63' title="bbox 499 3333 2095 3404">
    <p class='ocr_par' dir='ltr' id='par_1_63' title="bbox 499 3333 2095 3404">
     <span class='ocr_line' id='line_1_63' title="bbox 499 3333 2095 3404; baseline -0.001 -15"><span class='ocrx_word' id='word_1_479' title='bbox 499 3333 632 3389; x_wconf 83' lang='lat' dir='ltr'><strong>Nam</strong></span> <span class='ocrx_word' id='word_1_480' title='bbox 674 3344 988 3404; x_wconf 87' lang='lat' dir='ltr'><strong>peccatores</strong></span> <span class='ocrx_word' id='word_1_481' title='bbox 1018 3349 1118 3388; x_wconf 89' lang='lat' dir='ltr'><strong>nos</strong></span> <span class='ocrx_word' id='word_1_482' title='bbox 1142 3333 1361 3403; x_wconf 91' lang='lat' dir='ltr'><strong>quidem</strong></span> <span class='ocrx_word' id='word_1_483' title='bbox 1410 3335 1462 3387; x_wconf 93' lang='lat' dir='ltr'><strong>in</strong></span> <span class='ocrx_word' id='word_1_484' title='bbox 1511 3333 1890 3403; x_wconf 80' lang='lat' dir='ltr'><strong>tranquillitate</strong></span> <span class='ocrx_word' id='word_1_485' title='bbox 1922 3334 2095 3403; x_wconf 87' lang='lat' dir='ltr'><strong>loqui-</strong></span> 
     </span>
    </p>
   </div>
   <div class='ocr_carea' id='block_1_64' title="bbox 497 3424 2094 3497">
    <p class='ocr_par' dir='ltr' id='par_1_64' title="bbox 497 3424 2094 3497">
     <span class='ocr_line' id='line_1_64' title="bbox 497 3424 2094 3497; baseline -0.003 -12"><span class='ocrx_word' id='word_1_486' title='bbox 497 3442 640 3496; x_wconf 87' lang='lat' dir='ltr'><strong>mur,</strong></span> <span class='ocrx_word' id='word_1_487' title='bbox 672 3429 766 3484; x_wconf 68' lang='lat' dir='ltr'><strong>sed</strong></span> <span class='ocrx_word' id='word_1_488' title='bbox 794 3443 916 3483; x_wconf 93' lang='lat' dir='ltr'><strong>cum</strong></span> <span class='ocrx_word' id='word_1_489' title='bbox 942 3428 1010 3483; x_wconf 89' lang='lat' dir='ltr'><strong>de</strong></span> <span class='ocrx_word' id='word_1_490' title='bbox 1038 3428 1276 3497; x_wconf 87' lang='lat' dir='ltr'><strong>peccatis</strong></span> <span class='ocrx_word' id='word_1_491' title='bbox 1304 3427 1436 3496; x_wconf 88' lang='lat' dir='ltr'><strong>ipsis</strong></span> <span class='ocrx_word' id='word_1_492' title='bbox 1458 3424 1669 3495; x_wconf 83' lang='lat' dir='ltr'><strong>ﬂagello</strong></span> <span class='ocrx_word' id='word_1_493' title='bbox 1700 3426 2094 3482; x_wconf 87' lang='lat' dir='ltr'><strong>interveniente</strong></span> 
     </span>
    </p>
   </div>
   <div class='ocr_carea' id='block_1_65' title="bbox 497 3516 2091 3595">
    <p class='ocr_par' dir='ltr' id='par_1_65' title="bbox 497 3516 2091 3595">
     <span class='ocr_line' id='line_1_65' title="bbox 497 3516 2091 3595; baseline -0.003 -15"><span class='ocrx_word' id='word_1_494' title='bbox 497 3516 838 3595; x_wconf 87' lang='lat' dir='ltr'><strong>corripimur,</strong></span> <span class='ocrx_word' id='word_1_495' title='bbox 882 3535 1299 3576; x_wconf 88' lang='lat' dir='ltr'><strong>murmuramus.</strong></span> <span class='ocrx_word' id='word_1_496' title='bbox 1335 3518 1501 3573; x_wconf 79' lang='lat' dir='ltr'><strong>Pmna</strong></span> <span class='ocrx_word' id='word_1_497' title='bbox 1543 3533 1675 3588; x_wconf 89' lang='lat' dir='ltr'><strong>ergo</strong></span> <span class='ocrx_word' id='word_1_498' title='bbox 1714 3533 1813 3573; x_wconf 89' lang='lat' dir='ltr'><strong>nos</strong></span> <span class='ocrx_word' id='word_1_499' title='bbox 1859 3520 2091 3575; x_wconf 89' lang='lat' dir='ltr'><strong>interro-</strong></span> 
     </span>
    </p>
   </div>
   <div class='ocr_carea' id='block_1_66' title="bbox 495 3613 2092 3687">
    <p class='ocr_par' dir='ltr' id='par_1_66' title="bbox 495 3613 2092 3687">
     <span class='ocr_line' id='line_1_66' title="bbox 495 3613 2092 3687; baseline -0.002 -16"><span class='ocrx_word' id='word_1_500' title='bbox 495 3625 612 3687; x_wconf 86' lang='lat' dir='ltr'><strong>gat.</strong></span> <span class='ocrx_word' id='word_1_501' title='bbox 665 3616 707 3670; x_wconf 89' lang='lat' dir='ltr'><strong>si</strong></span> <span class='ocrx_word' id='word_1_502' title='bbox 758 3614 1020 3669; x_wconf 91' lang='lat' dir='ltr'><strong>veraciter</strong></span> <span class='ocrx_word' id='word_1_503' title='bbox 1059 3613 1434 3681; x_wconf 80' lang='lat' dir='ltr'><strong>cognoscimus</strong></span> <span class='ocrx_word' id='word_1_504' title='bbox 1492 3613 1728 3680; x_wconf 89' lang='lat' dir='ltr'><strong>culpam.</strong></span> <span class='ocrx_word' id='word_1_505' title='bbox 1765 3613 1858 3666; x_wconf 86' lang='lat' dir='ltr'><strong>Vir</strong></span> <span class='ocrx_word' id='word_1_506' title='bbox 1909 3615 2092 3683; x_wconf 86' lang='lat' dir='ltr'><strong>itaque</strong></span> 
     </span>
    </p>
   </div>
   <div class='ocr_carea' id='block_1_67' title="bbox 495 3704 2091 3777">
    <p class='ocr_par' dir='ltr' id='par_1_67' title="bbox 495 3704 2091 3777">
     <span class='ocr_line' id='line_1_67' title="bbox 495 3704 2091 3777; baseline 0 -17"><span class='ocrx_word' id='word_1_507' title='bbox 495 3706 693 3777; x_wconf 79' lang='lat' dir='ltr'><strong>justus,</strong></span> <span class='ocrx_word' id='word_1_508' title='bbox 725 3706 853 3777; x_wconf 88' lang='lat' dir='ltr'><strong>quia</strong></span> <span class='ocrx_word' id='word_1_509' title='bbox 874 3708 1088 3775; x_wconf 87' lang='lat' dir='ltr'><strong>culpam</strong></span> <span class='ocrx_word' id='word_1_510' title='bbox 1121 3720 1271 3758; x_wconf 90' lang='lat' dir='ltr'><strong>suam</strong></span> <span class='ocrx_word' id='word_1_511' title='bbox 1299 3704 1539 3758; x_wconf 89' lang='lat' dir='ltr'><strong>districte</strong></span> <span class='ocrx_word' id='word_1_512' title='bbox 1568 3704 1895 3769; x_wconf 89' lang='lat' dir='ltr'><strong>considerat,</strong></span> <span class='ocrx_word' id='word_1_513' title='bbox 1927 3706 2091 3760; x_wconf 86' lang='lat' dir='ltr'><strong>etiam</strong></span> 
     </span>
    </p>
   </div>
   <div class='ocr_carea' id='block_1_68' title="bbox 460 3793 2092 3875">
    <p class='ocr_par' dir='ltr' id='par_1_68' title="bbox 460 3793 2092 3875">
     <span class='ocr_line' id='line_1_68' title="bbox 460 3793 2092 3875; baseline -0.001 -24"><span class='ocrx_word' id='word_1_514' title='bbox 460 3796 554 3875; x_wconf 55' lang='lat' dir='ltr'><strong>.ln</strong></span> <span class='ocrx_word' id='word_1_515' title='bbox 576 3797 1026 3867; x_wconf 82' lang='lat' dir='ltr'><strong>flagellopositus</strong></span> <span class='ocrx_word' id='word_1_516' title='bbox 1057 3796 1199 3850; x_wconf 86' lang='lat' dir='ltr'><strong>dicat</strong></span> <span class='ocrx_word' id='word_1_517' title='bbox 1228 3812 1241 3847; x_wconf 93' lang='lat'>:</span> <span class='ocrx_word' id='word_1_518' title='bbox 1276 3793 1344 3848; x_wconf 86' lang='lat' dir='ltr'><strong>Et</strong></span> <span class='ocrx_word' id='word_1_519' title='bbox 1394 3805 1447 3849; x_wconf 89' lang='lat' dir='ltr'><strong>ut</strong></span> <span class='ocrx_word' id='word_1_520' title='bbox 1477 3796 1663 3866; x_wconf 86' lang='lat' dir='ltr'><strong>dignus</strong></span> <span class='ocrx_word' id='word_1_521' title='bbox 1693 3813 1835 3850; x_wconf 88' lang='lat' dir='ltr'><strong>eram</strong></span> <span class='ocrx_word' id='word_1_522' title='bbox 1874 3813 1976 3850; x_wconf 85' lang='lat' dir='ltr'><strong>non</strong></span> <span class='ocrx_word' id='word_1_523' title='bbox 2011 3812 2092 3850; x_wconf 85' lang='lat' dir='ltr'><strong>re-</strong></span> 
     </span>
    </p>
   </div>
   <div class='ocr_carea' id='block_1_69' title="bbox 495 3889 1759 3960">
    <p class='ocr_par' dir='ltr' id='par_1_69' title="bbox 495 3889 1759 3960">
     <span class='ocr_line' id='line_1_69' title="bbox 495 3889 1759 3960; baseline 0.001 -17"><span class='ocrx_word' id='word_1_524' title='bbox 495 3890 623 3960; x_wconf 86' lang='lat' dir='ltr'><strong>cepi.</strong></span> <span class='ocrx_word' id='word_1_525' title='bbox 653 3889 914 3958; x_wconf 84' lang='lat' dir='ltr'><strong>Sequitur</strong></span> <span class='ocrx_word' id='word_1_526' title='bbox 947 3906 962 3943; x_wconf 91' lang='lat'>:</span> <span class='ocrx_word' id='word_1_527' title='bbox 1754 3896 1759 3901; x_wconf 81' lang='grc'><strong>’</strong></span> 
     </span>
    </p>
   </div>
   <div class='ocr_carea' id='block_1_70' title="bbox 1125 3978 1463 4034">
    <p class='ocr_par' dir='ltr' id='par_1_70' title="bbox 1125 3978 1463 4034">
     <span class='ocr_line' id='line_1_70' title="bbox 1125 3978 1463 4034; baseline -0.003 -2"><span class='ocrx_word' id='word_1_528' title='bbox 1125 3978 1355 4034; x_wconf 84' lang='lat' dir='ltr'><strong>CAPUT</strong></span> <span class='ocrx_word' id='word_1_529' title='bbox 1394 3978 1463 4032; x_wconf 74' lang='grc' dir='ltr'><strong>Χ.</strong></span> 
     </span>
    </p>
   </div>
   <div class='ocr_carea' id='block_1_71' title="bbox 572 4070 2095 4141">
    <p class='ocr_par' dir='ltr' id='par_1_71' title="bbox 572 4070 2095 4141">
     <span class='ocr_line' id='line_1_71' title="bbox 572 4070 2095 4141; baseline 0.001 -16"><span class='ocrx_word' id='word_1_530' title='bbox 572 4073 735 4129; x_wconf 69' lang='grc' dir='ltr'>νιιιε.</span> <span class='ocrx_word' id='word_1_531' title='bbox 765 4072 859 4127; x_wconf 81' lang='lat'><strong>28.</strong></span> <span class='ocrx_word' id='word_1_532' title='bbox 889 4100 960 4112; x_wconf 92' lang='lat'><strong>—-</strong></span> <span class='ocrx_word' id='word_1_533' title='bbox 981 4070 1237 4125; x_wconf 86' lang='lat' dir='ltr'><strong>Liberavit</strong></span> <span class='ocrx_word' id='word_1_534' title='bbox 1260 4070 1394 4123; x_wconf 90' lang='lat' dir='ltr'><strong>enim</strong></span> <span class='ocrx_word' id='word_1_535' title='bbox 1424 4071 1650 4124; x_wconf 88' lang='lat' dir='ltr'><strong>animam</strong></span> <span class='ocrx_word' id='word_1_536' title='bbox 1674 4086 1847 4137; x_wconf 87' lang='lat' dir='ltr'><strong>suam,</strong></span> <span class='ocrx_word' id='word_1_537' title='bbox 1890 4088 1953 4125; x_wconf 89' lang='lat' dir='ltr'><strong>ne</strong></span> <span class='ocrx_word' id='word_1_538' title='bbox 1979 4087 2095 4141; x_wconf 86' lang='lat' dir='ltr'><strong>per-</strong></span> 
     </span>
    </p>
   </div>
   <div class='ocr_carea' id='block_1_72' title="bbox 504 4167 1029 4240">
    <p class='ocr_par' dir='ltr' id='par_1_72' title="bbox 504 4167 1029 4240">
     <span class='ocr_line' id='line_1_72' title="bbox 504 4167 1029 4240; baseline -0.006 -18"><span class='ocrx_word' id='word_1_539' title='bbox 504 4176 642 4240; x_wconf 86' lang='lat' dir='ltr'><strong>geret</strong></span> <span class='ocrx_word' id='word_1_540' title='bbox 669 4167 724 4219; x_wconf 86' lang='lat' dir='ltr'><strong>in</strong></span> <span class='ocrx_word' id='word_1_541' title='bbox 748 4167 1029 4220; x_wconf 86' lang='lat' dir='ltr'><strong>interitum.</strong></span> 
     </span>
    </p>
   </div>
   <div class='ocr_carea' id='block_1_73' title="bbox 568 4256 2093 4329">
    <p class='ocr_par' dir='ltr' id='par_1_73' title="bbox 568 4256 2093 4329">
     <span class='ocr_line' id='line_1_73' title="bbox 568 4256 2093 4329; baseline 0.001 -18"><span class='ocrx_word' id='word_1_542' title='bbox 568 4259 660 4312; x_wconf 66' lang='lat' dir='ltr'><strong>2d.</strong></span> <span class='ocrx_word' id='word_1_543' title='bbox 696 4256 888 4311; x_wconf 72' lang='lat' dir='ltr'><strong>Gratim</strong></span> <span class='ocrx_word' id='word_1_544' title='bbox 914 4256 1267 4326; x_wconf 77' lang='lat' dir='ltr'><strong>prtevenientis</strong></span> <span class='ocrx_word' id='word_1_545' title='bbox 1298 4266 1347 4311; x_wconf 91' lang='lat' dir='ltr'><strong>et</strong></span> <span class='ocrx_word' id='word_1_546' title='bbox 1372 4256 1519 4311; x_wconf 80' lang='lat' dir='ltr'><strong>liberi</strong></span> <span class='ocrx_word' id='word_1_547' title='bbox 1547 4258 1747 4311; x_wconf 82' lang='lat' dir='ltr'><strong>arbitrii</strong></span> <span class='ocrx_word' id='word_1_548' title='bbox 1784 4259 2093 4329; x_wconf 86' lang='lat' dir='ltr'><strong>subsequen-</strong></span> 
     </span>
    </p>
   </div>
   <div class='ocr_carea' id='block_1_74' title="bbox 496 4348 2090 4418">
    <p class='ocr_par' dir='ltr' id='par_1_74' title="bbox 496 4348 2090 4418">
     <span class='ocr_line' id='line_1_74' title="bbox 496 4348 2090 4418; baseline 0 -15"><span class='ocrx_word' id='word_1_549' title='bbox 496 4353 557 4404; x_wconf 86' lang='lat' dir='ltr'><strong>tis</strong></span> <span class='ocrx_word' id='word_1_550' title='bbox 611 4349 912 4405; x_wconf 88' lang='lat' dir='ltr'><strong>concordia.</strong></span> <span class='ocrx_word' id='word_1_551' title='bbox 941 4378 1011 4390; x_wconf 91' lang='lat'><strong>—</strong></span> <span class='ocrx_word' id='word_1_552' title='bbox 1040 4348 1173 4415; x_wconf 85' lang='lat' dir='ltr'><strong>Quia</strong></span> <span class='ocrx_word' id='word_1_553' title='bbox 1222 4350 1583 4417; x_wconf 74' lang='lat' dir='ltr'><strong>prmveniente</strong></span> <span class='ocrx_word' id='word_1_554' title='bbox 1625 4348 1804 4403; x_wconf 85' lang='lat' dir='ltr'><strong>divina</strong></span> <span class='ocrx_word' id='word_1_555' title='bbox 1834 4349 2003 4418; x_wconf 88' lang='lat' dir='ltr'><strong>gratia</strong></span> <span class='ocrx_word' id='word_1_556' title='bbox 2038 4350 2090 4404; x_wconf 91' lang='lat' dir='ltr'><strong>in</strong></span> 
     </span>
    </p>
   </div>
   <div class='ocr_carea' id='block_1_75' title="bbox 496 4442 2094 4514">
    <p class='ocr_par' dir='ltr' id='par_1_75' title="bbox 496 4442 2094 4514">
     <span class='ocr_line' id='line_1_75' title="bbox 496 4442 2094 4514; baseline 0 -16"><span class='ocrx_word' id='word_1_557' title='bbox 496 4443 809 4512; x_wconf 85' lang='lat' dir='ltr'><strong>operatione</strong></span> <span class='ocrx_word' id='word_1_558' title='bbox 832 4442 992 4508; x_wconf 86' lang='lat' dir='ltr'><strong>bona,</strong></span> <span class='ocrx_word' id='word_1_559' title='bbox 1024 4451 1047 4477; x_wconf 67' lang='grc' dir='ltr'><strong>ἀ</strong></span> <span class='ocrx_word' id='word_1_560' title='bbox 1082 4450 1326 4496; x_wconf 90' lang='lat' dir='ltr'><strong>nostrum</strong></span> <span class='ocrx_word' id='word_1_561' title='bbox 1354 4442 1579 4497; x_wconf 91' lang='lat' dir='ltr'><strong>liberum</strong></span> <span class='ocrx_word' id='word_1_562' title='bbox 1608 4442 1882 4496; x_wconf 90' lang='lat' dir='ltr'><strong>arbitrium</strong></span> <span class='ocrx_word' id='word_1_563' title='bbox 1914 4447 2094 4514; x_wconf 89' lang='lat' dir='ltr'><strong>sequi-</strong></span> 
     </span>
    </p>
   </div>
   <div class='ocr_carea' id='block_1_76' title="bbox 497 4535 2092 4604">
    <p class='ocr_par' dir='ltr' id='par_1_76' title="bbox 497 4535 2092 4604">
     <span class='ocr_line' id='line_1_76' title="bbox 497 4535 2092 4604; baseline 0.003 -15"><span class='ocrx_word' id='word_1_564' title='bbox 497 4544 609 4602; x_wconf 89' lang='lat' dir='ltr'><strong>tur,</strong></span> <span class='ocrx_word' id='word_1_565' title='bbox 643 4537 1003 4603; x_wconf 81' lang='lat' dir='ltr'><strong>nosmetipsos</strong></span> <span class='ocrx_word' id='word_1_566' title='bbox 1036 4535 1263 4590; x_wconf 87' lang='lat' dir='ltr'><strong>liberare</strong></span> <span class='ocrx_word' id='word_1_567' title='bbox 1305 4535 1557 4600; x_wconf 89' lang='lat' dir='ltr'><strong>dicimur,</strong></span> <span class='ocrx_word' id='word_1_568' title='bbox 1590 4535 1680 4604; x_wconf 89' lang='lat' dir='ltr'><strong>qui</strong></span> <span class='ocrx_word' id='word_1_569' title='bbox 1714 4536 1964 4591; x_wconf 88' lang='lat' dir='ltr'><strong>liberanti</strong></span> <span class='ocrx_word' id='word_1_570' title='bbox 1996 4553 2092 4593; x_wconf 92' lang='lat' dir='ltr'><strong>nos</strong></span> 
     </span>
    </p>
   </div>
   <div class='ocr_carea' id='block_1_77' title="bbox 2202 3335 3802 3407">
    <p class='ocr_par' dir='ltr' id='par_1_77' title="bbox 2202 3335 3802 3407">
     <span class='ocr_line' id='line_1_77' title="bbox 2202 3335 3802 3407; baseline 0.002 -19"><span class='ocrx_word' id='word_1_571' title='bbox 2202 3337 2341 3390; x_wconf 88' lang='lat' dir='ltr'><strong>sicut</strong></span> <span class='ocrx_word' id='word_1_572' title='bbox 2364 3336 2470 3402; x_wconf 82' lang='lat' dir='ltr'><strong>jam</strong></span> <span class='ocrx_word' id='word_1_573' title='bbox 2507 3335 2638 3403; x_wconf 84' lang='lat' dir='ltr'><strong>dixi,</strong></span> <span class='ocrx_word' id='word_1_574' title='bbox 2671 3346 3005 3401; x_wconf 90' lang='lat' dir='ltr'><strong>narraverat,</strong></span> <span class='ocrx_word' id='word_1_575' title='bbox 3031 3336 3172 3405; x_wconf 92' lang='lat' dir='ltr'><strong>quod</strong></span> <span class='ocrx_word' id='word_1_576' title='bbox 3195 3344 3251 3391; x_wconf 90' lang='lat' dir='ltr'><strong>et</strong></span> <span class='ocrx_word' id='word_1_577' title='bbox 3274 3336 3454 3407; x_wconf 84' lang='lat' dir='ltr'><strong>gravis</strong></span> <span class='ocrx_word' id='word_1_578' title='bbox 3487 3335 3633 3402; x_wconf 90' lang='lat' dir='ltr'><strong>prius</strong></span> <span class='ocrx_word' id='word_1_579' title='bbox 3656 3351 3802 3391; x_wconf 74' lang='lat' dir='ltr'><strong>mte-</strong></span> 
     </span>
    </p>
   </div>
   <div class='ocr_carea' id='block_1_78' title="bbox 2198 3424 3803 3497">
    <p class='ocr_par' dir='ltr' id='par_1_78' title="bbox 2198 3424 3803 3497">
     <span class='ocr_line' id='line_1_78' title="bbox 2198 3424 3803 3497; baseline 0.001 -19"><span class='ocrx_word' id='word_1_580' title='bbox 2198 3441 2292 3481; x_wconf 87' lang='lat' dir='ltr'><strong>ror</strong></span> <span class='ocrx_word' id='word_1_581' title='bbox 2315 3424 2498 3491; x_wconf 84' lang='lat' dir='ltr'><strong>afficit,</strong></span> <span class='ocrx_word' id='word_1_582' title='bbox 2515 3434 2568 3479; x_wconf 87' lang='lat' dir='ltr'><strong>et</strong></span> <span class='ocrx_word' id='word_1_583' title='bbox 2595 3440 2788 3497; x_wconf 86' lang='lat' dir='ltr'><strong>magna</strong></span> <span class='ocrx_word' id='word_1_584' title='bbox 2811 3425 3153 3495; x_wconf 87' lang='lat' dir='ltr'><strong>postmodum</strong></span> <span class='ocrx_word' id='word_1_585' title='bbox 3181 3427 3360 3481; x_wconf 69' lang='lat' dir='ltr'><strong>laetitia</strong></span> <span class='ocrx_word' id='word_1_586' title='bbox 3384 3425 3601 3481; x_wconf 88' lang='lat' dir='ltr'><strong>attollit.</strong></span> <span class='ocrx_word' id='word_1_587' title='bbox 3630 3424 3803 3495; x_wconf 85' lang='lat' dir='ltr'><strong>Igitur</strong></span> 
     </span>
    </p>
   </div>
   <div class='ocr_carea' id='block_1_79' title="bbox 2199 3516 3801 3587">
    <p class='ocr_par' dir='ltr' id='par_1_79' title="bbox 2199 3516 3801 3587">
     <span class='ocr_line' id='line_1_79' title="bbox 2199 3516 3801 3587; baseline 0.002 -17"><span class='ocrx_word' id='word_1_588' title='bbox 2199 3516 2243 3570; x_wconf 87' lang='lat' dir='ltr'><strong>si</strong></span> <span class='ocrx_word' id='word_1_589' title='bbox 2293 3517 2575 3587; x_wconf 83' lang='lat' dir='ltr'><strong>vigilanter</strong></span> <span class='ocrx_word' id='word_1_590' title='bbox 2622 3517 2969 3587; x_wconf 84' lang='lat' dir='ltr'><strong>intendimus,</strong></span> <span class='ocrx_word' id='word_1_591' title='bbox 3003 3520 3100 3573; x_wconf 89' lang='lat' dir='ltr'><strong>bas</strong></span> <span class='ocrx_word' id='word_1_592' title='bbox 3130 3530 3239 3574; x_wconf 89' lang='lat' dir='ltr'><strong>tres</strong></span> <span class='ocrx_word' id='word_1_593' title='bbox 3279 3520 3423 3574; x_wconf 87' lang='lat' dir='ltr'><strong>vices</strong></span> <span class='ocrx_word' id='word_1_594' title='bbox 3464 3518 3711 3574; x_wconf 66' lang='lat' dir='ltr'><strong>maeroris</strong></span> <span class='ocrx_word' id='word_1_595' title='bbox 3742 3528 3801 3574; x_wconf 92' lang='lat' dir='ltr'><strong>et</strong></span> 
     </span>
    </p>
   </div>
   <div class='ocr_carea' id='block_1_80' title="bbox 2205 3607 3799 3680">
    <p class='ocr_par' dir='ltr' id='par_1_80' title="bbox 2205 3607 3799 3680">
     <span class='ocr_line' id='line_1_80' title="bbox 2205 3607 3799 3680; baseline 0.003 -19"><span class='ocrx_word' id='word_1_596' title='bbox 2205 3607 2411 3662; x_wconf 64' lang='lat' dir='ltr'><strong>laatitia:</strong></span> <span class='ocrx_word' id='word_1_597' title='bbox 2441 3608 2494 3663; x_wconf 89' lang='lat' dir='ltr'><strong>in</strong></span> <span class='ocrx_word' id='word_1_598' title='bbox 2533 3609 2955 3680; x_wconf 86' lang='lat' dir='ltr'><strong>uniuscujusque</strong></span> <span class='ocrx_word' id='word_1_599' title='bbox 2984 3610 3141 3666; x_wconf 91' lang='lat' dir='ltr'><strong>electi</strong></span> <span class='ocrx_word' id='word_1_600' title='bbox 3172 3613 3351 3667; x_wconf 86' lang='lat' dir='ltr'><strong>animo</strong></span> <span class='ocrx_word' id='word_1_601' title='bbox 3383 3612 3498 3666; x_wconf 92' lang='lat' dir='ltr'><strong>istis</strong></span> <span class='ocrx_word' id='word_1_602' title='bbox 3539 3613 3799 3673; x_wconf 88' lang='lat' dir='ltr'><strong>alternari</strong></span> 
     </span>
    </p>
   </div>
   <div class='ocr_carea' id='block_1_81' title="bbox 2201 3699 3796 3771">
    <p class='ocr_par' dir='ltr' id='par_1_81' title="bbox 2201 3699 3796 3771">
     <span class='ocr_line' id='line_1_81' title="bbox 2201 3699 3796 3771; baseline 0.004 -19"><span class='ocrx_word' id='word_1_603' title='bbox 2201 3699 2380 3754; x_wconf 89' lang='lat' dir='ltr'><strong>modis</strong></span> <span class='ocrx_word' id='word_1_604' title='bbox 2402 3700 2723 3768; x_wconf 90' lang='lat' dir='ltr'><strong>invenimus,</strong></span> <span class='ocrx_word' id='word_1_605' title='bbox 2758 3700 2809 3755; x_wconf 91' lang='lat' dir='ltr'><strong>id</strong></span> <span class='ocrx_word' id='word_1_606' title='bbox 2834 3699 2964 3756; x_wconf 63' lang='lat' dir='ltr'><strong>est&#39;1</strong></span> <span class='ocrx_word' id='word_1_607' title='bbox 2987 3705 3364 3771; x_wconf 88' lang='lat' dir='ltr'><strong>conversione,</strong></span> <span class='ocrx_word' id='word_1_608' title='bbox 3399 3706 3689 3760; x_wconf 87' lang='lat' dir='ltr'><strong>tentatione</strong></span> <span class='ocrx_word' id='word_1_609' title='bbox 3737 3714 3796 3758; x_wconf 89' lang='lat' dir='ltr'><strong>et</strong></span> 
     </span>
    </p>
   </div>
   <div class='ocr_carea' id='block_1_82' title="bbox 2199 3799 2390 3845">
    <p class='ocr_par' dir='ltr' id='par_1_82' title="bbox 2199 3799 2390 3845">
     <span class='ocr_line' id='line_1_82' title="bbox 2199 3799 2390 3845; baseline 0.005 -1"><span class='ocrx_word' id='word_1_610' title='bbox 2199 3799 2390 3845; x_wconf 91' lang='lat' dir='ltr'><strong>morte.</strong></span> 
     </span>
    </p>
   </div>
   <div class='ocr_carea' id='block_1_83' title="bbox 2273 3878 3797 3955">
    <p class='ocr_par' dir='ltr' id='par_1_83' title="bbox 2273 3878 3797 3955">
     <span class='ocr_line' id='line_1_83' title="bbox 2273 3878 3797 3955; baseline 0.004 -22"><span class='ocrx_word' id='word_1_611' title='bbox 2273 3879 2443 3934; x_wconf 75' lang='lat'><strong>26.1.</strong></span> <span class='ocrx_word' id='word_1_612' title='bbox 2470 3878 2537 3933; x_wconf 86' lang='lat' dir='ltr'><strong>In</strong></span> <span class='ocrx_word' id='word_1_613' title='bbox 2563 3884 2904 3951; x_wconf 88' lang='lat' dir='ltr'><strong>conversione,</strong></span> <span class='ocrx_word' id='word_1_614' title='bbox 2945 3899 3064 3938; x_wconf 84' lang='lat' dir='ltr'><strong>cum</strong></span> <span class='ocrx_word' id='word_1_615' title='bbox 3090 3883 3211 3939; x_wconf 79' lang='lat' dir='ltr'><strong>hinc</strong></span> <span class='ocrx_word' id='word_1_616' title='bbox 3238 3885 3450 3955; x_wconf 85' lang='lat' dir='ltr'><strong>spiritus</strong></span> <span class='ocrx_word' id='word_1_617' title='bbox 3478 3894 3645 3951; x_wconf 87' lang='lat' dir='ltr'><strong>vocat,</strong></span> <span class='ocrx_word' id='word_1_618' title='bbox 3674 3885 3797 3939; x_wconf 79' lang='lat' dir='ltr'><strong>hinc</strong></span> 
     </span>
    </p>
   </div>
   <div class='ocr_carea' id='block_1_84' title="bbox 2197 3960 3794 4048">
    <p class='ocr_par' dir='ltr' id='par_1_84' title="bbox 2197 3960 3794 4048">
     <span class='ocr_line' id='line_1_84' title="bbox 2197 3960 3794 4048; baseline 0.003 -20"><span class='ocrx_word' id='word_1_619' title='bbox 2197 3960 2316 4028; x_wconf 80' lang='lat' dir='ltr'><strong>caro</strong></span> <span class='ocrx_word' id='word_1_620' title='bbox 2336 3984 2552 4029; x_wconf 78' lang='lat' dir='ltr'><strong>revocat.</strong></span> <span class='ocrx_word' id='word_1_621' title='bbox 2581 4006 2650 4016; x_wconf 93' lang='lat'><strong><em>—</em></strong></span> <span class='ocrx_word' id='word_1_622' title='bbox 2678 3976 2755 4030; x_wconf 79' lang='lat' dir='ltr'><strong>ln&#39;</strong></span> <span class='ocrx_word' id='word_1_623' title='bbox 2776 3978 2944 4045; x_wconf 87' lang='lat' dir='ltr'><strong>prima</strong></span> <span class='ocrx_word' id='word_1_624' title='bbox 2967 3978 3164 4048; x_wconf 88' lang='lat' dir='ltr'><strong>quippe</strong></span> <span class='ocrx_word' id='word_1_625' title='bbox 3196 3994 3355 4048; x_wconf 90' lang='lat' dir='ltr'><strong>quam</strong></span> <span class='ocrx_word' id='word_1_626' title='bbox 3398 3980 3629 4035; x_wconf 80' lang='lat' dir='ltr'><strong>diximus</strong></span> <span class='ocrx_word' id='word_1_627' title='bbox 3657 3994 3794 4035; x_wconf 84' lang='lat' dir='ltr'><strong>con-</strong></span> 
     </span>
    </p>
   </div>
   <div class='ocr_carea' id='block_1_85' title="bbox 2199 4070 3798 4143">
    <p class='ocr_par' dir='ltr' id='par_1_85' title="bbox 2199 4070 3798 4143">
     <span class='ocr_line' id='line_1_85' title="bbox 2199 4070 3798 4143; baseline 0.001 -20"><span class='ocrx_word' id='word_1_628' title='bbox 2199 4070 2461 4124; x_wconf 88' lang='lat' dir='ltr'><strong>versionis</strong></span> <span class='ocrx_word' id='word_1_629' title='bbox 2487 4070 2601 4125; x_wconf 84' lang='lat' dir='ltr'><strong>vice</strong></span> <span class='ocrx_word' id='word_1_630' title='bbox 2638 4072 2818 4140; x_wconf 86' lang='lat' dir='ltr'><strong>gravis</strong></span> <span class='ocrx_word' id='word_1_631' title='bbox 2848 4086 3050 4127; x_wconf 72' lang='lat' dir='ltr'><strong>mceror</strong></span> <span class='ocrx_word' id='word_1_632' title='bbox 3079 4081 3182 4139; x_wconf 89' lang='lat' dir='ltr'><strong>est,</strong></span> <span class='ocrx_word' id='word_1_633' title='bbox 3216 4088 3335 4128; x_wconf 88' lang='lat' dir='ltr'><strong>cuni</strong></span> <span class='ocrx_word' id='word_1_634' title='bbox 3378 4089 3475 4128; x_wconf 90' lang='lat' dir='ltr'><strong>sua</strong></span> <span class='ocrx_word' id='word_1_635' title='bbox 3500 4074 3798 4143; x_wconf 82' lang='lat' dir='ltr'><strong>unusquis—</strong></span> 
     </span>
    </p>
   </div>
   <div class='ocr_carea' id='block_1_86' title="bbox 2198 4164 3799 4232">
    <p class='ocr_par' dir='ltr' id='par_1_86' title="bbox 2198 4164 3799 4232">
     <span class='ocr_line' id='line_1_86' title="bbox 2198 4164 3799 4232; baseline 0.004 -17"><span class='ocrx_word' id='word_1_636' title='bbox 2198 4176 2302 4231; x_wconf 90' lang='lat' dir='ltr'><strong>que</strong></span> <span class='ocrx_word' id='word_1_637' title='bbox 2350 4170 2570 4231; x_wconf 90' lang='lat' dir='ltr'><strong>peccata</strong></span> <span class='ocrx_word' id='word_1_638' title='bbox 2609 4164 2979 4232; x_wconf 68' lang='lat' dir='ltr'><strong>considerans,</strong></span> <span class='ocrx_word' id='word_1_639' title='bbox 3027 4180 3274 4220; x_wconf 90' lang='lat' dir='ltr'><strong>curarum</strong></span> <span class='ocrx_word' id='word_1_640' title='bbox 3304 4165 3638 4221; x_wconf 65' lang='lat' dir='ltr'><strong>sreculariuni</strong></span> <span class='ocrx_word' id='word_1_641' title='bbox 3677 4167 3799 4221; x_wconf 89' lang='lat' dir='ltr'><strong>vult</strong></span> 
     </span>
    </p>
   </div>
   <div class='ocr_carea' id='block_1_87' title="bbox 2197 4254 3797 4328">
    <p class='ocr_par' dir='ltr' id='par_1_87' title="bbox 2197 4254 3797 4328">
     <span class='ocr_line' id='line_1_87' title="bbox 2197 4254 3797 4328; baseline 0.001 -19"><span class='ocrx_word' id='word_1_642' title='bbox 2197 4254 2489 4323; x_wconf 89' lang='lat' dir='ltr'><strong>compedes</strong></span> <span class='ocrx_word' id='word_1_643' title='bbox 2514 4269 2781 4323; x_wconf 89' lang='lat' dir='ltr'><strong>rumpere,</strong></span> <span class='ocrx_word' id='word_1_644' title='bbox 2822 4266 2877 4311; x_wconf 91' lang='lat' dir='ltr'><strong>et</strong></span> <span class='ocrx_word' id='word_1_645' title='bbox 2906 4258 3043 4309; x_wconf 88' lang='lat' dir='ltr'><strong>viam</strong></span> <span class='ocrx_word' id='word_1_646' title='bbox 3077 4257 3168 4311; x_wconf 87' lang='lat' dir='ltr'><strong>Dei</strong></span> <span class='ocrx_word' id='word_1_647' title='bbox 3202 4272 3300 4328; x_wconf 89' lang='lat' dir='ltr'><strong>per</strong></span> <span class='ocrx_word' id='word_1_648' title='bbox 3328 4260 3555 4326; x_wconf 84' lang='lat' dir='ltr'><strong>spatium</strong></span> <span class='ocrx_word' id='word_1_649' title='bbox 3585 4270 3797 4312; x_wconf 76' lang='lat' dir='ltr'><strong>secura:</strong></span> 
     </span>
    </p>
   </div>
   <div class='ocr_carea' id='block_1_88' title="bbox 2197 4348 3792 4432">
    <p class='ocr_par' dir='ltr' id='par_1_88' title="bbox 2197 4348 3792 4432">
     <span class='ocr_line' id='line_1_88' title="bbox 2197 4348 3792 4432; baseline 0.001 -29"><span class='ocrx_word' id='word_1_650' title='bbox 2197 4350 2628 4404; x_wconf 85' lang='lat' dir='ltr'><strong>conversationis</strong></span> <span class='ocrx_word' id='word_1_651' title='bbox 2656 4348 2957 4416; x_wconf 89' lang='lat' dir='ltr'><strong>ambulare;</strong></span> <span class='ocrx_word' id='word_1_652' title='bbox 2994 4351 3384 4406; x_wconf 85' lang='lat' dir='ltr'><strong>desideriorum</strong></span> <span class='ocrx_word' id='word_1_653' title='bbox 3416 4351 3792 4432; x_wconf 69' lang='lat' dir='ltr'><strong>temporalium</strong></span> 
     </span>
    </p>
   </div>
   <div class='ocr_carea' id='block_1_89' title="bbox 2204 4442 3793 4514">
    <p class='ocr_par' dir='ltr' id='par_1_89' title="bbox 2204 4442 3793 4514">
     <span class='ocr_line' id='line_1_89' title="bbox 2204 4442 3793 4514; baseline 0.003 -22"><span class='ocrx_word' id='word_1_654' title='bbox 2204 4457 2339 4495; x_wconf 85' lang='lat' dir='ltr'><strong>onus</strong></span> <span class='ocrx_word' id='word_1_655' title='bbox 2374 4458 2535 4512; x_wconf 86' lang='lat' dir='ltr'><strong>grave</strong></span> <span class='ocrx_word' id='word_1_656' title='bbox 2582 4442 2835 4511; x_wconf 85' lang='lat' dir='ltr'><strong>abjicere,</strong></span> <span class='ocrx_word' id='word_1_657' title='bbox 2863 4452 2918 4497; x_wconf 92' lang='lat' dir='ltr'><strong>et</strong></span> <span class='ocrx_word' id='word_1_658' title='bbox 2947 4452 2971 4479; x_wconf 75' lang='grc' dir='ltr'><strong>ο</strong></span> <span class='ocrx_word' id='word_1_659' title='bbox 3003 4444 3120 4499; x_wconf 87' lang='lat' dir='ltr'><strong>leve</strong></span> <span class='ocrx_word' id='word_1_660' title='bbox 3144 4443 3327 4514; x_wconf 87' lang='lat' dir='ltr'><strong>jugum</strong></span> <span class='ocrx_word' id='word_1_661' title='bbox 3376 4443 3585 4497; x_wconf 90' lang='lat' dir='ltr'><strong>Domini</strong></span> <span class='ocrx_word' id='word_1_662' title='bbox 3620 4444 3793 4498; x_wconf 90' lang='lat' dir='ltr'><strong>libera</strong></span> 
     </span>
    </p>
   </div>
   <div class='ocr_carea' id='block_1_90' title="bbox 2203 4526 3793 4606">
    <p class='ocr_par' dir='ltr' id='par_1_90' title="bbox 2203 4526 3793 4606">
     <span class='ocr_line' id='line_1_90' title="bbox 2203 4526 3793 4606; baseline 0 -18"><span class='ocrx_word' id='word_1_663' title='bbox 2203 4538 2463 4589; x_wconf 83' lang='lat' dir='ltr'><strong>servitute</strong></span> <span class='ocrx_word' id='word_1_664' title='bbox 2495 4544 2729 4606; x_wconf 79' lang='lat' dir='ltr'><strong>portare.</strong></span> <span class='ocrx_word' id='word_1_665' title='bbox 2763 4526 3024 4606; x_wconf 82' lang='lat' dir='ltr'><strong>Cogitanti</strong></span> <span class='ocrx_word' id='word_1_666' title='bbox 3078 4536 3223 4593; x_wconf 78' lang='lat' dir='ltr'><strong>enim</strong></span> <span class='ocrx_word' id='word_1_667' title='bbox 3269 4538 3368 4591; x_wconf 72' lang='lat' dir='ltr'><strong>ista</strong></span> <span class='ocrx_word' id='word_1_668' title='bbox 3412 4536 3648 4590; x_wconf 72' lang='lat' dir='ltr'><strong>Occurrit</strong></span> <span class='ocrx_word' id='word_1_669' title='bbox 3698 4536 3793 4590; x_wconf 88' lang='lat' dir='ltr'><strong>illa</strong></span> 
     </span>
    </p>
   </div>
   <div class='ocr_carea' id='block_1_91' title="bbox 495 4618 3793 4698">
    <p class='ocr_par' dir='ltr' id='par_1_91' title="bbox 495 4618 3793 4698">
     <span class='ocr_line' id='line_1_91' title="bbox 495 4618 3793 4698; baseline -0 -16"><span class='ocrx_word' id='word_1_670' title='bbox 495 4624 725 4683; x_wconf 88' lang='lat' dir='ltr'><strong>Domino</strong></span> <span class='ocrx_word' id='word_1_671' title='bbox 773 4628 1165 4683; x_wconf 87' lang='lat' dir='ltr'><strong>consentimus.</strong></span> <span class='ocrx_word' id='word_1_672' title='bbox 1214 4627 1368 4683; x_wconf 82' lang='lat' dir='ltr'><strong>Unde</strong></span> <span class='ocrx_word' id='word_1_673' title='bbox 1416 4628 1629 4691; x_wconf 87' lang='lat' dir='ltr'><strong>Paulus,</strong></span> <span class='ocrx_word' id='word_1_674' title='bbox 1676 4643 1796 4682; x_wconf 92' lang='lat' dir='ltr'><strong>cum</strong></span> <span class='ocrx_word' id='word_1_675' title='bbox 1837 4629 2081 4685; x_wconf 82' lang='lat' dir='ltr'><strong>diceret:</strong></span> <span class='ocrx_word' id='word_1_676' title='bbox 2114 4618 2170 4681; x_wconf 86' lang='grc'><strong>1)</strong></span> <span class='ocrx_word' id='word_1_677' title='bbox 2200 4626 2492 4683; x_wconf 88' lang='lat' dir='ltr'><strong>familiaris</strong></span> <span class='ocrx_word' id='word_1_678' title='bbox 2540 4642 2634 4681; x_wconf 89' lang='lat' dir='ltr'><strong>sua</strong></span> <span class='ocrx_word' id='word_1_679' title='bbox 2692 4620 2976 4684; x_wconf 81' lang='lat' dir='ltr'><strong>delectatio</strong></span> <span class='ocrx_word' id='word_1_680' title='bbox 3020 4627 3267 4695; x_wconf 89' lang='lat' dir='ltr'><strong>carnalis,</strong></span> <span class='ocrx_word' id='word_1_681' title='bbox 3322 4643 3439 4698; x_wconf 70' lang='lat' dir='ltr'><strong>qua:</strong></span> <span class='ocrx_word' id='word_1_682' title='bbox 3489 4627 3793 4682; x_wconf 88' lang='lat' dir='ltr'><strong>inveterata</strong></span> 
     </span>
    </p>
   </div>
   <div class='ocr_carea' id='block_1_92' title="bbox 502 4718 2092 4794">
    <p class='ocr_par' dir='ltr' id='par_1_92' title="bbox 502 4718 2092 4794">
     <span class='ocr_line' id='line_1_92' title="bbox 502 4718 2092 4794; baseline 0.003 -22"><span class='ocrx_word' id='word_1_683' title='bbox 502 4718 865 4774; x_wconf 79' lang='lat' dir='ltr'><strong>Abundantius</strong></span> <span class='ocrx_word' id='word_1_684' title='bbox 906 4720 1013 4774; x_wconf 89' lang='lat' dir='ltr'><strong>illis</strong></span> <span class='ocrx_word' id='word_1_685' title='bbox 1041 4720 1270 4775; x_wconf 91' lang='lat' dir='ltr'><strong>omnibus</strong></span> <span class='ocrx_word' id='word_1_686' title='bbox 1322 4720 1549 4774; x_wconf 88' lang='lat' dir='ltr'><strong>laboravi</strong></span> <span class='ocrx_word' id='word_1_687' title='bbox 1580 4718 1629 4788; x_wconf 92' lang='grc' dir='ltr'><strong>(Ι</strong></span> <span class='ocrx_word' id='word_1_688' title='bbox 1682 4718 1800 4775; x_wconf 84' lang='lat' dir='ltr'><strong>Cor.</strong></span> <span class='ocrx_word' id='word_1_689' title='bbox 1835 4738 1924 4787; x_wconf 83' lang='lat' dir='ltr'><strong>xv,</strong></span> <span class='ocrx_word' id='word_1_690' title='bbox 1960 4723 2052 4794; x_wconf 85' lang='grc'><strong>10)</strong></span> <span class='ocrx_word' id='word_1_691' title='bbox 2074 4767 2092 4789; x_wconf 88' lang='lat'><strong>,</strong></span> 
     </span>
    </p>
   </div>
   <div class='ocr_carea' id='block_1_93' title="bbox 494 4808 2087 4887">
    <p class='ocr_par' dir='ltr' id='par_1_93' title="bbox 494 4808 2087 4887">
     <span class='ocr_line' id='line_1_93' title="bbox 494 4808 2087 4887; baseline 0.003 -22"><span class='ocrx_word' id='word_1_692' title='bbox 494 4810 563 4865; x_wconf 77' lang='lat' dir='ltr'><strong>ne</strong></span> <span class='ocrx_word' id='word_1_693' title='bbox 586 4811 797 4867; x_wconf 88' lang='lat' dir='ltr'><strong>labores</strong></span> <span class='ocrx_word' id='word_1_694' title='bbox 818 4824 945 4867; x_wconf 86' lang='lat' dir='ltr'><strong>suos</strong></span> <span class='ocrx_word' id='word_1_695' title='bbox 958 4812 1063 4866; x_wconf 92' lang='lat' dir='ltr'><strong>sibi</strong></span> <span class='ocrx_word' id='word_1_696' title='bbox 1089 4811 1342 4866; x_wconf 87' lang='lat' dir='ltr'><strong>tribuisse</strong></span> <span class='ocrx_word' id='word_1_697' title='bbox 1357 4810 1646 4880; x_wconf 89' lang='lat' dir='ltr'><strong>videretur,</strong></span> <span class='ocrx_word' id='word_1_698' title='bbox 1662 4808 1805 4881; x_wconf 77' lang='lat' dir='ltr'><strong>illico</strong></span> <span class='ocrx_word' id='word_1_699' title='bbox 1818 4812 2087 4887; x_wconf 60' lang='lat' dir='ltr'><strong>adjunxit;</strong></span> 
     </span>
    </p>
   </div>
   <div class='ocr_carea' id='block_1_94' title="bbox 494 4898 2088 4977">
    <p class='ocr_par' dir='ltr' id='par_1_94' title="bbox 494 4898 2088 4977">
     <span class='ocr_line' id='line_1_94' title="bbox 494 4898 2088 4977; baseline 0.002 -20"><span class='ocrx_word' id='word_1_700' title='bbox 494 4901 621 4958; x_wconf 83' lang='lat' dir='ltr'><strong>Non</strong></span> <span class='ocrx_word' id='word_1_701' title='bbox 662 4898 830 4957; x_wconf 75' lang='lat' dir='ltr'><strong>autem</strong></span> <span class='ocrx_word' id='word_1_702' title='bbox 881 4920 1000 4973; x_wconf 82' lang='lat' dir='ltr'><strong>ego,</strong></span> <span class='ocrx_word' id='word_1_703' title='bbox 1045 4905 1135 4958; x_wconf 84' lang='lat' dir='ltr'><strong>sed</strong></span> <span class='ocrx_word' id='word_1_704' title='bbox 1163 4906 1330 4977; x_wconf 89' lang='lat' dir='ltr'><strong>gratia</strong></span> <span class='ocrx_word' id='word_1_705' title='bbox 1386 4903 1480 4956; x_wconf 85' lang='lat' dir='ltr'><strong>Dei</strong></span> <span class='ocrx_word' id='word_1_706' title='bbox 1527 4918 1740 4957; x_wconf 89' lang='lat' dir='ltr'><strong>mecum.</strong></span> <span class='ocrx_word' id='word_1_707' title='bbox 1780 4905 1911 4972; x_wconf 85' lang='lat' dir='ltr'><strong>Quia</strong></span> <span class='ocrx_word' id='word_1_708' title='bbox 1947 4908 2088 4960; x_wconf 93' lang='lat' dir='ltr'><strong>enim</strong></span> 
     </span>
    </p>
   </div>
   <div class='ocr_carea' id='block_1_95' title="bbox 492 4993 2090 5064">
    <p class='ocr_par' dir='ltr' id='par_1_95' title="bbox 492 4993 2090 5064">
     <span class='ocr_line' id='line_1_95' title="bbox 492 4993 2090 5064; baseline 0.002 -15"><span class='ocrx_word' id='word_1_709' title='bbox 492 4995 910 5064; x_wconf 76' lang='lat' dir='ltr'><strong>praevenientem</strong></span> <span class='ocrx_word' id='word_1_710' title='bbox 940 4994 1035 5049; x_wconf 91' lang='lat' dir='ltr'><strong>Dei</strong></span> <span class='ocrx_word' id='word_1_711' title='bbox 1072 4997 1300 5064; x_wconf 87' lang='lat' dir='ltr'><strong>gratiam</strong></span> <span class='ocrx_word' id='word_1_712' title='bbox 1339 4993 1367 5031; x_wconf 70' lang='grc' dir='ltr'><strong>ι’</strong></span> <span class='ocrx_word' id='word_1_713' title='bbox 1394 4994 1447 5048; x_wconf 90' lang='lat' dir='ltr'><strong>in</strong></span> <span class='ocrx_word' id='word_1_714' title='bbox 1474 5009 1534 5049; x_wconf 87' lang='lat' dir='ltr'><strong>se</strong></span> <span class='ocrx_word' id='word_1_715' title='bbox 1565 5009 1661 5063; x_wconf 87' lang='lat' dir='ltr'><strong>per</strong></span> <span class='ocrx_word' id='word_1_716' title='bbox 1686 4995 1914 5050; x_wconf 89' lang='lat' dir='ltr'><strong>liberum</strong></span> <span class='ocrx_word' id='word_1_717' title='bbox 1947 4998 2090 5052; x_wconf 88' lang='lat' dir='ltr'><strong>arbi-</strong></span> 
     </span>
    </p>
   </div>
   <div class='ocr_carea' id='block_1_96' title="bbox 488 5086 2083 5157">
    <p class='ocr_par' dir='ltr' id='par_1_96' title="bbox 488 5086 2083 5157">
     <span class='ocr_line' id='line_1_96' title="bbox 488 5086 2083 5157; baseline 0.002 -17"><span class='ocrx_word' id='word_1_718' title='bbox 488 5087 653 5141; x_wconf 85' lang='lat' dir='ltr'><strong>trium</strong></span> <span class='ocrx_word' id='word_1_719' title='bbox 693 5088 865 5142; x_wconf 86' lang='lat' dir='ltr'><strong>fuerat</strong></span> <span class='ocrx_word' id='word_1_720' title='bbox 910 5087 1254 5153; x_wconf 84' lang='lat' dir='ltr'><strong>subsecutus,</strong></span> <span class='ocrx_word' id='word_1_721' title='bbox 1286 5096 1410 5155; x_wconf 91' lang='lat' dir='ltr'><strong>apte</strong></span> <span class='ocrx_word' id='word_1_722' title='bbox 1458 5086 1779 5157; x_wconf 87' lang='lat' dir='ltr'><strong>subjungit,</strong></span> <span class='ocrx_word' id='word_1_723' title='bbox 1836 5086 2039 5143; x_wconf 79' lang='lat' dir='ltr'><strong>Mecum</strong></span> <span class='ocrx_word' id='word_1_724' title='bbox 2065 5106 2083 5143; x_wconf 90' lang='lat'><em>:</em></span> 
     </span>
    </p>
   </div>
   <div class='ocr_carea' id='block_1_97' title="bbox 436 5176 2085 5257">
    <p class='ocr_par' dir='ltr' id='par_1_97' title="bbox 436 5176 2085 5257">
     <span class='ocr_line' id='line_1_97' title="bbox 436 5176 2085 5257; baseline 0.001 -25"><span class='ocrx_word' id='word_1_725' title='bbox 436 5203 455 5257; x_wconf 24' lang='lat' dir='ltr'><strong>j‘</strong></span> <span class='ocrx_word' id='word_1_726' title='bbox 488 5186 548 5232; x_wconf 92' lang='lat' dir='ltr'><strong>ut</strong></span> <span class='ocrx_word' id='word_1_727' title='bbox 571 5187 625 5233; x_wconf 91' lang='lat' dir='ltr'><strong>et</strong></span> <span class='ocrx_word' id='word_1_728' title='bbox 652 5176 837 5233; x_wconf 82' lang='lat' dir='ltr'><strong>divino</strong></span> <span class='ocrx_word' id='word_1_729' title='bbox 864 5179 1077 5234; x_wconf 84' lang='lat' dir='ltr'><strong>muneri</strong></span> <span class='ocrx_word' id='word_1_730' title='bbox 1118 5192 1223 5233; x_wconf 93' lang='lat' dir='ltr'><strong>non</strong></span> <span class='ocrx_word' id='word_1_731' title='bbox 1252 5187 1399 5233; x_wconf 84' lang='lat' dir='ltr'><strong>esset</strong></span> <span class='ocrx_word' id='word_1_732' title='bbox 1427 5178 1697 5249; x_wconf 88' lang='lat' dir='ltr'><strong>ingratus,</strong></span> <span class='ocrx_word' id='word_1_733' title='bbox 1744 5189 1798 5232; x_wconf 93' lang='lat' dir='ltr'><strong>et</strong></span> <span class='ocrx_word' id='word_1_734' title='bbox 1846 5188 2022 5233; x_wconf 91' lang='lat' dir='ltr'><strong>tamen</strong></span> <span class='ocrx_word' id='word_1_735' title='bbox 2057 5199 2085 5232; x_wconf 85' lang='lat' dir='ltr'><strong>a</strong></span> 
     </span>
    </p>
   </div>
   <div class='ocr_carea' id='block_1_98' title="bbox 438 5254 2088 5347">
    <p class='ocr_par' dir='ltr' id='par_1_98' title="bbox 438 5254 2088 5347">
     <span class='ocr_line' id='line_1_98' title="bbox 438 5254 2088 5347; baseline 0.001 -22"><span class='ocrx_word' id='word_1_736' title='bbox 489 5271 684 5327; x_wconf 89' lang='lat' dir='ltr'><strong>merito</strong></span> <span class='ocrx_word' id='word_1_737' title='bbox 716 5271 870 5327; x_wconf 82' lang='lat' dir='ltr'><strong>liberi</strong></span> <span class='ocrx_word' id='word_1_738' title='bbox 900 5271 1105 5325; x_wconf 89' lang='lat' dir='ltr'><strong>arbitrii</strong></span> <span class='ocrx_word' id='word_1_739' title='bbox 1152 5284 1258 5324; x_wconf 89' lang='lat' dir='ltr'><strong>non</strong></span> <span class='ocrx_word' id='word_1_740' title='bbox 1307 5277 1618 5324; x_wconf 85' lang='lat' dir='ltr'><strong>remaneret</strong></span> <span class='ocrx_word' id='word_1_741' title='bbox 1647 5279 1966 5325; x_wconf 84' lang='lat' dir='ltr'><strong>extraneas.</strong></span> <span class='ocrx_word' id='word_1_742' title='bbox 2012 5272 2088 5327; x_wconf 90' lang='lat' dir='ltr'><strong>De</strong></span> 
     </span>
    </p>
   </div>
   <div class='ocr_carea' id='block_1_99' title="bbox 440 5360 2087 5437">
    <p class='ocr_par' dir='ltr' id='par_1_99' title="bbox 440 5360 2087 5437">
     <span class='ocr_line' id='line_1_99' title="bbox 440 5360 2087 5437; baseline 0.001 -18"><span class='ocrx_word' id='word_1_743' title='bbox 440 5360 441 5363; x_wconf 50' lang='grc'><em>“</em></span> <span class='ocrx_word' id='word_1_744' title='bbox 491 5364 596 5421; x_wconf 86' lang='lat' dir='ltr'><strong>hoc</strong></span> <span class='ocrx_word' id='word_1_745' title='bbox 616 5373 795 5421; x_wconf 90' lang='lat' dir='ltr'><strong>autem</strong></span> <span class='ocrx_word' id='word_1_746' title='bbox 817 5366 905 5437; x_wconf 91' lang='lat' dir='ltr'><strong>qui</strong></span> <span class='ocrx_word' id='word_1_747' title='bbox 938 5365 1211 5421; x_wconf 89' lang='lat' dir='ltr'><strong>liberatori</strong></span> <span class='ocrx_word' id='word_1_748' title='bbox 1228 5379 1327 5418; x_wconf 88' lang='lat' dir='ltr'><strong>suo</strong></span> <span class='ocrx_word' id='word_1_749' title='bbox 1343 5363 1689 5431; x_wconf 88' lang='lat' dir='ltr'><strong>semetipsum</strong></span> <span class='ocrx_word' id='word_1_750' title='bbox 1714 5365 2087 5433; x_wconf 89' lang='lat' dir='ltr'><strong>cognoscendo</strong></span> 
     </span>
    </p>
   </div>
   <div class='ocr_carea' id='block_1_100' title="bbox 442 5456 2082 5547">
    <p class='ocr_par' dir='ltr' id='par_1_100' title="bbox 442 5456 2082 5547">
     <span class='ocr_line' id='line_1_100' title="bbox 442 5456 2082 5547; baseline -0.001 -12"><span class='ocrx_word' id='word_1_751' title='bbox 442 5456 457 5482; x_wconf 24' lang='grc' dir='ltr'><strong>’λ</strong></span> <span class='ocrx_word' id='word_1_752' title='bbox 561 5489 588 5517; x_wconf 79' lang='grc'><strong>⁸</strong></span> <span class='ocrx_word' id='word_1_753' title='bbox 620 5479 677 5535; x_wconf 86' lang='lat' dir='ltr'><strong>In</strong></span> <span class='ocrx_word' id='word_1_754' title='bbox 726 5480 869 5536; x_wconf 84' lang='lat' dir='ltr'><strong>Edit.</strong></span> <span class='ocrx_word' id='word_1_755' title='bbox 907 5480 1102 5547; x_wconf 88' lang='lat' dir='ltr'><strong>Vatic.,</strong></span> <span class='ocrx_word' id='word_1_756' title='bbox 1150 5478 1317 5532; x_wconf 84' lang='lat' dir='ltr'><strong>Gilot.</strong></span> <span class='ocrx_word' id='word_1_757' title='bbox 1364 5487 1419 5530; x_wconf 89' lang='lat' dir='ltr'><strong>et</strong></span> <span class='ocrx_word' id='word_1_758' title='bbox 1451 5476 1721 5545; x_wconf 89' lang='lat' dir='ltr'><strong>plerisque</strong></span> <span class='ocrx_word' id='word_1_759' title='bbox 1749 5479 1909 5533; x_wconf 90' lang='lat' dir='ltr'><strong>etiam</strong></span> <span class='ocrx_word' id='word_1_760' title='bbox 1943 5481 2082 5533; x_wconf 89' lang='lat' dir='ltr'><strong>auti-</strong></span> 
     </span>
    </p>
   </div>
   <div class='ocr_carea' id='block_1_101' title="bbox 490 5548 2081 5631">
    <p class='ocr_par' dir='ltr' id='par_1_101' title="bbox 490 5548 2081 5631">
     <span class='ocr_line' id='line_1_101' title="bbox 490 5548 2081 5631; baseline 0.001 -28"><span class='ocrx_word' id='word_1_761' title='bbox 490 5550 784 5631; x_wconf 60' lang='lat' dir='ltr'><strong>gpioribus,</strong></span> <span class='ocrx_word' id='word_1_762' title='bbox 808 5562 1042 5631; x_wconf 69' lang='lat' dir='ltr'><strong>nostrum</strong></span> <span class='ocrx_word' id='word_1_763' title='bbox 1069 5550 1283 5631; x_wconf 83' lang='lat' dir='ltr'><strong>liberum</strong></span> <span class='ocrx_word' id='word_1_764' title='bbox 1312 5548 1587 5631; x_wconf 67' lang='lat' dir='ltr'><strong>arbitrium</strong></span> <span class='ocrx_word' id='word_1_765' title='bbox 1627 5549 1905 5631; x_wconf 79' lang='lat' dir='ltr'><strong>sequimur.</strong></span> <span class='ocrx_word' id='word_1_766' title='bbox 1937 5550 2006 5605; x_wconf 82' lang='lat' dir='ltr'><strong>At</strong></span> <span class='ocrx_word' id='word_1_767' title='bbox 2029 5552 2081 5606; x_wconf 89' lang='lat' dir='ltr'><strong>in</strong></span> 
     </span>
    </p>
   </div>
   <div class='ocr_carea' id='block_1_102' title="bbox 493 5619 1838 5689">
    <p class='ocr_par' dir='ltr' id='par_1_102' title="bbox 493 5619 1838 5689">
     <span class='ocr_line' id='line_1_102' title="bbox 493 5619 1838 5689; baseline -0.002 -13"><span class='ocrx_word' id='word_1_768' title='bbox 493 5620 633 5689; x_wconf 70' lang='lat' dir='ltr'><strong>Mss.</strong></span> <span class='ocrx_word' id='word_1_769' title='bbox 652 5619 881 5689; x_wconf 79' lang='lat' dir='ltr'><strong>TurOm,</strong></span> <span class='ocrx_word' id='word_1_770' title='bbox 906 5622 1116 5687; x_wconf 81' lang='lat' dir='ltr'><strong>Norm.,</strong></span> <span class='ocrx_word' id='word_1_771' title='bbox 1148 5630 1276 5685; x_wconf 61' lang='grc' dir='ltr'><strong>εις..</strong></span> <span class='ocrx_word' id='word_1_772' title='bbox 1311 5619 1560 5689; x_wconf 82' lang='lat' dir='ltr'><strong>legimus,</strong></span> <span class='ocrx_word' id='word_1_773' title='bbox 1590 5622 1838 5686; x_wconf 71' lang='lat' dir='ltr'><strong>sequitur.</strong></span> 
     </span>
    </p>
   </div>
   <div class='ocr_carea' id='block_1_103' title="bbox 562 5686 2079 5762">
    <p class='ocr_par' dir='ltr' id='par_1_103' title="bbox 562 5686 2079 5762">
     <span class='ocr_line' id='line_1_103' title="bbox 562 5686 2079 5762; baseline 0 -16"><span class='ocrx_word' id='word_1_774' title='bbox 562 5691 589 5731; x_wconf 70' lang='grc' dir='ltr'>δ</span> <span class='ocrx_word' id='word_1_775' title='bbox 622 5686 796 5759; x_wconf 83' lang='lat' dir='ltr'><strong>Editi,</strong></span> <span class='ocrx_word' id='word_1_776' title='bbox 826 5686 978 5747; x_wconf 81' lang='lat' dir='ltr'><strong>etiam</strong></span> <span class='ocrx_word' id='word_1_777' title='bbox 1026 5695 1134 5762; x_wconf 87' lang='lat' dir='ltr'><strong>ipse</strong></span> <span class='ocrx_word' id='word_1_778' title='bbox 1180 5708 1268 5762; x_wconf 87' lang='lat' dir='ltr'><strong>per</strong></span> <span class='ocrx_word' id='word_1_779' title='bbox 1318 5686 1862 5762; x_wconf 75' lang='lat' dir='ltr'><strong>liberumarbitrium.</strong></span> <span class='ocrx_word' id='word_1_780' title='bbox 1905 5692 2079 5760; x_wconf 82' lang='lat' dir='ltr'><strong>Repu-</strong></span> 
     </span>
    </p>
   </div>
   <div class='ocr_carea' id='block_1_104' title="bbox 486 5760 2075 5832">
    <p class='ocr_par' dir='ltr' id='par_1_104' title="bbox 486 5760 2075 5832">
     <span class='ocr_line' id='line_1_104' title="bbox 486 5760 2075 5832; baseline 0.002 -17"><span class='ocrx_word' id='word_1_781' title='bbox 486 5771 653 5832; x_wconf 80' lang='lat' dir='ltr'><strong>gnant</strong></span> <span class='ocrx_word' id='word_1_782' title='bbox 682 5763 810 5817; x_wconf 80' lang='lat' dir='ltr'><strong>Mss.</strong></span> <span class='ocrx_word' id='word_1_783' title='bbox 845 5760 1053 5831; x_wconf 76' lang='lat' dir='ltr'><strong>Anglic.</strong></span> <span class='ocrx_word' id='word_1_784' title='bbox 1076 5772 1131 5818; x_wconf 84' lang='lat' dir='ltr'><strong>et</strong></span> <span class='ocrx_word' id='word_1_785' title='bbox 1160 5760 1350 5816; x_wconf 75' lang='lat' dir='ltr'><strong>Gallic.</strong></span> <span class='ocrx_word' id='word_1_786' title='bbox 1393 5776 1422 5816; x_wconf 90' lang='lat' dir='ltr'><strong>a</strong></span> <span class='ocrx_word' id='word_1_787' title='bbox 1447 5760 1644 5830; x_wconf 87' lang='lat' dir='ltr'><strong>quibus</strong></span> <span class='ocrx_word' id='word_1_788' title='bbox 1672 5773 1907 5818; x_wconf 89' lang='lat' dir='ltr'><strong>nostram</strong></span> <span class='ocrx_word' id='word_1_789' title='bbox 1963 5765 2075 5819; x_wconf 91' lang='lat' dir='ltr'><strong>lec-</strong></span> 
     </span>
    </p>
   </div>
   <div class='ocr_carea' id='block_1_105' title="bbox 486 5833 1044 5901">
    <p class='ocr_par' dir='ltr' id='par_1_105' title="bbox 486 5833 1044 5901">
     <span class='ocr_line' id='line_1_105' title="bbox 486 5833 1044 5901; baseline -0.004 -12"><span class='ocrx_word' id='word_1_790' title='bbox 486 5835 695 5889; x_wconf 82' lang='lat' dir='ltr'><strong>tionem</strong></span> <span class='ocrx_word' id='word_1_791' title='bbox 726 5833 1044 5901; x_wconf 79' lang='lat' dir='ltr'><strong>accipimus.</strong></span> 
     </span>
    </p>
   </div>
   <div class='ocr_carea' id='block_1_106' title="bbox 2198 4720 3792 4792">
    <p class='ocr_par' dir='ltr' id='par_1_106' title="bbox 2198 4720 3792 4792">
     <span class='ocr_line' id='line_1_106' title="bbox 2198 4720 3792 4792; baseline 0.003 -17"><span class='ocrx_word' id='word_1_792' title='bbox 2198 4720 2397 4777; x_wconf 91' lang='lat' dir='ltr'><strong>dudum</strong></span> <span class='ocrx_word' id='word_1_793' title='bbox 2424 4763 2439 4787; x_wconf 93' lang='lat'><strong>,</strong></span> <span class='ocrx_word' id='word_1_794' title='bbox 2497 4728 2696 4792; x_wconf 89' lang='lat' dir='ltr'><strong>quanto</strong></span> <span class='ocrx_word' id='word_1_795' title='bbox 2735 4739 2857 4780; x_wconf 90' lang='lat' dir='ltr'><strong>eum</strong></span> <span class='ocrx_word' id='word_1_796' title='bbox 2908 4724 3113 4779; x_wconf 91' lang='lat' dir='ltr'><strong>diutius</strong></span> <span class='ocrx_word' id='word_1_797' title='bbox 3167 4726 3359 4790; x_wconf 91' lang='lat' dir='ltr'><strong>tenuit,</strong></span> <span class='ocrx_word' id='word_1_798' title='bbox 3404 4734 3553 4779; x_wconf 91' lang='lat' dir='ltr'><strong>tanto</strong></span> <span class='ocrx_word' id='word_1_799' title='bbox 3586 4726 3792 4781; x_wconf 86' lang='lat' dir='ltr'><strong>arctius</strong></span> 
     </span>
    </p>
   </div>
   <div class='ocr_carea' id='block_1_107' title="bbox 2197 4813 3791 4888">
    <p class='ocr_par' dir='ltr' id='par_1_107' title="bbox 2197 4813 3791 4888">
     <span class='ocr_line' id='line_1_107' title="bbox 2197 4813 3791 4888; baseline 0.004 -21"><span class='ocrx_word' id='word_1_800' title='bbox 2197 4813 2468 4882; x_wconf 86' lang='lat' dir='ltr'><strong>astringit,</strong></span> <span class='ocrx_word' id='word_1_801' title='bbox 2499 4824 2660 4883; x_wconf 89' lang='lat' dir='ltr'><strong>atque</strong></span> <span class='ocrx_word' id='word_1_802' title='bbox 2689 4830 2717 4868; x_wconf 89' lang='lat' dir='ltr'><strong>a</strong></span> <span class='ocrx_word' id='word_1_803' title='bbox 2744 4830 2802 4870; x_wconf 86' lang='lat' dir='ltr'><strong>se</strong></span> <span class='ocrx_word' id='word_1_804' title='bbox 2834 4816 3039 4870; x_wconf 89' lang='lat' dir='ltr'><strong>tardius</strong></span> <span class='ocrx_word' id='word_1_805' title='bbox 3066 4816 3218 4872; x_wconf 90' lang='lat' dir='ltr'><strong>abire</strong></span> <span class='ocrx_word' id='word_1_806' title='bbox 3249 4818 3527 4886; x_wconf 88' lang='lat' dir='ltr'><strong>permittit.</strong></span> <span class='ocrx_word' id='word_1_807' title='bbox 3562 4818 3631 4872; x_wconf 86' lang='lat' dir='ltr'><strong>Et</strong></span> <span class='ocrx_word' id='word_1_808' title='bbox 3669 4818 3791 4888; x_wconf 86' lang='lat' dir='ltr'><strong>quis</strong></span> 
     </span>
    </p>
   </div>
   <div class='ocr_carea' id='block_1_108' title="bbox 2197 4904 3787 4982">
    <p class='ocr_par' dir='ltr' id='par_1_108' title="bbox 2197 4904 3787 4982">
     <span class='ocr_line' id='line_1_108' title="bbox 2197 4904 3787 4982; baseline 0.005 -25"><span class='ocrx_word' id='word_1_809' title='bbox 2197 4904 2269 4959; x_wconf 91' lang='lat' dir='ltr'><strong>ibi</strong></span> <span class='ocrx_word' id='word_1_810' title='bbox 2302 4920 2525 4971; x_wconf 72' lang='lat' dir='ltr'><strong>mceror,</strong></span> <span class='ocrx_word' id='word_1_811' title='bbox 2559 4922 2677 4974; x_wconf 80' lang='lat' dir='ltr'><strong>quae</strong></span> <span class='ocrx_word' id='word_1_812' title='bbox 2705 4907 2951 4963; x_wconf 85' lang='lat' dir='ltr'><strong>anxietas</strong></span> <span class='ocrx_word' id='word_1_813' title='bbox 2978 4908 3181 4974; x_wconf 90' lang='lat' dir='ltr'><strong>cordis,</strong></span> <span class='ocrx_word' id='word_1_814' title='bbox 3210 4910 3425 4977; x_wconf 82' lang='lat' dir='ltr'><strong>quando</strong></span> <span class='ocrx_word' id='word_1_815' title='bbox 3454 4909 3580 4965; x_wconf 86' lang='lat' dir='ltr'><strong>hinc</strong></span> <span class='ocrx_word' id='word_1_816' title='bbox 3633 4912 3787 4982; x_wconf 89' lang='lat' dir='ltr'><strong>spiri-</strong></span> 
     </span>
    </p>
   </div>
   <div class='ocr_carea' id='block_1_109' title="bbox 2199 4997 3783 5069">
    <p class='ocr_par' dir='ltr' id='par_1_109' title="bbox 2199 4997 3783 5069">
     <span class='ocr_line' id='line_1_109' title="bbox 2199 4997 3783 5069; baseline 0.008 -20"><span class='ocrx_word' id='word_1_817' title='bbox 2199 5007 2283 5050; x_wconf 92' lang='lat' dir='ltr'><strong>tus</strong></span> <span class='ocrx_word' id='word_1_818' title='bbox 2318 5008 2494 5065; x_wconf 90' lang='lat' dir='ltr'><strong>vocat,</strong></span> <span class='ocrx_word' id='word_1_819' title='bbox 2526 4997 2651 5054; x_wconf 88' lang='lat' dir='ltr'><strong>hinc</strong></span> <span class='ocrx_word' id='word_1_820' title='bbox 2674 5014 2800 5055; x_wconf 91' lang='lat' dir='ltr'><strong>caro</strong></span> <span class='ocrx_word' id='word_1_821' title='bbox 2830 5012 3075 5069; x_wconf 86' lang='lat' dir='ltr'><strong>revocat;</strong></span> <span class='ocrx_word' id='word_1_822' title='bbox 3109 5001 3233 5058; x_wconf 89' lang='lat' dir='ltr'><strong>hinc</strong></span> <span class='ocrx_word' id='word_1_823' title='bbox 3260 5017 3414 5059; x_wconf 88' lang='lat' dir='ltr'><strong>amor</strong></span> <span class='ocrx_word' id='word_1_824' title='bbox 3450 5017 3610 5059; x_wconf 72' lang='lat' dir='ltr'><strong>novae</strong></span> <span class='ocrx_word' id='word_1_825' title='bbox 3653 5018 3783 5061; x_wconf 86' lang='lat' dir='ltr'><strong>con-</strong></span> 
     </span>
    </p>
   </div>
   <div class='ocr_carea' id='block_1_110' title="bbox 2199 5089 3785 5165">
    <p class='ocr_par' dir='ltr' id='par_1_110' title="bbox 2199 5089 3785 5165">
     <span class='ocr_line' id='line_1_110' title="bbox 2199 5089 3785 5165; baseline 0.006 -25"><span class='ocrx_word' id='word_1_826' title='bbox 2199 5089 2520 5144; x_wconf 86' lang='lat' dir='ltr'><strong>versationis</strong></span> <span class='ocrx_word' id='word_1_827' title='bbox 2550 5092 2775 5155; x_wconf 89' lang='lat' dir='ltr'><strong>invitat,</strong></span> <span class='ocrx_word' id='word_1_828' title='bbox 2831 5093 2955 5147; x_wconf 90' lang='lat' dir='ltr'><strong>hinc</strong></span> <span class='ocrx_word' id='word_1_829' title='bbox 2989 5109 3116 5148; x_wconf 92' lang='lat' dir='ltr'><strong>usus</strong></span> <span class='ocrx_word' id='word_1_830' title='bbox 3157 5102 3380 5149; x_wconf 71' lang='lat' dir='ltr'><strong>vetusta:</strong></span> <span class='ocrx_word' id='word_1_831' title='bbox 3418 5094 3785 5165; x_wconf 86' lang='lat' dir='ltr'><strong>perversitatis</strong></span> 
     </span>
    </p>
   </div>
   <div class='ocr_carea' id='block_1_111' title="bbox 2194 5181 3811 5257">
    <p class='ocr_par' dir='ltr' id='par_1_111' title="bbox 2194 5181 3811 5257">
     <span class='ocr_line' id='line_1_111' title="bbox 2194 5181 3811 5257; baseline 0.006 -25"><span class='ocrx_word' id='word_1_832' title='bbox 2194 5181 2499 5251; x_wconf 87' lang='lat' dir='ltr'><strong>impugnat;</strong></span> <span class='ocrx_word' id='word_1_833' title='bbox 2559 5183 2683 5238; x_wconf 89' lang='lat' dir='ltr'><strong>hinc</strong></span> <span class='ocrx_word' id='word_1_834' title='bbox 2728 5184 3013 5245; x_wconf 90' lang='lat' dir='ltr'><strong>desiderio,</strong></span> <span class='ocrx_word' id='word_1_835' title='bbox 3030 5186 3093 5240; x_wconf 86' lang='lat' dir='ltr'><strong>ad</strong></span> <span class='ocrx_word' id='word_1_836' title='bbox 3123 5186 3396 5243; x_wconf 72' lang='lat' dir='ltr'><strong>caelestem</strong></span> <span class='ocrx_word' id='word_1_837' title='bbox 3431 5186 3660 5257; x_wconf 89' lang='lat' dir='ltr'><strong>patriam</strong></span> <span class='ocrx_word' id='word_1_838' title='bbox 3695 5186 3811 5253; x_wconf 39' lang='lat' dir='ltr'><strong>flag</strong></span> 
     </span>
    </p>
   </div>
   <div class='ocr_carea' id='block_1_112' title="bbox 2192 5274 3837 5348">
    <p class='ocr_par' dir='ltr' id='par_1_112' title="bbox 2192 5274 3837 5348">
     <span class='ocr_line' id='line_1_112' title="bbox 2192 5274 3837 5348; baseline 0.004 -21"><span class='ocrx_word' id='word_1_839' title='bbox 2192 5285 2333 5344; x_wconf 81' lang='lat' dir='ltr'><strong>grai,</strong></span> <span class='ocrx_word' id='word_1_840' title='bbox 2358 5284 2413 5329; x_wconf 92' lang='lat' dir='ltr'><strong>et</strong></span> <span class='ocrx_word' id='word_1_841' title='bbox 2442 5274 2568 5332; x_wconf 89' lang='lat' dir='ltr'><strong>hinc</strong></span> <span class='ocrx_word' id='word_1_842' title='bbox 2600 5278 2652 5330; x_wconf 91' lang='lat' dir='ltr'><strong>in</strong></span> <span class='ocrx_word' id='word_1_843' title='bbox 2682 5279 2971 5348; x_wconf 86' lang='lat' dir='ltr'><strong>semetipso</strong></span> <span class='ocrx_word' id='word_1_844' title='bbox 3000 5279 3269 5335; x_wconf 89' lang='lat' dir='ltr'><strong>carnalem</strong></span> <span class='ocrx_word' id='word_1_845' title='bbox 3297 5278 3781 5347; x_wconf 87' lang='lat' dir='ltr'><strong>concupiscentiam</strong></span> <span class='ocrx_word' id='word_1_846' title='bbox 3830 5314 3837 5319; x_wconf 62' lang='grc' dir='ltr'><strong><em>τ</em></strong></span> 
     </span>
    </p>
   </div>
   <div class='ocr_carea' id='block_1_113' title="bbox 2196 5369 3782 5439">
    <p class='ocr_par' dir='ltr' id='par_1_113' title="bbox 2196 5369 3782 5439">
     <span class='ocr_line' id='line_1_113' title="bbox 2196 5369 3782 5439; baseline 0.003 -17"><span class='ocrx_word' id='word_1_847' title='bbox 2196 5369 2407 5434; x_wconf 89' lang='lat' dir='ltr'><strong>tolerat,</strong></span> <span class='ocrx_word' id='word_1_848' title='bbox 2440 5385 2556 5438; x_wconf 74' lang='lat' dir='ltr'><strong>quae</strong></span> <span class='ocrx_word' id='word_1_849' title='bbox 2585 5386 2705 5424; x_wconf 87' lang='lat' dir='ltr'><strong>eum</strong></span> <span class='ocrx_word' id='word_1_850' title='bbox 2757 5372 2917 5424; x_wconf 73' lang='lat' dir='ltr'><strong>etiam</strong></span> <span class='ocrx_word' id='word_1_851' title='bbox 2961 5371 3141 5439; x_wconf 86' lang='lat' dir='ltr'><strong>aliquo</strong></span> <span class='ocrx_word' id='word_1_852' title='bbox 3188 5370 3350 5426; x_wconf 89' lang='lat' dir='ltr'><strong>modo</strong></span> <span class='ocrx_word' id='word_1_853' title='bbox 3407 5369 3633 5425; x_wconf 87' lang='lat' dir='ltr'><strong>invitum</strong></span> <span class='ocrx_word' id='word_1_854' title='bbox 3692 5370 3782 5426; x_wconf 83' lang='lat' dir='ltr'><strong>de-</strong></span> 
     </span>
    </p>
   </div>
   <div class='ocr_carea' id='block_1_114' title="bbox 2268 5479 3421 5551">
    <p class='ocr_par' dir='ltr' id='par_1_114' title="bbox 2268 5479 3421 5551">
     <span class='ocr_line' id='line_1_114' title="bbox 2268 5479 3421 5551; baseline 0.006 -18"><span class='ocrx_word' id='word_1_855' title='bbox 2268 5491 2290 5551; x_wconf 54' lang='lat'><strong><em>?</em></strong></span> <span class='ocrx_word' id='word_1_856' title='bbox 2319 5479 2545 5537; x_wconf 83' lang='lat' dir='ltr'><strong>Vindoc.</strong></span> <span class='ocrx_word' id='word_1_857' title='bbox 2578 5493 2631 5537; x_wconf 86' lang='lat' dir='ltr'><strong>et</strong></span> <span class='ocrx_word' id='word_1_858' title='bbox 2659 5484 2789 5550; x_wconf 90' lang='lat' dir='ltr'><strong>pler.</strong></span> <span class='ocrx_word' id='word_1_859' title='bbox 2822 5484 3005 5541; x_wconf 85' lang='lat' dir='ltr'><strong>Norm.</strong></span> <span class='ocrx_word' id='word_1_860' title='bbox 3026 5525 3043 5551; x_wconf 94' lang='lat'><strong>,</strong></span> <span class='ocrx_word' id='word_1_861' title='bbox 3078 5486 3306 5551; x_wconf 78' lang='lat' dir='ltr'><strong>subiecta</strong></span> <span class='ocrx_word' id='word_1_862' title='bbox 3327 5494 3421 5540; x_wconf 87' lang='lat' dir='ltr'><strong>est.</strong></span> 
     </span>
    </p>
   </div>
   <div class='ocr_carea' id='block_1_115' title="bbox 2262 5548 3778 5627">
    <p class='ocr_par' dir='ltr' id='par_1_115' title="bbox 2262 5548 3778 5627">
     <span class='ocr_line' id='line_1_115' title="bbox 2262 5548 3778 5627; baseline 0.005 -23"><span class='ocrx_word' id='word_1_863' title='bbox 2262 5548 2530 5627; x_wconf 57' lang='lat' dir='ltr'><strong>lealtiz.,</strong></span> <span class='ocrx_word' id='word_1_864' title='bbox 2563 5548 2827 5622; x_wconf 84' lang='lat' dir='ltr'><strong>Colbert.,</strong></span> <span class='ocrx_word' id='word_1_865' title='bbox 2880 5548 3110 5627; x_wconf 85' lang='lat' dir='ltr'><strong>Anglic..</strong></span> <span class='ocrx_word' id='word_1_866' title='bbox 3160 5548 3370 5621; x_wconf 82' lang='lat' dir='ltr'><strong>Norm.,</strong></span> <span class='ocrx_word' id='word_1_867' title='bbox 3398 5564 3537 5625; x_wconf 80' lang='lat' dir='ltr'><strong>etc.,</strong></span> <span class='ocrx_word' id='word_1_868' title='bbox 3582 5554 3668 5611; x_wconf 87' lang='lat' dir='ltr'><strong>hic</strong></span> <span class='ocrx_word' id='word_1_869' title='bbox 3725 5562 3778 5612; x_wconf 88' lang='lat' dir='ltr'><strong>et</strong></span> 
     </span>
    </p>
   </div>
   <div class='ocr_carea' id='block_1_116' title="bbox 2188 5622 3779 5690">
    <p class='ocr_par' dir='ltr' id='par_1_116' title="bbox 2188 5622 3779 5690">
     <span class='ocr_line' id='line_1_116' title="bbox 2188 5622 3779 5690; baseline 0.004 -15"><span class='ocrx_word' id='word_1_870' title='bbox 2188 5622 2323 5675; x_wconf 82' lang='lat' dir='ltr'><strong>intra</strong></span> <span class='ocrx_word' id='word_1_871' title='bbox 2360 5625 2576 5687; x_wconf 84' lang='lat' dir='ltr'><strong>habent,</strong></span> <span class='ocrx_word' id='word_1_872' title='bbox 2611 5622 3018 5687; x_wconf 72' lang='lat' dir='ltr'><strong>conversatione,</strong></span> <span class='ocrx_word' id='word_1_873' title='bbox 3052 5622 3532 5690; x_wconf 65' lang='lat' dir='ltr'><strong>conversationem,</strong></span> <span class='ocrx_word' id='word_1_874' title='bbox 3566 5643 3779 5682; x_wconf 66' lang='lat' dir='ltr'><strong>conveh-</strong></span> 
     </span>
    </p>
   </div>
   <div class='ocr_carea' id='block_1_117' title="bbox 2186 5693 3779 5765">
    <p class='ocr_par' dir='ltr' id='par_1_117' title="bbox 2186 5693 3779 5765">
     <span class='ocr_line' id='line_1_117' title="bbox 2186 5693 3779 5765; baseline 0.006 -21"><span class='ocrx_word' id='word_1_875' title='bbox 2186 5693 2421 5765; x_wconf 87' lang='lat' dir='ltr'><strong>sationis,</strong></span> <span class='ocrx_word' id='word_1_876' title='bbox 2482 5709 2576 5757; x_wconf 82' lang='lat' dir='ltr'><strong>pro</strong></span> <span class='ocrx_word' id='word_1_877' title='bbox 2630 5699 2988 5765; x_wconf 83' lang='lat' dir='ltr'><strong>conversione,</strong></span> <span class='ocrx_word' id='word_1_878' title='bbox 3043 5706 3174 5765; x_wconf 90' lang='lat' dir='ltr'><strong>etc.,</strong></span> <span class='ocrx_word' id='word_1_879' title='bbox 3206 5696 3436 5754; x_wconf 76' lang='lat' dir='ltr'><strong>fortasse</strong></span> <span class='ocrx_word' id='word_1_880' title='bbox 3483 5699 3554 5752; x_wconf 91' lang='lat' dir='ltr'><strong>ob</strong></span> <span class='ocrx_word' id='word_1_881' title='bbox 3584 5713 3779 5756; x_wconf 87' lang='lat' dir='ltr'><strong>vocum</strong></span> 
     </span>
    </p>
   </div>
   <div class='ocr_carea' id='block_1_118' title="bbox 2191 5764 2771 5823">
    <p class='ocr_par' dir='ltr' id='par_1_118' title="bbox 2191 5764 2771 5823">
     <span class='ocr_line' id='line_1_118' title="bbox 2191 5764 2771 5823; baseline 0.009 -6"><span class='ocrx_word' id='word_1_882' title='bbox 2191 5764 2401 5818; x_wconf 88' lang='lat' dir='ltr'><strong>illarum</strong></span> <span class='ocrx_word' id='word_1_883' title='bbox 2431 5765 2771 5823; x_wconf 80' lang='lat' dir='ltr'><strong>affinitatem.</strong></span> 
     </span>
    </p>
   </div>
   <div class='ocr_carea' id='block_1_119' title="bbox 2263 5835 2600 5900">
    <p class='ocr_par' dir='ltr' id='par_1_119' title="bbox 2263 5835 2600 5900">
     <span class='ocr_line' id='line_1_119' title="bbox 2263 5835 2600 5900; baseline 0 -10"><span class='ocrx_word' id='word_1_884' title='bbox 2263 5844 2285 5870; x_wconf 83' lang='lat'><strong><em>°</em></strong></span> <span class='ocrx_word' id='word_1_885' title='bbox 2317 5835 2424 5900; x_wconf 79' lang='lat' dir='ltr'><strong>AL,</strong></span> <span class='ocrx_word' id='word_1_886' title='bbox 2470 5837 2600 5892; x_wconf 81' lang='lat' dir='ltr'><strong>lene.</strong></span> 
     </span>
    </p>
   </div>
  </div>
