4066 6348
293 414 393 471 301

1064 413 1420 475 ΜοκΑιιυΜ
1460 416 1586 471 LIB.
1632 416 1773 470 XXI?
1830 446 1898 471 ιστ-
1936 415 1998 469 IN
2035 414 2261 471 CAN]?
2303 415 2519 473 XXXIII
2558 419 2617 474 Β.
2656 418 2795 473 .IOB.

3434 419 3539 472 302

292 537 456 590 Iectat
475 534 502 589 ν
529 533 697 588 Recte
726 546 855 602 ergo
896 532 963 587 de
983 532 1086 587 hoc
1111 542 1479 587 amarescente
1508 533 1724 587 homine
1762 534 1866 587 dict
1891 536 1943 593 Α
1970 531 2267 593 solationis.
2301 534 2397 587 sed
2426 534 2616 588 durum
2647 534 2886 591 laborem
2907 535 3247 602 postmodum
3277 533 3304 579 δ
3326 539 3540 605 expeti-

288 637 470 698 potest
500 645 515 681 :
551 625 917 681 Abominebitis
950 628 998 680 ei
1027 627 1085 694 ﬁt
1112 627 1166 679 in
1188 628 1295 679 vita
1342 643 1436 680 sua
1461 628 1641 697 panis;
1689 638 1735 680 et
1771 644 1866 697 np-

290 723 653 792 propittquasit
681 721 994 790 corruptiom'
1018 720 1189 773 anima
1216 720 1411 783 eius,et
1438 721 1541 772 vita
1569 720 1713 774 illius
1729 735 1856 773 mon-

285 812 473 880 tiferis.
501 809 606 865 Sed
627 809 749 878 quia
780 809 955 864 divina
985 809 1152 879 gratia
1175 808 1268 863 diu
1285 823 1383 864 nos
1411 808 1529 864 istis
1544 808 1887 869 diiﬁcultati-,

285 900 389 956 bus
417 899 558 956 aftlci
574 914 681 955 non
705 901 985 971 permittit,
1001 901 1172 969 ruptis
1193 912 1532 968 peccatorum
1560 909 1866 957 nostrorum

284 992 511 1049 vinculis
537 995 694 1048 citius
718 1009 818 1049 nos
843 993 911 1047 ad
928 993 1246 1055 .libertatem
1295 1010 1448 1051 novre
1490 995 1861 1051 conversatio-

285 1085 371 1140 nis
419 1085 748 1140 consolando
801 1085 1078 1153 perducit,
1135 1092 1192 1139 et
1248 1085 1639 1154 praecedentem
1691 1087 1858 1141 tristi-

283 1182 413 1235 tiam
469 1181 799 1249 subsequens
854 1181 1035 1236 latitia
1092 1180 1339 1247 refovet;
1384 1184 1457 1236 ita
1514 1193 1576 1237 ut
1619 1183 1867 1239 conversi

286 1271 705 1341 uniuscujusque
728 1272 938 1333 animus
959 1287 1027 1327 eo
1041 1274 1210 1341 magis
1228 1274 1293 1328 ad
1307 1284 1487 1330 votum
1515 1291 1672 1329 suum
1689 1291 1868 1346 perve-

284 1365 483 1421 niendo
509 1364 761 1435 gaudeat,
781 1380 889 1435 quo
916 1366 1087 1437 magis
1116 1381 1176 1421 se
1203 1382 1303 1437 pro
1334 1367 1429 1422 illo
1455 1368 1701 1423 meminit
1718 1368 1867 1423 labo-

280 1458 453 1514 rando
482 1457 737 1513 doluisse.
790 1458 875 1513 Fit
919 1460 1068 1513 cordi
1108 1460 1370 1515 immensa
1410 1460 1625 1525 laetitia,
1657 1461 1778 1529 quia
1817 1461 1866 1514 ei

282 1566 444 1620 quem
474 1550 772 1617 desiderat,
823 1551 933 1619 jam
984 1566 1079 1620 per
1121 1567 1269 1618 spem
1310 1553 1613 1608 securitatis
1649 1553 1871 1622 propin-

280 1651 506 1713 quat,ut
524 1651 673 1697 recte
697 1642 766 1697 de
788 1642 888 1696 hoc
916 1643 1024 1697 dtci
1051 1642 1247 1697 debeat
1266 1657 1281 1697 :
1297 1642 1867 1714 Deprecabirur‘Deum,

282 1743 329 1786 et
354 1732 693 1803 placabitisei
719 1734 847 1797 erit;
873 1742 918 1785 et
966 1733 1146 1786 uidebit
1187 1735 1370 1801 faciem
1417 1735 1531 1805 ejus
1578 1734 1633 1787 in
1677 1732 1865 1805 jubilc.

284 1825 379 1880 Vel
400 1836 543 1881 certe
576 1843 589 1878 :
626 1825 883 1880 Liberavit
907 1827 1136 1880 nimam
1162 1843 1316 1880 suam
1345 1844 1411 1881 ne
1447 1836 1675 1897 pergeret
1704 1828 1759 1881 in
1783 1828 1869 1882 in-

289 1919 509 1981 teritum.
534 1919 626 1972 sed
650 1920 818 1974 visens
843 1920 1010 1973 lucem
1027 1920 1238 1975 videret.

202 1982 271 2127 Γ
371 2008 458 2061 2⁸1.
499 2010 551 2063 Ω.
586 2006 653 2062 In
684 2011 1020 2064 tentatioausn
1054 2011 1435 2065 mrcitatione.
1481 2012 1717 2067 Acriores
1745 2021 1868 2069 sunt

294 2109 403 2127 an--.
427 2101 793 2127 -ιι....Α..-ἔιι..-.μ
818 2102 1146 2127 ο-..ι-ιὲ-..-....
1176 2102 1365 2127 -.2.....Ιζ
1469 2104 1524 2127 Δ.
1547 2119 1612 2127 ...Α
1642 2118 1837 2127 -..κηΑ-

292 2109 403 2164 post
418 2101 795 2157 conversionem
814 2102 1147 2157 tentatiottum
1170 2102 1529 2160 κωπίω-Δί
1546 2119 1615 2159 ne
1639 2118 1863 2171 conver-

268 2206 377 2244 .sus
394 2192 615 2262 quisque
632 2192 744 2262 jam
761 2202 1008 2249 sanctum
1031 2209 1095 2250 se
1109 2210 1230 2250 esse
1253 2196 1459 2262 credat,
1478 2204 1532 2252 et
1546 2211 1706 2265 quem
1728 2210 1866 2251 mte-

282 2283 419 2337 roris
448 2299 623 2353 pugna
675 2300 936 2354 superare
979 2300 1088 2341 non
1144 2285 1336 2352 valuit,
1368 2289 1483 2355 ipsa
1530 2288 1864 2354 postmodum

280 2376 537 2430 securitas
564 2386 788 2443 sternat,
814 2378 1170 2446 dispensante
1193 2377 1304 2433 Deo
1336 2379 1497 2449 772
1530 2379 1864 2447 permittitur

280 2475 341 2520 ut
372 2477 496 2537 post
514 2469 920 2524 conversionem
950 2485 1105 2526 suam
1148 2471 1502 2526 tentationum
1531 2470 1765 2526 stimulis
1786 2469 1866 2525 fa-

280 2561 500 2629 tigetur.
548 2546 669 2616 iam
719 2562 934 2632 quidem
1010 2578 1106 2631 per
1156 2565 1563 2619 conversionem
1626 2562 1867 2617 Rubrum

174 2644 183 2649 ’
280 2667 434 2708 mare
482 2654 757 2711 transitum
788 2666 905 2721 est;
938 2656 1031 2713 sed
1065 2656 1239 2710 adhuc
1284 2656 1336 2710 iu
1367 2669 1551 2710 eremo
1580 2656 1702 2711 vitas
1731 2670 1866 2723 prae-

284 2745 457 2800 sentis
510 2755 634 2801 ante
684 2746 873 2803 faciem
921 2748 1103 2803 hostes
1149 2759 1457 2805 occurrunt.
1489 2748 1608 2804 Jam
1651 2757 1865 2817 peccata

282 2837 552 2904 praterita
580 2839 724 2893 velut
749 2841 1041 2897 exstinctos
1064 2839 1349 2912 Egyptins
1382 2852 1501 2908 post
1531 2847 1677 2909 terga
1703 2840 1866 2895 relin-

282 2927 537 2995 quimus;
575 2930 670 2983 sed
718 2931 892 2984 adhuc
920 2933 1165 2986 necentia
1198 2932 1350 2997 vitia,
1391 2932 1543 3001 quasi
1566 2931 1656 2987 alii
1687 2933 1866 2987 hostes

282 3018 543 3085 obviant,
597 3032 665 3075 ut
707 3022 775 3077 ad
832 3031 1031 3079 terram
1089 3023 1461 3092 promissionis
1518 3025 1865 3096 pergentibus
1896 3003 1908 3023 ⁸

282 3122 519 3179 cmpnim
548 3114 652 3168 iter
688 3115 1069 3175 intercludant.
1095 3117 1214 3171 iam
1244 3119 1453 3186 priores
1498 3118 1692 3185 culpat,
1720 3118 1865 3172 velut

282 3206 633 3275 insequentes
655 3208 989 3276 adversarii,
1021 3212 1136 3265 sola
1156 3209 1333 3267 divina
1364 3211 1557 3269 virtute
1585 3221 1861 3281 prostratae

1969 631 2054 677 tur
2083 624 2426 692 probationis.

2036 713 2179 783 [ναι.
2211 712 2526 784 3111.138.
2554 715 2679 769 Tres
2708 718 3048 781 conversionis
3084 721 3297 788 gradus.
3317 750 3386 761 —-
3408 720 3538 789 Tres

1966 802 2164 874 quippe
2184 807 2330 860 modi
2348 816 2473 861 sunt
2497 822 2900 875 conversurum,
2930 810 3226 878 inchoatio.
3256 813 3538 883 medietas,

1965 904 2125 967 atque
2154 896 2431 967 perfectio.
2453 898 2508 953 In
2530 899 2868 956 inchoatione
2889 912 3068 958 autem
3090 903 3367 982 inveniunt
3388 904 3542 963 blan-

1966 987 2203 1045 dimenta
2244 991 2566 1058 dulcedinis,
2594 993 2646 1047 in
2678 994 2855 1049 media
2874 1011 3086 1065 quoque
3106 1006 3347 1064 tempore
3365 1009 3544 1061 certa-

1968 1081 2113 1137 mina
2145 1083 2457 1139 tentationis
2481 1125 2496 1151 ,
2530 1086 2596 1140 ad
2650 1094 2947 1141 extremum
2989 1102 3116 1145 vero
3160 1088 3543 1159 perfectionem
3640 1076 3649 1085 ’

1971 1172 2339 1240 plenitudinis.
2372 1174 2529 1237 Prius
2553 1189 2684 1246 ergo
2714 1176 2836 1233 illos
2862 1177 3036 1235 dulcia
3076 1180 3390 1251 suscipiunt,
3424 1196 3543 1249 quae

1966 1267 2353 1333 consolentur;
2379 1269 2720 1337 postmodum
2746 1282 2951 1334 amara,
2977 1286 3097 1340 quae
3141 1281 3465 1340 exerceant;
3493 1281 3547 1335 ει

1967 1367 2094 1411 tunc
2116 1356 2333 1413 demum
2360 1360 2550 1415 suavia
2574 1368 2735 1429 atque
2758 1359 3029 1427 sublimia,
3056 1376 3174 1431 qua:
3197 1366 3541 1425 conﬁrment.
3646 1402 3653 1434 ι

1966 1447 2101 1504 Nam
2144 1457 2201 1505 et
2235 1465 2490 1519 sponsam
2538 1467 2689 1508 suam
2733 1452 2810 1509 vir
2855 1455 3084 1524 quisque
3112 1456 3263 1525 prius
3301 1457 3547 1517 dulcibus

1968 1540 2346 1598 blandimentis
2398 1546 2562 1610 fovet,
2614 1560 2772 1614 quam
2822 1554 3002 1601 tamen
3044 1528 3186 1615 jam'
3203 1548 3543 1619 coniunctam

1969 1634 2180 1700 asperis
2211 1635 2668 1702 increpationibus
2697 1637 2904 1704 probat,
2939 1639 3212 1704 probatam
3237 1656 3369 1699 vero
3392 1658 3549 1699 secu-

1969 1723 2047 1776 ta's
2091 1725 2503 1796 cogitationibus
2557 1725 2814 1795 pussidet.
2847 1725 2998 1783 Unde
3035 1739 3089 1787 et
3133 1730 3283 1800 plebs
3332 1733 3548 1791 lsraeli-

1969 1814 2094 1879 tiea,
2145 1831 2263 1872 cum
2320 1817 2683 1886 despondente
2732 1834 2793 1874 se
2851 1818 2963 1885 Deo
3007 1820 3075 1875 ad
3121 1836 3306 1883 sacras
3353 1826 3549 1883 mentis

1896 1904 1945 1977 β
1970 1904 2181 1974 nuptias
2208 1923 2275 1962 ex
2317 1908 2554 1979 Egypto
2597 1920 2902 1977 vocaretur,
2925 1914 3077 1982 quasi
3108 1916 3389 1975 arrharum
3431 1919 3548 1976 vice

1966 1997 2114 2066 prius
2153 2001 2365 2067 accepit
2394 2001 2753 2061 blandimenta
2799 2002 3104 2073 signorum;
3136 2006 3418 2075 conjuncta
3447 2023 3549 2065 au-

1966 2097 2103 2160 tem,
2132 2092 2544 2161 probationibus
2569 2104 2852 2151 excreetur
2873 2096 2930 2151 in
2969 2111 3181 2165 eremo;
3210 2099 3431 2168 probata
3459 2116 3547 2157 vc-

1964 2198 2060 2247 ro,
2089 2184 2144 2238 in
2172 2187 2609 2254 repromissionis
2633 2197 2776 2247 terra
2804 2189 3016 2245 virtutis
3053 2191 3382 2261 plenitudine
3417 2208 3550 2253 con-

1964 2273 2225 2335 ﬁrmatur.
2257 2279 2398 2333 Ante
2428 2278 2589 2348 igitur
2640 2280 2698 2336 in
2745 2280 3018 2338 miraculis
3055 2282 3357 2354 degustavit
3401 2285 3547 2355 quod

1965 2377 2261 2436 appeteret,
2285 2371 2626 2438 postmodum
2657 2372 2711 2427 in
2740 2372 2925 2431 labore
2954 2382 3155 2431 tentata
3179 2385 3265 2432 est
3290 2378 3334 2433 si
3362 2387 3545 2434 costo-

1963 2461 2080 2516 ὼε
2111 2463 2318 2519 noverit
2360 2465 2501 2532 quod
2545 2474 2847 2533 gustasset;
2892 2469 2961 2523 ad
3007 2478 3307 2527 extremum
3335 2486 3549 2542 quoque

1966 2553 2177 2623 plenius
2221 2557 2467 2624 accipere
2523 2560 2740 2625 meruit,
2801 2558 2944 2628 quod
2994 2560 3269 2633 laboribus
3327 2562 3550 2631 probata

1966 2650 2274 2711 custodivit.
2307 2650 2384 2705 lta
2404 2664 2537 2720 ergo
2566 2653 2730 2707 vitam
2751 2653 3169 2737 uniuscujusque
3192 2661 3463 2727 conversi,
3492 2670 3550 2717 ct

1964 2741 2238 2798 inchoatio
2276 2743 2471 2801 blanda
2502 2746 2814 2814 permulcet,
2833 2757 2890 2803 et
2908 2762 3100 2817 aspera
3128 2751 3388 2809 medietas
3417 2769 3545 2823 pro-

1964 2832 2079 2901 bat,
2110 2845 2164 2890 et
2195 2836 2350 2904 plena
2382 2847 2502 2905 post
2533 2838 2792 2906 perfectio
2817 2839 3052 2897 roborat.

2032 2923 2125 2982 29.
2160 2926 2317 2980 Initia
2344 2929 2684 2993 conversionis
2733 2932 3061 2998 pacatissimo
3123 2935 3384 3004 excipiunt
3420 2953 3548 3005 gra-

1964 3020 2380 3074 uestentatiorws.
2430 3020 2561 3075 Nam
2608 3036 2750 3091 saepe
2788 3023 3032 3079 conversi
3083 3025 3280 3095 quique
3323 3029 3375 3081 in
3424 3030 3544 3097 ipso

1967 3110 2141 3175 adhuc
2165 3111 2313 3165 aditu
2332 3111 2690 3177 inchoationis
2711 3130 2846 3180 sure,
2878 3116 2959 3171 vel
2986 3117 3422 3187 tranquillitatem
3445 3118 3545 3189 ipa-

1967 3202 2295 3256 catissimam
2327 3208 2526 3267 carnis,
2560 3207 2641 3261 vel
2673 3206 2811 3261 dona
2836 3208 3156 3276 prophetia),
3179 3212 3263 3265 vel
3285 3213 3531 3281 praedica-

282 3304 431 3360 sunt,
462 3297 559 3351 sed
586 3299 938 3353 tentationutn
966 3300 1361 3371 stimuli,quasi
1384 3300 1561 3355 hostes
1589 3301 1719 3355 aliilt
1740 3317 1868 3357 con-
1895 3280 1942 3357 (ἶ
1970 3303 2149 3351 menta
2199 3294 2480 3369 doctrinae,
2511 3297 2671 3368 773
2702 3299 2784 3353 vel
2833 3299 3105 3368 signorum
3136 3280 3421 3370 miracula,
3454 3310 3540 3359 vet

284 3397 364 3441 tra
390 3387 583 3443 faciem
613 3391 856 3455 veniunt,
888 3392 977 3461 qui
1006 3401 1061 3446 et
1103 3408 1226 3447 cum
1260 3406 1447 3449 nosrro
1476 3394 1660 3449 labore
1710 3408 1869 3462 supe-

284 3491 497 3538 rentur.
521 3482 814 3539 Conversio
843 3485 1096 3575 videlicet
1124 3487 1468 3542 securitatem
1500 3487 1657 3554 parit,
1690 3496 1864 3543 mater

292 3583 473 3629 autem
498 3577 833 3646 negligentia:
853 3578 990 3634 solet
1018 3592 1137 3634 esse
1156 3579 1436 3635 securitas.
1461 3577 1540 3634 Ne
1563 3592 1689 3646 ergo
1717 3592 1868 3633 secu-

283 3666 417 3721 ritas
441 3666 811 3736 negligentiam
841 3677 1082 3739 generet,
1110 3668 1364 3733 scriptum
1400 3677 1485 3722 est
1513 3686 1529 3723 :
1559 3666 1691 3733 Fili,
1720 3684 1865 3722 acce-

284 3758 415 3811 dens
442 3758 511 3811 ad
554 3762 840 3815 servitutem
873 3760 991 3827 Dei,
1018 3768 1099 3814 sta
1147 3761 1201 3813 in
1248 3759 1457 3831 justitia
1492 3767 1540 3812 et
1591 3759 1790 3824 timore,
1822 3768 1868 3811 et

285 3868 526 3920 purpura
574 3855 796 3907 animum
838 3864 981 3908 tuam
1006 3853 1073 3908 ad
1105 3854 1432 3907 tentationent
1478 3853 1668 3921 (Eccli.
1695 3866 1752 3913 tt,
1790 3852 1865 3919 i).

282 3940 403 3997 Non
429 3944 571 3997 enim
598 3943 692 4007 ait,
722 3945 787 3998 ad
820 3947 1080 4015 requiem,
1105 3946 1197 3999 sed
1246 3946 1307 3998 ..ἀ
1342 3945 1710 4007 imitationem,
1742 3943 1867 4012 quia

286 4034 468 4093 hostis
512 4046 696 4095 noswr
722 4038 899 4093 adhuc
929 4038 981 4092 irt
1026 4036 1125 4091 hac
1154 4037 1256 4091 vita
1284 4052 1380 4089 nos
1424 4036 1645 4103 positos,
1669 4044 1867 4103 quanto

286 4128 464 4197 magis
516 4142 613 4185 nos
642 4128 747 4183 sibi
796 4129 1057 4184 rebellare
1101 4128 1385 4195 conspicit,
1444 4135 1592 4179 tanto
1640 4125 1867 4194 amplius

232 4208 249 4225 “
280 4235 599 4291 expugnare
651 4222 948 4276 contendit.
994 4220 1103 4275 Eos
1165 4221 1306 4275 enim
1365 4220 1577 4287 pulsare
1627 4216 1864 4287 negligit,

281 4328 425 4382 quos
456 4314 635 4383 quieto
660 4312 781 4381 jure
810 4312 1083 4381 possidere
1103 4326 1163 4367 se
1185 4311 1581 4365 sentit.t:ontra
1617 4325 1709 4360 nos
1742 4322 1868 4360 vero

281 4422 352 4465 eo
383 4404 754 4460 vehementius
780 4405 1055 4473 incitatur,
1087 4420 1190 4473 quo
1216 4419 1288 4461 ex
1317 4402 1479 4458 corde
1512 4410 1693 4454 nostro
1719 4400 1869 4469 quasi
1900 4434 1911 4441 -

284 4514 356 4554 ex
381 4498 501 4566 jure
532 4497 763 4566 propria:
792 4492 1137 4557 habitationis
1165 4497 1470 4567 expellitur.
1502 4494 1614 4548 lloc
1641 4494 1778 4547 enim
1812 4494 1865 4545 in

280 4592 471 4660 seipso
499 4580 757 4648 Dominus
787 4592 889 4648 sub
916 4592 1146 4667 quadam
1194 4590 1593 4659 dispensatione
1620 4587 1869 4658 figuravit

1967 3388 2195 3455 gratiam
2240 3390 2531 3444 curationis
2582 3391 2855 3459 accipiunt
2899 3391 2957 3463 (Ι
2980 3394 3104 3449 Cor.
3144 3410 3238 3463 xu,
3272 3398 3398 3466 10);
3430 3407 3551 3466 post

1968 3477 2086 3534 haec
2110 3488 2288 3535 autem
2315 3481 2462 3537 duris
2488 3484 2838 3540 tentationum
2881 3489 3285 3555 probationibus
3312 3490 3538 3563 fatigau-

1966 3579 2077 3637 tur,
2110 3588 2141 3625 a
2172 3573 2361 3641 quibus
2406 3575 2783 3631 tentatiouibus
2824 3577 3019 3649 adhuc,
3049 3594 3169 3634 cum
3215 3581 3539 3650 inciperent,

1970 3662 2126 3718 valde
2155 3664 2352 3718 liberos
2378 3680 2438 3721 se
2465 3680 2587 3721 esse
2611 3668 2971 3724 crediderunt.
3004 3672 3157 3736 Quod
3194 3672 3390 3729 divinae
3420 3689 3545 3743 gra-

1972 3752 2057 3804 tiae
2081 3753 2475 3822 dispensatione
2516 3756 2710 3826 agitur,
2744 3773 2810 3813 ne
2839 3760 2891 3813 in
2921 3761 3266 3817 inchoatione
3294 3778 3390 3829 sua
3422 3774 3543 3821 ten—

1973 3847 2227 3899 tationum
2265 3857 2286 3883 σ
2315 3848 2600 3916 asperitate
2623 3857 2931 3921 tangantur,
2961 3855 3082 3923 quia
3106 3856 3148 3907 si
3171 3870 3357 3911 eorum
3386 3856 3543 3913 initia
3578 3884 3585 3891 -

1922 3948 1925 3953 ί
1972 3937 2273 3991 amaritudo
2291 3940 2597 3995 tentationis
2611 3943 2903 4011 exciperet,
2928 3953 3035 3999 tam
3051 3945 3211 4002 facile
3239 3948 3305 4001 ad
3336 3962 3547 4023 eaquae

1971 4029 2297 4097 reliquerant
2320 4032 2556 4087 redirent
2583 4048 2741 4104 quam
2793 4051 2891 4090 nec
2916 4038 3127 4108 longius
3151 4039 3547 4107 discesserant;

1974 4137 2094 4175 nam
2116 4124 2435 4191 contemptis
2464 4125 2610 4201 prius
2636 4126 2799 4195 vitiis,
2828 4128 2976 4197 quasi
3023 4131 3179 4198 juxta
3226 4131 3414 4201 positis
3460 4148 3550 4189 re-

1970 4211 2291 4279 plicarentur
2318 4213 2501 4286 [Quasi
2527 4216 2988 4289 reimplicarentur,
3020 4234 3118 4274 seu
3147 4221 3331 4275 iterum
3376 4222 3552 4293 impli-

1970 4306 2246 4375 carentur].
2284 4306 2431 4361 Unde
2459 4317 2510 4362 et
2538 4311 2796 4377 scriptum
2823 4322 2906 4366 est
2931 4334 2944 4366 :
2971 4312 3099 4366 Cum
3126 4316 3373 4371 emisisset
3403 4315 3552 4373 Plia-

1972 4413 2064 4449 rao
2088 4400 2361 4468 pupulum,
2394 4417 2496 4453 non
2528 4417 2609 4456 eos
2637 4403 2784 4458 duxit
2822 4404 3073 4467 Dominus
3101 4424 3192 4475 per
3222 4409 3354 4462 viam
3400 4420 3548 4465 terra!

1973 4486 2305 4555 Plritisthiim,
2337 4510 2449 4564 qua:
2467 4495 2632 4549 vicina
2662 4506 2754 4561 est,
2787 4509 3031 4566 reputans
3056 4516 3119 4554 ne
3140 4504 3272 4570 forte
3294 4505 3555 4570 paniteret

1974 4598 2108 4645 curn,
2149 4586 2193 4637 si
2217 4585 2418 4647 vidisset
2444 4587 2716 4649 adversum
2732 4605 2787 4642 se
2812 4591 2943 4644 bella
2963 4607 3290 4664 consurgere,
3318 4605 3364 4646 et
3384 4602 3553 4649 r‘ever-
3606 4648 3611 4657 ,

279 4681 506 4753 (Matth.
535 4700 609 4751 tv,
641 4686 730 4756 1),
768 4684 857 4755 qui
888 4666 1159 4743 diabolum
1204 4697 1308 4737 non
1340 4681 1436 4735 nisi
1462 4688 1584 4749 post
1606 4679 1865 4745 baptisma
1896 4666 1948 4727 D
1971 4686 2165 4729 teretur
2192 4680 2245 4730 in
2277 4680 2564 4750 zEgyptum
2608 4680 2805 4753 (Exod.
2861 4698 2985 4747 xui,
3040 4686 3155 4753 17).
3187 4685 3264 4742 Ex
3317 4686 3551 4759 Algypto

280 4792 348 4831 sc
370 4784 581 4832 tentare
612 4777 874 4848 permisit,
901 4787 958 4832 ut
978 4778 1187 4846 signum
1209 4774 1364 4829 nobis
1385 4772 1651 4843 quoddam
1676 4771 1867 4823 futura:

280 4869 660 4929 conversionis
686 4869 958 4933 iunuerct,
990 4865 1133 4937 quod
1165 4865 1404 4921 membra
1444 4861 1561 4930 ejus
1592 4867 1868 4931 postquam

282 4960 352 5013 ad
408 4961 572 5016 Deum
628 4963 987 5027 proﬁcerent,
1046 4968 1169 5013 tunc
1226 4956 1463 5012 acriores
1511 4953 1863 5013 tentationom

284 5052 510 5111 insidias
530 5052 837 5108 tolerarent.
867 5052 996 5107 Post
1029 5038 1253 5125 primam
1283 5048 1442 5117 igitur
1469 5046 1637 5100 vicem
1673 5054 1869 5103 maero-

206 5216 215 5223 .
280 5147 363 5203 ris
382 5155 551 5217 utque
606 5146 827 5214 laetitia,
857 5160 1018 5215 quant
1069 5144 1436 5213 unusquisque
1490 5153 1585 5209 per
1632 5135 1864 5191 studium

272 5229 657 5301 “eversionis
688 5238 958 5309 agnoscit,
1000 5236 1112 5291 haec
1158 5233 1394 5311 secunda
1422 5229 1714 5290 suboritur,
1742 5225 1866 5294 quia

276 5346 357 5393 ne
381 5330 683 5391 securitatis
708 5328 1031 5399 negligentia
1063 5326 1410 5397 dissolvatur,
1436 5318 1666 5388 impulsu
1697 5327 1870 5372 tenta.

276 5422 452 5485 nonis
475 5419 728 5485 afﬁcitur.
757 5420 823 5479 Et
851 5418 1066 5488 quidem
1096 5416 1321 5485 quisque
1342 5412 1394 5467 in
1420 5414 1538 5482 ipso
1557 5408 1869 5464 conversio-

282 5511 371 5567 nis
391 5510 543 5567 initio
566 5525 756 5582 magna
790 5511 1105 5579 plerumque
1127 5506 1396 5575 excipitur
1416 5502 1702 5559 dulcedine
1742 5513 1870 5554 con-

360 5681 388 5746 f
413 5668 630 5746 Ebroic.
652 5678 707 5724 et
729 5667 973 5746 Vindoc.,
995 5674 1113 5719 ante
1133 5665 1334 5746 facient.

359 5741 388 5780 ιι
420 5740 684 5810 Plerique,
713 5745 976 5810 experitur
1005 5740 1355 5810 tentatiouis.‘
1653 5801 1686 5810 Α
1758 5801 1767 5808 ,

361 5825 382 5849 ε
414 5812 552 5865 Editi
580 5801 865 5880 'plcrique,
913 5808 1222 5880 aduersante
1272 5810 1593 5880 frangantur.
1648 5801 1861 5880 Optime

284 5892 549 5960 quantum
597 5872 662 5935 ad
694 5872 927 5937 sensum.
977 5872 1282 5936 Lectionum
1334 5872 1510 5931 tanien
1538 5874 1677 5929 hanc
1712 5872 1865 5926 dese-

1970 4767 2148 4836 itaque
2176 4770 2492 4829 exeuntibus
2521 4787 2551 4826 e
2577 4774 2753 4829 vicino
2795 4773 2939 4830 bello
2966 4777 3356 4845 subtrahuntur
3374 4821 3389 4849 ,
3423 4782 3548 4851 quia

1972 4857 2458 4928 derelinqueutihus
2478 4864 2733 4919 saeculum
2758 4865 3000 4933 quaedam
3026 4867 3172 4937 prius
3191 4872 3549 4939 tranquillitas

1972 4950 2287 5016 ostenditur,
2314 4968 2381 5009 ne
2407 4954 2458 5005 in
2490 4954 2601 5022 ipsa
2633 4968 2729 5009 sua
2761 4957 3124 5019 teneritudine
3146 4968 3307 5029 atque
3324 4960 3548 5017 inchoa-

1974 5044 2116 5097 tione
2162 5045 2352 5111 turbati
2372 5085 2391 5113 ,
2422 5047 2489 5101 ad
2520 5046 2622 5102 hoc
2650 5049 2823 5104 territi
2869 5050 3089 5108 redeant
3138 5052 3163 5087 ά
3189 5052 3333 5122 quod
3364 5068 3549 5109 evase-

1972 5142 2114 5188 runt.
2170 5134 2325 5190 Prius
2369 5152 2498 5207 ergo
2545 5138 2860 5195 suavitatem
2908 5145 3211 5197 securitatis
3264 5145 3536 5209 sentiunt,

1973 5226 2124 5292 prius
2159 5227 2302 5293 pacis
2353 5231 2533 5295 quiete
2577 5232 2918 5300 nutriuntur;
2962 5243 3088 5303 post
3113 5237 3379 5305 cognitam
3424 5251 3546 5290 vero

1971 5314 2332 5385 dulcedinem,
2366 5330 2511 5375 tanto
2534 5322 2643 5390 jam
2691 5323 3019 5381 tolerabilius
3052 5326 3403 5397 tentatio‘uum
3432 5342 3550 5380 cer-

1982 5406 2177 5460 tamina
2228 5411 2515 5477 sustinent,
2568 5424 2765 5481 quanto
2788 5416 2840 5468 in
2866 5414 2977 5468 Deo
3030 5415 3191 5469 altius
3244 5430 3544 5485 cognovere

1972 5499 2116 5568 quod
2139 5511 2336 5556 ament.
2372 5503 2525 5559 Unde
2552 5512 2608 5558 et
2650 5505 2836 5559 Petrus
2870 5504 3015 5572 prius
3045 5504 3094 5555 in
3134 5514 3364 5559 montem
3396 5507 3546 5560 duci-

1966 5672 2089 5714 rere
2111 5659 2278 5713 coacti
2303 5674 2493 5725 sumus,
2513 5659 2785 5713 communi
2830 5672 3095 5712 consensu
3146 5661 3271 5714 Mss.
3330 5663 3547 5726 Nomm,

1970 5734 2217 5795 Vindoc.,
2267 5732 2471 5790 Boium,
2521 5729 2702 5797 Colb.,
2755 5737 2882 5793 etc.,
2940 5743 3072 5796 quos
3104 5732 3346 5797 sequitur
3395 5744 3547 5787 vetus

1965 5805 2131 5860 editio
2162 5802 2499 5856 Parisiensis.

2042 5875 2065 5912 ἀ
2088 5875 2314 5933 Turon.,
2341 5871 2478 5937 quod
2502 5871 2787 5923 dmvieerunt
