4024 6352
537 409 643 463 505

1761 396 2007 455 SANCTI
2046 396 2376 475 GllﬁiORll
2415 396 2556 454 MAG
2566 397 2629 454 Nl

3704 396 3798 454 305

532 534 639 588 tur,
673 523 818 592 prius
845 520 1138 576 claritatem
1161 513 1645 587 transﬁgurationis
1666 513 1962 568 Dominicaa
1983 527 2112 568 con-
2140 511 2196 574 Δ
2219 520 2274 566 et
2302 526 2395 582 per
2428 513 2737 570 innumeras
2786 524 2943 567 curas
2991 511 3142 582 quasi
3196 509 3378 566 multis
3431 510 3800 568 itinerantibus

535 616 826 685 templatur
854 612 1048 683 (Marc.
1083 626 1154 678 1x,
1191 610 1243 678 l)
1263 651 1278 676 ,
1305 618 1359 664 et
1385 618 1511 664 tunc
1537 606 1752 662 demum
1799 607 1991 661 tentari
2021 621 2119 659 an-

535 709 656 764 cilla
687 710 1047 777 interrogante
1089 702 1418 773 permittitur
1462 700 1677 769 (Matth.
1708 714 1866 764 xxvr,
1897 696 2026 766 70),
2061 704 2120 750 ut

527 816 629 871 per
672 797 1020 856 tentationem
1052 795 1221 850 factus
1268 793 1369 847 sibi
1413 807 1480 847 ex
1511 792 1822 846 inﬁrmitate
1841 790 2113 855 conscius,

532 893 600 949 ad
629 892 756 948 illud
784 889 960 946 ﬂendo
989 898 1045 944 et
1070 886 1298 941 amando
1329 894 1632 940 recurreret
1664 883 1808 954 quod
1843 882 2069 936 vidisset
2098 900 2111 946 ;

530 997 728 1044 etcum
759 998 879 1039 eum
922 981 1131 1037 timoris
1156 980 1296 1034 unda
1323 978 1377 1032 in
1404 977 1607 1048 peccati
1639 976 1860 1046 pelagus
1892 979 2118 1042 raperet

525 1078 752 1148 (Matth.
787 1089 910 1139 xiv,
942 1072 1081 1142 ‘24),
1138 1079 1280 1126 esset
1305 1069 1513 1139 prioris
1542 1066 1841 1122 dulcedinis
1875 1065 2114 1119 anchora

523 1185 643 1238 qua:
673 1168 952 1222 retineret.
982 1163 1137 1231 Saepe
1165 1171 1346 1216 autem
1390 1168 1499 1213 tam
1527 1158 1736 1212 diutina
1782 1163 1908 1209 sunt
1940 1163 2115 1210 tenta-

522 1262 729 1320 tionum
759 1257 1074 1320 certamina,
1099 1271 1260 1325 quam
1284 1254 1439 1324 longa
1471 1249 1875 1306 inchoationum
1901 1248 2117 1303 fuerant

524 1350 916 1406 blandimenta.
947 1350 1102 1416 Saepe
1129 1361 1255 1400 vero
1286 1346 1460 1412 majus
1488 1342 1646 1398 datur
1680 1343 1731 1396 in
1764 1340 2116 1395 inchoatione

525 1443 846 1507 dulcedinis,
881 1442 1054 1497 minus
1085 1448 1263 1493 autem
1286 1437 1338 1492 in
1364 1436 1547 1491 labore
1568 1435 1923 1506 probationis.
1956 1433 2115 1502 Saepe

523 1535 700 1589 minus
733 1535 784 1587 in
831 1532 1168 1587 inchoatione
1217 1528 1541 1596 dulcedinis,
1597 1527 1770 1596 majus
1820 1527 1876 1580 in
1933 1525 2116 1579 labore

523 1626 873 1695 probationis.
906 1625 1182 1693 Nunquam
1216 1637 1346 1676 vero
1373 1621 1611 1676 laborem
1658 1618 1972 1674 tentationis
1999 1616 2114 1671 dis-

524 1733 621 1790 par
649 1719 888 1789 sequitur
915 1717 1174 1787 perfectio
1199 1715 1486 1778 ﬁrmitatis,
1517 1713 1641 1782 quia
1663 1712 1815 1781 juxta
1843 1725 2111 1766 summam

523 1813 828 1868 certaminis
875 1817 1249 1865 remuneratur
1279 1809 1508 1878 quisque
1560 1805 1890 1874 plenitudine
1922 1803 2106 1873 perle-

523 1907 737 1960 ctionis.
798 1904 1115 1972 Plerumque
1167 1911 1345 1956 autem
1379 1901 1432 1954 in
1461 1914 1527 1954 eo
1559 1899 1787 1969 quisque
1817 1910 2115 1952 conversus

522 1994 735 2073 labitur,
767 1994 908 2065 quod
941 1996 1065 2048 dum
1094 1993 1408 2063 quibusdam
1442 1991 1599 2045 donis
1630 1991 1838 2059 gratim,
1865 1989 2111 2064 dulcedi-

522 2101 588 2141 ne
612 2086 968 2142 inchoationis
992 2086 1284 2153 excipitur,
1318 2083 1791 2138 conﬁrmationem
1825 2081 2106 2149 accepisse

529 2192 590 2232 se
621 2177 966 2246 perfectionis
997 2176 1307 2240 arbitratur,
1360 2184 1414 2229 et
1460 2172 1805 2242 plenitudinis
1855 2187 2111 2227 consum-

525 2274 814 2328 mationem
846 2270 1094 2335 assumat,
1118 2285 1237 2338 quae
1265 2266 1442 2324 adhuc
1474 2268 1835 2322 blandimenta
1863 2281 1984 2321 esse
2031 2269 2113 2321 in-

522 2362 820 2418 choationis
849 2365 1076 2432 ignorat.
1106 2360 1256 2416 Unde
1277 2360 1335 2413 lit
1356 2370 1413 2414 ut
1441 2360 1569 2414 dum
1600 2360 1776 2413 subita
1798 2359 2113 2414 tentationis

524 2456 759 2525 procella
781 2454 1033 2524 tangitur,
1057 2455 1368 2522 despectum
1407 2470 1466 2509 se
1484 2453 1592 2509 Deo
1613 2462 1668 2509 et
1693 2454 1956 2524 perditum
1989 2469 2112 2509 sus-

525 2551 758 2619 picetur.
793 2551 891 2618 Qui
920 2551 964 2605 si
989 2550 1317 2605 inchoationi
1347 2563 1456 2605 sua:
1486 2565 1591 2604 non
1625 2551 1822 2619 passim
1845 2549 2109 2616 crederet,

522 2644 695 2697 adlmc
727 2644 776 2697 in
810 2643 1082 2712 prosperis
1107 2644 1330 2710 positus,
1364 2653 1599 2699 mentem
1633 2644 1698 2698 ad
1722 2643 1945 2698 adversa
1972 2659 2109 2712 pra}-

523 2746 760 2806 pararet,
790 2747 844 2793 et
871 2737 1015 2793 vitiis
1041 2737 1384 2815 venientibus
1409 2738 1750 2808 postmodum
1777 2747 1884 2792 tam
1907 2738 2111 2793 firmius

523 2832 800 2886 resisteret
827 2845 988 2900 quam
1031 2845 1094 2885 ea
1119 2830 1279 2884 etiam
1306 2830 1551 2899 sagacius
1583 2829 1942 2900 prmvidisset.
1968 2831 2105 2900 Quae

521 2923 733 2992 quidem
766 2923 1106 2994 tranquillius
1136 2925 1179 2977 si
1210 2923 1468 2996 praevidet
1501 2924 1714 2979 tolerat.
1768 2923 1968 2978 Eorum
2023 2933 2104 2976 ta-

523 3033 645 3072 men
697 3018 915 3072 omnino
971 3018 1286 3081 certamina,
1346 3017 1558 3072 etiamsi
1614 3017 1940 3086 praevideat,
2004 3031 2109 3071 non

522 3108 774 3173 declinat,
820 3121 846 3146 ει
887 3110 1012 3180 quia
1058 3124 1247 3165 cursus
1299 3111 1469 3166 nostri
1515 3109 1723 3165 itineris
1777 3123 2111 3180 nequaquam

504 3203 796 3284 peragitur
821 3203 935 3257 sine
965 3203 1180 3270 pulvere
1207 3203 1546 3258 tentationis.

2224 605 2505 674 premitur,
2561 619 2627 660 ne
2671 603 2932 662 videatur,
2989 605 3044 660 Si
3098 613 3272 661 autem
3319 619 3414 674 per
3444 606 3805 660 conversionis

2224 698 2449 772 gratiam
2495 712 2525 751 a
2557 697 2639 751 via
2692 697 2870 752 cordis
2910 713 3153 752 curarum
3202 698 3350 752 turba
3383 705 3709 756 removetur.
3740 708 3795 752 ut

2227 793 2368 848 nulla
2396 793 2665 848 actionum
2694 791 2977 848 insolentia
3008 801 3272 858 conterat,
3303 792 3479 847 nullus
3522 791 3804 860 cogitatio-

2225 901 2351 940 num
2380 886 2639 941 tumultus
2679 895 2904 955 premat,
2959 895 3084 939 tunc
3132 886 3274 955 quod
3303 884 3578 940 occultum
3614 883 3801 937 latebat

2225 980 2555 1049 agnoscitur,
2612 987 2737 1033 tunc
2785 979 2854 1033 de
2885 977 3063 1032 radice
3112 977 3365 1033 vitiorum
3411 975 3592 1045 pungit
3637 974 3797 1028 libere

2224 1073 2374 1140 spina
2405 1070 2782 1125 tentationum.
2805 1069 3005 1123 Contra
3030 1077 3186 1138 quam
3216 1069 3356 1123 bene
3388 1066 3623 1122 viventis
3647 1080 3799 1119 manu

2225 1162 2401 1229 agitur
2420 1173 2496 1226 ut,
2520 1163 2570 1215 in
2586 1173 2842 1230 quantum
2863 1169 3035 1228 potest
3058 1161 3192 1226 ﬁeri,
3214 1174 3318 1214 non
3330 1167 3542 1228 tegatur
3561 1156 3768 1212 occulta
3787 1201 3800 1222 ,

2223 1256 2316 1310 sed
2340 1255 2592 1311 radicitus
2605 1256 2883 1310 evellatur.
2899 1255 3050 1322 Quod
3075 1254 3244 1310 donec
3263 1252 3807 1321 ﬁat,uniuscujusque

2224 1350 2468 1404 conversi
2502 1331 2738 1403 animum
2771 1350 2841 1403 ita
2874 1350 2988 1402 haec
3013 1349 3170 1418 spina
3214 1349 3520 1410 conturbat,
3570 1358 3626 1400 ut
3673 1361 3809 1415 szepe

2230 1443 2576 1512 percussione
2614 1443 2785 1497 subita
2814 1457 2948 1509 pene
2971 1443 3210 1511 superari
3241 1457 3300 1495 se
3331 1443 3528 1495 sentiat
3551 1485 3564 1505 ,
3595 1440 3812 1509 ejusque

2231 1535 2426 1592 vulnus
2454 1535 2762 1590 medullitus
2802 1534 3059 1588 inﬁictum
3116 1532 3405 1588 exitialiter
3449 1535 3807 1601 pertimescat.

2298 1629 2443 1702 [Vet.
2469 1627 2623 1698 ΧΗ
2653 1628 2741 1682 51.
2757 1627 3109 1692 Tentationes,
3139 1642 3255 1680 cum
3273 1626 3334 1678 ob
3355 1626 3720 1679 assiduitatem
3740 1624 3814 1678 dav

2223 1723 2558 1789 spiciuntur,
2617 1721 2938 1791 periculosa.
2999 1719 3134 1775 Deus
3179 1717 3538 1772 tentationibus
3591 1717 3813 1785 probat,

2222 1831 2327 1868 non
2384 1815 2645 1882 reprobat.
2708 1843 2779 1854 —
2837 1814 3158 1883 Plerumque
3209 1827 3339 1866 vero
3402 1812 3500 1879 ipsi
3521 1823 3540 1881 _'
3563 1811 3817 1864 tentatio-

2148 1921 2198 1985 Β
2224 1922 2354 1962 num
2406 1907 2630 1972 stimuli,
2661 1907 2786 1961 dum
2835 1907 2888 1961 in
2941 1921 3095 1961 usum
3126 1907 3376 1969 veniunt,
3424 1905 3742 1970 dilatantur,
3770 1916 3816 1958 et

2223 2017 2330 2056 non
2357 2001 2570 2071 quidem
2615 2002 2872 2065 acriores,
2905 1999 3002 2054 sed
3031 1999 3302 2064 longiores
3331 1997 3586 2053 existunt.
3638 1996 3814 2050 Minus

2227 2103 2406 2150 autem
2436 2093 2639 2159 dolent,
2669 2093 2764 2148 sed
2795 2093 2963 2163 magis
3009 2092 3273 2158 inliciunt,
3321 2091 3442 2162 quia
3473 2091 3599 2145 dum
3646 2089 3814 2146 menti

2222 2187 2428 2241 diutius
2448 2185 2755 2252 adhterent,
2792 2194 2940 2239 tanto
2967 2184 3100 2239 ﬁunt
3129 2185 3304 2238 minus
3335 2183 3588 2256 pavehdi,
3618 2190 3817 2251 quanto

2218 2285 2388 2354 magis
2412 2282 2637 2338 assueti.
2663 2281 2809 2336 Inter
2833 2282 2949 2335 haec
2970 2294 3097 2350 ergo
3128 2276 3155 2316 ιι
3179 2278 3518 2348 deprehensa
3543 2291 3702 2332 mens
3725 2278 3818 2330 huc

2216 2374 2450 2442 illucque
2508 2373 2856 2434 distenditur,
2910 2379 2966 2425 et
3016 2369 3396 2439 multiplicibus
3450 2368 3810 2423 tentationum

2218 2465 2439 2520 testibus
2467 2463 2779 2531 dissipatur,
2809 2472 2863 2517 et
2892 2477 3036 2532 stepe
3064 2461 3189 2515 hinc
3217 2460 3341 2514 inde
3367 2467 3655 2530 provocata
3679 2499 3696 2523 ,
3729 2457 3811 2513 cui

2225 2555 2453 2610 tentanti
2483 2554 2614 2609 vitio
2651 2554 2865 2618 obviet,
2914 2554 2994 2608 vel
3035 2553 3176 2620 quod
3226 2553 3453 2622 primum
3499 2553 3810 2622 impugnet,

2216 2651 2448 2719 ignorat.
2506 2648 2660 2703 Unde
2691 2647 3010 2717 plerumque
3046 2647 3226 2701 evenit
3275 2655 3332 2699 ut
3376 2646 3501 2699 dum
3533 2645 3705 2698 nimis
3754 2645 3820 2697 in-

2217 2743 2487 2814 surgentia
2522 2743 2650 2797 vitia
2703 2742 2964 2806 cruciant,
3001 2741 3128 2795 dum
3178 2741 3524 2811 repugnantis
3570 2741 3813 2794 animum

2213 2835 2540 2905 jamjamque
2577 2836 2730 2905 quasi
2761 2835 2816 2889 in
2845 2835 3051 2903 lapsum
3080 2833 3468 2904 desperationis
3517 2833 3816 2899 inclinant,

2216 2941 2507 2982 conversus
2560 2927 2785 2996 quisque
2840 2927 2979 2980 hanc
3027 2925 3198 2996 ipsam
3247 2924 3594 2979 sublimitatis
3639 2923 3822 2987 viam,

2216 3035 2375 3091 quam
2403 3019 2504 3075 sibi
2526 3020 2591 3073 ad
2622 3017 2920 3074 remedium
2956 3018 3125 3088 eligit,
3183 3027 3542 3087 expavescat,
3575 3025 3631 3071 et
3670 3015 3820 3088 quasi

2217 3113 2271 3168 in
2299 3127 2512 3169 summo
2540 3112 2767 3168 eductus
2799 3112 3011 3178 titubat,
3043 3113 3133 3182 qui
3153 3111 3206 3165 in
3237 3113 3341 3166 imo
3363 3111 3586 3166 solidius
3614 3111 3822 3165 stabat.

2217 3203 2295 3259 lta
2326 3219 2459 3260 vero
2487 3203 3047 3260 circumfrementibus
3071 3204 3425 3260 tentationum
3450 3203 3695 3259 motibus
3718 3217 3816 3258 an-

519 3297 532 3312 ’
596 3295 686 3350 30.
707 3294 811 3348 Cur
832 3297 1132 3348 tentationes
1164 3305 1274 3364 post
1303 3295 1676 3350 conversionem
1707 3296 1929 3350 acriores
1951 3311 2107 3366 quam
2137 3309 2185 3375 ο
2218 3306 2478 3369 gustatur,
2507 3306 2566 3351 ut
2594 3304 2737 3351 recte
2758 3295 2828 3351 de
2855 3311 2922 3351 eo
2952 3295 3057 3350 dici
3087 3295 3277 3350 debeat
3310 3313 3322 3347 :
3350 3293 3730 3349 Abominabilis
3763 3293 3814 3348 ei

523 3400 639 3442 aute
667 3388 1350 3460 rideantur.--Plerumque
1371 3399 1545 3444 autem
1572 3404 1862 3444 conversus
1888 3389 2112 3460 quisque

523 3480 718 3548 talibus
745 3482 1094 3535 tentationum
1125 3481 1354 3534 Stimulis
1393 3482 1643 3550 agitatur,
1687 3482 1933 3550 qualibus
1975 3490 2109 3536 ante

524 3575 897 3630 conversionis
935 3576 1159 3645 gratiam
1193 3590 1460 3643 nunquam
1504 3575 1769 3643 pulsatum
1799 3589 1859 3628 se
1888 3587 2007 3629 esse
2039 3589 2118 3629 rc-

522 3667 842 3735 miniscitur,
895 3683 1002 3723 non
1035 3669 1155 3736 quia
1186 3677 1311 3722 tunc
1343 3667 1456 3722 haec
1485 3667 1673 3722 eadem
1726 3668 1878 3721 radix
1937 3676 2114 3722 tenta-

521 3763 681 3818 tionis
704 3762 911 3824 deerat.
953 3763 1048 3817 sed
1094 3763 1216 3833 quia
1241 3777 1344 3817 non
1375 3763 1684 3831 apparebat.
1736 3761 1890 3832 [ναι.
1925 3760 2115 3834 χω]

519 3855 798 3911 Humanus
824 3856 1021 3926 quippe
1051 3859 1260 3910 animus
1289 3856 1467 3911 multis
1495 3855 1908 3924 cogitationibus
1946 3870 2107 3910 occu-

522 3958 699 4017 patus,
731 3964 874 4018 smpe
903 3948 1218 4015 sibimetipsi
1245 3948 1420 4016 aliquo
1463 3949 1624 4002 modo
1654 3957 1834 4001 manet
1858 3948 2104 4016 incogni-

523 4049 630 4104 tus,
659 4049 718 4093 ut
765 4039 983 4093 omnino
1014 4039 1155 4108 quod
1186 4038 1376 4092 tolerat
1421 4038 1646 4104 nesciat,
1701 4039 1823 4106 quia
1856 4037 1981 4090 dum
2018 4053 2114 4104 per

519 4131 684 4186 multa
713 4130 876 4201 7⁵14.
903 4132 1189 4200 spargitur,
1221 4131 1289 4184 ab
1317 4131 1525 4183 interna
1571 4131 1653 4183 sui
1684 4130 1993 4199 cognitione
2026 4146 2115 4184 re-

521 4232 786 4278 movetur.
845 4222 903 4277 Si
946 4232 1124 4276 autem
1173 4223 1282 4276 Deo
1333 4236 1524 4276 vacare
1569 4230 1807 4290 appetat,
1845 4230 1900 4276 et
1929 4236 2110 4276 ramos

520 4315 851 4371 multimoda:
873 4315 1208 4386 cogitationis
1254 4314 1513 4379 abscidat,
1551 4324 1676 4368 tunc
1706 4315 1874 4370 libere
1897 4315 2110 4384 conspi-

521 4411 614 4476 cit,
648 4410 787 4480 quod
815 4410 882 4464 de
912 4410 1098 4463 intima
1127 4407 1308 4463 radice
1329 4410 1508 4463 carnis
1540 4409 1804 4478 procedit.
1861 4408 2106 4464 Carduus

522 4516 752 4571 namque
781 4502 826 4556 s‘i
869 4510 1116 4555 nascatur
1161 4500 1213 4553 in
1261 4484 1345 4553 via
1372 4544 1387 4567 ,
1435 4499 1799 4555 itinerautium
1829 4498 1856 4537 ι’
1889 4500 2114 4568 pedibus

521 4594 733 4659 teritur,
762 4604 920 4663 atque
948 4591 1064 4660 ipso
1091 4607 1192 4645 usu
1225 4590 1614 4644 transeuntium
1637 4589 1757 4659 ejus
1787 4589 2108 4659 superﬁcies

2223 3389 2282 3456 ﬁt
2312 3389 2367 3440 in
2395 3388 2499 3441 vita
2525 3403 2619 3442 sua
2649 3387 2818 3456 panis,
2855 3395 2902 3440 et
2926 3387 3114 3440 anima:
3155 3386 3296 3439 illius
3325 3386 3468 3439 cibus
3510 3395 3630 3438 ante
3684 3385 3821 3440 desi-

2231 3481 2494 3535 derabilis.
2538 3480 2636 3536 Vel
2674 3489 2820 3535 certe
2845 3496 2858 3534 :
2881 3479 3323 3550 ApprOpinquauit
3353 3479 3681 3548 corruptioni
3710 3479 3821 3532 ani-

2227 3591 2315 3628 ma
2338 3575 2470 3646 ejus,
2500 3582 2546 3626 et
2568 3573 2671 3626 vita
2696 3571 2838 3625 illius
2864 3571 3166 3641 mortiferis.
3209 3569 3314 3625 Sed
3343 3570 3464 3638 quia
3503 3568 3828 3646 misericors

2238 3664 2380 3720 Deus
2406 3662 2622 3734 probari
2649 3676 2747 3717 nos
2777 3659 3038 3730 permittit
3068 3659 3470 3726 tcntationihus,
3496 3674 3601 3713 non
3637 3645 3824 3728 repro-

2230 3757 2368 3825 bari,
2392 3759 2529 3814 sicut
2556 3758 2810 3826 scriptum
2841 3763 2925 3810 est
2951 3772 2963 3806 :
2991 3752 3188 3808 Fidelis
3217 3761 3388 3808 autem
3413 3753 3568 3817 Deus,
3589 3755 3688 3822 qui
3715 3769 3820 3807 nou

2230 3852 2422 3918 patitur
2443 3865 2528 3903 vos
2556 3848 2742 3902 tentari
2784 3857 2807 3884 ο
2828 3862 2987 3916 supra
3009 3847 3063 3899 id
3089 3847 3224 3916 quod
3266 3845 3474 3914 potestis
3492 3886 3508 3912 ,
3537 3847 3627 3898 sed
3669 3846 3826 3916 faciet

2222 3961 2337 3997 cum
2359 3945 2631 3998 tentatione
2654 3943 2809 3998 etiam
2857 3951 3186 4013 proventum,
3216 3950 3272 3994 ut
3313 3940 3512 4005 possitis
3562 3941 3827 3993 sustinere

2228 4038 2284 4109 (1
2313 4039 2636 4107 Cor.x,l'5),
2669 4039 2824 4093 citius
2856 4037 3009 4093 nobis
3040 4035 3421 4093 consolationis
3450 4049 3553 4105 ope
3581 4049 3822 4090 succur-

2221 4133 2311 4196 rit,
2364 4143 2417 4188 et
2472 4141 2751 4204 surgentes
2786 4133 3140 4188 tentationum
3171 4131 3416 4186 stimulos
3444 4130 3692 4199 mitigat,
3722 4129 3823 4183 im-

2219 4236 2622 4296 pugnantesque
2668 4241 2724 4281 se
2775 4225 3151 4296 cogitationum
3203 4233 3378 4278 motus
3411 4225 3623 4278 interna
3681 4236 3826 4293 pace

2221 4315 2552 4385 tranquillat.
2578 4315 2811 4383 Moxque
2837 4313 3014 4368 anima
3043 4313 3359 4367 immensam
3387 4310 3456 4365 de
3479 4326 3572 4380 spe
3599 4311 3825 4367 caelesti

2222 4409 2458 4464 laetitiam
2511 4411 2752 4480 percipit,
2807 4408 2933 4464 dum
2991 4409 3265 4464 devictqu
3317 4406 3520 4461 malum
3573 4406 3829 4477 respicit,

2219 4501 2361 4571 quod
2392 4500 2662 4566 toleravit,
2696 4510 2754 4556 ut
2801 4500 2922 4571 jure
2972 4500 3039 4554 de
3066 4499 3172 4554 hoc
3229 4508 3436 4554 tentato
3485 4497 3834 4567 liberataque

2219 4593 2434 4650 homine
2456 4593 2560 4649 dici
2582 4594 2774 4650 debeat
2804 4611 2815 4646 :
2853 4592 3057 4648 Videbit
3087 4593 3267 4660 faciem
3288 4593 3399 4660 ejus
3421 4590 3474 4642 in
3491 4591 3674 4661 jubilo
3703 4608 3723 4658 ;
3749 4599 3830 4654 ‘et,

521 4701 591 4742 ue
621 4693 875 4757 appareat
906 4695 929 4722 ε
954 4684 1298 4740 conlricatur.
1325 4682 1431 4739 Sed
1469 4684 1713 4751 quamvis
1743 4683 1976 4753 desuper
1999 4681 2114 4737 fru-
2141 4704 2197 4767 Ι)
2222 4688 2452 4742 liberavit
2478 4691 2701 4743 animam
2727 4705 2891 4754 suam,
2927 4705 2990 4741 ne
3029 4694 3258 4757 pergeret
3294 4687 3346 4739 in
3393 4685 3686 4750 interitum,
3742 4684 3834 4739 sed

523 4781 749 4835 ticantes
772 4779 939 4846 spina:
984 4791 1090 4831 non
1123 4784 1446 4846 appareant,
1478 4775 1670 4830 subterr
1714 4785 1892 4830 tamen
1947 4774 2097 4831 radix

525 4873 730 4927 occulta
761 4874 1032 4940 perdurat.
1064 4870 1120 4926 Si
1149 4879 1328 4924 autem
1360 4885 1482 4924 eum
1514 4872 1904 4926 transeuntium
1937 4872 2102 4940 pedes

527 4978 700 5022 terere
729 4974 784 5020 et
831 4965 1038 5020 calcare
1069 4964 1426 5028 cessaverint,
1482 4976 1607 5016 mox
1659 4964 1711 5016 in
1765 4963 2107 5033 superﬁciem

524 5057 793 5127 surgendo
830 5054 1184 5126 progreditur,
1216 5063 1270 5109 ct
1298 5068 1393 5123 per
1416 5055 1622 5122 spinam
1650 5053 1827 5121 prodit
1850 5053 1900 5106 in
1934 5054 2108 5122 publi-

523 5166 642 5205 cum
674 5149 928 5220 quidquid
960 5148 1011 5202 in
1047 5147 1225 5202 radice
1255 5147 1467 5201 vivebat
1506 5147 1797 5201 occultum.
1853 5146 1927 5200 lta
1976 5157 2032 5201 et
2062 5148 2114 5202 in

522 5243 687 5299 corde
717 5240 1052 5296 saecularium
1078 5254 1224 5309 Stepe
1244 5239 1452 5293 occulta
1474 5237 1720 5307 quaedam
1749 5247 2111 5292 tentationum

523 5336 673 5390 radix
705 5350 809 5391 non
831 5334 986 5389 facile
1005 5340 1229 5403 apparet
1258 5347 1574 5399 exsurgere,
1608 5331 1733 5400 quia
1765 5332 1909 5385 velut
1941 5333 1998 5387 in
2031 5333 2116 5388 via

523 5430 795 5484 actionum
812 5429 913 5484 sita
930 5426 1320 5482 transeuntium
1342 5424 1533 5478 teritur
1553 5415 1688 5492 pede
1702 5424 2086 5495 cogitationum
2099 5466 2114 5494 ,

530 5581 628 5656 Μ*
652 5569 797 5654 Idem
831 5570 966 5626 Cod.
1005 5585 1125 5626 cum
1165 5569 1346 5624 Baluz.
1375 5573 1429 5622 et
1457 5566 1638 5632 Colb.,
1667 5566 1754 5636 qui
1800 5584 1922 5621 usus
1950 5569 2117 5622 ,ιοεινε

523 5651 879 5768 “mindoc.
910 5725 965 5769 et
994 5714 1204 5780 Norm.,
1238 5711 1451 5783 pedibus
1469 5710 1822 5765 conculcatur.

602 5795 624 5823 ε
648 5785 723 5838 Ita
754 5785 963 5848 Norm.,
1000 5779 1250 5848 Vindoc.,
1281 5783 1506 5846 Turon.,
1542 5783 1746 5846 Baluz.,
1795 5781 1972 5845 Colb.;
2001 5779 2112 5835 edi-

527 5856 596 5909 tis
626 5856 963 5918 habentibus,
1020 5855 1386 5924 confringitur,
1440 5869 1544 5906 non
1582 5854 1685 5906 alia
1717 5855 1922 5909 ratione
1949 5867 2106 5922 quam

528 5925 669 5994 quod
694 5925 817 5980 huic
850 5927 968 5980 loco
989 5927 1159 5992 magis
1195 5938 1491 5990 congruere
1521 5924 1784 5980 videatur.

2223 4781 2387 4837 vivens
2413 4785 2578 4838 lucem
2606 4783 2818 4838 videret.
2867 4781 2988 4837 lstis
3018 4781 3197 4850 itaque
3243 4779 3454 4834 duabus
3501 4777 3744 4841 vicibus,
3778 4778 3835 4832 id

2227 4884 2307 4928 est
2335 4874 2702 4930 conversionis
2727 4884 2783 4929 et
2811 4872 3164 4944 probationis,
3196 4886 3292 4939 per
3318 4883 3611 4924 maerorem
3648 4870 3825 4941 775

2227 4966 2578 5038 tmtitiamque
2634 4968 2942 5031 transactis,
2993 4973 3240 5036 superest
3298 4962 3500 5032 tertia,-
3541 4962 3706 5033 cujus
3782 4974 3839 5020 et

2234 5075 2520 5115 maerorem
2548 5061 2722 5118 adhuc
2753 5062 3030 5126 sustineat,
3052 5067 3108 5115 et
3131 5057 3320 5130 gaudia
3344 5066 3740 5127 consequatur.

2298 5152 2445 5225 [νει.
2475 5151 2661 5224 XVI.]
2685 5152 2775 5208 52.
2807 5153 2976 5208 Tertia
3025 5155 3132 5207 vice
3157 5153 3290 5222 justi
3317 5167 3381 5205 ea:
3424 5165 3607 5219 pavore
3642 5151 3836 5204 mortis

2229 5253 2274 5298 et
2307 5245 2486 5299 timore
2516 5250 2723 5301 extremi
2738 5247 2929 5319 judicii
2958 5247 3301 5301 auxiliantur.
3332 5269 3406 5286 --
3425 5243 3555 5298 Post
3582 5257 3831 5303 conver—

2228 5340 2392 5396 sionis
2445 5355 2677 5412 namque
2722 5343 3015 5398 certamina
3045 5383 3061 5409 ,
3125 5348 3248 5412 post
3293 5338 3628 5411 probationis
3681 5352 3835 5394 aeru-

2231 5449 2433 5502 mnam,
2493 5444 2659 5491 restat
2715 5435 2890 5490 adhuc
2936 5435 3070 5490 dura
3124 5433 3384 5501 tentatio,
3438 5431 3564 5503 quia
3628 5432 3835 5486 venire

2295 5575 2333 5624 d.
2354 5578 2426 5631 Ita
2457 5591 2669 5648 quoque
2692 5576 2904 5641 Baluz.,
2929 5577 3110 5641 Colb.,
3153 5576 3414 5648 Vindoc.,i
3439 5573 3666 5648 Ebroic.
3704 5572 3833 5628 alii-

2221 5645 2802 5719 que-Norin.,‘quibus
2845 5649 3186 5705 consentiunt
3238 5657 3345 5702 vet.
3376 5647 3475 5701 Ed.
3530 5645 3713 5700 Paris.
3772 5654 3828 5700 et

2221 5719 2383 5773 Basil.
2418 5727 2483 5774 At
2512 5723 2564 5775 in
2593 5731 2814 5791 recent:
2827 5721 3022 5791 legitur
3047 5721 3312 5790 depressa.

2293 5799 2315 5826 ε
2341 5791 2544 5854 Baluz.,
2576 5789 2754 5856 Colb.,
2788 5785 3012 5862 Pra'tel"
3041 5785 3200 5862 supra
3226 5806 3379 5861 quam
3400 5785 3642 5859 potestis.
3683 5787 3824 5842 ‘(in-

2215 5860 2362 5929 doc.,
2390 5862 2560 5930 ﬁdelis
2591 5874 2766 5918 autem
2787 5873 2861 5918 est
2884 5861 3044 5917 Deus.
