4066 6348
343 374 446 429 305

1119 369 1480 435 MORALIUM
1517 371 1646 430 LIB.
1689 372 1881 429 XXIV.
1920 399 1990 414 -
2029 370 2094 427 IN
2131 370 2359 429 CAPUT
2402 369 2618 428 XXXIII
2659 369 2717 422 Β.
2759 367 2897 422 .IOB.

3505 369 3612 426 506

339 507 446 549 non
462 499 635 561 potest
649 489 716 545 ad
737 497 986 559 peucetaa
999 489 1190 560 gaudia
1212 489 1492 560 libertatis,
1522 491 1624 547 nisi
1643 491 1794 561 prius
1815 491 1915 548 de-
1939 493 1998 554 ,Α
2020 502 2126 557 que
2152 488 2291 543 enim
2327 497 2452 541 tunc
2472 485 2752 553 cujuslibet
2769 485 2970 538 sanima
3019 484 3290 540 immerito
3343 494 3608 553 terretur,
3680 513 3704 534 λ

341 587 508 643 bitum
525 585 747 641 solverit
776 584 1021 638 humanae
1037 583 1382 641 conditionis.
1404 584 1710 642 Conversus
1733 594 1912 640 autem

338 679 563 749 quisque
590 677 690 732 sibi
736 684 891 731 caute
916 676 1200 743 sollicitus,
1231 677 1391 732 tacite
1422 691 1607 733 secum
1653 676 1906 731 conside-

338 787 460 828 rare
492 787 596 827 non
629 778 823 832 cessat,
845 779 1079 824 aeternus
1099 768 1269 838 judex
1308 783 1469 838 quam
1499 768 1791 846 [districtus
1821 766 1916 822 ad-

343 863 544 928 veniat,
594 876 854 931 suumque
903 861 1186 916 terminum
1241 859 1812 931 quotidie'prospicit,
1865 866 1919 914 et

339 962 462 1008 ante
502 952 841 1007 severitatem
871 958 1029 1005 tanta:
1078 950 1300 1018 iustitia:
1343 964 1478 1019 quas
1525 951 1765 1008 rationes
1795 949 1919 1004 vita:

337 1059 448 1098 sua:
473 1045 543 1098 sit
571 1044 840 1112 positurus
865 1042 1114 1097 attendit.
1173 1041 1288 1098 Etsi
1309 1050 1505 1098 cuncta
1537 1057 1702 1112 prava
1731 1056 1918 1112 opera,

333 1149 456 1204 quae
486 1134 781 1205 intelligere
805 1133 996 1202 potuit,
1023 1133 1298 1202 devitavit,
1353 1142 1611 1189 venturus
1636 1142 1814 1188 tamen
1836 1145 1922 1188 co-

334 1242 450 1283 ram
479 1227 723 1282 districto
748 1226 946 1296 judice,
993 1225 1084 1281 illa
1139 1226 1307 1296 magis
1349 1241 1470 1294 quae
1523 1226 1581 1280 in
1628 1226 1922 1295 semetipso

333 1339 440 1379 non
490 1321 756 1393 intelligit,
810 1321 1156 1392 pertimescit.
1203 1320 1336 1388 Quis
1379 1320 1520 1375 enim
1572 1319 1921 1375 considerare

333 1418 506 1474 valeat
534 1424 730 1488 quanta
758 1416 897 1470 mala
923 1429 1020 1484 per
1039 1422 1311 1469 momenta
1343 1423 1645 1484 temporum
1678 1412 1812 1482 ipsis
1837 1412 1920 1466 in-

331 1508 700 1565 constantibus
763 1508 1142 1577 cogitationum
1206 1506 1440 1562 motibus
1511 1503 1920 1576 perpetramus?

333 1613 359 1641 ι
380 1603 562 1659 Facile
583 1613 665 1658 est
684 1602 825 1658 enim
849 1616 1010 1672 opera
1032 1615 1284 1671 perversa
1309 1602 1497 1665 vitare,
1524 1600 1619 1655 sed
1641 1597 1796 1654 nimis
1812 1596 1918 1651 dif-

331 1697 468 1752 ficile
496 1705 579 1752 est
606 1694 672 1749 ab
699 1695 882 1748 illicita
912 1694 1233 1764 cogitatione
1263 1707 1356 1749 cor
1390 1705 1617 1764 tergere.
1649 1691 1712 1746 Et
1736 1702 1914 1748 tamen

331 1788 587 1856 scriptum
618 1795 702 1841 est
727 1803 741 1840 :
782 1784 870 1840 γω
895 1786 1031 1840 vobis
1061 1786 1148 1854 qui
1169 1784 1405 1855 cogitatis
1431 1784 1609 1838 inutile
1637 1781 1827 1854 (Mich.
1853 1798 1914 1849 ιι,

2023 581 2236 651 quando
2267 589 2385 649 post
2419 579 2665 647 pusillum
2700 578 2798 630 hoc
2827 577 3046 643 invenit,
3077 575 3216 645 quod
3242 576 3293 630 in
3350 586 3608 631 aeternum

2024 682 2228 727 mutare
2263 686 2365 724 non
2387 671 2571 738 possit.
3682 653 3704 704 2'-

2094 764 2239 836 [Vet.
2271 763 2523 835 XVII”
2551 765 2640 822 55.
2676 765 2811 831 Quid
2845 764 3134 818 imminente
3161 773 3320 819 morte
3337 766 3405 817 sit
3427 765 3610 834 formi-

2021 859 2268 911 dandum.
2315 857 2818 911 —Consideramus
2867 859 3060 926 quippe
3089 857 3231 926 quod
3285 857 3426 911 viam
3477 858 3604 912 vita:

2022 951 2304 1021 praesentis
2334 951 2497 1021 776
2526 964 2861 1020 nequaquam
2892 953 3008 1004 sine
3046 951 3201 1018 culpa
3237 952 3466 1006 transire
3519 965 3613 1018 po-

2024 1043 2245 1111 tuimus,
2300 1043 2702 1097 consideramus
2728 1043 2886 1096 etiam
2935 1043 3058 1110 quia
3089 1057 3185 1098 nec
3236 1043 3338 1096 hoc
3379 1041 3601 1110 quidem

2021 1136 2138 1190 sine
2159 1135 2336 1205 aliquo
2365 1143 2514 1189 reatu
2560 1143 2754 1188 nostro
2785 1128 2902 1196 est,
2937 1133 3080 1202 quod
3131 1134 3466 1189 laudabiliter
3495 1149 3612 1205 ges-

2023 1228 2210 1292 simus,
2257 1227 2303 1280 si
2333 1236 2538 1282 remota
2570 1226 2766 1294 pietate
2793 1225 3112 1294 judicemur.
3163 1226 3293 1293 Quis
3322 1228 3463 1282 enim
3512 1241 3606 1280 no~

2023 1327 2192 1372 strum
2216 1317 2375 1371 vitam
2404 1317 2821 1384 praecedentium
2845 1328 3053 1387 patrum
3077 1319 3250 1373 valeat
3276 1320 3358 1374 vel
3380 1334 3609 1388 supera-
3701 1353 3715 1368 .

2023 1426 2105 1475 re,
2134 1411 2219 1465 vel
2248 1411 2494 1479 assequi?
2523 1410 2590 1464 Et
2620 1418 2801 1464 tamen
2843 1410 3009 1465 David
3037 1411 3166 1465 dicit
3194 1429 3206 1463 :
3239 1410 3324 1465 Ne
3365 1413 3520 1465 intres
3564 1401 3644 1464 in‘

1980 1533 1982 1535 -
2017 1503 2276 1574 judicium
2295 1519 2409 1557 cum
2437 1518 2580 1556 servo
2611 1512 2718 1569 tuo,
2750 1503 2870 1571 quia
2894 1519 2993 1556 non
3016 1503 3397 1575 justi/imbitur
3419 1503 3471 1556 in
3495 1518 3618 1557 con-

2023 1602 2197 1663 spectu
2236 1605 2320 1648 tuo
2356 1595 2518 1648 omnis
2547 1595 2712 1648 vivens
2741 1593 2914 1663 (Psal.
2945 1610 3118 1663 cxut,
3151 1595 3229 1665 9.).
3265 1594 3465 1648 Paulus
3495 1609 3619 1652 cum

2023 1685 2226 1740 diceret
2257 1704 2273 1741 :
2310 1686 2460 1740 Nihil
2491 1687 2616 1740 mihi
2655 1688 2886 1740 conscius
2929 1704 3064 1749 sum,
3099 1697 3255 1741 caute
3284 1685 3561 1754 subjunxit
3594 1703 3610 1738 :

2026 1776 2131 1832 Sed
2156 1795 2259 1833 non
2286 1781 2340 1833 in
2361 1780 2454 1834 hoc
2476 1780 2790 1850 justiﬁcatus
2818 1797 2931 1832 sum
2950 1779 3000 1850 (1
3028 1779 3149 1834 Cor.
3183 1777 3354 1848 tv,‘).
3378 1778 3617 1835 Jacobus

339 1881 416 1949 I).
449 1881 514 1935 Et
533 1895 744 1936 rursum
775 1897 789 1932 :
817 1878 886 1934 In
912 1881 994 1933 die
1011 1895 1128 1933 cum
1157 1878 1412 1948 judicabit
1437 1877 1686 1931 Dominus
1714 1876 1920 1930 occulta
1946 1879 1996 1941 Β
2024 1868 2150 1924 dicit
2173 1886 2186 1923 :
2223 1868 2288 1923 In
2314 1869 2491 1923 multis
2533 1870 2667 1923 enim
2694 1869 3005 1937 offendimus
3036 1885 3207 1922 omnes
3239 1868 3377 1938 (Jac.
3410 1885 3491 1934 ιιι,
3515 1869 3550 1921 2
3569 1869 3613 1940 ).

339 1973 594 2027 hominum
625 1969 811 2042 (Rom.
840 1987 902 2037 ιι,
934 1968 1055 2041 16).
1106 1969 1206 2036 Qui
1234 1969 1393 2024 etiam
1435 1968 1731 2037 praemisit:
1766 1965 1913 2021 Inter

336 2080 392 2118 se
419 2064 621 2117 invicem
642 2063 1008 2132 cogitationum
1035 2062 1407 2128 accusantium,
1441 2070 1529 2114 aut
1565 2060 1717 2114 etiam
1743 2060 1922 2129 defen-

334 2156 560 2210 dentium
581 2153 769 2224 (Ibid.,
798 2154 907 2221 15).
943 2154 1009 2208 Et
1047 2169 1256 2208 rursum
1290 2170 1302 2206 :
1341 2153 1500 2207 Labia
1531 2152 1709 2207 dolosa
1735 2153 1789 2205 in
1811 2167 1924 2205 cor-

329 2245 413 2313 de,
442 2253 490 2318 et
519 2247 672 2299 corde
702 2243 727 2282 δ
753 2246 907 2298 locuti
926 2255 1045 2298 sunt
1087 2246 1226 2298 mala
1271 2243 1441 2318 (Psal.
1473 2260 1550 2310 ιι,
1582 2247 1662 2312 5).
1693 2245 1760 2300 Ει
1792 2260 1922 2298 rur-

328 2316 488 2388 sum':
520 2332 726 2388 Etenim
748 2335 803 2387 in
843 2335 996 2389 corde
1017 2316 1320 2405 iniquitates
1365 2335 1648 2403 operamini
1677 2336 1730 2389 in
1785 2345 1922 2388 terra

330 2424 507 2496 (Psal.
530 2440 661 2490 Lvu,
678 2425 756 2495 '5).
781 2424 1026 2479 Humana
1043 2433 1221 2479 autem
1253 2425 1431 2479 anima
1457 2426 1625 2480 semel
1645 2426 1919 2482 mternita-

328 2519 398 2573 tis
426 2527 624 2572 statum
649 2521 922 2582 deserens,
956 2518 1020 2572 ad
1055 2518 1256 2572 fluxum
1320 2519 1728 2588 temporalitatis
1772 2519 1922 2573 dela-

334 2626 463 2681 psa,
524 2608 667 2666 hanc
712 2609 1116 2665 mutabilitatem
1171 2611 1548 2665 alternantium
1600 2612 1917 2677 motionum,

328 2718 490 2772 quam
519 2702 645 2756 dum
668 2702 884 2757 caderet
910 2701 1092 2757 volens
1117 2703 1360 2772 appetiit,
1389 2702 1511 2756 dum
1547 2713 1772 2756 conatur
1801 2717 1922 2756 sur-

328 2809 483 2863 gere,
513 2793 721 2863 cogitur
765 2792 927 2846 invita
959 2792 1210 2846 tolerare.
1237 2791 1364 2846 Inde
1397 2793 1593 2861 quippe
1621 2791 1802 2860 punita
1837 2801 1920 2846 est

330 2885 477 2940 unde
507 2885 789 2949 delectata,
839 2884 963 2953 quia
994 2885 1118 2938 inde
1163 2897 1420 2938 conversa
1464 2884 1624 2938 habet
1677 2885 1918 2938 laborem

329 2973 665 3040 certaminis,
698 2975 839 3028 unde
869 2989 1122 3044 perversa
1144 2974 1370 3043 appetiit
1394 2972 1642 3043 gaudium
1673 2974 1921 3041 volupta-

332 3067 423 3122 tis.
455 3065 599 3137 [Ven
630 3063 851 3136 XVII.]
881 3065 1032 3133 Saepe
1064 3080 1190 3134 ergo
1220 3065 1407 3118 electis
1429 3065 1588 3118 etiam
1615 3065 1920 3119 nolentibus

330 3160 390 3213 in
412 3159 737 3228 cogitatione
766 3158 1071 3225 subrepitur
1091 3156 1233 3227 quod
1264 3157 1316 3211 in
1345 3172 1404 3210 se
1435 3157 1649 3226 quidem
1691 3158 1921 3212 solerter

2020 1960 2254 2016 Joannes
2282 1960 2411 2016 dicit
2437 1979 2449 2015 :
2478 1961 2538 2016 Si
2566 1961 2844 2014 dixerimus
2865 1961 2989 2031 quia
3026 1971 3290 2028 peccatum
3313 1953 3416 2015 rion
3439 1960 3599 2014 habe-

2023 2071 2154 2120 mus,
2185 2054 2287 2120 ipsi
2308 2071 2400 2108 nos
2447 2055 2760 2122 reducimus,
2805 2064 2854 2108 et
2906 2055 3088 2108 veritas
3128 2055 3183 2108 in
3211 2054 3356 2109 nobis
3406 2071 3510 2109 non
3532 2063 3608 2109 est

2029 2141 2093 2214 (1
2121 2141 2278 2198 Joan.
2312 2160 2351 2209 ι,
2381 2143 2460 2214 8).
2511 2145 2650 2212 Quid
2671 2161 2799 2215 ergo
2831 2145 3023 2200 facient
3044 2145 3258 2222 tabulae,
3285 2145 3332 2201 si
3378 2155 3614 2203 tremunt

2023 2238 2324 2294 columnae?
2345 2240 2449 2293 Aut
2464 2239 2734 2308 quomodo
2766 2248 2790 2278 ο
2810 2240 3034 2310 virgulta
3052 2240 3348 2296 immobilia
3366 2241 3608 2307 stabunt,

2023 2331 2070 2384 si
2094 2330 2250 2400 hujus
2279 2333 2492 2400 pavoris
2525 2331 2738 2389 turbine
2769 2335 2931 2389 etiam
2961 2334 3110 2389 cedri
3148 2334 3483 2404 quatiuntur.
3513 2334 3614 2390 So-

2024 2423 2211 2477 lutioni
2233 2438 2360 2492 ergo
2377 2424 2552 2479 carnis
2582 2426 3044 2496 appropinquans,
3088 2440 3468 2496 nonnunquam
3498 2436 3611 2480 ter-

2023 2536 2147 2576 rore
2173 2521 2420 2576 vindictze
2447 2523 2611 2578 etiam
2635 2524 2765 2592 justi
2795 2525 2971 2579 anima
3005 2524 3274 2581 turbatur.
3328 2525 3428 2580 Cui
3482 2535 3536 2580 et
3562 2526 3612 2582 si

2023 2613 2148 2682 quid
2197 2614 2537 2684 tranquillum
2567 2615 2622 2669 in
2667 2616 2767 2669 hac
2813 2616 2921 2671 vita
2951 2631 3141 2687 sapere
3185 2623 3375 2686 potuit,
3405 2618 3602 2677 mortis

2023 2707 2248 2760 articulo
2269 2706 2656 2764 interveniente
2675 2709 2995 2776 concutitur,
3022 2718 3077 2764 ut
3092 2709 3215 2779 jure
3242 2709 3348 2766 dici
3371 2710 3604 2766 debeat:

2022 2798 2389 2853 Abominabilis
2447 2800 2501 2860 ﬁt
2526 2801 2572 2854 ei
2603 2803 2751 2869 panis
2786 2801 2840 2854 in
2881 2803 2984 2855 vita
3029 2818 3147 2868 sua,
3194 2811 3242 2856 et
3271 2804 3456 2857 animae
3494 2804 3608 2873 ejus

2027 2891 2170 2944 cibus
2198 2901 2314 2945 ante
2336 2892 2707 2949 desiderabilis.
2739 2893 2838 2949 Vel
2863 2903 3013 2950 certe
3035 2902 3253 2965 propter
3272 2894 3481 2964 pavoris
3495 2909 3612 2964 pm-

2027 2996 2151 3036 nam
2182 2982 2304 3049 hoc,
2331 2983 2472 3052 quod
2505 2981 2612 3038 illic
2641 2983 2886 3039 subditur
2920 3003 2932 3037 :
2966 2986 3414 3057 Appropinquavit
3439 3001 3610 3040 eorru-

1975 3133 1982 3156 ι
2023 3075 2182 3144 ptioni
2213 3076 2385 3129 anima
2408 3078 2542 3162 ejus,
2569 3085 2614 3129 et
2633 3077 2737 3130 vita
2752 3077 2893 3131 illius
2922 3079 3223 3148 mortiferis.

2100 3168 2191 3224 54.
2221 3167 2492 3224 Ιιιειοηιηι
2512 3170 2696 3224 animo:
2716 3171 2812 3225 hoc
2835 3187 3021 3240 pavore
3049 3189 3082 3225 a
3098 3172 3288 3227 leuibus
3303 3171 3467 3243 culpis
3493 3188 3612 3242 pur.

333 3249 652 3318 inspiciunt,
674 3258 727 3302 et
751 3259 873 3303 ante
904 3249 1001 3304 Dei
1027 3249 1211 3304 oculos
1233 3249 1415 3317 quanti
1445 3251 1516 3306 sit
1537 3260 1718 3304 reatus
1739 3257 1916 3305 atten-
1945 3260 1992 3323 (ς
2022 3269 2229 3331 θαηιυν,
2277 3288 2342 3300 -
2375 3259 2482 3315 Sed
2503 3263 2624 3330 quia
2649 3259 2918 3330 iustorum
2950 3262 3143 3318 animae
3188 3278 3218 3317 a
3249 3263 3453 3320 levibus
3484 3265 3606 3332 qui-

334 3345 508 3407 dunt;
539 3350 592 3395 et
619 3356 740 3396 cum
773 3341 839 3396 de
862 3342 944 3396 his
970 3342 1221 3397 omnibus
1269 3356 1483 3409 semper
1509 3341 1708 3410 judicia
1739 3341 1920 3396 distri-

331 3449 419 3489 c1a
453 3437 854 3505 pertimescant,
889 3445 1015 3489 tunc
1061 3445 1236 3489 tamen
1267 3436 1381 3489 hac
1424 3435 1777 3490 vehementer
1809 3450 1919 3490 me-

336 3536 529 3591 tuunt,
561 3541 682 3579 cum
726 3526 790 3578 ad
821 3526 1136 3580 solvendum
1172 3527 1417 3582 humana:
1447 3526 1776 3582 conditionis
1823 3527 1919 3583 de-

332 3617 507 3672 bitum
538 3616 838 3680 venientes,
870 3625 894 3654 ε
937 3615 1180 3670 districto
1203 3617 1368 3684 judici
1406 3623 1833 3691 appropinquare
1860 3636 1922 3676 se

334 3715 584 3763 cernunt.
621 3706 688 3760 Et
713 3705 770 3759 fit
795 3714 944 3760 tanto
975 3707 1132 3760 timor
1163 3708 1356 3774 acrior,
1383 3722 1579 3778 quanto
1608 3721 1661 3766 et
1689 3712 1920 3768 retribu-

334 3800 412 3853 tio
436 3806 633 3854 aeterna
678 3797 922 3852 vicinior.
956 3799 1098 3851 Ante
1125 3799 1312 3853 oculos
1352 3808 1532 3854 autem
1564 3802 1741 3857 cordis
1784 3804 1921 3860 nihil

333 3881 494 3946 inane
525 3899 651 3944 tunc
682 3875 982 3945 transvolat
1026 3891 1094 3946 de
1141 3891 1510 3960 phantasmate
1553 3895 1918 3964 cogitationis,

333 3983 463 4050 quia
502 3981 776 4036 subductis
813 3997 843 4036 e
892 3982 1066 4037 medio
1116 3983 1385 4050 omnibus,
1443 4000 1501 4040 se
1531 3996 1585 4040 et
1617 3989 1763 4041 illum
1794 3998 1920 4044 tan-

336 4071 615 4128 tummodo
671 4071 1040 4140 considerant,
1089 4076 1173 4128 cui
1214 4075 1657 4148 appropinquant.
1717 4079 1923 4137 Crescit

339 4179 509 4234 pavor
537 4164 709 4219 vicina
739 4165 1094 4220 retributione
1119 4164 1361 4234 justitiae,
1421 4179 1474 4222 et
1526 4180 1746 4239 urgente
1777 4174 1920 4227 solu-

333 4257 481 4310 tione
509 4255 713 4321 carnis,
745 4267 942 4324 quanto
963 4257 1135 4325 magis
1161 4258 1460 4313 districtum
1479 4260 1738 4327 judicium
1762 4264 1908 4333 jam-

329 4352 552 4422 jamque
573 4351 725 4420 quasi
743 4353 994 4420 tangitur,
1017 4360 1168 4406 tanto
1181 4354 1553 4408 vehementius
1579 4354 1914 4412 formidatur.

333 4443 405 4498 Et
432 4444 558 4498 siea
589 4458 707 4513 quae
760 4445 938 4498 sciunt
965 4458 1232 4514 nunquam
1272 4459 1332 4500 se
1360 4447 1768 4515 prmtermisisse
1803 4465 1919 4504 me-

335 4535 629 4600 minerunt,
659 4534 952 4589 formidant
993 4544 1172 4590 tamen
1195 4537 1285 4591 illa
1313 4550 1429 4601 qua:
1473 4542 1742 4606 nesciunt,
1795 4544 1918 4610 quia

331 4626 584 4681 videlicet
631 4628 945 4695 semetipsos
1001 4628 1292 4698 diiudicare
1338 4639 1393 4686 et
1452 4634 1912 4701 comprehendere

2025 3351 2232 3419 busque
2254 3351 2519 3423 contagiis
2550 3354 2670 3421 ipso
2694 3367 2839 3422 saepe
2861 3358 3048 3409 mortis
3075 3369 3270 3424 pavore
3291 3368 3611 3427 purgantur.
3688 3391 3695 3397 -
3787 3399 3794 3410 .

2022 3452 2078 3498 et
2107 3453 2322 3498 aeternae
2353 3443 2719 3498 retributionis
2766 3444 2954 3513 gaudia
2997 3446 3108 3516 jam
3157 3446 3224 3500 ab
3280 3446 3392 3514 ipsa
3434 3447 3611 3502 carnis

2022 3535 2287 3590 solutione
2315 3536 2642 3604 percipiunt,
2687 3537 2997 3608 plerumque
3037 3554 3165 3594 vero
3195 3540 3611 3607 contemplatio-

2023 3643 2093 3684 ne
2117 3627 2345 3696 quadam
2394 3628 2763 3684 retributionis
2805 3629 3035 3686 internae
3083 3633 3248 3687 etiam
3289 3634 3606 3702 priusquam

2025 3734 2188 3774 carne
2207 3720 2573 3788 exspolientur
2593 3721 2941 3788 hilarescunt,
2973 3735 3028 3778 et
3057 3725 3182 3778 dum
3210 3727 3487 3780 vetustatis
3513 3726 3611 3782 de-

2025 3813 2190 3866 bitum
2223 3811 2455 3876 solvunt,
2486 3814 2610 3867 novi
2633 3813 2744 3884 jam
2768 3815 3012 3870 muneris
3044 3815 3224 3871 laetitia
3247 3817 3610 3887 perfruuntur,

1989 3956 1999 3967 ,
2025 3915 2171 3961 recte
2197 3906 2392 3961 dicitur
2421 3923 2434 3959 :
2472 3906 2670 3961 Videbit
2692 3911 3000 3980 faciemejus
3020 3911 3071 3964 in
3087 3911 3277 3982 jubilo.
3305 3912 3398 3968 Vel
3427 3925 3571 3968 certe
3596 3931 3611 3967 :

2027 3998 2282 4054 Liberavit
2305 4001 2529 4054 animam
2553 4019 2724 4068 suam,
2748 4020 2810 4056 ne
2839 4015 3067 4073 pergeret
3101 4006 3154 4058 in
3182 4007 3442 4060 interitum
3463 4050 3478 4073 ,
3522 4009 3612 4061 sed

2027 4094 2195 4147 vivens
2225 4093 2386 4148 lucem
2417 4095 2627 4150 videret.
2669 4096 2804 4150 Justi
2835 4097 3015 4166 itaque
3059 4099 3236 4153 anima
3266 4100 3316 4154 in
3339 4100 3512 4170 jubilo
3536 4103 3612 4156 fa-

2025 4184 2162 4240 ciem
2216 4184 2312 4239 Dei
2363 4185 2646 4255 conspicit,
2689 4187 2813 4258 quia
2845 4198 3048 4245 tantum
3076 4191 3144 4247 de
3193 4193 3377 4248 laetitia
3404 4195 3612 4252 interna

2028 4277 2284 4346 percipit,
2313 4289 2569 4347 quantum
2613 4295 2805 4349 capere
2839 4283 2925 4337 vel
2970 4294 3246 4354 assumpta
3276 4286 3366 4340 vix
3413 4289 3604 4356 possit.

2026 4367 2102 4422 lbi
2132 4369 2286 4438 igitur
2311 4369 2484 4424 lucem
2513 4369 2698 4426 vivens
2731 4372 2892 4440 videt,
2923 4375 3046 4443 quia
3067 4375 3365 4443 spiritalem
3387 4377 3604 4433 oculum

2025 4463 2076 4516 in
2106 4462 2286 4517 radios
2310 4462 2500 4517 aeterni
2521 4463 2654 4518 solis
2687 4465 2878 4534 infigit.
2909 4467 2985 4520 Ibi
3014 4468 3190 4522 lucem
3221 4469 3408 4524 vivens
3442 4471 3610 4540 videt,

2026 4554 2149 4622 quia
2181 4554 2325 4608 omni
2362 4552 2472 4622 jam
2518 4554 2888 4610 mutabilitatis
2916 4556 3289 4613 vicissitudine
3318 4568 3477 4628 atque
3509 4562 3607 4616 ob-

2026 4646 2358 4700 umbratione
2392 4645 2616 4711 calcata,
2646 4646 2857 4702 veritati
2905 4650 3217 4704 aeternitatis
3249 4650 3508 4720 inhaeret;
3534 4653 3611 4708 ei-

332 4718 555 4773 omnino
576 4735 680 4772 non
709 4729 953 4788 possunt,
999 4730 1159 4789 atque
1182 4730 1406 4792 urgente
1431 4724 1600 4789 exitu,
1651 4727 1918 4783 subtiliori

2046 4755 2149 4800 que
2177 4740 2493 4795 inhmrendo
2517 4755 2674 4809 quem
2705 4744 2912 4809 cernit,
2966 4744 3034 4798 ad
3084 4745 3484 4803 similitudinem
3532 4749 3611 4804 in-

335 4819 611 4865 terrentur
657 4819 822 4864 metu.
887 4810 1041 4868 Unde
1069 4811 1396 4884 Redemptor
1437 4824 1617 4872 noster
1663 4817 1919 4876 solutioni

331 4902 509 4956 carnis
558 4903 1011 4972 appropinquans,
1063 4913 1119 4959 et
1143 4895 1507 4962 membrorum
1539 4924 1756 4966 suorum
1804 4927 1921 4968 ser-

332 5009 468 5048 vans
522 4995 796 5064 speciem,
857 4994 1030 5050 factus
1056 4997 1109 5052 in
1159 4999 1390 5069 agonia,
1441 5003 1604 5073 erepit
1661 5005 1921 5072 prolixius

332 5102 494 5168 orare
518 5087 669 5158 (Luc.
703 5103 834 5154 xxii,
858 5085 976 5158 44).
1005 5088 1144 5156 Quid
1171 5093 1314 5148 enim
1343 5090 1369 5130 ά
1396 5110 1492 5164 pro
1516 5111 1575 5151 se
1602 5096 1693 5153 ille
1717 5113 1839 5154 cum
1869 5099 1922 5155 in

335 5180 524 5250 agonia
549 5187 695 5235 esset
717 5188 945 5250 peteret,
991 5182 1082 5250 qui
1124 5184 1177 5237 in
1232 5186 1393 5240 terris
1433 5189 1636 5256 positus
1681 5190 1920 5246 cmlestia

333 5287 456 5326 cum
484 5280 746 5341 potestate
771 5272 1073 5328 tribuebat?
1097 5274 1202 5331 Sed
1231 5279 1699 5349 apprOpinquante
1722 5293 1916 5349 morte,

334 5371 532 5419 nostra:
559 5365 752 5420 mentis
798 5366 851 5419 in
885 5380 944 5420 se
999 5375 1271 5424 certamen
1326 5374 1615 5442 expressit,
1669 5377 1759 5444 qui
1811 5378 1918 5432 vim

332 5456 620 5524 quamdam
666 5457 884 5511 terroris
933 5471 995 5512 ac
1025 5455 1327 5515 formidinis
1373 5463 1625 5531 patimur,
1675 5447 1792 5521 cuin
1827 5483 1922 5538 per

333 5549 657 5605 solutionem
687 5550 866 5605 carnis
893 5559 1091 5606 aeterno
1120 5554 1535 5622 propinquamus
1554 5556 1776 5626 judicio.
1806 5561 1914 5616 Ne-

412 5671 439 5742 ξ
467 5661 742 5742 Vtindocl
748 5663 900 5742 facile
929 5672 1003 5716 est
1017 5672 1192 5742 autem
1209 5681 1362 5733 Opera
1375 5684 1651 5742 aperuersa
1672 5674 1912 5742 vanitate,

336 5733 430 5810 sed
458 5732 848 5810 nimisdiﬂicile
878 5741 949 5810 est
978 5735 1036 5787 ab
1067 5732 1248 5788 illicita
1275 5732 1576 5810 cogitatione
1607 5759 1694 5795 cor
1723 5732 1909 5810 tegere:

411 5802 440 5843 δ
466 5804 659 5860 Pratel.
693 5816 743 5858 et
765 5805 877 5870 alii,
909 5805 1079 5858 locuta
1107 5816 1247 5862 sunt.
1293 5802 1352 5863 In
1383 5809 1602 5868 V'indoc.
1649 5802 1914 5872 omittitur

249 5889 270 5911 η
337 5876 427 5931 hic
450 5891 637 5932 versus
669 5889 684 5930 ε
716 5875 850 5929 labia
881 5876 1082 5942 dolosa,
1113 5887 1219 5933 etc.

2025 4833 2521 4888 commutabilitatis
2549 4834 2809 4905 assurgit,
2842 4845 3002 4906 atque
3034 4838 3091 4894 in
3124 4841 3468 4910 semetipsam
3514 4857 3611 4897 au-

2028 4927 2191 4980 ctoris
2215 4925 2295 4978 sui
2328 4926 2797 4983 inconversibilem
2830 4930 3070 4997 speciem
3102 4930 3230 4986 dum
3275 4933 3494 5002 respicit
3519 4949 3609 4988 as-

2038 5015 2219 5070 sumit.
2271 5015 2401 5083 Qua:
2430 5016 2573 5072 enim
2605 5018 2672 5082 ad
2700 5020 3107 5077 mutabilitatem
3135 5038 3230 5092 per
3259 5026 3610 5093 semetipsum

2027 5110 2172 5178 lapsa
2202 5119 2306 5175 est,
2336 5109 2402 5164 ad
2426 5111 2875 5169 immutabilitatis
2895 5125 3092 5172 statum
3117 5117 3606 5173 immutabilitatem

2033 5197 2053 5238 ι
2084 5199 2316 5255 videndo
2338 5200 2615 5258 formatur.
2663 5203 2824 5274 Igitur
2853 5207 2970 5262 Eliu
2996 5209 3062 5263 de
3085 5209 3288 5265 afﬂicto
3321 5209 3421 5263 hoc
3463 5209 3605 5267 libe-

2033 5297 2253 5360 rataque
2300 5292 2548 5361 homine,
2578 5295 2703 5365 quia
2733 5298 2881 5366 prius
2911 5299 3159 5353 maeroris
3189 5300 3604 5358 amaritudinem

2027 5388 2085 5437 et
2114 5383 2453 5450 postmodum
2496 5387 2688 5454 gaudia
2733 5389 3116 5445 consolationis
3145 5391 3445 5458 expressit,
3481 5405 3603 5462 apte

2027 5479 2300 5552 Subiunxit
2333 5499 2345 5533 :
2381 5480 2510 5536 Hac
2539 5486 2713 5538 onmia
2742 5494 2978 5555 operatur
3029 5487 3166 5540 Deus
3213 5487 3372 5542 tribus
3411 5490 3600 5545 vicibus

2026 5586 2115 5638 per
2158 5573 2408 5642 singulos,
2452 5575 2701 5631 videlicet
2727 5577 3117 5647 conversionis,
3149 5579 3482 5650 probationis
3503 5620 3519 5650 ,
3548 5590 3603 5641 el

2103 5693 2124 5758 ’ξ
2143 5684 2252 5758 ᾼ1.,
2283 5687 2513 5758 districto
2526 5689 2749 5758 judicio.

2095 5751 2118 5788 ἀ
2143 5751 2362 5834 ξξιςθῑβὶη
2394 5774 2485 5834 pro
2509 5751 2562 5811 s'e
2581 5760 2818 5834 illecum
2841 5765 3029 5834 agonia
3057 5773 3245 5834 peteret

2097 5834 2117 5898 f-
2148 5825 2644 5898 Yindocgivirgulta
2674 5825 3030 5890 immutdbilia.

2099 5887 2116 5927 ί
2148 5895 2286 5949 Idem
2313 5887 2751 5960 CodeXIt'ivendo
2780 5887 3050 5968 formatum
