4066 6348
482 418 586 478 507

1676 407 1924 466 SANC'I'I
1965 404 2299 465 GREGORH
2336 404 2556 465 MAGNI

3661 409 3767 467 308

479 554 583 593 mox
600 539 682 605 tis,
712 538 839 609 quia
866 550 962 607 per
986 535 1084 589 tria
1113 530 1248 596 haec,
1293 540 1348 586 et
1376 528 1525 584 duris
1553 529 1787 598 primum
1828 527 2068 582 stimulis
2095 525 2152 586 Α
2175 536 2326 597 runt,
2357 529 2727 598 correptisque
2756 527 3029 583 licentiam
3051 526 3292 583 tribuunt
3323 535 3347 564 ο
3370 534 3429 581 ut
3453 525 3499 581 sl
3520 527 3646 598 quid
3669 543 3769 599 pro

452 622 725 686 maeroris
762 628 1014 695 afficitur,
1038 633 1095 682 et
1138 624 1346 693 magnis
1374 623 1717 693 postmodum
1760 621 2071 677 securitatis

473 722 684 791 gaudiis
713 722 1003 776 refovetur.
1041 719 1105 771 Et
1130 716 1250 787 quia
1279 715 1435 770 electi
1465 709 1889 783 uniuscujusque
1912 725 2064 767 mens

472 812 659 866 iisdem
713 812 881 865 tribus
910 809 1137 876 vicibus,
1167 806 1220 860 id
1247 812 1331 859 est
1353 804 1439 860 vel
1468 804 1651 859 labore
1673 805 2060 867 conversionis,

407 950 411 955 .
476 904 558 956 vel
588 902 883 957 tentatione
924 897 1282 969 probationis,
1316 895 1401 950 vel
1446 891 1734 948 formidine
1779 892 2064 948 solutionis

456 980 741 1058 atteritur,
767 1001 927 1061 atque
948 986 1069 1059 ipsa
1098 986 1377 1042 attritione
1402 991 1623 1054 purgata
1638 982 1914 1051 liberatur,
1938 990 2064 1053 apte

468 1081 809 1151 subiungitur
840 1099 853 1134 :
962 1086 967 1092 '

893 1167 1124 1227 CAPUT
1159 1167 1255 1225 XII
1284 1166 1430 1243 [γει.
1446 1162 1631 1239 XIX

536 1264 697 1318 Vens.
726 1263 816 1319 30.
841 1292 913 1304 —
937 1256 1006 1317 Ut
1025 1268 1223 1315 revocet
1239 1259 1439 1314 animas
1460 1271 1639 1312 eorum
1657 1271 1692 1316 α
1709 1258 2057 1327 corruptione,

461 1365 508 1408 et
524 1355 778 1408 illuminet
803 1352 916 1407 luce
944 1353 1238 1407 viventium.

532 1446 621 1502 55.
648 1446 765 1500 Lua:
782 1461 1027 1516 prwsens,
1057 1443 1390 1497 morientium
1415 1450 1526 1507 est;
1573 1442 1668 1497 lux
1707 1442 1932 1507 interna,
1982 1442 2057 1493 oi-

461 1541 700 1593 oentium.
733 1568 803 1579 -—
824 1538 938 1591 Lux
968 1536 1168 1605 quippe
1212 1534 1556 1589 morientium
1585 1540 1691 1599 est,
1743 1548 1901 1601 quam
1936 1546 2054 1586 cor-

460 1630 640 1701 poreis
662 1631 830 1685 oculis
849 1628 1138 1684 cernimus.
1170 1626 1272 1694 Qui
1292 1633 1469 1680 autem
1493 1624 1669 1679 adhuc
1697 1624 1821 1678 huic
1851 1624 2052 1677 mundo

471 1724 686 1791 vivunt,
718 1722 836 1775 luce
856 1718 1200 1773 morientium
1231 1714 1631 1771 tenehrescnnt.
1652 1712 1655 1715 ’
1680 1715 2056 1771 llluminantur

465 1826 643 1870 autem
678 1816 795 1868 luce
826 1813 1121 1867 viventium
1145 1856 1158 1877 ,
1191 1811 1318 1879 qui,
1374 1808 1627 1877 despecto
1648 1807 1933 1879 temporali
1973 1810 2051 1863 lu-

2174 619 2377 689 seipsis
2410 620 2605 689 jnstins
2643 619 2881 674 sentiant
2922 614 3212 685 fateantur,
3246 619 3347 672 hoc
3377 630 3759 690 nonnunquam

2172 714 2333 769 etiam
2359 723 2672 784 arrogantes
2701 714 2897 768 imitari
2923 721 3197 783 appetunt.
3231 713 3509 784 Paulisper
3534 716 3674 770 enim
3706 718 3763 772 in

2172 804 2349 859 verbis
2378 806 2609 860 elatione
2650 800 2969 876 postposita,
3000 806 3151 875 quasi
3192 820 3380 861 eorum
3422 821 3559 875 quos
3583 807 3767 862 corri-
3807 809 3854 891 9.L

2169 896 2343 964 piunt,
2376 893 2402 934 ⁴
2443 897 2486 951 si
2520 897 2656 951 forte
2686 897 2927 965 reperire
2975 897 3268 965 potuerint,
3316 895 3576 967 justitiam
3608 913 3765 967 quae-
3830 896 3851 915 “

2167 998 2314 1057 runt,
2363 1005 2469 1045 non
2500 990 2620 1060 quia
2654 991 2722 1044 ita
2757 990 3017 1063 sentiunt,
3051 990 3144 1044 sed
3177 990 3300 1059 quia
3330 989 3509 1045 ornari
3542 1006 3637 1060 per
3665 990 3763 1045 hu-

2167 1080 2406 1136 militatis
2454 1083 2686 1151 speciem
2735 1083 3137 1151 concupiscunt.
3190 1082 3429 1137 Metuant
3459 1083 3601 1137 enim
3640 1093 3757 1138 tne

2166 1176 2387 1246 superbi
2440 1192 2502 1231 ac
2546 1177 2755 1244 tumidi,
2789 1176 2909 1247 quia
2939 1185 3084 1242 sunt,
3114 1188 3236 1229 esse
3267 1172 3568 1230 videantur.
3606 1174 3762 1233 Unde

2165 1269 2285 1325 Eliu
2312 1272 2489 1326 statim
2520 1272 2775 1335 subdidit,
2806 1271 3024 1325 dicens:
3057 1269 3119 1325 Si
3148 1278 3319 1323 autem
3350 1270 3503 1325 habes
3525 1273 3663 1341 quod
3688 1274 3764 1325 lo-

2163 1368 2362 1439 quaris,
2392 1367 2641 1439 responde
2666 1366 2793 1420 mihi
2818 1384 2836 1429 ;
2871 1366 3095 1435 loquere,
3120 1365 3236 1420 volo
3262 1368 3395 1421 enim
3427 1376 3473 1421 te
3514 1384 3764 1439 apparere

2154 1437 2376 1530 justum.
2432 1458 2538 1514 Sed
2570 1437 2689 1529 quia
2724 1460 2836 1514 lnec
2859 1473 2923 1513 ex
2966 1458 3130 1513 corde
3155 1472 3259 1513 non
3294 1454 3517 1529 protulit
3535 1437 3773 1523 ,audire’

2161 1552 2303 1621 quod
2324 1554 2604 1619 quaesierat
2626 1567 2731 1607 non
2749 1552 3104 1621 exspeCtavit.
3130 1551 3261 1607 Nam
3285 1553 3426 1609 illico
3445 1554 3755 1624 subjunxit;

2166 1646 2317 1711 Quod
2338 1647 2497 1731 sitnon
2520 1645 2692 1712 habes,
2726 1646 2850 1698 audi
2871 1661 2990 1711 me;
3025 1656 3153 1712 tace,
3187 1652 3235 1699 et
3259 1646 3447 1700 docebo
3481 1654 3529 1701 te
3545 1648 3757 1720 sapien.

2163 1736 2306 1789 tiam.
2365 1736 2463 1804 Qui
2515 1737 2656 1791 enim
2731 1737 2994 1792 veraciter
3058 1747 3307 1808 quierunt
3360 1739 3546 1794 audire
3607 1743 3753 1811 quod

2158 1826 2360 1895 justum
2387 1836 2492 1893 est,
2514 1828 2886 1898 aequanimiter
2907 1840 3220 1899 exspectant
3241 1831 3426 1886 audire
3447 1831 3590 1901 quod
3606 1848 3759 1903 quae-

464 1906 631 1970 mine,
664 1904 729 1973 ad
762 1903 1105 1973 splendorem
1151 1901 1377 1965 interna:
1420 1898 1685 1955 claritatis
1734 1908 2045 1965 recurrunt,

2166 1930 2308 1974 runt.
2346 1921 2457 1974 Elin
2491 1931 2689 1984 autem,
2740 1925 2860 1992 quia
2893 1922 3158 1978 veraciter
3198 1924 3565 1992 requisitionis
3596 1928 3764 1984 verba

465 1996 626 2067 777
660 2003 718 2048 ut
748 1994 818 2049 ibi
843 1993 1025 2048 vivant
1046 2036 1058 2057 ,
1091 1991 1183 2047 ubi
1214 2005 1401 2046 verum
1434 1989 1618 2045 lumen
1645 1990 1930 2046 sentiendo
1971 1989 2054 2044 vi-

464 2086 650 2151 deant,
705 2083 793 2138 ubi
827 2098 934 2137 non
965 2082 1108 2137 aliud
1141 2082 1320 2136 lumen
1342 2076 1367 2144 ,⁷
1388 2090 1548 2150 atque
1588 2081 1732 2135 aliud
1779 2082 1915 2148 vita,
1957 2081 2051 2135 sed

458 2175 544 2247 ubi
574 2174 689 2243 ipsa
716 2174 805 2227 lux
835 2173 944 2228 vita
974 2174 1065 2238 sit,
1098 2172 1186 2226 ubi
1213 2173 1291 2226 sic
1314 2186 1411 2225 nos
1443 2172 1533 2225 lux
1557 2171 1793 2227 exterius
1817 2172 2052 2225 circum-
2090 2188 2093 2189 '

456 2267 684 2331 scribat,
718 2275 775 2319 ut
804 2266 1029 2321 interius
1054 2264 1304 2330 impleat;
1336 2263 1415 2327 sic
1441 2261 1677 2318 interius
1707 2264 1961 2332 impleat,
1991 2279 2045 2316 ut

458 2357 917 2426 incircumscripta
969 2355 1208 2410 exterius
1258 2354 1684 2409 circumscribat.
1740 2354 2050 2410 llluminan-

457 2455 547 2501 tur
576 2460 704 2513 ergo
735 2447 834 2499 hac
860 2444 981 2499 luce
1022 2444 1329 2499 viventium
1352 2485 1367 2509 ,
1399 2459 1557 2513 quam
1588 2452 1740 2499 tanto
1772 2454 1896 2498 tunc
1926 2445 2051 2499 sub-

459 2536 609 2589 tilius
664 2535 1025 2605 cettspiciunt,
1060 2543 1263 2603 quanto
1292 2548 1438 2588 nunc
1485 2533 1553 2587 ad
1582 2532 1726 2588 illam
1758 2534 1941 2602 purius
1972 2534 2049 2587 vi-

457 2637 603 2682 vunL

526 2717 617 2771 36.
648 2715 867 2786 Superbi
890 2715 1020 2769 aeris
1044 2723 1091 2768 et
1118 2716 1349 2786 mysticis
1376 2716 1553 2770 inania
1582 2726 1628 2770 et
1659 2717 1854 2770 tumida
1878 2718 2048 2770 solent
2082 2788 2091 2798 ν

457 2810 778 2878 permiscere.
827 2837 897 2849 —
938 2806 1152 2878 Magna:
1176 2806 1292 2861 Eliu
1342 2821 1410 2863 ac
1438 2808 1596 2863 valde
1618 2806 1772 2863 fortia
1804 2810 2045 2879 protulit,

456 2900 549 2954 sed
592 2902 695 2954 hoc
724 2899 1091 2969 unusquisque
1118 2912 1377 2968 arrogans
1418 2898 1619 2954 habere
1657 2902 1931 2968 proprium
1960 2916 2046 2954 so-

458 2993 554 3055 let,
588 2993 729 3062 quod
759 2994 887 3047 dum
921 3008 1053 3049 vera
1092 3007 1155 3047 ac
1185 2994 1413 3065 mystica
1442 2993 1699 3063 loquitur,
1732 2994 1906 3048 subito
1953 3010 2048 3063 per

462 3080 727 3141 tumorem
752 3085 929 3139 cordis
944 3085 1188 3154 quadam
1213 3086 1463 3140 inania’et
1479 3088 1711 3157 superba
1735 3088 2044 3157 permiscet.

460 3178 618 3232 Foris
663 3176 805 3233 enim
856 3179 1066 3247 placere
1108 3180 1312 3248 appetit
1340 3179 1394 3233 in
1448 3179 1550 3233 hoc
1577 3180 1720 3249 quod
1784 3180 2048 3235 veraciter

455 3272 619 3327 sentit
643 3289 657 3337 ;
688 3279 743 3325 et
769 3270 893 3325 inde
920 3284 1041 3325 mox
1071 3270 1383 3342 juanescita
1406 3286 1555 3337 vero,
1593 3272 1733 3325 unde
1764 3280 1791 3309 ι
1816 3286 1910 3339 per
1937 3271 2045 3327 ela-

459 3365 622 3420 tionis
650 3350 835 3435 typum
864 3363 1067 3420 recedit
1094 3364 1164 3418 ab
1195 3365 1404 3419 intimo.
1438 3365 1571 3432 Quia
1602 3366 1745 3419 enim
1785 3366 2049 3434 approba-

455 3460 499 3513 ri
545 3459 737 3514 doctus
776 3460 1019 3514 exterius
1064 3460 1280 3527 quaerit,
1329 3458 1473 3513 intus
1518 3459 1900 3526 plenitudinem
1947 3476 2050 3530 qua

456 3552 751 3608 docebatur
779 3553 996 3606 amittit.
1049 3550 1204 3607 Unde
1230 3560 1286 3607 et
1312 3552 1449 3617 Elin,
1484 3567 1641 3625 quem
1675 3562 1859 3609 tenere
1886 3568 2050 3609 arro-

451 3645 689 3714 gantium
736 3653 919 3716 typum
963 3658 1106 3713 sznpe
1142 3646 1251 3713 jam
1284 3644 1535 3709 diximus,
1568 3654 1851 3715 postquam
1882 3648 2047 3703 multa

454 3738 733 3807 sapientia:
766 3737 1025 3808 profunda
1056 3737 1297 3808 digessit,
1333 3738 1513 3793 subito
1535 3746 1653 3807 post
1677 3740 1900 3797 easdem
1922 3754 2047 3797 sen-

452 3834 647 3887 tentias
684 3847 906 3887 veraces
953 3845 1015 3885 nc
1068 3833 1320 3900 mysticas
1346 3829 1488 3885 fastu
1537 3832 1776 3887 scientia:
1830 3833 2045 3890 inflatus

451 3926 750 3990 extollitur,
792 3925 947 3993 cujus
994 3939 1117 3978 mox
1167 3923 1457 3980 inflationis
1486 3924 1682 3979 merito
1709 3939 1824 3994 ejus
1852 3941 2043 3981 sensus

450 4016 518 4070 ad
544 4016 717 4071 inania
749 4014 912 4069 verba
940 4014 1232 4070 derivatur.
1266 4013 1398 4067 Nam
1424 4013 1681 4081 subdidit,
1710 4014 1934 4072 dicens:

1064 4103 1289 4161 CAPUT
1330 4102 1505 4158 ΧΙΙΙ..
1598 4132 1611 4147 ι

522 4197 690 4255 Vnus.
716 4198 916 4254 Eii—5'5.
949 4225 1018 4240 —-—
1058 4197 1297 4269 4ttende,
1339 4195 1461 4263 Job,
1492 4206 1540 4250 et
1568 4197 1815 4266 audime,
1848 4207 1895 4251 et
1939 4208 2047 4253 tace

449 4295 574 4350 dum
594 4312 686 4367 ego
707 4294 910 4365 loquor.
942 4292 1003 4349 Si
1024 4304 1191 4347 autem
1215 4294 1371 4348 habes
1393 4294 1533 4363 quod
1556 4296 1802 4365 loquaris,
1832 4308 2044 4365 respon-

450 4392 514 4444 de
543 4389 667 4441 mihi
690 4403 708 4440 :
740 4388 961 4455 loquere,
992 4384 1106 4438 volo
1131 4386 1269 4439 enim
1297 4395 1346 4439 te
1371 4402 1620 4455 apparere
1649 4388 1859 4453 iustum.
1890 4386 2045 4455 Quod

448 4485 494 4535 si
521 4497 619 4533 non
643 4479 819 4547 habes,
859 4479 986 4532 audi
1025 4493 1146 4541 me;
1179 4485 1308 4543 tace,
1342 4488 1387 4528 et
1417 4474 1604 4530 docebo
1643 4488 1690 4529 te
1714 4478 2041 4545 sapientiam.

518 4576 609 4629 57.
641 4573 863 4641 Quando
889 4570 1086 4639 aliquid
1110 4570 1371 4622 humiliter
1394 4570 1691 4638 loquuntur,
1719 4570 1811 4622 diu
1831 4571 1884 4623 in
1905 4573 2044 4641 ejus-

2161 2029 2265 2067 non
2298 2015 2537 2082 protulit,
2570 2015 2675 2070 dici
2704 2015 2848 2083 quod
2890 2017 3180 2084 quaesierat
3226 2032 3334 2073 non
3369 2020 3631 2088 permisit,
3665 2022 3763 2077 sed

2158 2122 2281 2160 mox
2314 2107 2454 2175 quod
2484 2108 2807 2163 intrinsecus
2836 2109 3079 2178 gestabat
3118 2112 3316 2180 erupit,
3348 2113 3674 2184 qualemque
3703 2131 3764 2172 se

2156 2203 2209 2253 in
2236 2200 2409 2254 oculis
2440 2200 2551 2255 suis
2578 2201 2810 2257 habebat
2836 2204 3096 2271 ostendit,
3144 2205 3327 2261 dicens
3354 2224 3367 2259 :
3398 2205 3553 2273 Tace,
3588 2219 3636 2262 et
3668 2211 3765 2263 do-

2155 2289 2275 2344 cebo
2302 2298 2350 2343 te
2379 2293 2709 2359 sapientiam.
2744 2294 3073 2363 Arrogantes
3103 2297 3245 2351 enim
3292 2299 3388 2352 viri
3419 2301 3633 2370 quando
3659 2303 3765 2357 ali-

2153 2382 2279 2451 quid
2298 2382 2574 2438 humiliter
2590 2393 2807 2451 sonant,
2826 2386 2916 2440 ditt
2939 2387 2990 2441 in
3015 2386 3258 2457 ejusdem
3290 2389 3613 2447 humilitatis
3634 2408 3766 2463 spe-

2156 2478 2241 2543 cie
2267 2493 2373 2543 non
2396 2479 2709 2547 perdurant.
2734 2480 2865 2535 Cum
2892 2480 3121 2535 fortasse
3150 2493 3399 2551 qumrunt
3424 2495 3480 2538 ut
3513 2485 3759 2551 audiant,

2155 2584 2277 2623 mox
2330 2570 2599 2641 loquendo
2639 2572 2855 2626 obviant
2908 2588 2975 2627 ne
3006 2573 3322 2640 doceantur,
3363 2576 3489 2645 quia
3516 2580 3766 2648 superli-

2153 2664 2292 2717 ciem
2325 2664 2469 2718 vocis
2497 2680 2656 2734 quam
2685 2665 3019 2733 protulerant
3065 2666 3225 2722 citius
3266 2669 3642 2726 ostentationis
3683 2673 3767 2725 in-

2153 2756 2323 2810 tcntio
2335 2756 2499 2829 778
2515 2754 2534 2793 ί
2552 2759 2872 2827 comprimit,
2891 2774 3008 2828 qua:
3022 2775 3085 2814 ex
3101 2760 3280 2815 radice
3294 2762 3473 2817 cordis
3487 2765 3760 2835 exsurgit,

2151 2842 2312 2921 atque
2338 2852 2582 2906 eamdem
2614 2852 2926 2907 humilitatis
2950 2853 3178 2909 formam
3212 2857 3391 2924 specie
3422 2869 3574 2925 tenus
3598 2874 3759 2913 sunt-

2152 2954 2295 3013 ptam
2327 2959 2392 2998 eo
2434 2944 2661 2999 celerius
2708 2944 2934 3012 probant
2964 2945 3088 3014 quia
3118 2945 3293 3001 aliena
3324 2944 3425 3013 est,
3467 2963 3573 3017 quo
3602 2949 3763 3005 illam

2150 3035 2352 3089 diutius
2380 3046 2561 3091 tenere
2591 3050 2696 3090 non
2722 3043 2969 3105 possunt.
3017 3036 3154 3092 Ecce
3181 3037 3297 3092 Eliu
3338 3038 3595 3109 justitiam
3620 3050 3758 3096 cum

2150 3126 2373 3195 requirit
2418 3133 2474 3179 ut
2501 3127 2692 3194 discat,
2726 3128 2991 3197 promittit
3015 3129 3138 3197 quia
3172 3129 3385 3184 doceat.
3417 3130 3554 3187 Ecce
3597 3135 3767 3203 quasi

2152 3223 2473 3289 requirendo
2504 3222 2644 3291 quod
2681 3221 2886 3291 justum
2929 3233 3013 3278 est
3057 3223 3257 3293 aliquid
3289 3225 3506 3295 planum
3550 3214 3773 3283 sonueé

2075 3309 2121 3371 C
2155 3324 2239 3369 rat
2270 3314 2443 3384 lingua
2470 3330 2488 3381 ;
2520 3316 2615 3371 sed
2648 3331 2773 3370 mox
2802 3317 2981 3373 celare
3024 3331 3129 3371 non
3164 3319 3339 3388 potuit
3367 3320 3469 3374 hoc
3496 3320 3636 3390 quod
3674 3323 3765 3374 al-

2158 3416 2268 3461 tum
2319 3410 2561 3463 tumebat
2609 3411 2961 3466 conscientia.
2997 3410 3128 3465 Nam
3173 3423 3395 3481 repente
3441 3414 3762 3485 subiunxit:

2156 3498 2310 3565 Tace,
2341 3510 2387 3553 et
2433 3501 2621 3555 docebo
2651 3511 2698 3555 te
2719 3503 3046 3574 sapientiam.
3083 3505 3219 3591 qua
3268 3521 3398 3560 vero
3437 3520 3765 3575 arrogantes

2155 3608 2342 3649 omnes
2370 3594 2422 3648 in
2451 3610 2518 3650 eo
2562 3596 2704 3666 quod
2736 3596 3014 3666 proferunt
3041 3600 3207 3671 typho
3235 3598 3505 3669 superbiat
3542 3598 3764 3654 inﬂan-

2155 3695 2255 3749 tur,
2294 3694 2367 3753 ct,
2391 3686 2537 3740 velut
2564 3688 2615 3741 in
2642 3687 2751 3743 alto
2772 3689 2927 3759 positi
2970 3688 3050 3744 sic
3083 3690 3363 3745 doctorum
3396 3690 3628 3757 speciem
3652 3706 3761 3746 su-

2152 3786 2307 3831 munt
2356 3793 2418 3833 ac
2465 3778 2511 3834 si
2543 3795 2727 3834 eorum
2779 3782 2942 3836 verba
2970 3781 3280 3851 dignatione
3325 3781 3554 3852 quadam
3583 3798 3767 3851 super

2154 3868 2403 3940 indignos
2428 3869 2676 3926 homines
2708 3872 2922 3927 ccelitus
2951 3872 3316 3942 effundantur,
3347 3873 3488 3929 bene
3517 3890 3544 3927 a
3575 3877 3765 3944 scrip-

2154 3971 2269 4017 tore
2303 3962 2458 4030 hujus
2484 3963 2727 4020 historia:
2753 3979 2940 4022 versus
2970 3968 3346 4036 interponitur,
3371 3983 3478 4037 quo
3497 3969 3713 4025 dicatur
3738 3989 3761 4026 :

2380 4072 2607 4130 CAPUT
2638 4074 2755 4130 XIV
2787 4074 2935 4147 [Vet.
2966 4074 3128 4144 XXI,
3162 4076 3287 4131 Rec.
3324 4074 3518 4148 VIII].

2220 4186 2349 4241 CAP.
2407 4203 2592 4254 xxxiv,
2648 4186 2809 4245 Vens.
2864 4192 2913 4244 l.
2955 4178 3097 4240 -ι
3148 4189 3503 4246 Pronuntians
3546 4204 3767 4262 quoque

2150 4280 2298 4345 Elia,
2322 4280 2477 4334 etiam
2508 4282 2617 4336 haec
2650 4282 2851 4337 locutus
2880 4292 2972 4337 est.

2219 4373 2305 4431 38.
2339 4375 2478 4428 .lusti
2499 4390 2561 4429 ea:
2587 4377 2761 4429 radice
2791 4376 3099 4430 humilitatis
3129 4377 3410 4448 loquuntur
3433 4394 3453 4445 ,'
3480 4388 3622 4432 secus
3642 4378 3768 4432 ini-

2147 4470 2251 4536 qui.
2286 4500 2355 4510 --
2385 4470 2521 4538 Quid
2545 4472 2686 4525 enim
2721 4486 2814 4540 per
2842 4472 3001 4541 hujus
3033 4472 3487 4541 pronuntiationis
3509 4472 3771 4529 vocabu—

2153 4562 2285 4631 lum,
2318 4562 2421 4617 nisi
2450 4562 2655 4617 inflatio
2682 4562 2933 4619 elationis
2958 4565 3259 4620 ostenditur
3278 4608 3293 4633 ,
3329 4570 3388 4620 ut
3415 4565 3595 4630 verba,
3621 4580 3768 4635 quae

448 4669 563 4721 dem
605 4666 909 4719 humilitatis
938 4664 1106 4732 specie
1132 4678 1231 4729 non
1261 4668 1602 4733 perseverant.
1637 4694 1702 4703 —
1735 4663 1956 4729 Qualem
1984 4678 2043 4719 se
2070 4696 2127 4759 Β
2150 4656 2218 4711 de
2246 4642 2353 4711 alta
2379 4657 2642 4725 superbia:
2670 4659 2850 4714 radice
2880 4658 3185 4728 veniebant,
3217 4660 3578 4731 cum'quadam
3606 4674 3769 4729 qua-

449 4758 589 4827 apud
622 4772 682 4812 se
708 4756 906 4810 habeat
935 4757 1035 4809 hac
1065 4754 1339 4809 locutione
1367 4754 1698 4822 manifestat,
1732 4772 1837 4826 qua
1867 4756 2034 4813 dicit:

444 4849 687 4913 Attende,
729 4845 829 4901 Job
858 4888 874 4911 ,
907 4856 955 4899 et
983 4846 1105 4899 audi
1135 4862 1232 4911 me,
1282 4854 1329 4900 et
1357 4855 1467 4899 tace
1518 4846 1645 4899 dum
1688 4863 1782 4918 ego
1833 4847 2036 4918 loquor.

448 4942 718 4998 lmmensa
756 4938 899 4993 enim
929 4937 1180 5007 superbia
1209 4947 1312 5003 est,
1342 4953 1371 4991 a
1402 4938 1617 4993 seniore
1645 4939 1747 4995 sibi
1777 4956 2042 4995 reveren-

448 5035 580 5088 tiam
610 5032 845 5101 exigere,
875 5038 933 5085 et
959 5028 1231 5084 silentium
1262 5030 1529 5099 imparare
1553 5030 1761 5086 meliori
1787 5046 1867 5087 se.
1893 5032 2036 5104 [Vet.

446 5122 603 5196 XX.]
631 5122 765 5192 Quia
807 5130 989 5178 autem
1016 5122 1396 5195 pradicatores
1437 5124 1567 5193 justi
1599 5124 1724 5177 dum
1764 5126 2032 5193 quoslibet

446 5211 766 5282 corripiunt,
794 5223 943 5280 sape
971 5224 1066 5280 per
1097 5210 1412 5265 humilitatis
1438 5212 1665 5282 gratiam
1695 5209 1722 5249 ιδ
1752 5212 1818 5266 ad
1845 5214 2044 5282 cogita-

385 5298 405 5312 "
450 5309 654 5362 tionum
684 5318 908 5361 suarum
937 5304 1129 5359 intima
1155 5313 1518 5370 revertuntur,
1551 5314 1713 5374 atque
1741 5304 1794 5358 in
1824 5296 1892 5361 eo
1924 5298 2041 5374 ipso

408 5382 588 5467 ‘quo'd
643 5397 966 5469 corripiunt,
1015 5412 1087 5453 ne
1114 5396 1242 5467 quid
1292 5397 1518 5451 fortasse
1547 5396 1798 5451 fallantur
1845 5400 2044 5467 exqui-

523 5569 546 5591 σι
580 5556 791 5624 Baluz..
814 5557 1054 5614 Colhert.
1080 5564 1137 5612 et
1165 5556 1265 5621 aL,
1296 5572 1384 5621 per
1405 5556 1697 5611 elevationis
1727 5556 1965 5624 typhum.

517 5624 547 5666 δ
575 5629 717 5682 Edit.
750 5623 913 5685 Basil.
947 5623 1089 5683 1514
1112 5668 1127 5690 ,
1154 5624 1430 5693 Vaticana,
1464 5625 1626 5680 Gilnt.
1652 5668 1668 5692 ,
1698 5623 1766 5680 ad
1787 5623 2043 5698 cognitio-

445 5716 571 5755 num
610 5716 842 5754 suarum.
883 5699 1131 5753 Nostram
1184 5699 1470 5753 lectionem
1516 5698 1758 5755 emimus
1797 5715 1863 5754 ex
1912 5699 2037 5755 Mss.

448 5771 688 5842 Anglic,
712 5769 928 5842 Nostri”
957 5769 1186 5835 Turon.,
1206 5778 1338 5842 etc.

525 5840 561 5880 θ’
580 5842 816 5911 Anglic.,
844 5840 1031 5895 Norm.
1063 5848 1120 5893 et
1147 5840 1260 5908 alii,
1290 5851 1348 5895 ut
1373 5842 1417 5897 si
1445 5844 1571 5914 quid
1602 5859 1695 5914 pro
1722 5859 1776 5899 se
1802 5844 1902 5915 ipsi
1926 5845 2043 5913 jus-

447 5918 551 5967 tius

2150 4751 2199 4805 si
2243 4750 2525 4805 altitudine
2556 4760 2609 4806 et
2651 4751 2998 4807 distinctione
3026 4752 3401 4823 procederent.
3449 4753 3522 4807 ita
3554 4748 3769 4808 videli-

2149 4851 2235 4899 cet
2258 4844 2548 4911 praadicare
2574 4859 2763 4901 omnes
2778 4834 3090 4915 arrogantes
3111 4848 3312 4902 solent?
3340 4846 3471 4901 Cum
3502 4845 3765 4913 quodam

2149 4939 2290 4994 enim
2315 4939 2455 4993 fastu
2470 4937 2746 5009 proferunt
2777 4939 2881 4995 hoc
2905 4940 3049 5010 quod
3074 4938 3407 5013 singulariter
3441 4938 3764 4996 intellexis-

2148 5046 2209 5086 se
2257 5045 2317 5086 se
2361 5031 2627 5096 credunt;
2660 5039 2715 5087 et
2742 5029 2973 5087 fortasse
3004 5040 3128 5087 tunc
3165 5030 3517 5088 humilitatem
3546 5032 3767 5101 praedi-

2149 5132 2293 5189 cant,
2326 5138 2445 5179 cum
2496 5138 2594 5193 per
2623 5124 2875 5203 elationis
2904 5125 3128 5197 typhum
3180 5126 3424 5195 exempla
3474 5124 3764 5195 Superbia

2150 5229 2442 5273 ostentant.
2474 5216 2625 5274 Unde
2656 5219 2714 5273 fit
2740 5226 2797 5272 ut
2825 5232 3013 5275 eorum
3044 5218 3357 5289 praedicatio
3378 5230 3606 5274 concors
3638 5219 3761 5278 sibi

2150 5326 2369 5368 manere
2396 5327 2504 5367 non
2553 5312 2745 5382 possit,
2796 5314 2920 5384 quia
2964 5314 3018 5369 id
3048 5313 3188 5386 quod
3220 5323 3425 5370 rectum
3455 5312 3763 5383 loquentes

2147 5408 2435 5475 seminant,
2459 5422 2717 5477 perverse
2746 5415 3014 5465 tumentes
3059 5408 3392 5481 impugnant.
3440 5405 3761 5465 Humilibus

2220 5564 2249 5603 ά
2276 5566 2386 5627 AL;
2416 5567 2460 5620 si
2489 5568 2623 5635 forte
2642 5565 2860 5632 reperiri
2880 5567 3120 5637 potuerit.

2224 5648 2246 5674 ε
2275 5638 2505 5705 Turou.,
2530 5654 2592 5692 ne
2620 5637 2857 5709 superbia
2878 5639 3079 5693 tumidi.

2220 5706 2243 5746 ί
2279 5709 2461 5762 Baluz.
2495 5717 2550 5764 et
2578 5708 2757 5764 Colb..
2782 5713 3079 5764 corrumpit.

2222 5729 2238 5746 ⁸
2279 5729 2461 5762 oatuz.
2495 5729 2550 5764 Cl
2578 5729 2757 5775 υυιυ.,
2782 5729 3086 5781 corrumptt.

2221 5788 2246 5827 ε
2276 5778 2541 5864 ltaJMss..
2553 5781 2755 5864 passim
2778 5790 2833 5835 et
2858 5790 2968 5838 vet.
2997 5781 3139 5839 Edit.
3171 5780 3233 5840 In
3258 5787 3465 5841 recent.
3495 5777 3698 5854 legitur
3726 5801 3750 5841 :

2146 5860 2493 5921 pronuntians
2522 5860 2710 5922 itaque.
