4066 6348
259 381 366 438 309

1006 377 1371 439 MORALIUM
1410 378 1537 434 LIB.
1579 376 1768 435 Χιιν.
1830 407 1872 420 ς-
1918 377 1985 434 IN
2018 375 2246 433 CAPUT
2285 376 2500 434 XXXIII
2541 376 2600 432 Β.
2643 376 2781 431 JOB.

3437 375 3542 432 510

260 511 495 565 namque
521 497 857 565 auditoribus
885 496 1047 553 verba
1069 513 1163 551 sua
1196 512 1301 551 non
1330 495 1726 566 compatiendo,
1755 494 1850 549 sed
1879 499 1933 559 Α
2028 492 2204 546 Justos
2229 493 2479 561 falsorum
2504 493 2773 546 criminum
2811 491 3131 544 insimulant.
3164 513 3239 526 -—
3265 487 3546 551 Περιω-

258 591 348 644 vix
370 578 711 662 dedignanda
737 590 1054 660 largiuntur.
1086 589 1269 659 Longe
1298 586 1577 660 quippe‘se
1605 591 1660 644 in
1684 589 1849 642 altum

262 683 469 752 positos
497 682 785 747 aestimant,
829 690 885 738 et
926 697 1089 752 super
1133 682 1350 737 eosdem
1398 681 1672 736 auditores
1725 695 1852 735 suos

260 781 287 810 ι
305 774 455 843 quasi
475 773 839 842 praecedentes
858 772 1114 829 doctrinae
1132 780 1432 841 respectum
1454 771 1543 825 vix
1558 770 1626 825 de
1643 785 1852 825 summo

258 865 544 934 dignanter
590 865 869 920 inclinant.
925 868 996 919 At
1044 874 1231 921 contra
1262 864 1428 919 verba
1468 862 1736 932 justorum
1785 880 1852 919 ex

260 955 441 1009 radice
472 954 693 1011 veniunt
720 954 1056 1019 humilitatis,
1091 964 1146 1009 ut
1191 954 1423 1010 fructum
1462 953 1678 1009 valeant
1705 954 1842 1009 ferre

258 1046 513 1118 pietatis:
562 1056 615 1101 et
645 1036 903 1117 quidquid
927 1046 1143 1102 salubre
1179 1046 1470 1116 potuerint,
1498 1061 1604 1101 non
1634 1056 1852 1100 tumen-

258 1140 369 1204 do,
400 1138 499 1195 sed
552 1126 930 1209 compatiendo
979 1138 1419 1211 subministrant,
1460 1135 1488 1175 ι)
1542 1137 1645 1192 Per
1690 1137 1851 1191 verba

259 1230 456 1301 quippe
482 1231 762 1288 charitatis
789 1232 874 1288 vel
916 1246 977 1289 se
1006 1232 1058 1286 in
1088 1226 1422 1286 auditoribus
1452 1231 1564 1285 suis
1592 1268 1613 1298 ,
1643 1232 1728 1285 vel
1759 1245 1852 1284 au-

258 1323 462 1378 ditores
491 1337 617 1379 suos
658 1328 712 1380 in
742 1339 801 1379 se
833 1325 904 1379 ita
933 1322 1335 1389 translermant,
1366 1336 1427 1376 ac
1471 1323 1516 1376 si
1558 1331 1614 1378 et
1640 1322 1723 1375 illi
1758 1337 1851 1390 per

258 1417 392 1471 istos
422 1410 528 1472 hoc
561 1404 703 1487 quod
728 1416 953 1471 audiunt
994 1417 1248 1483 doceant,
1278 1428 1331 1470 et
1359 1416 1446 1470 isti
1478 1416 1718 1485 perillos
1749 1415 1851 1471 hoc

257 1509 399 1578 quod
430 1508 675 1565 docendo
698 1511 975 1579 proferunt
1004 1511 1233 1565 discant.
1267 1509 1385 1564 Eliu
1408 1524 1537 1578 ergo
1561 1519 1741 1578 typum
1764 1523 1850 1562 ar-

252 1602 560 1672 rogantium
589 1602 799 1669 tenens,
831 1614 884 1657 et
917 1613 939 1641 ο
965 1616 1084 1657 cum
1123 1601 1573 1670 pronuntiationis
1614 1609 1848 1655 ostenta-

256 1694 404 1749 tione
434 1694 717 1763 inch‘oans,
744 1695 871 1765 quid
901 1695 1044 1749 dicat
1074 1686 1374 1749 audiamus.
1408 1692 1662 1762 Sequitur
1688 1708 1703 1747 :

859 1786 1087 1842 CAPUT
1128 1786 1244 1841 XV.

1962 593 2078 639 tum
2121 584 2222 640 Job
2256 585 2457 639 dixisse
2485 585 2747 654 queritur,
2795 595 2916 653 qua
2943 592 3121 637 tamen
3164 581 3286 652 quia
3327 580 3547 638 minime

1956 678 2171 743 dixerit,
2202 678 2646 749 requisitasacrat
2677 678 2919 733 historiae
2938 675 3104 732 verba
3124 685 3406 732 testantur.
3438 674 3547 732 Sed

1955 774 2044 844 qui
2072 773 2332 843 judicium
2361 788 2517 843 :eque
2552 776 2861 843 quaesierat,
2892 788 2961 828 ex
2992 772 3147 842 culpa
3174 787 3339 841 quam
3365 770 3544 837 tinxit,

1955 871 2201 934 protinus
2224 867 2544 922 sententiam
2565 867 2885 937 promulgat.
2906 864 3040 922 Nam
3069 864 3344 935 sequitur:

2026 960 2190 1015 Vsus.
2217 961 2271 1024 7,
2310 959 2364 1013 8.
2391 986 2462 998 —
2493 959 2620 1024 Quis
2664 969 2738 1013 est
2777 958 2874 1025 vir,
2906 966 2963 1012 ut
3005 967 3081 1013 est
3125 955 3251 1025 Job,
3275 958 3365 1028 qui
3416 956 3546 1010 bibit

1953 1051 2403 1105 subsannatiottem
2444 1050 2592 1116 quasi
2620 1066 2835 1119 aquam,
2872 1050 2963 1120 qui
3006 1048 3241 1119 graditur
3270 1065 3387 1103 cum
3425 1063 3547 1120 ope-

1954 1142 2183 1194 rantibus
2205 1142 2553 1208 iniquitatem,
2570 1149 2621 1196 et
2645 1140 2871 1194 ambulat
2901 1157 3018 1195 sum
3040 1142 3167 1196 viris
3191 1141 3362 1212 impiis
3384 1141 3409 1196 7

2026 1251 2175 1321 [Rea
2228 1250 2360 1322 IL]
2396 1251 2535 1307 Ecce
2557 1252 2812 1320 judicium
2841 1266 3089 1320 querens
3131 1251 3389 1319 judicium
3416 1264 3546 1320 pro-

1953 1342 2097 1409 tulit,
2136 1351 2195 1396 et
2217 1352 2339 1411 post
2363 1342 2745 1412 allegationem
2775 1356 2929 1396 suam
2955 1342 3099 1397 nulla
3140 1342 3281 1397 beati
3309 1340 3413 1398 Job
3447 1356 3546 1395 es-

1952 1441 2190 1500 speetata
2234 1434 2503 1488 sententia
2531 1475 2551 1498 ,
2579 1447 2705 1487 eum
2738 1433 3084 1489 damnatione
3113 1433 3333 1502 dignum
3358 1449 3430 1489 ex
3461 1450 3545 1490 re-

1953 1514 2241 1592 proboer
2297 1526 2559 1580 societate
2603 1525 2890 1594 judicavit.
2937 1525 3031 1579 Ait
3076 1525 3255 1579 enim:
3295 1526 3425 1592 Quis
3467 1535 3547 1581 est

1951 1618 2046 1680 vir,
2079 1630 2135 1670 ut
2162 1628 2235 1671 est
2276 1617 2425 1672 Job?
2460 1616 2526 1674 Ut
2554 1619 2739 1685 utique
2779 1615 3184 1684 subaudiamus,
3214 1619 3414 1674 nullus.
3449 1621 3547 1677 At-

1950 1723 2054 1777 que
2080 1690 2350 1775 sulijungit
2375 1727 2387 1759 :
2422 1709 2523 1774 Qui
2545 1709 2667 1762 bibit
2690 1708 3141 1763 subsannationem
3162 1710 3311 1779 quasi
3337 1726 3549 1781 aquam.

1952 1799 2108 1866 Aqua
2134 1809 2313 1853 autem
2351 1813 2474 1853 cum
2524 1800 2748 1866 bibitur,
2796 1802 2868 1855 ita
2897 1800 3100 1869 liquide
3143 1803 3396 1869 sumitur,
3438 1811 3463 1840 ⁸
3490 1814 3546 1858 ιιι

332 1875 492 1931 Vsus.
525 1874 578 1941 2,
612 1872 666 1931 3.
690 1906 762 1919 -
788 1870 993 1942 Audite,
1016 1880 1294 1947 sapientes,
1326 1877 1475 1931 verba
1501 1893 1632 1943 mea,
1659 1886 1705 1931 et
1728 1893 1845 1931 eru-

1953 1890 2019 1945 ad
2044 1890 2371 1943 sorbendum
2400 1890 2543 1944 nulla
2570 1890 3004 1959 sui-pinguedine
3030 1892 3355 1947 retardetur.
3398 1890 3543 1948 Sub-

261 1962 358 2021 αέα
384 1964 663 2023 auscultate
706 1986 805 2023 me.
838 1971 991 2023 Auris
1019 1970 1153 2023 enim
1180 1970 1325 2023 verba
1356 1969 1555 2035 probat,
1583 1977 1631 2023 et
1669 1977 1848 2038 guttur

261 2077 401 2115 escas
427 2072 572 2133 gustu
600 2058 878 2133 dijudicat.

330 2150 419 2209 59.
467 2154 686 2225 Superbi
726 2155 958 2209 doctores
987 2171 1090 2209 non
1126 2165 1360 2223 qucerunt
1413 2154 1673 2207 auditores
1724 2169 1844 2206 suos

254 2248 511 2312 sapientes
541 2245 763 2316 efﬁcere,
794 2247 883 2300 sed
930 2263 1077 2300 suam
1106 2246 1410 2316 sapientiam
1454 2254 1731 2300 ostentare.
1777 2275 1846 2285 —

251 2338 331 2396 Ac
351 2340 396 2393 si
419 2339 650 2395 diceret:
684 2340 839 2397 Sicut
861 2355 960 2395 nec
984 2340 1128 2394 auris
1147 2354 1323 2407 escas,
1351 2354 1449 2393 nec
1474 2347 1655 2408 guttur
1684 2339 1845 2392 verba

249 2435 559 2502 cognoscit;
589 2432 661 2487 ita
691 2438 791 2487 n‘ec
826 2434 1019 2493 stultus
1043 2414 1270 2504 quisque
1290 2431 1608 2487 sententiam
1638 2432 1848 2501 sapien-

251 2525 322 2581 tis
370 2524 638 2595 intelligit.
698 2514 978 2594 Sapientes
1028 2540 1161 2594 ,ergo
1211 2535 1372 2594 atque
1422 2523 1617 2578 eruditi
1666 2522 1845 2577 audite

250 2618 396 2690 Quod
424 2618 571 2686 dico,
621 2618 709 2688 qui
740 2619 962 2687 potestis
989 2632 1052 2673 ea
1079 2633 1199 2688 quae
1248 2616 1445 2672 fuerint
1467 2615 1609 2671 dicta
1645 2629 1846 2683 cogno-

251 2727 427 2768 scere.
466 2710 754 2767 Videamus
796 2700 954 2779 igitur
993 2719 1250 2780 quantum
1300 2718 1523 2774 tumeat,
1558 2708 1649 2777 qui
1679 2705 1843 2762 verba

250 2812 350 2861 Sua
380 2820 488 2859 non
510 2796 617 2858 nisi
643 2820 671 2857 a
714 2803 1043 2875 sapientibus
1072 2794 1249 2858 audiri
1272 2802 1524 2857 decenter
1553 2801 1843 2861 existimat.

265 2895 439 2951 Verus
467 2905 643 2951 autem
668 2895 945 2966 sapientiae
975 2894 1290 2965 praedicator
1317 2892 1446 2948 dicit
1471 2910 1485 2946 :
1519 2891 1845 2962 Sapientibus

250 2999 295 3046 et
323 2980 682 3059 insipientibus
729 2984 927 3042 debitor
965 3004 1081 3043 sum
1111 2986 1293 3058 (Rom.
1324 3002 1362 3053 ι,
1398 2983 1507 3056 IL).
1561 2988 1629 3039 At
1658 2998 1845 3040 contra

252 3098 513 3155 arrogans
540 3085 594 3136 in
640 3081 1026 3154 praedicatione
1052 3097 1148 3136 sua
1179 3097 1339 3138 aures
1362 3082 1731 3137 tantummodo
1756 3096 1842 3135 sa~

252 3180 509 3251 ptentium
540 3168 843 3247 exspectat,
883 3177 1004 3246 quia
1035 3193 1143 3234 non
1167 3177 1290 3234 ideo
1318 3178 1571 3247 praedicat
1594 3188 1652 3233 ut
1679 3179 1844 3248 possit

253 3250 521 3343 quaslibet
549 3269 821 3339 sapientes
860 3268 1096 3337 efﬁcere,
1126 3270 1223 3327 sed
1253 3270 1378 3326 ideo
1412 3272 1684 3340 sapientes
1713 3286 1847 3339 (ιιιίιξ-
1872 3250 1921 3316 C

253 3371 344 3434 rit,
358 3375 415 3422 ut
434 3367 604 3435 possit
625 3366 763 3435 quod
782 3368 1009 3421 senserit
1031 3365 1392 3437 superbiendo
1410 3375 1730 3421 monstrare.
1763 3366 1851 3421 Si-

249 3467 343 3515 cut
387 3459 531 3514 enim
584 3458 832 3528 superius
879 3457 1080 3513 dictum
1138 3468 1254 3526 est,
1315 3474 1421 3513 non
1474 3457 1594 3513 illos
1653 3457 1855 3528 appetit

253 3550 491 3617 erudire,
517 3548 616 3606 sed
652 3563 713 3605 se
740 3550 1058 3616 ostendere;
1107 3565 1207 3606 nec
1234 3550 1471 3605 intuetur
1527 3564 1686 3619 quam
1725 3548 1855 3618 justi

253 3642 344 3714 qui
358 3640 585 3696 audiunt
604 3640 751 3707 ﬁant,
769 3640 865 3697 sed
895 3642 1009 3711 ipse
1035 3656 1197 3712 quam
1210 3643 1395 3696 doctus
1416 3640 1467 3707 ά,
1496 3657 1618 3697 cum
1637 3656 1668 3694 a
1684 3641 1856 3696 doctis

254 3735 470 3790 auditur
513 3728 676 3806 779
725 3746 1001 3803 appareat.
1050 3731 1208 3808 [Vet.
1248 3731 1483 3803 XXII.)
1537 3734 1672 3799 Quia
1725 3749 1858 3789 vero

256 3827 686 3901 prmdeationem
716 3826 1080 3898 arrogantium
1112 3829 1290 3883 nullus
1311 3828 1640 3896 admitteret,
1673 3829 1719 3883 si
1746 3843 1855 3883 non

257 3931 313 3975 et
353 3919 558 3987 aliquid
582 3919 647 3973 de
668 3919 983 3973 humilitatis
1005 3919 1236 3990 imagine
1264 3920 1651 3989 permiscerent
1672 3963 1687 3987 ,
1718 3921 1857 3975 bene

257 4012 378 4068 Eliu
427 4020 704 4082 postquam
735 4027 832 4081 per
878 4010 1079 4066 tumida
1112 4013 1272 4068 verba
1289 4028 1349 4068 se
1381 4011 1608 4078 extulit,
1639 4028 1853 4067 rursum

257 4106 492 4177 quasiad
517 4105 838 4175 mqualitatis
849 4106 1197 4161 concordiam
1211 4106 1816 4171 condescendit,dicens
1836 4125 1848 4158 :

853 4197 1082 4254 CAPUT
1118 4198 1235 4253 XVI
1260 4240 1273 4252 .

336 4292 499 4348 Vsus.
530 4292 587 4349 4.
616 4320 691 4334 -ο
714 4290 980 4346 Judicium
1024 4293 1276 4363 eligamus
1314 4292 1478 4359 nobis,
1525 4300 1575 4344 et
1604 4292 1735 4345 inter
1762 4308 1853 4346 nos

259 4383 522 4439 videamus
546 4383 671 4454 quid
700 4386 767 4439 sit
789 4383 993 4439 melius.

332 4476 427 4532 40.
467 4476 825 4533 Humilitatem
853 4481 1161 4549 quandoque
1188 4492 1297 4549 prce
1332 4493 1386 4532 se
1415 4478 1608 4547 ferunt,
1638 4480 1727 4532 sed
1754 4464 1857 4546 ﬁc-V

259 4570 578 4624 tam—Sed
600 4580 775 4626 utrum
799 4569 904 4626 hoc
923 4569 1189 4638 judicium
1215 4584 1279 4625 es
1308 4569 1497 4624 humili
1525 4573 1688 4626 corde
1706 4587 1850 4641 qua:-

258 4661 442 4729 sierit,
474 4661 633 4719 facile
656 4662 1049 4733 cognoscimus,
1080 4662 1126 4717 si
1148 4660 1527 4730 subsequentia
1552 4664 1669 4732 ejus
1690 4665 1850 4720 verba

266 4769 585 4826 pensemus.
616 4755 869 4825 Sequitur
895 4774 908 4810 :

274 4926 281 4929 ‘
342 4850 510 4909 Vsus.
536 4854 593 4919 5,
621 4850 751 4905 6.-—
782 4852 915 4919 Quia
940 4851 1068 4905 dixit
1095 4848 1196 4906 Job
1227 4864 1249 4905 :
1273 4849 1456 4909 Justus
1478 4866 1611 4913 sum,
1641 4859 1688 4903 et
1720 4848 1857 4904 Deus

262 4942 513 4999 subvertit
530 4943 791 5015 judicium
812 4960 1000 4999 meum.
1034 4944 1103 4998 In
1131 4944 1420 5015 judicando
1447 4943 1583 4999 enim
1612 4960 1691 4998 me
1720 4961 1859 4998 men-

266 5037 486 5093 dacium
512 5012 629 5104 est;
667 5048 716 5093 et
752 5037 975 5093 violenta
1009 5012 1200 5110 sagitta
1228 5012 1566 5108 mea‘ubsque
1590 5037 1698 5092 ullo
1740 5053 1859 5109 pec-

246 5137 410 5185 cato.

349 5296 377 5325 ⁸
408 5280 581 5343 Locus
600 5276 959 5344 subobscurus
985 5285 1039 5339 in
1070 5280 1264 5351 Editis,
1295 5299 1392 5339 nec
1422 5283 1619 5339 clarior
1649 5284 1703 5337 in
1732 5274 1860 5338 Mss.

274 5359 497 5415 Ebroic.
522 5367 576 5413 et
600 5359 737 5423 aliis,
767 5357 857 5412 ubi
882 5357 1118 5427 legitur:
1150 5356 1297 5426 quasi
1321 5354 1643 5425 procedentis
1667 5355 1867 5408 doctri-

276 5446 362 5486 na:
390 5439 702 5498 respectum,
725 5437 829 5485 evo.

238 5526 245 5529 -
353 5498 385 5539 ι’
416 5496 635 5555 Ebrdic.
664 5509 721 5555 et
747 5499 972 5554 Viudoc.
1000 5539 1016 5563 ,
1042 5497 1092 5551 vi
1136 5500 1322 5567 quippe
1358 5498 1642 5551 charitatt's.
1691 5496 1866 5551 Turo-

276 5571 484 5638 ῆωιίε,
514 5572 597 5624 via
616 5572 805 5641 quippe
829 5570 1118 5624 charitatis.

351 5651 380 5712 ξ
410 5636 639 5707 Pratel.,
659 5636 780 5695 sint
801 5641 1221 5712 pronuntiatione
1238 5636 1507 5712 inchoatis.

347 5710 381 5751 ⁸
407 5714 677 5769 Omissum
701 5728 735 5766 α
758 5709 921 5766 doctis
944 5712 999 5767 in
1021 5710 1165 5767 Edit.
1191 5710 1437 5781 Romaet
1457 5709 1577 5765 aliis
1598 5724 1714 5781 seq.
1738 5725 1869 5781 sup-

188 5746 197 5815 έ
276 5746 1865 5917 p:;ﬁ.:§§'::§sft;gisc:“susrcrastinas:

271 5872 310 5917 ο
461 5872 492 5912 υ

1952 1982 2323 2037 sannationem
2365 1996 2497 2037 vero
2543 1968 2600 2036 ut
2627 1997 2820 2051 aquam
2865 1983 3053 2038 bibere
3094 1992 3180 2038 est
3226 1984 3395 2039 Deum
3426 1985 3544 2039 sine

1954 2076 2136 2143 aliquo
2168 2076 2449 2129 obstaculo
2477 2075 2823 2144 cogitationis
2854 2075 3099 2141 irridere,
3132 2084 3192 2129 ut
3217 2077 3272 2130 in
3309 2091 3376 2132 eo
3398 2076 3543 2146 quod

1950 2168 2194 2237 superbit
2217 2169 2397 2237 lingua
2425 2170 2508 2222 vel
2538 2167 2891 2234 conscientia,
2921 2167 3066 2221 nulla
3094 2167 3378 2237 trepidatio
3407 2180 3541 2222 con-

1952 2262 2195 2334 tradicat.
2225 2260 2352 2314 Haec
2371 2269 2548 2314 autem
2579 2259 2698 2328 ejus
2720 2260 2983 2313 sententia
3011 2273 3175 2328 super
3202 2260 3414 2333 beatum
3438 2257 3539 2313 Job

1950 2330 2206 2422 quantum
2235 2369 2265 2407 a
2312 2354 2526 2407 tramite
2571 2352 2812 2407 veritatis
2852 2351 3157 2415 exorbitet,
3189 2330 3280 2405 illa
3326 2330 3575 2406 Domini.

1949 2449 2295 2506 attestatione
2341 2448 2739 2518 cognoscimus,
2787 2461 2895 2515 qua
2936 2445 3011 2499 ad
3054 2444 3323 2498 diabolum
3370 2442 3538 2497 dicit:

1951 2541 2200 2610 Nunquid
2229 2541 2561 2594 considerasti
2603 2553 2801 2591 servum
2830 2553 2999 2589 meum
3022 2536 3154 2603 Job,
3186 2536 3323 2606 quod
3347 2551 3448 2589 non
3474 2537 3540 2587 sit
3652 2578 3657 2583 .

1949 2636 1996 2689 ei
2018 2634 2202 2687 similis
2224 2635 2275 2684 in
2305 2640 2440 2685 terra
2467 2629 2610 2701 (Job.
2635 2645 2675 2695 ι,
2702 2628 2796 2698 8)?
2820 2628 2957 2683 Ecce
2985 2644 3144 2698 quem
3173 2627 3385 2682 Veritas
3409 2627 3538 2682 dicit

1950 2727 2151 2794 absque
2178 2722 2583 2790 comparatione
2600 2722 2825 2789 justum.
2855 2735 2975 2774 eum
3011 2720 3125 2775 Elin
3155 2720 3350 2773 asserit
3380 2715 3398 2755 ί
3446 2718 3539 2771 ab-

1951 2835 2084 2890 sque
2111 2818 2515 2886 comparatioue
2558 2824 2915 2883 peceatorem.
2951 2813 3057 2869 Sed
3096 2813 3211 2867 haec
3244 2826 3365 2866 esse
3403 2826 3533 2880 pro—
3576 2796 3595 2821 ⁶’

1949 2914 2065 2983 pria
2095 2912 2458 2979 arrogantium
2503 2909 2914 2978 praedicatorum
2952 2907 3148 2967 solent,
3178 2913 3235 2959 ut
3271 2906 3429 2960 etiam
3462 2904 3539 2957 al-

1950 3006 2124 3061 ﬂictos
2153 3004 2424 3058 auditores
2451 3016 2577 3057 suos
2599 3002 2767 3069 magis
2794 2999 3038 3053 districto
3065 2997 3339 3067 corripere
3369 3012 3535 3066 appe-

1952 3107 2086 3161 tant,
2130 3110 2290 3161 quam
2338 3093 2531 3148 blande
2558 3091 2821 3150 refovete.
2869 3091 2992 3144 Plus
3020 3090 3164 3145 enim
3204 3089 3441 3151 student,
3475 3101 3534 3142 ut

1950 3192 2094 3247 mala
2136 3188 2467 3259 obiurgando
2516 3190 2815 3255 increpent,
2868 3199 3029 3253 quam
3080 3184 3217 3237 bona
3271 3180 3539 3236 laudando

1954 3283 2294 3338 conﬁrment.
2337 3278 2655 3347 Superiores
2698 3276 2896 3346 quippe
2926 3284 2951 3324 ι
2994 3273 3159 3329 videri
3190 3274 3547 3340 desiderant,
3610 3290 3613 3293 ·

1956 3383 2010 3428 et
2040 3374 2209 3441 magis
2249 3370 2484 3441 gaudent
2522 3384 2644 3424 cum
2673 3382 2858 3424 eorum
2897 3368 3135 3441 animum
3178 3362 3209 3401 ⁸
3238 3364 3315 3418 ira
3338 3365 3532 3434 elevat,

1956 3481 2117 3535 quam
2136 3481 2259 3521 cum
2284 3464 2517 3519 charitas
2544 3472 2807 3531 exzequat.
2838 3462 3064 3529 Semper
3092 3459 3335 3514 invenire
3356 3465 3542 3526 optant

1955 3557 2099 3628 quod
2129 3557 2458 3625 increpando
2486 3556 2657 3626 rigide
2702 3555 2914 3610 feriant.
2948 3550 3096 3608 Unde
3125 3552 3381 3620 scriptum
3420 3558 3539 3603 est:

1956 3652 2025 3707 1n
2051 3668 2136 3706 ore
2163 3650 2306 3705 stulti
2331 3652 2477 3722 virga
2500 3648 2753 3717 superbia
2773 3645 2957 3718 (Prov.
2984 3660 3096 3709 stv,
3126 3643 3208 3712 '5),
3238 3643 3360 3713 quia
3394 3642 3539 3696 vide-

1956 3741 2086 3797 licet
2126 3752 2409 3811 percutere
2448 3738 2625 3809 rigide
2669 3738 2815 3801 scit,
2863 3736 2959 3791 sed
3006 3734 3238 3804 compati
3275 3731 3545 3789 humiliter

1958 3834 2150 3889 nescit.

2027 3943 2119 3997 Η.
2154 3942 2332 3997 Sancti
2370 3942 2748 4011 praedicatores,
2797 3956 2914 3994 cum
2932 3938 3064 3994 alios
3087 3938 3375 4007 correpturi
3403 3944 3544 3998 sunt,

1956 4033 2304 4088 blandimenta
2332 4034 2667 4102 prmittunt.
2723 4030 2792 4087 Ut
2821 4032 2973 4099 periti
2999 4030 3205 4095 medici,
3254 4029 3397 4098 prius
3434 4028 3548 4094 pal-

1956 4137 2103 4196 pant,
2145 4137 2321 4195 postea
2363 4126 2572 4195 feriunt.
2604 4154 2672 4164 —
2709 4123 2725 4161 ί
2759 4124 2947 4180 Solent
2974 4122 3137 4177 etiam
3170 4120 3548 4190 praedicatores

1953 4218 2084 4290 justi
2113 4218 2387 4273 auditores
2419 4232 2547 4273 suos
2575 4217 2909 4287 objurgando
2946 4217 3243 4285 corripere,
3293 4215 3466 4269 solent
3493 4213 3548 4267 iu

1954 4323 2141 4365 eorum
2159 4309 2286 4364 vitia
2304 4309 2543 4364 districta
2566 4309 2933 4377 increpatione
2958 4296 3175 4361 saevire.
3192 4304 3349 4361 Unde
3377 4304 3550 4372 scrip-

1956 4412 2069 4457 tum
2096 4412 2180 4457 est
2204 4421 2216 4455 :
2256 4400 2422 4457 Verba
2448 4403 2750 4471 sapientium
2777 4401 2927 4471 quasi
2967 4400 3187 4465 stimuli,
3214 4409 3265 4452 et
3289 4398 3419 4453 sicut
3446 4398 3550 4450 cla-

1955 4498 2004 4550 ei
2034 4496 2087 4549 in
2113 4496 2276 4550 altum
2306 4495 2461 4565 deﬁxi
2490 4492 2655 4565 (Eccl.
2689 4509 2782 4559 xu,
2819 4492 2930 4561 Η).
2958 4491 3127 4547 Recte
3152 4499 3330 4545 autem
3362 4504 3549 4543 eorum

1955 4588 2121 4643 verba
2146 4587 2282 4641 clavi
2326 4588 2499 4639 vocati
2545 4596 2688 4650 sunt,
2722 4582 2848 4653 quia
2900 4584 3085 4650 culpas
3125 4582 3551 4652 delinquentium

1961 4681 2211 4736 nesciunt
2237 4678 2474 4747 palpare,
2502 4677 2597 4732 sed
2623 4689 2884 4747 pungere.
2907 4675 2989 4730 An
3012 4674 3234 4730 Joannis
3254 4675 3414 4730 verba
3444 4675 3553 4729 cla-

1961 4771 2015 4824 vi
2038 4786 2145 4825 non
2165 4778 2345 4832 erant,
2371 4784 2494 4823 cum
2515 4767 2766 4823 dicebat:
2794 4765 3077 4837 Progenies
3105 4766 3411 4833 viperarum,
3442 4766 3555 4836 quis

1961 4861 2100 4915 vobis
2123 4860 2488 4914 demonstravit
2509 4858 2683 4928 fugere
2703 4856 2765 4910 ab
2788 4858 2868 4912 ira
2881 4866 3093 4911 ventura
3113 4856 3330 4927 (Matth.
3355 4869 3435 4919 ut,
3459 4856 3515 4925 7)
3533 4856 3556 4909 τ

1964 4957 2047 5007 An
2080 4952 2245 5008 verba
2290 4950 2548 5020 Stephani
2598 4949 2735 5004 clavi
2763 4965 2871 5004 non
2910 4959 3087 5015 erant,
3134 4964 3258 5004 cum
3306 4947 3549 5003 dicebat:

1974 5041 2078 5098 Vos
2121 5043 2285 5114 780
2310 5057 2504 5110 semper
2550 5040 2771 5109 Spiritui
2796 5052 2972 5095 sancto
3012 5040 3244 5095 resistitis
3275 5040 3412 5113 (Act.
3462 5051 3555 5106 vn,

1969 5136 2084 5205 51).
2134 5138 2215 5191 An
2245 5136 2411 5189 verba
2440 5134 2590 5188 Pauli
2618 5135 2756 5190 clavi
2804 5149 2911 5191 non
2937 5143 3111 5202 erant,
3153 5148 3276 5187 cum
3306 5132 3515 5189 dicebat
3540 5151 3555 5187 :

2054 5298 2077 5325 ε
2110 5288 2364 5353 Vindoc.,
2392 5300 2446 5341 ut
2468 5288 2537 5340 ad
2568 5288 2956 5342 absorbendum.

2056 5358 2074 5396 ί
2110 5361 2163 5413 In
2216 5361 2436 5413 Vindoc.
2467 5359 2617 5419 deest
2656 5360 2863 5428 absque,
2911 5357 3005 5412 sed
3039 5356 3249 5417 vitiose.
3296 5365 3349 5409 et
3371 5364 3553 5406 comi-.1

1894 5446 1895 5449 ‘
1978 5434 2146 5485 sancti
2176 5430 2415 5499 Gregorii
2441 5439 2697 5495 mentem,
2723 5430 2873 5496 cujus
2896 5441 3087 5495 scopus
3109 5436 3194 5482 est
3213 5428 3392 5499 dicere
3414 5439 3552 5499 eum.

1976 5504 2099 5557 dem
2128 5502 2228 5557 Job
2257 5496 2413 5570 quem
2452 5504 2589 5554 Deus
2614 5499 2774 5568 justis
2804 5500 3048 5570 omnibus
3079 5497 3314 5570 prmtulit
3340 5497 3408 5550 ab
3441 5496 3556 5548 Elin

1982 5568 2290 5641 iniquorum
2320 5572 2558 5624 omnium
2592 5571 2979 5641 nequissimum
2999 5568 3341 5641 judicatum.'

2050 5637 2317 5707 B‘Norm”
2350 5641 2505 5695 Vind.
2541 5651 2593 5692 et
2619 5640 2728 5701 alii.
2759 5641 2801 5692 si
2824 5637 2979 5690 videri
3005 5639 3321 5693 desiderant.

2053 5712 2078 5750 ¹³
2107 5714 2241 5767 Male
2268 5715 2319 5767 in
2355 5712 2493 5765 Edit.
2522 5713 2677 5762 ltom.
2707 5720 2760 5761 et
2782 5708 2918 5772 aliis,
2947 5710 3024 5763 ita
3044 5711 3225 5764 elevat.

2058 5784 2071 5821 ⁸
2105 5785 2230 5839 Haec
2257 5784 2575 5837 omittuntur
2605 5781 2655 5833 in
2689 5778 2849 5832 Balus
