4066 6348
551 333 649 388 5H

1752 331 1997 389 SANCTI
2035 329 2366 390 (ΗΠ-360811
2405 332 2623 393 MAGNI
2748 358 2751 363 ί
3689 354 3776 412 δη

551 448 598 540 ς)
622 448 864 504 insensati
893 447 1108 516 Calatis,
1141 447 1254 517 quis
1282 462 1368 501 vos
1395 445 1661 517 fascinaeit
1690 435 1886 518 (Colat.
1930 462 2008 515 ιιι,
2040 446 2137 516 υτ
2163 454 2215 513 Α
2244 459 2268 488 ο
2299 450 2528 506 districti
2549 452 2747 523 vigoris
2772 463 3075 524 assumunt,
3100 457 3198 514 sed
3230 457 3374 516 intus
3399 459 3658 525 eharitstis
3678 468 3779 540 igne

548 539 617 596 Et
644 557 859 598 rursum
881 557 1003 598 cum
1027 540 1321 597 Corinthiis
1341 540 1576 598 diceret:
1607 540 1734 596 Cum
1758 544 1888 597 enim
1910 545 1974 598 sit
1999 545 2131 597 inter

535 651 636 690 .oos
693 637 832 691 selus
857 647 905 690 et
933 634 1203 702 contentio,
1245 649 1411 688 nonne
1447 635 1680 690 carnales
1712 636 1847 701 estis,
1884 645 1933 690 et
1958 650 2134 691 secun-

549 726 674 782 dum
702 727 956 784 hominem
983 725 1258 782 antbulatis
1290 724 1340 796 (Ι
1373 724 1497 783 Cor.
1530 718 1743 798 111,3)?
1773 728 1880 784 Sed
1913 742 2137 784 necesse

548 838 633 885 est
659 837 718 884 ut
742 835 896 887 caute
933 824 1210 879 videamus
1238 824 1360 894 quia
1392 823 1773 894 praedicatores
1796 823 1926 893 justi
1959 823 2012 878 in
2052 823 2138 892 ip-

548 921 625 978 sis
654 934 790 991 quos
816 916 1110 987 corrigunt,
1133 932 1255 971 cum
1276 931 1344 971 ex
1372 924 1524 986 parte
1552 915 1656 969 alia
1679 913 1911 970 fortasse
1938 913 2138 984 aliquid

550 1015 705 1069 bona:
736 1010 1067 1082 operationis
1097 1009 1395 1073 inveniunt,
1436 1008 1503 1063 ad
1534 1007 1721 1063 eadem
1752 1006 2139 1077 objurgationis

552 1105 712 1161 verba
754 1119 874 1160 cum
907 1111 1101 1173 quanta
1151 1101 1555 1173 dispensatione
1603 1100 1954 1156 descendunt.
1999 1099 2140 1156 Ecce

554 1198 752 1253 Paulus
780 1196 1092 1263 Corinthios
1118 1194 1339 1260 docens,
1367 1207 1569 1263 eosque
1599 1192 1652 1246 in
1683 1192 1837 1262 culpa
1862 1192 2139 1247 divisionis

546 1290 815 1360 aspiciens
860 1303 1085 1345 exorsus
1123 1294 1226 1352 est,
1269 1286 1489 1341 dicens:
1521 1283 1726 1339 Gratias
1749 1299 1846 1356 ago
1890 1284 2001 1339 Deo
2029 1300 2139 1338 meo

551 1397 749 1453 semper
775 1397 871 1454 pro
901 1381 1059 1449 vobis,
1092 1380 1147 1433 in
1174 1380 1343 1451 gratia
1378 1377 1492 1444 Dei,
1524 1393 1639 1447 qua:
1669 1376 1792 1431 data
1831 1387 1901 1431 est
1928 1377 2065 1432 vobis
2087 1377 2140 1431 in

546 1473 751 1530 Christo
780 1472 927 1542 Jesu,
956 1472 1079 1543 quia
1102 1472 1158 1525 in
1184 1470 1415 1526 omnibus
1444 1470 1624 1523 divites
1664 1469 1788 1537 facti
1811 1469 1930 1523 estis
1955 1471 2008 1521 in
2048 1468 2141 1523 illo

548 1568 607 1641 (1
654 1567 775 1626 Cor.
809 1585 847 1639 1,
903 1568 980 1634 4).
1041 1566 1261 1622 Multum
1307 1562 1549 1635 profecto
1606 1562 1845 1618 laudavit
1896 1576 2029 1632 quos
2086 1560 2141 1615 in

547 1640 765 1718 Christo
814 1661 1010 1717 divites
1060 1659 1114 1714 iu
1144 1640 1415 1714 ’omnihus
1463 1656 1616 1710 dixit.
1674 1654 1741 1709 Et
1789 1668 1915 1710 ecce
1969 1652 2143 1708 adhuc

551 1755 918 1812 blandimenta
948 1751 1287 1821 multiplicat,
1318 1751 1536 1805 dicens:
1569 1747 1638 1801 In
1668 1747 1808 1802 omni
1836 1750 1987 1802 uerbo
2013 1757 2061 1800 et
2089 1748 2144 1802 in

552 1848 695 1902 omni
729 1848 960 1912 scientia,
1005 1846 1138 1901 sicut
1165 1844 1509 1899 testimonium
1540 1840 1733 1896 Christi
1778 1840 2145 1910 conﬁrmatum

549 1947 624 1995 est
643 1940 700 1995 in
726 1939 865 1994 vobis
884 1936 1071 2011 (Ibid.,
1097 1938 1175 2006 5).
1206 1935 1599 1991 Testimonium
1624 1933 1824 1989 Christi
1855 1932 2147 1989 confirma-

551 2044 665 2090 tum
690 2041 773 2089 est
800 2035 852 2088 in
883 2033 1056 2098 vobis,
1085 2030 1240 2093 dixit.
1270 2044 1333 2086 ac
1359 2028 1408 2086 si
1445 2042 1611 2098 opere
1640 2027 1976 2098 peregissent
2004 2027 2147 2097 quod

552 2128 797 2182 doctrina
827 2125 1149 2181 didicerant.
1182 2124 1248 2178 Et
1276 2138 1401 2177 mox
1435 2122 1489 2176 in
1523 2120 1696 2176 laudis
1724 2122 2148 2175 consummatio-

553 2236 622 2275 ne
661 2219 973 2288 subiunxit:
1005 2216 1092 2271 Ita
1121 2226 1178 2272 ut
1208 2215 1336 2269 nihil
1378 2204 1533 2269 vobis.
1554 2215 1683 2268 desit
1721 2215 1775 2268 in
1802 2213 1913 2267 ulla
1955 2217 2144 2285 gratia,

494 2321 501 2327 ‘
552 2312 963 2380 exspectantibus
991 2302 1346 2365 reuelationem
1362 2306 1573 2363 Domini
1596 2308 1759 2361 nostri
1778 2305 1811 2360 Ι
1819 2322 1906 2360 esu
1937 2307 2147 2366 Christi.

555 2404 753 2471 Quieso
776 2413 847 2472 te,
882 2402 1067 2466 Paule,
1095 2402 1213 2457 istis
1243 2410 1320 2455 tot
1358 2398 1632 2455 favoribus
1656 2400 1768 2469 jam
1806 2415 1914 2470 quo
1953 2399 2149 2455 tendas

556 2496 820 2551 iusinues.
856 2495 925 2549 Et
951 2508 1079 2550 ecce
1123 2494 1282 2562 paulo
1326 2499 1448 2561 post
1488 2490 1761 2561 sequitur:
1798 2489 2016 2544 Obsecro
2062 2507 2149 2546 vos

555 2598 746 2652 autem,
788 2594 996 2659 fratres,
1039 2604 1131 2654 per
1157 2585 1561 2640 misericordiam
1594 2584 1803 2639 Domini
1831 2585 1992 2640 nostri
2022 2584 2150 2639 Jesu

514 2744 519 2751 κ
558 2672 768 2746 Christi,
798 2691 853 2736 ut
882 2681 1107 2749 idipsum
1134 2679 1538 2742 dicatis'omues,
1570 2687 1619 2732 et
1664 2694 1768 2732 non
1798 2677 1899 2732 sint
1927 2677 1983 2731 in
2010 2677 2151 2733 vobis

557 2775 843 2832 schismata.
869 2775 1233 2846 Signi/iratum
1258 2782 1333 2826 est
1358 2772 1494 2826 enim
1523 2768 1651 2824 mihi
1681 2771 1743 2824 de
1772 2770 1931 2836 vobis,
1965 2770 2149 2833 fratres

558 2872 678 2936 mei,
703 2870 765 2924 ab
790 2868 869 2922 his
898 2867 989 2938 qui
1014 2876 1133 2921 sunt
1162 2863 1371 2928 Chloes,
1401 2862 1525 2933 quia
1545 2862 1889 2915 contentiones
1916 2862 2046 2916 inter
2063 2864 2151 2915 bos

558 2972 699 3020 sunt.
750 2958 949 3031 (Ibid.,
984 2958 1098 3029 16).
1146 2957 1226 3013 De
1276 2956 1470 3026 quibus
1516 2953 1948 3010 contentionibus
1982 2954 2153 3022 paulo

561 3064 683 3125 post
706 3053 962 3120 subdidit,
993 3051 1177 3107 dicens
1202 3067 1216 3104 :
1249 3048 1377 3105 Cum
1403 3048 1539 3103 enim
1566 3047 1633 3101 sit
1662 3047 1797 3101 inter
1823 3063 1911 3100 vos
1938 3048 2077 3102 zelus
2104 3056 2152 3102 et

563 3140 836 3210 contentio,
870 3157 1040 3197 nonne
1068 3139 1481 3203 carnales"estis,
1530 3147 1577 3192 et
1600 3136 1873 3192 secundum
1895 3132 2153 3192 hominem

2242 542 2547 614 liqueﬁunt,
2578 554 2739 615 atque
2762 561 2950 604 eorum
2977 563 3163 607 amore
3189 552 3399 619 ardent,
3429 554 3481 610 in
3504 571 3630 624 quos
3651 575 3780 630 aspe-

2241 649 2302 690 ra
2325 637 2667 707 correptione
2694 640 2921 696 saeviunt
2945 658 2961 707 ;
2989 656 3157 714 seque
3185 645 3345 701 etiam
3384 646 3462 702 eis
3501 651 3781 714 intrinsecus

2240 725 2294 780 in
2315 734 2524 783 secreto
2549 729 2727 786 cordis
2753 730 3053 800 humiliant,
3076 750 3213 805 quos
3239 736 3372 792 foris
3398 738 3542 797 duris
3570 745 3782 803 animad-

2238 818 2548 873 versionum
2570 820 2801 875 stimulis
2831 823 2984 892 quasi
3011 824 3362 894 despiciendo
3379 830 3649 903 castigant.
3685 836 3785 893 Ple-

2241 926 2464 984 rumque
2479 924 2657 970 autem
2678 925 2734 970 et
2766 930 2874 971 non
2902 915 3245 987 despiciendo
3276 919 3590 993 despiciunt,
3623 936 3671 982 et
3697 944 3784 987 non

2240 1006 2574 1078 desperando
2584 1010 2891 1079 desperant,
2908 1020 2963 1067 ut
2974 1021 3121 1068 tanto
3135 1013 3469 1084 eoslcelerius
3483 1019 3697 1088 aculpad
3711 1036 3789 1090 με.
3809 1046 3821 1065 ι

2241 1116 2461 1157 vescere
2484 1116 2547 1157 ac
2575 1103 2786 1160 resilire
2813 1103 3029 1174 faciant,
3059 1116 3261 1177 quanto
3286 1110 3396 1178 jam
3417 1112 3562 1179 quasi
3588 1112 3788 1171 vicinius

2243 1193 2432 1248 mortis
2477 1192 2685 1250 foveam
2726 1203 3018 1252 ostentant.
3050 1197 3211 1269 Stepe
3251 1200 3415 1256 etiam
3457 1203 3672 1272 quodam
3714 1207 3792 1262 de-

2243 1286 2388 1343 centi
2413 1286 2783 1345 moderamine
2824 1291 2986 1363 781
3022 1306 3149 1349 suas
3175 1293 3363 1364 culpas
3387 1308 3566 1351 coram
3590 1296 3795 1368 discipu-

2245 1379 2311 1435 lis
2337 1379 2605 1448 indicaut,
2628 1389 2687 1437 ut
2710 1382 2785 1438 illi
2805 1382 3081 1443 audientes
3109 1385 3317 1442 discant
3338 1389 3599 1459 quomodo
3626 1402 3796 1448 semet-

2246 1472 2393 1541 ipsos
2447 1473 2516 1529 de
2569 1473 2681 1531 suis
2728 1476 3032 1535 actionibus
3093 1479 3361 1536 subtiliter
3413 1482 3792 1553 reprehendant.

2246 1563 2418 1620 Tanta
2462 1574 2644 1622 autem
2686 1566 3089 1638 dispensatione
3127 1585 3188 1627 se
3219 1581 3630 1643 temperaut,ut
3655 1590 3801 1646 neque
3850 1598 3863 1609 ι

2246 1671 2372 1712 cum
2397 1669 2458 1713 se
2478 1654 2693 1730 erigunt
2720 1661 3044 1718 intrinsecus
3072 1662 3228 1735 rigidi
3257 1664 3396 1732 sint,
3426 1680 3594 1735 neque
3619 1680 3799 1723 rursum

2249 1765 2369 1806 cum
2393 1765 2455 1808 se
2485 1752 2771 1810 humiliant
2794 1756 3129 1815 extrinsecus
3161 1758 3408 1826 remissi,
3437 1758 3558 1831 quia
3583 1769 3634 1816 et
3656 1762 3705 1816 in
3728 1762 3797 1817 di-

2249 1844 2476 1915 sciplina
2507 1846 2860 1903 humilitatem
2890 1849 3229 1917 custodiunt,
3259 1860 3315 1906 et
3346 1853 3401 1906 in
3425 1851 3709 1909 humilitate
3730 1854 3796 1910 di-

2251 1937 2548 2006 sciplinam.
2575 1937 2772 1995 Paulus
2793 1939 3130 2011 disciplinam
3148 1936 3360 2009 'tenuit,
3383 1957 3505 1999 cum
3529 1942 3791 2001 Corinthiis

2251 2032 2496 2088 diceret:
2526 2031 2654 2085 Cum
2691 2035 2830 2087 enim
2869 2034 2934 2087 sit
2977 2034 3110 2088 inter
3153 2050 3241 2090 vos
3288 2035 3430 2093 selus
3474 2044 3520 2091 et
3556 2039 3800 2103 contentio,

2253 2141 2420 2179 nonne
2447 2124 2681 2179 carnales
2710 2126 2852 2191 estis,
2883 2136 2933 2180 et
2960 2114 3243 2181 secundum
3272 2127 3532 2184 hominem
3568 2130 3807 2186 ambulans

2252 2218 2306 2291 (Ι
2348 2218 2471 2276 Cor.
2496 2235 2584 2285 111,
2611 2218 2707 2287 5)?
2749 2217 2855 2274 Sed
2903 2217 3258 2291 humilitatem
3304 2220 3363 2277 in
3410 2220 3679 2290 disciplina
3721 2237 3809 2279 non

2253 2312 2518 2380 perdidit,
2552 2311 2677 2381 quia
2717 2310 3057 2380 deprecando
3092 2312 3385 2381 praemisit,
3428 2311 3610 2368 dicens
3637 2329 3651 2366 :
3678 2321 3700 2349 °
3726 2313 3809 2367 οδ.

2251 2423 2392 2461 secro
2420 2422 2527 2472 vos,
2562 2406 2767 2476 fratres,
2797 2420 2889 2475 per
2926 2405 3328 2460 misericordiam
3372 2404 3502 2472 Dei,
3530 2415 3587 2460 stt
3616 2407 3811 2478 idipsum

2252 2498 2434 2551 dicatis
2465 2513 2660 2562 omnes,
2691 2506 2737 2550 et
2766 2512 2869 2549 non
2891 2496 2993 2550 sint
3018 2496 3071 2550 in
3096 2496 3235 2551 vobis
3255 2495 3539 2552 schismata
3570 2498 3618 2568 (ι
3642 2497 3750 2552 Cor.
3771 2514 3810 2565 t,

2255 2592 2367 2658 lO).
2404 2591 2637 2646 Rursum
2686 2589 3041 2645 humilitatem
3094 2589 3297 2658 tenuit,
3330 2605 3456 2646 cum
3495 2590 3688 2647 eisdem
3725 2589 3811 2645 Co-

2253 2686 2467 2751 rinthiis
2494 2687 2716 2755 loquens
2736 2683 2899 2763 paulo
2930 2683 3091 2739 latius
3117 2683 3348 2740 fortasse
3393 2699 3553 2755 quam
3579 2685 3812 2748 voluerat,

2254 2780 2602 2845 semetipsum
2646 2776 3015 2848 reprehendit,
3056 2776 3281 2832 dicens:
3316 2774 3517 2833 Factus
3551 2795 3658 2832 sum
3699 2777 3812 2831 insi-

2254 2872 2398 2942 piens
2425 2869 2506 2941 (ΙΙ
2537 2869 2657 2924 Cor.
2683 2885 2786 2936 ιιι,
2815 2869 2926 2941 ll).
2957 2868 3068 2926 Sed
3095 2868 3435 2938 disciplinam
3465 2868 3518 2923 in
3550 2868 3646 2924 hac
3668 2867 3817 2923 humi-

2255 2963 2404 3019 litate
2429 2978 2535 3017 non
2566 2961 2834 3032 perdidit,
2864 2962 2988 3031 quia
3014 2960 3163 3017 illico
3190 2959 3441 3030 adiunxit
3466 2975 3482 3016 :
3513 2959 3614 3015 Vos
3633 2972 3815 3013 mecas-

2256 3055 2421 3125 gistis.
2455 3052 2769 3122 Exemplum
2800 3067 3007 3124 magna:
3053 3051 3369 3107 humilitatis
3412 3051 3678 3116 exhibuit,
3706 3063 3808 3104 cum

2257 3144 2529 3213 discipulis
2568 3143 2740 3199 dixit:
2776 3142 2899 3197 Non
2934 3144 3068 3198 enim
3104 3143 3448 3211 nosmetipsos
3484 3142 3818 3215 prtedicamus,

564 3235 842 3291 ambulam
885 3231 936 3304 (Ῐ
971 3231 1093 3287 CW-
1134 3228 1349 3298 “lt5l?
1379 3237 1405 3266 ⁸
1436 3226 1574 3282 Ecce
1602 3214 1796 3297 quibus
1821 3226 2069 3281 la'ldibus
2085 3227 2153 3282 ad
2178 3215 2229 3281 θ
2259 3238 2348 3292 sed
2391 3235 2568 3291 Jesunt
2615 3234 2877 3290 Christum
2929 3235 3201 3289 Dominum
3242 3243 3513 3301 nostrum,
3552 3252 3642 3290 nos
3682 3242 3823 3288 autent

565 3335 755 3399 aperta
804 3322 1161 3393 correptionis
1190 3320 1353 3376 verba
1400 3319 1707 3383 descendit;
1741 3332 1867 3374 ecce
1896 3316 1949 3373 in
1992 3319 2157 3374 corde

564 3419 894 3477 audientium
926 3431 1083 3487 quam
1114 3413 1307 3469 blanda
1359 3411 1556 3467 favoris
1585 3425 1750 3465 manu
1779 3412 1916 3465 viam
1943 3410 2160 3465 distric-

566 3525 637 3570 ta:
675 3510 1060 3582 increpationis
1086 3506 1317 3577 aperuit.
1351 3506 1507 3573 Prius
1550 3519 1780 3574 namque
1806 3502 2159 3573 superborum

566 3607 783 3665 brachia
806 3604 1011 3661 studuit
1035 3601 1628 3673 perblandimentorum
1660 3599 1873 3655 vincula
1904 3598 2156 3669 religare,

566 3713 627 3759 ut
653 3700 993 3773 postmodum
1040 3697 1300 3768 potuisset
1323 3696 1516 3750 vulnus
1554 3693 1819 3764 superbia:
1864 3693 2006 3748 ferro
2034 3708 2160 3749 cor-

567 3795 827 3866 reptionis
871 3792 1132 3847 incidere.
1165 3787 1331 3844 Erant
1361 3786 1603 3859 profecto
1657 3788 1709 3840 in
1758 3786 2055 3841 Corinthiis
2104 3794 2161 3841 et

569 3903 690 3965 quia
719 3885 927 3941 laudari
957 3883 1296 3948 debuissent,
1329 3890 1484 3935 erant
1511 3890 1566 3935 et
1593 3894 1713 3948 qure
1748 3878 1919 3950 argui.
1952 3878 2160 3933 Peritos

568 3980 751 4047 itaque
770 3973 1014 4031 medicus
1039 3972 1186 4041 prius
1208 3984 1338 4026 sana
1370 3968 1630 4033 membra,
1655 3983 1775 4036 quae
1802 3968 1947 4023 circa
1970 3968 2161 4022 vulnus

569 4078 747 4135 erant,
780 4064 1045 4121 laudando
1075 4062 1332 4132 palpavit,
1352 4070 1406 4115 et
1427 4059 1766 4129 postmodum
1796 4059 2063 4127 putridum
2086 4060 2161 4113 sic

568 4176 696 4218 num
723 4158 965 4229 vulneris
995 4154 1238 4212 feriendo
1264 4154 1555 4208 transfixit.
1576 4151 1745 4207 liabet
1770 4166 1899 4219 ergo
1928 4152 1980 4204 in
2011 4167 2163 4206 sauc-

573 4255 641 4308 tis
674 4248 1114 4322 praedicatoribus
1135 4246 1203 4301 ad
1231 4252 1456 4315 utraque
1482 4252 1661 4314 aptum
1692 4244 1952 4297 doctrina“:
1977 4244 2160 4313 regula

567 4348 781 4419 pondus
830 4360 988 4403 suum
1015 4384 1031 4410 ,
1066 4351 1127 4399 ut
1175 4354 1230 4399 et
1278 4348 1423 4397 recta
1454 4337 1481 4376 δ
1512 4338 1752 4393 faventes
1782 4336 2017 4411 nutriant
2038 4376 2056 4402 ,
2108 4346 2162 4392 et

566 4454 821 4515 perversa
850 4436 1346 4493 animadvertentes
1381 4432 1719 4488 abscindant.

641 4532 786 4608 [νει.
815 4528 1032 4595 XXIV,
1061 4527 1186 4583 Rec.
1222 4525 1318 4595 Χ.)
1352 4523 1441 4581 42.
1474 4523 1631 4579 Aliud
1655 4532 1727 4578 est
1759 4531 2015 4592 percutere
2045 4541 2159 4577 cunt

2261 3345 2429 3383 servos
2454 3338 2645 3381 vestros
2674 3343 2763 3395 per
2787 3324 3051 3382 Christum
3074 3323 3164 3396 (II
3186 3325 3305 3381 Cor.
3331 3340 3409 3392 1v,
3435 3325 3515 3392 5).
3541 3324 3645 3381 Sed
3669 3325 3717 3378 in
3745 3326 3826 3376 hac

2264 3417 2563 3472 humilitate
2589 3414 2608 3453 ί
2642 3415 2938 3485 disciplinas
2962 3415 3223 3485 justitiam
3254 3430 3365 3470 non
3390 3416 3602 3481 amisit,
3632 3414 3715 3485 qui
3739 3413 3827 3469 eis—

2264 3511 2383 3565 dem
2409 3510 2841 3578 delinquentibus
2862 3507 2990 3563 dicit
3014 3525 3026 3561 :
3055 3505 3191 3574 Quid
3215 3508 3390 3575 vultis,
3416 3508 3472 3569 in
3496 3508 3639 3579 virga
3658 3505 3828 3560 veniant

2263 3605 2332 3658 ad
2358 3620 2443 3659 vos
2475 3602 2528 3676 (ι
2554 3602 2671 3658 Cor.
2698 3619 2767 3676 1v,
2795 3599 2927 3672 ειη
2954 3610 3007 3657 et
3036 3609 3253 3656 caetera.
3287 3599 3484 3656 Sciunt
3509 3614 3634 3670 ergo
3664 3596 3827 3667 praedic

2263 3674 2677 3753 calores-sancti
2705 3674 2935 3765 utroque
2964 3694 3334 3752 moderamine
3360 3706 3539 3752 artem
3563 3689 3830 3769 magisterii

2264 3802 2583 3861 temperare,
2612 3799 2813 3844 etcum
2843 3786 3265 3857 delinquentium
3317 3797 3504 3844 reatus
3546 3786 3829 3848 inveniunt,

2266 3885 2441 3941 sciunt
2471 3883 2631 3939 modo
2674 3896 2861 3937 severe
2909 3882 3204 3950 corripere,
3234 3882 3400 3937 modo
3448 3882 3717 3937 humiliter
3754 3879 3834 3934 de-

2268 3976 2497 4045 precari.
2528 3974 2637 4031 Sed
2668 3987 2787 4028 cum
2838 3981 3147 4053 arrogantes
3186 3973 3289 4027 viri
3331 3988 3429 4029 eos
3470 3973 3667 4029 imitari
3696 3983 3835 4041 appe-

2266 4079 2410 4136 tunt,
2439 4074 2659 4123 sumunt
2703 4065 2771 4120 ab
2815 4063 2895 4120 eis
2934 4079 3121 4133 aspera
3159 4064 3322 4120 verba
3366 4064 3743 4137 correptionis,
3792 4066 3837 4117 et

2265 4175 2479 4217 sumere
2503 4158 2571 4213 ab
2601 4158 2682 4214 eis
2707 4157 2971 4213 veraciter
2998 4157 3244 4211 nesciunt
3283 4171 3479 4226 preces
3517 4152 3832 4212 humilitatis.

2266 4253 2431 4323 Magis
2460 4250 2604 4307 enim
2631 4248 2900 4306 terribiles
2926 4258 2952 4296 ε
2981 4258 3203 4319 possunt
3230 4262 3353 4305 esse
3380 4263 3551 4319 quam
3580 4248 3760 4313 mites;
3788 4251 3836 4300 et

2266 4345 2465 4401 idcirco
2487 4344 2701 4399 discunt
2725 4343 2867 4398 unde
2887 4356 2948 4397 se
2974 4341 3213 4411 erigant,
3237 4350 3290 4396 et
3318 4341 3536 4409 discere
3563 4338 3836 4409 negligant,

2266 4449 2323 4492 ut
2367 4436 2604 4491 animum
2649 4433 2988 4490 submittant.
3034 4431 3276 4500 Cumque
3326 4433 3631 4489 admonere
3681 4428 3839 4486 delin-

2265 4539 2488 4600 quentes
2519 4527 2729 4599 placide
2776 4528 3048 4591 neseiunt,
3081 4525 3247 4581 nimio
3275 4526 3477 4596 rigoris
3508 4540 3614 4581 usu
3636 4534 3739 4595 per
3770 4520 3838 4574 in-

569 4626 767 4698 iustitia
805 4622 1076 4687 stimulat,
1121 4619 1267 4675 aliud
1307 4634 1422 4671 cum
1466 4618 1613 4686 iit/lat
1642 4616 1896 4685 superbia.
1933 4614 2060 4682 Quis
2104 4616 2159 4669 in
2187 4614 2529 4679 D‘vectionis
2576 4618 2937 4682 iracundiam,
2985 4618 3147 4673 etiam
3197 4627 3388 4672 contra
3441 4625 3593 4673 recte
3644 4623 3840 4687 agentes

571 4720 887 4789 correptione
932 4717 1207 4773 servandus
1238 4713 1442 4768 modus.
1473 4711 1628 4767 Hunc
1668 4714 1904 4782 ignorant
1931 4709 2158 4779 superbi.

574 4819 967 4887 Nonnunquam
1012 4828 1140 4869 vero
1183 4811 1344 4868 etiam
1395 4806 1935 4880 praedicatoresjusti
1992 4805 2161 4874 rigide

565 4911 793 4967 feriunt.
828 4908 934 4966 Sed
976 4906 1117 4962 aliud
1165 4913 1249 4961 est
1290 4918 1412 4958 cum
1452 4900 1658 4971 justitia
1707 4898 1971 4961 stimulat,
2016 4896 2160 4951 aliud

566 5021 693 5065 cum
722 5004 971 5074 superbia
1003 5002 1171 5057 inﬂat.
1203 4999 1340 5053 Justi
1369 5011 1492 5052 eum
1524 5009 1713 5050 severe
1743 4994 2038 5062 corrigunt,
2072 4992 2159 5046 in-

572 5110 744 5157 terna:
785 5096 1082 5154 dulcedinis
1109 5093 1333 5165 gratiam
1377 5105 1483 5144 non
1515 5090 1786 5144 amittunt.
1835 5088 1967 5142 Nam
2014 5100 2161 5157 stupe

572 5209 668 5264 pro
736 5189 1103 5261 inquietudine
1164 5183 1484 5242 refrenanda
1554 5197 1834 5252 pravorum
1897 5181 2156 5236 duritiam

642 5316 666 5343 ιι
716 5303 968 5367 Vindoc.,
1005 5294 1203 5355 Pratel.
1235 5307 1289 5353 et
1334 5295 1445 5362 alii,
1494 5310 1606 5349 ecce
1645 5294 1782 5367 quod
1814 5292 2056 5367 laudibus
2092 5292 2160 5347 ad

568 5384 747 5440 aperta
799 5364 1152 5444 correptionis.
1202 5366 1330 5424 Haec
1386 5366 1703 5421 omittuntur
1757 5365 1809 5419 in
1865 5364 2047 5418 Baluz.
2108 5371 2165 5418 et

567 5446 719 5501 Colb.
1324 5474 1327 5477 <

645 5515 674 5555 δ
708 5515 873 5582 Editi,
905 5515 1063 5579 male,
1092 5520 1230 5566 recta
1256 5511 1501 5582 facientes
1527 5508 1791 5582 nutriant,-
1814 5519 2002 5560 omnes
2017 5505 2164 5560 enim

577 5586 709 5641 Mss.
744 5577 965 5649 habent,
996 5577 1234 5655 fauentes,
1257 5577 1379 5655 aut,
1403 5585 1623 5655 foventes
1647 5577 1899 5655 nutriant.

648 5665 672 5694 θ
703 5656 760 5709 In
793 5644 1054 5721 Vulgati's,
1082 5644 1299 5709 districti
1339 5644 1547 5720 riqoris.
1582 5649 1873 5719 Sequimur
1904 5644 2162 5713 Vindoc.,

578 5727 806 5788 'l‘uron.,
864 5723 1070 5791 Nomm,
1105 5725 1280 5783 Colb..
1315 5734 1368 5776 et
1398 5723 1578 5776 Baluz.

2264 4715 2613 4772 ellrenantur.
2641 4710 2884 4779 Quorum
2923 4710 3026 4766 iste
3067 4710 3184 4765 Eliu
3212 4711 3456 4778 speciem
3491 4721 3703 4772 tenens,
3736 4708 3840 4761 bea-

2264 4818 2375 4862 tum
2402 4806 2504 4862 Job
2531 4820 2637 4861 non
2670 4803 2912 4868 refovet,
2942 4801 3038 4858 sed
3064 4801 3343 4872 objurgat,
3374 4802 3568 4857 dicens
3595 4818 3609 4857 :
3638 4800 3759 4869 Quis
3781 4803 3843 4853 est

2261 4902 2361 4967 uir,
2384 4907 2440 4954 ut
2466 4907 2539 4953 est
2559 4896 2681 4963 Job,
2707 4897 2797 4966 qui
2827 4895 2949 4950 bibit
2978 4895 3436 4949 subsannationem
3461 4897 3616 4965 quasi
3642 4906 3841 4963 aquam,

2261 4997 2350 5065 qui
2391 4992 2624 5062 graditur
2667 5004 2782 5043 cum
2809 4986 3141 5058 operantibus
3169 4987 3529 5056 iniquitatem,
3557 4994 3608 5043 et
3636 4983 3841 5039 ambulet

2265 5101 2379 5139 cum
2392 5085 2513 5139 viris
2528 5082 2737 5159 impiis?~
2757 5079 2903 5153 Wet.
2918 5077 3022 5133 XX
3036 5077 3123 5150 γ.)
3143 5078 3206 5133 Et
3221 5078 3340 5148 quia
3358 5079 3543 5133 aliena
3559 5081 3843 5146 semperest

2266 5193 2296 5231 a
2318 5176 2542 5233 veritate
2562 5166 2829 5244 superbia,
2850 5186 2973 5231 mox
2997 5179 3051 5227 et
3063 5170 3133 5227 ad
3150 5168 3283 5226 falsa
3296 5170 3628 5243 prorumpit,
3642 5168 3835 5225 dicens:

2267 5289 2321 5344 in
2349 5287 2664 5342 reviviscere.

2345 5370 2368 5397 ε
2405 5357 2633 5412 Viudoc.
2664 5365 2718 5411 et
2748 5356 2883 5425 pler.
2913 5357 3124 5425 Norm.,
3146 5358 3350 5413 obsecro
3375 5364 3560 5413 autem
3587 5371 3697 5411 vos.

2346 5431 2363 5467 ι’
2400 5431 2510 5491 ΑΙ..
2540 5427 2869 5499 disciplinam
2890 5431 3125 5499 justitiau

2343 5510 2367 5546 κ
2400 5501 2476 5554 lta
2500 5490 2709 5553 Ebroic.
2729 5490 3126 5569 et_alii'l\‘orm.,
3144 5499 3405 5569 Vindoc.,
3422 5498 3612 5553 Belus.
3636 5490 3840 5569 et_Coll:._

2272 5573 2330 5628 In
2353 5571 2496 5652 Edit.
2522 5566 2867 5652 Paris.lb95
2912 5570 3296 5652 legiturntagis
3322 5568 3468 5652 enim
3505 5566 3841 5652 terribiles-.35

2275 5650 2510 5715 possunt,
2541 5640 2716 5694 uolunt
2746 5656 2853 5693 esse
2879 5635 3034 5722 quam
3061 5635 3230 5694 mites:
3254 5638 3475 5707 Optime
3494 5653 3629 5695 sane
3648 5638 3691 5719 si
3728 5635 3836 5689 Mss.

2277 5712 2481 5768 addere
2510 5719 2604 5764 aut
2630 5710 2914 5767 detrahere
2938 5711 3141 5766 liceret.
3163 5710 3433 5778 Corrupte
3456 5710 3513 5767 in
3541 5709 3700 5770 Baeti.
3718 5699 3839 5778 ιδῃ

592 5773 1070 5849 i'a'i5.'m;.m;;.;’
1100 5773 1651 5862 piazsi'.."panggire,
1684 5790 1827 5859 quod
1879 5788 2072 5858 legitur
2122 5787 2176 5842 in
2282 5784 2532 5862 errari»;
2562 5782 2717 5862 ista.
2754 5780 2998 5862 ιειττερίιεε
3023 5798 3151 5862 φησι
3181 5773 3418 5851 possum.
3442 5783 3643 5848 υοιαηι,
3673 5786 3769 5835 ειε.
3794 5773 3840 5830 ιιι

582 5866 766 5921 Belua.
791 5865 971 5931 Colb.,
1000 5851 1239 5931 Μέση,
1274 5851 1519 5923 γίιιὶίος..
1550 5851 1775 5927 'l‘uron.,
1806 5851 2177 5923 etc..'mtttare
2282 5852 2396 5909 aliis
2417 5852 2677 5919 Vulgatis,
2706 5851 2954 5906 terribiles
2982 5853 3156 5906 volunt
3178 5870 3282 5907 esse
3310 5869 3494 5922 quam.
