4066 6348
303 384 408 445 315

887 520 1115 579 CAPUT
1154 519 1318 579 XVII.

382 616 542 673 Vsus.
566 613 848 672 9.-—Di:eit
867 617 1003 672 enim
1018 631 1040 671 :
1064 613 1191 671 Non
1212 614 1430 688 placebit
1447 614 1529 670 uir
1542 613 1672 683 Deo,
1692 615 1892 670 etiamsi

300 709 588 767 cucurrerit
612 724 729 763 cum
752 724 831 764 eo.
1708 710 1715 715 “

375 804 463 860 45.
506 802 690 859 Aliena
716 819 914 875 semper
938 810 1014 859 est
1053 820 1086 859 a
1119 804 1328 859 veritate
1362 803 1622 874 superbia.
1645 833 1715 844 —-
1738 801 1892 871 Quod

307 898 549 969 profecto
569 898 693 969 quia
710 898 931 956 minime
945 898 1162 968 dixerit,
1186 899 1428 970 quisquis
1450 898 1590 954 beati
1604 897 1705 954 Joh
1726 897 1890 957 verba

300 995 427 1064 legit
448 994 708 1064 agnoscit.
724 991 831 1050 Sed
860 994 948 1065 qui
965 993 1163 1049 idcirco
1190 993 1439 1064 loquitur,
1464 1002 1522 1047 ut
1542 991 1891 1059 semetipsum

298 1088 635 1148 ostendendo
662 1086 967 1157 superbiat,
1000 1085 1127 1157 quid
1153 1085 1347 1140 mirum
1375 1084 1425 1140 si
1452 1084 1503 1140 in
1534 1083 1704 1140 altero
1736 1085 1893 1153 ﬁngit

298 1184 443 1257 quod
474 1180 866 1253 reprehendat?
894 1180 1175 1249 Quomodo
1198 1180 1341 1236 enim
1367 1178 1582 1233 veritati
1619 1178 1891 1233 cohaereat

299 1276 352 1331 in
379 1275 556 1331 verbis
584 1272 984 1343 increpationis,
1008 1286 1169 1342 quem
1192 1270 1705 1339 intra’semetipsum
1728 1268 1893 1339 longe

296 1370 367 1427 ab
394 1366 587 1425 eadem
616 1367 842 1424 veritate
876 1364 1084 1422 dirimit
1113 1374 1292 1420 tumor
1328 1364 1570 1419 mentis?
1592 1362 1849 1433 Sequitur
1874 1379 1888 1415 :

366 1460 535 1517 Vnus.
562 1458 651 1515 ‘10.
676 1489 747 1499 —
769 1458 797 1514 1
805 1458 899 1513 deo
924 1458 1021 1512 viri
1041 1457 1241 1512 cordati
1264 1456 1440 1511 audite
1470 1472 1571 1511 me.
1813 1528 1817 1532 ἢ

368 1555 510 1611 Ecce
538 1555 739 1610 iterum
769 1552 907 1607 fastu
938 1550 1210 1621 superbia:
1244 1550 1493 1614 inﬂatus,
1533 1562 1627 1604 eos
1660 1557 1894 1603 tantum-

295 1650 457 1707 modo
480 1693 495 1716 ,
528 1648 620 1719 qui
650 1645 799 1719 quasi
828 1647 987 1718 digne
1018 1643 1402 1715 intelligendo,
1453 1658 1513 1699 se
1562 1643 1777 1712 assequi
1808 1657 1894 1696 va-

297 1740 443 1799 leant
468 1741 683 1811 qumrit,
716 1748 769 1796 et
798 1739 876 1795 sic
905 1736 1050 1808 quod
1077 1736 1347 1793 sentiebat
1377 1736 1630 1804 erumpit,
1662 1734 1845 1791 dicens
1873 1749 1890 1788 :

863 1852 1089 1910 CAPUT
1130 1850 1318 1908 XVIII.
1737 1881 1744 1887 ~

375 1946 535 2009 νω.
563 1946 631 2003 10
658 1955 715 2003 et.
742 1948 829 2003 11.
854 1977 924 1987 -
948 1947 1092 2004 Absit
1116 1964 1150 2001 a
1177 1947 1286 2002 Deo
1310 1946 1569 2016 impietas,
1593 1954 1646 1999 et
1674 1945 1737 2000 ab
1767 1942 1887 2001 0m-

305 2045 554 2109 nspotente
596 2038 863 2107 iniquitas.
914 2038 1058 2108 Opus
1101 2038 1235 2094 enim
1278 2036 1500 2093 hominis
1542 2037 1719 2092 reddet
1747 2038 1814 2106 ei,
1839 2046 1888 2094 et

296 2132 448 2200 juxta
474 2132 581 2186 vias
604 2130 928 2201 singulorum
949 2131 1182 2185 restituet
1209 2130 1303 2186 eis.

367 2224 533 2295 782
569 2223 657 2278 44.
702 2221 842 2279 Deus
870 2224 923 2276 in
952 2223 1048 2275 hac
1070 2224 1176 2278 vita
1201 2239 1307 2278 non
1341 2239 1541 2293 semper
1574 2223 1744 2278 reddit
1779 2225 1889 2279 sin-

294 2314 432 2385 gulis
450 2318 608 2388 juxta
632 2331 808 2387 opera.
830 2344 903 2357 -—
922 2314 1069 2371 Bene
1096 2315 1251 2383 dixit,
1283 2312 1409 2385 quia
1437 2315 1491 2369 in
1521 2316 1889 2384 omnipotente

296 2405 409 2462 Deo
436 2406 692 2477 iniquitas
722 2407 804 2463 vel
833 2407 1084 2478 impietas
1125 2422 1232 2464 non
1268 2415 1373 2463 est.
1420 2407 1528 2464 Sed
1558 2409 1610 2462 in
1651 2408 1752 2463 hac
1778 2408 1887 2463 vita

291 2516 633 2573 nequaquam
659 2515 874 2572 semper
902 2501 1007 2556 hoc
1034 2501 1232 2573 agitur,
1266 2501 1409 2571 quod
1440 2498 1737 2571 subjunxit,
1764 2501 1887 2571 quia

293 2596 447 2667 juxta
470 2612 606 2666 opus
634 2597 791 2652 suum
818 2596 1044 2667 singulis
1067 2606 1124 2654 et
1148 2596 1303 2668 juxta
1326 2597 1442 2653 vias
1473 2598 1720 2668 proprias
1758 2598 1886 2653 red-

294 2688 392 2755 dit.
425 2687 559 2743 Nam
599 2696 654 2745 et
689 2680 887 2746 multos
916 2688 1100 2747 illicita
1132 2699 1189 2744 et
1216 2704 1468 2760 perversa
1513 2698 1888 2761 perpetrantes

295 2779 527 2852 gratuito
553 2778 831 2851 praevenit,
860 2791 1024 2852 atque
1051 2781 1120 2837 ad
1149 2796 1314 2851 opera
1357 2790 1542 2838 sancta
1572 2785 1843 2839 convertit
1868 2824 1886 2850 ,

296 2881 353 2927 et
380 2872 666 2929 nonnullos
691 2872 855 2930 rectis
881 2873 1089 2928 actibus
1133 2872 1357 2929 deditos
1387 2873 1600 2943 ﬂagello
1647 2877 1887 2931 interve-

296 2963 483 3018 niente
512 2964 774 3035 corripit,
807 2974 833 3001 ι
862 2978 926 3019 ac
953 2965 1335 3033 sic.placentes
1377 2967 1530 3037 quasi
1570 2954 1891 3035 displiceant

296 3052 509 3126 afﬂigit,
537 3054 826 3111 Salomone
852 3062 1162 3122 attestante,
1195 3055 1287 3126 qui
1310 3055 1422 3110 ait:
1458 3055 1593 3113 Sunt
1608 3059 1743 3127 justi
1775 3059 1889 3128 qui-
1988 3064 2001 3071 '

292 3148 390 3202 bus
422 3148 579 3201 multa
608 3147 840 3203 eveniunt
860 3189 876 3214 ,
902 3147 1051 3218 quasi
1079 3162 1238 3219 opera
1278 3149 1472 3219 egerint
1500 3150 1780 3219 impiorum
1793 3156 1828 3217 ;‘
1840 3161 1889 3205 et

297 3250 417 3297 sunt
441 3239 586 3309 impii
614 3240 701 3308 qui
721 3239 793 3293 ita
814 3240 981 3293 securi
1008 3248 1126 3294 sunt
1149 3281 1167 3308 ,
1192 3255 1251 3294 ac
1273 3240 1317 3294 si
1330 3243 1593 3313 justorum
1620 3241 1761 3311 facta
1784 3241 1883 3295 ha-

254 3324 451 3399 'beant
489 3332 688 3405 (Eccle.
721 3349 819 3390 vui
842 3376 858 3402 ,
891 3334 1003 3405 14).
1050 3334 1204 3402 Quod
1246 3334 1502 3390 nimirum
1545 3337 1895 3404 omnipotens.

294 3426 439 3483 Deus
460 3426 820 3484 inaestimabili
845 3428 1044 3496 pietate
1073 3426 1353 3498 dispensat
1377 3471 1392 3497 ,
1425 3438 1483 3485 ut
1511 3438 1565 3484 et
1588 3428 1764 3498 justus
1789 3428 1888 3485 ﬂa-

296 3520 432 3591 gella
462 3519 724 3588 crucient,
757 3534 824 3574 ne
852 3534 1017 3589 opera
1049 3521 1349 3587 extollant;
1380 3531 1436 3576 et
1465 3521 1652 3591 injusti
1695 3524 1885 3581 saltem

293 3612 418 3668 sine
446 3627 601 3683 pmna
632 3612 771 3667 hanc
801 3613 969 3668 vitam
1012 3626 1310 3686 peragant,
1359 3615 1486 3684 quia
1523 3618 1590 3671 ad
1625 3626 1890 3676 tormenta

296 3720 419 3775 quae
443 3704 563 3762 sine
592 3705 701 3762 fine
730 3715 854 3762 sunt
881 3707 1023 3762 male
1052 3708 1260 3776 agendo
1292 3688 1567 3764 festinant.
1600 3709 1731 3764 Nam
1763 3712 1888 3780 quia

298 3780 587 3867 aliquando
612 3796 742 3866 justi
772 3812 1107 3869 nequaquam
1136 3784 1289 3869 juxta
1334 3815 1501 3868 opera
1528 3800 1885 3871 ﬂagellantur,

296 3892 403 3946 hac
431 3891 547 3961 ipsa
572 3891 793 3947 historia
824 3908 983 3962 quam
1009 3901 1306 3949 tractamus
1344 3893 1669 3950 ostenditur.
1703 3894 1887 3966 Neque

297 3984 447 4040 enim
498 3984 640 4040 idem
672 3984 860 4040 beatus
888 3985 990 4041 Job
1021 4000 1119 4055 pro
1146 3986 1308 4055 culpa
1350 3985 1525 4042 fuerat
1554 3986 1886 4058 ﬂagellatus,

294 4077 390 4151 qui
410 4086 538 4134 ante
566 4077 764 4147 ﬂagelli
788 4078 1063 4134 stimulum
1094 4080 1212 4149 ipso
1234 4079 1418 4155 judice
1449 4089 1742 4137 attestante
1777 4082 1891 4137 lau-

294 4170 458 4226 datus
483 4176 588 4227 est.
617 4167 813 4225 Verius
841 4185 968 4241 ergo
1000 4170 1119 4225 Eliu
1142 4172 1369 4237 diceret,
1396 4172 1440 4227 si
1464 4171 1729 4228 dixisset:
1753 4172 1888 4241 Quia

294 4260 352 4317 in
377 4260 752 4332 omnipotente
776 4261 889 4317 Deo
914 4262 1162 4331 impietas
1186 4272 1348 4331 atque
1376 4262 1630 4335 iniquitas
1650 4279 1757 4321 non
1781 4275 1887 4333 est,

294 4354 459 4411 etiam
509 4368 630 4409 cum
674 4353 826 4425 juxta
876 4354 989 4409 vias
1034 4356 1280 4424 proprias
1310 4356 1620 4415 hominibus
1659 4358 1890 4417 reddere

295 4461 411 4503 non
438 4445 670 4503 videtur.
704 4447 834 4501 Nam
863 4456 920 4502 et
949 4447 1091 4518 quod
1132 4463 1163 4502 a
1193 4448 1347 4505 nobis
1388 4466 1497 4506 non
1542 4451 1885 4524 intelligitur,

295 4553 368 4594 ex
398 4539 596 4594 occulti
624 4539 812 4609 iudicii
842 4553 951 4595 non
978 4538 1176 4609 injusta
1225 4541 1381 4597 lance
1423 4543 1712 4613 profertur.
1755 4546 1889 4614 Quia

297 4644 433 4687 vero
477 4631 854 4699 praedicatores
900 4634 1250 4702 arrogantes,
1307 4634 1437 4689 dum
1493 4637 1660 4692 multa
1707 4638 1888 4694 inania

296 4732 581 4795 spargunt,
612 4725 772 4783 etiam
794 4740 939 4797 saepe
970 4741 1095 4783 vera
1123 4740 1187 4782 ac
1211 4718 1387 4784 solida
1427 4726 1738 4798 proferunt,
1772 4730 1886 4787 Eliu
1917 4734 1970 4796 Ι)

298 4827 453 4876 recte
478 4818 789 4891 subjungit:
1122 4868 1141 4885 ε

675 4934 901 4993 caper
938 4935 1060 4992 XIX
1089 4935 1233 5010 [Vet.
1264 4934 1500 5010 XXVI].

380 5048 543 5106 Vens.
577 5034 664 5106 12.
688 5079 758 5091 -
791 5048 919 5105 Vere
944 5050 1076 5105 enim
1094 5048 1237 5105 Deus
1258 5066 1360 5104 non
1381 5051 1747 5109 condemnabit
1772 5058 1890 5127 fru-

301 5153 432 5209 stra,
452 5159 545 5197 nec
567 5141 899 5213 Omnipotens
921 5146 1164 5198 subvertet
1175 5143 1460 5214 judicium.

376 5234 469 5293 45.
507 5235 540 5288 J
548 5243 659 5291 usta
688 5234 784 5291 Dei
799 5235 1025 5307 judicia,
1058 5237 1152 5290 etsi
1179 5236 1398 5290 occulta.
1421 5264 1493 5278 —-
1516 5237 1598 5292 Ad
1619 5237 1890 5294 diabolum

301 5327 564 5383 Dominus
591 5326 757 5382 dicit:
789 5324 1115 5382 Commovisti
1135 5343 1216 5381 me
1236 5327 1484 5381 adversus
1512 5343 1664 5394 eum,
1692 5335 1750 5381 ut
1785 5330 1892 5399 σπι.

302 5437 475 5493 gerem
501 5436 614 5474 eum
640 5424 831 5491 frustra
854 5418 998 5492 (Job.
1021 5419 1184 5490 11,3).
1215 5419 1333 5475 Eliu
1361 5430 1538 5478 autem
1562 5421 1694 5477 dicit
1717 5440 1730 5475 :
1752 5423 1894 5490 Quia

303 5527 407 5565 non
425 5512 780 5567 condemnabit
802 5511 1058 5567 Dominus
1079 5512 1297 5581 frustra.
1311 5511 1463 5582 Quod
1486 5513 1670 5585 utique
1691 5515 1898 5573 discor-

377 5634 409 5666 ι
438 5626 693 5684 Meadose
720 5630 773 5685 in
798 5630 1044 5695 Excusis,
1074 5648 1134 5685 ac
1160 5632 1226 5687 si.

379 5697 408 5772 If
440 5697 586 5772 Pler.
613 5699 799 5756 Norm.
829 5710 883 5772 et
917 5701 1170 5769 Vindoc.,
1204 5702 1415 5756 cuinon
1442 5702 1643 5759 detebat
1677 5703 1855 5760 vitium
1876 5745 1893 5772 ,

301 5769 397 5845 sed
430 5771 666 5845 meritum
693 5771 1233 5845 augebat.i(iorrupte
1269 5773 1325 5828 in
1367 5774 1572 5839 Baluz.,
1616 5775 1753 5845 quod
1793 5769 1897 5830 non

305 5838 579 5913 delebat...
632 5838 870 5913 augebat.
916 5844 1052 5900 Huic
1100 5838 1280 5901 tamen
1334 5838 1894 5913 consentit'Colbert.

307 5910 470 5975 ϐοὰ..
505 5927 666 5977 quem
697 5902 763 5971 Ex
797 5914 968 5979 priori
1009 5916 1336 5979 descriptum
1380 5916 1748 5977 crederemus.
1798 5902 1896 5971 nisi

864 440 871 447 .
924 333 931 339 .
1021 381 1383 443 UORALIUM
1421 381 1555 441 LIB.
1595 379 1788 440 XXIV.
1830 411 1900 425 —
1937 379 2005 440 IN
2043 379 2271 439 CAPUT
2311 378 2533 437 XXXIII
2571 380 2633 436 Β.
2673 378 2793 437 JOB

1922 511 1976 571 Α
2004 499 2136 556 dare
2166 499 2325 556 dictis
2353 497 2606 555 Veritatis
2634 495 2894 569 creditur,
2925 496 3029 554 nisi
3057 496 3243 555 subtili
3268 497 3583 555 considera-

2000 592 2146 649 tione
2194 600 2465 662 pensetur.
2517 592 2674 649 Aliud
2722 605 2953 661 namque
2996 598 3081 647 est
3108 590 3403 658 damnare,
3438 592 3583 649 aliud
3668 594 3669 597 “

3481 383 3589 444 ιιι

1995 684 2259 755 afﬂigere.
2284 682 2489 754 Afﬂigit
2513 697 2641 753 ergo
2664 682 2819 753 juxta
2842 680 3045 751 aliquid
3067 679 3271 738 frustra
3292 726 3308 752 ,
3333 683 3432 740 sed
3472 684 3587 740 fru-

1996 789 2107 835 stra
2146 792 2252 833 non
2297 778 2536 832 damnat.
2569 777 2651 831 Au
2693 791 2800 831 non
2838 778 2993 846 juxta
3030 776 3230 847 aliquid
3259 776 3456 833 frustra
3484 778 3587 836 Joh

1995 868 2279 936 alﬂixerat,
2308 867 2337 907 ι)
2367 883 2488 925 cum
2518 882 2625 925 non
2655 866 3175 937 delebaturjvitium,
3208 869 3309 925 sed
3331 871 3585 929 meritum

1995 962 2328 1035 augebatur?
2367 962 2589 1019 Frustra
2631 962 2776 1019 enim
2806 961 3169 1021 condemnare
3215 978 3321 1019 non
3364 971 3582 1032 potest,

1994 1056 2118 1126 quia
2146 1055 2417 1111 damnatio
2445 1054 2561 1111 ﬂeri
2590 1068 2696 1109 non
2723 1068 2790 1111 ex
2823 1062 2972 1120 parte
3001 1053 3068 1108 ad
3105 1052 3309 1123 aliquid
3362 1064 3583 1125 potest,

1993 1163 2115 1223 qua:
2141 1148 2395 1205 videlicet
2425 1148 2481 1204 in
2509 1157 2755 1204 extremo
2784 1147 2938 1217 punit
2968 1161 3129 1202 omne
3149 1148 3291 1219 quod
3312 1148 3399 1204 hic
3429 1149 3584 1219 quis-

1994 1257 2100 1312 que
2129 1240 2307 1314 inique
2331 1242 2681 1303 commiserit.
2713 1240 2823 1297 Nec
2875 1241 3217 1312 omnipotens
3263 1241 3405 1300 Deus
3453 1242 3584 1299 sub-

1995 1335 2159 1389 vertit
2178 1334 2435 1405 judicium
2459 1376 2475 1402 ,
2506 1334 2628 1405 quia
2655 1334 2760 1391 etsi
2785 1335 2963 1390 minus
2992 1344 3138 1390 recta
3177 1335 3425 1391 videntur
3465 1351 3587 1393 esse

1995 1443 2114 1498 qua:
2143 1428 2396 1498 patimur,
2442 1436 2591 1486 recte
2634 1435 2811 1484 tamen
2838 1438 2861 1467 ο
2891 1427 2947 1483 iu
2975 1427 3186 1484 occulto
3215 1430 3463 1485 examine
3491 1427 3586 1483 de-

1995 1530 2311 1578 cernuntur.
2345 1520 2602 1591 Sequitur
2626 1538 2641 1574 :

2070 1620 2073 1625 λ
2423 1612 2649 1669 CAPUT
2690 1612 2789 1668 xx
2833 1612 2986 1685 meo.
3027 1611 3157 1685 x1].

2067 1705 2228 1761 Vens.
2262 1702 2349 1760 15.
2374 1735 2443 1746 -
2466 1706 2628 1772 Quem
2671 1706 2950 1769 constituit,
2966 1704 3128 1760 alium
3168 1722 3322 1776 super
3370 1715 3579 1774 terram,

1994 1805 2083 1850 aut
2106 1813 2257 1867 quem
2285 1797 2453 1865 posuit
2482 1812 2637 1866 super
2663 1797 2858 1866 orbem,
2882 1813 3031 1865 quem
3062 1797 3345 1866 fabricatus
3371 1800 3481 1853 est?

1918 1924 1967 1985 Β
2067 1892 2155 1947 46.
2200 1891 2363 1959 Quem
2394 1908 2482 1961 per
2510 1908 2565 1946 se
2591 1876 2822 1946 condidit
2846 1892 3127 1958 mundum,
3169 1903 3261 1962 per
3305 1908 3360 1947 se
3391 1908 3589 1963 quoque

1992 1984 2294 2056 regit.—Ut
2319 1984 2568 2040 videlicet
2592 1984 2884 2040 subaudias
2912 1985 3146 2041 nullum.
3173 1986 3278 2040 Per
3306 2000 3365 2041 se
3387 1987 3588 2056 quippe
3638 2030 3641 2033 ς

1992 2076 2248 2131 mundum
2277 2076 2412 2143 regit
2437 2116 2453 2143 ,
2477 2090 2638 2146 quem
2669 2089 2766 2145 per
2794 2089 2854 2131 se
2880 2075 3151 2143 condidit;
3190 2091 3287 2131 nec
3312 2086 3434 2145 eget
3457 2078 3588 2143 alie-

1991 2169 2076 2224 nis
2102 2167 2385 2237 adjutoriis
2410 2168 2477 2223 ad
2503 2167 2829 2237 regendum,
2857 2168 2950 2237 qui
2980 2183 3085 2223 non
3114 2171 3262 2239 eguit
3288 2171 3356 2225 ad
3376 2168 3584 2227 facien-

1991 2261 2140 2317 dum.
2171 2260 2279 2318 Sed
2312 2260 2428 2315 haec
2460 2258 2669 2315 idcirco
2700 2258 3043 2329 colliguntur,
3076 2269 3134 2315 ut
3163 2261 3367 2330 liquido
3387 2261 3588 2320 indicet

1990 2352 2120 2423 quia
2169 2351 2509 2420 omnipotens
2554 2351 2727 2416 Deus,
2774 2351 2821 2405 si
2852 2364 2949 2419 per
2999 2351 3355 2421 semetipsum
3396 2365 3587 2422 regere

1995 2458 2101 2499 non
2130 2442 2351 2513 negligit
2376 2444 2517 2513 quod
2547 2441 2770 2508 creavit,
2804 2443 2947 2512 quod
2978 2442 3117 2499 bene
3144 2445 3353 2499 creavit
3395 2445 3583 2515 utique

1991 2535 2128 2592 bene
2157 2532 2335 2604 regit",
2369 2535 2491 2603 quia
2519 2533 2662 2603 quod
2692 2534 2780 2603 pie
2802 2530 3047 2589 condidit
3075 2534 3239 2603 impie
3260 2549 3371 2591 non
3401 2535 3585 2606 dispo-

1992 2627 2099 2693 nit;
2127 2636 2181 2682 et
2206 2626 2296 2696 qui
2321 2626 2549 2681 necdum
2583 2624 2722 2681 facta
2753 2627 2961 2682 curavit
2991 2635 3049 2681 ut
3078 2638 3287 2694 essent,
3312 2643 3433 2700 quae
3458 2638 3585 2687 sunt

1992 2716 2130 2774 facta
2161 2724 2266 2773 no'n
2290 2717 2508 2773 deserit.
2542 2717 2680 2787 Quia
2709 2733 2841 2789 ergo
2867 2733 3104 2789 praesens
3131 2721 3288 2778 estin
3316 2724 3583 2795 regimine

1991 2810 2085 2883 qui
2111 2819 2300 2866 auctor
2344 2811 2558 2866 exstitit
2601 2810 2657 2867 in
2702 2812 2998 2881 creatione,
3034 2813 3158 2869 ideo
3194 2827 3380 2871 curam
3410 2806 3609 2874 nostri

1992 2919 2101 2960 non
2131 2903 2394 2974 praeterit.
2424 2886 2578 2960 Unde
2606 2913 2662 2959 et
2688 2914 2815 2975 apte
2839 2905 3156 2977 subjungit:

2362 2988 2371 2995 ’
2580 2996 2807 3054 CAPUT
2846 2996 2990 3053 XXI.

2064 3091 2229 3147 Vsus.
2260 3089 2495 3147 14η-8ί
2515 3092 2762 3146 diremerit
2793 3091 2861 3146 ad
2892 3108 3008 3146 eum
3036 3108 3125 3146 cor
3150 3108 3320 3160 suum,
3346 3095 3582 3167 spiritum

1989 3187 2131 3241 illius
2174 3195 2220 3240 et
2240 3188 2425 3255 ﬂatum
2452 3185 2519 3238 ad
2540 3201 2593 3239 se
2623 3185 2810 3240 trahet.

1912 3309 1958 3372 ο
2061 3280 2222 3352 783
2260 3279 2349 3334 47.
2372 3278 2548 3349 Curva
2575 3279 2841 3335 hominum
2867 3297 3054 3349 coraa,
3100 3301 3217 3337 cum
3254 3288 3394 3351 uult,
3425 3286 3494 3338 ad
3532 3301 3587 3340 se

1993 3376 2254 3446 erigenda,
2292 3375 2489 3446 dirigit.
2509 3372 2823 3429 —Curvum
2851 3389 2947 3431 cor
2965 3384 3051 3431 est
3076 3390 3197 3432 cum
3224 3376 3333 3432 ima
3357 3380 3583 3448 appetit,

1993 3472 2241 3543 dirigitur
2269 3483 2393 3526 cum
2420 3469 2487 3523 ad
2518 3484 2751 3538 superna
2778 3470 3114 3525 sublevatur.
3146 3471 3205 3526 Si
3243 3486 3372 3542 ergo
3420 3471 3585 3530 homo

1993 3577 2088 3620 cor
2113 3578 2271 3619 suum
2298 3562 2365 3617 ad
2405 3561 2688 3616 Dominum
2736 3560 2948 3631 dirigit,
3000 3563 3247 3632 spiritum
3292 3571 3349 3617 et
3393 3562 3581 3619 ﬂatum

1946 3680 1965 3699 κ
1993 3659 2141 3713 illius
2172 3650 2431 3712 Dominus
2458 3654 2526 3710 ad
2554 3668 2615 3709 se
2648 3653 2835 3733 trahit.
2879 3653 3137 3724 Spiritum
3188 3654 3439 3711 videlicet
3470 3671 3583 3725 pro

1993 3749 2220 3805 internis
2250 3745 2696 3818 cogitationibus,
2730 3744 2917 3800 ﬂatum
2946 3760 3075 3802 vero
3114 3746 3205 3816 qui
3248 3761 3343 3818 per
3383 3762 3583 3817 corpus

1995 3840 2245 3909 trahitur,
2273 3837 2297 3876 ά
2326 3854 2428 3910 pro
2456 3838 2699 3895 externis
2745 3838 3047 3894 actionibus
3096 3838 3266 3909 ponit.
3313 3839 3426 3895 Deo
3455 3854 3588 3909 ergo

1991 3936 2237 4009 spiritum
2267 3932 2500 3989 hominis
2527 3941 2584 3988 et
2611 3931 2795 3987 ﬂatum
2818 3947 2849 3986 a
2879 3946 2939 3986 se
2971 3932 3187 3988 trahere
3226 3941 3311 3987 est
3349 3934 3417 3987 ad
3445 3932 3585 3988 con-

1993 4018 2297 4084 versionem
2343 4014 2426 4080 sui
2464 4023 2719 4081 desiderii
2748 4030 2803 4079 et
2834 4023 3088 4079 interiora
3122 4032 3305 4080 nostra
3350 4035 3406 4080 et
3433 4036 3587 4099 exte-

1992 4123 2138 4177 riora
2166 4129 2516 4184 commutare,
2544 4128 2603 4173 ut
2629 4116 2763 4180 nihil
2788 4117 2902 4187 jam
2933 4117 3101 4175 menti
3128 4117 3369 4173 exterius
3391 4117 3581 4186 libeat,

1993 4214 2128 4269 nihil
2160 4226 2285 4267 caro
2312 4210 2557 4276 inferius,
2591 4212 2674 4266 vel
2705 4211 2751 4266 si
2776 4212 3022 4280 appetit,
3055 4210 3281 4281 adipisci
3314 4221 3584 4281 conetur;

1998 4308 2095 4364 sed
2122 4314 2285 4363 omne
2313 4305 2456 4377 quod
2488 4307 2649 4362 homo
2679 4311 2765 4361 est
2792 4306 2860 4359 ad
2887 4320 3010 4361 eum
3033 4305 3282 4361 videlicet
3308 4320 3339 4361 a
3361 4322 3468 4377 quo
3503 4316 3587 4364 est

1994 4412 2048 4456 et
2075 4401 2311 4457 interius
2340 4399 2694 4455 desiderando
2736 4398 2976 4461 ferveat,
3018 4408 3071 4454 et
3100 4399 3335 4454 exterius
3372 4414 3432 4455 se
3460 4399 3587 4456 edo~

1995 4494 2190 4565 mando
2211 4492 2563 4561 constringat.
2596 4489 2750 4548 Unde
2782 4498 2835 4545 et
2863 4498 2985 4558 apte
3017 4489 3332 4561 subjungit:

2390 4582 2621 4639 CAPUT
2658 4580 2803 4637 xxu
2843 4579 2993 4653 mea.
3036 4577 3204 4651 x11].

2068 4677 2237 4735 Vens.
2261 4677 2349 4734 15.
2376 4705 2445 4719 --
2468 4675 2685 4745 Deﬁciet
2725 4676 2892 4731 omnis
2921 4691 3044 4730 caro
3067 4673 3224 4730 simul
3241 4717 3256 4743 ,
3281 4685 3328 4731 et
3352 4676 3503 4732 homo
3529 4678 3583 4733 in

2000 4772 2223 4826 cinerem
2251 4779 2547 4825 revertetur.

2073 4860 2163 4917 £8.
2191 4860 2332 4917 Tunc
2353 4877 2473 4915 caro
2493 4860 2711 4929 deﬁciet,
2733 4869 2781 4915 et
2811 4862 2962 4916 homo
2989 4861 3042 4915 in
3067 4861 3288 4918 cinerem
3308 4879 3399 4934 per
3423 4863 3589 4917 humi-

1998 4958 2195 5013 litdtem
2221 4960 2512 5014 revertitur.
2535 4986 2607 4999 —
2626 4958 2798 5015 Simul
2824 4961 2969 5016 enim
2998 4961 3175 5016 omnis
3219 4974 3346 5015 caro
3373 4958 3589 5026 deficit,
3664 5018 3665 5021 η

1996 5051 2211 5121 quando
2231 5051 2342 5121 jam
2374 5050 2534 5105 nullis
2564 5050 2677 5105 suis
2701 5051 2943 5106 moribus
2988 5050 3197 5118 servit,
3228 5050 3353 5121 quia
3395 5047 3588 5118 ρι’ωεί-

1997 5144 2132 5201 dens
2162 5143 2383 5215 spiritus
2404 5152 2594 5200 cuncta
2620 5143 2736 5214 ejus
2766 5144 2907 5200 ﬂuxa
2938 5144 3237 5215 restringit,
3269 5153 3324 5198 et
3351 5142 3584 5212 quodam

2001 5237 2351 5293 districtionis
2378 5250 2487 5292 sua:
2516 5222 2694 5308 gladio
2724 5251 2884 5292 omne
2908 5236 3054 5306 quod
3078 5236 3129 5296 in
3161 5235 3249 5289 illa
3279 5233 3419 5288 male
3443 5231 3591 5286 vive-

2000 5333 2115 5400 ‘hat,
2145 5332 2421 5389 interﬁcit.
2448 5332 2559 5388 Hoc
2585 5331 2839 5388 nimirum
2868 5331 3163 5398 disciplina:
3186 5325 3365 5397 gladio
3396 5331 3590 5379 semet-

2017 5427 2197 5496 ipsum
2222 5424 2484 5482 Jeremias
2502 5423 2867 5489 interfecerat,
2889 5437 3007 5476 cum
3031 5419 3282 5475 dicebat:
3311 5416 3592 5488 Postquam

2005 5519 2299 5574 convertisti
2328 5535 2431 5585 me,
2463 5517 2545 5589 egi
2572 5515 2953 5588 paenitentiam;
2982 5522 3027 5568 et
3058 5522 3332 5582 postquam
3370 5510 3585 5568 ostendi-

2010 5636 2062 5690 in
2094 5635 2435 5707 quihusdam,
2461 5632 2591 5688 licet
2616 5628 2801 5702 paucis
2835 5639 2891 5687 et
2934 5627 3341 5697 minutissimis,
3385 5630 3583 5689 (Περι-ο·

2005 5718 2156 5778 paret
2167 5750 2179 5762 .

2079 5789 2103 5817 ε
2136 5780 2249 5840 ΑΙ..
2282 5777 2335 5828 in
2366 5773 2598 5829 occultis.

2076 5848 2104 5887 ιι
2142 5848 2342 5904 Vitiose
2366 5846 2417 5901 in
2446 5845 2601 5903 Rern.
2628 5845 2754 5917 Ed.,
2789 5861 2884 5917 pro
2914 5843 3114 5903 retentis
3133 5844 3441 5901 actionibus.
