4024 6352
503 336 606 395 515

1697 334 1942 397 SANCTI
1981 332 2308 395 GREGORII
2348 335 2577 397 MAGNI'

3631 336 3727 394 διε

501 457 567 509 sti
592 457 718 509 mihi
748 454 974 524 percussi
1000 460 1167 525 femur
1186 462 1355 508 meum
1380 453 1597 525 (Jerem.
1629 470 1773 519 aut,
1802 457 1917 527 49).
1942 454 2079 523 Quid
2110 455 2161 514 Δ
2186 462 2325 507 tasse
2347 462 2558 507 acutum
2588 451 2788 521 aliquid
2818 452 3093 519 sontium,
3123 449 3249 506 inde
3295 428 3412 503 mos
3460 449 3523 504 ad
3559 451 3727 509 vitium

500 551 643 604 enim
687 551 738 603 in
785 550 1020 611 femore,
1054 548 1155 602 nisi
1182 549 1425 615 voluptas
1454 551 1631 604 carnis
1673 551 1970 619 accipitur?
2012 550 2078 604 Et

464 674 471 681 ι
500 640 625 707 quid
652 648 735 694 est
758 638 901 708 quod
931 639 1005 691 ait
1031 656 1043 689 :
1078 636 1357 705 Postquam
1382 630 1647 693 ostendiin
1674 642 1817 703 mihi,
1852 642 2080 708 percussi

500 731 665 801 femur
694 748 889 799 meum,
914 732 1013 785 nisi
1039 732 1183 799 Quod
1212 740 1492 799 postquam
1516 746 1742 797 superna
1772 733 2081 801 spiritaliter

500 824 650 889 vidit,
678 838 837 878 omne
863 820 1005 891 quod
1032 823 1084 875 in
1109 835 1167 876 se
1194 824 1417 876 inferius
1440 824 1725 878 carnaliter
1754 823 1965 878 vivebat
1985 837 2078 877 ex-

499 912 703 976 stinxit,
740 923 793 965 ut
822 922 1021 981 quanto
1052 913 1218 981 magis
1261 928 1466 966 summa
1516 923 1886 981 patescerent,
1930 924 2079 968 tanto

497 1005 724 1071 a'mplius
754 1006 856 1057 ima
888 1019 1007 1073 qua:
1038 1013 1405 1059 tenueratnon
1430 1006 1691 1060 liberent?
1716 1006 1846 1060 Nam
1870 1017 2076 1075 quanto

497 1096 676 1164 incipit
719 1096 941 1165 quisque
996 1097 1236 1166 superius
1285 1092 1498 1166 vivere,
1554 1106 1706 1152 tanto
1754 1111 1807 1153 et
1857 1099 2078 1154 inchoat

496 1186 716 1243 inferius
766 1191 1007 1244 interire.
1055 1190 1214 1244 Juxta
1262 1191 1511 1244 affectum
1562 1206 1792 1260 namque
1843 1194 2075 1247 carnalis

494 1284 820 1350 operationis
849 1283 1022 1337 omnis
1051 1298 1174 1338 caro
1204 1284 1350 1338 Pauli
1400 1284 1560 1339 simul
1608 1286 1919 1350 interierat,
1952 1301 2074 1339 cum

493 1358 746 1427 dicebat:
789 1374 913 1427 Viuo
938 1386 1106 1427 autem
1126 1377 1240 1445 jam
1285 1392 1388 1429 non
1434 1392 1561 1445 ego,
1602 1377 1719 1430 uiuit
1747 1392 1863 1430 vero
1907 1379 1962 1430 in
1998 1394 2078 1430 me

494 1464 722 1518 Christus
754 1464 949 1534 (Galat.
978 1482 1035 1531 tt,
1062 1465 1175 1535 29).
1714 1516 1721 1523 .

562 1555 705 1628 [Vet.
740 1558 843 1611 XX
856 1557 961 1611 VII
976 1556 1014 1628 .]
1037 1558 1125 1613 49.
1159 1558 1405 1612 Peccator
1420 1560 1750 1614 mortalitatis
1767 1577 1873 1615 suae
1894 1563 2075 1615 oblivi-

489 1651 668 1714 scitur,
720 1668 864 1703 secus
899 1651 1363 1721 justam—Bene
1415 1654 1581 1707 etiam
1613 1654 1733 1708 Eliu
1786 1656 1892 1709 hoc
1958 1656 2077 1710 loco

488 1743 723 1798 subdidit
751 1762 764 1798 :
801 1743 865 1797 Et
894 1745 1047 1799 homo
1085 1746 1139 1799 in
1183 1748 1405 1800 cinerem
1432 1757 1730 1802 revertetur.
1762 1748 1819 1802 In
1853 1761 2077 1817 peccato

2183 544 2427 598 elationis
2448 554 2751 613 erumpant,
2778 557 3072 613 sensusque
3093 542 3332 596 omnium
3352 540 3404 594 in
3432 541 3513 594 sui
3530 556 3725 613 compa—

2181 638 2389 700 ratione
2419 637 2733 706 despiciant,
2764 652 2929 705 seque
2957 637 3010 690 in
3040 649 3139 690 suo
3154 633 3355 704 judicio
3376 632 3590 688 aliorum
3621 651 3725 693 me-

2182 729 2297 784 ritis
2346 738 2696 798 anteponant.
2743 729 2943 794 Quibus
2986 726 3245 795 contingit
3284 725 3489 781 miseris
3528 738 3581 781 ut
3626 728 3731 798 plus

2180 820 2411 875 videndo
2438 821 2835 884 tenebrescant,
2857 820 2981 889 quia
3010 819 3134 872 dum
3174 804 3391 874 subtilia
3435 822 3729 887 attendunt,

2180 914 2495 980 semetipsos
2540 912 2733 966 intueri
2786 896 3069 985 nesciunt;
3112 919 3167 966 et
3203 924 3310 980 quo
3350 908 3732 979 intelligentiam

2180 1006 2208 1044 δ
2233 1008 2441 1061 acutius
2466 1004 2797 1076 percipiunt,
2838 1020 2903 1060 eo
2933 1019 3029 1073 per
3058 990 3363 1073 superbiam
3392 1001 3622 1058 deterius
3648 1018 3730 1059 ca-

2178 1100 2328 1154 dunt.
2361 1102 2461 1166 Qui
2486 1101 2621 1155 bene
2647 1100 2861 1169 quidem
2884 1099 3099 1154 subtilia
3122 1092 3513 1167 conspicerent,
3535 1098 3580 1152 si
3604 1099 3652 1153 in
3675 1113 3734 1154 eo

2178 1192 2317 1260 quod
2348 1194 2622 1259 proferunt
2648 1205 2709 1245 sc
2740 1190 3006 1246 viderent.
3057 1189 3319 1260 Superius
3362 1204 3587 1258 namque
3629 1189 3736 1245 Eliu

2178 1284 2421 1338 dixerat:
2453 1285 2512 1339 Si
2538 1285 2691 1339 habes
2721 1285 2857 1354 quod
2893 1268 3152 1354 loquaris,
3186 1287 3436 1353 responde
3474 1282 3633 1336 mihi:
3662 1285 3736 1337 lo-

2176 1392 2349 1445 quere,
2372 1377 2485 1430 volo
2510 1377 2643 1429 enim
2670 1385 2718 1429 te
2746 1393 2996 1446 apparere
3026 1378 3232 1446 justum
3266 1374 3394 1444 (Job
3418 1391 3608 1441 χχχιιι,
3635 1374 3737 1446 52).

2179 1467 2327 1537 Nunc
2353 1477 2531 1522 autem
2560 1467 2636 1521 ait
2661 1485 2673 1519 :
2701 1466 2762 1537 Si
2794 1467 2944 1521 habes
2969 1467 3305 1534 intellectum,
3329 1467 3453 1521 audi
3473 1469 3605 1537 quad
3626 1466 3740 1522 dici-

2181 1568 2283 1615 tur.
2315 1560 2453 1613 Ecce
2497 1560 2765 1629 quomodo
2815 1560 3082 1629 paulisper
3125 1560 3285 1615 elatio
3328 1575 3422 1629 per
3468 1559 3739 1615 verborum

2178 1650 2506 1705 incrementa
2568 1652 2795 1723 prolicit.
2845 1650 3105 1720 Superius
3156 1650 3417 1705 dubitavit
3465 1650 3509 1705 si
3572 1661 3739 1719 posset

2184 1726 2371 1796 beatus
2399 1742 2499 1797 Job
2529 1743 2765 1821 proferre
2794 1743 2937 1813 quod
2963 1742 3171 1813 justum
3199 1752 3310 1810 est;
3339 1759 3479 1799 nunc
3508 1759 3633 1799 vero
3672 1744 3742 1799 di-

485 1833 626 1887 enim
650 1839 873 1905 quisque
904 1835 1107 1904 positus
1130 1838 1474 1893 mortalitatis
1497 1853 1609 1894 sua:
1632 1840 1993 1906 obliviscitur,
2018 1850 2075 1896 et
2105 1842 2155 1901 Β
2178 1835 2341 1888 εειιιὶι
2370 1835 2415 1888 Si
2462 1835 2563 1889 hoc
2604 1836 2742 1902 Quod
2790 1835 2987 1889 dicitur
3015 1838 3205 1895 saltem
3239 1838 3405 1905 possit
3437 1836 3643 1891 audire.
3676 1836 3760 1891 lbi»

487 1935 682 1980 terram
712 1942 770 1981 se
798 1942 915 1981 esse
946 1943 1049 1981 non
1081 1929 1361 1995 meminit,
1386 1930 1511 1984 dum
1541 1931 1716 1986 adhuc
1759 1947 1854 2001 per
1885 1948 2072 2002 super-

484 2014 623 2071 biam
655 2017 888 2071 inﬂatur.
921 2019 1045 2074 Post
1074 2022 1447 2076 conversionis
1478 2038 1607 2078 vero
1651 2039 1763 2078 sua:
1801 2027 2030 2093 gratiam
2054 2066 2069 2090 ,

482 2118 604 2159 cum
634 2105 948 2162 humilitatis
992 2112 1181 2179 Spiritu
1227 2115 1482 2183 tangitur,
1514 2115 1640 2183 quid
1673 2130 1796 2169 esse
1824 2132 1884 2169 se
1923 2117 2067 2170 aliud
2102 2186 2103 2189 η

482 2212 638 2266 cpiam
686 2198 925 2254 cinerem
958 2203 1312 2257 recordatur?
1357 2204 1475 2258 Jant
1526 2206 1579 2259 in
1627 2206 1862 2262 cinerem
1906 2209 2070 2262 David

483 2302 732 2344 reversus
777 2291 983 2357 fuerat,
1030 2310 1151 2347 cum
1194 2296 1447 2350 dicebat:
1482 2296 1767 2361 Memento,
1818 2299 2069 2366 Domine,

480 2379 616 2448 quod
645 2380 811 2449 pulvis
841 2401 1015 2437 sumus
1046 2385 1216 2455 (Psat.
1248 2404 1346 2455 cu,
1382 2389 1495 2458 15).
1526 2391 1795 2444 Abraham
1833 2394 1884 2444 iu
1916 2392 2079 2447 cine-'

483 2485 595 2525 rem
648 2488 894 2528 reversus
940 2478 1141 2542 luerat,
1174 2480 1397 2535 dicens:
1429 2480 1634 2551 Loquar
1679 2484 1745 2535 ad
1794 2464 2071 2538 Dominum

481 2576 671 2631 meum,
704 2582 819 2621 cum
845 2570 940 2622 sim
973 2572 1138 2640 puluis
1161 2585 1208 2627 et
1228 2575 1357 2627 cinis
1389 2573 1595 2646 (Cenes.
1622 2592 1771 2640 svnt,
1797 2577 1909 2647 27).
1939 2580 2071 2632 Etsi

483 2656 749 2712 viventem
772 2676 989 2715 carnem
1018 2678 1224 2720 necnon
1258 2667 1309 2718 in
1346 2675 1487 2721 terra
1515 2670 1662 2721 mors
1686 2668 1940 2736 solverat,
1970 2668 2072 2724 hoc

482 2753 657 2802 tamen
686 2751 824 2819 apud
855 2766 917 2807 se
942 2764 1133 2823 erant,
1161 2759 1303 2827 quod
1334 2774 1392 2812 se
1423 2758 1635 2813 futuros
1683 2761 1886 2830 absque
1918 2762 2071 2815 dubi-

482 2842 682 2896 tatione
740 2847 1125 2913 prmvideliant.
1184 2850 1318 2905 Iliuc
1376 2852 1508 2907 alias
1560 2854 1757 2908 dicitur
1798 2871 1812 2907 :
1854 2856 2070 2923 Auferes

479 2932 715 2997 spiritum
744 2952 938 3003 eorum,
973 2947 1019 2990 et
1048 2938 1285 3008 deﬁcient
1305 2982 1322 3007 ,
1355 2950 1402 2994 et
1431 2944 1481 2995 in
1511 2944 1773 3009 pulverem
1802 2961 1952 2998 suum
1980 2962 2067 2999 re-

480 3032 739 3077 vertuntur
770 3024 944 3095 (Psal.
991 3044 1078 3083 cur
1102 3071 1117 3093 ,
1148 3029 1262 3098 29).
1306 3033 1407 3097 Qui
1448 3044 1626 3087 autem
1668 3034 1893 3100 spiritus
1919 3076 1931 3095 ,
1966 3036 2068 3088 nisi

480 3116 693 3182 spiritus
720 3117 985 3186 superbiae
1017 3121 1365 3176 nominatur?
1394 3124 1639 3179 Tollatur
1677 3140 1805 3195 ergo
1844 3128 2067 3194 spiritus

2177 1925 2311 1979 dixit
2338 1944 2349 1977 :
2387 1924 2447 1981 Si
2476 1925 2632 1980 habes
2683 1928 2819 1994 quod
2851 1926 3110 1996 loquaris,
3141 1931 3397 1995 responde
3439 1930 3583 1983 mihi.
3613 1930 3687 1985 Ac‘
3709 1930 3745 1983 si

2176 2017 2421 2071 diceret:
2457 2016 2547 2070 Dic
2599 2017 2815 2087 aliquid,
2840 2019 2885 2073 si
2931 2028 3105 2074 tamen
3154 2020 3350 2091 dignus
3400 2024 3593 2090 poteris
3639 2035 3748 2076 esse

2176 2110 2263 2176 qui
2297 2109 2464 2163 dicas.
2501 2110 2593 2163 Hic
2617 2122 2793 2166 autem
2825 2111 2937 2166 ait:
2971 2112 3033 2169 Si
3058 2112 3211 2167 habes
3240 2116 3586 2179 intellectum,
3631 2115 3744 2166 audi

2175 2203 2310 2271 quod
2338 2202 2545 2259 dicitur.
2580 2208 2657 2257 Ac
2681 2202 2723 2257 si
2752 2216 2936 2273 aperte
2976 2206 3149 2260 dicat:
3179 2205 3316 2261 Audi
3358 2223 3463 2272 me,
3494 2207 3535 2259 si
3580 2210 3743 2260 tamen

2176 2294 2365 2364 dignus
2400 2293 2599 2363 poteris
2626 2292 2747 2373 esse
2792 2298 2882 2366 qui
2928 2297 3137 2351 audias.
3172 2299 3263 2352 Is‘ti
3305 2308 3432 2354 sunt
3474 2296 3751 2369 quotidiani

2176 2388 2451 2454 defectus,
2482 2389 2574 2458 qui
2609 2388 2661 2442 in
2699 2390 2952 2447 cordibus
2983 2393 3335 2461 reproborum
3372 2397 3536 2459 Iiunt,
3578 2394 3751 2460 quibus

2178 2478 2547 2535 indesinenter
2575 2481 2641 2534 ad
2672 2481 2936 2537 deteriora
2967 2482 3327 2551 descendunt,
3358 2486 3482 2555 quia
3504 2486 3626 2540 dum
3656 2485 3749 2538 mi-

2176 2588 2305 2627 nora
2341 2576 2551 2631 incaute
2601 2576 2909 2645 negligunt,
2955 2578 3021 2631 ad
3063 2578 3265 2647 majora
3308 2579 3608 2648 perniciose
3643 2592 3751 2647 pro-
3826 2586 3829 2591 '

2176 2676 2451 2736 rumpunt.
2481 2669 2601 2724 Jam
2630 2680 2685 2724 et
2716 2670 2815 2723 hoc
2837 2669 2904 2723 de
2943 2670 3192 2738 superbia
3223 2669 3404 2725 fuerat
3428 2714 3443 2737 ,
3474 2670 3610 2741 quod
3640 2670 3752 2725 bea-

2178 2769 2287 2813 tum
2318 2760 2420 2814 Job
2452 2760 2503 2813 id
2540 2760 2682 2829 quod
2724 2762 2927 2830 justum
2971 2771 3054 2817 est
3089 2762 3233 2832 loqui
3264 2774 3426 2833 posse
3468 2762 3750 2818 dubitabat.

2177 2850 2284 2904 Sed
2312 2851 2436 2904 dum
2469 2852 2603 2905 hanc
2630 2853 2683 2905 in
2707 2852 2998 2923 semetipso
3024 2854 3376 2911 considerare
3412 2855 3628 2928 negligit
3646 2897 3663 2924 ,
3691 2850 3755 2909 ad

2177 2944 2432 3011 nequiora
2473 2944 2736 3013 pervenit,
2773 2952 2966 3000 utnon
3018 2947 3191 3002 solum
3238 2964 3399 3016 posse
3443 2950 3508 3003 ab
3552 2963 3616 3005 eo
3656 2945 3752 3003 dici

2175 3037 2313 3104 quod
2333 3037 2535 3106 justum
2561 3053 2641 3092 ρει
2664 3039 2893 3106 dubitet,
2920 3040 3016 3095 sed
3040 3042 3198 3096 etiam
3230 3042 3502 3098 dicentem
3536 3056 3595 3097 se
3620 3042 3750 3111 justa

2176 3129 2243 3183 ab
2265 3145 2329 3183 eo
2355 3128 2573 3199 intelligi
2596 3118 2764 3200 posse
2784 3132 3059 3203 desperet.
3100 3126 3254 3191 Unde
3282 3136 3477 3191 vitium
3503 3133 3759 3204 superbiae"

480 3220 666 3261 eorum
692 3221 748 3262 ut
776 3210 1048 3281 deliciam,
1080 3213 1132 3268 id
1155 3226 1238 3270 est
1262 3216 1525 3272 subducto
1554 3220 1821 3287 superbiae
1849 3222 2063 3290 spiritu,
2096 3224 2144 3287 ο
2175 3220 2242 3273 ab
2274 3220 2385 3287 ipsa
2412 3237 2531 3274 mox
2568 3223 2748 3277 radice
2790 3224 3082 3285 secandum
3129 3235 3239 3293 est,
3287 3235 3350 3281 ιιι
3389 3241 3511 3282 cum
3543 3227 3753 3281 latenter

481 3299 614 3353 nihil
643 3316 701 3355 se
726 3302 793 3356 de
813 3317 873 3357 se
894 3319 1014 3359 esse
1039 3319 1387 3373 cognoscant.
1418 3310 1483 3363 Et
1506 3320 1845 3364 revertantur
1874 3312 1928 3364 in
1954 3315 2069 3378 pul-

480 3404 685 3456 verem,
736 3394 789 3447 id
838 3405 920 3449 est
966 3395 1317 3453 humilientur
1363 3417 1429 3453 ex
1475 3401 1689 3455 inﬁrma
1736 3402 2068 3457 conditione.

480 3478 706 3550 Propter
734 3482 876 3538 hunc
905 3485 1203 3554 pulverem,
1225 3489 1291 3541 ad
1323 3488 1484 3559 cujus
1514 3494 1832 3545 memoriam
1859 3494 1949 3561 qui
1987 3508 2072 3545 se-

484 3574 741 3644 metipsos
796 3578 1142 3633 considerant
1187 3568 1528 3647 revocantur,
1592 3598 1686 3650 per
1740 3584 2068 3652 Sapientiam

481 3663 710 3720 dicitur:
741 3667 775 3720 .Ι
784 3671 882 3722 usti
910 3671 1211 3742 fulgebunt,
1256 3684 1301 3726 et
1330 3677 1461 3727 sicut
1485 3675 1727 3729 scinillte
1768 3678 1823 3729 in
1858 3679 2072 3731 arundi-

479 3766 599 3810 neto
627 3760 908 3814 discurrent
938 3761 1091 3832 (Sap.
1127 3779 1222 3829 ιιι,
1256 3764 1334 3830 7).
1372 3767 1552 3820 Sancti
1603 3769 1745 3820 enim
1798 3768 1894 3821 viri
1943 3769 2068 3822 dum

482 3853 853 3915 peccatoribus
879 3856 1289 3920 permiscentur,
1314 3870 1410 3910 eos
1440 3857 1812 3926 exemplorum
1845 3875 2066 3914 suorum

479 3938 601 4008 igne
630 3942 984 4008 succendunt,
1010 3953 1037 3982 ι
1070 3956 1231 4029 atque
1256 3960 1418 4001 omne
1438 3948 1582 4016 quod
1606 3948 1812 4015 nitent,
1838 3950 1891 4003 itt
1915 3952 2066 4025 cine-

479 4044 595 4085 rem
623 4032 891 4102 redigunt,
924 4036 1044 4104 quia
1076 4037 1286 4105 pietatis
1317 4039 1535 4094 ﬂamma
1565 4044 1912 4111 consumpti,
1941 4046 2066 4099 dum

480 4121 849 4178 inﬁrmitatem
882 4127 1203 4182 conditionis
1235 4144 1345 4183 suae
1376 4132 1736 4200 conspiciunt,
1765 4134 1896 4188 nihil
1927 4136 2067 4190 aliud

479 4230 639 4284 quam
663 4217 896 4272 favillam
922 4235 982 4275 se
1003 4236 1122 4276 esse
1142 4235 1496 4293 cognoscunt,
1523 4234 1631 4279 uta
1663 4229 1931 4295 superbia:
1958 4246 2068 4286 sua:

481 4309 678 4364 duritia
705 4313 945 4377 resoluti,
980 4329 1076 4384 per
1109 4316 1479 4383 paenitentiam
1513 4319 1692 4374 dicant
1737 4321 1788 4375 id
1819 4324 1958 4391 quod
1982 4340 2070 4377 su-

481 4417 574 4472 pra
606 4406 924 4472 protulimus
954 4427 965 4461 :
996 4409 1271 4475 Memento,
1298 4410 1533 4482 Domine,
1558 4416 1674 4482 quia
1700 4417 1865 4482 pulvis
1890 4434 2069 4475 sumus

481 4494 653 4566 (Psal.
682 4512 775 4563 cn,
803 4500 914 4567 15).
944 4492 1110 4573 784,
1138 4504 1279 4557 Bene
1305 4519 1435 4574 ergo
1464 4504 1661 4560 dicitur
1690 4508 1809 4575 quia
1839 4524 1958 4562 cum
1999 4511 2065 4564 ad

2174 3312 2367 3375 oritur,
2397 3323 2520 3367 tunc
2540 3310 2823 3383 vigilanter
2846 3315 3177 3384 abscidatur,
3202 3334 3269 3373 ne
3290 3328 3556 3387 provectu
3573 3319 3750 3388 vigeat,

2144 3394 2147 3397 ’
2178 3416 2244 3455 ne
2274 3417 2371 3457 usu
2404 3404 2703 3460 roboratur.
2729 3406 2958 3464 Difﬁcile
2979 3410 3123 3464 enim
3174 3410 3229 3464 in
3256 3422 3319 3467 se
3351 3410 3580 3481 quisque
3621 3412 3754 3465 inve—
3824 3430 3827 3433 ·
3866 3466 3867 3475 χ

2177 3506 2398 3549 teratavn
2441 3498 2749 3566 superbiam
2780 3498 3161 3568 deprehendit,
3193 3500 3321 3570 quia
3370 3500 3620 3557 nimirum
3661 3500 3752 3554 hoc

2180 3591 2366 3645 vitium
2394 3602 2600 3661 quanto
2630 3593 2801 3662 magis
2832 3594 3085 3663 patimur,
3116 3603 3265 3649 tanto
3291 3597 3475 3651 minus
3499 3596 3745 3651 videmus.

2174 3684 2264 3739 Sic
2292 3684 2491 3753 quippe
2524 3687 2575 3739 in
2603 3686 2785 3741 mente
2818 3686 3091 3755 superbia,
3119 3686 3261 3742 sicut
3298 3687 3353 3743 in
3385 3689 3557 3744 oculis
3598 3685 3753 3754 caligo

2172 3785 2478 3843 generatur.
2500 3776 2617 3842 Quo
2640 3791 2698 3831 se
2726 3775 2842 3831 haec
2872 3776 3030 3833 latius
3052 3776 3263 3843 dilatat,
3291 3792 3361 3833 eo
3389 3778 3757 3835 vehementius

2173 3866 2352 3920 lumen
2382 3874 2651 3936 angustat.
2687 3867 2962 3936 Paulisper
2991 3882 3119 3938 ergo
3159 3869 3333 3924 elatio
3355 3871 3410 3926 in
3452 3867 3755 3942 pratcordus

2173 3956 2385 4023 crescit,
2416 3965 2471 4009 et
2491 3970 2611 4011 cum
2643 3971 2702 4012 se
2731 3959 2934 4012 vastius
2964 3959 3293 4025 extenderit,
3319 3974 3597 4031 oppressa:
3619 3972 3757 4015 men-

2175 4048 2243 4099 tis
2266 4048 2479 4099 oculum
2503 4046 2738 4102 funditus
2757 4050 2977 4113 claudit,
2997 4057 3056 4104 ut
3078 4052 3327 4117 captivus
3347 4051 3565 4106 animus
3588 4059 3756 4119 typum

2174 4135 2419 4190 elationis
2448 4145 2502 4190 et
2531 4139 2637 4206 pati
2670 4139 2873 4205 possit,
2908 4148 2963 4194 et
2993 4146 3171 4193 tamen
3204 4141 3254 4194 id
3285 4143 3433 4209 quod
3467 4143 3661 4213 patitur
3689 4139 3759 4191 vi-

2154 4229 2302 4295 ,dere
2334 4240 2438 4283 non
2472 4230 2657 4298 possit.
2693 4229 2799 4285 Sed
2832 4232 2952 4301 quia
2976 4242 3291 4302 arrogantes
3317 4236 3425 4289 viri
3451 4234 3751 4304 aliquando,

2174 4330 2232 4375 ut
2252 4321 2507 4387 diximus,
2532 4330 2677 4378 recta
2696 4337 2802 4378 non
2825 4330 2972 4379 reete
3001 4326 3260 4391 sentiunt,
3286 4335 3341 4381 et
3362 4327 3503 4382 bona
3529 4325 3763 4381 invenire

2177 4422 2455 4475 noverunt,
2488 4414 2581 4468 sed
2616 4414 2731 4469 haec
2762 4415 2897 4470 bene
2941 4416 3182 4485 proferre
3225 4426 3584 4475 contemnunt
3607 4461 3621 4485 ,
3653 4417 3759 4471 Elin

2177 4514 2294 4573 post
2328 4506 2579 4560 elationis
2606 4516 2823 4576 typum,
2858 4523 2963 4578 quo
2994 4510 3243 4565 dixerat:
3277 4511 3339 4567 Si
3368 4513 3529 4567 habes
3568 4512 3761 4566 intelle-

410 4620 419 4639 .
480 4600 541 4640 se
570 4587 817 4655 Spiritum
849 4590 1079 4647 hominis
1116 4593 1374 4649 Dominus
1421 4597 1615 4667 trahit,
1649 4596 1862 4653 deﬁciet
1890 4603 2066 4655 omnis

2179 4607 2330 4660 ctum,
2360 4598 2484 4649 audi
2503 4598 2636 4664 quod
2658 4599 2869 4662 dicitur,
2904 4580 3082 4656 subtﬁt
3114 4601 3295 4657 dicens
3323 4617 3338 4656 :

480 4693 607 4757 caro
659 4680 851 4746 simul,
886 4692 939 4736 et
983 4685 1141 4738 homo
1187 4686 1242 4738 in
1285 4688 1520 4742 cinerem
1560 4700 1876 4747 revertetur.
1914 4693 2064 4765 [Rec.

456 4768 682 4853 \Xlll.)
716 4771 839 4826 Haec
860 4773 982 4828 Eliu
1009 4785 1063 4828 et
1096 4792 1218 4830 vera
1247 4789 1369 4832 sunt
1394 4789 1449 4834 et
1488 4796 1676 4850 magna
1697 4825 1711 4847 ,
1758 4798 1879 4852 qua:
1906 4784 2062 4849 dicit;

481 4865 575 4919 sed
606 4871 725 4934 quia
755 4868 893 4923 male
924 4884 1047 4923 mox
1078 4887 1141 4924 ex
1174 4887 1240 4926 eo
1265 4875 1405 4940 quod
1437 4874 1572 4928 bene
1595 4878 1764 4929 sensit
1788 4860 2063 4944 intumuit,

480 4960 660 5014 verbis
689 4963 1036 5028 sequentibus
1058 4965 1258 5033 prodit,
1286 4967 1474 5020 dicens
1500 4984 1515 5021 :

444 5040 449 5059 ¹
570 5130 575 5131 7
796 5050 1023 5108 CAPUT
1064 5053 1227 5109 XXIII
1268 5057 1409 5129 [νει.
1444 5058 1751 5131 XXVIII].

554 5130 712 5198 Vsus.
746 5130 832 5198 i6.
856 5174 926 5184 —
956 5144 1017 5201 Si
1046 5146 1197 5200 habes
1232 5164 1351 5219 ergo
1380 5130 1727 5216 intellectum,
1751 5140 1877 5205 audi
1926 5156 2065 5217 quod

479 5234 683 5304 dicitur,
717 5242 764 5287 et
797 5237 1032 5290 ausculta
1054 5254 1229 5293 uocem
1250 5240 1443 5310 eloquii
1477 5243 1596 5295 mei.

549 5325 634 5379 50.
680 5326 902 5396 Superbi
923 5329 1039 5399 plus
1061 5329 1277 5384 videndo
1301 5331 1529 5402 caligant
1553 5343 1601 5386 et
1627 5335 1921 5388 cwcutiunt.
1954 5335 2066 5403 Quo

476 5416 642 5487 magis
662 5419 914 5486 superbia:
943 5419 1120 5473 vitium
1151 5426 1398 5489 patimur,
1429 5424 1593 5476 minus
1623 5423 2066 5481 videmus.—Ha-

478 5506 609 5561 bent
636 5506 737 5563 hoc
774 5512 1047 5581 pr0prium
1091 5527 1282 5568 omnes
1331 5524 1646 5587 arrogantes
1673 5556 1688 5581 ,
1721 5528 1777 5571 ut
1804 5531 1923 5571 cum
1956 5520 2068 5573 for-

609 5668 730 5748 Iiic,
758 5673 1169 5748 praelucentibus
1200 5676 1327 5731 Mss.
1358 5678 1538 5743 Colb.,
1580 5680 1782 5743 Baluz.,
1815 5680 2067 5748 Vindoe.,

484 5739 797 5821 pbroicaet
816 5741 935 5795 aliis
957 5743 1167 5809 Norm.,
1199 5739 1599 5803 emendaviirins
1625 5739 1853 5805 excusos
1877 5752 1926 5806 in
1954 5739 2071 5821 qui;

484 5810 586 5870 bus
633 5810 870 5884 legitur:
894 5827 985 5883 per
1029 5829 1177 5868 omne
1223 5821 1360 5887 quod
1412 5821 1571 5873 nitent
1616 5824 1669 5877 iu
1718 5823 1938 5878 cinerem
1971 5810 2071 5877 ’νε-

2517 4687 2744 4747 CAPUT
2784 4691 2952 4746 xxrv
2995 4691 3143 4764 iret.
3184 4691 3431 4764 XXIX).
3696 4766 3697 4771 γ

2248 4782 2409 4836 Vsus.
2445 4784 2532 4837 17.
2554 4814 2622 4823 -
2644 4783 2897 4855 Nunquid
2917 4788 3005 4853 qui
3028 4802 3132 4841 non
3156 4788 3575 4858 amatjtdicium
3596 4784 3765 4841 sanari

2172 4878 2371 4944 potest?
2401 4878 2673 4942 Quomodo
2702 4889 2756 4932 tu
2784 4896 2900 4933 eum
2927 4882 3016 4951 qui
3035 4883 3216 4950 justus
3242 4891 3314 4936 cst
3343 4882 3404 4935 in
3432 4890 3635 4939 tantum
3651 4896 3761 4934 con-

2170 4968 2382 5021 demnas
2397 4969 2422 5020 ?

2243 5056 2332 5116 51.
2373 5059 2441 5113 In
2482 5061 2714 5114 omnibus
2754 5078 2869 5133 qua:
2907 5062 3125 5117 dicimus
3155 5064 3565 5130 attendendum;
3611 5061 3733 5134 quid
3747 5101 3762 5127 ,

2171 5154 2282 5216 cui,
2315 5155 2522 5222 quando
2560 5166 2609 5210 et
2651 5157 2908 5226 quomodo
2953 5146 3500 5214 dicatur.—Bouam
3551 5156 3760 5228 quidem

2172 5250 2491 5303 sententiam
2542 5250 2799 5319 protulit,
2851 5250 2944 5306 sed
2991 5250 3151 5306 beato
3176 5248 3278 5307 Job
3307 5251 3634 5320 proferenda
3664 5264 3763 5303 non

2174 5338 2292 5393 fuit.
2330 5339 2387 5393 In
2417 5341 2564 5394 omni
2593 5341 2739 5396 enim
2767 5341 2909 5411 quod
2939 5328 3133 5397 dicitur
3175 5357 3525 5410 summopere
3557 5343 3758 5396 intuen-

2174 5431 2299 5486 dum
2331 5442 2415 5487 est
2459 5432 2587 5503 quid
2616 5433 2844 5502 dicatur,
2872 5435 2956 5488 cui
2986 5435 3213 5507 dicatur,
3260 5416 3758 5505 quando-dicatur,

2176 5523 2445 5592 quomodo
2472 5525 2700 5580 dicatur.
2741 5524 2862 5580 Elin
2889 5534 3063 5582 autem
3109 5527 3334 5583 attendit
3366 5527 3499 5598 quid
3529 5526 3727 5583 diceret
3748 5557 3764 5583 9

2181 5689 2538 5829 “gnaram,
2570 5762 2765 5817 cautius
2792 5763 3097 5835 percipiunt.
