4066 6348
325 372 437 446 517
1045 382 1413 440 MORALIUM
1451 382 1577 436 LIB.
1623 380 1810 435 XXIV.
1835 409 1899 420 -—
1942 379 2009 437 IN
2043 372 2270 436 CAPUT
2309 380 2528 438 XXXIII
2567 381 2630 435 B.
2672 336 2803 435 ποθι).
3446 324 3453 345 δ
3489 386 3594 444 318

323 506 420 564 sed
448 505 534 561 cui
561 503 762 558 diceret
790 515 895 555 non
925 498 1168 554 attendit.
1196 500 1385 554 Beatus
1407 499 1605 569 quippe
1623 499 1723 554 Job
1743 511 1893 551 ama-
1924 500 1979 558 Α
2004 497 2262 563 exemplo,
2290 497 2519 575 subditos
2539 497 2594 550 in
2616 513 2838 568 prceceps
2860 495 3129 551 trahat.-—-
3150 498 3281 565 Quia
3312 514 3439 555 vero
3468 516 3591 556 cum

324 599 421 657 bat
452 597 741 669 judicium,
788 596 950 666 785
996 596 1120 663 quia
1146 608 1335 649 causas
1375 608 1500 649 suas
1528 609 1647 649 cum
1680 592 1906 647 Domino

323 704 552 762 pensare
579 686 850 742 subtiliter
878 693 1122 740 noverat.
1156 685 1264 739 Nec
1291 686 1748 740 condemnaverat
1780 699 1903 739 eum

322 784 415 855 qui
441 782 613 850 justus
642 788 744 847 est,
774 779 868 834 sed
896 794 991 832 cur
1018 778 1137 832 sine
1169 784 1392 847 peccato
1418 790 1705 846 percussus
1729 775 1905 829 fuerat

322 875 379 931 in
424 873 613 930 dolore
657 873 861 941 positus
902 884 1025 925 cum
1057 869 1358 923 humilitate
1386 868 1713 939 requirebat.
1748 866 1907 921 Amat

320 966 579 1037 judicium
604 962 841 1035 quisquis
873 964 986 1017 vias
1008 977 1133 1018 suas
1158 961 1425 1015 subtiliter
1454 961 1702 1027 discutit,
1734 971 1787 1014 et
1814 974 1923 1013 so-i

321 1058 612 1115 cretarium
642 1056 820 1111 cordis
849 1056 1156 1126 ingressus,
1187 1052 1313 1123 quid
1357 1052 1618 1107 Dominus
1668 1051 1764 1121 ipsi
1809 1050 1905 1103 tri-

319 1149 467 1216 buat,
498 1148 627 1218 quid
656 1149 770 1214 ipse
799 1147 1022 1223 Domino
1050 1146 1243 1200 debeat
1269 1154 1475 1215 pensat.
1507 1143 1662 1209 Quod
1713 1143 1903 1198 beatus

276 1300 281 1307 ,
318 1241 421 1297 Job
446 1239 715 1310 quomodo
742 1253 848 1292 non
878 1235 1098 1301 iecerat,
1141 1237 1229 1306 qui
1273 1245 1379 1291 tam
1420 1235 1607 1290 crebra
1646 1234 1901 1288 sacriﬁcia

321 1342 349 1372 ³
377 1335 433 1389 in
455 1335 761 1405 expiatione
791 1333 1020 1387 ﬁliorum
1052 1331 1214 1387 etiam
1247 1346 1341 1399 pro
1371 1328 1784 1400 cogitationibus
1814 1326 1898 1380 ol-

318 1428 561 1484 ferebat?
599 1427 733 1495 Quia
781 1440 911 1495 ergo
960 1425 1078 1480 Eliu
1116 1424 1249 1478 dixit
1278 1422 1419 1492 quod
1451 1422 1494 1475 is
1522 1421 1610 1490 qui
1636 1420 1900 1489 judicium

319 1535 427 1575 non
455 1527 603 1573 amat
638 1518 815 1572 sanari
861 1531 966 1570 non
1008 1516 1219 1585 possit,
1256 1526 1499 1582 arguens
1540 1513 1752 1569 beatum
1799 1509 1901 1564 Job

314 1610 460 1681 quod
484 1609 741 1680 judicium
771 1623 877 1663 non
907 1614 1148 1669 amaret,
1181 1615 1235 1661 et
1264 1606 1388 1673 quia
1416 1619 1539 1658 eum
1587 1603 1677 1672 qui
1718 1600 1898 1671 justus

314 1713 397 1760 est
415 1702 848 1768 condemnasset,
870 1700 1014 1754 illico
1031 1698 1271 1768 ejusdem
1293 1695 1446 1766 justi,
1479 1695 1532 1749 id
1554 1704 1634 1749 est
1660 1693 1895 1756 Domini,

236 1790 237 1793 “
312 1795 578 1868 justitiam
603 1794 804 1863 subdit,
838 1793 1024 1847 dicens
1053 1810 1065 1843 :

691 1884 917 1941 CAPUT
955 1882 1098 1939 XXV
1140 1882 1287 1956 [Rea
1330 1879 1492 1949 XIV]

398 1978 553 2034 Vm.
592 1976 683 2035 i8.
712 2009 786 2021 —
812 1977 912 2041 Qui
962 1976 1086 2028 dicit
1128 1974 1257 2044 regi,
1312 1979 1579 2051 apostata;
1603 2028 1611 2051 δ
1633 1970 1720 2038 qui
1758 1979 1898 2021 vocat

322 2072 474 2126 duces
492 2072 689 2140 impios.

389 2163 473 2217 52.
515 2164 762 2230 Apostata
791 2169 864 2214 est
890 2160 976 2229 qui
1004 2159 1118 2211 aliis
1142 2166 1322 2226 prwest
1371 2170 1473 2208 non
1516 2163 1571 2207 ut
1598 2154 1779 2223 prosit,
1811 2152 1899 2207 sed

311 2266 369 2310 ut
398 2256 705 2310 dominetur.
736 2284 807 2293 —
845 2252 999 2323 Saepe
1053 2250 1297 2305 novimus
1343 2248 1483 2316 quod
1524 2247 1762 2316 plerique
1806 2245 1897 2314 qui

307 2342 550 2421 prtesunt
574 2346 931 2403 inordinatum
964 2342 1063 2399 sibi
1093 2353 1287 2398 metum
1339 2356 1367 2394 a
1398 2340 1625 2395 subditis
1652 2339 1893 2408 exigunt,

306 2448 365 2494 et
392 2454 499 2493 non
541 2448 645 2492 tam
680 2446 895 2506 propter
928 2436 1207 2489 Dominum
1236 2450 1396 2504 quam
1429 2448 1526 2501 pro
1542 2431 1780 2489 .Domino
1809 2448 1898 2486 ve-

306 2530 493 2585 nerari
514 2530 716 2583 volunt.
755 2527 899 2581 Intus
926 2528 1066 2582 enim
1091 2541 1149 2580 se
1176 2536 1381 2579 tumore
1408 2523 1586 2579 cordis
1613 2524 1893 2587 extollunt,

305 2631 638 2690 cunctosque
670 2619 918 2674 subditos
949 2621 999 2672 in
1027 2618 1108 2671 sui
1137 2617 1538 2685 comparatione
1573 2615 1893 2683 despiciunt,

307 2730 412 2770 nec
444 2710 927 2768 condescendendo
969 2707 1013 2747 ιν
1045 2710 1331 2764 consulunt
1353 2742 1373 2773 ,
1417 2707 1509 2762 sed
1568 2706 1897 2760 dominando

309 2816 335 2845 ε
354 2815 622 2876 premunt,
642 2805 765 2873 quia
788 2802 1035 2857 videlicet
1055 2802 1160 2856 alta
1183 2800 1506 2871 cogitatione
1520 2815 1578 2854 se
1595 2801 1819 2867 erigunt,
1841 2807 1897 2853 et

307 2896 545 2964 mquales
591 2908 650 2948 se
697 2894 799 2948 illis
829 2894 1021 2962 quibus
1051 2909 1144 2947 eos
1190 2907 1423 2962 praeesse
1477 2892 1739 2959 contingit
1785 2904 1893 2944 non

308 2999 629 3058 agnoscunt.
660 2983 856 3041 Contra
880 2985 1021 3039 hunc
1051 2995 1315 3039 tumorem
1338 2999 1432 3054 per
1459 2981 1897 3039 Ecclesiasticum'

305 3078 505 3133 librum
530 3077 723 3131 dicitur
748 3094 760 3128 :
787 3062 982 3130 Ducem
1011 3085 1060 3128 te
1089 3076 1455 3130 constituerunt
1478 3091 1498 3141 ;
1540 3076 1646 3128 noli
1693 3075 1889 3142 extolli,

308 3168 398 3225 sed
425 3178 531 3222 esto
559 3169 610 3222 in
634 3166 739 3223 illis
766 3167 911 3237 quasi
961 3178 1091 3220 unus
1132 3182 1204 3221 ea:
1243 3167 1351 3221 illis
1387 3166 1575 3237 (Eccli.
1610 3178 1777 3231 xuii,
1813 3167 1887 3226 1).

2010 590 2336 645 dominando
2362 600 2616 659 praesunt,
2650 590 2901 659 exemplo
2929 606 3036 645 sua:
3062 590 3326 659 superbire
3348 593 3591 648 subditos

2008 684 2073 738 ad
2114 686 2436 753 impietatem
2465 684 2703 752 trahunt,
2736 693 2860 754 apte
2887 684 3241 755 subjungitur.
3302 685 3404 753 Qui
3446 698 3594 740 vocat

2007 775 2159 830 duces
2204 775 2410 845 impios.
2455 777 2534 831 Ad
2561 777 2701 830 viam
2740 792 2966 846 namque
2998 777 3209 846 pietatis
3235 776 3515 845 ducerent,
3548 780 3589 832 si

2007 866 2340 921 subditorum
2385 867 2554 921 oculis
2584 866 2893 922 humilitatis
2920 869 3161 939 exempla
3205 875 3586 925 monstrarent.

2009 958 2155 1034 [Rea
2198 960 2245 1014 Χ
2265 956 2349 1032 ντ]
2379 960 2495 1015 Dux
2517 972 2694 1016 autem
2720 972 2799 1015 est
2844 962 3057 1030 impius,
3091 962 3176 1032 qui
3207 978 3236 1017 a
3265 964 3475 1018 tramite
3505 979 3595 1017 ve-

2006 1051 2178 1107 ritatis
2217 1051 2520 1117 exorbitat;
2566 1063 2619 1107 et
2655 1052 2781 1107 dum
2812 1052 2924 1122 ipse
2968 1054 3021 1107 in
3067 1070 3302 1125 praeceps
3349 1055 3475 1124 ruit,
3527 1056 3595 1110 ad

2006 1142 2229 1212 abrupta
2282 1152 2568 1213 sequentes
2617 1144 2822 1198 invitat.
2878 1145 2989 1203 Dux
3019 1157 3099 1201 est
3132 1148 3344 1216 impius,
3377 1149 3466 1219 qui
3501 1166 3597 1220 per

2007 1235 2233 1289 tumoris
2264 1235 2513 1304 exempla
2542 1236 2681 1289 viam
2715 1235 2943 1290 ostendit
2974 1238 3190 1292 erroris.
3244 1234 3433 1295 Paulus
3487 1240 3594 1294 dux

2004 1340 2125 1381 esse
2179 1326 2467 1395 impietatis
2521 1327 2809 1394 metuebat,
2843 1342 2962 1381 cum
2996 1328 3273 1397 potestatis
3302 1345 3410 1384 sua:
3437 1330 3595 1405 celsi-

2008 1418 2241 1474 tudinem
2271 1421 2615 1487 reprimebat,
2649 1419 2836 1475 dicens
2861 1438 2872 1471 :
2902 1418 3014 1473 Nec
3045 1430 3324 1490 quwrentes
3346 1421 3407 1474 ab
3430 1423 3595 1475 homi—

2004 1511 2151 1565 nibus
2197 1512 2433 1581 gloriam,
2484 1528 2643 1582 neque
2687 1531 2719 1565 a
2762 1513 2919 1579 vobis,
2953 1530 3113 1583 neque
3150 1513 3211 1567 ab
3251 1514 3387 1581 aliis,
3423 1512 3448 1549 ⁸
3479 1532 3594 1569 cum

2004 1601 2255 1669 possimus
2307 1605 2448 1657 oneri
2496 1620 2621 1667 esse,
2677 1604 2840 1676 786
2878 1614 2930 1657 ut
2975 1602 3166 1658 Christi
3209 1608 3447 1675 apostoli,
3506 1607 3595 1661 sed

2002 1691 2129 1762 facti
2151 1710 2327 1747 smnus
2358 1694 2409 1746 in
2434 1693 2599 1747 medio
2622 1705 2841 1747 vestrum
2866 1694 3068 1764 parvuli
3095 1695 3146 1765 (I
3170 1694 3404 1752 Thessal.
3428 1714 3484 1761 tl,
3516 1696 3592 1769 6).

2005 1780 2269 1839 Parvulus
2294 1787 2349 1839 in
2379 1787 2559 1841 medio
2585 1802 2769 1841 eorum
2805 1787 2978 1842 factus
3005 1792 3195 1855 luerat,
3227 1791 3349 1859 quia
3378 1792 3595 1848 timebat

1929 1873 1977 1931 Β
2004 1890 2071 1929 ne
2114 1876 2157 1929 si
2187 1875 2325 1930 inter
2354 1875 2643 1946 discipulos
2691 1877 2948 1933 honorem
2976 1894 3086 1934 suae
3113 1881 3446 1936 celsitudinis
3478 1884 3593 1935 vin-

2004 1971 2227 2031 dicaret,
2260 1969 2503 2037 exempla
2533 1969 2779 2023 elationis
2807 1968 3129 2025 ostenderet.
3162 1968 3405 2028 Timebat
3437 1973 3594 2027 nimi-

2005 2075 2121 2114 rum
2150 2076 2218 2113 ne
2246 2059 2369 2111 dum
2402 2059 2513 2128 ipse
2542 2059 2641 2114 sibi
2679 2068 2995 2128 potestatem
3038 2054 3317 2131 pastoralis
3345 2066 3592 2131 potentiae

2003 2162 2292 2219 quaereret,
2325 2166 2452 2219 grex
2492 2150 2735 2205 subditus
2765 2167 2856 2223 per
2884 2152 3104 2221 abrupta
3148 2160 3484 2224 seQueretur,
3537 2165 3591 2210 et

2002 2243 2068 2296 ad
2116 2243 2442 2311 impietatem
2494 2253 2780 2312 sequentes
2829 2244 3073 2314 duceret,
3104 2245 3192 2315 qui
3224 2246 3436 2315 pietatis
3466 2246 3589 2300 ofﬁ-

2002 2334 2140 2387 cium
2173 2335 2517 2403 suscepisset.

2074 2424 2160 2479 54.
2206 2424 2319 2480 Sibi
2352 2426 2565 2479 subditis
2592 2426 2837 2480 virtutum
2857 2425 3129 2497 splendore
3157 2428 3456 2496 praeluceat.
3486 2422 3590 2480 Eo-

2001 2533 2114 2569 rum
2153 2517 2335 2585 culpas
2381 2521 2656 2587 prudenter
2692 2527 2739 2571 et
2768 2518 3024 2571 humiliter
3064 2520 3307 2588 corrigat.
3334 2549 3407 2561 —
3434 2517 3590 2574 Unde

2002 2600 2225 2663 necesse
2254 2612 2337 2662 est
2364 2612 2421 2662 ut
2465 2611 2509 2662 is
2551 2610 2638 2678 qui
2682 2616 2876 2679 praeest
2913 2626 3029 2679 qute
3073 2612 3319 2679 exempla
3361 2609 3589 2665 subditis

2003 2700 2237 2767 praebeat
2266 2701 2494 2754 solerter
2520 2702 2789 2767 attendal;
2822 2709 2876 2755 et
2903 2702 3059 2755 tantis
3105 2716 3165 2757 se
3213 2703 3345 2756 sciat
3386 2703 3586 2769 vivere,

2002 2799 2025 2827 ο
2045 2789 2263 2860 quantis
2281 2798 2531 2859 praeesse;
2554 2807 2615 2846 ac
2636 2793 2911 2861 vigilanter
2940 2794 3186 2862 inspiciat
3209 2809 3273 2849 ne
3297 2795 3350 2848 in
3368 2810 3433 2849 eo
3450 2796 3589 2865 quod

2000 2884 2245 2953 prtelatus
2291 2894 2371 2937 est
2420 2885 2772 2949 intumescat;
2824 2901 2890 2940 ne
2935 2885 3058 2957 jura
3084 2887 3278 2941 debitae
3304 2888 3589 2956 potestatis

1997 2978 2398 3032 immoderatius
2428 2964 2651 3049 'exigat;
2689 2994 2755 3033 ne
2782 2978 3079 3049 disciplina:
3123 2976 3213 3049 jus
3255 2978 3491 3041 mutetur
3532 2979 3586 3034 in

1995 3073 2227 3141 rigorem
2284 3071 2581 3143 superbiae;
2634 3083 2685 3127 et
2740 3072 2877 3128 unde
2907 3089 2937 3127 a
2966 3073 3317 3144 perversitate
3345 3074 3588 3130 subditos

1999 3166 2323 3234 restringere
2349 3174 2578 3233 poterat,
2605 3165 2730 3219 inde
2752 3168 2920 3235 magis
2941 3167 3261 3221 intuentium
3280 3165 3443 3221 corda
3470 3182 3588 3234 per-

210 3288 213 3289 ν
310 3261 465 3316 lluuc
487 3269 745 3316 tumorem
769 3260 1026 3314 Dominus
1059 3274 1153 3329 per
1175 3258 1489 3329 prophetam
1515 3259 1569 3312 in
1596 3258 1892 3327 pastoribus
1924 3257 1970 3318 C
2000 3267 2207 3323 vertat;
2239 3274 2329 3328 ne,
2354 3267 2413 3313 ut
2431 3258 2633 3313 dictum
2653 3268 2758 3324 est,
2787 3259 3075 3329 impietatis
3102 3260 3207 3315 dux
3237 3275 3331 3329 per
3351 3259 3588 3315 ofﬁcium

304 3357 592 3424 increpans
621 3353 694 3408 ait
723 3366 739 3407 t
774 3351 879 3407 Vcs
904 3360 1073 3407 autem
1102 3366 1217 3405 cum
1240 3353 1537 3406 austeritate
1557 3351 1893 3419 impcrabatis

305 3447 399 3509 eis,
460 3452 507 3497 et
558 3457 671 3497 cum
714 3444 938 3513 potentia
967 3441 1181 3509 (Eucti.
1216 3454 1401 3508 xxxiv,
1448 3440 1530 3510 ι).
1582 3443 1695 3511 Ipsa
1746 3442 1891 3497 enim

301 3537 441 3591 bona
493 3544 612 3606 Quae
662 3536 890 3592 subditis
937 3535 1121 3591 dicent
1165 3536 1491 3592 dominando
1527 3538 1702 3605 potius
1735 3550 1892 3607 quam

303 3626 633 3707 consulendo
674 3628 971 3698 proferunt,
1023 3630 1146 3699 quia
1176 3629 1425 3685 videlicet
1471 3630 1759 3699 quidquam
1815 3631 1893 3687 eis

303 3722 456 3793 quasi
482 3737 548 3777 ex
565 3736 718 3792 atquo
738 3722 919 3778 dicere
940 3722 1260 3792 semetipsos
1277 3724 1586 3779 existimant
1606 3726 1888 3797 deiecisse.

302 3808 681 3885 Singularium
710 3813 851 3869 enim
877 3814 1111 3883 gaudent
1140 3814 1408 3882 culminis,
1438 3825 1492 3870 et
1533 3831 1638 3870 non
1667 3817 1888 3886 aequali-

300 3913 416 3963 tate
442 3900 781 3961 conditionis.
814 3905 920 3962 Sed
951 3906 1070 3978 quia
1102 3906 1217 3961 huic
1244 3910 1499 3962 tumentia
1522 3911 1686 3963 corda
1712 3920 1890 3966 recto-

292 4004 423 4056 rum
447 3998 712 4055 subtiliter
733 3998 989 4054 Dominus
1015 4009 1224 4069 pensat,
1271 4001 1405 4056 bene
1428 4011 1615 4056 contra
1637 4016 1731 4059 eos
1757 4003 1891 4059 dici-

299 4103 388 4149 tur
419 4110 434 4148 :
460 4091 562 4159 Qui
586 4092 710 4147 dicit
738 4094 869 4165 regi,
912 4102 1165 4164 apostata.
1195 4093 1570 4166 Unusquisque
1609 4098 1750 4151 enim
1799 4112 1889 4153 su-

297 4186 500 4258 perbus
530 4190 707 4242 rector
737 4188 893 4242 toties
920 4187 987 4240 ad
1016 4188 1226 4256 cuipam
1274 4191 1556 4258 apostasiae
1608 4191 1883 4260 dilabitur,

296 4292 530 4352 quoties,
560 4295 793 4351 praeesse
842 4276 1145 4337 hominibus
1174 4281 1491 4351 delectatus,
1542 4284 1760 4343 honoris
1800 4289 1882 4343 sui

293 4372 668 4443 singularitate
693 4373 921 4427 laetatur.
966 4371 1081 4426 Sub
1108 4380 1217 4442 quo
1241 4376 1381 4428 enim
1410 4376 1480 4430 sit
1502 4392 1607 4431 non
1637 4380 1885 4436 conside.

292 4471 403 4526 rat,
434 4468 487 4517 et
507 4463 648 4532 quod
670 4461 966 4533 aequalibus
992 4464 1145 4533 quasi
1174 4476 1279 4519 non
1299 4464 1367 4520 sit
1384 4469 1603 4535 aequalis
1629 4472 1877 4528 exsultat.

300 4554 454 4609 Unde
480 4564 656 4609 autem
682 4555 799 4610 hate
817 4554 1070 4610 vitiorum
1092 4556 1243 4610 radix
1272 4559 1499 4627 pullulat
1528 4562 1579 4614 in
1608 4563 1770 4619 corde
1797 4581 1883 4621 re-

1999 3352 2213 3421 pietatis
2241 3350 2455 3406 existat.
2486 3350 2601 3405 Non
2632 3360 2811 3406 autem
2842 3352 3002 3406 debet
3028 3351 3303 3407 hominum
3334 3352 3585 3406 ducatum

2005 3446 2306 3512 suscipere,
2336 3443 2427 3511 qui
2458 3443 2631 3498 nescit
2661 3443 2906 3498 homines
2936 3444 3073 3499 bene
3097 3445 3322 3500 vivendo
3353 3447 3544 3514 praeire
3572 3461 3588 3511 ;

1994 3552 2063 3592 ne
2108 3536 2196 3605 qui
2236 3534 2303 3590 ad
2355 3526 2456 3590 hoc
2482 3535 2695 3605 eligitur
2730 3544 2789 3589 ut
2836 3535 3061 3589 aliorum
3108 3539 3293 3605 culpas
3331 3538 3585 3606 corrigat,

1997 3631 2138 3705 quod
2164 3643 2416 3686 resecare
2443 3629 2649 3697 debuit,
2673 3632 2792 3699 ipse
2815 3631 3134 3685 committat.
3162 3630 3296 3684 Hinc
3316 3630 3440 3684 inde
3461 3645 3588 3699 ergo

1994 3739 2057 3778 se
2093 3724 2182 3792 qui
2216 3729 2454 3791 prtesunt
2485 3719 2505 3757 ΐ
2546 3709 3001 3791 οἱτουωερῖοἰθηι,
3052 3731 3109 3776 ut
3146 3721 3250 3777 sibi
3281 3731 3334 3777 et
3361 3722 3588 3777 subditis

1996 3818 2196 3881 vivant,
2223 3826 2279 3871 ut
2302 3817 2503 3872 bonum
2527 3817 2669 3884 quod
2700 3816 2926 3887 faciunt,
2951 3826 3007 3873 et
3026 3818 3165 3872 intra
3192 3818 3369 3872 sinum
3391 3820 3588 3874 mentis

1991 3911 2350 3975 abscondant,
2398 3920 2453 3964 et
2509 3921 2685 3964 tamen
2724 3924 2790 3964 ex
2821 3925 2887 3966 eo
2915 3909 2983 3965 ad
3011 3920 3320 3979 provectum
3348 3925 3582 3981 sequen-

1993 4001 2127 4055 tium
2150 4002 2395 4071 exempla
2418 4010 2579 4056 recta:
2602 4002 2929 4070 operationis
2957 4002 3289 4071 impartiant,
3313 4012 3372 4057 ut
3394 4001 3581 4057 subdi-

1993 4105 2167 4150 torum
2197 4088 2691 4151 animadvertentes
2720 4094 2904 4163 culpas
2928 4095 3219 4164 corrigunt,
3261 4108 3361 4149 nec
3407 4102 3586 4150 tamen

1994 4203 2090 4260 per
2120 4188 2226 4243 vim
2275 4188 2517 4258 ejusdem
2568 4188 3050 4243 animadversionis
3097 4190 3474 4253 intumescant,
3529 4197 3586 4243 ut

1994 4286 2243 4357 quaedam
2283 4288 2478 4342 leniter
2507 4297 2754 4357 correpta
2793 4287 3039 4357 tolerent,
3071 4301 3172 4343 nec
3200 4297 3378 4343 tamen
3424 4288 3586 4343 disci-

1992 4378 2155 4445 plinte‘
2180 4377 2392 4432 vincula
2421 4378 2611 4432 eadem
2644 4379 2865 4433 lenitate
2891 4378 3216 4443 dissolvant,
3251 4387 3313 4433 ut
3339 4379 3583 4450 quasdam

1994 4470 2273 4526 tolerando
2318 4472 2679 4540 dissimulent,
2727 4485 2825 4526 nec
2858 4483 3034 4528 tamen
3062 4487 3124 4527 ea
3151 4486 3397 4528 crescere
3425 4473 3584 4527 dissi-
3630 4519 3640 4527 ,

1991 4564 2247 4618 mulando
2288 4566 2618 4632 permittant.
2667 4563 2959 4618 Laboriosa
3004 4571 3128 4618 sunt
3169 4563 3269 4617 ista
3297 4605 3311 4629 ,
3371 4572 3425 4619 et
3481 4564 3582 4618 nisi
3618 4634 3627 4643 _

292 4648 556 4719 gentium,
591 4643 693 4701 nisi
724 4661 790 4701 ex
817 4646 1114 4702 imitatiOne
1140 4648 1281 4702 illius
1312 4651 1420 4720 qui,
1476 4652 1740 4727 despectis
1790 4672 1885 4711 an-
1912 4639 1969 4700 Ῑ)
1990 4653 2170 4708 divina
2192 4656 2359 4723 gratia
2381 4652 2582 4719 iniciat,
2605 4653 2673 4709 ad
2699 4654 3111 4710 custodiendam
3139 4653 3395 4710 difﬁcilia.
3414 4654 3584 4727 Recte

292 4737 537 4812 gelat-um
579 4738 944 4801 societatibus,
995 4736 1129 4793 dixit
1157 4754 1172 4792 :
1206 4738 1492 4793 Ascendam
1521 4758 1674 4813 super
1709 4724 1888 4799 altitu-

292 4832 471 4885 dinem
493 4819 727 4897 nubium,
760 4840 803 4883 et
826 4830 1009 4884 similis
1030 4844 1117 4884 ero
1140 4830 1409 4886 Allissima
1426 4831 1579 4903 (Isai.
1612 4851 1722 4906 xrv,
1751 4841 1885 4910 id)?

291 4924 432 4993 Quia
456 4938 585 4995 ergo
610 4925 974 4994 unusquisque
998 4912 1178 4979 rector
1205 4927 1414 4994 quoties
1434 4929 1715 4984 extollitur
1744 4932 1795 4985 in
1820 4948 1884 4988 eo

291 5018 439 5089 quod
458 5026 679 5072 caeteros
702 5016 856 5086 regit,
881 5016 1040 5072 toties
1066 5031 1160 5085 per
1178 5018 1381 5087 lapsum
1403 5021 1669 5089 superbiae
1684 5040 1712 5076 a
1737 5038 1883 5079 sum-

289 5109 385 5191 mit
401 5112 627 5166 rectoris
654 5110 875 5167 servitio
916 5118 1228 5179 separatur;
1261 5118 1313 5167 et
1354 5124 1477 5167 cum
1518 5116 1751 5184 zequales
1782 5118 1881 5175 sibi

224 5206 234 5215 ’
285 5200 533 5260 subditos
561 5203 808 5273 despicit,
843 5203 959 5271 ejus
984 5210 1147 5273 super
1193 5218 1255 5259 se
1300 5204 1601 5261 dominium
1629 5208 1730 5263 sub
1780 5222 1884 5281 quo

285 5300 485 5350 omnes
512 5296 744 5366 aequales
773 5302 900 5350 sunt
930 5304 1032 5350 nun
1056 5296 1319 5366 agnoscit,
1344 5307 1488 5353 recte
1519 5294 1712 5357 dicitur
1741 5319 1754 5353 :
1782 5302 1885 5369 Qui

148 5458 155 5469 ι
194 5432 199 5437 .
280 5390 414 5444 dicit
443 5390 571 5458 regi,
601 5398 860 5459 apostata.

358 5478 508 5548 [γει.
547 5478 882 5553 1112155.
924 5477 1128 5550 Impias
1179 5489 1290 5548 est,
1362 5484 1410 5537 si
1471 5500 1581 5540 suae
1630 5489 1883 5558 superbire

356 5607 385 5673 ξ
409 5596 525 5673 AL,
547 5599 602 5653 in
623 5600 982 5673 expiationem.

356 5668 385 5708 δ
410 5664 641 5739 Turonq
670 5664 1021 5727 consolantur.

359 5752 383 5815 ε
419 5734 603 5815 Baiae.
623 5734 690 5798 ’et
714 5741 885 5812 Colb.,
922 5748 1257 5815 prtesumunt.

355 5808 385 5851 ἀ
415 5812 639 5884 Pratel.,
670 5830 786 5869 cum
808 5808 1086 5878 possemus.

359 5893 384 5922 °
413 5886 492 5942 Ita
519 5883 727 5959 eum,
779 5884 933 5945 Culb.
982 5896 1036 5945 et
1075 5883 1285 5956 Nomm,
1326 5900 1460 5959 quos
1489 5895 1598 5951 vet.
1644 5886 1745 5947 Ed.
1788 5902 1875 5947 se-

1992 4760 2119 4801 vero
2141 4748 2208 4799 de
2230 4746 2461 4800 adventu
2485 4746 2706 4801 districti
2730 4746 2924 4815 judicis
2951 4761 3046 4816 per
3070 4747 3362 4817 Sapientia:
3382 4750 3579 4804 librum

1992 4836 2185 4891 dicitur
2217 4844 2231 4890 ε
2260 4837 2534 4892 Horrenda
2558 4847 2608 4891 ct
2636 4838 2745 4891 cito.
2758 4840 3042 4908 apparebit,
3066 4842 3306 4904 quoniam
3325 4842 3581 4912 judicium

1991 4932 2320 4985 durissimum
2351 4932 2486 4986 [his
2507 4933 2593 5003 qui
2624 4924 2849 5003 prtesunt
2900 4933 2986 5003 [ist
3037 4933 3193 5007 (Sep.
3224 4950 3295 5001 vr,
3324 4935 3407 5005 6).
3447 4936 3579 5001 Quia
3654 4994 3666 5006 ‘

1991 5036 2127 5098 ergo
2150 5027 2467 5095 plerumque
2498 5042 2592 5095 per
2616 5035 2936 5097 potestatem
2974 5024 3255 5099 regiminls
3276 5029 3347 5083 ad
3370 5030 3577 5098 culpam

1992 5121 2355 5190 prorumpitur
2376 5120 2644 5188 elationis,
2672 5129 2832 5191 atque
2860 5122 2997 5191 apud
3027 5122 3335 5177 districtum
3348 5122 3578 5191 judicent

1992 5214 2105 5283 ipsa
2128 5214 2288 5268 elatio
2319 5215 2564 5283 impietas
2591 5212 2907 5285 aestimatur,
2941 5214 3081 5270 bene
3109 5215 3175 5270 de
3228 5214 3452 5267 Domino
3483 5228 3579 5281 per

1972 5292 2107 5363 'Eliu
2137 5309 2329 5364 dicitur
2360 5327 2373 5364 :
2412 5310 2514 5377 Qui
2541 5318 2687 5364 uocat
2716 5310 2873 5364 duces
2896 5310 3100 5380 impios.
3134 5308 3210 5362 De
3234 5306 3351 5375 ipso
3382 5305 3579 5375 quippe
3652 5312 3655 5315 λ

1989 5403 2180 5458 ducatu
2241 5404 2364 5459 dum
2416 5392 2753 5475 superbiunt,
2812 5401 3057 5473 exemplo
3087 5415 3185 5456 suo
3212 5399 3452 5455 subditos
3509 5399 3574 5455 ad

1990 5497 2313 5566 impietatem
2345 5501 2578 5555 trahunt.

1978 5622 2229 5697 quuutur.
2312 5615 2718 5671 Recentioribus
2785 5612 3089 5669 Editoribus
3140 5613 3310 5684 magis
3370 5614 3574 5684 placuit

1976 5697 2183 5757 quantis
2215 5697 2413 5754 praeest.
2464 5750 2467 5753 _

2057 5754 2075 5793 ί
2107 5759 2217 5829 ᾼΙ.,
2250 5758 2742 5829 circuminspiciant.

2055 5838 2080 5876 ὅ
2112 5820 2309 5884 Pratel.
2338 5841 2391 5884 et
2419 5820 2536 5895 alii,
2562 5830 2615 5883 in
2640 5829 2701 5883 iis
2722 5829 2832 5901 qui.
