4024 6352
458 367 563 425 519

1655 356 1900 415 SANCTI
1938 353 2274 413 GREGORII
2312 355 2529 413 MAGNI

3642 354 3739 411 520

532 484 623 540 55.
664 483 809 539 Alios
827 483 1087 549 iudicans,
1119 494 1340 549 superno
1358 477 1530 552 judici
1558 475 1763 531 assidue
1790 491 1845 530 se
1876 474 2045 529 sistat.
2073 476 2131 536 Α
2153 471 2261 527 dux
2292 470 2487 541 impius
2514 470 2812 538 vocabitur,
2842 480 3045 542 quanto
3088 470 3140 527 ei
3167 470 3494 542 cogitatione
3519 472 3742 531 sollicita

460 574 699 631 Potestas
726 585 936 644 accepta
956 590 1057 627 non
1083 572 1266 639 honor,
1313 571 1401 625 sed
1422 585 1551 624 onus
1580 569 1904 624 azstimanda.
1930 562 2069 620 Ant-’

462 671 596 724 bitus
622 644 850 736 \inﬁnila
901 668 1061 720 mala.
1115 665 1252 719 Cura
1298 664 1576 735 pastoralis
1629 677 1720 715 nec
1772 661 2057 732 cupiditate

460 760 831 829 amplectenda,
879 774 970 812 nec
1021 757 1301 827 formidine
1328 754 1627 819 deferenda.
1658 785 1732 797 —
1758 752 1917 809 Unde
1941 767 2054 808 ma-

466 866 703 919 gnopere
720 849 1017 905 curandum
1038 858 1121 903 est
1142 860 1200 902 ut
1221 849 1311 919 qui
1329 847 1578 917 regendis
1600 845 1902 901 hominibus
1919 858 2060 915 pra:-

463 944 649 1007 fertur,
681 943 824 1011 apud
855 957 914 998 se
944 944 1083 998 intra
1112 943 1463 999 secretarium
1496 940 1693 996 mentis
1722 944 1774 995 in
1802 939 2057 996 cathedra

466 1036 753 1105 prassideat
784 1035 1119 1091 humilitatis.
1155 1034 1397 1105 Cumque
1436 1033 1695 1104 judicanti
1722 1034 1817 1088 eia
1848 1034 2058 1089 caeteris

467 1136 490 1163 η
516 1127 646 1181 foris
675 1127 964 1194 assistitur,
996 1127 1235 1197 vigilanti
1264 1127 1421 1182 oculo
1461 1126 1797 1181 incessanter
1816 1108 2056 1194 aspiciat,

460 1219 544 1273 cui
568 1220 887 1288 quandoque
910 1219 1076 1287 judici
1104 1221 1218 1289 ipse
1245 1219 1313 1274 de
1356 1219 1440 1274 his
1468 1218 1791 1288 iudicandus
1818 1207 2057 1285 assistat,

462 1318 521 1365 ut
548 1321 745 1379 quanto
776 1324 917 1363 nunc
943 1319 1069 1365 ante
1096 1324 1217 1364 eum
1260 1324 1419 1380 quem
1454 1326 1558 1364 non
1582 1309 1748 1373 videt,
1776 1308 2061 1364 sollicitius

465 1399 722 1467 trepidat,
752 1408 900 1454 tanto
921 1414 1044 1455 eum
1067 1415 1188 1454 cum
1216 1402 1409 1458 viderit
1431 1400 1672 1456 securior
1692 1411 1893 1456 cernat.
1911 1400 2060 1475 [Rec.

464 1490 652 1563 πη]
692 1492 886 1549 Penset
926 1508 1067 1563 ergo
1098 1495 1188 1564 qui
1236 1495 1301 1548 ad
1338 1495 1769 1549 satisfaciendum
1821 1495 2063 1552 districto

463 1583 627 1652 judici
650 1584 715 1638 de
742 1600 835 1641 sua
866 1586 1235 1642 tantummodo
1265 1588 1439 1641 anima
1467 1586 1699 1643 fortasse
1728 1588 1812 1642 vix
1840 1586 2063 1654 sufﬁcit,

466 1674 594 1739 quia
626 1682 755 1743 quot
784 1675 1033 1745 regendis
1081 1676 1313 1731 subditis
1354 1687 1573 1745 praeest,
1608 1676 1896 1734 reddenda:
1923 1677 2064 1747 apud

465 1782 589 1821 eum
616 1768 837 1823 rationis
863 1777 1126 1839 tempore,
1156 1777 1213 1824 ut
1257 1760 1329 1824 ita
1357 1769 1551 1835 dicam,
1587 1770 1612 1807 δ
1644 1778 1721 1823 tot
1759 1771 1903 1825 solus
1943 1772 2063 1824 ani-

2158 572 2396 634 potestas
2422 579 2543 633 qua:
2565 572 2784 629 accepta
2808 572 2912 630 est,
2936 578 3045 619 non
3072 563 3264 630 honor,
3296 565 3390 621 sed
3440 580 3575 621 onus
3601 567 3742 623 aesti-

2130 665 2352 711 'm‘atur.
2380 657 2512 712 Nam
2538 660 2625 713 cui
2653 672 2776 713 esse
2805 672 2947 714 nunc
2974 657 3214 727 judicem
3244 657 3396 726 libet,
3425 656 3550 715 huic
3566 659 3745 718 videre

2159 759 2285 804 tunc
2310 750 2545 819 judicem
2576 766 2683 806 non
2733 749 2881 806 libet.
2920 750 3203 807 Numerari
3243 752 3389 807 cnim
3439 752 3613 822 culpae
3662 770 3744 823 ne-

2158 852 2379 912 queunt,
2414 858 2532 913 quat
2559 842 2821 899 habendae
2844 846 3124 912 potestatis
3143 828 3330 900 amore
3351 855 3741 916 perpetrantur.

2159 936 2311 992 Tunc
2336 938 2507 992 solum
2537 952 2666 993 vero
2695 937 2855 1009 787
2905 945 3143 1009 potestas
3185 938 3324 995 bene
3372 939 3590 1009 geritur,
3628 955 3743 996 cum

2160 1045 2267 1084 non
2297 1029 2546 1094 amando,
2577 1030 2673 1083 sed
2703 1028 2941 1084 timendo
2968 1029 3253 1086 retinetur.
3307 1029 3439 1099 Quae
3486 1040 3547 1087 ut
3595 1032 3744 1088 mini-

2169 1123 2330 1178 strari
2364 1133 2511 1177 recte
2541 1122 2741 1189 valeat,
2770 1132 2984 1193 oportet
3012 1125 3241 1193 primum
3272 1135 3334 1179 ut
3361 1126 3497 1180 hanc
3524 1141 3634 1181 non
3658 1141 3748 1182 cu.

2160 1215 2380 1285 piditas,
2415 1216 2508 1270 sed
2532 1218 2827 1271 necessitas
2859 1216 3120 1286 imponat.
3149 1216 3405 1286 Percepta
3444 1227 3623 1273 autem
3652 1222 3746 1276 nec

2165 1321 2261 1376 pro
2290 1305 2577 1362 formidine
2601 1306 2762 1366 debet
2790 1307 2990 1373 deseri,
3011 1322 3112 1362 nec
3132 1322 3199 1363 ex
3226 1307 3440 1362 libidine
3464 1310 3745 1378 amplecti;

2164 1410 2232 1455 n’e
2278 1408 2369 1453 aut
2416 1399 2567 1468 pejus
2614 1399 2734 1469 quis
2782 1399 2934 1468 quasi
2960 1414 3029 1452 ex
3058 1400 3356 1455 humilitate
3380 1403 3675 1473 superbiat,
3703 1404 3747 1460 si

2164 1493 2359 1547 divina:
2394 1482 2807 1562 dispensationis
2853 1492 3095 1549 ordinem
3124 1493 3374 1564 fugiendo
3402 1504 3748 1565 contemnat;

2164 1597 2259 1663 aut
2284 1600 2351 1641 eo
2385 1589 2573 1663 jugum
2616 1586 2781 1657 788
2836 1586 3055 1655 superni
3101 1588 3324 1642 rectoris
3369 1587 3604 1658 abjiciat,
3647 1604 3751 1660 quo

2165 1660 2288 1734 eum
2310 1660 2471 1747 super
2497 1687 2721 1733 czeteros
2744 1678 3005 1747 privatum
3036 1679 3274 1750 regimen
3306 1679 3559 1735 delectat.
3590 1682 3751 1737 Pote-

2167 1780 2278 1826 stas
2306 1786 2436 1842 ergo
2459 1787 2580 1826 cum
2604 1773 2916 1841 percipitur,
2939 1786 3047 1827 non
3072 1788 3137 1827 ex
3161 1772 3381 1828 libidine
3402 1775 3629 1829 amanda
3650 1766 3750 1841 est,

471 1874 586 1914 mas
610 1860 789 1915 habet.
814 1862 942 1928 Quae
960 1860 1211 1915 nimirum
1232 1862 1508 1933 cogitatio,
1530 1861 1573 1915 si
1596 1860 1809 1917 assidue
1832 1871 2067 1916 mentem
2096 1861 2146 1923 B
2172 1862 2265 1917 sed
2295 1876 2362 1917 ex
2392 1862 2800 1932 longanimitate
2834 1863 3133 1930 toleranda,
3162 1874 3219 1918 ut
3246 1863 3371 1919 inde
3410 1875 3537 1920 tunc
3561 1866 3629 1920 ad
3671 1867 3753 1936 ju-

466 1952 738 2019 excoquit,
766 1967 981 2007 omnem
1012 1952 1276 2023 superbiae
1309 1960 1571 2013 tumorem
1602 1950 1814 2020 premit.
1864 1952 1931 2005 Et
1969 1967 2052 2007 re-

472 2051 589 2096 ctor
622 2044 873 2113 providus
904 2054 1051 2100 tanto
1086 2047 1195 2115 jam
1235 2060 1410 2116 neque
1454 2059 1548 2099 rex
1584 2052 1847 2117 apostata,
1879 2057 2055 2115 neque

541 2190 565 2216 ει
598 2181 754 2236 Deest
782 2184 909 2251 foris
938 2185 993 2236 in
1025 2185 1212 2237 iisdem
1243 2183 1379 2237 Cod.

539 2250 563 2287 ι)
587 2250 795 2324 Anglic.
830 2261 884 2308 et
912 2253 1134 2318 Pratel.,
1164 2253 1362 2324 aliique
1393 2252 1600 2319 Norm.,
1651 2260 1723 2307 tot
1759 2269 1901 2308 scius
1944 2253 2059 2308 ani-

471 2338 577 2375 mas
615 2323 776 2376 debet.

540 2401 563 2430 ⁸
595 2393 653 2447 in
674 2392 775 2447 Ed.
806 2391 1097 2459 Gussanv.,
1127 2396 1397 2450 salubriter
1438 2395 1589 2463 lenis,
1637 2394 1781 2465 quod
1806 2395 2064 2452 mendum

2163 1954 2361 2010 dicium
2396 1966 2419 1995 ο
2455 1955 2744 2011 salubriter
2774 1956 2909 2011 levis
2936 1956 3027 2023 sit,
3059 1956 3201 2013 unde
3227 1972 3368 2012 nunc
3408 1958 3475 2014 ad
3515 1959 3754 2015 ministe-

2162 2047 2301 2104 rium
2331 2049 2596 2119 patienter
2615 2048 2797 2119 gravis
2819 2049 3121 2105 innotescit.

2166 2186 2606 2267 typographicum
2637 2202 2759 2243 esse
2782 2196 3049 2267 putamus.
3084 2186 3483 2267 Legitur__enim.
3501 2186 3554 2241 in
3582 2188 3755 2267 omni:
3804 2250 3823 2267 κ

2165 2258 2265 2311 bus
2299 2258 2448 2313 libris
2480 2267 2586 2312 tam
2631 2260 3059 2317 manu.exaratis
3084 2274 3244 2328 quam
3291 2258 3536 2325 Excusis,
3566 2268 3622 2314 et
3653 2259 3755 2329 legi

2082 2364 2093 2373 ι
2168 2329 2329 2385 debet
2359 2330 2501 2398 levis,
2529 2338 2586 2383 ut
2615 2337 2915 2399 Opponatur
2943 2330 3103 2400 gravi.

469 2540 3743 2570 mm

1252 2640 1601 2761 LIBER
1675 2673 2336 2762 VIGESIMUS
2417 2671 2986 2765 QUINTUS.
3072 2702 3103 2729 κ

472 2858 556 2922 In
584 2860 1009 2941 explicatione
1038 2862 1527 2943 capitisxxxrv,
1556 2881 1595 2922 a
1620 2877 1803 2923 versu
1869 2858 2054 3000 19dad
2212 2859 2285 2919 de
2313 2856 2727 2939 reproborum
2745 2855 3328 2936 paenaoccultt'squc
3354 2855 3471 2919 Dei
3484 2854 3758 2937 Judict'is

1572 2994 1577 2998 .
1980 2956 2156 3000 tssert
2191 2956 2293 3000 ur.
3028 2960 3043 2983 ο

1980 2956 2293 3002 tsserttur.
3028 2960 3043 2983 ’

984 3112 1212 3171 CAI’UT
1250 3109 1539 3168 PRIMUM.

543 3215 595 3268 1.
639 3210 803 3266 Error
821 3210 1029 3265 illorum
1055 3210 1141 3281 qui
1160 3210 1214 3263 in
1243 3207 1531 3269 hominibus
1558 3207 1695 3276 quod
1719 3206 1925 3272 habent,
1955 3221 2060 3260 non

472 3302 780 3373 quod‘sunt,
805 3301 1093 3355 attendunt.
1127 3328 1198 3340 —
1225 3300 1339 3369 ipsa
1372 3298 1620 3354 humanae
1664 3307 1693 3336 ι
1740 3298 2061 3355 conditionis

474 3393 704 3463 qualitas
734 3392 934 3448 indicat
960 3407 1119 3463 quam
1166 3392 1322 3463 longe
1362 3391 1522 3445 rebus
1567 3391 1775 3446 caeteris
1819 3397 2057 3459 praestat.

475 3486 605 3541 Nam
628 3486 818 3542 collata
848 3485 1053 3541 homini
1081 3484 1216 3539 ratio
1236 3489 1428 3541 asserit
1456 3494 1709 3554 quantum
1738 3486 1918 3543 omnia
1941 3498 2060 3553 qua:

478 3577 562 3632 vel
596 3578 723 3643 vita,
756 3577 839 3632 vel
873 3592 1055 3645 sensu,
1087 3575 1171 3632 vel
1198 3576 1404 3633 ratione
1436 3586 1639 3646 carent,
1675 3583 1861 3631 natura
1890 3576 2057 3631 ratio-

473 3667 608 3723 nalis
634 3666 918 3723 antecedit.
951 3667 1018 3722 Et
1050 3676 1251 3733 tamen,
1297 3668 1419 3738 quia
1447 3668 1515 3722 ab
1545 3668 1774 3724 internis
1793 3677 1953 3739 atque
1979 3668 2061 3723 in-

473 3760 776 3835 visibilibus
807 3760 994 3816 oculos
1020 3760 1336 3826 claudimus,
1367 3761 1740 3817 etvisibilibus
1770 3761 2058 3830 pascimus,

472 3852 786 3921 plerumque
815 3851 1084 3906 hominem
1115 3865 1219 3906 non
1244 3866 1309 3907 ex
1339 3867 1405 3907 eo
1432 3852 1576 3922 quod
1602 3853 1716 3922 ipse
1739 3861 1846 3920 est,
1870 3853 1964 3909 sed
1991 3868 2061 3909 ex

471 3941 555 3996 his
581 3958 700 4010 quae
745 3942 886 3997 circa
932 3946 1104 4011 ipsum
1132 3951 1256 3997 sunt
1284 3958 1623 3999 veneramur.
1686 3943 1928 4014 Cumque
1953 3960 2060 3999 non

471 4034 742 4087 intuemur
771 4032 901 4101 quid
929 4032 1045 4101 ipse
1072 4032 1160 4097 sit,
1184 4031 1278 4087 sed
1323 4034 1449 4101 quid
1474 4032 1643 4103 possit
1669 4033 1724 4089 in
1748 4033 2062 4103 acceptione

471 4138 848 4195 personarum,
881 4141 987 4181 non
1017 4139 1081 4181 ex
1112 4126 1383 4194 personis,
1415 4126 1509 4182 sed
1522 4110 1596 4182 ex
1624 4127 1783 4182 rebus
1808 4127 2061 4198 adjacen-

472 4212 615 4270 tibus
641 4214 907 4270 ducimur.
953 4218 1145 4284 Sicque
1175 4217 1230 4269 fit
1264 4227 1320 4271 ut
1351 4217 1397 4271 is
1426 4232 1635 4287 quoque
1662 4217 1802 4288 apud
1828 4233 1927 4274 nos
1973 4220 2061 4275 in-

474 4315 562 4363 tus
590 4309 644 4363 in
671 4307 1072 4377 despectionem
1099 4309 1298 4376 veniat,
1330 4310 1417 4377 qui
1450 4308 1579 4364 foris
1604 4310 1917 4379 honoratur,
1939 4312 2063 4381 quia

473 4404 601 4457 dum
632 4416 731 4471 pro
759 4401 843 4457 bis
872 4417 991 4470 quae
1021 4402 1159 4457 circa
1204 4402 1352 4458 illum
1381 4414 1505 4458 sunt
1534 4403 1861 4461 honorabilis
1890 4404 2059 4469 habe-

2086 3109 2135 3172 C
2166 3107 2453 3187 principum
2472 3149 2487 3175 ,
2537 3122 2631 3161 nec
2675 3106 2906 3179 cognovit
2954 3112 3259 3175 tyrannum,
3287 3120 3403 3161 cum
3450 3105 3761 3180 disceptaret

2164 3212 2343 3255 contra
2369 3217 2661 3273 pauperem.
3126 3256 3127 3265 χ

2233 3294 2287 3347 2.
2331 3292 2456 3348 Νοη
2506 3303 2581 3349 est
2624 3294 2850 3364 acceptio
2897 3280 3233 3365 personarum
3279 3293 3423 3364 apud
3465 3291 3653 3349 Deum.
3685 3322 3763 3338 -—

2162 3385 2348 3441 Potest
2367 3393 2542 3449 autem
2567 3401 2662 3455 per
2690 3384 2984 3455 principem
3005 3383 3090 3440 vel
3116 3392 3403 3454 tyrannum
3421 3383 3647 3455 quisque
3672 3398 3763 3440 su-

2162 3477 2359 3548 perbus
2389 3477 2648 3549 intelligi;
2702 3492 2801 3554 per
2848 3492 3138 3547 pauperem
3160 3490 3290 3533 vero
3335 3475 3555 3533 humilis
3611 3476 3761 3533 desi-
3814 3496 3819 3511 -

2161 3568 2340 3639 gnari.
2360 3568 2671 3639 Tyrannum
2697 3583 2827 3641 ergo
2843 3568 3230 3638 disceptantem
3254 3576 3443 3623 contra
3463 3581 3762 3638 pauperem

2164 3678 2273 3718 non
2306 3663 2603 3732 cognoscit,
2634 3661 2757 3732 quia
2785 3660 3051 3732 superbos
3078 3674 3267 3717 omnes
3291 3659 3452 3714 vitam
3488 3674 3632 3715 nunc
3656 3660 3761 3716 bu-

2162 3752 2368 3808 milium
2399 3752 2783 3824 deprimentes,
2813 3752 2867 3808 in
2885 3751 3086 3822 judicio
3114 3750 3329 3807 nescire
3371 3765 3433 3806 se
3483 3749 3759 3820 perhibet,

2163 3848 2346 3903 dicens
2372 3865 2384 3900 :
2419 3844 2613 3907 Nescio
2638 3862 2724 3901 vos
2746 3846 2886 3901 unde
2910 3846 3021 3901 sitis
3045 3843 3198 3914 (Luc.
3230 3858 3343 3907 xm,
3374 3840 3489 3914 25).
3537 3838 3607 3896 Et
3634 3842 3765 3912 quia

2164 3943 2241 3998 sic
2271 3951 2515 4012 potenter
2561 3955 2681 3995 cum
2724 3938 2836 3993 vult
2867 3935 3117 4003 destruit,
3144 3936 3286 3992 sicut
3308 3949 3430 3989 cum
3457 3934 3627 3990 voluit
3654 3950 3764 4007 po-

2166 4043 2338 4090 tenter
2360 4031 2582 4098 creavit,
2615 4039 2739 4101 apte
2767 4028 3137 4085 ratiocinando
3163 4026 3500 4097 subiungitur
3525 4043 3562 4091 ει

2238 4129 2363 4185 iam.
2389 4156 2459 4168 --
2488 4124 2632 4196 Opus
2656 4124 2795 4179 enim
2813 4140 3062 4179 manuum
3088 4124 3201 4195 ejus
3226 4132 3348 4178 sunt
3371 4121 3609 4177 universi.

2237 4220 2384 4294 [Rea
2427 4215 2541 4289 11.]
2581 4222 2753 4287 Atque
2774 4231 2901 4271 mox
2919 4215 3165 4273 subditur
3190 4233 3203 4267 :

2783 4306 3011 4364 CAPUT
3051 4306 3139 4365 ΙΙΙ.

2237 4402 2402 4459 Vens.
2445 4401 2535 4457 20.
2566 4433 2639 4446 —
2666 4400 2851 4457 Subito
2877 4402 3183 4469 morientur,
3230 4408 3278 4457 et
3317 4401 3373 4456 in
3410 4400 3579 4457 media
3602 4404 3763 4460 nocte

473 4504 575 4558 tur,
605 4493 766 4549 rebus
792 4494 906 4549 suis
934 4493 988 4549 iu
1015 4493 1265 4549 examine
1309 4503 1493 4549 nostro
1540 4494 1897 4564 postponitur.
1951 4496 2059 4552 Sed
2088 4504 2138 4565 ι)
2164 4495 2511 4549 curvabuntur
2538 4492 2738 4564 populi,
2770 4503 2818 4547 et
2841 4492 3243 4560 pertransibunt.

467 4584 807 4654 omnipotens
845 4584 986 4641 Deus
1029 4586 1190 4641 vitam
1232 4585 1508 4641 hominum
1556 4601 1621 4643 ex
1665 4586 1777 4642 sola
1804 4587 2063 4656 qualitate

472 4676 763 4745 interrogat
790 4677 1140 4742 meritorum;
1169 4686 1222 4731 et
1249 4690 1393 4746 saepe
1413 4676 1539 4732 inde
1564 4678 1685 4745 plus
1717 4678 1885 4746 punit,
1918 4678 2060 4734 unde

473 4767 558 4823 hic
591 4767 798 4839 majora
852 4770 918 4824 ad
972 4770 1327 4826 ministerium
1379 4770 1624 4837 contulit,
1659 4770 1898 4826 Veritate
1924 4778 2061 4827 atte-

469 4870 665 4929 stante,
710 4878 829 4933 quae
883 4863 999 4919 ait:
1042 4861 1136 4918 Cui
1183 4864 1400 4919 multum
1451 4865 1629 4920 datum
1653 4874 1747 4932 est,
1784 4863 1812 4904 δ
1843 4866 2059 4920 multum

469 4965 725 5024 ametur
766 4955 830 5010 ab
859 4973 917 5012 eo
953 4956 1108 5033 (Luc.
1139 4971 1234 5024 xu,
1263 4956 1377 5026 48).
1412 4955 1567 5014 Unde
1594 4957 1732 5014 bene
1783 4971 1927 5014 nunc
1964 4972 2060 5029 per

468 5045 587 5104 Eliu
609 5046 803 5105 dicitur
825 5065 840 5102 :

1099 5142 1325 5203 CAPUT
1363 5144 1427 5200 Il.

538 5229 670 5290 Car.
711 5249 895 5303 xxnv,
934 5248 1086 5290 vene.
1132 5234 1298 5292 i9.—
1325 5236 1429 5301 Qui
1452 5252 1556 5291 non
1580 5236 1768 5307 accipit
1787 5251 2061 5306 personam

541 5379 568 5410 ι
594 5369 656 5426 in
702 5370 924 5426 Recent.
976 5367 1223 5439 Excusis,
1276 5372 1702 5439 compunctionis.
1744 5369 1951 5425 Nostrae
1980 5371 2057 5426 le-

468 5440 632 5497 ctioni
676 5441 1031 5510 suti‘ragantur
1086 5452 1279 5510 praeter
1303 5452 1415 5499 vet.
1474 5441 1614 5496 Edit.
1669 5457 1799 5498 mss.
1847 5441 2054 5507 Betim,

469 5510 703 5575 Turon.,
736 5510 982 5576 Vindoc.,
1033 5510 1218 5566 Norm.
1254 5522 1308 5568 et
1341 5514 1794 5583 Longipontanus.
1847 5513 1898 5567 in
1948 5529 2058 5582 quo

472 5583 723 5638 undecim
748 5582 871 5637 libri
898 5584 1224 5654 posteriores
1252 5584 1440 5640 Moral.
1464 5582 1734 5654 leguntur.
1766 5584 1932 5641 Favet
1973 5587 2052 5640 in-

471 5669 634 5725 super
661 5654 832 5725 ratio;
861 5653 1133 5725 agit‘enim
1154 5663 1377 5711 sanctus
1402 5653 1692 5725 Gregorius
1719 5656 1787 5712 de
1812 5656 2060 5712 humana:

474 5722 807 5807 conditionis
840 5722 1120 5794 dignitate,
1145 5734 1211 5780 at
1258 5725 1325 5783 de
1354 5722 1765 5798 comminatione
1804 5725 1947 5785 nihil.
1978 5727 2063 5785 di-

472 5805 564 5852 οιι.
1310 5816 1331 5829 ⁹

548 5867 571 5902 ιι
605 5864 829 5931 Ρηιθῑ..
856 5866 1073 5919 multum
1090 5866 1353 5936 queritur.

2238 4585 2640 4657 3.1niquorum
2669 4587 2898 4641 omnium
2926 4602 3063 4642 mors
3102 4586 3292 4652 subita,
3321 4586 3443 4657 quia
3479 4602 3585 4641 non
3625 4604 3762 4659 prce-

2164 4682 2294 4736 visa.
2322 4710 2394 4723 —
2421 4679 2725 4750 Quamlibet
2750 4694 2874 4737 sero
2900 4679 2970 4737 de
2996 4680 3097 4735 hac
3116 4679 3225 4735 vita
3267 4678 3522 4736 tollantur
3561 4681 3760 4752 iniqui,

2167 4773 2345 4829 subito
2381 4782 2434 4829 et
2465 4779 2687 4842 repente
2736 4771 3012 4837 tolluntur,
3061 4771 3185 4842 quia
3226 4770 3388 4828 tinem
3422 4786 3580 4828 suum
3609 4774 3760 4845 cogi-

2165 4864 2328 4919 tando
2358 4863 2653 4934 praevidere
2679 4863 2945 4921 nesciunt.
2972 4863 3217 4920 Subitum
3243 4873 3341 4920 est.
3353 4863 3578 4930 homini,
3611 4866 3763 4937 quod

2164 4966 2289 5014 ante
2310 4957 2543 5027 cogitare
2559 4970 2663 5012 non
2688 4956 2876 5026 potuit.
2900 4955 3091 5014 Subito
3122 4967 3152 5041 ﬁ
3173 4958 3321 5014 dives
3348 4957 3440 5015 ille
3459 4956 3626 5015 tuitus
3645 4971 3760 5029 est,

2167 5050 2256 5121 qui
2286 5050 2478 5139 horrea
2499 5064 2618 5119 qua:
2644 5048 2979 5139 praeparabat
2998 5049 3260 5120 deseruit,
3283 5059 3340 5109 et
3362 5051 3554 5108 inferni
3574 5051 3762 5109 locum

2167 5156 2325 5210 quem
2358 5138 2386 5179 ιι
2415 5155 2523 5196 non
2548 5138 2879 5213 praevidebat
2905 5142 3130 5199 invenit.
3178 5143 3262 5199 Ad
3292 5144 3434 5201 aliud
3456 5145 3766 5202 exercebat

2168 5234 2401 5290 animam
2432 5247 2529 5304 per
2572 5232 2970 5304 cogitationem,
3020 5232 3119 5290 sed
3156 5234 3226 5290 ad
3261 5233 3406 5290 aliud
3452 5235 3634 5292 emisit
3661 5250 3766 5308 per

2236 5379 2258 5451 ξε
2290 5368 2512 5425 Vindoc.
2546 5376 2602 5451 et
2630 5336 2879 5451 Praltelq’
2904 5370 3042 5451 dives
3088 5369 3178 5451 ille
3214 5371 3599 5451 sublatus-est,-
3634 5373 3763 5451 γει.
3807 5334 3817 5411 ἶ

2163 5439 2292 5505 Ed.,
2346 5450 2508 5523 etc_.,_
2526 5440 2663 5495 dives
2701 5440 2789 5523 ille
2808 5439 3211 5523 Iaptusestaln
3239 5439 3417 5523 Golb.,
3445 5443 3537 5498 ille
3562 5446 3766 5501 stultus

2161 5524 2343 5579 raptus
2372 5520 2464 5565 est.
2487 5510 2544 5564 in
2575 5519 2775 5566 recent.
2806 5510 2933 5578 Ed.,
2960 5512 3099 5565 dives
3127 5512 3217 5566 ille
3242 5510 3430 5569 stultus
3458 5525 3637 5581 raptus
3654 5528 3762 5573 est.

2164 5583 2264 5639 Ubi
2308 5582 2500 5664 procul
2546 5581 2709 5663 dubio
2758 5581 3079 5664 Editoresin
3110 5582 3238 5664 Mss.
3295 5584 3540 5664 legerunt
3568 5588 3765 5642 statuas

2165 5667 2263 5736 pro
2285 5651 2478 5736 tuitus,
2517 5651 2669 5736 cuius
2697 5653 2857 5736 vocis
2894 5651 3602 5736 significatiopem'fortasse
3643 5674 3762 5716 non

2166 5723 2555 5795 intelligebant.
2581 5723 2669 5780 Sic
2692 5732 2870 5778 tamen
2898 5724 3089 5795 legitur
3108 5725 3164 5781 in
3186 5723 3370 5784 Baluz.
3398 5727 3476 5786 De
3497 5727 3599 5786 hac
3617 5744 3762 5789 voce

2165 5795 2273 5863 iam
2305 5795 2543 5848 diximus
2574 5796 2621 5863 Ι.Δ
2644 5810 2726 5863 tu,
2758 5808 2905 5849 num.
2937 5795 3027 5848 22.

2240 5862 2265 5901 ἀ
2301 5866 2480 5919 Bolus.
2511 5872 2565 5919 et
2584 5860 2765 5929 Golb.,
2789 5876 2887 5918 non
2919 5868 3260 5931 pratparabat.
