4066 6348
360 340 460 398 521

1136 343 1491 402 MORALIUM
1534 345 1661 401 LIB.
1707 345 1872 401 ΧΧνο.
1913 373 1982 385 —
2011 341 2074 398 IN
2111 340 2338 398 CAPUT
2381 341 2598 398 XXXIV
2637 342 2698 399 Β.
2738 342 2854 397 JOB

3519 333 3626 390 322

357 453 719 520 sententiam;
757 455 898 510 aliud
951 456 1076 512 dum
1125 461 1330 515 viveret
1375 462 1768 530 contemplatus
1821 470 1938 524 est,
1966 463 2021 523 Α
2046 456 2185 512 bene
2215 458 2284 514 de
2310 460 2661 517 morientibus
2693 469 3025 528 nequaquam
3074 450 3362 508 transibunt
3406 449 3627 518 dicitur,

355 546 500 602 aliud
555 547 682 601 dum
733 557 1032 603 moreretur
1069 559 1342 618 expertus.
1393 550 1629 620 Reliquit
1665 551 1808 606 enim
1848 551 1938 605 diu

356 646 581 692 tractata
603 639 934 706 temporalia,
957 650 1012 695 et
1035 641 1302 710 inopinata
1321 642 1526 698 invenit
1543 653 1761 699 mterna.
1783 643 1938 698 Unde

354 730 405 784 ei
433 737 656 800 propter
682 734 815 785 banc
839 733 1195 802 ignorantiam
1225 737 1482 791 caecitatis
1530 753 1639 792 suae
1670 737 1806 793 bene
1839 752 1939 807 per

267 817 272 821 ’
353 819 590 876 divinam
619 823 939 878 sententiam
969 824 1162 880 dicitur
1194 841 1208 880 :
1246 826 1358 880 Hac
1386 836 1530 882 nocte
1554 837 1787 898 repetunt
1825 842 1938 882 am-

353 930 488 968 mam
519 923 660 969 tuam
685 924 786 969 ate
813 916 962 987 (Luc.
990 934 1086 985 xu,
1117 917 1233 990 20).
1271 920 1330 974 In
1358 929 1516 976 nocte
1535 923 1732 992 quippe
1760 921 1937 978 ablata

349 1014 458 1071 est,
487 1021 607 1074 quae
648 1007 702 1061 in
753 1007 1078 1064 obscuritate
1127 1018 1209 1065 est
1237 1011 1416 1066 cordis
1443 1013 1661 1067 amissa.
1695 1013 1750 1067 In
1780 1025 1936 1070 nocte

347 1093 531 1149 ablata
563 1105 667 1160 est,
698 1112 818 1165 qua:
850 1097 1290 1154 considerationis
1319 1101 1493 1155 lucem
1522 1101 1720 1157 habere
1741 1103 1931 1167 noluit,

350 1195 411 1241 ut
441 1188 586 1257 quod
614 1195 825 1259 poterat
856 1191 966 1261 pati
991 1191 1326 1260 praevideret.
1355 1193 1506 1250 Unde
1535 1195 1670 1251 bene
1697 1195 1934 1264 discipu-

345 1279 415 1333 lis
443 1274 625 1336 l'utur'a
656 1283 1013 1353 cogitantibus
1054 1283 1249 1339 Paulus
1286 1286 1560 1355 apostolus
1599 1287 1726 1341 dicit
1777 1304 1788 1339 :
1829 1285 1934 1341 Vos

344 1381 519 1426 autem
539 1378 744 1442 fratres,
770 1391 872 1428 non
898 1376 1017 1429 estis
1043 1376 1095 1430 in
1119 1377 1353 1443 tenebris,
1385 1387 1440 1431 ut
1469 1395 1554 1433 vos
1575 1379 1678 1432 dies
1710 1378 1801 1433 illa
1824 1387 1935 1432 tan-

343 1479 501 1533 quam
542 1467 630 1535 fur
669 1466 1083 1536 comprehendat.
1131 1466 1318 1522 Omnes
1368 1470 1501 1522 enim
1537 1487 1623 1524 vos
1666 1472 1762 1538 ﬁlii
1806 1471 1934 1525 luris

341 1555 482 1620 estis,
537 1565 583 1608 et
621 1556 719 1624 ﬁlii
756 1557 893 1624 diei;
924 1561 1024 1611 non
1052 1573 1227 1613 sumus
1258 1562 1418 1613 noctis
1440 1577 1598 1634 neque
1617 1561 1933 1616 tenebrarum

342 1646 396 1717 (Ι
423 1647 610 1703 Thess.
635 1664 690 1715 v,
735 1649 812 1720 4).
846 1651 970 1706 Dies
987 1652 1128 1706 enim
1157 1654 1330 1709 exitus
1362 1662 1612 1725 tauquam
1643 1655 1726 1710 fur
1756 1657 1808 1710 in
1839 1671 1933 1711 no-

342 1748 432 1822 cte
456 1741 885 1810 comprehendit,
917 1745 1131 1814 quando
1161 1746 1443 1800 stultorum
1497 1747 1702 1801 animas
1758 1747 1931 1801 futura

344 1851 458 1890 non
483 1835 837 1904 praevidentes
863 1837 1029 1909 ejicit.
1059 1838 1213 1894 [Inde
1232 1839 1314 1894 hic
1342 1854 1550 1910 quoque
1571 1848 1694 1908 apte
1710 1841 1930 1910 subjun-
1958 1849 2008 1913 Β

348 1923 491 1996 gitur
521 1944 532 1978 :
558 1926 622 1980 Et
648 1928 901 1982 in'media
926 1939 1070 1983 nocte
1100 1930 1440 1984 curvabuntur
1476 1932 1675 2016 populi,
1716 1941 1763 1984 et
1814 1949 1930 2003 per-

351 2018 650 2073 transibunt.
677 2019 733 2075 ln
762 2021 937 2078 media
956 2031 1112 2077 nocte
1139 2023 1346 2078 curvati
1376 2032 1770 2093 pertranseunt,
1792 2033 1818 2061 ιι
1840 2024 1931 2094 qui

346 2110 670 2167 obscuritate
689 2125 804 2168 suae
824 2115 1158 2185 negligentia:
1181 2115 1442 2170 ltumiliati
1469 2116 1766 2185 rapiuntur.
1783 2116 1932 2171 Tunc

340 2203 711 2259 curvabuntur
733 2219 827 2276 per
847 2202 1166 2262 sententiam
1184 2207 1404 2276 judicis‘,
1433 2209 1522 2278 qui
1554 2223 1695 2263 nunc
1721 2208 1930 2264 curvari

338 2295 616 2365 negligunt
645 2311 742 2366 per
769 2297 1124 2355 humilitatem
1155 2299 1354 2354 cordis.
1406 2300 1574 2354 Electi
1630 2310 1806 2356 autem
1862 2316 1932 2356 ne

335 2382 500 2440 inviti
530 2395 816 2444 curventur
845 2389 899 2443 in
928 2398 1123 2457 morte,
1155 2399 1345 2459 Sponte
1370 2400 1658 2447 curvantur
1682 2393 1732 2446 in
1757 2393 1932 2448 humi-

337 2476 516 2533 litate.
554 2479 708 2536 Unde
738 2490 936 2536 sanctaa
964 2482 1218 2538 Ecclesia:
1247 2484 1314 2538 de
1343 2498 1600 2540 conversa
1634 2483 1784 2553 prole
1810 2500 1931 2552 per-

337 2582 649 2627 secutorum
692 2572 887 2628 dicitur
919 2592 933 2628 :
969 2574 1185 2629 Venient
1224 2576 1292 2628 ad
1331 2585 1379 2630 te
1408 2577 1545 2630 curvi
1591 2576 1689 2645 ﬁlii
1731 2593 1928 2646 eorum,

319 2663 427 2730 -qui
451 2663 841 2719 humiliaverunt
871 2674 918 2720 te
938 2665 1092 2738 (Isai.
1124 2683 1212 2734 ιι,
1245 2667 1357 2740 14).

413 2756 470 2811 4.
522 2756 637 2812 Vita
675 2758 895 2814 hominis
915 2770 1026 2831 post
1062 2771 1347 2828 peccatum,
1379 2763 1620 2816 transitus
1649 2771 1721 2817 est
1745 2779 1762 2817 :
1785 2779 1930 2818 secus

339 2860 463 2905 ante
499 2864 784 2922 peccatum.
812 2885 884 2898 -
912 2854 980 2908 Ει
1029 2855 1165 2910 bene
1205 2855 1274 2909 de
1327 2857 1673 2911 morientibus
1723 2858 1929 2926 populis

338 2959 450 3000 non
479 2945 592 2999 ait:
624 2946 973 3014 Transrbunt,
1012 2949 1108 3004 sed
1138 2950 1540 3017 pertransibunt,
1591 2951 1715 3019 quia
1769 2951 1928 3005 etiam

339 3035 572 3092 vivendo
600 3039 964 3108 temporaliter
987 3041 1226 3110 quotidie
1253 3043 1320 3096 ad
1351 3043 1513 3097 ﬁnem
1557 3043 1844 3112 tendimus,
1874 3052 1931 3099 et

339 3139 661 3200 prmsentem
710 3133 875 3188 vitam
916 3138 1065 3204 quasi
1115 3136 1400 3205 quamdam
1439 3137 1578 3191 viam
1630 3136 1928 3206 subigendo

243 3270 246 3272 .
341 3225 655 3279 transimus.
686 3225 797 3280 Hoc
827 3226 1002 3294 ipsum
1031 3227 1173 3282 enim
1199 3226 1225 3264 δ
1253 3227 1539 3282 morituros
1568 3226 1751 3281 vivere
1776 3227 1929 3296 quasi
1954 3229 2001 3292 C

341 3316 410 3371 ad
442 3326 670 3372 mortem
703 3318 781 3372 ire
828 3328 930 3374 est.
987 3319 1055 3380 Et
1109 3328 1239 3388 quot
1284 3319 1399 3375 dies
1431 3321 1557 3374 vita:
1605 3320 1932 3390 peragimus,

343 3412 495 3479 quasi
541 3411 594 3464 in
651 3411 841 3466 itinere
891 3411 957 3466 ad
1004 3413 1179 3466 locum
1218 3412 1548 3482 propositum
1578 3420 1655 3467 tot
1683 3414 1934 3482 passibus

340 3503 792 3574 propinquamus.
813 3504 931 3574 lpsa
947 3506 1144 3574 quippe
1164 3514 1449 3575 augmenta
1469 3506 1787 3560 detrimenta
1810 3514 1932 3563 sunt

344 3602 675 3664 temporum,
705 3596 830 3665 quia
856 3598 978 3651 vita:
1007 3604 1205 3651 nostra:
1231 3597 1399 3666 spatia
1431 3605 1625 3666 quanta
1677 3613 1797 3653 esse
1823 3613 1933 3652 ca:-

344 3686 540 3754 perint,
573 3687 832 3756 incipiunt
857 3688 965 3756 jam
998 3697 1139 3742 tanta
1173 3703 1278 3742 non
1308 3704 1445 3743 esse.
1481 3688 1628 3761 [Ven
1679 3687 1789 3759 11.]
1818 3690 1933 3744 Pri-

344 3796 466 3836 mus
497 3796 626 3837 vero
656 3784 815 3838 homo
842 3783 915 3836 ita
953 3783 1199 3838 conditus
1239 3783 1373 3850 fuit,
1425 3791 1483 3837 ut
1530 3791 1782 3838 manente
1839 3783 1932 3838 illo

344 3874 670 3931 decederent
697 3884 962 3945 tempora,
987 3890 1055 3930 ne
1098 3891 1218 3930 cum
1253 3875 1582 3945 temporibus
1611 3876 1725 3944 ipse
1756 3883 1933 3931 trans-

343 3969 470 4024 iret.
525 3951 713 4024 Stabat
759 3971 900 4024 enim
971 3949 1256 4024 momentis
1306 3968 1750 4034 decurrentibus,
1808 3968 1932 4038 quia

345 4082 683 4138 nequaquam
706 4067 774 4122 ad
796 4066 918 4122 vita!
946 4069 1233 4122 terminum
1255 4080 1351 4137 per
1369 4067 1574 4121 dierum
1598 4065 1931 4121 incrementa

345 4159 620 4216 tendebat.
692 4159 880 4215 Stabat
934 4167 1084 4214 tanto
1139 4159 1409 4214 robustius
1465 4169 1663 4227 quanto
1717 4171 1932 4226 semper

344 4253 512 4308 stanti
541 4264 563 4292 ε
591 4254 793 4316 arctius
832 4254 1144 4309 inhaerebat.
1182 4255 1250 4308 At
1283 4254 1374 4308 ubi
1416 4254 1639 4309 vetitum
1683 4255 1928 4324 contigit,

346 4361 476 4402 mox
506 4346 669 4417 789
695 4346 904 4401 oll'enso
933 4353 1177 4401 creatore
1203 4346 1366 4416 coepit
1389 4345 1469 4401 ire
1496 4360 1615 4400 cum
1665 4356 1926 4414 tempore.

341 4439 502 4494 Statu
531 4438 780 4492 videlicet
837 4437 1253 4493 immortalitatis
1295 4437 1518 4500 amisso,
1566 4452 1756 4492 cursus
1805 4429 1926 4491 eum

342 4529 688 4585 mortalitatis
715 4528 993 4584 absorbuit
1022 4527 1235 4598 (Genes.
1265 4541 1347 4592 ιιι,
1379 4528 1460 4596 4).
1491 4529 1564 4582 Et
1587 4529 1710 4582 dum
1735 4528 1927 4598 juven-

2038 549 2135 606 sed
2165 552 2566 621 pertransibunt,
2597 552 2718 621 quia
2749 558 3026 604 transeunt
3051 546 3211 602 etiam
3243 545 3371 600 dum
3414 543 3622 609 vivunt,

2036 642 2132 698 sed
2154 649 2528 714 pertranseunt
2555 645 2680 700 dum
2713 644 3013 699 moriuntur
3045 658 3058 695 :
3094 638 3364 710 Sequitur.

2466 777 2694 835 CAPUT
2733 777 2800 832 IV
2840 775 2989 848 [Rec.
3034 773 3176 847 III].

2108 885 2248 940 Ibid.
2272 918 2341 926 ——
2372 887 2438 941 Et
2468 891 2700 957 auferent
2722 887 2994 942 violentum
3022 886 3209 955 absque
3229 901 3405 940 manu.

2109 979 2164 1035 5.
2205 977 2418 1050 Iniquos
2446 996 2548 1034 non
2580 980 2793 1048 prrevisa
2839 977 2938 1031 Dei
2988 994 3169 1031 manus
3215 977 3284 1030 ad
3315 977 3626 1046 supplicium

2036 1071 2194 1140 rapit.
2218 1101 2289 1112 —-
2315 1072 2583 1127 Subaudis
2612 1070 2792 1126 divina
2814 1067 3035 1138 judicia.
3061 1069 3277 1138 Absque
3306 1084 3466 1124 manu
3490 1084 3623 1125 vero

2036 1164 2279 1220 auferent
2309 1179 2430 1219 eum
2461 1166 2550 1234 qui
2578 1180 2737 1219 manu
2766 1163 3034 1217 violentus
3059 1161 3179 1216 fuit.
3217 1162 3434 1231 Absque
3456 1177 3616 1216 manu

2036 1256 2302 1324 auferent,
2333 1259 2457 1329 quia
2481 1260 2731 1316 videlicet
2752 1260 2930 1315 subito
2958 1260 3104 1314 exitu
3135 1269 3355 1330 urgente
3387 1259 3627 1315 invisibi-

2035 1348 2156 1402 liter
2186 1351 2414 1415 rapitur,
2448 1351 2539 1418 qui
2564 1351 2849 1406 visibiliter
2877 1351 3140 1421 rapiebat.
3174 1351 3318 1405 Vidit
3345 1343 3462 1421 ipse
3491 1367 3626 1421 quos

2035 1441 2231 1509 rapuit,
2264 1441 2360 1496 sed
2406 1442 2524 1512 quis
2570 1443 2720 1498 illum
2769 1443 2820 1496 in
2877 1453 3049 1498 morte
3086 1444 3258 1512 rapiat
3307 1458 3412 1498 non
3463 1444 3625 1500 videt.

2035 1532 2254 1603 Absque
2279 1549 2441 1589 manu
2471 1549 2600 1604 ergo
2628 1535 2894 1591 violentus
2925 1536 3187 1599 aufertur,
3217 1534 3338 1604 quia
3369 1544 3424 1590 et
3445 1547 3629 1604 rapto-

2035 1639 2149 1679 rem
2196 1639 2350 1680 suum
2394 1641 2501 1680 non
2546 1627 2809 1693 intuetur,
2837 1636 2894 1682 et
2934 1636 3111 1682 tamen
3159 1617 3393 1687 ducitur.
3456 1628 3624 1694 Quem

2035 1727 2182 1773 tanto
2197 1719 2437 1788 sequitur
2457 1721 2753 1775 districtior
2772 1721 3057 1786 sententia,
3085 1731 3284 1790 quanto
3305 1721 3544 1789 peccanti
3572 1722 3623 1774 ei

2034 1824 2221 1880 magna
2251 1819 2334 1864 est
2360 1807 2386 1846 ά
2415 1811 2670 1878 patientia
2707 1820 3010 1881 prorogata,
3056 1813 3179 1879 quia
3206 1812 3382 1865 divina
3412 1812 3619 1866 severi-

2032 1909 2112 1954 tas
2144 1916 2210 1955 eo
2239 1902 2478 1970 iniquum
2528 1901 2704 1956 acrius
2751 1902 2924 1970 punit,
2981 1916 3086 1971 quo
3139 1901 3336 1956 diutius
3383 1903 3623 1970 pertulit.

2033 1993 2189 2062 Saepe
2217 2009 2345 2049 vero
2371 1993 2569 2062 evenit,
2602 2003 2658 2047 ut
2703 1992 2828 2046 dum
2877 2001 3186 2062 peccatores
3232 2006 3460 2062 superna
3514 1993 3625 2048 cle-

2033 2086 2232 2139 mentia
2258 2093 2553 2152 exspectat,
2589 2086 2640 2138 in
2667 2085 2929 2154 majorem
2959 2083 3137 2138 cordis
3164 2085 3465 2138 caecitatem
3504 2099 3629 2153 pro-

2034 2178 2237 2232 siliant.
2292 2178 2443 2232 Unde
2473 2178 2732 2246 scriptum
2769 2185 2886 2230 est:
2921 2175 2999 2228 An
3045 2175 3275 2246 ignoras,
3321 2175 3444 2245 quia
3490 2175 3631 2228 beni-

2032 2275 2202 2343 gnitas
2233 2271 2328 2324 Dei
2356 2273 2423 2324 ad
2451 2271 2797 2340 pmnitentiam
2837 2278 2884 2324 te
2935 2269 3190 2322 adducit?
3238 2267 3318 2321 Tu
3346 2278 3517 2322 autem.
3545 2285 3628 2322 se-

2033 2367 2260 2420 cundum
2288 2366 2530 2420 duritiam
2576 2375 2715 2419 tuam
2758 2373 2803 2417 et
2831 2379 2918 2418 cor
2951 2364 3288 2434 imptenitens,
3319 2361 3631 2416 thesaurisas

2034 2459 2126 2513 tibi
2152 2459 2284 2512 iram
2309 2459 2361 2511 in
2413 2460 2495 2511 die
2539 2459 2650 2518 ine,
2682 2466 2729 2512 et
2766 2455 3084 2509 reuelationis
3125 2456 3258 2526 justi
3295 2455 3484 2527 judicii
3529 2453 3630 2509 Dei
3721 2482 3731 2492 Ι

2033 2551 2214 2622 (Rom.
2238 2567 2298 2616 ιι,
2326 2548 2411 2617 li):
2439 2549 2510 2604 Et
2527 2564 2655 2604 ecce
2687 2549 2813 2602 dum
2841 2547 3109 2601 violentus
3136 2546 3360 2616 quisque
3381 2561 3518 2616 quos
3541 2562 3629 2601 va-

2031 2641 2196 2697 luerit
2221 2644 2377 2711 rapit,
2401 2641 2528 2696 dum
2553 2639 2816 2694 invalidos
2833 2638 3173 2708 opprimit,et
3196 2638 3321 2692 dum
3348 2637 3436 2691 diu
3455 2653 3614 2691 omne

2031 2735 2173 2805 quod
2203 2737 2448 2804 nequiter
2476 2730 2806 2799 concupiscit
2853 2739 3091 2793 exercet,
3136 2728 3260 2799 quia
3308 2743 3416 2783 non
3446 2729 3624 2783 subito

2035 2827 2347 2896 percutitur,
2381 2825 2473 2880 sed
2503 2823 2620 2894 ejus
2645 2825 2695 2876 in
2728 2821 2887 2876 ﬁnem
2916 2835 3072 2890 paena
3099 2819 3367 2886 dilfertur,
3401 2819 3619 2888 nequis-

2034 2919 2170 2974 sima
2205 2917 2321 2986 ejus
2350 2918 2492 2971 actio
2539 2930 2569 2970 a
2617 2915 2726 2970 Deo
2779 2913 2949 2968 videri
3005 2926 3113 2967 non
3161 2910 3418 2967 creditur.
3479 2910 3631 2966 Unde

2034 3020 2157 3082 apte
2179 3019 2462 3082 postquam
2488 3009 2608 3080 ejus
2646 3009 2883 3064 narravit
2911 3006 3206 3072 interitum,
3240 3005 3383 3062 illico
3416 3007 3484 3062 de
3522 3006 3628 3062 Do-

2036 3103 2184 3160 mino
2213 3103 2476 3172 adjungit,
2502 3101 2689 3158 dicens
2715 3117 2728 3156 :

2660 3211 2885 3270 CAPUT
2923 3212 2988 3268 V.

2109 3329 2273 3385 Vens.
2305 3329 2396 3382 21.
2423 3358 2494 3369 —-
2533 3329 2686 3384 Oculi
2709 3328 2845 3383 enim
2867 3327 2976 3398 eius
3019 3341 3173 3398 super
3201 3325 3307 3380 vias
3338 3324 3622 3392 hominum,

2037 3436 2084 3480 et
2110 3440 2282 3478 omnes
2313 3441 2515 3494 gressus
2543 3439 2717 3480 eorum
2741 3423 3048 3477 considerat.

2109 3516 2161 3570 6.
2205 3515 2374 3569 Stulte
2401 3525 2448 3569 et
2473 3515 2626 3586 impie
2651 3521 2886 3584 peccator
2915 3529 2977 3566 ex
3017 3513 3112 3566 Dei
3143 3512 3390 3582 patientia
3410 3513 3622 3583 cogitat,

2037 3623 2132 3658 sua
2157 3607 2359 3676 ﬂagitia
2384 3615 2472 3660 aut
2493 3622 2593 3659 non
2620 3604 2779 3658 videri
2801 3621 2832 3656 a
2867 3602 2998 3669 Deo,
3031 3613 3122 3655 aut
3151 3603 3448 3672 approbari.
3483 3602 3626 3656 Ocu-

2037 3699 2112 3751 los
2142 3699 2332 3767 aperiet
2382 3714 2547 3768 paena,
2595 3713 2720 3767 quos
2772 3696 2923 3765 culpa
2953 3696 3157 3749 clausit.
3199 3726 3267 3736 —
3299 3695 3448 3750 Tunc
3475 3696 3624 3750 enim

2037 3804 2376 3860 nequaquam
2418 3789 2762 3844 considerare
2809 3788 3140 3854 credebatur,
3178 3787 3396 3859 quando
3420 3788 3625 3842 violen-

2035 3891 2121 3935 tus
2150 3883 2252 3938 iste
2280 3896 2439 3937 omne
2462 3881 2660 3936 malum
2684 3881 2826 3950 quod
2846 3879 3237 3950 poteratinulte
3260 3879 3622 3950 perpetrabat.

2034 3974 2421 4030 IEstimabatur
2450 3975 2593 4030 Deus
2625 3984 2648 4011 ο
2675 3974 2862 4045 injusti
2905 3983 3025 4030 aeta
3075 3988 3181 4029 non
3228 3987 3468 4038 cernere,
3503 3971 3628 4042 quia

2033 4070 2313 4126 dilferebat
2354 4071 2496 4140 justc
2525 4072 2810 4129 damnare:
2860 4079 2914 4125 et
2962 4084 3152 4138 magna
3208 4067 3324 4139 ejus
3370 4064 3626 4138 patientia

2032 4163 2183 4233 quasi
2206 4163 2448 4233 quaedam
2476 4163 2796 4234 negligentia
2828 4161 3380 4231 putabatur/Iniquus
3409 4172 3624 4230 quoque

2033 4253 2147 4322 ipse
2171 4255 2327 4308 toties
2358 4269 2416 4309 se
2443 4254 2499 4309 in
2520 4253 2756 4324 peccatis
2781 4253 2891 4309 suis
2913 4268 3019 4308 non
3048 4252 3216 4308 videri
3251 4266 3280 4305 a
3307 4251 3420 4307 Deo
3450 4249 3626 4305 credi-

2032 4346 2132 4413 dit,
2155 4347 2366 4416 quoties
2393 4345 2563 4402 inulte
2585 4342 2844 4415 peccavit.
2869 4345 2965 4400 Cui
2988 4359 3083 4414 per
3109 4343 3394 4414 quemdam
3422 4341 3626 4412 sapien-

2033 4446 2137 4493 tem
2161 4439 2400 4496 dicitur:
2443 4438 2528 4492 Ne
2552 4438 2714 4504 dicas,
2762 4439 2986 4510 peccavi,
3034 4445 3080 4491 et
3117 4437 3240 4507 quid
3281 4436 3471 4489 accidit
3499 4433 3626 4488 mihi

2032 4531 2176 4584 triste
2199 4529 2392 4602 (Eccli.
2416 4545 2469 4595 v,
2487 4529 2584 4601 4)?
2608 4529 2907 4586 Emendare
2924 4544 3028 4583 non
3054 4529 3166 4582 vult
3188 4527 3625 4599 nequitiam,'pro

344 4632 461 4678 tute
481 4622 548 4677 ad
575 4621 806 4688 senium,
857 4621 1010 4675 senio
1042 4619 1342 4675 traheretur
1369 4619 1437 4672 ad
1468 4613 1716 4686 mortem,
1748 4629 1926 4674 trans-
1953 4610 2008 4672 D
2031 4637 2131 4691 qua
2160 4623 2373 4693 dignam
2405 4637 2510 4676 non
2549 4621 2765 4692 pertulit
2795 4634 3041 4689 ptenam;
3073 4630 3127 4674 et
3173 4634 3282 4690 quo
3314 4619 3401 4688 pie
3424 4632 3621 4689 exspe-

342 4713 524 4770 eundo
568 4713 750 4768 didicit
785 4711 976 4767 stando
1004 4710 1131 4781 quid
1175 4709 1292 4765 iuit.
1353 4709 1516 4779 Cujus
1559 4725 1659 4766 nos
1710 4710 1832 4779 quia
1862 4711 1929 4766 de

341 4804 638 4877 propagine
665 4805 958 4870 nascimur,
988 4802 1190 4858 radicis
1217 4801 1625 4856 amaritudinem
1671 4802 1822 4871 quasi
1874 4804 1927 4857 in

342 4900 577 4970 virgulto
606 4897 917 4955 retinemus.
948 4896 1080 4952 Nam
1105 4897 1229 4967 quia
1271 4909 1338 4950 ex
1365 4895 1456 4951 illo
1495 4885 1756 4964 originem
1783 4895 1932 4950 duci-

340 5007 488 5060 mus,
510 4990 628 5062 ejus
647 5006 862 5046 cursum
885 4989 1154 5045 nascendo
1179 4988 1458 5052 sortimur,
1487 4996 1626 5043 uteo
1650 4986 1766 5055 ipso
1790 5001 1929 5058 quo-

338 5083 550 5141 tidiano
606 5088 880 5138 momento
930 5095 1038 5149 quo
1093 5077 1320 5133 vivimus
1369 5079 1702 5133 incessanter
1753 5093 1782 5131 a
1817 5077 1926 5133 vita

339 5185 704 5241 transeamus,
752 5181 807 5226 et
836 5170 1047 5225 vivendi
1074 5169 1231 5225 nobis
1256 5169 1487 5237 spatium
1512 5169 1655 5224 unde
1681 5183 1926 5225 crescere

337 5267 599 5333 creditur,
622 5265 748 5320 inde
769 5259 1066 5320 decrescat.
1101 5262 1231 5328 Quia
1267 5276 1396 5332 ergo
1424 5261 1490 5316 ad
1517 5275 1780 5317 summam
1812 5277 1925 5318 mo-

337 5357 520 5414 riendi
576 5355 815 5429 quotidie
863 5353 1133 5408 tendimus
1176 5367 1272 5422 per
1317 5353 1647 5410 incrementa
1690 5353 1925 5420 vivendi,

417 5504 445 5533 ι
473 5493 721 5561 Vindoc.,
746 5494 834 5564 qui
857 5493 909 5546 in
930 5489 1251 5564 obscuritate.

414 5565 444 5605 δ
473 5567 698 5632 Turon.,
730 5562 990 5618 morituris
1021 5562 1200 5632 vivere.

417 5648 440 5675 ε
474 5638 550 5691 Ita
580 5631 805 5702 Turon.,
837 5635 1087 5697 Vindoc.,
1121 5631 1329 5696 Baluz.,
1373 5631 1526 5705 Colb.
1584 5637 1638 5685 et
1685 5632 1933 5705 plerique

341 5709 532 5764 Norm.
557 5707 697 5762 Editi
731 5712 1001 5759 mutarunt
1032 5704 1222 5756 arctius
1248 5706 1299 5756 in
1327 5703 1610 5755 ardentius.

417 5777 446 5816 ἀ
490 5779 697 5844 Baluz.,
727 5775 906 5836 Colb..
934 5774 1149 5831 Ebroic.
1181 5783 1236 5830 et
1265 5772 1436 5840 Prat.,
1465 5774 1714 5844 patientia
1738 5792 1931 5846 prtem.

346 5859 489 5921 gata.

2032 4721 2206 4768 ctatus
2235 4725 2335 4777 est,
2369 4727 2436 4767 eo
2462 4720 2547 4768 est
2573 4712 2639 4766 ad
2667 4711 3003 4782 peccandum
3032 4710 3274 4780 nequiter
3302 4710 3617 4782 instigatus;

2037 4801 2058 4842 ¹
2095 4812 2148 4859 et
2187 4804 2462 4874 patientia:
2489 4817 2735 4872 superna:
2791 4801 3248 4872 longanimitatem
3274 4801 3627 4871 .despiciens,
3713 4866 3715 4868 _

2032 4895 2178 4951 unde
2204 4895 2472 4965 corrigere
2502 4895 2712 4965 culpam
2742 4909 2891 4949 suam
2918 4894 3120 4960 debuit,
3152 4894 3278 4950 inde
3304 4895 3623 4960 cumulavit,
3710 4951 3712 4953 .

2035 4988 2181 5043 sicut
2208 5003 2304 5057 per
2329 4987 2576 5042 eumdem
2606 4986 2709 5042 Job
2737 4987 2969 5042 dicitur:
3021 4987 3174 5041 Dedit
3218 4989 3266 5042 ei
3294 4985 3434 5042 Deus
3464 4988 3628 5042 locum

2036 5081 2360 5152 paenitentiae,
2391 5089 2439 5134 et
2465 5080 2552 5133 ille
2579 5080 2808 5134 abutitur
2833 5097 2890 5134 eo
2915 5081 2970 5134 in
3012 5080 3251 5148 superbia
3305 5079 3426 5150 (Job
3477 5095 3623 5142 XXIV,

2033 5170 2151 5243 25).
2178 5173 2333 5242 Saepe
2354 5173 2537 5238 etiam,
2567 5171 2694 5241 quia
2721 5186 2932 5241 poenam
2955 5186 3115 5241 quam
3142 5179 3379 5226 meretur
3405 5178 3628 5237 repente

2033 5278 2140 5319 non
2172 5261 2418 5333 suscipit,
2451 5265 2554 5317 hoc
2596 5263 2770 5332 ipsum
2802 5263 2914 5319 Deo
2942 5277 3049 5318 non
3079 5263 3311 5318 aestimat
3339 5261 3626 5331 displicere

2033 5357 2177 5426 quod
2209 5356 2510 5430 facit.[Vet.
2533 5355 2683 5428 111.]
2709 5357 2810 5412 Eat
2831 5358 3010 5428 itaque
3032 5371 3197 5418 nunc.
3224 5364 3250 5402 ε
3280 5362 3337 5408 et
3361 5354 3430 5410 ad
3460 5369 3626 5424 quas-

2113 5502 2136 5530 ο
2176 5493 2255 5549 lta
2295 5494 2524 5560 Turon.,
2581 5494 2786 5559 Baluz.,
2845 5492 3020 5560 Colb.,
3065 5490 3322 5558 .Vindoc.,
3377 5491 3629 5563 Longip.,

2036 5562 2352 5634 Not-manui,
2384 5568 2475 5621 ubi
2498 5567 2640 5620 Editi
2669 5566 2885 5627 habent,
2916 5567 3110 5634 injuste
3135 5572 3276 5634 acta.

2115 5633 2140 5706 ξ
2179 5637 2288 5699 AL,
2319 5648 2367 5690 et
2397 5637 2696 5706 patientiam
2732 5633 2975 5703 supernae
3000 5633 3427 5705 longanimitatis,
3456 5643 3516 5690 ut
3545 5643 3630 5691 est

2039 5707 2092 5760 in
2125 5705 2314 5760 Baluz.
2353 5705 2408 5760 et
2435 5707 2594 5760 Colb.

2112 5777 2402 5900 BdI’ratel.,
2448 5785 2497 5830 et
2543 5777 2611 5830 ad
2654 5776 2955 5848 quemlibet,
3003 5775 3377 5847 blasphemiam
3433 5793 3631 5849 praesu-

2112 5864 2155 5900 rn
2196 5863 2246 5900 ο.

2042 5863 2246 5902 menao.
