4024 6352
538 293 643 349 325

1733 292 1985 354 sanan
2023 295 2358 374 GREGORII
2396 297 2610 358 uacui

3677 319 3764 384 ιιι

535 407 666 464 libet
692 403 1054 476 blasphemias
1073 405 1447 478 praesumendo
1467 417 1812 476 prorumpat;
1833 419 1859 446 τι
1879 408 2125 477 volupta-
2147 415 2204 486 Α
2234 408 2421 466 Omnia
2455 414 2611 484 enim,
2653 411 2792 470 sicut
2820 414 3078 484 scriptum
3117 423 3222 484 est,
3251 407 3398 476 nuda'
3417 431 3461 475 et
3477 435 3643 494 aperta
3665 441 3768 492 ιιιηι

533 507 648 555 tum
681 511 897 554 suarum
941 499 1206 568 nequitias
1234 498 1474 569 impleat,
1501 498 1676 558 aliena
1719 501 1914 570 rapiat,
1961 499 2120 558 inno-

533 589 768 647 centium
793 590 1144 662 oppressione
1187 590 1353 662 790
1379 590 1623 658 satietur,
1657 601 1713 648 et
1740 593 1864 661 quia
1892 592 2121 650 necdum

537 683 851 753 percutitur,
901 683 1018 739 vias
1047 698 1173 738 suas
1207 699 1237 737 a
1269 682 1500 740 Domino
1527 693 1620 740 aut
1647 699 1755 738 non
1779 683 1946 739 videri
1976 686 2123 740 testi-

531 786 664 848 met,
688 778 941 848 autquod
968 777 1120 848 pejus
1147 786 1252 846 est,
1283 777 1600 848 approbari!
1629 776 1822 834 Veniet
1852 778 2114 848 profecto,

529 875 714 930 veniet
764 883 964 930 aeterm
1009 881 1066 927 ct
1113 871 1389 940 repentina
1446 873 1765 941 percussio;
1811 869 1840 910 ι’
1891 881 1945 928 et
1996 882 2121 929 tunc

533 971 873 1034 cognosceta
902 965 1012 1020 Deo
1052 975 1243 1019 cuncta
1291 964 1552 1034 conspici,
1595 964 1807 1038 quando
1834 979 1894 1021 se
1919 965 2119 1036 impro-

532 1059 647 1112 viso
695 1057 842 1112 exitu
890 1055 1084 1112 viderit
1111 1072 1210 1128 pro
1233 1064 1550 1112 cunctorum
1581 1056 1935 1113 retributione
1968 1057 2120 1112 dam-

526 1153 666 1212 nari,
697 1152 850 1206 Tunc
885 1151 938 1206 in
971 1165 1134 1221 poena
1158 1165 1253 1205 sua
1283 1152 1470 1206 oculos
1497 1153 1725 1222 aperiet,
1755 1167 1891 1223 quos
1920 1153 2010 1207 diu
2038 1162 2118 1208 te-

530 1245 643 1298 nuit
674 1243 889 1308 clausos
916 1244 970 1298 in
1000 1243 1180 1314 culpa.
1214 1243 1368 1298 Tunc
1393 1244 1768 1301 considerasse
1803 1248 1982 1300 omnia
2029 1258 2117 1302 ve:

524 1351 641 1389 rum
675 1334 914 1405 judicem
959 1335 1176 1398 sentiet,
1207 1335 1421 1404 quando
1449 1335 1722 1390 malorum
1745 1351 1963 1392 suorum
1996 1351 2114 1393 me-

526 1428 688 1481 ritum
734 1425 847 1498 jam
894 1425 1124 1481 evadere
1173 1425 1456 1481 sentiendo
1507 1441 1614 1481 non
1660 1433 1844 1497 possit.
1899 1428 2114 1498 iniquus

521 1535 650 1593 ergo
671 1520 760 1590 qui
784 1519 876 1574 diu
898 1527 1243 1588 exspectatus
1269 1529 1374 1586 est,
1406 1519 1609 1574 idcirco
1637 1527 1720 1574 est
1744 1531 1965 1590 repente
1987 1523 2115 1578 sub-

519 1611 681 1678 latus,
705 1612 829 1681 quia
850 1609 989 1666 oculi
1011 1610 1218 1664 Domini
1243 1627 1397 1682 super
1423 1612 1534 1666 vias
1563 1611 1848 1678 hominum,
1881 1621 1926 1666 et
1942 1630 2113 1668 omnes

520 1721 722 1774 gressus
748 1719 926 1758 eorum
947 1704 1259 1790 considerat;
1283 1707 1361 1760 Ac
1383 1703 1428 1758 si
1459 1703 1668 1758 diceret
1696 1721 1709 1756 :
1741 1703 1874 1774 Quia
1903 1719 1964 1759 ea
1991 1720 2110 1774 quae

2229 505 2391 560 oculis
2433 507 2545 580 ejus
2593 505 2781 580 (Hebr.
2819 522 2892 576 tv,
2934 506 3047 581 13).
3106 508 3258 568 Unde
3308 512 3392 568 hic
3431 529 3625 586 quoque
3659 532 3764 596 apte

2225 595 2562 669 subiungitur
2585 618 2600 656 :

2679 693 2913 758 capur
2954 696 3025 755 v1
3051 697 3200 770 [Rec.
3232 695 3362 772 IV].

2302 782 2463 840 Vsus.
2494 785 2590 842 22.
2621 814 2692 830 -—-
2719 786 2846 844 Non
2871 798 2988 846 sunt
3017 790 3258 858 tenebrtz,
3307 801 3353 846 et
3389 807 3489 848 non
3521 802 3588 850 est
3613 799 3771 854 umbra

2221 877 2422 946 mortis,
2453 888 2508 934 ut
2535 880 2918 940 abscondantur
2939 882 3010 937 ibi
3043 884 3132 954 qui
3162 893 3436 953 operantur
3465 886 3768 956 iniquitatem.

2295 968 2350 1026 8.
2381 969 2549 1026 Nemo
2580 973 2789 1043 judicio
2830 963 2926 1030 Dei
2967 976 3056 1044 qui
3089 975 3223 1032 nihil
3247 987 3341 1031 aut
3379 976 3672 1036 obliviscitur
3693 993 3772 1044 aut

2220 1061 2449 1133 ignorat,
2471 1065 2822 1126 absconditur.
2850 1097 2921 1110 -
2945 1067 3085 1136 Quid
3113 1083 3210 1138 per
3237 1069 3505 1137 tenebras,
3529 1073 3627 1134 nisi
3645 1072 3775 1144 igno-

2219 1155 2450 1210 rantiam
2472 1196 2488 1223 ,
2521 1167 2577 1214 et
2596 1159 2724 1229 quid
2753 1174 2848 1229 per
2875 1161 3119 1218 umbram
3157 1163 3384 1229 mortis,
3427 1163 3527 1222 nisi
3569 1165 3773 1226 oblivio-

2219 1260 2343 1300 nem
2372 1246 2581 1323 studuit
2603 1249 2925 1319 designare?
2947 1249 3024 1306 De
3049 1251 3402 1320 quorumdam
3433 1253 3622 1325 quippe
3643 1259 3778 1326 igno-

2220 1341 2390 1398 rantia
2419 1325 2653 1396 dicitur:
2684 1340 2929 1400 Tenebris
2971 1343 3300 1404 obscuratum
3340 1345 3577 1404 habentes
3604 1325 3778 1408 initiis-

2219 1437 2360 1484 ctum
2399 1431 2619 1501 (Ephes.
2637 1447 2710 1497 tv,
2737 1433 2848 1504 l8).
2881 1434 2951 1492 Et
2977 1449 3188 1494 rursum
3214 1436 3283 1500 de
3309 1437 3578 1498 oblivione
3602 1453 3713 1509 qua:
3736 1442 3783 1502 in

2217 1529 2392 1578 morte
2433 1523 2696 1594 contingit
2745 1528 3004 1595 scriptum
3051 1536 3174 1584 est:
3217 1527 3287 1586 In
3311 1528 3428 1586 illa
3455 1528 3540 1586 die
3570 1531 3782 1601 peribunt

2215 1619 2391 1670 omnes
2419 1616 2752 1687 cogitationes
2777 1634 2954 1674 eorum
2981 1617 3157 1690 (Psal.
3213 1634 3374 1685 chv,
3400 1619 3482 1692 4).
3520 1619 3650 1690 Quia
3670 1607 3804 1694 ergo

2217 1704 2376 1776 791
2422 1721 2516 1772 per
2555 1717 2785 1766 mortem
2822 1709 3061 1766 funditus
3101 1711 3365 1776 oblivioni
3387 1710 3616 1772 traditur
3641 1712 3782 1784 quid-

523 1795 615 1849 diu
647 1795 912 1871 patienter
941 1793 1230 1864 conspicit,
1263 1794 1592 1864 quandoque
1641 1795 1812 1850 inulta
1863 1811 1970 1852 non
2021 1797 2114 1853 de—
2143 1791 2192 1862 Β
2220 1795 2348 1866 quid
2378 1797 2608 1854 vivendo
2633 1800 2920 1870 cogitatur,
2949 1801 3104 1871 quasi
3129 1801 3377 1872 quedam
3407 1801 3594 1884 umbra
3619 1803 3789 1862 mortis

409 1896 424 1906 ‘
520 1887 671 1944 serit.
723 1885 856 1940 Nam
905 1901 1032 1942 ecce
1075 1885 1259 1941 subito
1314 1885 1610 1942 violentum
1662 1888 1861 1957 rapuit,
1893 1897 1948 1943 et
1971 1889 2110 1944 mala

517 1980 637 2049 ejus
657 1995 778 2052 qua:
809 1981 1174 2050 exspectando
1205 1979 1422 2050 pertulit
1451 1981 1932 2042 animadvertendo
1963 1998 2110 2038 rese-

515 2071 678 2126 cavit.
728 2070 897 2126 Nemo
945 2071 1105 2142 igitur
1147 2069 1292 2124 dicat
1330 2069 1562 2124 humana
1613 2071 1749 2126 facta
1796 2072 1964 2128 Deum
2002 2088 2107 2130 non

513 2181 777 2234 cernere,
826 2182 951 2226 cum
991 2167 1234 2237 iniquum
1275 2167 1583 2236 quempiam
1626 2166 1936 2235 iniquitates
1985 2181 2110 2222 snas

515 2256 685 2312 libere
715 2258 977 2328 prospicit
1015 2258 1316 2313 cumulare.
1351 2257 1545 2314 Subito
1577 2259 1718 2313 enim
1751 2259 1975 2327 tollitur,
2017 2259 2109 2328 qui

513 2345 604 2404 diu
636 2347 917 2403 toleratur.

585 2439 640 2494 7.
675 2439 893 2496 Gressus
937 2440 1159 2496 hominis
1183 2457 1312 2513 quos
1348 2440 1488 2496 Deus
1526 2442 1838 2507 considerat,
1869 2444 1956 2512 qui
1983 2445 2104 2496 sint.

516 2561 586 2570 —
612 2527 846 2588 Gressus
889 2546 1020 2588 vero
1060 2531 1336 2588 hominum
1381 2543 1565 2606 vocat,
1606 2534 1692 2589 vel
1723 2535 1956 2606 singulas
1985 2550 2103 2604 ope-

516 2622 754 2679 rationes
785 2623 977 2694 quibus
1009 2625 1309 2692 innitimur,
1349 2625 1429 2680 vel
1457 2625 1784 2682 alternantes
1815 2635 1991 2680 motus
2019 2627 2106 2682 in-

517 2714 660 2772 timae
707 2705 1050 2792 cogitationis
1075 2719 1264 2790 quibus
1290 2718 1443 2788 quasi
1473 2718 1738 2788 passibus,
1771 2718 1853 2774 vel
1881 2719 2039 2790 longe
2074 2734 2106 2774 a

513 2809 745 2868 Domino
787 2811 1116 2881 recedimus,
1156 2814 1237 2872 vel
1271 2814 1359 2881 pie
1400 2813 1628 2868 Domino
1657 2814 2129 2893 propinquamus!

477 2901 480 2904 ’
513 2903 598 2962 Ad
632 2904 798 2960 Deum
831 2907 979 2961 enim
1009 2906 1164 2976 quasi
1204 2916 1285 2960 tot
1321 2906 1596 2975 gressibus
1631 2917 1651 2944 ε
1685 2921 1840 2962 mens
1875 2908 2102 2976 accedit,

524 3006 654 3067 quot
682 2998 840 3054 bonis
863 2999 1098 3054 motibus
1116 3000 1348 3068 proiicit.
1382 3001 1450 3055 Et
1479 3016 1692 3056 rursum
1723 3011 1804 3056 tot
1828 3001 2104 3071 gressibus

411 3121 414 3130 ι
512 3091 670 3161 longe
691 3093 773 3157 tit,
805 3101 936 3162 quot
954 3093 1114 3146 malis
1133 3094 1546 3163 cogitationibus
1565 3093 1593 3131 ἀ
1615 3095 1925 3150 deterescit.
1949 3092 2103 3150 Unde

2215 1894 2424 1950 oblivio
2453 1906 2556 1952 est.
2589 1895 2743 1954 Sicut
2769 1899 2915 1960 enim
2953 1899 3066 1966 agit
3103 1913 3252 1958 mors
3289 1898 3661 1962 interveniens
3691 1913 3787 1970 aqu

2213 2002 2338 2044 esse
2373 1991 2516 2058 quod
2559 1991 2658 2046 luit
2692 1992 2748 2048 in
2783 1993 2913 2060 vita,
2959 1995 3033 2048 ita
3073 1992 3449 2058 intervenich
3477 1993 3584 2063 acii
3613 1991 3790 2056 oblivio
3827 2025 3832 2040 ι

2213 2098 2321 2138 non
2352 2099 2474 2140 esse
2509 2085 2653 2155 quod
2696 2085 2796 2142 iuit
2829 2089 2886 2144 in
2929 2089 3220 2144 memoria.
3270 2087 3447 2146 Recto
3483 2087 3660 2156 itaque
3685 2101 3788 2146 utn-

2217 2177 2311 2231 bra
2336 2177 2455 2246 ejus
2477 2178 2695 2242 dicitur,
2717 2181 2842 2248 quia
2867 2180 3018 2237 velut
3044 2181 3113 2240 de
3145 2181 3265 2250 ipsa
3297 2179 3644 2252 exprimitur,
3680 2180 3790 2238 dum

2212 2269 2318 2324 vim
2347 2269 2491 2325 illius
2516 2269 2774 2340 30piendo
2803 2287 2994 2328 sensus
3015 2272 3277 2330 imitatur.
3305 2273 3458 2330 Deus
3483 2282 3656 2330 autem
3681 2271 3789 2346 quia

2097 2385 2106 2396 ι
2211 2365 2355 2419 mala
2399 2366 2675 2422 hominum
2719 2381 2822 2422 nec
2847 2355 3077 2438 cogitata
3107 2369 3350 2440 ignorat,
3379 2384 3486 2427 nec
3509 2376 3793 2439 perpetrata

2211 2457 2567 2526 obliviscitur,
2597 2458 2700 2512 nisi
2725 2459 2794 2514 ab
2819 2459 2936 2527 ejus
2958 2460 3132 2516 oculis
3153 2459 3482 2529 pmnitendo
3507 2459 3791 2522 deleantur.

2210 2563 2450 2618 congrue
2471 2549 2679 2604 dictum
2710 2559 2796 2605 est
2819 2567 2832 2604 :
2860 2549 2984 2604 Non
3003 2561 3124 2606 sunt
3147 2549 3372 2608 tenebris
3393 2559 3445 2606 st
3467 2566 3572 2608 non
3595 2559 3666 2604 est
3689 2562 3791 2610 tult-

2211 2643 2302 2696 bra
2333 2645 2536 2708 mortis,
2568 2655 2623 2698 ut
2655 2644 3040 2708 abscondantur
3076 2644 3150 2700 ibi
3178 2645 3268 2713 qui
3313 2653 3600 2716 ornantur
3619 2642 3794 2713 iniqui-

2209 2745 2388 2790 tatem.
2421 2738 2500 2792 Ac
2521 2738 2571 2792 si
2599 2737 2810 2794 diceret
2836 2755 2851 2793 :
2879 2737 3086 2793 Idcirco
3117 2737 3240 2807 ejus
3273 2738 3492 2808 judicio
3515 2738 3694 2796 nullus
3715 2735 3794 2790 ab-

2210 2829 2490 2884 sconditur
2516 2872 2529 2894 ,
2587 2831 2710 2898 quia
2760 2829 3068 2886 nullatenus
3115 2837 3301 2900 potest
3349 2838 3448 2888 aut
3487 2846 3594 2894 non
3632 2827 3796 2896 videre

2207 2921 2352 2991 quod
2390 2921 2636 2986 facimus,
2670 2933 2762 2980 aut
2785 2922 3032 2980 ω)ιὶνίεεί
3053 2923 3198 2992 quod
3223 2923 3402 2984 videt.

2277 3013 2329 3066 9.
2371 3012 2557 3067 Omnis
2596 3014 2950 3068 mutabilitatis
2977 3012 3120 3069 Deus
3147 3024 3222 3070 est
3244 3031 3458 3086 expers.
3491 3015 3616 3076 Non
3637 3014 3794 3076 homo.

2205 3123 2310 3161 non
2335 3108 2528 3177 angeli.
2559 3136 2629 3148 —
2655 3108 2914 3175 Quamvis
2953 3107 3178 3179 intelligi
3204 3107 3224 3148 ί
3253 3111 3512 3168 tenebrae
3559 3109 3643 3168 vel
3685 3121 3795 3168 uat-

483 3171 486 3174 ’
522 3181 838 3252 plerumque
885 3185 1149 3254 contingit
1179 3193 1235 3238 ut
1265 3186 1492 3240 necdum
1542 3183 1798 3256 procedat
1845 3187 1897 3240 in
1943 3201 2108 3255 opere
2133 3189 2182 3252 Ο
2213 3201 2309 3256 bra
2342 3171 2554 3264 ωδε-ωε,
2585 3171 2749 3255 etiam
2777 3200 2934 3256 aliter
2951 3171 3204 3270 possunt.
3231 3201 3436 3264 omni;
3458 3215 3688 3269 namque
3715 3200 3800 3256 im-

509 3283 694 3330 motus
737 3277 959 3342 meritis,
999 3288 1061 3332 et
1104 3285 1284 3332 tamen
1331 3279 1561 3348 perlecta
1605 3281 1714 3347 jam
1755 3278 1908 3346 culpa
1935 3281 2005 3334 sit
2034 3295 2101 3334 ex

514 3369 634 3437 ipso
661 3377 814 3424 reatu
841 3369 1204 3438 cogitationis,
1235 3371 1374 3427 sicut
1397 3371 1656 3442 scriptum
1678 3382 1798 3428 eet;
1831 3371 2021 3428 Manus
2047 3374 2102 3426 in

507 3475 667 3514 manu
709 3476 814 3514 non
845 3461 943 3514 erit
968 3461 1212 3516 innocens
1245 3463 1412 3530 metus
1439 3460 1628 3533 (Prov.
1660 3477 1738 3530 xl,
1772 3462 1885 3532 21).
1917 3462 2102 3518 Manus

507 3551 654 3606 enim
687 3559 712 3590 ο
744 3551 925 3607 manui
963 3552 1114 3622 jungi
1157 3557 1316 3618 solet,
1366 3553 1583 3623 quando
1613 3555 1840 3623 quiescit
1879 3554 1934 3620 in
1965 3555 2099 3622 otio,

511 3651 569 3698 et
595 3643 774 3698 nullus
813 3659 932 3698 eam
969 3659 1099 3700 usus
1148 3644 1346 3700 laboris
1389 3656 1633 3702 exercet.
1677 3645 1869 3700 Manus
1895 3661 2018 3718 ergo
2047 3647 2109 3714 in.

489 3749 664 3791 ‘manu
688 3753 790 3790 non
813 3738 912 3792 erit
940 3737 1183 3809 innocens
1217 3738 1407 3793 malus.
1435 3740 1516 3794 Ac
1535 3739 1582 3794 si
1610 3739 1813 3794 diceret
1842 3756 1855 3792 :
1883 3739 1949 3794 Et
1977 3754 2098 3794 cum

507 3842 701 3884 manus
735 3841 916 3883 cessat
943 3829 1022 3884 ιώ·
1039 3830 1224 3898 iniquo
1251 3845 1438 3898 opere,
1468 3832 1639 3888 malus
1671 3842 1848 3886 tamen
1881 3846 1988 3886 non
2019 3840 2102 3886 est

401 3925 404 3932 '
505 3921 766 3980 innocens
805 3935 900 3988 per
925 3921 1332 3991 cogitationem.
1359 3921 1496 3988 Quia
1521 3938 1652 3992 ergo
1683 3925 1930 3978 novimus
1957 3922 2098 3994 quod

505 4011 754 4066 districto
775 4012 957 4068 omnia
983 4027 1093 4068 non
1121 4014 1298 4067 solum
1330 4001 1495 4082 facta,
1530 4016 1626 4070 sed
1652 4017 1842 4070 saltem
1870 4017 2099 4086 cogitata

507 4113 825 4175 peccentur,
865 4104 992 4174 quid
1021 4105 1280 4172 faciemus
1308 4109 1376 4162 de
1405 4108 1620 4164 incessu
1660 4110 1788 4166 mali
1825 4110 2026 4177 aperis,
2051 4109 2099 4163 si

513 4212 595 4252 sic
623 4196 894 4252 subtiliter
927 4195 1072 4252 Deus
1096 4198 1296 4267 judicat
1330 4214 1550 4267 gressus
1581 4200 1795 4254 cordis?
1824 4200 1968 4256 Ecce
2003 4216 2096 4256 oc-

505 4288 652 4343 culta
671 4288 876 4358 mentis
907 4299 1107 4346 nostra
1145 4289 1342 4346 itinera
1379 4291 1561 4346 nullus
1603 4290 1884 4348 hominum
1932 4293 2098 4360 videt,

2207 3293 2432 3346 mutatio
2478 3293 2624 3346 velut
2647 3292 2897 3362 quaedam
2931 3294 3128 3350 mortis
3168 3294 3412 3358 imitatio
3447 3302 3556 3352 est.
3583 3293 3639 3350 ω
3667 3292 3796 3350 enim

2203 3384 2346 3452 quod
2379 3391 2552 3436 mutat
2573 3385 2729 3450 quasi
2755 3381 2824 3438 ab
2851 3399 2921 3440 eo
2945 3385 3094 3454 quod
3124 3394 3242 3448 erat
3273 3387 3565 3453 interﬁcit.
3593 3393 3650 3444 ut
3673 3384 3799 3444 dasi-

2205 3484 2299 3529 nat
2339 3490 2460 3531 esse
2497 3477 2641 3544 quod
2689 3473 2811 3546 fuit,
2851 3486 2908 3532 et
2946 3476 3169 3547 incipiat
3203 3488 3340 3536 esse
3379 3478 3532 3550 quod
3561 3492 3669 3538 non
3689 3475 3794 3544 illit-

2205 3567 2410 3622 Lumen
2450 3567 2613 3636 igitur
2650 3582 2862 3635 verum,
2905 3563 3118 3628 creator
3149 3569 3413 3634 videlicet
3439 3580 3658 3640 noster,
3691 3568 3796 3640 quia

2203 3662 2349 3715 nulla
2396 3661 2672 3718 mutabilis
2717 3663 3085 3720 vicissitudine
3131 3666 3496 3734 tenebrosa-it,
3525 3666 3691 3729 ιιυηὶἕ
3713 3677 3796 3730 σιει-

2203 3763 2338 3808 tum
2377 3770 2489 3808 sum
2521 3756 2818 3810 defectibus
2845 3756 3226 3827 obumbratur,
3391 3761 3526 3832 ejus
3543 3776 3670 3820 esse
3695 3761 3803 3818 sine

2201 3848 2570 3902 mutabilitate
2599 3847 2807 3918 fulgere
2835 3859 2939 3915 est,
2973 3852 3210 3908 tenebrae
3249 3856 3341 3914 vel
3379 3856 3584 3916 umbra
3620 3854 3802 3920 monis

2206 3939 2406 3994 dicitur
2435 3939 2486 3994 ei
2515 3955 2619 3996 nou
2649 3941 2844 3997 inesse.
2879 3940 3194 4000 Undealias
3213 3947 3496 4014 scriptum
3515 3955 3641 4015 est:
3667 3945 3808 4018 Apud

2203 4051 2356 4105 quem
2393 4050 2496 4086 non
2537 4043 2614 4090 est
2655 4035 3040 4103 transmutatio,
3079 4052 3173 4092 nec
3215 4038 3607 4100 vicissitudinis
3643 4039 3808 4098 obum-

2205 4127 2372 4180 bratio
2407 4123 2547 4194 (Jac.
2581 4141 2622 4194 ι,
2653 4125 2766 4196 17).
2799 4127 2868 4183 Ει
2897 4128 3042 4186 unde
3066 4145 3253 4190 rursus
3295 4132 3813 4212 Paulus/apostolus

2201 4219 2332 4274 dicit
2359 4237 2371 4272 :
2399 4219 2500 4286 Qui
2528 4220 2669 4276 solus
2698 4220 2848 4274 habet
2873 4221 3339 4292 immortalitatem,
3389 4237 3442 4282 et
3473 4213 3648 4288 lucem
3681 4224 3813 4286 habi-

2201 4311 2698 4366 tatinaccessibilem
2719 4310 2773 4380 (ι
2815 4311 2945 4372 Tim.
2979 4330 3053 4380 vt,
3086 4315 3198 4386 16).
3223 4315 3380 4387 [ινα.
3430 4318 3525 4392 γ.]
3557 4319 3672 4380 Sed
3693 4330 3816 4374 cum

505 4390 584 4486 et-
597 4391 776 4435 tamen
803 4389 932 4436 ante
972 4379 1638 4486 Deiloeutots-to'tngrfssus
1682 4386 1934 4486 ponimus
1969 4397 2100 4486 quot
2197 4403 2386 4458 cum“
2430 4379 2745 4464 noverimus
2763 4409 2912 4476 quod
2941 4418 2996 4464 ει
3021 4379 3256 4466 ιαωξωξ
3289 4414 3480 4472 anima
3505 4379 3568 4470 ξι
3591 4411 3815 4486 melici

507 4472 734 4529 aﬂ‘ectus
763 4461 1088 4532 movemusa
1111 4474 1260 4547 [νει.
1290 4473 1319 4530 ι
1335 4473 1427 4548 γ.]
1474 4475 1656 4536 Toties
1684 4486 1807 4534 ante
1837 4477 1986 4533 illum
2013 4480 2094 4532 la-

503 4567 689 4671 Νιξιιπ
721 4568 945 4671 ’(Ιικξξίεε
989 4585 1019 4621 ει
1061 4575 1227 4671 recto.
1259 4568 1456 4671 itinere
1499 4568 1717 4627 inﬁrme
1762 4571 2101 4671 εοεὶξυιὶίξιιίδ
2127 4576 2183 4639 D
2207 4587 2354 4642 solus
2401 4587 2546 4644 Deus
2587 4590 3046 4652 immortalitate
3087 4594 3290 4651 habere
3319 4567 3686 4671 perhibetur,
3717 4595 3817 4656 nisi
3919 4579 3930 4594 ”

501 4659 645 4729 pede
687 4659 1074 4716 claudicamus.
1115 4660 1229 4716 Nisi
1261 4661 1410 4718 enim
1440 4661 1494 4716 in
1523 4669 1814 4730 conspectu
1844 4661 1960 4730 ejus
1992 4661 2094 4716 iste

510 4750 762 4806 assiduus
793 4762 1098 4807 nostrarum
1121 4753 1383 4808 utentium
1411 4755 1594 4824 lapsus
1617 4754 1964 4819 incresceret,
1997 4767 2092 4820 per

505 4843 825 4912 prophetam
841 4843 1056 4898 scilicet
1075 4859 1185 4898 non
1218 4844 1482 4904 clamaret
1509 4865 1524 4903 :
1553 4853 1766 4921 Auferte
1793 4856 1988 4908 malum
2009 4871 2096 4908 co-

465 4975 480 4990 .
501 4935 809 5005 gitationsmt
829 4947 1113 4990 uestrarum
1140 4939 1204 4991 ab
1233 4941 1398 4995 oculis
1421 4945 1553 5017 uicis
1571 4944 1731 5013 (lsai.
1757 4961 1796 5012 ι,
1830 4947 1942 5017 iii).
1969 4947 2096 5004 Haec

503 5028 757 5083 nimirum
783 5027 992 5097 dicens,
1023 5031 1134 5085 vim
1163 5015 1434 5101 cooperta:
1459 5049 1657 5093 nostra:
1686 5015 1909 5095 malitiae
1933 5043 2090 5111 quasi

501 5122 646 5178 ferre
676 5137 736 5178 se
761 5137 870 5178 non
907 5139 1066 5193 posse
1107 5135 1352 5185 teetaturt
1397 5130 1530 5196 Quae
1571 5145 1826 5203 cooperta
1855 5135 1932 5190 illi
1967 5151 2091 5192 esse

501 5233 608 5276 non
639 5227 837 5287 potest,
861 5219 990 5290 quia
1019 5221 1272 5277 videlicet
1299 5224 1606 5293 importune
1632 5228 1750 5297 ejus
1776 5231 2090 5298 conspectui

500 5310 758 5378 ingeritur
779 5311 1040 5381 quidquid
1063 5327 1095 5367 a
1123 5313 1280 5372 nobis
1301 5316 1554 5371 illicitum
1587 5319 1799 5375 occulte
1825 5321 2091 5389 cogitatur

497 5445 860 5569 ὼῖὴζΐυῐοηη
899 5449 1224 5503 voluntatum
1246 5467 1478 5505 suarum.
1514 5452 1586 5508 Ita
1627 5455 1787 5568 etiam
1821 5455 2004 5511 Baluz.
2036 5465 2090 5510 et

568 5581 598 5624 δ
631 5586 852 5665 Prata,
875 5599 930 5644 α
951 5601 1079 5665 tunc
1107 5595 1406 5665 cognoscit;
1447 5603 1505 5649 et
1529 5596 1705 5660 inira,
1733 5605 1925 5665 aperit.
1968 5613 2088 5650 sen-

499 5653 590 5739 tit,
607 5657 940 5739 quodetiam
969 5661 1160 5739 legitur
1171 5653 1233 5739 in
1255 5653 1451 5739 _Baluz.
1475 5657 1532 5739 et
1551 5653 1711 5739 tgole

568 5732 893 5804 {ggnuntur
918 5732 1061 5804 metu
1093 5735 1149 5790 in
1175 5734 1361 5789 Belus.
1393 5746 1450 5790 et
1471 5737 1629 5792 Colb.
1723 5787 1730 5804 ,

572 5793 601 5834 ά
626 5795 719 5852 Sic
762 5799 1048 5869 legendum
1078 5819 1200 5860 cum
1249 5806 1457 5873 Balus.,
1487 5807 1679 5873 Colb.,
1714 5793 1922 5878 Noram,
1949 5819 2080 5881 etc.,
2121 5827 2131 5840 '

2203 4492 2424 4562 spiritus
2469 4494 2580 4548 sint
2614 4505 2638 4544 ε
2665 4497 2996 4558 immortales
3031 4497 3285 4566 instituti,
3311 4517 3424 4560 cur
3449 4504 3526 4560 ab
3555 4503 3816 4575 Apostolo

2202 4678 2328 4747 quia
2375 4679 2529 4736 solus
2559 4681 2702 4740 Deus
2727 4699 2854 4740 vere
2889 4700 2999 4742 non
3033 4685 3283 4760 moritur,
3339 4690 3441 4760 qui
3485 4691 3654 4752 solus
3685 4704 3816 4758 tutn-

2204 4785 2360 4839 quam
2381 4775 2658 4829 mutatur?

2281 4864 2368 4918 l0.
2401 4865 2650 4922 Humana
2679 4869 2876 4939 quippe
2895 4871 3072 4932 anima
3095 4870 3154 4932 in
3181 4873 3402 4942 lapsum
3429 4891 3552 4938 non
3571 4877 3818 4942 caderet.

2199 4955 2249 5009 si
2275 4956 2551 5013 mutabilis
2577 4974 2689 5016 non
2707 4959 2932 5029 Meet;
2957 4978 3131 5032 quas
3161 4965 3410 5035 paradisi
3431 4984 3675 5040 quoque
3693 4983 3818 5040 gau-
3852 4981 3858 4996 '

2206 5046 2310 5100 diis
2339 5047 2582 5116 expulsa,
2603 5051 2651 5105 si
2673 5054 2950 5112 “stabilis
2978 5069 3084 5114 non
3109 5067 3278 5127 esset,
3299 5059 3381 5118 ad
3415 5061 3600 5122 vitam
3619 5058 3654 5102 ¹¹
3673 5077 3817 5124 stun-

2197 5150 2360 5205 quam
2389 5139 2612 5196 rediret.
2643 5143 2706 5198 ln
2735 5143 2842 5200 hoc
2885 5146 3003 5214 ipso
3044 5162 3173 5204 vero
3209 5149 3362 5218 quod
3409 5152 3488 5208 ad
3538 5152 3710 5214 vitam
3743 5167 3819 5204 re-

2197 5229 2320 5286 dire
2351 5232 2560 5303 nititur,
2591 5234 2838 5315 defectus
2859 5254 2992 5294 suos
3020 5242 3229 5311 cogitur
3246 5242 3582 5308 alternante
3599 5257 3820 5315 mser

2197 5324 2560 5383 mutabilitate
2596 5311 2847 5386 tolerare.
2887 5332 3025 5399 Quia
3075 5347 3203 5402 ergo
3243 5349 3304 5391 es
3349 5334 3544 5396 nihilo
3575 5347 3662 5398 est
3695 5311 3822 5394 oon-

2194 5471 2304 5511 non
2332 5459 2598 5527 decrescit,
2628 5472 2686 5517 ut
2716 5463 2916 5523 habent
3127 5469 3208 5526 De
3233 5467 3342 5526 hac

2193 5542 2309 5597 pra,
2339 5530 2374 5583 l.
2411 5547 2497 5596 xv,
2532 5548 2678 5588 num.
2714 5534 2801 5590 71.

2265 5609 2289 5685 ξ
2323 5602 2550 5685 ,Υἱιιᾴοᾳ
2579 5605 2834 5685 θιίΡτλιτ,
2861 5609 2916 5662 in
2948 5626 3102 5666 manu
3117 5612 3294 5685 fungi.

2266 5670 2284 5707 ε
2319 5672 2490 5751 [ξς-ει...
2511 5675 2734 5751 tenebris:
2753 5670 2884 5749 ejus.

2263 5751 2287 5825 ξ
2315 5742 2550 5825 χῇιιᾴοε.
2571 5761 2626 5825 et
2649 5742 2876 5825 ιιι-διώ..
2901 5753 3220 5825 immortales
3245 5757 3556 5825 constituti.

2261 5810 2288 5850 ιι
2315 5813 2564 5885 Vindoc.,
2585 5818 2795 5887 Baluz.,
2820 5810 3001 5890 Colb.,
3022 5825 3233 5882 minime
3247 5810 3477 5882 rediret.

3373 5485 3528 5536 voce
3559 5473 3691 5536 vide
3727 5487 3817 5528 su-
