4066 6348
332 352 441 411 535

1125 357 1483 441 ΜΟΒΑΙᾸΗΜ
1529 359 1663 421 LIB.
1704 358 1875 419 XXV.
1918 388 1985 400 -—
2028 360 2091 415 IN
2131 359 2360 417 CAPUT
2398 357 2620 417 XXXIV
2662 362 2720 417 Β.
2763 360 2902 419 JOB.

2758 274 2771 299 Ι

3524 361 3631 421 326

329 464 437 523 dita
478 484 549 526 ex
594 484 653 526 se
690 471 1038 530 nihilominus
1082 476 1218 537 inira
1256 492 1316 533 se
1347 476 1537 541 tendit,
1572 476 1675 531 nisi
1706 476 1772 531 ad
1801 476 1928 531 boni
1958 480 2011 540 Α
2034 484 2214 531 mente
2238 487 2555 546 conceptum
2587 489 2610 518 ο
2641 493 2736 548 per
2762 477 3226 535 conversationem
3249 477 3425 534 diluit.
3453 478 3533 533 Ad
3564 477 3631 534 il-

328 561 586 619 desiderii
627 573 825 621 statum
862 565 1087 622 artiﬁcis
1120 568 1203 625 sui
1232 584 1396 625 manu
1426 577 1694 625 teneatur.
1735 568 1816 625 Ex
1856 583 1923 623 eo

328 656 508 724 itaque
553 656 699 726 quod
747 666 991 715 creatura
1024 671 1124 731 est,
1158 661 1416 718 deorsum
1462 664 1541 717 ire
1583 661 1765 718 habet.
1802 661 1923 716 Vir-

325 757 441 804 tute
479 764 710 817 namque
747 754 963 821 propria
995 753 1051 809 in
1082 770 1327 831 princeps
1350 771 1514 829 posse
1548 770 1609 811 se
1640 755 1720 811 ire
1746 754 1922 811 consi-

323 841 499 907 derat,
543 841 638 899 sed
681 843 747 898 ad
780 855 1078 903 creatorem
1109 865 1265 907 suum
1294 850 1500 907 amoris
1528 865 1690 905 manu
1716 865 1775 905 se
1801 848 1922 904 reti-

322 944 437 1007 net,
470 950 540 992 ne
579 936 758 1005 cadat,
789 955 1066 1013 quousque
1110 944 1179 999 ad
1224 943 1718 1007 immutabilitatem
1746 951 1922 997 trans—

321 1034 445 1094 eat,
500 1036 556 1083 et
605 1043 671 1085 eo
713 1045 843 1088 vere
886 1033 1299 1103 immortaliter,
1354 1052 1461 1109 quo
1516 1033 1921 1091 immutabiliter

322 1117 498 1175 vivat.

398 1208 492 1266 Η.
534 1210 641 1283 Ipsi
688 1227 903 1283 quoque
955 1217 1185 1289 angelici
1237 1222 1457 1291 spiritus
1511 1228 1799 1287 mutabiles
1851 1243 1919 1285 ex

316 1308 513 1355 natura
548 1311 673 1357 sunt
710 1307 911 1364 conditi
942 1350 958 1375 ,
1003 1320 1269 1381 quatenus
1296 1325 1387 1369 aut
1414 1333 1511 1373 sua
1541 1331 1732 1391 sponte
1760 1324 1920 1381 cade—

314 1400 442 1482 rent
492 1403 585 1448 aut
628 1410 695 1450 ex
742 1397 972 1455 arbitrio
1019 1413 1247 1460 starent.
1303 1406 1410 1464 Sed
1460 1412 1588 1482 quia
1642 1415 1917 1473 humiliter

314 1477 603 1556 elegerunt
638 1487 689 1542 ei
731 1488 1030 1561 inhaerere,
1082 1510 1113 1551 a
1140 1512 1249 1567 quo
1285 1501 1455 1557 creati
1477 1477 1615 1561 sunt
1649 1547 1664 1571 ,
1708 1516 1734 1544 ει
1780 1505 1918 1563 hanc

312 1573 489 1647 ipsam
534 1578 592 1634 in
637 1594 697 1635 se
735 1584 1152 1643 mutabilitatem
1212 1576 1364 1647 suam
1424 1596 1603 1651 standi
1655 1597 1765 1664 jam
1818 1601 1917 1656 im-

312 1669 677 1728 mutabilitale
717 1675 962 1731 vicerunt
994 1696 1007 1731 :
1041 1691 1100 1735 ut
1145 1681 1250 1741 hoc
1292 1684 1469 1755 ipsum
1509 1700 1702 1745 mento
1734 1700 1913 1747 trans-

309 1760 655 1832 cenderent,
718 1768 860 1837 quod
902 1778 1113 1827 natura:
1167 1787 1281 1830 sua:
1323 1777 1516 1834 ordine
1566 1782 1914 1837 mutabilitati

2032 564 2121 619 iud
2150 567 2346 635 quippe
2385 568 2569 624 venire
2599 584 2705 624 non
2735 568 3027 637 desiderat,
3062 570 3301 640 quisquis
3342 585 3402 625 se
3432 584 3529 639 per
3556 570 3625 624 il-

2025 656 2113 712 lud
2135 658 2376 715 damnari
2406 659 2675 717 formidat.
2708 661 2842 717 Dum
2864 678 2993 733 ergo
3018 664 3216 719 dicitur
3240 683 3257 720 :
3288 662 3471 735 Neque
3492 665 3632 719 enim

2024 752 2159 806 ultra
2183 752 2237 806 in
2264 753 2486 807 hominis
2540 762 2787 824 potestate
2816 762 2911 823 est,
2958 765 3014 812 ut
3060 758 3232 812 veniat
3278 760 3345 812 ad
3378 757 3545 812 Deum
3574 759 3631 813 in

2014 842 2302 913 judicium,
2326 843 2569 914 profecto
2594 844 2900 902 ostenditur
2922 862 3044 905 esse
3067 848 3336 918 quoddam
3365 848 3626 919 judicium

2024 936 2165 1007 quod
2210 938 2534 1009 quandoque
2564 937 2725 994 etiam
2754 954 2782 994 a
2815 940 3083 997 damnatis
3123 957 3187 997 ac
3209 943 3458 1013 reprobis
3487 943 3628 998 desi-

2022 1022 2261 1085 deretur.
2296 1030 2360 1085 Et
2396 1032 2537 1101 quod
2568 1040 2653 1087 est
2680 1033 2833 1103 illud,
2858 1033 2966 1089 nisi
2996 1036 3120 1103 hoc,
3164 1036 3233 1091 de
3277 1051 3385 1105 quo
3430 1036 3628 1092 Paulus

2021 1122 2296 1191 apostolus
2341 1122 2473 1178 dicit
2502 1141 2525 1179 τη
2570 1123 2634 1179 Si
2682 1127 3021 1201 nosmetipsos
3069 1126 3497 1197 dijudicaremus,
3523 1142 3628 1181 non

2020 1213 2195 1279 utique
2224 1212 2572 1279 iudicaremur
2595 1214 2645 1285 (Ι
2670 1213 2791 1269 Cor.
2825 1231 2898 1281 xt,
2931 1216 3061 1286 51)?
3090 1224 3145 1273 et
3170 1215 3238 1273 de
3263 1232 3369 1287 quo
3388 1232 3484 1293 per
3502 1231 3628 1288 pro-

2020 1301 2237 1371 phetam
2269 1302 2468 1359 dicitur
2493 1323 2505 1357 :
2543 1302 2670 1358 Non
2693 1316 2768 1360 est
2792 1305 3045 1373 iudicium
3086 1309 3141 1361 in
3166 1308 3420 1381 gressibus
3449 1323 3628 1363 eorum

2023 1393 2176 1467 (Isai.
2210 1411 2320 1463 er;
2352 1398 2445 1469 8);
2469 1406 2527 1455 et
2560 1398 2628 1455 de
2657 1415 2765 1470 quo
2797 1399 2966 1455 David
3006 1400 3117 1455 ait:
3170 1401 3358 1457 Honor
3386 1404 3520 1477 regis
3540 1404 3627 1473 ju-

2020 1490 2212 1544 dicium
2261 1491 2434 1564 diligit
2483 1490 2657 1564 (Psal.
2713 1507 2901 1562 xcvtn,
2934 1492 3027 1563 4);
3074 1493 3331 1551 videlicet
3374 1496 3464 1565 qui
3512 1497 3625 1564 jam

2022 1580 2187 1636 Deum
2209 1581 2440 1638 honorat
2463 1598 2529 1638 ex
2547 1581 2675 1649 ﬁde,
2697 1584 2933 1639 sollicite
2959 1585 3165 1655 judicet
3192 1584 3320 1663 quid
3343 1586 3394 1641 ei
3420 1585 3620 1642 debeat

2018 1676 2071 1731 in
2102 1678 2437 1746 operatione.
2469 1674 2626 1732 Unde
2655 1693 2868 1732 rursum
2900 1680 3160 1748 scriptum
3203 1689 3321 1734 est:
3362 1677 3621 1735 ludicars

2017 1785 2191 1823 coram
2221 1768 2465 1834 Domino,
2493 1779 2541 1823 et
2581 1778 2821 1840 exspecta
2854 1787 2970 1825 eum
2994 1769 3135 1842 (Job.
3165 1787 3326 1837 xxxv,
3372 1772 3487 1843 14).
3518 1771 3611 1828 Co-

313 1855 538 1912 subesse
579 1858 903 1927 potuissent.
937 1862 1069 1929 Quia
1100 1880 1227 1936 ergo
1257 1867 1425 1925 solius
1462 1870 1657 1927 divinae
1704 1885 1913 1932 natura:
1943 1878 1993 1941 B
2019 1878 2133 1917 Tam
2166 1862 2395 1917 Domino
2420 1862 2628 1918 δεηίεθι
2662 1862 2955 1933 indicatur.
3008 1864 3099 1934 qui
3141 1864 3306 1920 θοΐάθ
3336 1864 3624 1921 Dominum

317 1957 402 2038 est
432 1950 644 2009 umbras
680 1951 999 2022 ignorantia:
1026 1958 1512 2033 mutabilitatisque
1535 1980 1645 2021 non
1674 1970 1908 2038 perpeti,

317 2037 520 2096 dicatur
536 2051 710 2113 recte,
738 2044 863 2099 Non
883 2051 1268 2121 sunt‘tenebrw,
1292 2062 1337 2106 et
1359 2070 1461 2109 non
1483 2066 1557 2108 est
1577 2056 1760 2111 umbra
1782 2037 1913 2113 mor-

317 2134 420 2221 tis,
468 2144 522 2188 ut
566 2137 951 2193 abscondantur
988 2141 1059 2196 ibi
1108 2145 1200 2212 qui
1243 2157 1522 2217 aperantur
1568 2151 1910 2221 iniquitatem.

304 2220 463 2295 ji’et.
490 2223 563 2276 Vl
578 2223 620 2299 .]
647 2226 760 2282 Lux
783 2231 924 2283 enim
947 2241 1173 2301 aeterna,
1189 2251 1308 2305 qum
1332 2237 1473 2293 Deus
1490 2248 1593 2307 est,
1616 2220 1816 2311 quanto
1838 2246 1914 2300 in-

319 2318 780 2381 commutabiliter
811 2322 971 2399 792
1003 2322 1191 2396 fulget,
1224 2337 1371 2383 tanto
1402 2333 1802 2399 penetrabiliter
1834 2338 1915 2391 vii-

310 2407 440 2471 det;
475 2420 530 2464 et
559 2428 730 2482 neque
758 2418 967 2469 occulta
996 2418 1188 2486 nescit,
1240 2421 1361 2491 quia
1410 2432 1599 2479 cuncta
1638 2438 1908 2497 penetrat,

310 2514 490 2570 neque
533 2514 810 2589 penetrata
857 2508 1212 2577 obliviscitur,
1262 2514 1384 2589 quia
1452 2516 1912 2577 incommutabilis

306 2592 491 2648 durat.
537 2584 769 2654 Proinde
808 2592 1022 2670 quoties
1053 2584 1327 2675 indignum
1359 2608 1561 2677 aliquid
1588 2612 1753 2668 corde
1783 2629 1912 2668 con-

305 2688 563 2756 cipimus,
597 2691 756 2746 toties
785 2695 839 2746 in
870 2694 988 2762 luce
1021 2712 1330 2764 peccamus,
1358 2700 1483 2769 quia
1530 2700 1645 2771 ipsa
1678 2705 1833 2759 nobis
1857 2716 1912 2761 et

304 2794 417 2835 non
474 2783 574 2838 sibi
622 2787 977 2854 praesentibus
1016 2799 1213 2859 praesto
1260 2800 1362 2860 est,
1398 2802 1451 2846 et
1496 2809 1748 2862 perverse
1790 2812 1910 2867 gra-

302 2871 514 2929 dientes
540 2877 593 2929 in
619 2877 787 2946 ipsam
820 2879 1187 2951 impingimus,
1219 2897 1249 2935 a
1271 2898 1375 2954 qua
1399 2898 1495 2952 per
1517 2884 1769 2943 meritum
1795 2888 1912 2944 lon-

298 2982 373 3040 ge
394 2983 600 3024 sumus.
650 2970 784 3026 Cum
830 2988 960 3029 vero
990 2989 1090 3029 nos
1136 2976 1305 3030 videri
1357 2992 1460 3033 non
1512 2978 1799 3049 credimus,
1856 2980 1908 3036 in

302 3062 421 3116 sole
449 3062 661 3120 clausos
691 3067 876 3121 oculos
929 3077 1196 3124 tenemus.
1254 3070 1409 3125 illum
1454 3072 1701 3128 videlicet
1753 3075 1908 3131 nobis

302 3151 838 3223 abscondimuspnon
869 3173 966 3214 nos
986 3158 1085 3213 illi.
1104 3160 1258 3217 Nunc
1285 3177 1414 3231 ergo
1442 3163 1568 3219 dum
1592 3148 1901 3237 pessumus,

2017 1955 2301 2025 conspicit,
2330 1964 2386 2010 et
2409 1965 2563 2011 actus
2592 1970 2719 2009 suos
2747 1957 2849 2011 sub
2878 1956 2997 2025 ejus
3028 1958 3342 2025 praesentia,
3384 1956 3622 2013 sollicita

2016 2040 2365 2115 inquisitione
2410 2048 2692 2123 discernit.
2749 2048 2918 2131 Quem
2972 2046 3177 2103 tantotl
3225 2048 3346 2118 quis
3373 2047 3622 2103 securius

1996 2148 2314 2207 exspectat,
2373 2148 2575 2209 quanto
2620 2140 2863 2209 quotidie
2910 2138 3077 2194 vitam
3128 2153 3281 2195 suam
3334 2147 3663 2209 suspectus,

2015 2233 2313 2286 examinat.
2342 2229 2447 2297 Qui
2476 2230 2619 2285 enim
2648 2230 2713 2284 ad
2758 2240 3069 2286 extremum
3096 2231 3213 2300 ejus
3239 2229 3497 2301 judicium
3528 2244 3622 2285 ve-

2015 2325 2117 2390 nit,
2153 2341 2258 2379 non
2283 2324 2395 2395 jam
2420 2339 2601 2379 coram
2624 2324 2739 2392 illo,
2763 2324 2858 2380 sed
2877 2324 3059 2379 abillo
3083 2323 3377 2396 judicatur.
3405 2324 3481 2380 De
3512 2324 3618 2379 hoc

2010 2435 2230 2493 quoque
2259 2418 2453 2474 mentis
2475 2418 2682 2489 judicio
2714 2418 3059 2475 obliviscenti
3110 2418 3305 2473 animae
3352 2433 3450 2488 per
3493 2431 3623 2489 pro-

2016 2512 2232 2580 phetam
2281 2513 2542 2565 Dominus
2586 2510 2718 2567 dicit
2750 2528 2765 2566 :
2821 2508 3110 2585 Reducgne
3137 2512 3190 2565 in
3216 2510 3537 2575 memoriam,
3564 2519 3622 2566 ut

2005 2604 2304 2674 judicentur
2350 2604 2540 2667 simul;
2568 2620 2723 2658 narra
2760 2604 2805 2657 si
2843 2605 2969 2674 quid
3024 2606 3197 2672 habes,
3244 2612 3303 2658 ut
3317 2603 3621 2675 justiﬁceris

2021 2695 2174 2763 (lsai.
2205 2711 2355 2760 xuii,
2382 2695 2502 2765 26).

2086 2788 2233 2861 [Rea
2272 2787 2396 2859 VL]
2440 2789 2525 2842 15.
2565 2786 2763 2841 Judicii
2822 2791 2979 2859 hujus
3028 2790 3179 2842 ordo.
3233 2790 3453 2843 Accusat
3496 2802 3619 2843 con-

2012 2881 2245 2945 scientia,
2279 2882 2412 2932 ratio
2438 2880 2666 2951 judicat,
2702 2881 2854 2933 timor
2902 2880 3052 2953 ligat,
3105 2880 3256 2935 dolor
3304 2881 3519 2935 cruciat.
3548 2907 3619 2924 —-

2017 2974 2185 3029 Debet
2241 2976 2387 3031 enim
2457 2975 2879 3045 uniuscujusque
2931 2990 3081 3031 mens
3137 2985 3193 3030 et
3256 2990 3445 3031 causas
3491 2989 3618 3031 suas

2013 3064 2153 3134 apud
2194 3065 2497 3133 Dominum,
2531 3076 2585 3120 et
2612 3080 2803 3122 causas
2835 3067 3049 3121 Domini
3074 3078 3263 3122 contra
3293 3081 3354 3123 se
3384 3067 3618 3123 sollicita

2016 3156 2360 3226 inquisitione
2388 3166 2412 3194 ⁶
2443 3158 2755 3225 discutere;
2820 3158 2983 3214 debet
3036 3168 3196 3215 caute
3248 3174 3493 3229 pensare,
3524 3160 3613 3214 vel

304 3258 337 3297 ει
364 3259 657 3317 conspectu
700 3252 888 3305 salerni
916 3252 1114 3321 iudicis
1142 3262 1196 3309 et
1224 3254 1364 3310 male
1388 3256 1644 3328 cogitata,
1672 3257 1698 3295 b
1739 3269 1792 3313 et
1818 3276 1910 3328 ρο.
1932 3259 1986 3326 C
2015 3266 2132 3320 quae
2162 3250 2229 3304 ab
2249 3264 2313 3304 eo
2339 3250 2477 3304 bona
2506 3252 2824 3319 perceperit,
2855 3251 2939 3305 vel
2965 3266 3086 3321 quae
3110 3253 3249 3307 mala
3281 3252 3438 3307 bonis
3466 3249 3611 3306 illius

302 3340 392 3409 jus
424 3351 729 3410 perpetrata
760 3336 1069 3412 deleamus;
1094 3360 1407 3402 revocemus
1429 3357 1554 3404 ante
1575 3349 1763 3405 oculos
1790 3366 1911 3405 cor-

307 3430 393 3486 dis
441 3432 696 3503 quidquid
733 3450 991 3503 perversc
1039 3438 1248 3508 egimus
1290 3453 1409 3509 per~
1437 3440 1731 3510 nequitiam
1776 3458 1915 3511 prte-

320 3525 663 3593 sumptionis.
696 3526 839 3582 Nihil
867 3528 968 3582 sibi
1019 3541 1200 3591 nostra
1254 3531 1558 3587 blandiatur
1607 3534 1912 3603 inﬁrmitas,

304 3617 548 3687 atquein
576 3617 660 3673 his
696 3634 817 3688 quae
863 3620 1072 3687 recolit,
1127 3623 1473 3692 semetipsum
1521 3624 1749 3681 delicate
1802 3641 1911 3681 non

304 3711 505 3783 palpet,
529 3713 623 3767 sed
650 3724 851 3785 quanto
899 3714 1000 3770 sibi
1033 3715 1157 3769 mali
1189 3716 1259 3771 sit
1303 3717 1543 3783 conscia,
1576 3728 1723 3771 tanto
1769 3719 1823 3773 in
1852 3734 1912 3775 se

308 3804 589 3876 benignius
614 3803 687 3861 sit
710 3822 919 3872 severa,
951 3818 1210 3879 proponat
1253 3816 1439 3863 contra
1470 3825 1528 3864 se
1560 3809 1796 3865 futurum
1816 3810 1909 3882 ju-

304 3895 524 3963 dicium,
556 3907 612 3952 et
641 3913 867 3969 quaeque
903 3898 955 3953 in
990 3913 1048 3953 se
1079 3898 1245 3954 sentit
1274 3900 1515 3956 districte
1546 3901 1784 3957 ferienda
1817 3919 1911 3971 per

302 3987 624 4042 sententiam
668 3986 889 4058 judicis,
948 3989 1063 4043 ilth
1119 3988 1170 4043 in
1200 4005 1260 4045 se
1291 3991 1376 4059 pie
1423 3992 1578 4049 ieriat
1606 4008 1702 4063 per
1738 3994 1911 4063 pruni-

302 4081 528 4136 tentiam
572 4081 960 4137 conversionis.
1022 4081 1174 4138 Unde
1223 4090 1348 4153 apte
1381 4095 1662 4157 postquam
1690 4088 1908 4145 violenti

300 4172 461 4243 hujus
488 4189 644 4244 ptena
672 4174 942 4245 descripta
977 4186 1083 4245 est,
1114 4178 1362 4248 sequitur
1389 4195 1403 4231 :

745 4316 976 4374 CAPUT
1021 4319 1107 4374 vn
1148 4296 1303 4389 in...
1363 4318 1453 4392 v1.

374 4447 538 4502 Vens.
566 4446 656 4502 23.
685 4478 755 4489 —
783 4447 964 4519 Neque
986 4452 1121 4503 enim
1150 4450 1289 4504 ultra
1318 4451 1373 4504 in
1405 4451 1627 4508 hominis
1654 4464 1906 4522 potestate

298 4547 377 4595 est
402 4550 456 4592 ut
476 4540 643 4592 veniat
672 4541 739 4592 ad
774 4538 938 4593 Deum
965 4541 1015 4593 in
1050 4540 1328 4612 judicium.
1796 4562 1797 4565 η

2018 3354 2270 3410 perverse
2299 3341 2528 3395 vivendo
2579 3342 2939 3417 responderit.
2980 3343 3135 3409 Quod
3192 3343 3350 3397 electi
3393 3343 3611 3411 quidem

2015 3434 2255 3504 quotidie
2283 3434 2462 3489 facere
2487 3434 2709 3490 omnino
2738 3450 2847 3491 non
2872 3448 3107 3491 cessant.
3143 3435 3297 3491 Unde
3336 3435 3475 3490 bene
3507 3435 3612 3491 Sa-

2017 3530 2194 3582 lomon
2216 3529 2289 3581 ait
2314 3548 2324 3581 :
2348 3528 2692 3599 Cogitationes
2701 3530 2983 3598 justorum,
2993 3530 3200 3600 judicia
3220 3527 3383 3598 (Prov
3419 3543 3514 3594 xu,
3534 3529 3614 3598 5).

2015 3621 2177 3693 793
2210 3620 2485 3674 Accedunt
2509 3620 2653 3674 enim
2678 3619 2745 3675 ad
2769 3620 3122 3676 secretarium
3148 3619 3345 3691 judicis
3374 3621 3515 3675 intra
3538 3620 3616 3675 si-

2015 3728 2142 3766 num
2173 3711 2387 3766 cordis:
2418 3711 2764 3767 considerant
2809 3727 2971 3781 quam
3018 3713 3267 3767 districte
3293 3711 3614 3783 quandoque

2016 3803 2169 3858 i'eriat
2197 3802 2288 3872 qui
2319 3803 2411 3856 diu
2462 3806 2733 3874 patienter
2785 3811 3100 3872 exspectat;
3136 3793 3399 3857 metuunt'
3425 3804 3479 3857 in
3527 3802 3613 3858 his

2012 3909 2134 3965 quae
2182 3910 2241 3950 se
2268 3894 2444 3965 egisse
2484 3895 2867 3963 meminerunt,
2899 3907 2953 3951 et
2978 3895 3208 3964 puniunt
3236 3894 3418 3951 ﬂendo
3466 3895 3611 3965 quod

2016 3996 2350 4058 perpetrasse
2385 4003 2443 4043 se
2468 3987 2795 4060 intelligunt;
2820 3988 3009 4042 timent
3032 3987 3247 4069 subtilia
3272 3990 3359 4043 ltei
3384 3988 3609 4059 judicia,

2012 4084 2174 4137 etiam
2205 4084 2273 4137 de
2316 4083 2401 4136 his
2430 4097 2549 4151 qua:
2578 4080 2633 4135 in
2677 4081 2981 4150 semetipsis
3032 4080 3331 4151 intelligere
3380 4082 3609 4137 fortasse

2011 4194 2119 4233 non
2150 4188 2394 4248 possunt.
2428 4176 2621 4231 Vident
2649 4178 2793 4231 enim
2828 4175 2998 4231 videri
3036 4176 3295 4229 divinitus
3325 4175 3467 4243 quod
3499 4174 3605 4243 ipsi
3660 4210 3663 4213 ν

2011 4271 2066 4323 in
2094 4284 2153 4324 se
2182 4284 2277 4339 per
2305 4268 2697 4323 humanitatem
2745 4284 2853 4322 non
2886 4266 3109 4333 vident;
3153 4266 3491 4335 conspiciunt
3528 4266 3610 4320 di-

2010 4362 2258 4416 strictum
2283 4361 2544 4433 judicem,
2577 4361 2669 4431 qui
2706 4377 2813 4431 quo
2840 4361 3044 4415 tardius
3071 4360 3242 4425 venit,
3270 4376 3336 4413 eo
3365 4361 3609 4415 severius

2010 4454 2263 4521 percutit.
2292 4453 2613 4508 Sanctorum
2644 4452 2806 4507 etiam
2840 4462 3049 4522 patrum
3080 4452 3325 4506 residere
3372 4466 3608 4505 conven-

2012 4554 2123 4599 tum
2182 4563 2304 4602 cum
2360 4564 2427 4603 eo
2456 4547 2656 4617 pariter
2686 4547 3140 4617 contemplantur,
3186 4561 3483 4616 eorumque
3522 4544 3608 4601 vel

379 4630 468 4686 12.
510 4631 603 4685 Dei
621 4632 881 4702 judicium
939 4634 1221 4703 prwvcnire
1272 4634 1513 4689 debemus
1571 4640 1904 4707 nosmetipsos
1930 4642 2281 4715 Dexempla,
2313 4640 2395 4693 vel
2438 4639 2580 4695 dicta
2628 4654 2688 4693 se
2718 4638 3114 4707 contempsisse
3164 4636 3601 4705 reprehendunt,

292 4731 604 4802 judicando.
631 4760 699 4770 —
741 4729 942 4784 Versus
975 4732 1077 4785 iste
1110 4737 1260 4784 tanto
1294 4729 1498 4800 majore
1543 4730 1901 4799 diSputatione

300 4823 528 4894 indiget,
561 4834 761 4893 quanto
803 4824 905 4879 hoc
928 4823 1074 4895 quod
1109 4824 1258 4887 dicit,
1285 4825 1332 4879 si
1384 4823 1692 4896 negligitur,
1727 4825 1900 4881 acrius

298 4916 471 4972 dolet.
496 4916 595 4971 Hic
625 4917 874 4972 nimirum
928 4933 1031 4972 non
1090 4916 1219 4971 illud
1263 4914 1523 4985 judicium
1567 4916 1896 4987 designatur,

296 5007 446 5079 quod
472 5024 569 5080 per
592 5018 846 5065 aeternam
907 5009 1315 5065 retributionem
1368 5008 1539 5079 punit,
1604 5008 1698 5063 sed
1758 5008 1900 5073 quod

374 5153 398 5181 ι
432 5143 525 5198 Hic
565 5144 830 5198 Gussanv.
875 5140 1128 5196 admonet
1169 5144 1221 5194 in
1252 5141 1349 5194 Ms.
1392 5140 1644 5193 Vaticano
1691 5142 1709 5190 l
1765 5140 1892 5197 addi

244 5274 251 5279 ,
294 5216 576 5283 sequentia
624 5216 1097 5283 :Acceperuntea:
1136 5213 1329 5283 visione
1374 5213 1582 5266 rectoris
1625 5213 1705 5264 sui
1744 5212 1798 5264 in.
1837 5229 1892 5265 se

263 5281 426 5363 gipsis
462 5286 578 5363 sine
629 5281 828 5363 defectu
880 5282 1168 5363 persistere.
1196 5281 1279 5336 Ex
1324 5292 1583 5363 eo‘tamen
1616 5284 1688 5363 eis
1716 5283 1891 5363 standi

270 5354 385 5412 ῗαη
405 5356 535 5409 mira
556 5354 791 5423 conﬁcit,
809 5370 913 5420 quo
938 5355 1059 5406 dum
1088 5356 1253 5407 sciunt
1280 5354 1402 5424 quid
1425 5355 1489 5407 de
1510 5354 1723 5422 prapria
1746 5355 1887 5419 posi-

297 5432 437 5483 tione
488 5437 729 5495 possunt,
773 5426 1096 5479 considerant
1138 5428 1346 5495 rectoris
1397 5426 1476 5479 sui
1527 5426 1886 5495 gubernationi

292 5501 422 5572 quid
446 5494 685 5554 debeant.
714 5498 783 5557 Et
810 5505 1001 5566 quanto
1031 5494 1236 5572 [acilius
1264 5497 1486 5550 sentiunt
1516 5494 1579 5572 se
1604 5513 1751 5572 posse
1774 5511 1890 5572 ntu-

293 5568 680 5635 iabiliterdabi,
716 5578 856 5626 tanta
895 5584 948 5621 se
976 5569 1044 5619 ad
1074 5583 1299 5619 amorem
1343 5568 1552 5620 rectoris
1591 5569 1669 5619 sui
1693 5570 1885 5620 arctius

296 5661 363 5697 ne
395 5641 634 5695 labantur
669 5644 982 5709 astringunt.
1015 5637 1278 5692 Positione
1304 5639 1516 5708 propria
1560 5638 1628 5690 ad
1658 5654 1884 5708 prwceps

292 5731 447 5784 posse
473 5731 525 5766 se
548 5715 623 5765 ire
644 5721 981 5782 cognoscunt,
1012 5710 1105 5784 sed
1140 5709 1209 5762 ad
1247 5720 1524 5784 creatorem
1556 5726 1706 5784 suum
1737 5726 1884 5784 amo-

292 5778 371 5839 ris
394 5801 552 5838 manu
582 5801 633 5835 se
658 5778 890 5845 retineat,
921 5799 981 5834 nc
1009 5781 1216 5833 cadant.
1255 5778 1407 5835 Hanc
1429 5782 1614 5847 ipsam.
1652 5780 1761 5834 Hoc
1792 5782 1885 5833 ad-

295 5858 651 5913 ditamentum
680 5856 781 5910 etsi
812 5869 842 5908 a
885 5852 1025 5922 stylo
1060 5850 1391 5923 Gregoriano
1438 5868 1541 5907 non
1580 5852 1885 5915 abhorreat,

2013 4743 2176 4804 atque
2227 4733 2281 4788 in
2314 4732 2417 4786 hoc
2448 4738 2660 4786 secreto
2692 4730 2967 4785 interioris
2996 4727 3209 4800 judicii,
3242 4730 3354 4797 ipsa
3409 4729 3604 4784 mentis

2011 4843 2123 4881 suae
2155 4826 2509 4880 exsecutione
2540 4824 2839 4890 constricti,
2873 4823 3184 4892 paenitendo
3214 4824 3411 4879 feriunt
3458 4819 3604 4893 quod

2011 4915 2376 4985 superbiendo
2406 4914 2812 4971 commiserunt.
2854 4914 2931 4969 lbi
2966 4928 3197 4985 namque
3226 4914 3510 4970 adversum
3541 4927 3604 4968 se

2011 5008 2246 5080 quidque
2296 5023 2355 5063 se
2404 5009 2702 5083 impugnat,
2757 5019 3115 5067 enumerant:
3146 5009 3217 5063 ibi
3251 5020 3375 5063 ante
3414 5007 3600 5062 oculos

1998 5140 2163 5196 nullis
2186 5140 2243 5197 in
2270 5140 2561 5203 (Iudicibus
2588 5142 2703 5199 sive
2733 5158 2895 5197 manu
2925 5143 3193 5205 exaratis,
3228 5142 3343 5195 sive
3387 5136 3599 5195 excusis

1998 5221 2311 5283 comparet;
2344 5227 2413 5269 ne
2439 5213 2491 5265 in
2525 5213 2657 5283 ipsis
2685 5213 2899 5283 quidem
2930 5212 3189 5266 Romanis
3223 5211 3401 5264 editis.

2066 5280 2095 5319 ἲ)
2124 5277 2389 5337 ’Μεηᾱὸεθ
2427 5283 2482 5337 in
2512 5277 2805 5353 Gussnhv.,
2858 5294 2901 5339 ει
2952 5284 3093 5350 prius
3138 5289 3444 5349 perpetrata.
3483 5277 3595 5353 0p-

1995 5364 2268 5422 ponuntur
2298 5355 2385 5408 hic
2411 5355 2608 5408 malum
2652 5365 2707 5409 et
2727 5357 2906 5425 pejus;
2937 5355 3182 5422 cogitatio
3208 5353 3366 5425 mala,
3391 5362 3440 5405 et
3462 5352 3597 5406 actio

1938 5426 1941 5429 “
1999 5430 2165 5501 pejor.
2189 5427 2445 5501 Superius
2476 5428 2636 5501 etiam
2669 5422 2881 5493 legitur,
2904 5434 3070 5501 curat,
3107 5439 3223 5490 pro,
3249 5422 3427 5501 durat.

2077 5510 2094 5531 ε’
2135 5496 2330 5548 i’ralcl.
2357 5508 2408 5547 «ιι
2436 5498 2547 5559 alii,
2583 5514 2672 5561 per
2701 5496 3117 5558 conversionem;
3146 5493 3288 5561 quod
3319 5495 3479 5549 etiam
3517 5498 3591 5552 le-

1994 5569 2135 5636 gitur
2161 5570 2215 5621 in
2248 5580 2354 5621 vet.
2381 5567 2520 5620 Edtt.
2558 5567 2728 5619 Paris.
2762 5572 2816 5618 et
2844 5563 3008 5636 Basil.

2067 5637 2093 5674 ά
2127 5639 2334 5704 Baluz.,
2378 5638 2492 5708 quis
2517 5652 2748 5691 securus.
2782 5635 2931 5708 Quod
2961 5636 3161 5703 optime
3200 5638 3488 5707 respondet
3515 5638 3593 5694 al-

1999 5708 2097 5762 teri
2133 5705 2417 5779 metnbro,_
2450 5714 2715 5772 suspectus
2767 5705 3047 5759 examinat.
3094 5709 3161 5761 At
3204 5708 3255 5759 in
3289 5705 3410 5765 aliis
3459 5708 3585 5767 Mss.

1998 5780 2191 5847 legitur
2217 5780 2465 5833 securius.

2076 5860 2097 5885 ο
2131 5851 2358 5915 Turon.,
2392 5850 2661 5904 discutere.
2696 5848 2849 5902 Debet
2874 5858 3041 5903 autem
3064 5868 3299 5921 prnsare.
