4024 6352
526 390 626 444 327

1725 388 1963 444 SANCTI
2001 385 2327 443 GREGORII
2364 384 2578 442 MAGNI
3647 392 3735 446 δίε
3772 417 3783 426 .

520 523 650 565 suos
678 521 838 563 omne
865 506 1006 576 quod
1034 504 1299 570 deﬂeant,
1330 510 1653 560 coacervant
1685 520 1698 568 ;
1729 503 1803 557 ibi
1837 502 2096 573 quidquid
2127 505 2180 564 Α
2205 501 2454 570 Ephraim
2468 492 3240 572 speciedicitur:Comederunt
3253 499 3405 552 alieni
3417 501 3742 572 roburejm,et

518 614 631 668 per-
663 601 812 654 iram'
848 598 1072 653 districti
1109 596 1316 665 'judicis
1354 597 1571 652 decerni
1628 596 1797 664 possit
1827 638 1842 663 ,
1892 598 2100 650 intuen-

525 701 640 754 tur;
674 692 746 746 ibi
812 699 890 746 tot
919 689 1189 758 patiuntur
1217 689 1510 758 supplicia,
1545 699 1674 758 quot
1721 690 1829 757 pati
1873 689 2100 752 timent;

519 801 618 842 nec
648 786 797 840 deest
825 784 877 838 in
911 785 1010 837 hoc
1051 782 1254 853 judicio
1281 793 1460 840 mente
1504 795 1766 852 cencepto
1796 799 1957 839 omne
2004 786 2104 839 mi-

519 881 823 942 nisterium,
875 877 1020 945 quod
1073 878 1263 946 punire
1313 893 1435 932 reos
1463 891 1588 932 suos
1637 877 1847 946 plenius
1891 877 2102 932 debeat.

527 969 661 1024 Nam
690 969 1016 1024 conscientia
1053 979 1289 1032 accusat,
1340 969 1473 1022 ratio
1493 969 1717 1037 judicat,
1771 971 1928 1024 timor
1955 969 2105 1037 ligat,

521 1062 989 1130 dolor.excruciat.
1015 1060 1445 1130 Quodjudicium
1473 1076 1539 1115 eo
1562 1062 1762 1117 certius
1797 1062 1969 1132 punit,
1999 1076 2107 1131 quo

523 1153 753 1208 interius
780 1155 954 1218 saevit,
985 1154 1109 1222 quia
1135 1152 1385 1207 videlicet
1414 1154 1482 1206 ab
1507 1154 1866 1210 exterioribus
1895 1170 2001 1209 non
2024 1169 2108 1209 ac-

519 1247 681 1301 cedit.
717 1244 1092 1314 Unusquisque
1121 1247 1262 1300 enim
1306 1261 1428 1300 cum
1459 1261 1676 1302 causam
1717 1248 1874 1318 hujus
1904 1248 2108 1304 exami-

520 1339 606 1392 nis
648 1345 835 1390 contra
863 1351 923 1390 se
951 1336 1168 1407 aggredi
1199 1339 1444 1406 coeperit,
1474 1339 1587 1407 ipse
1625 1349 1707 1395 est
1749 1350 1774 1377 ι
1821 1349 1970 1394 actor
2015 1343 2108 1410 qui

520 1432 763 1498 exhibet,
818 1433 932 1501 ipse
975 1447 1098 1488 reus
1148 1435 1250 1502 qui,
1281 1433 1594 1496 exhibetur;
1645 1431 1761 1486 odit
1790 1445 1850 1486 se
1896 1433 2109 1502 qualem

521 1525 688 1580 fuisse
713 1539 771 1580 se
816 1526 1080 1594 meminit,
1126 1536 1181 1580 et
1205 1527 1318 1593 ipse
1364 1527 1455 1594 qui
1482 1534 1586 1590 est,
1639 1540 1734 1592 per
1761 1523 2109 1593 semetipsum

519 1615 818 1686 insequitur
863 1617 1012 1672 illum
1041 1618 1130 1687 qui
1167 1618 1289 1685 fuit,
1331 1629 1494 1685 atque
1521 1617 1587 1668 ab
1612 1616 1729 1685 ipso
1754 1616 1969 1670 homine
2011 1618 2107 1671 ad-

522 1723 709 1764 versus
740 1711 1089 1780 semetipsum
1121 1710 1180 1764 ﬁt
1226 1711 1470 1778 quaedam
1500 1711 1615 1764 rixa
1649 1712 1706 1764 in
1737 1710 1940 1775 animo,
1988 1725 2109 1778 par-

522 1802 725 1856 turiens
756 1818 936 1870 pacem
981 1819 1100 1858 cum
1129 1803 1260 1857 Deo.
1312 1803 1459 1857 Hanc
1501 1804 1679 1857 cordis
1706 1804 1899 1862 :‘rixam
1937 1802 2110 1856 Domi-

2209 595 2451 659 nescivit;
2479 594 2568 648 sed
2609 602 2656 648 et
2679 594 2793 646 cani
2817 591 2965 658 effusi
2986 602 3104 646 sunt
3133 593 3186 646 in
3211 607 3291 656 eo,
3314 602 3360 644 et
3393 593 3494 662 ipse
3520 595 3743 665 ignoravit

2209 685 2385 754 (Osca:
2402 702 2460 754 ιι,
2476 684 2554 755 9).
2573 683 2704 740 Cum
2728 699 2856 740 vero
2871 685 3210 755 semetipsam
3229 685 3438 754 quzerit,
3451 687 3748 744 etsnbtiliter

2207 777 2518 847 paenitendo
2557 789 2618 831 se
2645 777 2882 842 discutit,
2909 776 2977 831 ab
3004 777 3114 844 ipsa
3148 776 3247 830 hac
3271 784 3525 832 vetustate
3549 792 3634 833 sua
3658 779 3752 836 lota

2210 869 2461 939 lacrymis
2491 878 2548 924 et
2575 882 2806 924 maerore
2845 869 3062 923 incensa
3108 877 3417 935 renovatur,
3447 877 3499 923 et
3525 883 3633 938 qute
3654 868 3748 939 jam

2210 976 2348 1031 pene
2370 964 2663 1016 inveterata
2697 971 2720 999 π
2763 961 3010 1026 frixerat,
3041 976 3133 1030 per
3164 962 3553 1017 subministrata
3580 961 3751 1018 interni

2210 1054 2411 1108 amoris
2441 1055 2615 1108 studia
2647 1068 2843 1108 novum
2887 1054 3047 1108 calet.
3102 1053 3253 1109 Unde
3291 1054 3481 1108 Paulus
3511 1054 3754 1122 apostolus

2212 1161 2312 1200 usu
2343 1147 2587 1200 mortalis
2612 1147 2731 1201 vita
2773 1155 3167 1202 veterascentcs
3197 1145 3482 1214 discipulos
3510 1145 3758 1210 admonet,

2211 1239 2395 1294 dicens
2427 1254 2441 1292 :
2474 1238 2807 1292 Renovamini
2832 1240 3020 1308 spiritu
3063 1240 3242 1292 mentis
3263 1249 3438 1293 vestra’
3465 1236 3668 1308 (Ephes.
3695 1253 3760 1303 tv,

2210 1330 2324 1399 25).

2285 1423 2432 1495 [[ίεε.
2497 1422 2655 1494 γη]
2702 1424 2788 1478 15.
2844 1423 2912 1478 Ut
2961 1424 3055 1477 hoc
3084 1441 3328 1493 agamus,
3388 1440 3478 1478 nos
3521 1423 3766 1478 admonent

2213 1516 2444 1584 exempla
2468 1514 2574 1569 SS.
2608 1513 2827 1568 Patrum
2875 1524 2924 1568 et
2974 1515 3146 1567 divina
3173 1522 3448 1584 praecepta.
3473 1543 3542 1557 -—
3591 1514 3686 1569 Sed
3711 1516 3766 1569 ad

2215 1610 2332 1664 huic
2360 1610 2562 1678 agenda
2602 1609 2755 1664 valde
2783 1609 3028 1678 exempla
3084 1618 3294 1678 patrum
3343 1617 3396 1662 et
3437 1607 3571 1662 sacri
3595 1607 3769 1677 eloquii

2214 1710 2480 1771 prazcepta
2519 1717 2617 1756 nos
2671 1701 2948 1770 adjuvant.
2998 1699 3060 1758 Si
3105 1701 3247 1756 enim
3294 1708 3592 1754 sanctorum
3631 1713 3768 1767 opera

2213 1791 2552 1860 inspicimus,
2606 1799 2662 1847 et
2687 1792 2879 1846 divinis
2900 1792 3234 1862 jussionibus
3259 1806 3443 1846 aurem
3470 1791 3768 1860 praebemus,

521 1910 623 1949 nus
652 1897 981 1964 requirebat,
1010 1912 1131 1952 cum
1165 1912 1260 1966 per
1286 1897 1610 1966 prophetam
1631 1897 1837 1950 diceret
1861 1913 1874 1948 ;
1899 1896 2107 1949 Artemii
2138 1879 2184 1940 Β
2213 1883 2314 1936 alia
2344 1898 2441 1937 nos
2493 1877 2876 1952 contemplata,
2919 1883 3022 1936 alia
3051 1884 3228 1936 audita
3252 1881 3600 1945 succendunt,
3627 1890 3676 1935 et
3695 1895 3772 1934 cor

522 1996 572 2042 et
603 1990 911 2055 auscultavi,
942 2006 1090 2043 nemo
1118 1991 1255 2058 quod
1286 1992 1474 2044 bonum
1503 1998 1576 2044 est
1627 1990 1884 2059 loquitur,
1936 1990 2111 2042 nullus

522 2090 596 2134 est
624 2083 711 2150 qui
766 2091 888 2152 agat
919 2083 1267 2150 paenitentiam
1309 2099 1458 2153 super
1486 2093 1694 2154 peccato
1742 2100 1856 2150 suo,
1898 2082 2111 2135 dicens:

530 2172 668 2236 Quid
698 2173 797 2241 feci
823 2172 1038 2243 (Jerem.
1083 2189 1194 2238 νιιι,
1228 2174 1322 2242 6)?
1352 2175 1454 2229 lsta
1500 2176 1677 2229 cordis
1726 2175 1945 2228 humani
2000 2175 2113 2228 rixa

529 2259 558 2300 δ
595 2264 835 2330 placatus
864 2274 968 2332 est,
998 2280 1116 2319 cum
1142 2265 1416 2334 prophetae
1443 2280 1540 2320 suo
1579 2265 1648 2322 de
1675 2265 1861 2322 Achab
1887 2280 2009 2339 rege
2031 2280 2116 2320 se-

529 2353 814 2422 metipsum
843 2343 1270 2422 reprehendente
1303 2356 1631 2424 loqueretur,
1665 2356 1850 2410 dicens
1879 2374 1892 2409 :
1929 2355 2117 2409 Vidisti

523 2446 696 2501 Achab
722 2450 1051 2504 humiliatum
1084 2466 1258 2504 coram
1289 2450 1414 2505 me?
1463 2451 1598 2517 Quia
1628 2451 1782 2520 igitur
1817 2452 2116 2506 humiliatus

524 2549 604 2594 est
642 2539 740 2594 mei
783 2558 962 2608 causa,
1013 2560 1115 2598 non
1166 2545 1413 2610 inducant
1457 2545 1656 2597 malum
1695 2547 1747 2597 in
1799 2545 1976 2598 diebus
2003 2546 2116 2613 ejus

529 2632 655 2704 (ΙΙΙ
683 2637 808 2706 Reg.
839 2653 951 2700 xxt,
973 2637 1087 2708 29).

593 2723 681 2780 M.
722 2726 838 2780 Hoc
849 2728 1109 2798 judicium
1135 2729 1271 2799 quod
1294 2729 1417 2793 mali
1436 2729 1712 2790 declinant,
1759 2730 1892 2801 justi
1921 2745 2118 2798 semper

527 2832 780 2888 exercent,
833 2838 983 2890 quam
1021 2823 1216 2876 utiliter
1245 2824 1534 2876 subeamus.
1580 2823 1670 2877 Sic
1696 2840 1728 2875 a
1757 2823 1954 2893 peccati
1974 2833 2116 2877 vetu-

527 2921 660 2966 state
679 2928 1004 2966 renovamur.
1037 2941 1106 2952 —
1137 2913 1271 2978 Quia
1298 2929 1426 2982 ergo
1457 2929 1596 2967 nunc
1649 2915 1700 2966 in
1736 2921 1997 2982 potestate
2034 2922 2118 2968 est

533 3004 803 3058 internum
830 3006 1026 3060 mentis
1055 3014 1252 3060 nostra:
1271 3015 1458 3059 contra
1499 3021 1595 3058 nos
1623 3005 1806 3059 subire
1835 3005 2116 3073 judicium,

530 3096 969 3166 recognoscendo
1033 3111 1350 3151 accusemus
1411 3097 1891 3165 nosmetipsos,‘et
1935 3097 2119 3165 quales

531 3187 730 3241 fuimus
764 3189 1074 3257 ptenitendo
1107 3187 1500 3258 torqueamusf
1525 3205 1628 3243 non
1680 3204 1950 3244 cessemus
1992 3189 2116 3242 dum

2218 1985 2458 2030 nostrum
2488 1985 2701 2045 torpore
2742 1991 2846 2030 non
2890 1975 3296 2044 constringitur,
3359 1976 3484 2028 dum
3506 1975 3774 2028 imitatione

2221 2079 2563 2136 provocatur.
2597 2068 2746 2122 Unde
2778 2068 2915 2121 bene
2955 2069 3019 2120 ad
3050 2066 3524 2137 Moysen‘dicitur;
3557 2064 3694 2136 Ignis
3733 2066 3775 2116 in

2219 2164 2373 2216 altari
2396 2178 2592 2231 semper
2627 2161 2842 2227 ardebit,
2876 2177 3024 2232 quem
3047 2161 3232 2214 nutriet
3259 2159 3518 2221 sacerdos,
3537 2156 3778 2226 subiiciens

2222 2273 2373 2309 mane
2395 2255 2575 2324 lingua
2606 2271 2693 2323 per
2712 2254 2944 2322 singulos
2972 2253 3081 2306 dies
3123 2250 3314 2322 (Leuit.
3347 2265 3421 2317 vt,
3453 2248 3576 2316 12);
3619 2247 3778 2301 Altare

2221 2350 2424 2420 quippe
2449 2350 2542 2404 Dei
2567 2359 2648 2404 est
2672 2363 2768 2404 cor
2790 2357 3051 2411 nostrum,
3078 2345 3132 2402 in
3158 2360 3263 2415 quo
3281 2332 3644 2413 jubeturignis
3657 2356 3780 2396 sem-

2222 2459 2318 2512 per
2339 2443 2555 2509 ardere,
2586 2444 2710 2512 quia
2738 2455 2959 2496 uecesse
2979 2450 3061 2496 est
3089 2455 3153 2494 ex
3172 2439 3266 2494 illo
3283 2439 3353 2493 ad
3377 2437 3651 2492 Dominum
3674 2433 3776 2488 cha-

2222 2537 2398 2591 ritatis
2449 2535 2716 2588 ﬂammam
2753 2533 2777 2568 ί¹
2810 2533 3174 2588 indesinenter
3213 2531 3530 2588 ascendere.
3577 2527 3666 2582 Cui
3704 2541 3779 2593 per

2221 2628 2459 2698 singulos
2489 2627 2605 2681 dies
2633 2627 2886 2681 sacerdos
2919 2625 3057 2696 ligna
3099 2623 3378 2692 subjiciat,
3401 2638 3468 2677 ne
3507 2621 3781 2687 exstingua-

2221 2730 2329 2776 tur.
2387 2722 2575 2776 Omnis
2623 2709 2766 2776 enim
2795 2719 2994 2775 Christi
3057 2719 3163 2774 [ide
3202 2717 3461 2788 praeditus
3513 2714 3782 2770 membrum

2224 2815 2406 2883 utique
2434 2800 2640 2869 summi
2685 2813 2976 2869 sacerdotis
2995 2811 3216 2867 effectus
3246 2821 3354 2873 est,
3413 2811 3550 2866 sicut
3601 2807 3781 2862 cunctis

2224 2907 2468 2963 ﬁdelibus
2516 2907 2704 2962 Petrus
2747 2905 3022 2976 apostolus
3068 2904 3238 2959 dicit:
3305 2901 3414 2956 Vos
3453 2912 3618 2956 autem
3645 2912 3780 2969 genus

2223 3004 2459 3066 electum,
2516 3001 2688 3072 regale
2717 3000 3056 3054 sacerdotium
3100 2995 3152 3067 (1
3188 2995 3308 3048 Pet.
3348 3009 3410 3059 ll,
3457 2995 3534 3066 9).
3582 2993 3647 3048 Et
3673 2991 3787 3045 sicut

2227 3096 2467 3152 Joannes
2497 3092 2769 3162 apostolus
2799 3091 2927 3146 dicit
2967 3107 2981 3143 :
3038 3088 3228 3142 Fecisti
3259 3105 3356 3145 nos
3388 3088 3499 3143 Deo
3527 3094 3690 3140 nostra
3718 3095 3785 3134 re-

2227 3203 2383 3256 gnum
2416 3196 2440 3224 ο
2463 3196 2511 3240 ει
2540 3187 2824 3240 sacerdotes
2853 3185 3037 3255 (Apoc.
3081 3198 3143 3249 ιι,
3176 3183 3253 3257 (ξ).
3285 3181 3585 3238 Sarcerdos
3613 3189 3728 3246 ergo
3748 3174 3789 3226 in

529 3277 653 3333 licet
680 3278 920 3349 judicare
965 3281 1104 3349 quod
1158 3281 1400 3345 fecimus,
1449 3282 1726 3335 audiamus
1767 3291 1920 3334 caute
1972 3279 2117 3348 quod
2147 3265 2195 3325 Ο
2226 3282 2380 3335 altari
2409 3281 2582 3350 ignem
2614 3279 2875 3341 nutriens,
2905 3276 3140 3346 quotidie
3171 3276 3314 3344 ligna
3345 3273 3612 3342 subjiciat,
3641 3270 3687 3322 id
3715 3276 3787 3321 est

529 3367 723 3424 dicitur
755 3386 770 3424 :
814 3369 995 3441 Neque
1026 3372 1160 3426 enim
1184 3372 1322 3425 ultra
1343 3374 1396 3424 in
1426 3371 1645 3426 hominis
1669 3381 1913 3440 potestate
1939 3382 2034 3435 est,
2068 3383 2121 3424 ut

529 3463 697 3517 veniat
739 3463 806 3515 ad
837 3462 1002 3517 Deum
1049 3463 1104 3516 in
1140 3463 1419 3535 judicium.
1484 3464 1850 3532 Reproborum
1894 3478 2123 3532 namque

527 3569 649 3610 esse
683 3555 954 3622 proprium
989 3554 1165 3618 solet,
1215 3569 1426 3625 semper
1459 3571 1619 3626 prava
1643 3571 1821 3625 agere,
1882 3567 1938 3610 et
1983 3570 2121 3608 nun-

529 3663 685 3716 quam
715 3662 835 3716 quaa
885 3649 1098 3717 egerint
1124 3657 1439 3702 retractare.
1497 3649 1666 3703 Omne
1692 3651 1834 3702 enim
1867 3648 2008 3717 quod
2047 3649 2123 3701 la-

529 3739 674 3793 ciunt
696 3752 840 3792 caeca
868 3747 1052 3793 mente
1083 3749 1477 3808 pertranseunt,
1500 3741 1804 3810 tactumque
1835 3755 1986 3794 suum
2019 3739 2121 3794 nisi

530 3844 650 3883 cum
676 3830 845 3898 puniti
872 3829 1091 3896 fuerint,
1125 3846 1227 3886 non
1261 3843 1576 3900 agnoscunt.
1609 3836 1677 3886 At
1705 3841 1892 3888 contra
1923 3833 2123 3887 electo-

531 3933 648 3972 rum
687 3929 769 3974 est
826 3928 979 3973 actus
1036 3935 1165 3974 suos
1220 3923 1460 3990 quotidie
1517 3924 1584 3976 ab
1637 3927 1752 3993 ipso
1781 3927 2122 3995 cogitationis

533 4010 680 4065 fonte
705 4009 998 4074 discutere,
1027 4021 1083 4065 et
1108 4026 1267 4067 omne
1319 4013 1460 4079 quod
1509 4013 1779 4067 turbidum
1809 4015 2028 4084 proﬂuit
2057 4015 2124 4068 ab

535 4102 738 4156 intimis
761 4103 1036 4157 exsiccare
1078 4101 1222 4174 [Vet.
1256 4101 1413 4175 VII].
1474 4105 1623 4158 Sicut
1650 4106 1792 4159 enim
1822 4121 1928 4160 non
1961 4105 2126 4160 senti-

522 4210 652 4250 ;tnus
703 4194 970 4263 quomodo
1017 4204 1265 4251 crescunt
1317 4196 1581 4264 membra,
1641 4199 1858 4266 prolicit
1900 4213 2122 4267 corpus,

539 4293 776 4339 mutatur
805 4288 1036 4354 species,
1078 4286 1303 4356 nigredo
1343 4287 1654 4355 capillorum
1685 4290 1907 4345 albescit
1936 4289 1989 4341 in
2036 4304 2125 4342 ca-

536 4378 619 4430 nis
657 4378 795 4447 (haec
822 4375 1018 4446 quippe
1046 4379 1224 4432 omnia
1273 4379 1430 4434 nobis
1486 4381 1855 4436 nescientibus
1900 4391 2127 4451 aguntur

537 4478 591 4530 in
623 4475 819 4544 nobis),
854 4475 925 4530 ita
957 4490 1112 4530 mens
1138 4485 1321 4530 nostra
1353 4490 1448 4545 per
1470 4489 1739 4532 momenta
1767 4479 1980 4534 vivendi
2010 4480 2124 4546 ipso

535 4579 784 4620 curarum
816 4581 958 4621 usua
987 4569 1275 4636 semetipsa
1308 4577 1656 4637 permutatur,
1711 4579 1766 4625 et
1813 4585 1920 4624 non
1961 4585 2125 4640 agno-

2226 3375 2396 3429 tidelis
2423 3373 2666 3442 quisque,
2725 3386 2791 3425 ne
2812 3370 2867 3424 in
2897 3384 2964 3424 eo
2993 3369 3270 3424 charitatis
3312 3368 3531 3422 ﬂamma
3576 3363 3784 3427 deﬁciat,

2223 3469 2277 3522 in
2310 3467 2472 3523 corde
2493 3481 2591 3522 suo
2616 3476 2721 3520 tam
2745 3465 2989 3533 exempla
3013 3463 3434 3535 praacedentium
3461 3476 3618 3532 quam
3646 3471 3788 3512 sacra:

2229 3559 2528 3629 Scriptura:
2557 3557 2865 3614 testimonia
2903 3555 2922 3594 ί
2961 3570 3250 3626 congerere
3277 3572 3388 3612 non
3411 3555 3651 3610 desistat.
3677 3551 3787 3605 Nam

2225 3651 2376 3722 qu‘asi
2405 3651 2644 3721 qumdam
2676 3649 2913 3705 fomenta
2943 3649 3050 3718 igni
3081 3649 3211 3702 dare
3241 3657 3326 3701 est
3355 3657 3380 3694 κ
3411 3647 3466 3701 in
3498 3645 3787 3700 excitatione

2183 3759 2192 3774 ·
2227 3743 2502 3798 charitatis
2531 3742 2614 3796 vel
2636 3742 2883 3811 exempla
2904 3751 3114 3810 patrum
3144 3738 3231 3794 vel
3259 3748 3529 3807 praecepta
3553 3733 3792 3791 dominica

2232 3836 2562 3892 ministrare.
2617 3834 2750 3900 Quia
2779 3835 2976 3888 etenim
3010 3832 3218 3886 interna
3252 3834 3480 3886 novitas'
3498 3837 3672 3885 nostra
3697 3825 3793 3894 ipsa

2225 3924 2464 3994 quotidie
2494 3925 2654 3992 hujus
2706 3924 2827 3979 vitae
2879 3923 3287 3980 conversatione
3327 3921 3634 3985 veterascit,
3665 3916 3796 3986 ignis

2227 4015 2331 4069 iste
2359 4015 2607 4070 adhibitis
2636 4016 2793 4085 lignis
2821 4016 3136 4071 nutriendus
3165 4023 3266 4080 est,
3301 4024 3362 4069 ut
3390 4016 3517 4069 dum
3548 4028 3637 4082 per
3662 4019 3797 4062 usum

2227 4123 2287 4163 se
2313 4118 2510 4162 nostrae
2540 4107 2816 4163 vetustatis
2844 4117 3116 4174 extenuat,
3142 4122 3236 4175 per
3267 4117 3482 4176 patrum
3509 4097 3798 4162 testimonia

2228 4208 2284 4252 et
2333 4199 2579 4268 exempla
2625 4199 2934 4254 reviviscat.
2991 4201 3055 4254 Et
3095 4202 3231 4254 bene
3258 4199 3367 4254 illic
3406 4197 3710 4270 praecipitur
3751 4199 3798 4246 ut

2228 4307 2383 4347 mane
2414 4292 2553 4360 ligna
2577 4307 2670 4362 per
2699 4292 2814 4347 dies
2842 4293 3083 4363 singulos
3106 4304 3490 4363 congerantur.
3517 4291 3642 4347 Haec
3665 4289 3802 4360 quip-

2230 4402 2294 4456 pe
2324 4403 2431 4441 non
2462 4387 2614 4453 ﬁunt,
2667 4389 2768 4442 nisi
2800 4401 2921 4442 cum
2978 4402 3083 4443 nox
3137 4390 3392 4444 czetitatis
3447 4386 3800 4457 exstinguitur.

2236 4481 2327 4535 Vel
2357 4489 2503 4535 certe
2541 4481 2663 4548 quia
2689 4495 2848 4535 mane
2887 4481 3058 4548 prima
3080 4496 3204 4550 pars
3225 4479 3332 4536 diei
3363 4491 3467 4545 est,
3516 4477 3802 4551 postpositis

2229 4572 2639 4642 cogitationibus
2670 4573 2794 4626 vitae
2819 4574 3117 4640 praesentis,
3148 4573 3249 4628 hoc
3265 4574 3441 4641 primo
3464 4575 3584 4629 loco
3599 4573 3804 4642 quisque

538 4658 759 4725 scimus,
794 4659 895 4716 nisi
927 4661 1168 4730 vigilanti
1221 4662 1461 4716 custodia
1510 4663 1576 4716 ad
1632 4663 1887 4718 interiora
1943 4674 2124 4718 nostra
2154 4653 2206 4712 D
2234 4660 2467 4718 tidelium
2501 4651 2722 4730 c‘ogitct,
2757 4671 2814 4715 ut
2843 4663 2986 4730 quod
3019 4663 3071 4716 in
3099 4677 3158 4716 se
3186 4664 3520 4734 jamjamque
3549 4661 3697 4734 quasi
3718 4659 3802 4715 de-

449 4783 451 4786 -
537 4750 868 4820 residentes,
916 4760 1198 4820 provectus
1227 4761 1441 4808 nostros
1487 4754 1727 4823 quotidie
1780 4754 2130 4825 deiectusque

540 4858 850 4913 pensemus.
885 4845 998 4900 Hoc
1026 4846 1198 4915 ipsum
1229 4846 1372 4900 enim
1405 4847 1458 4901 in
1493 4846 1590 4901 hac
1622 4848 1833 4902 mortali
1865 4849 1968 4928 vita
1999 4863 2126 4902 con-

539 4937 757 5003 sistere,
799 4937 953 5005 quasi
981 4937 1046 4991 ad
1078 4945 1394 4993 vetustatem
1426 4939 1504 4993 ire
1527 4947 1630 5002 est,
1689 4937 1851 5009 79E
1905 4947 1959 4992 et
2005 4953 2126 4992 cum

546 5029 846 5086 indiscussa
879 5045 1032 5086 mens
1053 5031 1391 5100 relinquitur,
1422 5031 1474 5085 in
1505 5030 1735 5101 quodam
1773 5031 1926 5086 senio
1957 5041 2133 5101 torpo-

539 5127 617 5180 ris
661 5126 886 5194 sopitur,
944 5125 1066 5194 quia
1123 5125 1204 5180 sui
1255 5125 1555 5194 negligens,
1599 5126 1928 5214 propositum
1965 5125 2130 5181 robur

543 5217 936 5274 insensibiliter
963 5218 1214 5286 perdens,
1269 5231 1301 5271 ι
1349 5216 1521 5271 forma
1550 5216 1749 5287 prioris
1803 5216 2129 5272 fortitudinis

539 5313 665 5377 dum
696 5314 867 5368 nescit
921 5311 1176 5368 senescit.
1236 5309 1386 5366 Unde
1437 5319 1493 5364 et
1543 5324 1643 5378 per
1674 5309 1990 5380 prophetam
2028 5310 2128 5365 sub

615 5436 639 5464 ι
679 5427 908 5483 Librarii
931 5427 1059 5486 vitio
1080 5429 1132 5482 in
1155 5426 1355 5481 Turon.
1379 5426 1572 5498 legitur
1593 5433 1790 5481 auctor.
1819 5426 2127 5496 Legendum

545 5508 628 5552 est
657 5501 799 5552 enim
826 5507 990 5566 actor,
1024 5499 1112 5567 qui
1141 5499 1428 5567 opponitur
1457 5513 1565 5552 reo.

618 5567 643 5606 δ
670 5567 726 5621 In
747 5569 982 5631 Ebroic.,
999 5566 1226 5634 Pratel.,’
1239 5567 1630 5633 Utic.,Turon.,
1647 5566 1850 5632 Baluz.,
1864 5567 2041 5633 Colh.,
2059 5568 2130 5624 ita

546 5637 790 5703 legimus,
816 5654 920 5691 non
947 5638 1150 5708 placata
1177 5647 1271 5703 est,
1296 5647 1351 5692 ut
1380 5639 1604 5694 habetur
1632 5639 1682 5691 in
1711 5640 1961 5693 omnibus
1987 5640 2130 5693 Edit.

549 5709 708 5761 etiam
739 5717 847 5761 vet.
877 5724 979 5761 una
1007 5718 1227 5776 excepta
1256 5708 1540 5764 Parisiensi
1575 5710 1876 5764 vetustiori.
1912 5710 1986 5763 Ex
2043 5721 2129 5766 at-

551 5787 694 5850 tenta
726 5778 954 5831 lectione
982 5788 1151 5832 textus
1182 5777 1346 5848 liquet
1369 5790 1672 5850 corruptam
1691 5794 1813 5836 esse
1842 5782 2125 5837 lectionem

551 5847 690 5903 hanc
712 5859 1047 5902 excusorutn.

2233 4754 2363 4820 ﬁcit,
2401 4755 2594 4823 quibus
2618 4755 2760 4807 valet
2787 4755 2995 4809 nisibus
3023 4755 3255 4810 studium
3285 4757 3568 4813 charitatis
3613 4754 3804 4809 inﬂam-

2234 4853 2362 4898 met.
2421 4844 2560 4914 lgnis
2604 4844 2746 4899 enim
2794 4845 2894 4899 iste
2944 4845 2996 4898 in
3050 4847 3203 4901 altari
3254 4847 3508 4916 Domini,
3563 4847 3616 4902 id
3643 4854 3721 4901 est
3759 4844 3804 4896 in

2236 4935 2400 4990 corde
2430 4945 2614 4990 nostro
2637 4937 2795 4989 citius
2825 4938 3202 5006 exstinguitur,
3236 4937 3339 4992 nisi
3359 4939 3594 4994 solerter
3613 4932 3804 4992 adhibi-

2234 5027 2303 5084 tis
2323 5030 2581 5098 exemplis
2610 5038 2817 5099 patrum
2876 5038 2932 5085 et
2982 5030 3265 5086 dominicis
3296 5031 3622 5088 testimoniis
3664 5041 3804 5097 repa-

2238 5133 2403 5178 retur.

2236 5229 2246 5238 °
2307 5218 2394 5271 16.
2452 5215 2536 5270 Ita
2563 5217 2828 5272 charitatis
2862 5219 2981 5290 igne
3006 5220 3256 5287 succensi,
3312 5219 3671 5275 holocaustum
3709 5215 3805 5270 Dee

2234 5325 2427 5365 sumus.
2462 5307 2605 5364 Bene
2657 5321 2837 5366 autem
2898 5311 3033 5366 illic—
3055 5311 3394 5383 subjungitur
3439 5311 3558 5367 :Et
3585 5310 3806 5382 imposito

2313 5435 2336 5463 ο
2379 5425 2582 5481 Turon.
2613 5436 2666 5481 et
2696 5425 2784 5478 alii
2811 5440 2838 5478 a
2871 5423 3138 5481 Gussanv.
3169 5426 3290 5492 visi,
3330 5425 3604 5494 friguerat.
3848 5471 3854 5488 ,

2307 5494 2335 5533 ά
2375 5495 2666 5560 Gussanv.,
2715 5495 2880 5549 Gilot.
2914 5504 2968 5551 et
2996 5497 3067 5550 al.
3099 5508 3326 5561 recent.,
3359 5495 3702 5550 indesinenter
3727 5507 3804 5545 ac-

2239 5569 2470 5621 cendere.
2504 5567 2866 5623 Emendantur
2896 5582 2959 5620 ex
2990 5568 3115 5621 Mss.
3147 5568 3355 5635 Norm.,
3398 5567 3642 5633 Vindoc.,
3679 5572 3799 5628 διο..

2237 5654 2370 5708 quos
2397 5647 2692 5707 sequuntur
2718 5649 2822 5692 vet.
2859 5638 2996 5691 Edit.

2312 5718 2334 5745 ε
2372 5709 2618 5762 Nonnulli
2653 5709 2772 5773 Ed.,
2809 5717 2856 5761 et
2885 5711 3242 5762 sacerdotium.

2315 5778 2333 5816 ί
2377 5780 2573 5851 Pratel.
2603 5795 2666 5834 ac
2698 5780 2939 5842 Vindoc.,
2969 5795 3292 5851 congregare.

2309 5859 2335 5895 ε
2374 5850 2584 5905 Ebroic.
2617 5859 2671 5905 et
2699 5851 2922 5918 Pratel.,
2954 5855 3005 5903 in
3034 5850 3457 5906 exercitatione-nr
