4066 6348
300 339 402 394 529

1046 344 1414 427 MQRALIUM
1451 344 1581 403 LIB.
1625 342 1800 401 XXV.
1840 366 1911 384 —-
1949 338 2016 396 IN
2051 339 2280 398 CAPUT
2318 337 2540 397 XXXIV
2576 340 2638 395 Β.
2680 336 2823 396 JOB.

3466 334 3571 389 ιεο

304 463 609 523 holocausta
635 463 853 538 desuper
871 463 1092 522 adoleuit
1112 469 1290 538 adipes
1318 466 1650 537 paciﬁcorum
1699 461 1885 534 (Leuit.
1916 458 1968 521 Α
1994 457 2212 525 delicet,
2265 460 2393 515 dum
2450 458 2707 528 spiritalia
2747 461 3017 526 praecepta
3064 452 3389 525 loqueretur,
3418 456 3575 523 quasi

303 571 381 623 vr,
417 558 530 628 12).
559 556 690 613 Nam
729 559 970 629 quisquis
1026 560 1078 615 in
1118 575 1177 615 se
1217 552 1393 630 ignem
1433 556 1575 612 hunc
1613 554 1889 611 cltaritatis

304 650 574 718 accendit,
626 651 973 718 semetipsum
1028 653 1210 721 utique
1260 652 1629 706 holocaustum
1656 650 1891 714 desuper

305 743 556 811 imponit,
587 744 713 811 quia
743 758 902 798 omne
948 744 1134 799 vitium
1170 746 1309 816 quod
1346 746 1399 799 in
1427 759 1487 800 se
1512 744 1649 799 male
1675 742 1890 797 vivebat

305 834 503 889 exurit.
545 835 677 891 Cum
709 838 852 890 enim
880 838 1260 906 cogitationum
1284 853 1497 892 suarum
1528 838 1733 891 interna
1760 850 1891 889 con-

303 926 529 990 siderat,
560 935 615 981 et
640 927 803 981 vitam
832 930 1109 993 reprobam
1132 943 1225 996 per
1249 928 1633 982 immutationis
1654 926 1888 996 gladium

306 1027 529 1083 nrat‘tat,
564 1020 614 1072 in
642 1034 732 1073 ara
763 1035 822 1074 se
850 1020 935 1075 Sui
965 1024 1139 1075 cordis
1164 1022 1437 1090 imposuit,
1470 1031 1523 1076 et
1566 1022 1687 1091 igne
1715 1018 1891 1075 chari-

301 1111 427 1161 tatis
455 1109 615 1181 795
644 1110 899 1165 incendit.
951 1110 1029 1167 De
1048 1127 1149 1181 qua
1182 1115 1353 1167 hostia
1387 1114 1731 1181 pacificurum
1777 1110 1891 1165 adi-

299 1214 397 1269 pes
423 1204 693 1269 redolent,
726 1211 752 1239 ι
776 1204 902 1271 quia
956 1204 1162 1260 interna
1213 1220 1364 1259 novat
1392 1206 1667 1260 charitatis
1697 1205 1891 1273 impin-

296 1295 482 1362 guatio
511 1310 696 1363 pacem
729 1297 869 1352 inter
899 1312 997 1351 nus
1028 1311 1082 1353 et
1114 1299 1284 1353 Deum
1314 1296 1542 1365 faciens,
1573 1299 1792 1354 odorem
1820 1296 1890 1361 de

222 1378 231 1383 ’
296 1387 459 1441 nobis
481 1388 853 1443 suavissimum
888 1389 1083 1447 reddit.
1128 1394 1259 1458 Quia
1286 1407 1413 1446 vero
1440 1398 1626 1448 eadem
1655 1394 1888 1449 charitas

295 1480 351 1534 in
385 1481 640 1535 cordibus
680 1486 975 1537 electorum
1027 1483 1482 1554 iucxstinguibilis
1509 1496 1712 1551 manet,
1765 1496 1888 1553 apte

293 1574 403 1627 illic
434 1572 679 1628 subditur
709 1590 725 1628 :
757 1573 904 1642 Ignis
932 1589 1005 1629 est
1029 1578 1124 1630 iste
1169 1588 1462 1646 perpetuus,
1498 1578 1596 1644 “qui
1624 1594 1888 1648 nunquam

293 1666 498 1733 deﬁciet
530 1669 592 1719 de
638 1665 1012 1737 altart(1bid.,
1058 1667 1171 1738 15).
1229 1670 1511 1738 Nunquam
1557 1670 1794 1735 profecto
1821 1670 1889 1726 de

292 1759 453 1812 altari
480 1758 618 1828 ignis
640 1761 740 1815 iste
768 1761 1001 1826 deficiet,
1053 1764 1174 1829 quia
1200 1763 1358 1815 etiam
1391 1772 1510 1831 post
1549 1762 1686 1817 hanc
1726 1762 1884 1817 \ilam

1991 552 2147 610 funes
2174 555 2414 619 miserat,
2443 552 2780 621 postmodum
2825 564 2955 606 vero
2979 563 3286 605 memorans
3322 548 3572 619 exempla

1991 646 2278 716 majorum,
2305 647 2461 716 quasi
2491 659 2701 701 veteres
2727 658 2934 714 pannos
2953 643 3261 699 adhibebat.

2029 741 2041 787 ἑ
2065 738 2154 794 18.
2189 741 2232 793 Α
2262 739 2412 792 rebus
2442 738 2779 795 exterioribus
2804 737 2872 790 ad
2892 752 2979 791 cer
3006 736 3346 791 redeundum.
3365 763 3437 778 -—
3466 734 3580 791 Ex-

1992 830 2138 885 citati
2166 845 2296 901 ergo
2327 839 2406 886 tot
2427 831 2648 885 vocibus
2674 838 3079 898 praeceptorum,
3120 828 3287 896 adjuti
3319 836 3400 883 tot
3426 841 3579 883 com-

1991 923 2361 994 parationibus
2406 923 2797 991 exemplorum,
2857 922 2923 976 ad
2984 920 3145 976 corda
3177 929 3359 975 nostra
3392 921 3580 975 redea-

1992 1038 2132 1088 mus,
2156 1021 2507 1077 discutiamus
2530 1036 2692 1075 omne
2722 1019 2861 1089 quod
2889 1019 3115 1087 agimus,
3163 1026 3218 1073 et
3234 1017 3491 1087 quidquid
3521 1017 3578 1071 in
3666 1053 3673 1064 ε

1993 1116 2149 1169 nobis
2208 1113 2406 1168 divinae
2460 1112 2796 1169 rectitudinis
2841 1110 3080 1180 regulam
3105 1108 3582 1175 olfendit,accuse-

1993 1221 2132 1271 mus,
2175 1216 2232 1262 ut
2260 1206 2399 1277 apud
2430 1206 2729 1260 districtum
2755 1203 2988 1272 iudicem
3042 1203 3154 1272 ipsa
3178 1217 3275 1257 nos
3305 1202 3578 1256 accusatio

1997 1307 2239 1353 excuset.
2298 1298 2355 1352 In
2412 1298 2513 1352 hoc
2541 1298 2683 1352 enim
2735 1296 2933 1352 mentis
2959 1303 3157 1348 nostra:
3194 1294 3399 1364 judicio
3431 1302 3579 1347 tanto

1995 1391 2154 1446 citius
2195 1390 2551 1455 absolvimur,
2602 1399 2802 1459 quanto
2834 1402 2932 1443 nos
2960 1385 3254 1442 districtius
3284 1401 3403 1442 reos
3433 1397 3581 1443 tene-
3631 1385 3643 1417 ί

1993 1500 2133 1539 mus.
2162 1485 2269 1539 Nec
2293 1484 2357 1539 ad
2388 1485 2502 1539 haec
2525 1484 2732 1553 agenda
2757 1491 2780 1521 ε
2815 1483 3265 1553 praetermittenda
3294 1491 3417 1536 sunt
3445 1488 3583 1535 tem—

1991 1597 2144 1652 pora,
2186 1582 2380 1653 quibus
2424 1589 2598 1646 vacat,
2646 1580 2768 1650 quia
2800 1581 2865 1633 ad
2892 1579 3010 1633 haec
3029 1578 3234 1649 agenda
3259 1586 3377 1646 post
3420 1576 3581 1643 hujus

1990 1677 2113 1729 vitm
2145 1686 2385 1744 tempora
2415 1689 2521 1727 non
2546 1680 2718 1727 vacat.
2766 1671 2945 1747 vacue
2974 1673 3174 1740 quippe
3210 1684 3314 1724 non
3338 1668 3533 1723 dicitur
3564 1685 3580 1721 :

1996 1764 2177 1836 Neque
2201 1766 2334 1818 enim
2367 1765 2503 1817 ultra
2529 1766 2581 1817 in
2609 1763 2828 1817 hominis
2855 1769 3107 1832 potestate
3130 1768 3204 1816 est
3234 1769 3290 1815 ut
3319 1763 3484 1815 veniat
3512 1759 3584 1814 ad

294 1865 481 1905 eorum
514 1853 785 1907 mentibus
814 1855 996 1908 fervor
1026 1854 1305 1909 charitatis
1353 1871 1463 1911 acet
1478 1856 1630 1911 escit.
1660 1855 1883 1912 [Eterna
1917 1848 1960 1908 Β
1990 1857 2153 1911 Deum
2186 1859 2240 1912 in
2258 1859 2539 1929 judicium.
2566 1856 2768 1912 Idcimo
2798 1870 3035 1926 namque
3056 1870 3419 1911 memoramur
3438 1854 3582 1925 quod

300 1943 498 2011 quippe
523 1945 979 2014 contemplatione
1028 1947 1225 2015 agitur,
1274 1955 1330 2001 ut
1376 1947 1718 2016 omnipotens
1746 1948 1886 2004 Deus

301 2049 410 2104 quo
436 2040 596 2106 magis
629 2038 770 2092 visus
796 2037 974 2107 fuerit,
1009 2053 1075 2094 eo
1104 2040 1338 2110 amplius
1360 2040 1633 2109 diligatur.

375 2126 520 2198 [νει.
560 2128 748 2201 νιιι.]
791 2132 877 2186 17.
932 2132 1133 2186 Divinis
1173 2136 1440 2202 praceptis
1492 2144 1539 2188 et
1593 2114 1887 2187 sanctorum

293 2225 540 2294 exemplis
568 2227 753 2294 adjuti,
778 2225 1064 2281 libertatem
1090 2230 1468 2296 consequimur.
1508 2256 1581 2267 —
1611 2227 1764 2295 Quod
1790 2243 1889 2281 au-

292 2323 404 2368 tem
437 2317 630 2373 divinis
676 2318 1132 2376 admonitionibus
1158 2331 1213 2377 et
1244 2321 1659 2389 praecedentium
1704 2335 1888 2383 exem-

292 2406 399 2474 plis
429 2409 598 2478 adjuti
623 2410 690 2465 de
714 2411 872 2481 hujus
897 2413 1020 2466 vita:
1071 2413 1335 2480 profundo
1382 2414 1692 2479 liberamur,
1746 2414 1888 2468 bene

290 2497 457 2553 etiam
485 2505 739 2569 propheta
773 2502 1006 2557 Jeremia
1059 2504 1113 2559 in
1162 2516 1382 2573 puteum
1426 2507 1593 2561 misso
1620 2507 1888 2576 signatum

290 2602 405 2659 εει,
437 2595 525 2662 qui
554 2603 610 2648 ut
637 2595 844 2650 levetur
871 2611 936 2651 ex
988 2606 1171 2665 puteo,
1216 2595 1373 2653 funes
1401 2598 1469 2653 ad
1496 2614 1619 2654 eum
1646 2610 1699 2654 et
1727 2599 1890 2668 panni

297 2694 515 2742 veteres
543 2688 883 2756 deponuntur
934 2689 1150 2763 (lenm.
1184 2708 1409 2757 xxxviii,
1443 2692 1555 2763 11).
1580 2693 1716 2761 Quid
1745 2693 1891 2748 enim

294 2778 519 2836 funibus
547 2784 647 2838 nisi
696 2795 962 2856 praecepta
1015 2789 1280 2843 dominica
1335 2790 1663 2860 figurantur?
1692 2787 1719 2827 δ
1760 2792 1891 2856 Quae

297 2875 425 2941 quia
454 2891 552 2932 nos
585 2876 637 2931 in
668 2880 806 2934 mala
854 2882 1169 2949 operatione
1202 2883 1434 2953 positos,
1494 2894 1515 2922 ο
1561 2894 1617 2938 et
1672 2886 1894 2938 convin-

296 2968 473 3037 cinnt,
506 2981 563 3025 et
590 2974 845 3042 eripiunt,
878 2976 1033 3045 quasi
1063 2977 1224 3045 ligant
1245 2986 1301 3032 et
1330 2977 1569 3041 trahunt,
1618 2986 1893 3033 coarctant

301 3073 360 3122 et
386 3066 588 3121 ιενεηι.
644 3067 750 3124 Sed
791 3085 858 3126 ne
899 3072 1090 3141 ligatus
1120 3072 1202 3127 his
1232 3071 1447 3127 funibus
1484 3073 1610 3127 dum
1642 3058 1894 3127 trahitur

292 3161 584 3228 incidatur,
636 3163 798 3219 simul
846 3166 1008 3221 etiam
1061 3167 1221 3237 panni
1271 3176 1482 3222 veteres
1522 3167 1883 3236 deponuntur,

1994 1961 2117 2005 tunc
2148 1965 2253 2005 non
2284 1965 2589 2019 possumus,
2619 1949 2783 2019 796
2836 1963 2904 2003 ne
2946 1963 3089 2003 nunc
3117 1948 3259 2018 quod
3292 1962 3583 2017 possumus

1992 2043 2341 2114 negligemus.
2391 2041 2497 2098 Sed
2551 2055 2679 2096 ecce
2722 2040 2936 2110 negotia
2965 2048 3230 2109 occupant
3281 2054 3401 2109 qua:
3426 2038 3583 2093 nobis

1992 2138 2331 2193 incessanter
2381 2135 2626 2206 apposita
2659 2150 2689 2189 a
2718 2134 3125 2189 considerandis
3180 2132 3583 2201 nobismetipsis

1994 2228 2189 2285 mentis
2234 2239 2432 2282 nostra;
2487 2228 2701 2283 oculum
2752 2226 3040 2281 declinant.
3094 2224 3151 2280 In
3206 2225 3322 2281 istis
3350 2238 3583 2295 namque

1991 2319 2297 2374 visibilibus
2347 2333 2468 2388 quae
2504 2318 2740 2373 intuetur
2767 2332 2863 2373 cor
2899 2327 3139 2372 nostrum
3169 2327 3319 2372 extra
3345 2331 3404 2371 se
3433 2330 3584 2384 spar-

1992 2413 2157 2481 gitur,
2191 2420 2247 2467 et
2271 2410 2400 2481 quid
2457 2410 2524 2466 de
2573 2426 2632 2465 se
2663 2410 2988 2465 intrinsecus
3014 2418 3204 2480 agatur
3250 2408 3587 2463 obliviscitur

1991 2504 2116 2559 dum
2147 2504 2482 2560 extrinsecus
2508 2514 2822 2574 occupatur.
2870 2503 3059 2559 Divina
3082 2511 3263 2559 autem
3291 2518 3394 2557 vox
3425 2503 3588 2559 terri-

1993 2595 2190 2663 bilibus
2237 2596 2522 2651 sententiis
2581 2596 2694 2650 suis
2722 2596 2874 2663 quasi
2906 2595 3223 2661 quibusdam
3250 2595 3419 2650 clavis
3449 2593 3585 2650 illud

1995 2689 2179 2756 pungit
2207 2696 2264 2741 nt
2289 2689 2524 2756 evigilet,
2567 2695 2624 2741 ut
2672 2687 2833 2741 homo
2872 2688 3081 2741 occulta
3108 2701 3271 2757 super
3296 2703 3356 2743 se
3382 2687 3586 2757 judicia

1995 2794 2113 2845 qua:
2142 2793 2360 2847 pressus
2383 2786 2599 2845 torpore
2625 2778 2952 2843 dissimulat,
3012 2787 3222 2833 terrore
3247 2781 3435 2833 saltem
3466 2780 3583 2849 pul-

1994 2875 2144 2922 satus
2166 2878 2505 2937 expavescat.
2542 2867 2611 2923 Ut
2630 2868 2771 2922 enim
2795 2867 3042 2933 superius
3070 2867 3322 2936 diximus,
3352 2870 3469 2939 ipso
3483 2885 3588 2928 usu

1994 2958 2116 3012 vitae
2142 2957 2341 3012 veteris
2387 2973 2539 3013 mens
2591 2957 2728 3013 male
2756 2966 2965 3012 assueta
2990 2958 3325 3028 deprimitur,
3364 2959 3383 2997 ί
3423 2969 3479 3014 et
3524 2960 3581 3016 in

1995 3047 2112 3103 haec
2135 3065 2254 3119 qua:
2293 3056 2499 3116 spectat
2530 3048 2764 3104 exterius
2811 3051 2961 3117 quasi
3000 3049 3271 3105 dormiens
3322 3062 3532 3120 sopitur
3565 3068 3579 3105 :

1995 3156 2116 3211 qua:
2145 3152 2421 3212 postquam
2452 3143 2617 3198 semel
2669 3157 2728 3205 se
2781 3142 2849 3196 ad
2902 3143 3200 3211 appetenda
3242 3143 3467 3199 visibilis
3503 3146 3584 3200 fo-

293 3255 423 3326 quia
454 3271 521 3311 ne
550 3218 731 3312 (imm
787 3218 1499 3327 ρτὲὲθρὶδτῶξίέέτέῶ,
1914 3218 1962 3282 C
1994 3248 2084 3288 ras
2138 3232 2295 3298 fudit,
2344 3248 2374 3288 a
2420 3233 2849 3304 contemplandis
2880 3235 3233 3301 invisibilibus
3265 3236 3411 3290 intus
3457 3252 3584 3291 eva-

294 3358 513 3420 patrum
541 3366 637 3404 nos
676 3352 918 3420 exempla
949 3353 1273 3416 confortant,
1305 3362 1361 3408 et
1400 3367 1465 3434 εξ
1514 3368 1700 3407 eorum
1739 3368 1883 3408 com-

296 3443 576 3511 paratione
604 3444 777 3499 facere
802 3458 899 3499 nos
925 3459 1081 3513 posse
1112 3445 1501 3514 praesumimus,
1531 3444 1672 3513 quod
1702 3459 1766 3500 ex
1790 3460 1886 3501 no-

295 3543 408 3590 stra
433 3535 801 3592 imbecillitate
828 3537 1195 3592 formidamus.
1252 3538 1307 3594 Si
1339 3553 1467 3608 ergo
1497 3537 1659 3593 levari
1689 3538 1755 3593 de
1786 3543 1887 3593 hoc

296 3627 567 3698 profundo
590 3629 929 3694 festinamus,
964 3629 1192 3700 Iigemur
1214 3629 1444 3694 funibus,
1499 3629 1553 3684 id
1583 3639 1886 3700 estpratce-

297 3720 408 3788 ptis
438 3718 725 3774 dominicis
751 3723 1125 3789 astringamur.
1158 3720 1408 3775 Iutersint
1436 3721 1593 3775 etiam
1613 3723 1771 3790 panni
1798 3738 1889 3778 ve-

301 3819 465 3878 teres,
524 3825 644 3865 cum
699 3811 891 3879 quibus
937 3811 1126 3865 melius
1155 3820 1438 3867 teneantur
1481 3811 1665 3877 funes;
1700 3812 1752 3866 id
1783 3821 1886 3876 est,

298 3902 717 3971 precedentium
769 3902 1139 3959 confortemur
1201 3904 1497 3971 exemplis,
1552 3920 1620 3959 ne
1647 3903 1889 3963 infirmos

297 4008 402 4049 nos
424 4009 488 4049 ac
510 3994 722 4049 timidos
753 3984 1020 4064 praecepta
1052 3995 1268 4051 Subtilia
1327 3996 1608 4051 vulnerent
1652 3996 1780 4051 dum
1809 3997 1889 4052 le-

299 4098 453 4142 vant.
500 4086 662 4153 Quasi
715 4090 974 4156 quosdam
1008 4104 1218 4157 pannos
1276 4099 1488 4144 veteres
1531 4089 1728 4145 Paulus
1757 4106 1889 4160 apo-

300 4182 474 4237 stolus
527 4181 918 4252 subiungebat,
971 4196 1105 4241 cum
1154 4182 1393 4237 levandis
1445 4183 1725 4257 discipulis
1776 4187 1891 4240 suis

301 4276 585 4345 praeceptis
614 4273 942 4341 spiritalibus
971 4275 1211 4344 exempla
1243 4286 1487 4330 veterum
1515 4275 1541 4313 ει
1582 4264 1892 4334 commoda-

300 4378 409 4432 ret,
436 4366 619 4420 dicens
649 4382 663 4420 :
691 4364 832 4421 Iusti
862 4364 1086 4419 ludibria
1112 4375 1158 4419 et
1181 4367 1385 4422 verbera
1412 4371 1629 4438 experti,
1683 4371 1892 4441 insup.r

300 4466 347 4511 et
368 4454 633 4509 vinculaet
660 4471 888 4508 carceres
913 4470 933 4507 :
989 4454 1205 4521 ιαρὶάωὶ
1232 4468 1369 4523 sunt,
1399 4459 1524 4511 secti
1549 4468 1686 4523 sunt,
1713 4460 1892 4513 tentati

284 4556 438 4613 sunt,
476 4547 528 4599 in
553 4548 805 4601 occisione
828 4546 989 4617 gladii
1021 4547 1205 4601 mortui
1226 4557 1345 4601 sunt
1386 4548 1575 4616 (Hebr.
1626 4567 1678 4605 xt
1710 4592 1725 4616 ,
1769 4551 1886 4622 '56).

1994 3326 2131 3382 nuit.
2182 3326 2334 3382 Unde
2391 3343 2532 3381 nunc
2583 3342 2803 3383 necesse
2851 3336 2933 3383 est
2977 3337 3034 3383 ut
3084 3342 3204 3397 qua:
3228 3342 3323 3397 per
3351 3327 3579 3383 visibilia

1994 3419 2268 3491 Spargitur
2302 3418 2386 3475 ‘de
2431 3418 2792 3474 invisibilibus
2841 3419 3060 3488 judiriis
3091 3419 3343 3485 feriatur;
3372 3426 3430 3474 et
3456 3419 3582 3489 quia
3624 3427 3631 3433 ‘

1996 3515 2050 3569 in
2081 3516 2144 3568 iis
2183 3528 2246 3569 se
2273 3513 2631 3597 exterioribus
2659 3515 2800 3569 male
2827 3514 3083 3568 delectata
3125 3516 3434 3581 prostravit,
3474 3516 3585 3569 sal-

1998 3617 2107 3662 tem
2138 3621 2394 3676 percussa
2446 3606 2685 3675 requirat
2726 3606 2868 3675 quod
2909 3606 3173 3661 deseruit.
3236 3607 3375 3663 Ecce
3404 3617 3595 3681 autem,

1992 3698 2269 3768 Scriptura
2328 3711 2481 3751 sacra
2529 3709 2737 3753 terrore
2797 3697 3029 3766 quodam
3102 3692 3364 3768 torpentia
3412 3698 3579 3754 corda

1996 3790 2277 3860 transfigit.
2313 3804 2382 3845 ne
2406 3790 2459 3844 in
2483 3789 2566 3843 his
2594 3788 2890 3844 inhaereant
2915 3805 3033 3859 quae
3060 3791 3294 3845 exterius
3315 3790 3583 3856 defluunt,

1997 3884 2090 3939 sed
2122 3897 2241 3951 quae
2286 3882 2510 3937 interius
2540 3889 2744 3936 (eterna
2784 3881 3150 3951 perdiderunt.
3201 3882 3404 3939 Iudicat
3452 3884 3581 3953 quid

1999 3977 2269 4031 sententia
2299 3976 2510 4030 occulta
2542 3975 2872 4041 decernitur,
2905 3974 3341 4035 nti-immoderate
3367 3995 3396 4032 a
3428 3980 3585 4037 nobis

1998 4071 2113 4126 haec
2142 4070 2352 4141 publica
2373 4073 2696 4139 cogitentur.
2748 4070 2886 4125 Dicit
2923 4071 3049 4142 quid
3072 4086 3233 4140 super
3258 4080 3356 4128 nos
3386 4083 3579 4144 agatur

1996 4166 2066 4221 de
2092 4165 2263 4229 nobis,
2298 4175 2355 4219 ut
2400 4166 2469 4219 ab
2513 4162 2619 4219 hoc
2671 4164 2886 4233 publico
2918 4167 3329 4234 temporalitatis
3356 4170 3578 4241 colliga;

1999 4273 2116 4312 mus
2145 4258 2356 4312 Oculum
2382 4258 2561 4312 cordis
2575 4257 2639 4312 ad
2663 4269 2928 4312 secretum
2948 4258 3175 4313 internae
3191 4259 3580 4329 dispositionis.

1998 4346 2303 4419 [Vet.IX'.]
2352 4348 2484 4401 Nam
2542 4358 2822 4416 postquam
2873 4349 3037 4403 multa
3077 4359 3290 4404 narrata
3344 4361 3471 4407 sunt
3516 4353 3583 4409 de

2002 4455 2159 4506 paena
2192 4441 2478 4503 malorum,
2512 4440 2695 4494 subito
2726 4438 2950 4495 infertur
2992 4443 3259 4497 occultum
3296 4443 3582 4513 judicium,

2001 4530 2141 4605 quod
2173 4532 2258 4597 pie
2298 4544 2460 4597 super
2495 4543 2592 4582 nos
2637 4528 2889 4601 justeque
2924 4533 3243 4601 disponitur,
3302 4537 3577 4604 quomodo

299 4641 370 4698 Ει
429 4640 586 4709 paulo
629 4650 785 4710 pos“
842 4638 1102 4693 ηαθεηιε,
1151 4641 1322 4708 itaque
1357 4649 1551 4694 ιαηιαη,
1597 4619 1888 4713 imposita,"
1916 4619 1972 4682 D
1997 4622 2087 4675 alii
2118 4619 2349 4713 perdunt
2378 4619 2520 4713 quod
2546 4629 2737 4713 tenere
2761 4621 3097 4688 videbantur,
3121 4633 3177 4678 et
3205 4623 3585 4698 aliiaccipiunt

298 4733 485 4787 nubent
510 4734 739 4800 testium,
786 4732 1095 4802 deponentes
1131 4747 1280 4785 omne
1312 4732 1541 4802 pondus,
1594 4743 1641 4787 et
1670 4737 1905 4801 circnma

297 4834 445 4880 stans
471 4842 562 4879 nos
594 4835 874 4893 peccatum,
908 4841 999 4893 per
1020 4824 1322 4894 patientiam
1364 4841 1633 4879 curramus
1677 4828 1747 4879 ad
1778 4845 1896 4897 pro-

299 4918 523 4988 positum
562 4917 704 4969 nobis
734 4925 985 4969 certamen
1040 4912 1230 4984 (Hebr.
1270 4929 1367 4982 xu,
1421 4914 1498 4985 1).
1532 4915 1601 4970 Et
1635 4917 1825 4973 iterum
1877 4937 1890 4973 :

299 5008 611 5065 Mementote
651 5010 1043 5080 prepositorum
1086 5019 1402 5077 vestrorum,
1449 5012 1539 5078 qui
1562 5013 1700 5067 vobis
1733 5006 1898 5069 locuti

299 5110 422 5155 sunt
438 5100 639 5154 verbum
674 5101 806 5163 Dei;
852 5116 1068 5170 quorum
1097 5102 1351 5155 intuentes
1397 5103 1591 5156 exitum
1626 5120 1892 5160 conversa-

300 5194 481 5256 tionis,
510 5194 780 5248 intitamini
809 5192 963 5261 ﬁdem
994 5191 1182 5262 (Hebr.
1215 5208 1332 5259 χιιι,
1378 5193 1455 5264 7).
1514 5195 1769 5264 Superius
1807 5199 1891 5253 vi-

379 5341 405 5369 ι
447 5330 630 5385 Norm.
658 5340 713 5385 et
743 5329 992 5390 Vindoc.,
1025 5333 1145 5402 quia
1172 5331 1371 5402 interna
1399 5346 1542 5383 novre
1571 5332 1685 5385 vita
1706 5332 1892 5402 impin-

299 5404 505 5528 guutio.
540 5403 752 5473 Legitur
777 5411 951 5456 tamen
984 5402 1036 5456 in
1065 5400 1306 5467 deoc.,
1332 5401 1679 5472 intpugnatio,
1712 5400 1885 5459 maui-

324 5485 446 5528 esto
469 5474 753 5528 antiquarii
782 5487 985 5526 errore.

324 5478 446 5530 'esto
469 5474 753 5543 antiquarii
782 5487 985 5526 errore.

377 5544 405 5585 ιι
451 5544 670 5601 Viudnc.
707 5554 760 5597 et
781 5543 986 5602 Norut..
1023 5558 1136 5612 quia
1164 5543 1310 5610 quasi
1339 5560 1450 5597 nos.

381 5625 404 5655 ο
446 5619 645 5670 Omnes
676 5616 815 5669 Editi
866 5626 1126 5683 quotquot
1171 5617 1539 5668 consumimus
1570 5614 1789 5679 habent,
1839 5625 1890 5670 et

300 5687 632 5749 convincunt,
666 5702 1083 5741 crassnert‘Ore.
1141 5684 1272 5739 Nam
1328 5687 1606 5755 legendum
1662 5703 1785 5742 esse
1836 5696 1887 5742 et

302 5760 652 5823 conrintiunt,
678 5766 736 5811 ut
759 5766 841 5810 est
867 5760 917 5810 in
945 5758 1069 5812 MSs.
1100 5756 1237 5812 Utic.
1279 5764 1334 5812 et
1357 5757 1574 5823 Pratel.,
1603 5759 1888 5813 obscurum

301 5846 429 5888 esse
483 5846 590 5887 uon
622 5838 797 5900 potest
856 5828 1154 5883 attendenti
1209 5829 1275 5884 ad
1308 5828 1605 5901 institutam
1640 5846 1669 5884 a
1700 5841 1888 5884 sancto

577 5925 853 5985 PATIOL.
896 5920 1185 5982 LXXVI.

2000 4712 2145 4782 quod
2166 4712 2255 4767 alii
2280 4728 2349 4767 ex
2379 4712 2585 4766 meritis
2614 4712 2859 4782 perdunt.
2903 4713 2991 4769 Ait
3011 4716 3154 4771 enim
3185 4734 3199 4769 :

2589 4823 2815 4881 CAPUT
2842 4824 2975 4879 Vill.
3076 4848 3083 4858 -

2075 4913 2243 4971 Vsus.
2269 4914 2360 4971 24.
2384 4916 2623 4972 Canter-et
2647 4915 2834 4972 multos
2854 4924 2905 4971 et
2933 4918 3347 4989 innumerabiles,
3376 4930 3425 4977 et
3452 4933 3586 4978 stare

2002 5013 2155 5081 faciet
2181 5013 2311 5066 alios
2340 5027 2434 5083 pro
2462 5013 2555 5065 eis.

2075 5105 2161 5160 19.
2197 5105 2299 5157 Alii
2329 5105 2551 5169 perdunt
2578 5102 2712 5168 quod
2758 5111 2926 5157 tenere
2967 5103 3290 5169 uidebantur,
3320 5106 3413 5159 alii
3436 5106 3585 5175 prius

1999 5198 2253 5267 perditum
2280 5195 2551 5264 recipiunt.
2586 5191 2654 5247 In
2704 5194 2961 5248 exteriora
3007 5195 3181 5266 respui
3213 5194 3584 5264 reprobationis

1998 5332 2260 5403 Gregorio
2287 5330 2763 5403 comparationem.

2070 5397 2355 5459 d'Ebreic.
2390 5397 2445 5455 et
2472 5402 2559 5455 alii
2592 5400 2798 5465 Nortn.,
2828 5397 3223 5453 commendaret.

2070 5486 2094 5513 ο
2142 5475 2384 5536 Vindoc.,
2440 5472 2656 5526 Ebruic.
2691 5482 2743 5525 et
2771 5472 2858 5523 alii
2892 5468 3099 5531 Norm.,
3149 5466 3409 5535 perdenda
3438 5475 3580 5526 sunt.

2070 5544 2091 5583 ί
2137 5544 2346 5600 Ebroic.
2378 5552 2429 5596 ct
2451 5543 2647 5597 Pt-atel.
2677 5556 2811 5609 quos
2834 5548 3126 5607 sequuntur
3148 5550 3252 5591 vet.
3276 5538 3375 5595 Ed.
3400 5539 3574 5597 Paris.

1992 5626 2048 5671 el
2070 5616 2254 5681 Basi|.,
2296 5626 2344 5670 et
2367 5617 2420 5667 in
2449 5614 2527 5666 his
2570 5627 2683 5681 quin
2711 5618 2988 5679 exspectat,
3045 5612 3184 5676 quod
3217 5614 3438 5667 verbum
3471 5628 3581 5666 non

1994 5688 2359 5757 infrequenter
2385 5686 2438 5757 in
2484 5685 2924 5757 Mssrusurpatur
2953 5694 3048 5746 pro
3096 5688 3309 5751 spectat.
3363 5684 3420 5739 In
3474 5684 3579 5738 Ba-

1997 5759 2103 5814 luz.
2132 5754 2189 5815 et
2214 5757 2365 5813 Colb.
2391 5755 2498 5823 leg.
2521 5761 2579 5807 ut
2604 5754 2711 5807 lucc
2738 5764 2854 5823 qute
2877 5759 3159 5821 exspectat.

3053 5906 3124 5967 11

4020 716 4023 813 l
