4024 6352
452 381 560 441 335

1566 436 1571 443 ,
1655 380 1898 466 sanan
1938 382 2262 446 caucos"
2303 388 2516 447 MAGNI

3616 364 3719 455 356

448 508 505 561 in
527 511 746 574 peccato
768 510 823 559 et
847 516 1005 558 causa
1036 500 1258 571 peccati,
1290 510 1345 558 et
1386 504 1560 572 ipsum
1609 504 1787 561 lumen
1833 508 2027 562 intelli-
2053 511 2107 571 Α
2130 515 2222 561 aut
2249 509 2504 578 perjurio,
2534 516 2623 563 aut
2655 506 2939 567 homicidio
2983 496 3195 584 tegitur,
3246 528 3315 572 ne
3359 512 3715 573 humanarum

447 597 641 669 gentise
671 597 897 666 perdunt
926 596 975 650 in
1022 606 1239 664 peccato
1270 604 1324 649 et
1352 611 1507 665 pinna
1555 601 1779 666 peccati.
1826 599 2025 655 Prioris

446 705 574 759 ergo
606 668 803 757 peccati
834 689 1021 742 merito
1054 698 1388 756 peccatorum
1412 689 1846 758 subsequendam
1874 692 2021 745 fovea

450 783 662 851 tegitur,
697 792 751 836 ut
780 781 867 849 qui
911 781 1103 834 malum
1135 782 1311 835 sciens
1344 782 1628 850 perpetrat“,
1661 784 1910 853 deinceps
1934 783 2024 852 ju-

442 886 526 928 ste
560 875 608 925 iu
632 872 747 925 aliis
776 872 931 925 etiam
961 872 1207 926 nesciens
1236 876 1407 927 cadat.

436 1018 442 1023 _
513 965 602 1019 25.
637 964 814 1039 Cplpre
843 966 1008 1031 culpis
1038 967 1348 1033 puniunlur,
1383 975 1436 1019 ut
1480 983 1544 1021 ea:
1584 969 1823 1021 vitiorum
1862 968 2025 1024 incre-

441 1068 609 1110 mento
638 1055 893 1121 supplicia
919 1070 1222 1125 augeantur.
1247 1086 1317 1096 --
1338 1057 1450 1111 Hoc
1486 1060 1680 1127 quippe
1717 1059 1921 1129 agitur,
1969 1068 2026 1113 ut

440 1149 610 1217 culpae
639 1149 811 1217 culpis
851 1149 1127 1219 feriantur,
1162 1159 1419 1217 quatenus
1449 1151 1703 1218 supplicia
1738 1153 1864 1205 fiant
1897 1166 2023 1218 pec-

439 1243 672 1295 cantium
705 1240 820 1310 ipsa
865 1241 1189 1294 incrementa
1220 1242 1489 1295 vitiorum.
1535 1241 1664 1296 Nam
1700 1258 1823 1311 quia
1852 1243 2026 1297 omni-

440 1342 629 1403 potens
660 1332 800 1386 Deus
827 1331 893 1385 ad
926 1332 1288 1400 paenitentiam
1334 1342 1541 1398 tempus
1570 1332 1825 1402 indulget,
1880 1334 2023 1403 quod

441 1434 615 1478 tamen
642 1425 868 1478 humana
902 1423 1097 1478 malitia
1120 1423 1185 1477 ad
1218 1439 1369 1477 usum
1393 1439 1504 1478 suae
1532 1424 1823 1493 iniquitatis
1852 1426 2024 1480 intor-

439 1515 1176 1585 quet,800nimirumjusto
1193 1516 1683 1585 Deijudicioaugeri
1715 1518 1869 1585 culpa
1903 1535 2024 1585 ier-

437 1608 683 1672 tnittitur,
708 1616 765 1661 ut
783 1608 848 1660 ad
867 1607 1161 1661 feriendum
1178 1606 1335 1661 altius
1355 1608 1672 1677 quandoque
1696 1611 2017 1665 cumuletur.

437 1701 572 1757 lline
603 1717 743 1755 en‘m
781 1716 989 1754 rursum
1040 1701 1104 1754 de
1150 1701 1464 1770 quihusdam
1512 1701 1708 1757 Paulus
1748 1706 2021 1767 apostolus

435 1795 565 1850 dicit
590 1812 604 1849 :
631 1794 697 1849 Ut
719 1794 961 1861 impleant
977 1800 1181 1863 peccata
1200 1811 1295 1846 sua
1320 1809 1516 1860 semper
1535 1792 1590 1862 (Ι
1616 1792 1794 1847 Thess.
1820 1810 1878 1859 ll,
1908 1794 2020 1863 16).

2129 598 2301 666 legum
2336 599 2532 654 ultione
2569 601 2837 669 puniatur.
2875 605 3141 662 POnamus
3178 622 3306 679 ergo
3354 618 3477 664 ante
3524 612 3719 665 oculos

2126 691 2266 753 quod
2299 693 2515 760 quidam
2549 696 2854 748 voraritntis
2884 698 2981 750 sibi
3015 699 3158 753 frena
3189 684 3406 765 Taxavit,
3433 717 3535 769 qua
3561 718 3716 758 rora-

2127 782 2288 837 citate
2316 796 2599 852 superatus
2631 788 2871 842 adulterii
2902 791 3107 844 facinus
3138 792 3382 857 admisit;
3414 795 3718 864 deprehen-

2125 888 2217 926 sus
2248 883 2425 929 autem
2473 872 2527 929 iii
2552 878 2828 943 adulterio,
2864 881 3089 935 latenter
3136 886 3307 937 virum
3338 886 3614 952 adultera),
3645 902 3715 942 ne

2126 967 2192 1020 ad
2227 965 2478 1032 judicium
2513 970 2832 1035 traheretur,
2864 974 3077 1027 occidit.
3135 976 3242 1030 Hoc
3280 979 3457 1046 itaque
3502 979 3718 1032 adulle-

2126 1060 2286 1125 rium,
2320 1061 2454 1116 inter
2481 1066 2826 1119 voracitateiu
2858 1076 2923 1119 eti
2956 1067 3295 1123 homicidium
3347 1072 3594 1137 positum,
3645 1070 3716 1123 de

2128 1150 2214 1203 illa
2242 1152 2494 1208 videlicet
2524 1171 2770 1219 nascens,
2804 1158 2905 1211 hoc
2934 1172 3217 1227 generatis,
3251 1174 3521 1228 peccatum
3553 1173 3631 1215 e5t
3658 1170 3718 1217 et

2126 1258 2282 1312 paena
2310 1254 2365 1300 et
2391 1262 2551 1301 causa
2580 1249 2800 1316 peccati.
2841 1250 3116 1305 Peccatum
3142 1253 3378 1320 profecto
3402 1266 3483 1307 est
3512 1268 3605 1322 per
3627 1267 3717 1307 se-

2126 1338 2447 1404 metipsum;
2481 1354 2631 1407 pmua
2663 1355 2790 1395 vero
2821 1342 3020 1409 peccati
3043 1341 3143 1407 esi,
3168 1346 3292 1413 quia
3322 1347 3530 1413 culpam
3555 1360 3718 1398 vora-

2126 1429 2301 1483 citatis
2328 1434 2502 1497 auxit;
2535 1448 2695 1487 causa
2742 1444 2916 1490 autem
2964 1438 3165 1504 peccati
3203 1446 3305 1502 est,
3352 1440 3472 1506 quia
3518 1438 3719 1495 subse-

2127 1535 2295 1589 quens
2323 1521 2481 1576 etiam
2513 1524 2857 1580 homicidium
2879 1531 3081 1596 genuEt.
3113 1530 3282 1584 L‘nutu
3309 1547 3437 1600 ergo
3463 1532 3720 1600 idemque

2128 1621 2399 1679 peceatum
2424 1624 2507 1669 est
2530 1626 2585 1669 rt
2622 1632 2774 1683 paena
2810 1604 3184 1687 praecedentis,
3234 1631 3288 1676 et
3331 1636 3487 1675 causa
3538 1623 3720 1690 culpze

2126 1703 2521 1772 subsequentis,
2554 1709 2675 1775 quia
2719 1721 2772 1761 et
2802 1720 3067 1765 transacta
3097 1712 3221 1765 dum
3252 1723 3537 1783 exaggerat
3561 1715 3720 1767 dam-

2128 1802 2239 1858 nat,
2254 1805 2307 1848 et
2327 1797 2501 1850 adhuc
2524 1796 2797 1867 Sequentia
2816 1817 2932 1867 qua:
2953 1802 3192 1856 damnari
3214 1802 3443 1858 debeant
3463 1808 3718 1859 seminat.

438 1892 465 1921 ἰ
493 1885 624 1938 lliuc
654 1898 782 1937 voce
819 1883 995 1953 angeli
1034 1881 1101 1936 ad
1141 1881 1396 1937 Joannem
1443 1884 1634 1936 dicitur
1664 1901 1676 1934 :
1709 1883 1809 1948 Qui
1858 1892 2020 1963 nocet,
2056 1882 2102 1942 B
2127 1879 2293 1951 Igitur
2331 1889 2451 1955 quia
2496 1891 2729 1956 peccatis
2781 1892 3207 1960 praecedentibus
3253 1905 3486 1948 caecatur
3526 1896 3721 1949 oculus

435 1986 609 2030 noceat
637 1976 848 2038 adhuc;
879 1984 925 2026 ct
952 1975 1038 2043 qui
1071 1975 1122 2026 in
1160 1975 1395 2028 sordibus
1426 1984 1519 2039 est,
1551 1976 1812 2028 sordescat
1858 1977 2026 2029 adhuc

434 2066 617 2138 (Apoc.
649 2082 754 2127 xm
776 2106 789 2127 ,
826 2064 935 2133 Η).
968 2065 1099 2119 Hinc
1126 2065 1292 2120 David
1318 2066 1391 2119 ait
1420 2083 1432 2119 :
1467 2066 1680 2135 Appone
1706 2068 2027 2134 iniquitatem

431 2175 584 2229 super
619 2158 935 2228 iniquitatem
962 2173 1157 2221 eorum,
1191 2166 1246 2209 ut
1293 2174 1393 2210 non
1443 2158 1630 2211 intrent
1682 2160 1734 2212 in
1767 2161 2025 2228 justdiam

432 2260 571 2303 tuam
597 2247 769 2320 (Psal.
800 2260 995 2311 vattt;
1023 2246 1139 2317 28).
1166 2246 1304 2318 [νει.
1333 2245 1534 2318 ΧΙΙΙ.]
1561 2247 1689 2301 llinc
1721 2264 1931 2303 rursum
1958 2251 2025 2304 de

434 2342 659 2401 Domino
686 2341 753 2395 ab
777 2339 966 2394 eodem
994 2338 1272 2392 Psalntista
1297 2338 1497 2393 dicitur
1521 2355 1535 2391 ;
1562 2337 1912 2392 Immissiones
1933 2355 2025 2409 per

431 2416 641 2505 angelos
670 2433 831 2486 malos
860 2432 991 2484 viam
1016 2431 1134 2500 fecit
1154 2431 1346 2484 semin
1372 2433 1464 2484 ira:
1489 2447 1596 2486 sua:
1615 2430 1789 2501 (Psal.
1819 2446 2021 2497 uxvn,

432 2526 549 2597 49).
583 2527 689 2582 Cor
716 2526 911 2595 quippe
959 2525 1212 2578 Dominus
1239 2524 1504 2593 prioribus
1532 2526 1735 2579 meritis
1764 2540 2022 2595 aggrava-

432 2629 542 2675 tum
571 2620 712 2690 juste
738 2617 996 2687 permittit
1017 2617 1177 2671 etiam
1200 2616 1647 2686 subsequentibus
1670 2616 2022 2685 malignorum

432 2712 714 2782 spirituum
745 2709 1178 2780 persuasionibus
1208 2707 1355 2773 falli,
1406 2708 1547 2777 quod
1595 2724 1714 2762 cum
1763 2707 1920 2775 digne
1970 2708 2021 2761 iu

430 2805 584 2875 culpa
616 2804 867 2867 trahitur,
899 2812 1079 2856 reatus
1106 2800 1224 2870 ejus
1252 2801 1302 2853 in
1338 2815 1491 2867 pinna
1522 2801 1839 2855 cumulatur.
1870 2799 2022 2856 Unde

428 2906 485 2951 et
512 2900 606 2953 irae
635 2911 742 2951 sum
775 2897 1030 2951 Dominus
1058 2897 1196 2949 viam
1224 2896 1294 2950 de
1322 2896 1510 2950 semita
1554 2895 1743 2950 fecisse
1775 2895 2023 2960 perbibe-

430 2997 538 3043 tur.
567 2989 749 3053 Latior
776 2988 918 3042 enim
940 2995 1023 3042 est
1048 2987 1131 3041 via
1154 3003 1310 3056 quam
1335 2987 1546 3042 semita.
1583 2986 1655 3041 Ex
1684 2989 1869 3042 semita
1895 3002 2020 3040 Vero

431 3080 525 3135 irae
547 3096 657 3134 sua:
674 3062 814 3134 Vviam
841 3081 1017 3135 facere
1037 3089 1117 3132 est
1140 3080 1232 3133 irae
1253 3094 1441 3133 causas
1462 3080 1704 3135 districte
1732 3079 2020 3146 judicando

432 3174 681 3239 dilatare,
734 3184 790 3226 ut
823 3152 925 3242 'qui
974 3172 1260 3227 illuuiiuati
1307 3188 1463 3242 agere
1512 3182 1657 3227 recte
1712 3174 2016 3239 noluerunt,

427 3268 571 3338 juste
602 3268 785 3322 cacati
818 3268 992 3321 adhuc
1023 3265 1239 3333 faciant,
1272 3266 1413 3339 unde
1441 3266 1670 3334 amplius
1704 3266 1874 3334 puniri
1908 3281 2020 3321 me-
2045 3266 2117 3340 C_

431 3368 671 3415 reantur.
703 3358 836 3413 Hinc
866 3374 957 3426 per
982 3359 1197 3429 Moysen
1227 3358 1417 3413 dicitur
1445 3375 1459 3411 :
1490 3355 1737 3411 Nondum
1767 3360 2020 3427 completa

431 3462 549 3507 sunt
580 3460 783 3520 peccata
806 3451 1218 3504 Amorrlueorum
1249 3448 1452 3520 (Cenes.
1487 3465 1577 3516 xv,
1613 3447 1725 3519 16).
1755 3450 1886 3502 llinc
1928 3465 2021 3518 per

432 3546 679 3601 eumdem
722 3544 939 3615 Moysen
974 3544 1225 3598 Dominus
1254 3542 1382 3597 dicit
1412 3525 1424 3594 ἕ
1457 3540 1540 3596 Ea:
1577 3543 1720 3594 vinea
1752 3543 1883 3595 enim
1916 3541 2017 3595 So-

433 3640 702 3693 domorum
730 3637 841 3690 vitis
866 3654 1069 3702 eorum,
1100 3645 1147 3691 et
1177 3653 1401 3707 propago
1430 3651 1603 3689 eorum
1632 3652 1695 3689 ea:
1734 3636 2021 3690 Gomorrha

432 3732 608 3801 (Deut.
646 3748 808 3797 χχχιι,
844 3731 956 3799 52).
987 3730 1097 3784 Uva
1119 3746 1293 3784 eorum
1314 3746 1409 3783 uua
1432 3731 1585 3799 fellis,
1615 3739 1661 3783 et
1686 3732 1854 3783 botrus
1877 3745 2021 3783 ama.

430 3826 747 3879 ritudinisin
785 3825 928 3890 ipsis.
973 3820 1140 3875 Furor
1194 3822 1474 3876 draconum
1512 3822 1682 3874 vinum
1728 3836 1923 3886 eorum,
1972 3828 2021 3875 et

433 3920 579 3991 [uror
626 3916 865 3984 aspidum
898 3914 1219 3968 insanabilis.
1271 3912 1457 3965 Nonne
1503 3916 1610 3966 haec
1643 3913 1669 3950 δ
1701 3914 1870 3965 omnia
1902 3928 2020 3964 con-

429 4018 638 4079 gregata
666 4020 782 4063 sunt
812 4008 951 4078 apud
979 4024 1075 4068 me.
1108 4015 1153 4059 et
1179 4007 1379 4075 signata
1408 4008 1459 4059 in
1490 4006 1741 4059 thesauris
1769 4007 1932 4059 meis?
1954 4001 2033 4057 In’

430 4101 515 4154 die
542 4101 753 4154 ultionis
799 4099 1010 4153 reddant
1038 4100 1112 4151 eis
1157 4097 1343 4167 (lbid.,
1378 4098 1467 4160 55.
1497 4098 1609 4165 54).
1639 4100 1805 4163 Quam
1858 4098 2023 4152 multa

432 4207 617 4247 eorum
663 4192 800 4246 mala
833 4193 1090 4254 narravit,
1135 4201 1189 4243 et
1236 4201 1409 4244 tamen
1456 4191 1599 4244 illico
1644 4190 1880 4258 adiungit
1912 4207 1923 4242 :
1956 4188 2022 4243 In

432 4292 656 4354 tempore
684 4299 781 4351 quo
810 4284 986 4351 lapsus
1026 4285 1178 4352 fuerit
1200 4298 1286 4350 pes
1316 4298 1490 4335 eorum
1524 4279 1708 4349 (Ibid.,
1741 4280 1852 4352 55).
1887 4282 2023 4337 Ecce

432 4374 761 4428 atrocissima
796 4372 1004 4426 illorum
1048 4371 1275 4426 facinora
1306 4372 1713 4439 describuntur,
1745 4384 1797 4429 et
1845 4383 2021 4428 tamen

430 4465 498 4520 ad
528 4465 744 4519 ultionis
782 4464 921 4518 diem
952 4464 1497 4534 adhucssubsequens
1528 4465 1705 4533 lapsus
1734 4465 2018 4532 aspicitur,

431 4573 536 4629 quo
566 4573 751 4613 eorum
798 4538 970 4627 culpa:
999 4558 1362 4613 cumulentur.
1397 4558 1607 4612 llabeut
1653 4558 1762 4627 jam
1805 4559 2020 4626 quidem

2128 1976 2328 2038 cordis,
2361 1979 2472 2044 ipsa
2496 1982 2712 2034 caecitas
2732 1998 2849 2051 qua:
2880 1999 2925 2051 ps
2946 1986 3150 2039 ccautis
3176 1990 3412 2040 animum
3441 2002 3506 2040 ex
3532 2002 3720 2040 antea-

2127 2076 2227 2121 cta:
2258 2068 2431 2135 culpze
2461 2071 2803 2127 damnatione
2828 2076 3104 2129 confundit
3127 2077 3316 2131 metito
3337 2092 3442 2131 nox
3471 2091 3716 2146 vocatur,

2127 2158 2249 2225 quia
2281 2174 2376 2225 per
2405 2158 2540 2215 lianc
2566 2163 2633 2215 ab
2654 2164 2830 2217 oculis
2851 2166 3210 2232 delinquentis
3234 2169 3393 2239 801
3421 2170 3598 2223 lumen
3627 2185 3721 2222 ve-

2128 2248 2298 2302 ritatis
2344 2250 2703 2307 absconditur.
2737 2256 2881 2311 Bene
2908 2259 3084 2328 itaque
3128 2262 3318 2315 dicitur
3351 2278 3365 2315 :
3398 2259 3556 2315 Novit
3583 2262 3723 2315 enim

2129 2353 2283 2407 apera
2309 2356 2505 2406 eorum,
2533 2352 2577 2397 et
2608 2345 2801 2400 idcirco
2824 2348 3025 2403 inducet
3054 2361 3270 2427 noctem,
3296 2361 3340 2405 et
3372 2363 3499 2405 cont.
3516 2365 3719 2421 rentur,

2125 2433 2270 2500 quia,
2302 2441 2360 2487 ut
2384 2450 2526 2505 saepe
2552 2436 2749 2491 dictum
2780 2451 2881 2504 est,
2912 2444 3268 2510 praecedentia
3293 2445 3543 2499 nimirum
3574 2446 3720 2499 mala

2125 2524 2354 2592 faciunt,
2389 2541 2445 2582 ut
2496 2530 2561 2584 ad
2613 2536 2938 2600 peccandum
2995 2534 3185 2591 iterum
3239 2538 3472 2593 tenebris
3528 2538 3722 2594 subse-
3804 2564 3815 2571 -

2125 2620 2410 2686 quentibus
2456 2623 2821 2691 involvantur,
2852 2636 2911 2681 ut
2936 2642 3001 2681 eo
3025 2630 3134 2697 jam
3164 2630 3341 2684 lumen
3370 2630 3590 2698 justitim
3640 2630 3722 2685 vi-

2126 2712 2254 2767 dere
2281 2728 2384 2767 non
2414 2719 2638 2783 possint,
2665 2735 2769 2787 quo
2797 2720 2926 2775 illud
2953 2731 3003 2775 et
3022 2721 3234 2790 quando
3258 2733 3504 2790 poterant
3533 2722 3721 2777 videre

2125 2804 2430 2859 noluerunt.
2477 2805 2732 2863 luducere
2762 2821 2937 2864 autem
2971 2824 3179 2865 nocrcm
3214 2811 3465 2864 Dominus
3493 2812 3719 2877 dicitur,

2127 2912 2233 2950 non
2263 2900 2403 2966 quod
2453 2900 2567 2966 ipse
2622 2904 2868 2956 tenebras
2915 2902 3131 2970 inferat,
3174 2902 3265 2957 sed
3304 2904 3446 2972 quod
3488 2906 3721 2957 obscura

2125 2993 2283 3045 corda
2314 2984 2643 3061 peccantium
2671 2996 3090 3051 misericorditer
3115 3012 3221 3050 non
3250 2998 3500 3061 illustret,
3526 3005 3584 3050 ut
3611 2996 3719 3052 hoc

2127 3079 2296 3151 ipsum
2330 3084 2379 3137 iu
2414 3095 2569 3139 nocte
2597 3102 2826 3141 cmcasse
2853 3087 2923 3141 sit
2950 3104 2976 3139 a
3008 3088 3265 3143 caecitatis
3304 3087 3538 3144 tenebris
3582 3089 3720 3143 libe-

2125 3189 2243 3230 rare
2267 3176 2521 3232 uoluisse.
2550 3177 2807 3247 Sequitur
2836 3194 2855 3233 ες
2920 3235 2922 3238 ,

2584 3311 2811 3367 CAPUT
2867 3311 2915 3367 Χ
2968 3312 3113 3385 [ιιεσ.
3155 3313 3252 3386 x1.

2192 3445 2356 3501 Vens.
2398 3445 2491 3502 26.
2514 3477 2586 3489 —
2625 3448 2784 3513 Quasi
2812 3451 2993 3521 impios
3022 3453 3268 3522 percussit
3294 3468 3378 3507 eos
3408 3454 3461 3508 in
3496 3452 3613 3509 loco
3639 3454 3721 3508 vi-

2122 3536 2371 3592 dentium.

2192 3628 2283 3683 23.
2325 3626 2392 3681 In
2430 3628 2675 3686 Ecclesia:
2716 3633 2837 3685 sinu
2883 3633 3055 3702 inique
3098 3637 3335 3701 virentes,
3368 3638 3542 3691 diuina
3584 3638 3715 3692 ultio

2121 3723 2269 3789 quasi
2314 3723 2500 3793 impios
2542 3726 2778 3792 percutit.
2822 3727 2983 3793 Quasi
3022 3728 3146 3797 quid
3184 3730 3439 3799 signiﬁcat
3478 3732 3529 3784 in
3572 3732 3721 3785 Scri-

2120 3814 2309 3884 pturis.
2349 3814 2581 3869 Ecclesia
2625 3818 2767 3871 locus
2812 3826 2883 3872 est
2926 3819 3223 3873 videntium.
3249 3848 3318 3859 -—
3359 3808 3720 3891 luScriptura

2123 3923 2270 3963 sacra
2296 3912 2443 3978 quasi
2472 3912 2757 3977 aliquando
2787 3927 2883 3981 pro
2912 3913 3279 3978 similitudine,
3306 3892 3590 3984 aliquando
3622 3930 3722 3983 pro

2124 4002 2348 4056 veritate
2391 4003 2513 4071 poni
2554 4004 2849 4057 CttﬂSllCVil.
2882 4003 2986 4058 Pro
3013 4005 3361 4059 similitudine
3395 4007 3535 4060 enim
3566 4007 3724 4076 quasi

2125 4095 2356 4159 ponitur,
2390 4098 2526 4149 sicut
2554 4094 2839 4164 Apostolus
2866 4097 2991 4150 dicit
3025 4115 3039 4151 :
3074 4099 3232 4162 Quasi
3270 4100 3433 4153 tris'es
3460 4141 3473 4161 ,
3519 4116 3723 4167 semper

2124 4195 2291 4238 autem
2322 4187 2601 4255 gaudentes
2646 4185 2729 4256 (Il
2768 4186 2887 4240 Cor.
2935 4204 3007 4252 vi,
3038 4189 3151 4258 10).
3203 4190 3307 4243 Pro
3339 4198 3559 4245 veritate
3589 4206 3721 4246 vero

2127 4279 2360 4347 ponitur,
2386 4282 2524 4334 sicut
2548 4280 2779 4335 Joannes
2803 4281 2876 4333 ait
2902 4298 2914 4333 :
2946 4280 3183 4335 Vidimus
3205 4283 3424 4353 gloriam
3448 4287 3577 4354 ejus,
3607 4284 3721 4353 glo-

2125 4375 2257 4424 riam
2283 4374 2428 4439 quasi
2458 4375 2703 4442 unigeniti
2731 4392 2763 4427 a
2792 4372 2949 4429 Patre
2977 4373 3154 4444 (Joan.
3184 4392 3221 4439 t,
3250 4375 3362 4444 fi).
3393 4376 3504 4430 Hoc
3534 4386 3716 4431 autem

2125 4464 2246 4517 loco
2274 4464 2405 4518 nihil
2435 4464 2612 4520 differt
2635 4475 2807 4519 utrum
2840 4482 2935 4535 pro
2962 4467 3313 4523 similitudine
3355 4484 3419 4521 an
3454 4484 3547 4536 pro
3580 4470 3723 4525 veri-

2126 4565 2236 4612 tate
2264 4558 2334 4612 sit
2366 4561 2617 4629 positum,
2649 4561 2766 4628 quia
2797 4561 3032 4629 quolibet
3061 4561 3267 4616 dicatur
3288 4562 3497 4628 ordine,
3532 4575 3723 4630 aperte

432 4649 574 4703 unde
600 4648 744 4704 feriii
784 4662 1124 4715 mereantur;
1159 4650 1252 4705 sed
1283 4651 1576 4705 sustinetur
1623 4661 1797 4705 tamen
1849 4651 2021 4707 adhuc
2051 4641 2103 4699 D
2130 4663 2289 4717 p:ava
2331 4650 2593 4704 malorum
2638 4650 2739 4703 vita
2778 4654 3034 4720 signatur.
3062 4651 3261 4719 luipios
3291 4668 3416 4707 vero
3442 4654 3721 4718 Scriptura

432 4752 710 4812 peccatum
738 4757 997 4804 crescere,
1028 4753 1086 4797 ut
1112 4755 1394 4811 peccantes
1416 4745 1584 4812 possit
1603 4745 1843 4797 atrocior
1861 4758 2016 4809 pinna

354 4868 357 4887 ν
431 4834 838 4895 cruciareJam
872 4844 1104 4888 meretur
1131 4834 1444 4902 supplicium
1476 4845 1744 4902 peccatum
1775 4844 1829 4889 et
1858 4849 2018 4889 causa

434 4924 667 4995 peccati;
704 4925 797 4978 sed
828 4934 1165 4994 exapectatur
1188 4925 1382 4989 adhuc,
1428 4937 1482 4979 ut
1509 4926 2020 4995 augmentum'sup-

371 5079 389 5089 ν
434 5017 580 5084 plicii
609 5015 859 5085 subroget
888 5026 1183 5084 peccatum,
1218 5025 1271 5070 et
1303 5031 1454 5082 pmna
1488 5017 1709 5085 peccati.

501 5106 593 5161 24.
628 5105 773 5160 Idem
798 5117 1055 5174 peccatum
1078 5108 1355 5176 aliquando
1386 5116 1629 5176 paena‘sst
1659 5114 1709 5162 ct
1727 5124 1881 5161 causa
1904 5123 2020 5176 pec-

432 5203 551 5255 cati.
584 5200 722 5257 Deus
748 5213 965 5256 exca'cat
1008 5218 1039 5254 a
1085 5203 1309 5256 cwcitatc
1354 5218 1454 5255 non
1501 5202 1784 5257 liberanda.
1807 5232 1877 5242 —
1899 5202 2020 5258 Ple-

434 5309 659 5363 rumque
672 5310 799 5349 vero
826 5310 987 5349 unum
1005 5304 1165 5363 atque
1187 5295 1323 5349 idem
1349 5303 1645 5361 peccatum,
1668 5306 1722 5350 et
1743 5308 2018 5364 peccatum

431 5395 593 5440 estut
620 5397 674 5441 et
705 5401 859 5455 ptena
891 5393 946 5441 et
987 5400 1144 5439 causa
1175 5386 1397 5454 peccati.
1430 5386 1581 5450 Quod
1610 5386 1798 5442 melius
1832 5398 2016 5441 osten-

432 5474 618 5531 demus
650 5476 694 5532 si
718 5492 806 5531 res
834 5478 975 5546 ipsas
1004 5477 1069 5529 ad
1110 5478 1341 5529 medium
1360 5477 1721 5549 ,deducamus.
1750 5477 2017 5532 Effreuata

433 5571 575 5622 enim
608 5570 807 5624 ventris
850 5567 1111 5637 ingluvies
1144 5570 1193 5621 in
1228 5570 1487 5622 fervorem
1532 5569 1752 5622 luxurim
1786 5569 2016 5635 plenitu-

434 5659 612 5714 dinem
640 5662 818 5713 carnis
842 5660 1074 5729 instigat.
1102 5659 1188 5714 Pet
1207 5670 1407 5727 pctrata
1432 5672 1605 5713 autem
1628 5659 1840 5712 luxuria
1872 5673 2016 5728 srepe

436 5842 489 5896 ά.
508 5770 815 5896 Δξινὶηίιοίεη
846 5771 964 5825 hinc
990 5787 1107 5825 voce
1132 5772 1360 5837 angelica
1389 5773 1443 5825 in
1470 5769 1780 5847 Apocalypsi
1799 5766 2021 5822 Joannis

474 5858 537 5896 ιιι
563 5857 643 5896 ur.

474 5857 643 5896 tcuur.

2130 4755 2279 4795 sacra
2316 4744 2531 4810 proprie
2560 4742 2802 4795 infideles
2832 4744 3082 4811 appellat.
3115 4743 3223 4796 Hac
3255 4747 3481 4813 namque
3511 4744 3714 4797 disrari-

2129 4835 2200 4888 tia
2244 4832 2553 4902 peccatores
2604 4834 2672 4888 ab
2722 4833 2899 4901 impiis
2960 4834 3351 4899 discernuntur,
3420 4835 3544 4903 quia
3598 4849 3720 4887 cum

2127 4925 2305 4979 omnis
2334 4926 2524 4993 impius
2555 4924 2624 4976 sit
2656 4934 2924 4990 peccator,
2955 4939 3058 4976 non
3103 4933 3278 4979 tamen
3327 4928 3500 4978 omnis
3531 4938 3722 4992 perca-

2132 5026 2217 5071 tor
2243 5027 2325 5071 est
2375 5017 2586 5085 impius.
2625 5015 2877 5069 Peccator
2905 5016 3044 5069 enim
3075 5015 3178 5071 dici
3207 5017 3365 5071 etiam
3397 5018 3484 5085 qui
3518 5018 3568 5071 in
3616 5017 3721 5072 fide

2128 5107 2247 5176 pius
2277 5114 2359 5159 est
2392 5115 2584 5173 potest.
2617 5105 2767 5160 Unde
2792 5104 3029 5160 Joannes
3057 5105 3170 5159 ait:
3201 5106 3262 5161 Si
3289 5108 3569 5160 dia-erimus
3599 5107 3721 5175 quia

2110 5208 2386 5266 peccatum
2419 5213 2521 5251 non
2553 5196 2817 5263 habemus,
2849 5197 2951 5263 ipsi
2979 5213 3068 5249 nos
3097 5182 3386 5250 seducimus
3415 5194 3467 5268 (Ι
3492 5196 3651 5251 Joan.
3682 5214 3717 5263 ι,

2084 5280 2088 5289 ’
2128 5290 2204 5361 8).
2241 5289 2440 5359 Impius
2484 5304 2609 5344 vero
2640 5291 2856 5359 praprie
2886 5288 3079 5345 dicitur
3107 5290 3195 5358 qui
3244 5304 3275 5345 a
3302 5281 3575 5363 religionis
3609 5292 3722 5357 pie-

2130 5390 2238 5436 tate
2263 5394 2562 5449 separatur.
2616 5382 2691 5437 De
2739 5383 2935 5437 talibus
2964 5384 3107 5437 enim
3143 5384 3406 5450 PrOpbeta
3439 5386 3513 5438 ait
3543 5403 3555 5435 :
3591 5383 3719 5437 Non

2124 5484 2386 5544 resurgent
2434 5476 2576 5544 impii
2623 5476 2676 5527 in
2709 5475 2910 5544 judicio
2954 5473 3197 5545 (Pw/.1,
3227 5476 3306 5546 5).
3357 5473 3717 5548 [Vel.XlV.]

2126 5567 2299 5621 Lucus
2336 5579 2512 5621 autem
2542 5567 2833 5621 videntium
2875 5579 3055 5622 sancta
3085 5568 3324 5624 Ecclesia
3366 5565 3629 5623 vocatur.’
3658 5568 3715 5622 In

2127 5658 2240 5728 ipsa
2270 5660 2410 5713 enim
2440 5670 2582 5713 recte
2610 5660 2940 5727 cOuSistitur,
2989 5669 3045 5715 ut
3084 5660 3264 5715 lumen
3309 5676 3519 5728 verum,
3567 5660 3715 5731 quod

2203 5766 2232 5805 ι’
2259 5767 2419 5824 Deest
2444 5770 2614 5843 omnia
2644 5772 2694 5825 in
2725 5748 2942 5837 Pratel.,
2974 5768 3148 5837 Colb.,
3179 5770 3357 5826 Baluz.

3622 5887 3750 5974 .i
