4024 6352
252 356 358 417 357

1048 354 1421 415 MORALIUM
1463 354 1593 411 LIB.
1635 355 1805 411 XXV.
1838 386 1908 399 -—
1934 362 2001 415 IN
2040 362 2273 421 CAPUT
2312 318 2637 425 XXXIVIB.
2679 370 2817 428 JOB.

3445 374 3549 442 338

252 468 395 524 Deus
427 473 551 533 est,
598 464 864 519 videatur.
909 465 1063 521 Unde
1111 466 1176 519 ad
1218 466 1438 537 Moysen
1498 467 1731 521 dicitur:
1771 468 1855 523 Est
1885 482 1933 539 Α
1963 474 2107 529 enim
2155 480 2392 537 moribus
2436 484 2575 552 quod
2618 485 2934 543 credulitate
2975 501 3315 548 venerantur.
3352 492 3559 561 Quibus

250 560 396 615 locus
424 574 582 628 penes
609 574 709 621 me,
735 568 783 611 et
812 559 969 612 stabis
1009 575 1163 629 supra
1195 568 1392 630 petram
1423 569 1446 595 ⁸
1480 576 1593 621 cum
1634 570 1863 617 transeat

250 668 362 707 mea
386 654 640 723 majestas
670 649 869 719 (Exod.
900 666 1091 716 xxxm,
1121 649 1237 721 21).
1298 652 1362 707 Et
1395 662 1509 719 post
1545 653 1821 721 paululum
1847 672 1860 707 :

251 745 507 815 Auferat):
556 759 765 795 manum
824 760 989 796 meam
1042 752 1092 798 et
1158 744 1351 798 uidebis
1411 747 1690 815 posteriora
1756 766 1868 803 mea

252 838 445 902 (llud,
494 836 613 907 25).
649 839 750 893 Per
780 840 956 893 locum
988 840 1183 907 quippe
1216 840 1477 904 Ecclesia,
1530 856 1628 909 per
1657 851 1868 912 petram

253 930 540 998 Dominus,
577 945 671 1000 per
706 931 927 1001 Moysen
962 946 1086 985 vero
1127 931 1410 985 multitudo
1454 932 1625 1000 plebis
1660 932 1870 987 Israeli-

252 1023 364 1078 tica:
401 1020 696 1091 ﬁguratur,
725 1036 847 1091 quae
881 1021 1103 1075 Domino
1136 1021 1188 1075 itt
1236 1030 1375 1076 terra
1407 1022 1652 1091 praedira:
1680 1031 1732 1077 te
1764 1039 1869 1077 non

250 1114 511 1171 credidit.
544 1113 664 1182 Ipsa
694 1128 821 1182 ergo
854 1113 903 1166 in
925 1124 1073 1179 petra
1098 1111 1262 1179 stetit,
1289 1123 1431 1181 terga
1464 1113 1666 1168 Domini
1699 1125 1871 1168 trans-

253 1208 434 1264 euntis
499 1206 804 1276 aspicieus,
870 1206 992 1275 quia
1065 1205 1318 1261 videlicet
1377 1218 1499 1276 post
1563 1208 1871 1277 paSsionem

255 1299 747 1368 ascensionemque
772 1300 1119 1360 dominicam.
1146 1300 1283 1353 intra
1314 1312 1551 1353 sanctam
1581 1301 1870 1356 tcclesiam

256 1390 518 1453 deducta,
575 1392 732 1444 ﬁdem
782 1392 984 1444 Citriin
1036 1396 1313 1461 percipere
1347 1393 1571 1458 meruit;
1616 1401 1672 1446 et
1720 1392 1872 1462 cujus

256 1484 607 1557 prmsentiam
641 1498 749 1537 non
782 1482 934 1546 vidit,
967 1482 1079 1553 ejus
1112 1484 1409 1552 posteriora
1460 1485 1733 1553 cogtmvit.
1786 1485 1875 1537 Di-

260 1587 410 1632 catur
441 1592 582 1647 ergo
610 1577 678 1630 de
710 1577 812 1641 his,
847 1592 981 1646 quos
1021 1577 1157 1631 intra
1190 1592 1430 1634 sanctam
1472 1578 1762 1647 Et-clesiatn
1796 1577 1875 1631 di-

262 1670 372 1722 vina
407 1670 546 1723 ultio
581 1670 788 1723 invenit
829 1670 883 1722 itt
924 1670 1290 1742 iniquvtatibus
1321 1672 1696 1739 perdurantes,
1728 1670 1872 1723 dica-

266 1768 346 1816 tur
394 1760 466 1815 de
515 1760 607 1815 bis
657 1776 886 1830 quorum
933 1764 1096 1815 vitam
1140 1762 1333 1825 Paulus
1379 1764 1657 1829 apostolus
1701 1773 1872 1828 nutat,

1956 1673 2320 1729 videbantur.

1966 567 2150 623 divino
2175 570 2377 638 judicio
2408 590 2554 644 saepe
2582 580 2842 649 contingit
2869 590 2927 635 ut
2956 597 3048 660 per
3075 585 3175 638 hoc
3199 587 3338 655 quod
3371 589 3564 658 nequi-

1969 668 2051 714 ter
2086 662 2291 727 vivunt,
2323 674 2378 719 et
2415 666 2540 722 illud
2576 672 2799 740 perdant
2827 676 2966 744 quod
2996 676 3283 737 salubriter
3308 681 3558 738 credunt.

1967 748 2304 812 [incessanter
2334 774 2566 830 namque
2587 778 2644 817 se
2672 767 2851 833 pratis
2879 768 3179 825 acti0uibus
3207 773 3469 841 polluunt,
3501 774 3577 829 et'

1971 860 2133 915 super
2166 850 2264 905 hoc
2292 853 2577 910 vindicmm
2613 857 2741 928 justi
2767 861 2952 930 judicii
2986 866 3204 920 retribui
3237 881 3389 933 posse
3416 867 3563 922 dii“-

1971 936 2135 1001 dunt;
2166 953 2215 993 et
2246 957 2391 1012 stupe
2410 960 2538 998 cum
2567 947 2704 1003 bene
2727 952 2903 1006 vivere
2932 955 3225 1025 negligant,
3252 959 3413 1013 etiam
3444 974 3569 1029 per-

1971 1041 2231 1095 sequente
2273 1033 2420 1087 nullo
2462 1051 2628 1104 usque
2670 1038 2735 1092 ad
2769 1043 3041 1108 perﬁdiam
3071 1044 3397 1102 dilabuntur.
3431 1049 3563 1103 Nam

1974 1122 2065 1191 qui
2112 1124 2396 1181 imminere
2427 1129 2726 1185 districtum
2756 1133 3015 1201 judicium
3064 1154 3166 1191 non
3205 1141 3447 1204 crrdunt,
3479 1143 3567 1210 qui

1975 1215 2146 1269 inulte
2195 1231 2253 1271 se
2299 1233 2519 1287 peCCare
2566 1227 2923 1293 suspECantur,
2969 1229 3114 1296 quod
3155 1241 3307 1299 pacto
3338 1234 3419 1287 Vel
3448 1248 3569 1289 esse

1976 1310 2061 1361 vel
2100 1309 2205 1363 dici
2249 1312 2433 1367 ﬁdeles
2482 1319 2740 1382 possunt?
2780 1318 2966 1374 Fidem
3013 1324 3206 1393 quippe
3253 1328 3567 1394 perdidisse,

1975 1408 2061 1455 est
2100 1401 2414 1458 incorrectis
2463 1407 2617 1463 malis
2647 1411 2898 1477 operibus
2936 1415 3094 1484 digna
3133 1418 3393 1487 supplicia
3420 1420 3571 1476 reddi

1980 1505 2139 1560 posse
2177 1510 2281 1548 non
2312 1498 2554 1553 credere.
2609 1501 2742 1569 Quia
2770 1520 2898 1573 ergo
2927 1508 3087 1579 digna
3121 1512 3241 1564 lidei
3272 1526 3431 1580 opera
3461 1529 3573 1569 ser-

1987 1595 2111 1635 vare
2141 1595 2513 1651 Contemnunt,
2545 1592 2704 1644 etiam
2739 1593 2897 1648 ﬁdem
2925 1602 3174 1664 perdunt,
3207 1615 3361 1668 quam
3394 1613 3575 1659 tenere

2405 1677 2575 1746 Super
2624 1697 2757 1750 quiis
2806 1687 2940 1741 bene
2990 1703 3084 1756 per
3113 1689 3431 1761 Prophetam
3477 1696 3575 1752 sub

1981 1766 2275 1822 Jerusalem
2325 1773 2508 1840 specie
2562 1776 2898 1832 inimicorum
2967 1781 3355 1841 de<truentium
3408 1790 3574 1845 verba

274 1857 301 1898 δ
329 1857 425 1921 Οιὶ
460 1857 777 1925 conﬁtentur
815 1872 870 1910 se
910 1872 1057 1912 nosse
1084 1856 1278 1923 Deum,
1311 1858 1459 1927 [actis
1490 1868 1659 1910 autem
1688 1864 1875 1924 negant
1912 1861 1955 1919 Β
1984 1870 2376 1929 memorantur,
2427 1878 2457 1916 a
2488 1865 2680 1932 quibus
2723 1882 2763 1921 ει
2785 1870 2928 1925 ilicet
2974 1873 3170 1928 dicitur
3208 1894 3220 1927 :
3271 1876 3574 1948 Exinanite,

284 1946 408 2015 (Tit.
435 1962 470 2009 t,
497 1948 590 2017 Ili)
619 1965 631 1998 :
662 1938 837 2012 Quasi
865 1947 1047 2015 impios
1077 1948 1325 2019 percussit
1356 1965 1441 2002 eos
1474 1950 1526 2001 in
1558 1948 1671 2001 loco
1705 1948 1876 2007 tiden-

284 2040 415 2094 tium.
458 2038 533 2092 Ibi
576 2037 778 2107 quippe
815 2038 1055 2102 stabant,
1088 2038 1178 2093 ubi
1221 2040 1383 2093 Deum
1416 2039 1598 2093 videre
1627 2039 1876 2094 videban-

284 2139 377 2184 tur.
440 2130 516 2183 lbi
573 2133 828 2185 tenebras
875 2130 1199 2197 dilexerunt,
1250 2132 1336 2185 ubi
1398 2118 1577 2187 lumen
1633 2131 1878 2185 veritatis

267 2223 548 2290 aspicitur.
608 2221 675 2275 Et
713 2221 963 2290 quamvis
990 2232 1208 2290 apertos
1258 2223 1560 2277 habuerunt
1604 2223 1790 2277 oculos
1819 2221 1877 2276 in

263 2314 384 2383 ﬁde,
445 2322 742 2369 tenuerunt
789 2323 962 2367 tamen
1009 2330 1104 2369 eos
1143 2314 1355 2369 clausos
1402 2315 1454 2367 iu
1486 2328 1670 2384 opere.
1724 2313 1880 2368 Unde

259 2406 397 2463 bene
445 2414 507 2460 et
553 2405 622 2460 de
650 2404 833 2459 Judaea
887 2406 1081 2459 dicitur
1126 2424 1139 2459 :
1192 2406 1555 2476 Speculatores
1603 2408 1714 2477 ejus
1755 2405 1879 2458 caeci

261 2496 420 2567 (Isai.
455 2497 716 2565 LVtJO),
770 2496 892 2566 quia
946 2498 1193 2552 videlicet
1239 2515 1345 2553 non
1399 2500 1654 2554 videbant
1713 2511 1881 2566 Opere

256 2592 403 2662 quod
458 2589 802 2661 professione
831 2591 1143 2646 cernebant.
1188 2590 1338 2647 Unde
1367 2596 1528 2646 etiam
1562 2594 1629 2647 de
1661 2593 1879 2647 Balaam

256 2689 532 2757 scriptum
563 2695 647 2740 est
670 2700 686 2738 :
711 2686 812 2750 Qui
843 2686 1033 2739 cadens
1064 2696 1267 2756 apertos
1295 2685 1441 2738 habet
1474 2685 1652 2740 oculos
1683 2687 1760 2758 (Ν
1769 2706 1874 2743 um.

258 2795 418 2844 xxiv,
462 2777 591 2847 i6).
647 2775 857 2831 Cedetis
886 2778 1084 2845 quippe
1132 2780 1182 2831 in
1233 2794 1396 2847 opere
1433 2789 1651 2844 apertos
1704 2780 1881 2835 tenuit

259 2874 455 2929 oeulos
500 2872 557 2925 in
596 2871 1066 2939 contemplatione.
1115 2871 1191 2925 Ita
1234 2886 1363 2941 ergo
1406 2872 1458 2924 hi
1500 2872 1662 2926 etiam
1692 2873 1880 2929 oculos

260 2968 588 3036 aperientes
620 2965 673 3018 in
719 2964 845 3028 ﬁde,
879 2972 935 3019 et
984 2981 1088 3019 non
1133 2965 1377 3020 videntes
1422 2967 1474 3018 in
1504 2980 1691 3032 Opere,
1740 2966 1879 3021 intra

261 3057 574 3114 Ecclesium
610 3054 764 3124 positi
805 3057 890 3123 pia
927 3058 1126 3126 Specie,
1160 3064 1311 3111 extra
1346 3056 1635 3111 ECI'IeSiallt
1670 3058 1879 3113 inventi

262 3156 393 3202 sunt
425 3146 601 3215 impia
631 3148 1062 3201 conversatimte.
1096 3147 1168 3200 De
1189 3147 1383 3213 quibus
1412 3147 1541 3201 alias
1571 3149 1707 3203 bene
1738 3149 1878 3204 scri-

1981 1948 2241 2003 cxinanite
2268 1967 2426 2019 usque
2460 1954 2528 2005 ad
2557 1957 2946 2024 fundamentum
2980 1962 3033 2014 in
3065 1981 3123 2016 ea
3162 1965 3331 2036 (Psal.
3356 1984 3576 2037 cxxxvt,

1980 2039 2061 2109 7).
2102 2042 2295 2095 l‘aulus
2326 2046 2522 2115 quippe
2557 2049 2632 2101 ait
2656 2068 2668 2101 :
2694 2049 3114 2110 Fundamentum
3143 2061 3286 2113 aliud
3311 2078 3457 2116 nemo
3480 2081 3575 2134 po-

1981 2138 2077 2184 test
2099 2150 2285 2199 ponere
2306 2148 2489 2206 prazter
2515 2140 2569 2192 id
2594 2142 2731 2208 quod
2760 2148 2979 2213 positum
3004 2160 3097 2217 est,
3129 2147 3153 2187 ά
3178 2154 3314 2220 quod
3334 2164 3406 2207 est
3430 2154 3579 2209 Chri-

1981 2232 2092 2277 stus
2126 2224 2277 2280 Jesus
2319 2226 2373 2299 (Ι
2410 2231 2528 2285 Cor.
2564 2248 2641 2296 ut,
2672 2234 2785 2306 Il).
2828 2236 3030 2294 Inimici
3073 2256 3202 2311 ergo
3239 2244 3578 2303 destruentes

1982 2331 2151 2384 usque
2174 2319 2239 2370 ad
2264 2318 2667 2377 fundamentum
2686 2325 2984 2383 Jerusalem
3010 2333 3339 2399 exiuaniunt,
3362 2338 3577 2404 quando

1984 2411 2225 2478 perversi
2276 2412 2499 2481 spiritus
2548 2430 2575 2466 a
2618 2416 2781 2472 corde
2815 2419 3084 2485 ﬁdelium,
3130 2423 3402 2479 destructo
3430 2426 3579 2496 prius

1983 2501 2215 2556 mdilicio
2264 2504 2386 2561 b0ni
2418 2509 2630 2575 operis,
2662 2510 2981 2567 soliditatem
3012 2530 3222 2585 quoque
3260 2518 3582 2577 exhauriunt

1982 2593 2281 2662 religiOuis.
2334 2596 2485 2651 Sicut
2522 2599 2665 2653 enim
2707 2615 2866 2669 supra
2910 2605 3309 2661 fundamentum
3357 2609 3577 2676 lubrica,

1982 2684 2061 2738 sic
2091 2701 2253 2754 super
2284 2687 2441 2742 ﬁdem
2482 2704 2647 2758 opera
2690 2704 3094 2752 construuntur.
3155 2698 3331 2769 usque
3358 2702 3424 2756 ad
3458 2703 3607 2756 l'un-~

1984 2775 2293 2831 dameutum
2335 2794 2465 2849 ergo
2504 2783 2809 2839 exinanisse
2846 2797 2929 2840 cst
2973 2803 3165 2844 everso
3194 2790 3331 2846 bene
3362 2792 3581 2850 vivendi

1984 2880 2149 2936 apere
2188 2870 2351 2923 etiam
2390 2872 2555 2927 robur
2599 2874 2719 2929 lidei
2763 2877 3071 2947 dissipasse.
3123 2881 3258 2937 Hinc
3305 2886 3463 2939 etiam
3512 2886 3581 2942 ad

1984 2958 2225 3015 Judaaam
2261 2978 2353 3031 per
2379 2964 2667 3021 Jeremiam
2695 2968 2887 3023 dicitur
2926 2987 2941 3025 :
2993 2970 3119 3026 Filii
3167 2991 3365 3046 quoque
3412 2976 3579 3033 Mem-

1985 3053 2142 3120 pheos
2176 3062 2199 3091 ε
2233 3067 2278 3108 et
2305 3055 2572 3127 Top/meos
2596 3072 3048 3132 canstupracerunt
3078 3077 3125 3121 te
3144 3085 3302 3138 usque
3340 3072 3409 3125 ad
3429 3073 3583 3127 verti-

1987 3159 2097 3199 cem
2130 3142 2346 3216 (larem.
2379 3162 2440 3214 ll,
2470 3148 2585 3220 16).
2620 3150 2800 3223 Usque
2828 3156 2892 3210 ad
2925 3159 3183 3214 verticem
3215 3162 3411 3231 quippe
3452 3160 3582 3221 c'on-

260 3254 416 3312 ptum
452 3250 538 3293 est
568 3254 583 3289 :
620 3237 736 3292 Vidi
776 3240 959 3309 impios
989 3238 1233 3310 sepultos,
1261 3240 1348 3310 qui
1373 3257 1487 3294 cum
1516 3250 1538 3278 ο
1568 3242 1880 3309 adviverent,
1911 3250 1956 3311 ο
1988 3238 2221 3306 stuprari
2247 3248 2329 3293 est
2361 3249 2483 3310 post
2528 3246 2681 3300 matre
2728 3248 3057 3315 operationis
3102 3267 3257 3308 usum
3310 3257 3470 3311 etiam
3525 3261 3580 3312 in

262 3332 313 3384 in
345 3334 469 3384 loco
500 3340 681 3383 sancto
710 3338 889 3396 erant,
932 3340 980 3383 et
1016 3330 1366 3382 laudabuntur
1411 3332 1465 3384 in
1506 3330 1704 3385 civitate
1740 3336 1886 3402 quasi

260 3424 535 3494 justorum
570 3437 781 3491 operum
811 3419 1012 3491 (Ercle.
1038 3436 1150 3487 Vlll,
1180 3422 1292 3489 I0).

334 3516 509 3585 802
550 3510 886 3567 ΞϋᾨΜαιιοε
927 3514 1084 3584 falsos
1128 3511 1445 3575 Christianos
1480 3514 1726 3569 Ecclesia:
1768 3533 1873 3583 prta:

274 3607 566 3661 abscondit.
604 3603 827 3670 Quidam
858 3621 921 3658 ea:
946 3606 1261 3673 professione
1285 3604 1593 3658 Christianw
1618 3607 1884 3678 religionis

285 3701 493 3771 gloriam
527 3705 789 3766 qua’runt.
812 3728 881 3737 —
903 3697 1097 3752 Multus
1136 3698 1279 3751 enim
1316 3708 1463 3765 peste
1494 3698 1726 3767 prOpria:
1762 3715 1886 3767 pra-

288 3792 451 3845 vitatis
480 3791 740 3844 obsessos
771 3790 872 3843 sub
899 3790 1200 3844 Christiana
1227 3791 1447 3843 nomine
1478 3788 1588 3854 ipsa
1623 3792 1885 3861 tranquil-

283 3879 396 3934 litas
450 3878 841 3939 ecclesiastica:
894 3880 1039 3947 pacis
1091 3879 1393 3932 abscondit.
1445 3882 1589 3946 Quos
1633 3891 1809 3935 tamen
1839 3885 1884 3938 si

276 3973 406 4029 levis
440 3973 841 4043 persecutionis
870 3986 998 4026 aura
1042 3971 1353 4042 pul~averig,
1374 3987 1496 4026 mox
1524 3980 1673 4027 extra
1705 3988 1885 4030 arcam

273 4070 420 4120 velut
453 4064 639 4134 paleas
669 4063 827 4118 tollit.
878 4062 1023 4137 [νει.
1056 4060 1209 4132 ΧΗ
1242 4064 1465 4129 Quidam
1499 4080 1629 4119 vero
1681 4067 1882 4123 idcirco

274 4155 704 4213 Christianitatis
751 4168 1029 4209 vocatione
1076 4156 1374 4224 signantur,
1410 4157 1531 4226 quia
1560 4157 1760 4214 Chrisﬁ
1791 4175 1887 4215 no-

272 4251 422 4305 mine
469 4248 778 4303 sublimiter
804 4250 1061 4313 exaltatu,
1099 4262 1235 4316 pene
1266 4264 1456 4303 omnes
1482 4250 1591 4318 jam
1625 4250 1794 4306 videri
1825 4252 1888 4306 ﬁ-

273 4343 428 4399 deles
459 4343 763 4410 aspiciunt;
794 4353 846 4397 et
872 4358 967 4409 pro
999 4360 1062 4399 eo
1083 4343 1225 4411 quod
1258 4343 1358 4398 hoc
1390 4345 1569 4398 vocari
1601 4345 1737 4401 alios
1765 4362 1888 4401 cer-

277 4445 436 4495 nunt,
481 4434 589 4502 ipsi
629 4451 734 4489 non
775 4435 945 4488 videri
990 4433 1175 4505 ﬁdeles
1214 4436 1572 4500 erubescunt,
1620 4438 1715 4491 sed
1765 4453 1887 4494 eSse

276 4529 564 4596 negligunt
612 4525 750 4592 quod
796 4526 901 4579 dici
948 4525 1263 4594 gloriantur.
1312 4526 1443 4580 Rem
1492 4527 1632 4582 enim
1674 4528 1887 4583 virtutis

1992 3331 2105 3399 ipsa
2136 3332 2261 3386 ﬁdei
2288 3333 2617 3392 sublimitate
2645 3342 2937 3409 corrumpi.
2966 3342 3102 3398 Cum
3128 3345 3273 3399 enim
3313 3349 3579 3416 nequissi-

1991 3426 2065 3480 nti
2095 3428 2319 3494 spiritus
2345 3430 2768 3502 uniuscujusqbe
2795 3436 3025 3490 animam
3049 3437 3101 3491 itt
3127 3440 3305 3507 pravis
3325 3443 3577 3510 cperibus

1990 3516 2289 3584 involvunt,
2312 3520 2405 3574 sed
2429 3522 2795 3593 integritatem
2830 3527 2951 3581 ﬁdei
2977 3529 3167 3583 vitiare
3189 3546 3293 3585 non
3329 3544 3575 3603 possunt,

1988 3609 2142 3679 quasi
2174 3610 2355 3665 adhuc
2389 3612 2641 3669 inferiora
2673 3619 2911 3672 membra
2946 3620 3209 3688 polluuut,
3242 3622 3337 3677 sed
3366 3625 3433 3678 ad
3462 3641 3580 3680 ver-

1990 3699 2149 3753 ticem
2182 3716 2285 3754 non
2329 3704 2656 3775 pertingant.
2690 3708 2942 3778 Quisquis
2973 3720 3152 3769 autem
3206 3714 3257 3766 in
3309 3715 3413 3769 ﬁde
3444 3712 3579 3771 cor-

1988 3792 2271 3859 rumpitur,
2296 3790 2429 3861 jam!
2452 3810 2619 3865 usque
2648 3798 2716 3851 ad
2749 3801 3000 3856 verticem
3034 3812 3433 3872 ceustupratur.
3463 3806 3573 3860 bla-

1989 3882 2164 3953 lignus
2194 3888 2339 3941 enim
2385 3888 2602 3957 spiritus
2630 3894 2784 3961 quasi
2826 3895 2895 3949 ab
2946 3895 3282 3952 inferioribus
3320 3899 3579 3956 membris

1990 3992 2161 4047 usque
2212 3979 2277 4034 ad
2333 3996 2541 4036 summa
2593 3987 2880 4056 pertingit,
2909 3991 3122 4058 quando
3158 3991 3385 4046 activam
3415 3993 3577 4047 vitam

1988 4070 2256 4140 pollueus,
2289 4083 2491 4128 castam
2530 4078 2901 4136 celsitudinem
2933 4083 3056 4137 lidei
3087 4083 3395 4141 dilﬁdeutite
3434 4101 3578 4142 mor-

1988 4162 2058 4218 bo
2079 4166 2396 4235 corrumpit.
2423 4168 2557 4235 Quia
2589 4172 2749 4242 igitur
2790 4187 2981 4230 cuncta
3011 4176 3125 4232 haec
3160 4178 3407 4235 immanis
3437 4195 3572 4236 ocu-

1988 4254 2056 4309 lis
2103 4256 2365 4312 absconsa
2411 4272 2553 4327 sunt,
2607 4263 2702 4318 sed
2742 4266 2936 4322 divinis
2973 4271 3244 4326 obtutibus
3292 4282 3493 4342 patent,
3523 4284 3581 4331 et

1988 4351 2141 4403 multi
2171 4350 2221 4403 itt
2251 4351 2351 4407 bac
2386 4351 2548 4407 domo
2590 4357 2712 4413 ﬁdei
2744 4361 2860 4416 sine
2892 4361 2996 4417 ﬁde
3025 4368 3349 4435 morittntur,
3372 4370 3581 4426 dicatur

1987 4452 2135 4496 recte
2167 4459 2179 4495 :
2214 4443 2373 4510 Quasi
2401 4449 2584 4517 impios
2611 4456 2857 4518 percussit
2886 4472 2971 4509 eos
3016 4459 3069 4511 in
3114 4460 3224 4515 loco
3264 4454 3575 4519 'videntium.

1991 4532 2113 4588 Pios
2140 4535 2282 4588 enim
2321 4552 2380 4591 se
2415 4538 2466 4591 in
2513 4540 2750 4597 Ecclesia
2783 4546 3089 4603 hominibus
3117 4552 3407 4608 osmndunt
3433 4573 3448 4619 ;
3479 4558 3575 4612 sed

281 4619 489 4674 intimae
516 4617 585 4672 ad
616 4616 864 4673 decorem
915 4626 1133 4671 sumunt
1161 4617 1384 4671 ViSiOﬂiS
1415 4627 1682 4685 externas;
1711 4630 1765 4675 et
1795 4623 1880 4690 qui
1912 4640 1963 4700 υ
1989 4628 2109 4690 quia
2136 4624 2319 4680 divina
2352 4628 2553 4695 judicia
2584 4633 2751 4690 latere
2798 4652 2901 4691 non
2952 4651 3177 4705 possunt
3224 4647 3376 4714 quasi
3424 4648 3581 4717 impii

280 4721 409 4765 ante
441 4724 735 4777 supernum
761 4709 997 4778 judicem
1030 4710 1154 4763 nudi
1186 4710 1529 4765 conscientiae
1572 4711 1885 4771 inﬁdelitate

283 4807 616 4868 cattsistunt,
645 4812 771 4858 ante
802 4804 1061 4857 butnanos
1100 4804 1284 4857 oculos
1313 4802 1652 4873 professione
1699 4818 1884 4862 sancta

286 4896 449 4949 Verbo
478 4906 637 4948 tenus
667 4893 976 4962 palliautur.
1232 4878 1237 4897 ³

355 4987 445 5040 27.
472 4982 688 5039 Fideles
714 4987 802 5054 qui
841 4987 1068 5054 nequiter
1103 4988 1272 5041 vivunt
1305 5004 1441 5057 stupe
1468 4990 1640 5044 divino
1680 4992 1886 5064 judicia

289 5078 409 5148 fidei
432 5081 697 5153 jacturam
741 5077 955 5145 faciunt.
987 5076 1142 5131 Multi
1184 5079 1237 5131 in
1280 5080 1431 5132 domo
1460 5081 1601 5147 ﬁdei,
1641 5084 1752 5136 sine
1783 5085 1886 5153 [ille

294 5170 601 5222 moriuntur.
631 5148 706 5220 lt’s
730 5184 842 5221 vero
866 5168 1094 5237 ﬁdelium
1118 5170 1331 5223 societas
1361 5173 1413 5222 in
1442 5172 1681 5240 supplicii
1703 5192 1887 5231 eumn-

296 5261 396 5313 lum
417 5261 651 5314 cedit.—
668 5258 912 5313 Nonnulli
941 5270 1115 5313 autem
1150 5260 1306 5315 ﬁdem
1337 5264 1640 5318 medullitus
1672 5274 1877 5337 tenent,

300 5352 388 5407 sed
424 5356 611 5407 vivere
651 5349 881 5406 ﬁdeliter
932 5351 1234 5407 nullatenus
1272 5360 1480 5408 curant.
1524 5354 1879 5425 Insequuutur

368 5547 397 5576 ι
439 5536 665 5592 Vindoc.
710 5544 766 5592 et
803 5535 1029 5606 Pratel.,
1075 5552 1190 5592 cum
1233 5541 1484 5597 transibit.
1528 5542 1734 5609 Belum,
1766 5559 1884 5598 cum

305 5610 523 5663 σκιάει.
1434 5644 1441 5655 ο

370 5679 394 5717 δ
432 5681 659 5747 Pratel.,
687 5682 807 5749 quia
837 5680 1159 5749 conﬁtentur.

374 5760 396 5829 τ
436 5754 512 5807 Ita
534 5754 665 5829 _.\lss.
702 5752 908 5829 bulum,
936 5752 1112 5829 Colb.,
1144 5752 1366 5829 Pr_atel.,
1398 5762 1503 5811 etc.
1535 5756 1590 5811 In
1624 5756 1883 5829 Vulgatis,

312 5820 465 5876 adhuc
498 5824 739 5879 viverent.
772 5823 978 5880 Δάνίνο
1004 5824 1143 5881 idem
1177 5824 1439 5894 signiﬁcat
1475 5842 1538 5885 ac
1575 5820 1889 5900 simpliciter

1996 4715 2280 4771 leriuutur.
2310 4720 2511 4786 Quibus
2536 4723 2652 4793 _ltuc
2692 4729 2857 4795 magis
2883 4730 3045 4801 803
3091 4732 3157 4786 ad
3198 4736 3442 4806 supplicii
3485 4715 3582 4793 cu-

1996 4808 2194 4860 mulum
2220 4810 2440 4875 crescit,
2464 4813 2609 4877 quod
2636 4820 2998 4889 unusquisque
3021 4838 3207 4878 eorum
3240 4826 3291 4879 itt
3339 4828 3577 4885 Ecclesia

1993 4896 2242 4952 ﬁdelibus
2264 4901 2523 4958 admistus
2551 4907 2829 4977 veritatem
2855 4912 2979 4967 lidei
3004 4915 3221 4971 sciendo
3241 4922 3533 4975 contemnit
3559 4940 3576 4990 ;

1994 4998 2159 5058 atque
2190 5006 2256 5047 eo
2305 4996 2521 5061 gravior
2568 5000 2697 5056 ultio
2741 5006 3004 5074 sequitur,
3037 5024 3142 5079 quo
3190 5026 3285 5081 per
3331 5016 3578 5082 exempla

1994 5092 2265 5137 rectorum
2299 5088 2459 5141 etiam
2494 5090 2629 5147 bene
2660 5094 2870 5152 vivendi
2902 5114 2996 5153 eos
3022 5103 3245 5157 scientia
3267 5103 3573 5159 comitatur.

1990 5174 2132 5238 Quot
2158 5178 2299 5231 enim
2327 5180 2406 5234 eis
2424 5184 2583 5237 modo
2607 5188 2735 5242 recti
2758 5204 2819 5244 ac
2858 5190 3042 5247 ﬁdeles
3066 5192 3258 5248 fratres
3279 5194 3575 5250 ostendun-

1990 5276 2099 5334 tur,
2121 5280 2195 5325 tot
2208 5273 2258 5327 in
2275 5256 2498 5330 venturo
2512 5278 2711 5348 judicio
2727 5284 2950 5340 testibus
2969 5286 3364 5356 impugnantur.
3382 5287 3575 5345 Sciunt

1988 5376 2116 5433 ergo
2138 5369 2283 5436 quod
2304 5354 2456 5440 sequi
2480 5374 2774 5448 ttegtigunt.
2802 5378 2952 5435 Unde
2972 5391 3026 5437 et
3045 5354 3167 5450 apte
3187 5380 3528 5453 subiungitur
3553 5402 3569 5440 :

1987 5549 2252 5628 vivo,_sed
2282 5558 2454 5613 rarius
2482 5571 2785 5628 usurpatur.

2062 5620 2089 5660 ά
2130 5625 2271 5702 Illic.
2301 5639 2354 5682 et
2383 5620 2720 5702 Pratel.,'qui
2750 5642 2822 5688 est
2848 5632 3077 5690 Christus
3106 5632 3281 5695 Iesus.

1988 5775 2036 5819 et
2056 5704 2099 5822 ἲ
2130 5696 2353 5781 Vindoc.
2385 5711 2439 5758 et
2465 5696 2674 5774 Νοτωξ,
2706 5714 2754 5762 α
2781 5703 3033 5775 Tapltnis.
3093 5708 3277 5766 Baluz.
3309 5718 3365 5769 et
3388 5711 3565 5783 6011).,

2103 5784 2287 5822 amnis.

2103 5784 2287 5827 amnis.
