4024 6352
1698 250 1943 308 SANCTI
1981 248 2305 306 GREGURII
2347 246 2559 302 MAGNI

758 369 983 427 CAPUT
1015 370 1085 425 XI
1127 369 1284 442 [Vet.
1318 367 1488 436 XVI,
1530 369 1652 423 Rea.
1684 367 1765 423 xz
1792 368 1832 441 ].

572 461 738 519 Vens.
750 464 916 518 Ἧρ-
930 472 953 499 ⁸
975 464 1075 527 Qui
1096 463 1239 531 quasi
1262 462 1323 515 de
1336 463 1582 515 industria
1605 460 1990 515 recesseruntab
2004 475 2082 512 eo.

570 556 662 611 38‘.
686 553 960 610 Peccatum
980 564 1070 607 aut
1092 555 1399 623 ignorantia.
1423 564 1509 606 aut
1527 554 1718 621 inﬁrmi
1725 562 1847 618 tate,
1869 563 1956 604 aut
1978 561 2087 604 stu-

416 660 438 697 s
501 648 607 710 dio,
631 652 772 718 quod
788 649 1012 721 gravius,
1038 657 1374 717 perpeti-amr.
1392 646 1549 699 Aliud
1571 647 1753 698 bonum
1777 660 1875 697 non
1894 645 2085 719 facere,

502 247 606 307 559
792 292 795 295 -
1366 260 1389 271 ““
1698 250 1943 308 SANCTI
1981 249 2071 305 GR

2172 248 2305 304 URII
2347 247 2559 302 MAGNI
3636 254 3724 309 540

2103 374 2157 430 Α
2187 381 2305 435 quae
2334 364 2508 419 facere
2538 364 2859 433 despiciunt,
2894 365 3054 419 etiam
3081 366 3220 419 scire
3247 369 3729 437 contemnunt.Quia

2190 456 2329 511 enim
2377 459 2629 525 scriptum
2672 468 2755 510 est
2789 474 2803 510 :
2838 457 3027 511 Servus
3058 457 3283 509 ttesciens
3324 456 3612 511 voluntatem
3650 448 3731 515 do?

2187 550 2312 603 mini
2354 552 2452 619 sui,
2500 560 2521 588 ο
2564 560 2609 604 et
2644 551 2833 619 faciens
2857 552 3012 621 digna
3034 552 3222 620 plagis,
3252 550 3500 617 vapulabit
3539 558 3735 623 paucis;

2185 652 2232 695 et
2256 658 2429 696 servus
2471 645 2634 697 sciens
2662 644 2970 695 voluntatem
2999 643 3195 695 domini
3234 642 3337 708 sui,
3369 656 3412 695 et
3443 659 3535 695 non
3565 642 3737 715 faciens

424 806 425 809 η
502 716 650 793 aliud
668 754 760 793 nec
779 716 975 804 amare,
1002 716 1145 790 aliud
1169 738 1356 792 odisse.
1378 768 1450 780 —
1470 736 1756 793 Sciendum
1787 738 1983 804 quippe
2003 716 2086 788 esi
2174 720 2333 802 juxta
2361 749 2493 796 eam,
2529 734 2694 803 plagis
2718 734 2973 803 vapulabit
3000 734 3171 787 multis
3203 733 3348 803 (Luc.
3372 748 3462 799 nt,
3489 732 3609 803 47);
3644 716 3736 811 im:

502 830 644 899 quod
676 839 949 899 peccatum
979 830 1149 885 tribus
1178 830 1350 884 modis
1377 829 1729 884 committitur
1755 827 1857 899 (De
1881 828 2080 896 pluuia,

499 923 624 978 dist.
647 923 702 986 2,
724 937 861 989 eam,
886 920 1213 992 Sciendum).
1250 921 1380 976 Nam
1418 933 1506 976 aut
1536 922 1854 991 ignorantia,
1879 928 1971 973 aut
2001 919 2084 973 in-

501 1013 751 1067 ﬁrmitate
780 1021 871 1067 aut
914 1014 1092 1067 studio
1122 1023 1477 1083 perpetratur.
1524 1014 1592 1068 Et
1614 1014 1831 1084 gravius
1860 1012 2080 1082 quidem

501 1102 811 1165 inﬁrmitate
831 1118 991 1173 quam
1014 1104 1333 1174 ignorantia,
1359 1104 1450 1159 sed
1475 1106 1641 1159 multo
1661 1104 1874 1173 gravius
1904 1104 2081 1157 studio

502 1209 663 1264 quam
697 1196 1007 1252 inﬁrmitate
1049 1207 1318 1264 peccatur.
1370 1197 1670 1267 ignorantia
1720 1196 1917 1249 Paulus
1957 1200 2082 1263 pec-

501 1294 738 1348 caverat,
765 1300 885 1341 cum
915 1286 1127 1343 diccbat
1154 1302 1171 1339 :
1207 1287 1309 1354 Qui
1337 1288 1480 1358 prius
1520 1287 1592 1357 fui
1640 1286 1965 1354 blasphemus
1985 1327 2003 1353 ,
2032 1293 2080 1340 et

501 1388 885 1448 persecutor,“
923 1380 1360 1439 contumeliosus;
1397 1379 1484 1431 sed
1515 1378 1914 1453 miseriqordiam
1949 1394 2077 1431 con-

497 1480 701 1524 secutus
720 1486 853 1532 sum,
877 1471 997 1538 quia
1018 1472 1260 1540 ignorans
1283 1472 1378 1542 feci
1399 1472 1452 1524 in
1475 1471 1827 1525 incredulitate
1856 1470 1910 1542 (Ι
1937 1470 2075 1525 Tim.

497 1560 674 1630 1,115).
706 1562 899 1617 Petrus
920 1578 1049 1618 vero
1080 1565 1386 1619 infirmitate
1417 1566 1673 1632 peccavit,
1700 1566 1913 1633 quando
1934 1566 1987 1621 in
2008 1580 2075 1621 eo

499 1665 662 1706 omne
707 1653 872 1708 robur
918 1653 1049 1709 ﬁdei
1091 1655 1231 1723 quod
1280 1656 1507 1710 Domino
1538 1655 1808 1724 perhibuit
1832 1672 1938 1712 una
1970 1672 2071 1712 vox

2186 825 2479 893 punitatem
2513 824 2767 894 peccandi
2795 824 3100 880 existimant
3126 825 3415 880 remedium
3463 827 3731 882 nesciendi.

2182 915 2348 987 80.74.
2381 917 2479 983 Qui
2525 917 2773 972 nimirum
2815 917 2926 972 sola
2966 917 3227 988 superbia:
3256 918 3480 988 caligine
3508 921 3732 976 tenebro-

2183 1019 2360 1075 scunt,
2392 1019 2552 1078 atque
2581 1009 2702 1065 ideo
2734 1025 2839 1063 non
2871 1009 3179 1066 discernunt
3209 1009 3329 1078 quia
3354 1009 3489 1064 aliud
3522 1018 3601 1065 est
3629 1027 3735 1067 nes-

2181 1101 2343 1166 cisse,
2394 1103 2533 1155 aliud
2579 1102 2719 1159 scire
2764 1092 3020 1158 noluisse.
3054 1103 3267 1157 Nescire
3293 1101 3433 1157 enim
3462 1104 3736 1171 ignorantia

2181 1199 2301 1258 est;
2332 1191 2471 1247 scire
2501 1193 2757 1259 noluisse,
2789 1194 3079 1262 superbia.-
3107 1194 3173 1249 Et
3223 1196 3370 1249 tanto
3402 1196 3562 1264 magis
3589 1211 3738 1250 excu-

2178 1284 2438 1339 sationem
2481 1300 2585 1340 non
2635 1295 2857 1355 possunt
2882 1286 3079 1341 habere
3113 1286 3231 1356 quia
3261 1287 3513 1350 nesciant,
3554 1299 3735 1356 quanto

2180 1376 2346 1441 magis
2362 1375 2441 1430 eis
2457 1374 2615 1429 etiam
2636 1376 2941 1432 nolentibus
2957 1378 3241 1446 opponitur
3254 1377 3390 1444 quod
3415 1387 3738 1451 cognoscant.

2179 1468 2330 1525 Unde
2358 1484 2450 1536 per
2470 1469 2813 1525 Salomonem
2845 1472 3039 1525 dicitur
3066 1490 3078 1525 :
3106 1470 3357 1539 Nunquid
3383 1476 3483 1524 non
3508 1452 3740 1541 sapientia

2177 1562 2424 1627 clamitat,
2470 1571 2517 1616 et
2550 1564 2823 1633 prudentia
2852 1565 2938 1616 dat
2969 1578 3137 1617 vocem
3162 1580 3329 1626 suum,
3362 1564 3413 1616 in
3442 1566 3644 1617 summis
3665 1579 3743 1616 ex-

2177 1654 2425 1721 celsisque
2452 1654 2721 1729 verticibus
2746 1671 2895 1719 super
2918 1655 3052 1707 viam
3090 1656 3142 1706 in
3172 1654 3352 1708 mediis
3395 1663 3532 1707 stans
3570 1656 3743 1709 semitis
3816 1640 3821 1645 ⁷

3750 1436 3781 1464 ἢ

501 1743 692 1810 prvelim
720 1745 1013 1811 concussit,
1043 1753 1098 1800 et
1123 1746 1288 1800 Deum
1318 1762 1475 1813 quem
1521 1747 1684 1801 corde
1732 1749 1900 1802 tenu7t
1941 1762 2077 1804 voce
2104 1740 2150 1801 Β
2181 1744 2364 1812 (Prov.
2392 1747 2505 1813 vin,
2535 1747 2624 1816 i)?
2653 1747 2902 1839 Transire
2931 1747 3156 1801 fortasse
3182 1762 3280 1831 per
3309 1747 3446 1801 viam
3476 1746 3597 1801 vita!
3624 1756 3743 1802 tem.

497 1834 787 1901 denegavit
811 1834 964 1906 (Luc.
994 1850 1132 1900 uti,
1156 1836 1269 1906 57).
1292 1837 1397 1892 Sed
1419 1839 1540 1906 quia
1564 1839 1894 1893 inﬁrmitatis
1917 1839 2073 1909 culpa

495 1925 585 1978 vel
611 1925 927 1995 ignorantiae
957 1941 1024 1981 eo
1052 1924 1258 1982 facilius
1303 1930 1549 1997 tergitur,
1583 1945 1688 1995 quo
1736 1946 1843 1984 non
1890 1930 2071 1986 studio

495 2023 853 2084 perpetratur,
886 2016 1079 2073 Paulus
1105 2033 1225 2089 quas
1252 2018 1513 2088 ignoravit
1555 2020 1775 2075 sciendo
1817 2023 2073 2089 correxit,

495 2117 552 2162 et
579 2106 995 2165 Petrusmotam
1022 2117 1076 2162 et
1104 2110 1252 2178 quasi
1301 2119 1635 2165 arescentem
1682 2111 1790 2177 jam
1836 2111 2073 2168 radicem

500 2196 626 2253 ﬁdei
654 2192 909 2269 lacrymis
947 2200 1173 2270 rigando
1202 2201 1473 2256 solidat/it.
1508 2202 1583 2256 Ex
1633 2202 1893 2258 industria
1943 2219 2074 2259 vero

495 2300 853 2360 peccaverunt
878 2292 921 2346 ii
942 2293 1011 2347 de
1041 2293 1235 2363 quibus
1259 2295 1373 2363 ipse
1399 2295 1651 2364 magister
1678 2296 1889 2353 dicebat
1939 2314 1954 2351 :
2008 2297 2075 2354 Si

490 2397 593 2436 non
618 2382 863 2436 uenissem
885 2394 931 2437 et
953 2384 1149 2439 locutus
1178 2385 1386 2454 fuissem
1409 2388 1500 2447 eis,
1528 2398 1788 2455 peccatum
1834 2404 1934 2441 non
1978 2387 2077 2443 Ιιασ

489 2472 662 2541 gerent
683 2488 707 2539 ς
731 2490 871 2529 nunc
884 2485 1055 2531 autem
1074 2479 1447 2532 excusationem
1470 2495 1570 2532 non
1592 2479 1780 2534 habent
1803 2481 1866 2534 de
1892 2497 2075 2548 pecca-

491 2573 542 2616 to
582 2580 674 2616 sua
707 2562 884 2634 (Joan.
919 2581 1011 2630 xv,
1042 2566 1159 2636 εἳ).
1210 2567 1276 2622 Ει
1306 2568 1463 2636 paulo
1509 2578 1669 2637 post:
1705 2567 1772 2621 Et
1816 2570 2068 2638 viderunt,

490 2663 537 2706 et
560 2656 777 2709 oderunt
814 2672 896 2710 me
920 2669 968 2711 et
999 2655 1211 2711 Patrem
1248 2675 1417 2713 meum
1443 2658 1768 2731 (lbid.,24).
1801 2652 1959 2716 Aliud
1988 2668 2072 2718 est

489 2745 634 2802 enim
660 2736 802 2802 bona
828 2762 937 2802 non
978 2748 1175 2815 facere,
1208 2749 1351 2803 aliud
1377 2750 1639 2805 bonorum
1667 2751 1849 2807 odisse
1875 2751 2067 2809 docto-

490 2856 643 2907 rem;
672 2843 813 2901 sicut
838 2842 983 2897 aliud
1029 2854 1114 2899 est
1141 2844 1587 2914 praecipitatione,
1626 2846 1775 2901 aliud
1806 2818 2071 2905 delibera-

491 2934 637 2989 tione
664 2949 908 3004 peccare.
951 2935 1109 3005 Saepe
1138 2938 1279 2992 enim
1308 2946 1584 3007 peccatum
1620 2940 2065 3007 prmcipitatione,

488 3028 860 3093 committitur,
893 3028 1035 3096 quod
1073 3035 1249 3082 tamen
1300 3030 1527 3084 consilio
1576 3039 1629 3083 et
1678 3029 2070 3088 deliberatione

2177 1838 2377 1907 poralis
2396 1852 2514 1893 cum
2540 1837 2655 1905 ejus
2682 1837 2978 1907 ignorantia
3009 1848 3339 1907 poteramus,
3371 1838 3414 1890 si
3439 1839 3549 1893 bare
3574 1838 3742 1893 eadem

2178 1927 2435 1994 sapientia
2467 1927 2519 1980 in
2546 1929 2754 1983 semita:
2780 1926 2989 1994 angulis
3019 1928 3374 1981 constitisset.

2245 2016 2335 2072 30.
2384 2016 2496 2072 Via:
2518 2019 2704 2072 divina:
2737 2018 3000 2087 sapientia:
3040 2034 3129 2086 per
3158 2015 3575 2071 Incarnationem
3599 2019 3745 2072 omni-

2176 2110 2267 2163 bus
2290 2118 2485 2180 patent.
2526 2109 2643 2163 l'ias
2669 2109 2765 2163 Dei
2786 2108 3089 2179 intelligere,
3121 2110 3247 2180 quid
3272 2110 3359 2163 sit.
3390 2108 3581 2163 Lumen
3605 2111 3743 2163 intel-

2175 2202 2399 2275 ligentia:
2428 2201 2690 2277 humilitas
2720 2202 2906 2269 aperit,
2950 2201 3185 2273 superbia
3212 2202 3429 2257 claudit.
3456 2232 3523 2242 —-
3544 2199 3745 2257 Investi-

2175 2280 2345 2361 ganda
2390 2291 2580 2357 fuerat,
2632 2290 2680 2345 si
2717 2286 2973 2347 occultari
3013 2280 3291 2347 voluisset.
3336 2292 3443 2347 Sed
3477 2278 3747 2360 postquam

2178 2383 2563 2438 incarnationis
2579 2398 2688 2437 sua:
2710 2384 2961 2453 mysteria
2981 2383 3186 2451 publice
3202 2384 3458 2449 ostendit,
3486 2394 3746 2452 postquam

2175 2475 2488 2531 humilitatis
2532 2475 2777 2545 exempla
2817 2475 3250 2543 superbientibus
3294 2476 3540 2544 prabuit,
3566 2484 3746 2529 semet-

2174 2570 2346 2638 ipsam
2389 2568 2545 2624 nobis
2600 2571 2750 2638 quasi
2785 2568 3185 2624 transeuntibus
3231 2570 3284 2623 in
3326 2569 3516 2623 mediis
3563 2568 3749 2623 semitis

2175 2664 2312 2731 tixit,
2356 2669 2415 2716 ut
2458 2661 2705 2716 videlicet
2732 2658 2787 2715 ίιι
2819 2676 2959 2727 eam,
2999 2676 3157 2729 quam
3204 2675 3450 2730 qumrere
3495 2660 3748 2739 nolumus,

2172 2753 2531 2822 impingamus
2554 2768 2571 2819 ;
2596 2764 2650 2808 et
2670 2767 2827 2821 quam
2851 2753 3400 2808 transeuntesvidere
3427 2753 3746 2822 negligimus,

2174 2854 2453 2915 tangamus
2480 2845 2838 2901 attendentes.
2869 2845 3085 2899 Dicatur
3114 2844 3294 2915 itaque
3331 2862 3344 2898 :
3380 2844 3451 2897 Et
3474 2860 3642 2898 omnes
3657 2843 3752 2896 rios

2171 2940 2280 3007 ejus
2308 2936 2595 3007 intelligere
2623 2939 2915 2995 noluerunt.
2967 2936 3061 2992 Via
3106 2936 3301 3006 quippe
3345 2946 3429 2992 est
3476 2935 3752 2991 incuruata

2171 3012 2448 3099 sapientiae
2475 3033 2648 3086 omnis
2672 3032 2813 3086 actio
2838 3046 2996 3100 quam
3029 3030 3396 3099 temporaliter
3422 3030 3605 3100 gessit.
3649 3027 3751 3081 Viae

488 3118 791 3175 damnatur.
826 3117 905 3171 Ex
945 3117 1252 3171 inﬁrmitate
1292 3118 1434 3172 enim
1466 3119 1781 3187 plerumque
1815 3118 1951 3174 solet
1978 3108 2139 3174 ac-C
2171 3123 2287 3193 ejus
2330 3131 2456 3176 sunt
2484 3123 2697 3178 vivendi
2738 3124 2975 3188 ordines,
3026 3137 3159 3192 quos
3213 3122 3279 3175 ad
3327 3136 3389 3176 se
3420 3120 3747 3177 venientibus

488 3212 667 3266 cidere
721 3225 905 3266 amare
953 3213 1180 3271 bonum.
1215 3211 1317 3267 sed
1363 3210 1587 3278 implere
1618 3226 1721 3265 non
1775 3225 1953 3279 posse.
1988 3213 2067 3267 Ex

485 3302 667 3359 studio
693 3318 824 3357 vero
853 3316 1077 3371 peccare
1101 3288 1413 3357 ostbonum
1444 3318 1541 3356 nec
1568 3301 1749 3357 facere
1779 3316 1878 3357 nec
1921 3292 2069 3357 ama-

487 3413 565 3453 re.
595 3396 746 3453 Sicut
792 3411 923 3467 ergo
964 3410 1350 3466 nonnunquam
1400 3396 1613 3466 gravius
1660 3407 1743 3451 est
1789 3402 2065 3465 peccatum

486 3488 730 3556 diligere,
763 3501 920 3557 quam
942 3498 1273 3556 perpetrare,
1304 3484 1374 3539 ita
1409 3486 1633 3554 nequius
1659 3494 1745 3540 est
1772 3485 1954 3541 odisse
1981 3486 2069 3555 ju-

487 3580 685 3635 stitiam
716 3594 877 3648 quam
908 3592 1014 3633 non
1041 3578 1256 3635 iecisse.
1288 3578 1423 3633 Sunt
1451 3593 1582 3647 ergo
1609 3579 1848 3633 nonnulli
1875 3580 1928 3634 in
1961 3564 2063 3636 Ec;

487 3669 653 3726 cicsia
685 3668 774 3739 qui
809 3683 916 3723 non
948 3668 1120 3724 solum
1157 3668 1295 3724 bona
1341 3684 1447 3723 non
1498 3667 1731 3733 iaciunt,
1766 3670 1859 3723 sed
1906 3671 2069 3725 etiam

489 3770 918 3830 persequuntur;
951 3771 1005 3816 et
1033 3776 1153 3830 qua:
1185 3760 1287 3828 ipsi
1311 3761 1487 3816 facere
1514 3762 1811 3833 uegiigunt,
1830 3763 1989 3818 etiam
2013 3763 2075 3819 in‘

486 3854 610 3908 aliis
658 3852 1016 3907 detestantur.
1061 3854 1260 3907 Horum
1301 3862 1578 3921 peccatum
1612 3855 1816 3908 scilicet
1858 3870 1965 3909 non
2001 3870 2069 3909 ex

486 3946 799 4001 inﬁrmitate
828 3946 911 4001 vel
941 3948 1262 4016 ignorantia,
1298 3945 1397 4001 sed
1424 3963 1487 4001 ex
1520 3948 1637 4001 solo
1668 3949 1845 4002 studio
1879 3965 2070 4019 perpe-

488 4048 685 4105 tratur,
715 4039 841 4108 quia
899 4037 1145 4093 videlicet
1184 4040 1231 4094 si
1277 4040 1479 4094 vellent
1508 4040 1731 4108 implere
1773 4042 1939 4105 bona,
1969 4055 2071 4096 nec

490 4140 673 4186 tamen
698 4138 936 4200 possent,
964 4144 1024 4184 ea
1048 4144 1167 4199 quae
1197 4129 1250 4183 in
1274 4145 1333 4185 se
1354 4131 1628 4200 negligunt
1653 4133 1840 4186 saltem
1852 4133 1923 4185 uin
1947 4133 2069 4188 aliis

486 4230 750 4279 amarent.
794 4221 853 4278 Si
891 4221 1032 4276 enim
1073 4236 1136 4275 ea
1176 4220 1278 4290 ipsi
1315 4222 1396 4276 vel
1429 4223 1546 4276 solo
1573 4231 1697 4277 voto
1735 4230 2066 4291 appeterent,

487 4313 625 4371 facta
662 4312 731 4373 ab
776 4312 896 4368 aliis
935 4327 1041 4367 non
1081 4310 1351 4377 odissent;
1404 4312 1497 4367 sed
1528 4314 1649 4382 quia
1699 4313 1836 4366 bona
1876 4314 2069 4370 eadem

485 4402 753 4465 audiendo
776 4412 1123 4474 cognoscunt,
1152 4402 1180 4440 υ
1209 4403 1439 4458 vivendo
1482 4404 1804 4471 despiciunt,
1829 4407 2069 4460 animad-

2173 3216 2381 3271 stravit.
2429 3216 2533 3270 Tot
2572 3217 2749 3287 itaque
2799 3216 2865 3270 ad
2916 3231 2975 3271 se
3002 3214 3343 3272 venientibus
3373 3216 3487 3271 vias
3519 3214 3749 3285 prmbuit,

2171 3315 2304 3376 quot
2328 3310 2464 3362 bene
2501 3308 2716 3363 vivendi
2763 3308 3007 3376 exempla
3040 3309 3383 3362 monstravit.
3441 3304 3751 3362 Humilitatis

2171 3386 2412 3468 ejus’vias
2434 3399 2699 3468 PrOpbeta
2722 3409 3023 3469 aspexerat,
3047 3414 3166 3453 cum
3192 3399 3523 3468 suspirabat,
3551 3398 3750 3452 dicens:

2171 3489 2238 3545 In
2260 3492 2519 3544 mandatis
2546 3492 2648 3545 tuis
2674 3508 2753 3545 me
2780 3491 3041 3556 exercebo,
3072 3500 3120 3546 et
3144 3488 3482 3545 co'nsiderabo
3509 3491 3615 3544 vias
3651 3501 3752 3542 tuas

2170 3583 2348 3654 (Psal.
2376 3599 2559 3646 cxvm.
2595 3582 2705 3654 15).
2735 3584 2870 3640 iiinc
2898 3601 3108 3639 rursum
3137 3585 3206 3640 de
3250 3599 3581 3655 unoquoque
3621 3584 3754 3653 justo

2174 3676 2371 3732 dicitur
2391 3680 2479 3747 qui
2507 3688 2657 3733 curat
2683 3688 2739 3733 ut
2762 3693 2857 3747 per
2886 3679 3149 3732 dominica
3180 3680 3429 3749 exempla
3456 3678 3759 3749 gradiatur:

2176 3768 2219 3823 Α
2241 3768 2461 3823 Domino
2480 3785 2680 3841 gressus
2699 3769 2918 3823 hominis
2936 3770 3245 3839 diriguntur,
3270 3781 3320 3824 et
3341 3775 3477 3825 viam
3499 3774 3606 3840 ejus
3626 3768 3755 3837 cupit

2171 3861 2321 3914 nimis
2360 3859 2534 3929 (Psal.
2570 3876 2748 3929 xxxvi,
2780 3859 2873 3933 25)
2927 3860 3071 3934 [νει.
3097 3859 3319 3932 XVII].
3357 3864 3494 3930 Quia
3523 3877 3649 3935 ergo
3672 3876 3755 3917 su-

2172 3951 2325 4017 perbi
2356 3952 2554 4021 quique
2584 3950 2873 4006 hutniiiatis
2903 3952 3187 4007 dominica:
3214 3953 3354 4008 facta
3386 3961 3751 4021 contemnunt,

2170 4051 2317 4095 recte
2360 4040 2553 4095 dicitur
2599 4058 2613 4093 :
2654 4040 2776 4094 Vins
2822 4045 2934 4112 ejus
2977 4042 3260 4114 intelligere
3304 4046 3603 4099 noluerunt.
3652 4043 3758 4098 Via:

2172 4133 2312 4187 enim
2341 4133 2454 4187 ista:
2479 4132 2689 4187 visione
2717 4134 2984 4203 despecta:
3014 4144 3159 4203 sunt,
3186 4137 3279 4191 sed
3305 4137 3587 4193 intellectu
3612 4150 3758 4192 reve-

2170 4225 2373 4279 rendae.
2408 4224 2565 4278 Aliud
2615 4224 2813 4295 quippe
2859 4237 2941 4281 est
2971 4228 3025 4280 in
3049 4228 3127 4283 eis
3157 4229 3299 4297 quod
3329 4231 3593 4295 Cernitur,
3616 4225 3756 4283 aliud

2169 4318 2312 4386 quod
2343 4324 2711 4384 exspectatur.
2758 4317 2895 4383 Quid
2919 4321 3062 4374 enim
3093 4320 3146 4374 in
3174 4320 3272 4375 hac
3298 4324 3407 4376 vita
3432 4324 3577 4379 aliud
3604 4336 3755 4392 quam

2171 4408 2548 4477 dejectionem,
2580 4420 2757 4479 sputa,
2788 4410 3036 4476 ludibria,
3066 4421 3408 4484 mortemque
3444 4414 3755 4470 intuentium

486 4493 744 4553 vertendo
773 4504 1185 4564 persequuntur.
1214 4504 1363 4551 recte
1390 4494 1587 4557 dicitur
1618 4513 1632 4549 :
1669 4495 1771 4562 Qui
1816 4512 1881 4551 ex
1913 4498 2067 4551 indu-
2092 4481 2146 4559 D
2172 4503 2342 4556 oculis
2388 4502 2659 4558 ostendit?
2701 4501 2806 4557 Sed
2846 4517 2941 4571 per
2987 4502 3103 4557 inec
3152 4481 3335 4558 intima
3392 4508 3652 4561 transitur
3693 4501 3756 4556 ad

486 4588 614 4647 strict
642 4595 956 4675 recesserunt
977 4588 1041 4643 ab
1060 4604 1142 4643 eo.
1173 4586 1326 4643 Unde
1359 4597 1415 4643 et
1440 4595 1564 4657 apte
1584 4587 1954 4658 subiungitur:

1081 4697 1308 4754 CAPUT
1346 4697 1463 4753 XII.

555 4788 683 4844 luto.
709 4818 785 4833 —
806 4785 873 4842 Et
891 4803 1064 4842 omnes
1090 4790 1200 4843 vias
1226 4793 1335 4856 eius
1360 4789 1643 4858 intelligere
1664 4787 1952 4845 noluerunt.

554 4875 645 4933 99.
688 4877 853 4944 Quam
889 4878 1107 4948 graviter
1151 4880 1467 4948 delinquant,
1508 4880 1595 4948 qui
1638 4895 1732 4932 sua
1774 4879 2066 4951 ignorantia

484 4972 840 5043 impunitatem
890 4972 1136 5039 peccandi
1186 4978 1442 5041 quierunt.
1499 4969 1655 5023 Aliud
1704 4981 1777 5024 est
1826 4971 2060 5034 nescisse,

484 5062 635 5117 aliud
655 5062 787 5116 seire
806 5062 1047 5116 noluisse.
1070 5092 1144 5105 ——
1172 5061 1287 5114 Non
1316 5062 1457 5116 enim
1480 5060 1554 5114 ait
1578 5078 1591 5112 :
1621 5059 1930 5115 inlirmitate
1956 5076 2062 5117 non

484 5154 809 5226 intelligunt,
866 5153 998 5218 sed,
1039 5152 1334 5222 intelligere
1366 5152 1691 5217 noluerunt,
1750 5153 1873 5222 quia
1919 5168 2064 5224 same

556 5300 595 5363 αΔ
622 5288 759 5359 Uzic,
792 5299 855 5363 et
876 5276 960 5343 ai.
988 5287 1195 5363 Νοηῃ..
1230 5287 1406 5363 b_ic_ct
1439 5285 1707 5363 deinceps.
1728 5288 1877 5363 ‘quia
1913 5289 2065 5363 quasi

487 5362 549 5416 de
578 5355 867 5424 industria;
894 5362 1034 5428 quod
1064 5359 1223 5413 etiam
1256 5356 1421 5412 babes
1452 5355 1503 5410 in
1530 5366 1636 5411 vet.
1665 5356 1761 5412 Ed.

553 5430 582 5469 δ
627 5431 801 5485 Balnz.
835 5439 888 5483 et
910 5430 1084 5493 Coll»,
1109 5430 1344 5482 videndo.

557 5511 579 5538 ε
623 5500 760 5554 Utic.
792 5511 843 5555 et
868 5499 1084 5567 Pratel.,
1106 5508 1170 5570 et
1196 5516 1297 5551 non
1324 5500 1519 5570 faciens
1559 5498 1736 5567 digna,
1774 5498 1938 5570 plagis
1967 5516 2060 5552 ra.

486 5571 682 5639 putabit
717 5571 914 5647 paucis.
942 5573 1070 5647 ρψυ
1101 5569 1259 5647 lectio
1291 5585 1395 5629 non
1425 5569 1596 5631 solum
1628 5569 1831 5623 recedit
1866 5569 1903 5622 ’a
1934 5570 2057 5624 Vul-

485 5636 628 5715 gata,
658 5636 750 5697 sed
778 5640 939 5707 etiam
956 5636 1150 5699 'contra
1172 5636 1415 5701 (it-tecum
1446 5648 1646 5695 textum
1677 5648 1891 5709 pugnat.

556 5706 582 5748 δ
626 5708 781 5748 Hahn
834 5720 885 5748 nl
918 5709 1084 5748 Proh,
1120 5706 1489 5748 -ἆηινριιίηηηιίη
1535 5713 1697 5748 ἠως-1η
1779 5710 1822 5748 ιδ
1860 5726 1890 5748 n

623 5708 805 5765 Batus.
834 5720 891 5766 et
918 5709 1092 5776 Colb.,
1120 5706 1489 5779 investigando
1531 5713 1727 5780 fuerat,
1752 5706 1822 5767 'si
1860 5711 2062 5767 occulta

2172 4610 2402 4662 summa,
2449 4611 2545 4664 per
2594 4597 2707 4649 haec
2744 4595 3006 4651 dedecora
3048 4610 3165 4665 qua:
3203 4597 3520 4667 prteccdunt
3564 4608 3755 4651 eterna

2174 4689 2327 4746 nobis
2359 4698 2413 4744 et
2450 4690 2681 4760 gloriosa
2723 4690 3059 4758 pollicentur.
3091 4687 3351 4744 Viderunt
3372 4706 3506 4760 ergo
3546 4686 3755 4757 superbi

2170 4782 2283 4835 vias
2309 4781 2426 4846 Dei,
2449 4782 2541 4836 sed
2564 4766 2859 4850 intelligere
2881 4780 3182 4843 noluerunt,
3207 4783 3328 4850 quia
3351 4766 3484 4835 dum
3506 4781 3709 4851 abjccta
3729 4786 3753 4816 ⁸

2172 4892 2288 4945 quae
2318 4874 2370 4928 in
2399 4888 2457 4928 se
2484 4874 2588 4928 illae
2617 4873 2906 4929 ostendunt
2934 4873 3257 4943 despiciunt,
3290 4874 3645 4944 perdiderunt
3670 4870 3752 4927 isti

2171 4969 2418 5023 sublimia
2447 4976 2563 5036 qua:
2597 4967 2930 5035 promittunt.
2964 4964 3089 5019 Vias
3120 4966 3295 5037 itaque
3324 4965 3421 5020 Dei
3456 4965 3751 5033 intelligere

2166 5068 2250 5116 est
2276 5069 2330 5113 et
2360 5058 2634 5111 humiliter
2657 5056 2886 5110 tolerare
2910 5055 3236 5119 transitoria,
3261 5064 3315 5110 et
3342 5063 3755 5124 perseveranter

2166 5162 2476 5221 exspectare
2522 5140 2794 5216 mansura,
2844 5157 2901 5203 ut
2942 5148 3189 5234 exempl’o
3236 5148 3452 5203 Domini
3481 5148 3747 5204 coaeterni

2164 5306 2272 5347 esse
2294 5290 2549 5343 voluisset.

2240 5370 2263 5397 ε
2304 5360 2377 5413 tta
2410 5359 2621 5413 Ebt-oic.
2652 5367 2705 5410 et
2742 5357 2831 5411 alii
2871 5358 3079 5421 Norm.,
3104 5355 3349 5423 Vindoc.,
3381 5357 3594 5419 Batus”
3621 5354 3743 5410 Col-

2163 5432 2301 5486 bert.
2336 5435 2389 5485 In
2420 5440 2526 5484 vet.
2585 5428 2682 5482 Ed.
2716 5428 2909 5499 legitur
2951 5447 2962 5482 :
3002 5430 3121 5497 quia
3148 5429 3271 5480 dum
3315 5430 3520 5498 abiecta
3547 5442 3658 5496 qua:
3692 5428 3741 5499 in

2162 5518 2218 5556 se
2248 5502 2338 5556 ille
2383 5500 2621 5564 ostendit,
2671 5498 2974 5567 despiciunt,
3008 5499 3331 5567 perdiderunt
3374 5502 3464 5553 isti
3514 5498 3741 5550 sul-limis

2161 5588 2276 5639 qua:
2304 5574 2687 5639 promittuntur.
2727 5573 2795 5627 At
2821 5570 3043 5635 recent,
3074 5572 3405 5640 perdiderunt
3424 5571 3568 5639 juste
3590 5568 3743 5620 subli-

2162 5643 2266 5698 mia
2286 5657 2400 5710 quw
2425 5641 2695 5712 promittit.
