4024 6352
444 341 555 404 815

1646 331 1890 389 SANCTI
1930 332 2254 388 GREGORII
2292 332 2507 390 MAGNI

3506 292 3513 299 ’
3607 331 3712 397 ut

445 474 510 515 ac
538 458 582 513 si
611 464 765 512 vacet
788 469 815 509 a
840 454 1078 518 cunctis;
1110 461 1167 509 et
1206 452 1292 506 sic
1315 450 1476 507 simul
1501 449 1728 504 intendit
1758 448 2030 519 omnibus,
2066 448 2111 507 Δ
2140 446 2244 501 Sed
2276 448 2472 515 nullus,
2505 449 2598 519 qui
2649 448 2811 503 talem
2843 456 3104 503 rectorem
3132 445 3348 516 patitur,
3382 459 3504 499 eum
3557 461 3715 515 quem

446 565 513 607 ac
539 550 583 605 si
607 559 756 605 vacet
776 564 805 602 a
833 548 1076 617 singulis.
1104 545 1203 612 Qui
1225 544 1367 599 enim
1399 542 1574 599 omnia
1604 540 2027 597 administrando

450 643 667 711 implet,
699 641 834 711 regit
885 638 1185 710 implendo;
1247 652 1345 693 nec
1385 637 1646 691 universis
1700 639 1874 699 deest,
1904 651 2026 690 cum

447 736 681 805 disponit
730 750 891 789 unum
938 749 973 798 ς»
1024 746 1123 787 nec
1201 732 1289 785 nni
1342 731 1511 797 deest,
1545 739 1573 768 ι
1622 744 1742 785 cum
1792 729 2028 798 disponit

449 829 755 892 universos,
786 833 975 880 cuncta
1000 823 1203 878 scilicet
1233 831 1439 876 natura:
1480 836 1589 875 sua:
1619 820 1853 889 potentia
1878 820 2029 889 quie-

441 931 530 978 tus
557 931 827 991 operatur.
858 918 994 987 Quid
1023 933 1151 988 ergo
1176 920 1367 971 mirum
1397 916 1520 986 quia
1577 931 1680 970 non
1713 924 2030 985 angustatur

445 1014 703 1076 intentus,
728 1010 815 1080 qui
865 1018 1119 1077 operatur
1167 1007 1416 1077 quietus?
1464 1007 1681 1061 Dicatur
1709 1007 1884 1071 itaque
1905 1005 2028 1073 quia

444 1106 544 1159 hoc
563 1104 759 1159 subtile
784 1103 1045 1172 judicium
1069 1110 1286 1156 exercet
1318 1109 1370 1153 et
1404 1114 1567 1167 super
1592 1108 1827 1168 gentem,
1858 1109 1910 1152 et
1939 1113 2029 1151 su-

445 1212 542 1268 per
571 1210 759 1251 omnes
790 1195 1052 1250 homines.
1086 1192 1234 1266 [Rm
1266 1190 1451 1263 XIV.]
1479 1190 1611 1257 Quia
1636 1191 1795 1259 igitur
1814 1188 1881 1243 de
1910 1203 2031 1257 spe-

441 1289 570 1345 cie°ID
602 1289 851 1343 transivit
872 1288 937 1340 ad
969 1301 1156 1356 genus,
1189 1300 1331 1338 nunc
1360 1283 1425 1337 de
1445 1297 1644 1351 genere
1682 1295 1740 1334 se
1766 1279 2032 1335 convertit

440 1381 505 1433 ad
539 1380 868 1448 speciem,et
889 1379 1015 1447 quid
1046 1376 1230 1432 Judaea
1256 1375 1468 1446 proprie
1488 1382 1780 1437 mereatur,
1800 1371 2031 1426 ostendit

440 1471 626 1525 dicens
655 1487 671 1526 :

870 1563 1098 1621 CAPUT
1128 1563 1244 1618 xvu
1271 1561 1415 1635 [Vet.
1449 1560 1597 1633 XX].

515 1659 679 1714 Vens.
710 1658 875 1713 30.—
907 1657 1009 1723 Qui
1029 1674 1243 1727 regnare
1270 1658 1397 1725 facit
1432 1656 1688 1710 hominem
1713 1653 2031 1726 [typocritam

441 1760 652 1823 prapter
685 1760 889 1817 peccata
916 1749 1114 1819 populi.

2134 541 2331 611 patitur
2349 552 2583 609 accuset,
2613 545 2733 613 quia
2765 544 3013 597 nimirum
3046 540 3126 594 sui
3150 541 3246 594 fuit
3278 541 3450 595 meriti
3472 541 3712 607 perversi

2135 636 2360 689 rectoris
2381 635 2662 705 sulijacere
2684 634 2895 695 ditioni.
2927 634 3155 700 Culpam
3200 647 3330 701 ergo
3373 631 3573 702 pr0prii
3607 647 3721 686 ma-

2133 730 2237 798 gis.
2266 740 2484 783 accuset
2535 729 2714 796 operis
2771 743 2927 797 quam
2987 726 3297 795 injustitiatn
3346 718 3747 793 gubernantis;

2134 819 2406 888 Scriptum
2438 835 2667 889 namque
2696 829 2779 874 est
2813 837 2824 872 :
2860 819 3001 873 Dabo
3024 819 3112 871 ιιὺί
3141 834 3283 890 reges
3307 818 3358 871 et
3394 822 3566 887 furore
3609 835 3722 873 meo

2135 911 2289 983 (Osee
2314 928 2425 975 xm,
2459 911 2575 981 il).
2611 911 2746 980 Quid
2778 927 2905 981 ergo
2935 911 3054 965 illos
3084 909 3239 964 nobis
3286 924 3518 978 praeesse
3542 910 3721 978 de~pi-

2133 1004 2325 1068 cimus,
2356 1020 2584 1069 quorum
2614 1018 2777 1073 Super
2799 1019 2897 1058 nos
2925 1005 3185 1075 regimina
3216 1018 3281 1057 ex
3312 1004 3516 1058 Domini
3543 1003 3723 1059 furore

2136 1095 2575 1163 suscipitnus?,Si
2605 1097 2766 1165 igitur
2790 1096 3058 1150 irascente
3085 1098 3192 1150 Deo
3221 1095 3514 1150 secundum
3537 1105 3722 1151 nostra

2136 1187 2323 1241 merita
2357 1172 2595 1242 rectores
2620 1188 2935 1256 accipimus,
2966 1187 3021 1241 in
3067 1187 3280 1241 illorum
3311 1189 3521 1242 actione
3555 1197 3581 1235 II
3610 1189 3726 1243 col-

2136 1276 2372 1347 ligimus,
2387 1279 2517 1348 quid
2539 1295 2605 1333 ex
2632 1290 2809 1333 nostra
2830 1280 3191 1334 mstimalioue
3211 1294 3512 1348 pensemus.
3526 1282 3727 1344 Quant-

2096 1374 2213 1462 .vis
2246 1373 2559 1441 plerumque
2583 1382 2637 1427 et
2657 1374 2810 1427 electi
2836 1374 3152 1441 subjaeeant
3186 1372 3448 1440 reprobis.
3478 1371 3632 1427 Unde
3671 1381 3729 1429 et

2134 1465 2223 1521 diu
2265 1467 2426 1520 David
2474 1468 2689 1523 Saulem
2747 1468 2967 1535 pertulit
3016 1465 3064 1537 (1
3105 1467 3232 1538 Reg.
3264 1481 3412 1531 svnt,
3452 1465 3574 1531 il);
3630 1467 3728 1522 sed

2132 1557 2494 1625 subsequente
2543 1559 2699 1626 culpa
2748 1557 2995 1612 adulterii
3060 1558 3323 1624 proditur,
3359 1558 3482 1627 quia
3528 1557 3726 1628 dignus

2134 1657 2260 1703 tunc
2292 1650 2383 1703 fuit
2406 1650 2495 1720 qui
2522 1661 2663 1704 tanta
2692 1651 2963 1719 pratposlti
2984 1652 3272 1717 asperitate
3301 1662 3652 1718 premeretur.

2204 1739 2292 1795 55.
2322 1742 2396 1795 0b
2418 1742 2605 1796 delicta
2631 1745 2797 1813 gregis
2820 1734 3096 1808 aliquando
3135 1741 3297 1796 bonus
3326 1752 3497 1810 pastor
3519 1758 3724 1809 perver-

515 1842 604 1896 54.
641 1843 740 1913 Qui
763 1843 912 1895 malis
936 1840 1163 1911 prwlalis
1192 1839 1478 1912 subjacent,
1500 1838 1563 1897 ,id
1586 1853 1692 1891 sum
1743 1836 1907 1907 culpa:
1937 1836 2031 1889 tri-
2064 1846 2113 1906 Β
2139 1835 2285 1890 titur.
2310 1866 2379 1877 -—
2406 1832 2497 1890 Sic
2528 1852 2657 1904 ergo
2684 1836 2981 1890 secundum
3035 1838 3224 1891 merita
3264 1837 3599 1892 subditorum
3637 1837 3731 1890 tri-

444 1933 617 1987 buant.
649 1932 861 2003 PrOpter
886 1943 1088 2003 peccata
1117 1932 1423 2001 populorum
1450 1939 1752 2000 regnaturus
1782 1936 1854 1981 est
1879 1926 2031 1981 Anti-

445 2029 693 2081 cltristus.
721 2057 791 2067 —
820 2026 1013 2080 Verum
1046 2039 1273 2094 namque
1322 2039 1501 2092 regem
1544 2037 1705 2092 super
1735 2038 1795 2076 se
1849 2021 2033 2075 Judaza

442 2133 671 2189 regnare
694 2119 883 2183 noluit,
913 2128 968 2172 et
1012 2117 1211 2172 idcirco
1249 2118 1586 2186 exigentibus
1616 2116 1822 2170 meritis
1868 2115 2035 2185 hypo-

443 2211 632 2264 critam
663 2210 893 2277 accepit,
927 2209 1068 2264 sicut
1094 2209 1206 2277 ipsa
1229 2223 1440 2277 quoque
1474 2206 1678 2260 Veritas
1711 2205 1764 2259 in
1792 2206 2034 2272 Evange-

442 2300 515 2357 lio
539 2300 667 2355 dicit
696 2318 709 2353 :
744 2299 857 2371 Ego
885 2300 998 2353 veni
1028 2301 1082 2353 in
1106 2300 1309 2353 nomine
1336 2296 1510 2351 Patris
1539 2300 1657 2361 mei,
1683 2306 1728 2351 et
1756 2314 1855 2351 non
1887 2312 2033 2350 acce-

442 2395 589 2461 pistis
632 2411 742 2459 me;
790 2395 834 2448 si
880 2395 1013 2447 alius
1042 2393 1232 2447 venerit
1261 2393 1315 2445 in
1342 2393 1545 2445 nomine
1572 2407 1686 2454 suo,
1718 2392 1863 2444 illum
1893 2390 2032 2442 acci-

442 2488 593 2559 pietis
623 2484 802 2559 (Joan.
833 2501 885 2550 v,
909 2485 1023 2555 45).
1054 2484 1119 2539 Ει
1149 2485 1291 2539 sicut
1314 2483 1511 2538 Paulus
1540 2484 1616 2537 ait
1642 2500 1656 2536 ε
1689 2481 1795 2535 Pro
1816 2498 1872 2535 eo
1897 2483 2034 2554 quod
2062 2516 2081 2535 ε

441 2577 744 2632 charitatem
810 2576 1039 2629 veritatis
1088 2591 1188 2627 non
1236 2583 1559 2643 receperunt,
1587 2564 1798 2627 utsalri
1830 2573 2027 2640 fierent,

441 2669 558 2724 ideo
580 2672 738 2724 mittet
761 2670 869 2724 iilis
919 2669 1059 2725 Deus
1089 2672 1435 2741 operationem
1489 2671 1699 2735 erroris,
1724 2680 1779 2722 ut
1822 2669 2035 2722 credunt

442 2760 810 2833 mendacioUl
848 2761 1026 2817 Thess.
1054 2778 1113 2829 ll,
1144 2762 1253 2833 10).
1286 2763 1345 2817 In
1373 2778 1439 2818 eo
1465 2778 1594 2833 ergo
1624 2764 1765 2832 quod
1789 2761 1985 2816 dicitur
2015 2779 2027 2813 :

447 2854 550 2921 Qui
579 2870 794 2925 regnare
819 2855 944 2924 facit
974 2854 1228 2909 hominem
1247 2855 1564 2925 hypocritam
1595 2863 1800 2925 propter
1827 2863 2034 2925 peccata

443 2945 645 3015 populi,
680 2955 852 3012 potest
907 2946 1078 3015 ipsum
1128 2946 1367 3001 omnium
1433 2938 1833 3018 ltypocritarum
1876 2955 2037 3015 caput

442 3037 810 3092 Antichristus
867 3038 1157 3106 designari.
1191 3047 1213 3077 ο
1247 3037 1509 3093 Seductnr
1565 3039 1764 3108 quippe
1790 3038 1881 3093 ille
1911 3048 2035 3094 tunc

444 3130 788 3185 sanctitatem
847 3130 1081 3195 simulat,
1112 3140 1171 3185 ut
1199 3132 1265 3185 ad
1314 3132 1650 3201 iniquitatem
1694 3133 1887 3186 trahat.
1922 3132 2028 3187 Sed

2139 1928 2380 1983 buttntur
2410 1945 2657 1998 persona:
2688 1932 3019 1997 regentium,
3045 1940 3102 1982 ut
3150 1943 3294 2000 stupe
3339 1932 3429 1995 qui
3475 1929 3734 1986 videntur

2144 2020 2293 2086 boni,
2314 2031 2533 2089 accepto
2554 2037 2677 2076 mox
2703 2022 3554 2095 regiminepermutetttur;‘sicut
3582 2023 3732 2079 Seri—

2139 2126 2292 2182 ptura
2343 2129 2492 2169 sacra
2524 2114 2592 2168 de
2622 2116 2811 2169 eodem
2865 2114 3024 2169 Saule
3064 2114 3261 2179 intulit,
3290 2116 3410 2182 quia
3463 2130 3558 2170 cor
3604 2131 3729 2171 cum

2135 2207 2398 2272 dignitate
2455 2207 2704 2263 mutavit.
2754 2206 2905 2263 Unde
2947 2207 3205 2275 scriptum
3260 2216 3383 2260 est:
3417 2205 3548 2260 Cum
3594 2223 3732 2262 esses

2136 2299 2381 2369 parvulus
2421 2300 2476 2352 in
2528 2300 2693 2355 oculis
2746 2300 2867 2364 tuis,
2894 2308 3049 2366 caput
3080 2308 3127 2352 te
3155 2300 3401 2352 constitui
3422 2300 3474 2352 in
3497 2299 3731 2353 tribubus

2136 2387 2377 2459 lsrael(l
2409 2390 2533 2459 Reg.
2570 2407 2655 2458 xv,
2695 2390 2799 2459 l7).
2822 2390 2909 2444 Sic
2967 2404 3063 2458 pro
3110 2390 3457 2459 qualitatibus
3485 2390 3731 2445 subdito-

2136 2498 2254 2537 rum
2284 2483 2645 2551 disponuntur
2675 2495 2793 2539 acta
2822 2485 3138 2553 regentium,
3165 2494 3223 2537 ut
3250 2482 3436 2547 saepeh
3469 2499 3565 2551 pro
3591 2483 3731 2538 malo

2136 2577 2315 2646 gregis
2368 2578 2531 2631 etiam
2568 2591 2691 2631 vere
2723 2577 2846 2631 boni
2905 2577 3180 2646 delinquat
3227 2581 3330 2631 vita
3362 2574 3735 2645 pastoris.,ille

2143 2668 2311 2733 enim,
2346 2668 2455 2723 Deo
2483 2678 2791 2732 attestante,
2818 2669 3085 2733 laudatos,
3120 2671 3209 2724 ille
3239 2648 3736 2742 supernorum/my-

2135 2761 2424 2816 steriorum
2452 2764 2705 2817 conscius
2741 2764 2904 2818 David
2940 2765 3223 2833 propheta,
3250 2774 3462 2821 tumore
3493 2768 3732 2835 repenti-

2139 2867 2222 2906 na:
2250 2852 2497 2907 elationis
2524 2853 2764 2920 inﬂatus,
2796 2855 3048 2924 populum
3098 2857 3429 2911 numerando
3475 2860 3733 2924 peccavit,

2137 2954 2194 3001 et
2218 2954 2395 3002 tamen
2428 2948 2719 3002 vindictam
2751 2948 2999 3018 populus,
3032 2949 3195 3003 David
3233 2958 3517 3014 peccante,
3550 2964 3735 3005 susceo

2139 3039 2216 3107 pit
2245 3037 2335 3107 (II
2366 3038 2495 3109 Reg.
2529 3055 2673 3103 xxrv,
2705 3038 2784 3108 9).
2816 3039 2923 3105 Cur
2954 3040 3091 3092 hoc?
3118 3042 3240 3108 quia
3269 3039 3518 3094 videlicet
3541 3056 3734 3096 secun-

2146 3130 2271 3184 dum
2298 3131 2545 3186 meritum
2581 3131 2815 3199 plebium
2850 3132 3209 3201 dispomttttur
3240 3133 3398 3187 corda
3437 3140 3733 3189 recturum.

442 3228 665 3289 propter
696 3210 1127 3291 peccata‘populi
1160 3236 1387 3290 regnare
1417 3223 1767 3290 permittitur,
1801 3228 1922 3291 quia
1953 3226 2037 3285 ni-
2066 3226 2113 3290 c
2148 3219 2336 3276 Justus
2387 3236 2516 3276 vero
2568 3222 2729 3295 inde;
2797 3224 3067 3291 peccantis
3114 3222 3299 3277 vitium
3369 3239 3434 3278 ex
3489 3226 3730 3292 ipsorum

443 3314 641 3369 mirum
675 3324 799 3368 tunc
822 3314 921 3382 ipsi
951 3314 1050 3368 sub
1101 3314 1243 3368 illius
1273 3315 1532 3382 regimine
1581 3314 2031 3383 prmordinantur,

445 3406 537 3477 qui
559 3405 677 3476 ejus
707 3404 948 3461 dominio
970 3406 1111 3475 digni
1136 3412 1263 3461 ante
1301 3407 1493 3461 smcnla
1545 3408 1918 3476 prmsciuntur,
1943 3408 2032 3477 qui

444 3497 680 3566 peccatis
706 3495 1153 3564 subsequentibus
1184 3497 1422 3567 exigunt,
1456 3505 1514 3550 ut
1538 3497 1639 3552 sub
1662 3497 1749 3551 illo
1771 3495 1795 3534 ά
1818 3498 2036 3567 judiciis

445 3590 907 3661 praecurrentibus
946 3590 1321 3659 disponantur.
1348 3591 1501 3659 Quod
1555 3607 1684 3662 ergo
1729 3602 1854 3648 tunc
1883 3594 2038 3648 Auti-

446 3681 683 3738 christus
728 3698 891 3752 super
924 3684 1116 3753 impios
1169 3695 1374 3754 regnat,
1409 3701 1512 3739 nou
1546 3694 1631 3739 est
1684 3700 1749 3740 ex
1778 3685 2037 3755 injustitia

440 3774 755 3847 judicantis,
776 3776 871 3831 sed
929 3792 993 3831 ex
1022 3777 1175 3845 culpa
1216 3776 1499 3846 patientis;
1524 3779 1765 3846 quamvis
1797 3777 2038 3848 plerique

450 3880 508 3926 et
547 3870 903 3941 principatum
954 3869 1097 3924 illius
1140 3885 1245 3939 non
1295 3870 1565 3934 viderunt,
1596 3879 1650 3925 et
1697 3881 1874 3924 tamen
1923 3872 2038 3940 ejus

447 3963 769 4033 principatui
789 3971 1124 4030 peccatorum
1143 3975 1361 4015 suorum
1377 3962 1687 4016 conditione
1703 3961 2036 4029 deserviunt,

400 4042 405 4043 ί
450 4056 577 4125 quia
605 4063 661 4109 et
688 4070 847 4123 quem
882 4054 1250 4108 dominantem
1281 4055 1383 4109 sibi
1426 4056 1646 4111 minime
1676 4057 2035 4126 conspiciunt,

451 4160 577 4199 eum
629 4144 981 4213 proculdubio
1031 4160 1284 4214 perverse
1322 4146 1549 4202 vivendo
1587 4161 1928 4203 venerantur.
1955 4149 2039 4204 An

453 4253 563 4295 non
595 4239 756 4309 807
789 4236 905 4307 eius
936 4238 1173 4309 membra
1199 4247 1343 4304 sunt,
1377 4240 1467 4309 qui
1498 4255 1591 4307 per
1619 4242 1879 4295 allectat»:
1913 4258 2039 4297 san-

456 4331 658 4387 ctitatis
685 4331 918 4401 Speciem
942 4338 1198 4399 appetunt
1226 4332 1395 4385 videri
1436 4331 1577 4401 quod
1626 4348 1729 4387 n0n
1761 4334 1920 4387 sunt?
1951 4333 2042 4389 Ille

453 4436 688 4491 namque
717 4421 1084 4491 princip.tl.ter
1132 4421 1455 4492 hypocrisim
1480 4421 1662 4485 sumit,
1688 4425 1777 4492 qui
1809 4438 1929 4478 cum
1970 4426 2041 4479 sit

453 4514 738 4569 damnatus
773 4512 954 4579 homo,
982 4522 1006 4550 ο
1038 4522 1091 4567 et
1119 4528 1345 4581 nequam
1374 4513 1612 4583 spiritus,
1637 4513 1801 4567 Detnn
1830 4529 1889 4569 se
1921 4529 2039 4570 esse

2145 3314 2617 3368 animadversione
2636 3314 2914 3382 corripuit,
2932 3331 2996 3368 ex
3026 3330 3249 3384 quorum
3282 3331 3440 3370 causa
3469 3318 3735 3386 peccavit.

2140 3404 2249 3461 Sed
2300 3406 2424 3475 quia
2475 3405 2591 3477 ipse
2637 3407 2842 3461 scilicet
2896 3423 2991 3462 sua
3027 3409 3301 3463 voluntate
3342 3411 3679 3479 superbiens,
3706 3426 3737 3466 a

2140 3496 2295 3567 culpa
2329 3498 2535 3551 alienus
2579 3513 2684 3552 non
2717 3499 2835 3562 luit,
2863 3499 3160 3553 vindictam
3200 3502 3371 3568 culpa
3417 3500 3576 3555 etiam
3622 3501 3737 3570 ipse

2140 3592 2397 3657 suscepit.
2422 3592 2553 3647 Nam
2586 3594 2662 3647 ira
2692 3592 3077 3663 szeviens,qutc
3100 3593 3451 3663 corporaliter
3481 3594 3737 3663 populum

2142 3684 2394 3755 perculit,
2425 3695 2693 3739 rectorem
2727 3701 2941 3755 quoque
2993 3685 3176 3754 populi
3207 3686 3395 3739 intimo
3431 3686 3609 3740 cordis
3640 3687 3742 3741 dn-

2145 3775 2264 3830 lore
2283 3775 2591 3843 prostravit.
2621 3774 2838 3830 Certum
2870 3791 2996 3830 vero
3021 3778 3257 3845 estquod
3284 3777 3350 3829 ita
3381 3777 3483 3832 sibi
3508 3777 3740 3833 invicem

2144 3878 2199 3925 et
2230 3881 2496 3924 rectorum
2529 3870 2716 3924 merita
2745 3880 3136 3925 eonnectautur
3163 3880 3217 3924 et
3235 3871 3489 3938 plebium,
3514 3880 3572 3924 ut
3596 3886 3742 3940 saepe

2143 3974 2209 4016 ex
2241 3962 2394 4028 culpa
2428 3970 2700 4030 pastorum
2723 3960 2966 4016 deterior
2992 3962 3081 4015 tiat
3111 3962 3217 4015 vita
3242 3962 3567 4029 plebium,et
3594 3977 3743 4034 saepe

2147 4068 2213 4111 ex
2246 4056 2481 4123 plebium
2515 4055 2709 4109 merito
2741 4063 2979 4110 mutetur
3010 4056 3112 4109 vita
3136 4065 3431 4124 pastorum.

2214 4143 2358 4218 [Vet.
2392 4142 2580 4216 XXI}
2607 4144 2695 4197 36.
2721 4144 2928 4199 Subditi
2959 4144 3199 4212 prmiatos
3240 4146 3392 4199 etiam
3439 4145 3603 4200 malos
3646 4156 3729 4200 to-

2141 4236 2323 4297 lerent,
2354 4237 2397 4290 si
2418 4236 2560 4290 salua
2581 4237 2683 4303 ﬁde
2706 4218 2921 4304 possint.
2946 4235 3230 4290 llumilitas
3250 4236 3370 4289 recti
3390 4238 3737 4308 magistra..—

2146 4326 2253 4383 Sed
2284 4327 2403 4396 quia
2437 4339 2672 4381 rectores
2701 4326 2897 4380 habent
2917 4326 3150 4394 judicent
3185 4343 3362 4394 sutnn,
3385 4306 3573 4397 magni
3601 4344 3729 4384 cau-

2144 4420 2249 4472 tela
2301 4417 2641 4472 subditorum
2692 4428 2776 4472 est
2807 4434 2910 4473 non
2939 4427 3139 4473 temere
3178 4420 3342 4473 vitam
3374 4419 3613 4489 judicare
3656 4438 3739 4476 re.

2142 4507 2400 4578 gentium.
2432 4508 2631 4578 Neque,
2664 4510 2805 4562 enim
2864 4509 3060 4562 frustra
3117 4524 3210 4577 per
3255 4511 3604 4581 semetipsum
3636 4512 3745 4569 Do-

452 4605 734 4662 mentitur.
778 4603 882 4659 Sed
932 4604 1282 4673 proculdubio
1321 4619 1393 4659 ex
1450 4603 1567 4674 ejus
1625 4620 1767 4659 nunc
1815 4621 2039 4671 corpore
2071 4602 2323 4667 Dminus
2351 4615 2426 4655 res
2476 4602 2957 4656 nummulariorum
3010 4602 3163 4666 ludit,
3194 4612 3249 4657 et
3298 4604 3584 4659 cathedras
3612 4623 3745 4662 ven-

453 4695 745 4768 prttdeunt,
776 4697 864 4775 qui
888 4696 1193 4765 iniquitates
1223 4709 1347 4750 suas
1384 4697 1483 4749 sub
1525 4697 1756 4763 tegmine
1777 4698 1914 4751 sacri
1945 4698 2039 4752 ho-

456 4789 606 4847 noris
655 4788 1106 4853 abscondunt,ut
1157 4788 1491 4857 professione
1545 4787 1712 4843 videri
1762 4799 2036 4857 appetant,

457 4881 601 4954 quod
634 4894 755 4935 esse
808 4880 1060 4948 operibus
1109 4888 1379 4934 recusant.
1404 4879 1539 4946 Quia
1581 4879 1727 4934 enim
1779 4881 2038 4949 scriptum

456 4984 541 5031 est
573 4989 587 5027 :
624 4971 804 5025 Omnis
852 4972 939 5039 qui
992 4972 1112 5040 facit
1148 4981 1443 5041 peccatum,
1494 4986 1669 5024 servus
1717 4982 1787 5023 est
1827 4971 2039 5039 peccati,

463 5064 487 5106 ί
520 5074 718 5135 quanto
737 5077 879 5116 nunc
902 5061 1118 5116 liberius
1150 5072 1408 5129 peragunt
1428 5046 1676 5127 perversa
1695 5077 1813 5130 qua:
1835 5063 2038 5124 volunt.

458 5166 611 5213 tanto
630 5158 748 5225 ejus
771 5152 989 5210 servitio
1001 5152 1250 5209 obnixius
1270 5153 1570 5223 obligantur
1594 5150 1773 5225 (Joan.
1788 5168 1901 5218 vtu,
1925 5151 2040 5223 54).

532 5332 555 5360 ⁸
588 5321 813 5387 Pratel.,
858 5335 975 5374 cum
1020 5317 1245 5385 disponit
1299 5319 1614 5372 universum.
1664 5317 1718 5371 In
1768 5316 1949 5369 Baluz.
1992 5327 2048 5370 et

457 5390 611 5448 Culb.
647 5394 859 5463 legitur,
893 5407 983 5446 nec
1012 5391 1247 5445 universo
1277 5391 1487 5445 deest...
1518 5405 1634 5444 cum
1663 5388 1893 5457 disponit
1920 5388 2040 5442 uni-

459 5477 681 5518 versum.
846 5488 847 5491 ‘
1028 5500 1033 5505 -

531 5534 560 5603 λζ*
591 5533 645 5588 In
676 5534 902 5599 Tttron.,
932 5534 1181 5587 transitur
1208 5533 1277 5585 ad
1307 5546 1483 5601 genus.

542 5615 564 5643 ε
600 5605 655 5657 In
686 5605 888 5660 Turon.
921 5606 1074 5660 deest
1102 5604 1360 5658 seductor.
1496 5610 1499 5611 ⁷

530 5671 557 5711 ἀ
596 5674 799 5736 Belus"
826 5677 1052 5729 indiciis.

535 5754 561 5782 ο
600 5745 742 5815 Edit.
778 5747 928 5799 Rom.
960 5746 1095 5800 Sisti
1132 5744 1197 5809 V,
1238 5754 1285 5799 et
1323 5761 1641 5813 nequaquam
1688 5744 1918 5815 spiritus.
1964 5741 2040 5796 Ita

460 5829 678 5890 quoque
705 5814 896 5881 Gilot.,
924 5815 1017 5886 qui
1048 5824 1224 5871 tamen
1258 5818 1314 5871 in
1340 5820 1581 5897 margine
1613 5831 1709 5883 pro
1735 5816 1883 5877 varia
1912 5815 2038 5870 lect.

2146 4693 2383 4749 dentium
2414 4694 2688 4749 columbas
2713 4696 2904 4749 evertit
2935 4694 3146 4764 (Matth.
3176 4712 3288 4758 χιι.
3309 4696 3446 4767 21):;
3480 4698 3739 4756 nimirum

2147 4784 2462 4851 significans
2490 4784 2614 4853 quia
2645 4801 2739 4856 per
2775 4788 3055 4856 magistros
3080 4788 3295 4856 quidem
3326 4790 3488 4844 vitam
3530 4792 3737 4858 judicat

2149 4877 2412 4948 plebium,
2446 4878 2539 4932 sed
2571 4892 2664 4946 per
2688 4878 3036 4947 semetipsum
3089 4878 3226 4933 facta
3269 4879 3539 4935 examinat
3566 4884 3742 4954 magi-

2149 4979 2405 5023 strorum.
2424 4970 2677 5031 Quamvis
2707 4972 2869 5023 etiam
2898 4971 3233 5031 subditorum
3256 4972 3407 5038 vitia,
3438 4962 3742 5046 ﬂosqum

2152 5076 2182 5114 a
2214 5060 2483 5131 magistris
2515 5060 2673 5116 modo
2697 5062 2777 5115 vel
2800 5061 3205 5117 dissimulantur
3226 5064 3473 5133 judicari,
3506 5067 3592 5121 vel
3646 5083 3744 5124 ne-

2148 5162 2371 5224 queunt,
2407 5153 2525 5224 ejus
2558 5154 2743 5223 procul
2769 5153 2934 5209 dubio
2956 5155 3162 5225 judicio
3181 5169 3542 5214 reservantur.
3576 5159 3746 5230 Igitur

2152 5317 2462 5381 annotavit,
2494 5325 2540 5370 et
2568 5333 2783 5383 nequam
2825 5316 3077 5385 Spiritus.
3116 5317 3209 5372 Sic
3251 5318 3445 5382 legitur
3485 5319 3536 5373 in
3582 5324 3742 5388 quin-

2155 5389 2423 5511 ἱιὲδὸΜεε.
2458 5388 2670 5456 Anglic.
2695 5399 2750 5442 et
2771 5390 3005 5456 nostris,
3037 5403 3244 5443 necnon
3288 5389 3340 5442 in
3385 5389 3527 5444 Edit.
3573 5391 3737 5448 Basil.

2192 5458 2571 5595 5Pi’iiussanvq
2589 5538 2784 5596 minuto
2808 5547 2909 5585 non
2935 5530 3161 5595 liberius,
3194 5529 3582 5587 reluctantibus
3602 5530 3733 5590 Mss.

2159 5610 2215 5655 et
2237 5600 2309 5653 al.
2337 5600 2599 5669 Vulgatis.

2228 5679 2253 5745 tt
2284 5670 2509 5745 Ϊμτᾳηη
2547 5671 2793 5745 Vindoc.,
2827 5672 3036 5742 Norm.,
3062 5675 3293 5745 legimus.

2184 5740 2536 5884 rga/itidem,
2592 5744 2833 5814 Ebroic.,
2884 5740 3081 5819 aliique
3110 5740 3355 5813 'Norm.,
3402 5760 3500 5815 pro
3551 5745 3733 5802 merito

2148 5831 2180 5885 9
2322 5851 2337 5869 ·
3610 5874 3621 5881 .

3958 884 3961 989 Ι

3960 992 3963 1071 i

3958 1098 3965 1171 i

3966 1206 3967 1259 ι

3968 1314 3969 1361 ι
