4066 6348
84 5470 117 5495 ο

276 328 386 386 545

1006 322 1384 380 ΜΟΒΑΜΠΜ
1424 321 1557 377 LIB.
1600 322 1770 378 XXV.
1812 353 1883 364 ——
1921 320 1990 378 IN
2026 318 2257 375 CAPUT
2297 315 2514 373 XXXIV
2557 316 2622 371 Β.
2660 313 2801 371 JOB.

3457 305 3569 367 δια

278 441 404 496 dum
450 438 597 494 salva
629 436 736 492 lide
776 449 865 492 res
909 437 1104 507 agitur,
1139 435 1352 490 virtutis
1392 444 1477 490 est
1514 436 1787 497 meritum,
1820 433 1865 489 si
1892 435 1945 495 Α
1971 431 2096 503 quia
2125 428 2428 499 iudicantes
2456 426 2678 495 factum,
2709 434 2766 482 et
2795 432 3118 483 venerantes
3161 419 3566 491 magisterium,

277 532 534 605 quidquid
570 529 762 599 prioris
790 540 870 583 est
897 510 1363 583 toleratur.Debet
1390 537 1565 583 tamen
1591 527 1865 582 humiliter

280 624 516 695 suggeri,
550 623 596 675 si
630 621 856 676 fortasse
886 621 1057 675 valeat
1109 621 1248 689 quod
1278 620 1526 689 diSplicet
1565 610 1875 676 emendari.

280 713 386 768 Sed
418 715 710 781 curandum
742 725 1083 778 summopere
1110 720 1194 764 est
1225 726 1292 765 ne
1318 710 1369 765 in
1393 712 1695 779 superbiam
1718 721 1864 767 tran-

280 812 396 858 seat
418 803 641 871 justitiae
695 802 995 856 inordinata
1025 802 1287 868 defensio,
1318 818 1384 859 ne
1422 807 1549 858 dum
1596 805 1864 861 rectitudo

281 895 497 949 incaute
549 893 809 964 diligitur,
840 892 951 961 ipsa
1004 895 1254 961 magistra
1287 896 1618 950 rectitudinis
1651 896 1864 949 humili-

280 998 362 1041 tas
388 996 413 1024 ⁸
441 972 715 1041 amittatur
739 1004 754 1052 ;
790 1002 857 1041 ne
884 1002 1005 1041 eum
1038 987 1135 1041 sibi
1169 1003 1399 1055 praeesse
1428 989 1651 1057 quisiiue
1680 989 1862 1058 deSpi-

276 1081 403 1142 ciat,
436 1093 591 1147 quem
619 1080 845 1132 fortasse
868 1078 1127 1145 contingit
1158 1091 1212 1131 ut
1242 1080 1293 1132 in
1322 1080 1515 1148 aliqua'
1536 1080 1744 1134 actione
1770 1096 1861 1136 re-

282 1169 603 1239 prehendat.
628 1168 827 1223 Contra
878 1168 1020 1222 hunc
1048 1179 1310 1225 tumorem
1360 1171 1645 1238 superbiae,
1679 1172 1863 1226 subdi-

280 1270 458 1312 torum
490 1272 642 1312 mens
690 1258 756 1311 ad
798 1258 1091 1312 custodiam
1126 1259 1438 1314 humilitatis
1488 1262 1790 1330 adornatur,
1815 1263 1861 1317 si

273 1350 556 1404 inﬁrmitas
584 1351 798 1420 propria
854 1351 1186 1405 incessanter
1213 1351 1523 1405 attenditur.
1558 1351 1686 1406 Nam
1720 1355 1864 1410 vires

273 1454 487 1497 nosttas
537 1445 799 1498 veraciter
827 1444 1131 1499 examinare
1180 1444 1528 1514 negligimus;
1567 1454 1622 1501 et
1649 1446 1771 1514 quia
1795 1449 1863 1503 de

273 1536 431 1589 nobis
458 1534 676 1589 fortiora
707 1535 999 1598 credimus,
1020 1535 1217 1589 idcirco
1247 1550 1341 1590 eos
1367 1538 1453 1604 qui
1479 1537 1631 1591 nobis
1654 1539 1863 1606 prmlati

270 1636 398 1679 sunt
419 1625 658 1679 districte
693 1624 1019 1695 iudicamus.
1049 1626 1165 1691 Quo
1196 1628 1338 1679 enim
1372 1630 1727 1697 nosmetipsos
1758 1630 1861 1685 mi-

272 1732 373 1777 nus
394 1719 758 1786 agnoscimus,
784 1733 849 1772 eo
882 1717 1005 1771 illos
1026 1732 1160 1786 quos
1199 1720 1596 1784 reprehendere
1642 1720 1864 1775 nitimur

1969 522 2159 578 nolunt
2183 522 2369 575 videre
2389 520 2531 588 quod
2554 528 2756 591 tegunt.

2041 616 2187 689 [ileon
2208 614 2257 669 Χ
2270 612 2349 668 VI
2357 614 2395 685 .1
2428 615 2519 671 58.
2543 613 2787 669 Pastores
2808 612 3168 685 temporalibus
3188 618 3430 667 vacantes
3440 626 3565 665 catt-

1948 692 2214 769 temnere,
2248 716 2320 760 est
2347 704 2508 759 Deum
2544 721 2805 759 accusare.
2832 703 3067 760 Potestas
3095 704 3363 776 regimlnis
3384 702 3568 757 minis-

1969 799 2096 852 trari
2121 814 2223 851 non
2246 806 2409 865 potest
2440 797 2549 851 sine
2578 797 2749 851 studio
2798 812 2936 851 cura
2990 797 3306 865 temporalis.
3337 823 3405 834 —
3426 793 3568 851 Sunt

1976 904 2105 944 vero
2148 889 2391 944 nonnulli
2419 889 2506 959 qui
2538 890 2586 944 si
2612 903 2797 958 parum
2824 888 2952 958 quid
2978 890 3046 943 de
3071 889 3297 957 spiritali
3325 900 3563 941 conver-

1966 982 2179 1036 satione
2202 980 2476 1045 incboant,
2497 995 2619 1035 cum
2649 990 2885 1059 rectores
2905 994 3030 1036 suos
3061 980 3380 1050 temporalia
3399 974 3562 1050 agere

1967 1083 2022 1131 et
2050 1086 2262 1130 terrena
2286 1075 2648 1145 considerant,
2682 1089 2803 1129 mox
2832 1060 3073 1130 ordinem
3099 1091 3347 1145 supernae
3372 1074 3561 1143 dispo-

1964 1169 2176 1224 sitionis
2192 1179 2467 1234 accusant,
2485 1168 2624 1237 quod
2644 1184 2975 1238 nequaquam
3006 1169 3142 1225 bene
3167 1170 3232 1224 ad
3257 1168 3558 1241 regendum

1965 1263 2173 1333 przelati
2195 1263 2321 1325 sint,
2351 1277 2444 1331 per
2473 1276 2609 1331 quos
2641 1259 2661 1299 ί
2696 1262 3121 1347 conversationis
3143 1262 3340 1317 intima:
3368 1276 3557 1318 exem-

1968 1355 2051 1424 pla
2084 1366 2471 1409 monstrantur.
2504 1355 2609 1409 Sed
2638 1353 2690 1408 hi
2727 1354 2975 1409 nimirum
3000 1356 3127 1410 dum
3169 1364 3467 1426 temperare
3496 1366 3557 1409 se

1967 1462 1997 1500 a
2021 1459 2293 1509 rectorum
2345 1461 2564 1501 suorum
2597 1446 2763 1517 809
2791 1445 3211 1515 reprehensione
3257 1449 3553 1517 negligant,

1966 1538 2137 1606 culpae
2167 1552 2277 1591 suae
2312 1538 2647 1607 exigentibus
2675 1538 2909 1602 meritis,
2946 1534 3114 1608 usque
3146 1538 3215 1592 ad
3259 1540 3555 1607 reprelien-

1965 1633 2172 1687 sionem
2204 1632 2500 1688 conditoris
2521 1640 2545 1679 Β
2568 1631 2835 1688 excedunt
2856 1649 2872 1684 :
2895 1631 3052 1702 cujus
3079 1630 3319 1702 profecto
3340 1631 3555 1701 dispen-

1966 1724 2107 1779 satio
2140 1725 2264 1776 inde
2286 1723 2355 1777 ab
2387 1723 2677 1779 humilibus
2706 1724 2906 1780 rectior
2935 1723 3264 1795 agnoscitur,
3296 1725 3443 1778 unde
3485 1723 3556 1779 ab

272 1810 390 1879 plus
431 1809 696 1863 videmus.
730 1805 758 1844 δ
785 1807 1004 1876 Singula
1040 1806 1153 1861 haec
1186 1807 1323 1861 mala
1367 1820 1512 1873 sunt,
1546 1825 1664 1877 quae
1715 1825 1858 1880 saepe
1891 1819 1937 1879 Β
1962 1815 2119 1871 elatis
2148 1813 2174 1851 ιι
2203 1830 2312 1871 non
2340 1823 2483 1870 recta
2504 1815 2795 1885 judicatur.
2824 1815 2955 1882 Quia
2985 1816 3128 1871 enim
3153 1824 3387 1885 potestas
3415 1814 3556 1882 regi-

276 1917 309 1955 a
336 1902 559 1956 subditis
589 1903 643 1977 in
699 1900 966 1979 prtelatos,
996 1915 1141 1970 stepe
1164 1915 1194 1954 a
1233 1894 1479 1971 'praelatis
1532 1902 1585 1956 in
1614 1903 1856 1959 subditos

276 1994 701 2053 committuntur.
726 1994 848 2061 quia
879 2001 932 2046 et
953 2007 1140 2047 omnes
1162 1994 1404 2047 subditos
1429 1993 1481 2046 bi
1503 1996 1591 2062 qui
1618 1996 1857 2064 praesunt

275 2087 448 2140 minus
470 2099 631 2155 quam
680 2084 780 2151 ipsi
812 2097 935 2137 sunt
965 2085 1235 2152 sapientes
1262 2085 1617 2148 arbitrantur,
1646 2096 1701 2141 et
1730 2102 1850 2141 rur-

274 2180 506 2247 suntqui
540 2175 765 2245 subjecti
792 2184 917 2229 sunt
943 2185 1208 2229 rectorum
1239 2189 1456 2230 suorum
1484 2162 1721 2231 actiones
1762 2178 1855 2247 ju-

266 2269 469 2332 dicant,
501 2277 556 2323 et
580 2269 625 2320 si
667 2269 810 2336 ipsos
843 2277 865 2305 ο
905 2266 1140 2337 regimen
1182 2268 1379 2321 habere
1409 2270 1764 2337 contingeret,
1795 2285 1856 2325 se

266 2362 513 2429 potuisse
536 2374 696 2429 agere
738 2359 928 2412 melius
954 2368 1161 2429 putant.
1199 2355 1351 2412 Unde
1381 2358 1694 2428 plerumque
1723 2359 1857 2415 litut

267 2462 320 2506 et
371 2461 612 2506 rectores
639 2451 817 2504 minus
852 2451 1141 2519 prudenter
1165 2465 1225 2503 ea
1256 2465 1375 2519 quae
1397 2451 1600 2518 agenda
1627 2460 1754 2505 sunt
1780 2453 1857 2505 vi-

263 2543 590 2613 deant,quia
614 2558 799 2597 eorum
835 2544 1019 2596 oculos
1052 2542 1162 2611 ipsa
1179 2542 1367 2596 nebula
1398 2542 1648 2599 elationis
1664 2543 1856 2598 obscu-

262 2650 385 2705 rat;
409 2648 463 2693 et
482 2651 860 2705 nonnunquam
881 2636 925 2689 is
947 2637 1033 2706 qui
1055 2635 1329 2705 subjectus
1351 2647 1432 2688 est
1457 2636 1556 2689 hoc
1574 2650 1692 2689 cum
1718 2652 1855 2705 prae-

262 2730 406 2785 latus
443 2729 601 2783 luerit
628 2728 804 2792 faciat,
824 2726 979 2797 .quod
1003 2727 1201 2780 dudum
1236 2728 1346 2780 licri
1372 2727 1644 2795 subjectus
1664 2742 1856 2799 argue-

262 2823 388 2888 bat;
419 2830 471 2876 et
522 2835 617 2889 pro
646 2836 711 2875 eo
741 2820 882 2889 quod
914 2818 1003 2872 illa
1028 2834 1146 2889 qua)
1198 2819 1530 2887 iudicaverat
1561 2826 1852 2889 perpetrat,

260 2915 453 2969 Saltem
484 2914 601 2981 quia
622 2912 882 2980 judicavit
914 2911 1224 2966 erubescit.
1260 2909 1423 2978 Igitur
1451 2911 1592 2964 sicut
1616 2911 1854 2978 prirlatis

162 3000 165 3005 λ
261 3008 564 3061 curandum
595 3014 676 3059 est
700 3018 769 3058 ne
790 3018 975 3057 eorum
1007 3005 1165 3056 corda
1188 3002 1854 3071 a'stimatione‘singularis

262 3099 544 3167 sapientiae
570 3098 718 3152 locus
748 3098 993 3165 superior
1011 3095 1252 3162 extollat,
1286 3096 1355 3149 ita
1391 3093 1645 3164 subjectis
1674 3096 1853 3165 provi-

260 3192 499 3249 dendum
522 3202 602 3243 est
632 3205 698 3244 ne
726 3190 825 3243 sibi
851 3199 1116 3244 rectorum
1140 3189 1274 3242 facta
1297 3188 1634 3257 displiceant.

335 3282 462 3357 [γει
499 3279 718 3353 XXII
741 3281 829 3334 37.
864 3279 1103 3335 Pastores
1126 3281 1252 3333 mali
1278 3280 1587 3345 honorandi,
1607 3296 1709 3333 non
1738 3280 1856 3334 inti-

263 3376 509 3429 tandi.—o
530 3373 583 3429 Si
605 3386 778 3427 autem
804 3373 1182 3441 magistrorum
1219 3374 1324 3425 vita
1352 3371 1471 3441 jure
1498 3372 1845 3439 reprehendi-

264 3477 587 3537 tur,oportet
620 3477 677 3521 ut
696 3481 790 3521 eos
812 3466 1205 3531 subditi,ctiam
1234 3481 1358 3519 cum
1385 3463 1736 3533 displicent,d
1763 3481 1856 3519 ve-

261 3572 541 3616 nerentur.
570 3558 717 3634 [Rea
737 3557 786 3611 Χ
803 3556 888 3627 V.]
910 3557 1015 3613 Sed
1042 3558 1141 3612 hoc
1162 3567 1244 3612 est
1265 3558 1491 3612 solerter
1507 3557 1846 3625 intuendum,

263 3669 332 3710 ne
374 3665 467 3707 aut
497 3670 652 3723 quem
688 3654 929 3707 venerari
975 3668 1195 3707 necesse
1238 3663 1342 3717 est,
1378 3653 1575 3707 imitari
1606 3663 1852 3721 appetas,

260 3758 354 3802 aut
383 3762 541 3817 quem
572 3747 769 3801 imitari
792 3747 1044 3814 despicis,
1075 3747 1318 3799 venerari
1349 3756 1685 3800 contemnas.
1714 3748 1853 3801 Sub-

261 3841 373 3895 tilis
404 3843 599 3895 ctenim
633 3840 723 3894 via
747 3841 971 3895 tenenda
1004 3848 1097 3893 est
1127 3839 1466 3893 rectitudinis
1495 3849 1550 3893 et
1581 3839 1853 3892 humilita-

262 3933 354 3996 tis,
386 3941 444 3985 ut
473 3932 549 3986 sic
572 3933 1010 4000 rcprehensibilia
1046 3932 1422 4001 magistrorum
1479 3930 1615 3985 facta
1660 3930 1849 4001 displi-

259 4034 438 4083 ceant.
463 4031 725 4091 quatenus
756 4022 1086 4078 sub‘ditornm
1128 4038 1279 4078 mens
1305 4038 1334 4075 a
1366 4023 1626 4076 servanda
1659 4026 1854 4093 magis-

258 4116 384 4171 terii
411 4117 706 4170 reverentia
740 4132 845 4171 non
882 4117 1115 4171 recedat.
1150 4115 1301 4182 Quod
1344 4113 1477 4170 bene
1511 4116 1563 4168 in
1613 4114 1727 4170 Noe
1756 4115 1854 4169 de-

257 4209 436 4265 briatu
465 4209 802 4275 esprimitur,
836 4210 990 4278 cujus
1016 4209 1215 4262 nudata
1252 4218 1274 4245 ε
1308 4210 1691 4263 verecundiora
1726 4209 1851 4263 boui

255 4303 355 4357 lilii
379 4302 551 4355 aversi
583 4303 843 4355 veniendo
891 4310 1138 4354 texerunt
1186 4300 1635 4370 (Genes.tx,‘2l).
1684 4302 1851 4355 Aver-

257 4394 370 4449 sari
402 4396 598 4462 quippe
631 4394 861 4447 dicimur
888 4393 1030 4461 quod
1058 4393 1423 4459 reprobamus.
1449 4391 1587 4459 Quid
1617 4401 1698 4445 est
1721 4406 1851 4463 ergo

254 4489 404 4555 quod
439 4485 529 4539 lilii
575 4485 874 4539 verecunda
936 4484 1101 4552 patris
1154 4483 1462 4550 superiecto
1482 4482 1659 4535 dorsis
1686 4482 1849 4551 pallio

1962 1908 2124 1962 minis
2167 1908 2461 1962 ministrari
2489 1923 2595 1963 non
2621 1918 2797 1978 potest
2818 1912 2937 1964 sine
2957 1910 3133 1965 studio
3171 1924 3314 1964 curae
3340 1919 3553 1979 tempo-

1960 1998 2114 2063 ralis,
2138 1997 2426 2066 aliquando
2454 2000 2796 2068 omnipotens
2828 1999 2967 2054 Deus
2997 1999 3129 2053 mira
3152 1999 3553 2068 dispensatione

1960 2078 2198 2156 pietatis,
2225 2097 2280 2141 ut
2311 2099 2509 2144 tenerae
2535 2090 2855 2159 spiritalium
2884 2099 3095 2145 mentes
3122 2104 3151 2143 a
3180 2098 3390 2144 terrena
3422 2103 3552 2145 cura

1960 2179 2246 2248 disjunctae
2286 2182 2415 2245 sint,
2467 2196 2602 2235 onus
2644 2180 2921 2252 regiminis
2951 2182 3101 2237 duris
3155 2196 3217 2237 ac
3265 2181 3551 2237 laboriosis

1958 2273 2221 2328 cordibus
2253 2274 2591 2345 injungit,“ut'
2631 2285 2778 2329 tanto
2805 2276 2910 2331 illa:
2942 2277 3009 2329 ab
3039 2275 3142 2331 hoc
3172 2274 3372 2329 mundo
3392 2288 3550 2329 secu-

1958 2362 2068 2417 rius
2112 2364 2337 2431 lateant,
2362 2373 2562 2434 quanto
2593 2365 2706 2420 haec
2754 2366 2807 2420 in
2850 2365 3076 2421 terrenis
3105 2363 3552 2420 sollicitudinibus

1960 2457 2192 2513 libenter
2234 2458 2535 2514 elaborant.
2566 2460 2621 2513 ln
2671 2459 3000 2537 exhibitione
3056 2459 3251 2528 quippe
3313 2457 3548 2526 suscepti
3624 2526 3627 2529 _

1906 2616 1915 2625 .
1957 2551 2138 2604 oneris
2170 2564 2265 2618 pro
2292 2550 2422 2618 ipsis
2453 2565 2664 2620 quoque
2689 2551 3005 2605 utilitatibus
3031 2550 3365 2605 subditorum
3402 2545 3420 2587 ί
3448 2548 3547 2605 du-

1956 2656 2034 2697 τω
2061 2646 2162 2695 via:
2188 2652 2314 2695 sunt
2337 2642 2618 2697 mundana:
2648 2644 2937 2697 servitutis.

2029 2730 2120 2785 59.
2167 2731 2432 2798 Quantum
2453 2732 2725 2785 debeamus
2748 2733 2810 2785 iis
2828 2733 2916 2801 qui
2950 2749 2982 2786 a
3018 2732 3375 2799 temporalium
3399 2748 3545 2800 cura,

1956 2822 2087 2892 ipsis
2107 2824 2359 2886 vacando,
2386 2840 2479 2879 nos
2501 2823 2739 2877 liberant.
2757 2822 2908 2877 —Et
2932 2838 3097 2890 saepe,
3132 2833 3188 2878 ut
3217 2824 3415 2879 dictum
3441 2833 3547 2890 est,

1957 2914 2268 2968 misericors
2301 2914 2441 2969 Dens
2470 2929 2576 2984 quo
2600 2929 2726 2967 suos
2763 2922 2946 2969 tenere
2969 2914 3167 2981 diligit,
3199 2928 3264 2968 eo
3294 2914 3411 2967 illos
3443 2915 3551 2968 sol-

1957 3002 2103 3059 licite
2130 3004 2197 3059 ab
2232 3005 2473 3059 externis
2502 3004 2804 3059 actionibus
2849 3004 3153 3059 abscondit.
3188 3004 3317 3058 Nam
3354 3014 3407 3059 et
3441 3005 3553 3073 ple-

1961 3111 2189 3166 rumque
2222 3096 2604 3166 paterfamilias
2634 3096 2698 3149 ad
2731 3111 2849 3149 eum
2877 3096 3114 3151 laborem
3138 3110 3324 3151 servos
3346 3096 3547 3166 dirigit,

1879 3193 1926 3256 C
1957 3203 1990 3243 a
2030 3192 2043 3237 l
2077 3202 2182 3257 quo
2230 3188 2455 3241 subtiles
2503 3187 2640 3243 ﬁlios
2686 3187 2996 3255 suspendit;
3046 3196 3101 3242 et
3145 3187 3271 3242 inde
3301 3188 3396 3242 lilii
3436 3188 3551 3242 sine

1960 3280 2253 3336 vexatione
2281 3279 2466 3335 decori
2498 3287 2646 3342 sunt,
2679 3278 2820 3333 unde
2841 3280 2981 3333 servi
3013 3279 3064 3332 in
3097 3278 3315 3347 pulvere
3343 3278 3553 3335 ﬁndan-

1962 3383 2067 3427 tur.
2109 3372 2263 3440 Quod
2303 3387 2462 3441 quam
2514 3383 2657 3427 recte
2686 3372 2739 3425 in
2782 3371 3017 3429 Ecclesia
3051 3371 3310 3425 divinitus
3349 3374 3546 3441 agitur,

1960 3468 2074 3535 ipsa
2102 3464 2429 3519 tabernaculi
2457 3464 2860 3518 constructione
2902 3448 3162 3531 signatur.
3209 3461 3292 3517 Ad
3330 3463 3549 3534 Moysen

1958 3560 2162 3628 quippe
2202 3557 2381 3611 divina
2413 3571 2547 3610 voce
2593 3557 2902 3625 praecipitur
2932 3566 2987 3609 ut
3036 3558 3101 3610 ad
3149 3556 3373 3624 tegenda
3418 3556 3553 3610 inte-

1958 3651 2073 3705 rius
2101 3661 2284 3703 sancta
2326 3658 2632 3702 sanctorum
2666 3663 2730 3703 ex
2777 3648 2966 3718 bysso,
3013 3662 3178 3702 cocco
3226 3656 3385 3715 atque
3419 3649 3548 3719 hya-

1958 3744 2146 3798 cintho
2172 3744 2287 3797 vela
2321 3751 2590 3811 texantur,
2622 3744 2936 3811 iussumque
2964 3752 3049 3798 est
3080 3753 3139 3798 ut
3165 3743 3232 3797 ad
3261 3753 3546 3813 protegen-

1959 3843 2087 3898 dum
2125 3842 2553 3907 tabernaculum,
2587 3841 2701 3895 vela
2732 3841 2943 3895 cilicina
2992 3850 3046 3896 et
3074 3841 3247 3911 pelles
3291 3840 3550 3896 extende-

1959 3944 2064 4000 ret,
2095 3949 2215 4005 qute
2246 3934 2498 3988 nimirum
2531 3933 2613 3987 vel
2640 3933 2867 4003 pluvias,
2896 3934 2979 3988 vel
3012 3942 3221 3997 ventos,
3246 3932 3329 3986 vel
3360 3932 3542 4001 pulve-

1957 4043 2071 4082 rem
2097 4028 2393 4105 tolerarent
2422 4024 2618 4095 (Exod.
2646 4040 2796 4091 sxvr,
2826 4026 2903 4094 l).
2933 4026 3070 4092 Quid
3101 4039 3231 4105 ergo
3257 4039 3351 4093 per
3380 4026 3545 4093 pelles

1956 4131 2012 4177 et
2038 4120 2235 4183 cilicia,
2269 4102 2459 4189 quibus
2505 4118 2905 4172 tabernaculum
2937 4118 3150 4187 tegitur,
3182 4102 3285 4172 nisi
3327 4130 3543 4187 grossas

1956 4212 2235 4267 hominum
2266 4219 2473 4264 mentes
2518 4202 2832 4277 accipimus,
2876 4222 2993 4276 quze
3034 4207 3321 4278 aliquando
3352 4210 3402 4260 in
3437 4208 3540 4261 Ec-

1954 4302 2115 4355 clesia
2148 4300 2359 4355 occulto
2389 4299 2481 4353 Dei
2508 4298 2733 4367 judicio,
2765 4300 3008 4366 quamvis
3056 4299 3203 4353 dura:
3233 4297 3363 4361 sint,
3400 4311 3542 4365 prte-

1953 4394 2235 4448 l'eruntur?
2265 4392 2393 4458 Qua:
2423 4390 2548 4459 quia
2579 4392 2783 4447 servire
2829 4392 2971 4444 curis
3004 4389 3385 4457 temporalibus
3433 4402 3541 4442 non

1955 4485 2166 4550 timent,
2198 4492 2412 4551 oportet
2441 4491 2500 4536 ut
2541 4482 2891 4537 tentationum
2932 4488 3120 4535 ventos
3151 4489 3206 4534 et
3234 4480 3442 4548 pluvias
3473 4479 3540 4533 de

252 4577 435 4632 aversi
479 4576 752 4630 venientes
798 4576 1069 4644 operiunt,
1100 4572 1202 4627 nisi
1253 4573 1394 4642 quod
1440 4573 1595 4627 bonis
1620 4574 1850 4627 subditis
1881 4565 1933 4625 D
1957 4574 2116 4642 huius
2142 4573 2322 4626 mundi
2352 4571 2827 4627 contrarietatibus
2854 4580 3087 4640 portent.
3117 4570 3254 4636 Quid
3292 4584 3417 4624 vero
3446 4584 3543 4639 per

190 4650 193 4651 ν
251 4671 338 4725 sic
373 4669 783 4737 pra'positorum
815 4682 1037 4721 suorum
1066 4664 1205 4719 mala
1230 4664 1538 4732 displicent,
1572 4674 1630 4718 ut
1669 4674 1846 4720 tamen

251 4765 378 4819 haec
397 4764 465 4819 ab
480 4764 600 4818 aliis
626 4764 891 4817 occultent
906 4765 928 4817 ?
946 4762 1349 4831 Operimentum
1377 4761 1554 4815 aversi
1572 4760 1845 4826 deferunt,

329 4890 357 4917 ιι
393 4880 636 4949 Longip.,
666 4880 976 4932 immutctur.
1009 4877 1213 4942 Baluz.,
1246 4884 1523 4949 corrupte,
1554 4886 1773 4931 ametur.

328 4950 355 4989 δ
396 4953 596 5019 Vulgati
621 4992 636 5015 ,
663 4953 954 5004 communia
997 4950 1104 5019 hate
1144 4948 1279 5000 mala
1320 4958 1456 5019 sunt.
1487 4948 1730 5002 Nostram
1763 4949 1840 5001 le-

247 5017 511 5079 clinium
540 5024 815 5074 continent
862 5020 989 5073 Mss.
1041 5018 1284 5081 νᾶμα-η..
1336 5017 1560 5084 Tuion.,
1623 5019 1836 5072 libroic.

250 5096 457 5163 aliique
482 5093 661 5146 Nottn.
687 5094 750 5143 ad
781 5107 939 5161 quam
966 5091 1717 5163 praeter-endampotissimum
1742 5105 1839 5144 nos

252 5158 511 5227 impellit,
542 5164 681 5227 quod
718 5158 811 5214 \‘ix'
848 5162 1135 5213 communia
1160 5199 1176 5221 ,
1209 5160 1252 5212 si
1297 5160 1441 5219 prius
1482 5163 1616 5213 lecta
1648 5158 1839 5214 fuisset.

255 5245 371 5287 itast:
425 5249 565 5297 vox,
598 5234 793 5286 mutari
837 5232 1095 5295 potuisset
1148 5230 1201 5282 in
1250 5230 1487 5299 singula;
1523 5232 1665 5296 prior
1694 5231 1836 5285 enim

250 5310 432 5373 :ip.ior
457 5304 666 5357 videtur
690 5302 1004 5371 pesteriore.
1028 5302 1235 5354 Sciolus
1263 5300 1440 5366 itaque
1469 5316 1573 5373 non
1604 5302 1835 5373 probans

246 5371 463 5442 singula
494 5376 599 5427 ἠως
620 5376 751 5425 mata
775 5382 894 5427 sunt
922 5373 1171 5439 (ltirta~se
1193 5374 1332 5439 quod
1360 5389 1461 5422 non
1486 5371 1835 5440 intelligeret)

249 5448 600 5500 scribendum
632 5454 830 5510 putavit
852 5442 1140 5496 communia
1168 5442 1275 5493 lucc
1299 5442 1433 5493 muta
1462 5452 1599 5495 sunt.
1626 5444 1838 5509 Optima

252 5527 439 5570 tamen
474 5527 553 5568 est
585 5517 727 5581 prior
774 5515 969 5578 lectio,
1002 5527 1106 5578 qua
1134 5510 1465 5579 siguilica‘tur
1504 5513 1835 5582 singulorum

249 5601 379 5640 esse
404 5588 526 5639 vitia
549 5600 666 5655 quae
686 5585 973 5652 Gregorius
993 5584 1311 5655 insectatur._
1328 5582 1381 5655 In
1409 5582 1587 5637 llaluz.
1610 5591 1665 5637 et
1686 5581 1835 5637 Colb.

250 5652 607 5711 nihilominus
636 5664 807 5709 exstat
830 5655 1118 5708 communia
1140 5652 1248 5704 hinc
1275 5652 1411 5704 niata
1437 5662 1576 5706 sunt.

333 5739 354 5764 α
397 5727 641 5791 \‘indoc.,
673 5725 882 5779 Ebroic.
931 5733 987 5779 et
1031 5724 1121 5777 alii
1150 5723 1359 5788 Norm.,
1392 5725 1615 5794 regimen
1646 5733 1832 5781 tenere.

252 5797 444 5856 Baluz.
476 5805 534 5855 et
559 5797 737 5864 Colb.,
761 5797 1019 5868 regiminis
1046 5810 1225 5849 curam
1252 5808 1444 5864 gerere.

1959 4666 2334 4739 byacinthum,
2364 4679 2608 4729 coccum,
2641 4663 2967 4733 byssumque
2990 4661 3251 4730 signatur,
3283 4661 3383 4715 nisi
3412 4674 3551 4714 san-1

1957 4771 2167 4816 ctorum
2208 4759 2316 4811 vita
2348 4765 2556 4821 tenera,
2611 4754 2705 4809 sed
2741 4753 2923 4809 clara?
2949 4752 3078 4821 Quae
3124 4752 3251 4806 dum
3303 4761 3457 4806 caute
3486 4752 3539 4807 in

2017 4871 2044 4911 ιι
2077 4871 2206 4927 Post
2234 4868 2535 4935 haee-verba
2561 4868 2613 4921 in
2640 4868 2815 4921 Baluz.
2849 4868 3043 4935 legitur
3070 4868 3276 4937 explirit
3302 4865 3532 4921 tib.xxv.

1947 4944 2059 5000 Nec
2092 4943 2186 4997 lib.
2220 4957 2346 4996 xm
2378 4940 2564 5010 incipit
2591 4939 2695 4992 nisi
2725 4938 2793 4994 ab
2817 4939 2902 4992 his
2930 4940 3104 4994 verbis
3129 4957 3142 4991 :
3167 4939 3397 5005 nunquid
3428 4954 3459 4990 a
3487 4946 3531 4991 te

1947 5015 2087 5069 Deus
2118 5014 2328 5083 expetit,
2356 5021 2461 5067 etc.

2023 5096 2047 5122 ο
2080 5088 2155 5136 lta
2182 5078 2363 5147 Colb.,
2390 5084 2599 5151 'l‘ttron.‘
2633 5088 2687 5134 et
2730 5079 2915 5151 Eorm.
2950 5078 3091 5151 Editg.
3122 5089 3532 5151 vet.,_verecun-

1945 5157 2072 5218 dia;
2104 5146 2357 5216 Recent.,
2383 5146 2689 5206 verecunda.
2724 5150 2826 5204 Ed.
2858 5161 3034 5205 tamen
3061 5149 3233 5205 Puris.
3268 5146 3407 5202 “95
3439 5151 3535 5199 lia-

1946 5227 2039 5284 bet
2069 5227 2455 5279 verecundiam.

2020 5296 2040 5335 τ
2083 5297 2302 5350 Veteres
2334 5296 2504 5357 Edit.,
2531 5292 2932 5347 conversationis
2957 5292 3200 5361 inﬁrmat.

2013 5376 2040 5414 Β
2064 5367 2289 5433 ’l'uron.,
2321 5374 2525 5419 exeunt.
3076 5404 3081 5413 .

2010 5438 2039 5474 ιι
2070 5429 2366 5499 Gussativ.,
2398 5438 2595 5503 aliique
2626 5433 2748 5499 Ed.,
2772 5450 2876 5486 non
2898 5442 3029 5485 recte
3045 5429 3335 5503 judicattir2

2019 5506 2034 5546 ί
2069 5511 2206 5561 Editi
2240 5519 2465 5570 recent.,
2509 5498 2658 5556 durae
2700 5498 2815 5556 vita:
2842 5512 2979 5557 sunt.
3008 5498 3180 5556 Aliam
3214 5498 3520 5570 lectionem,

1938 5594 2097 5647 quam
2116 5569 2512 5645 anteponimus,
2534 5574 2893 5647 ψώθια-ωδε.
2909 5573 3064 5637 Tun,
3082 5570 3325 5633 Vindoc.,
3346 5569 3523 5647 Colb..

1939 5640 2190 5719 Longip.,
2238 5640 2496 5719 ἱεληηία.ζ
2497 5640 2689 5711 aliique
2712 5643 3008 5719 "Harman.
3043 5649 3383 5719 necnon__\_'e_l_.
3421 5640 3523 5693 Ed.

2022 5713 2150 5775 l'lta
2178 5713 2428 5782 Vindoc.,
2454 5714 2679 5776 Turon.,
2703 5713 2885 5779 Colb.,
2922 5714 3119 5769 Pratel.
3143 5721 3199 5769 et
3219 5713 3310 5769 alii
3334 5713 3536 5772 Noras,
3608 5746 3621 5757 ρ

1945 5792 2171 5850 necent.
2204 5790 2367 5854 Editi,
2399 5804 2433 5842 α
2457 5799 2559 5856 quo
2588 5785 2824 5839 subtilius
2848 5784 3003 5857 ﬁlios.
