4066 6348
248 287 344 367 se

980 280 1346 339 MORALIUM
1383 279 1517 349 uti,
1555 277 1747 349 XXVI.
1807 307 1859 319 —
1894 275 1961 331 IN
1998 275 2228 341 CAPUT
2268 277 2487 355 xxxw
2527 278 2587 333 Β.
2629 278 2767 332 JOB.

3411 276 3523 351 350.

249 364 400 461 modo
418 414 547 472 ergo
565 400 634 456 de
655 400 809 479 bonis
832 399 943 467 suis
965 398 1234 455 humiliter
1249 397 1548 467 ambigunt,
1568 396 1656 466 qui
1682 397 1821 459 mala
1849 400 1903 458 Α
2004 396 2057 449 5.
2102 394 2286 450 Sancti
2316 396 2595 450 humanum
2615 398 2879 469 judicium
2906 413 3009 455 non
3031 407 3284 464 metuunt,
3314 398 3404 450 sed
3437 352 3522 450 di-

249 511 337 552 sua
389 480 681 548 defendere
736 491 897 546 etiam
948 505 1198 560 perverse
1241 490 1572 543 moliuntur?
1608 489 1698 543 Ille
1744 496 1826 544 est

249 588 381 645 enim
406 600 532 641 vere
563 583 780 659 humilis
807 584 859 638 in
886 582 1063 648 bonis,
1096 581 1188 652 qui
1229 598 1334 635 non
1365 592 1447 637 est
1474 578 1729 636 defensor
1759 580 1816 636 in

250 678 418 736 malis.
468 675 599 731 Nam
634 676 722 745 qui
763 674 834 730 de
876 673 1031 728 malis
1074 674 1188 728 suis
1228 672 1490 742 arguitur,
1534 682 1597 727 et
1635 681 1823 729 contra

248 774 402 830 verba
446 772 720 839 arguentis
757 768 1091 832 accenditur,
1135 766 1349 834 quando
1395 766 1463 822 de
1510 766 1668 822 bonis
1712 766 1826 822 suis

249 865 395 937 quasi
419 863 695 919 humiliter
720 861 934 925 titubat,
964 876 1059 932 per
1081 859 1397 914 humilitatis
1424 874 1612 915 vocem
1642 860 1826 915 ornari

251 957 467 1026 appetit,
500 970 604 1009 non
651 953 856 1008 doceri.
887 952 1007 1007 Elin
1043 953 1224 1022 itaque
1251 951 1413 1005 vitam
1456 952 1824 1021 arrogantium

252 1050 484 1119 signans,
518 1056 797 1115 postquam
821 1044 986 1099 multa
1017 1044 1225 1098 interna
1256 1049 1312 1097 et
1348 1042 1596 1097 sublimia
1625 1041 1823 1108 intulit,

250 1156 370 1196 ecce
391 1140 448 1196 in
480 1140 659 1194 verbis
683 1137 912 1199 formam
941 1137 1257 1193 humilitatis
1286 1137 1533 1201 assumit,
1566 1145 1621 1192 et
1662 1138 1831 1205 aequi-

251 1242 355 1289 tate
406 1232 708 1302 proposita,
754 1232 855 1286 sub
900 1232 1131 1302 quadam
1172 1229 1534 1300 ‘discipulatus
1592 1228 1830 1299 imagine

249 1323 458 1415 beatum
487 1322 590 1379 Job
609 1322 901 1393 alloquitur
925 1322 1110 1377 dicens
1139 1339 1151 1374 :

879 1431 1104 1497 C‘APUT
1146 1435 1208 1490 11.

312 1534 440 1605 Cse.
497 1548 677 1601 xntv,
722 1547 880 1587 γεηε.
927 1529 1017 1593 ⁸51,
1047 1527 1228 1583 5‘3.—
1259 1536 1283 1564 α
1314 1527 1449 1599 Quia
1496 1541 1587 1595 ego
1633 1525 1832 1589 locutus

246 1646 352 1683 sum
378 1616 446 1681 ad
482 1624 663 1691 Deum,
708 1634 753 1677 te
779 1620 1026 1693 quoque”
1058 1637 1159 1674 non
1202 1618 1499 1691 prohibebo.
1550 1616 1611 1673 Si
1638 1615 1827 1679 erravi,

246 1732 297 1785 tu
337 1720 466 1774 doce
510 1733 617 1789 me;
667 1717 715 1779 si
762 1717 1081 1787 iniquitatem
1129 1715 1328 1768 locutus
1377 1728 1510 1777 sum,
1558 1696 1699 1763 ultra
1728 1726 1828 1763 non

246 1814 455 1868 addam.
693 1804 699 1823 ¹
1127 1868 1145 1889 .

317 1901 371 1955 3.
416 1900 738 1957 Humilitatis
779 1901 924 1954 larva
969 1898 1067 1951 cito
1115 1897 1377 1969 abjicitur.
1404 1894 1644 1952 —Sicut
1689 1909 1836 1964 saepe

251 1997 505 2066 contingit
536 2005 594 2049 ut
622 1995 757 2048 bona
792 1992 1080 2057 loquantur
1112 2003 1165 2045 et
1195 1989 1344 2053 mali,
1376 1990 1542 2043 multa
1578 1974 1694 2041 E‘liu
1725 1987 1836 2041 for-

250 2089 319 2159 tia
347 2086 501 2156 paulo
529 2086 777 2155 superius
803 2099 861 2139 se
891 2083 1098 2137 dixisse
1129 2080 1468 2146 meminerat,
1512 2090 1565 2131 et
1611 2090 1835 2145 securus

247 2156 448 2234 idcirco
480 2193 547 2232 ne
577 2160 802 2231 fortasse
831 2176 1091 2229 erraverit
1118 2172 1444 2247 requirebat.
1472 2156 1659 2241 Neque
1691 2170 1836 2225 enim

244 2270 567 2339 requireret,
594 2267 638 2321 si
671 2283 730 2321 se
756 2260 971 2320 errasse
1000 2265 1341 2319 credidisset.
1378 2264 1474 2319 Est
1500 2278 1751 2333 namque,
1784 2270 1841 2323 ut

244 2359 379 2437 dixi,
411 2360 623 2445 propria
675 2358 1043 2437 arrogantium
1097 2356 1242 2410 fraus
1294 2364 1351 2408 ut
1384 2362 1509 2409 tunc
1537 2354 1607 2409 de
1651 2368 1839 2409 errore

245 2451 525 2522 requirere
550 2450 822 2514 studeant,
856 2448 1074 2521 quando
1108 2461 1167 2525 se
1199 2448 1445 2502 noverint
1476 2462 1579 2500 non
1604 2461 1837 2500 errasse.

244 2543 345 2615 Qui
380 2559 591 2598 rursum
625 2546 899 2612 requirere
924 2540 1008 2615 vel
1040 2541 1191 2612 argui
1217 2539 1283 2594 de
1307 2553 1494 2594 errore
1514 2537 1838 2607 despiciunt,

246 2632 290 2693 si
324 2636 539 2719 quando
567 2651 627 2691 se
652 2651 865 2691 errasse
893 2635 1160 2689 veraciter
1204 2628 1675 2715 prmcngnoscnnt.
1723 2630 1841 2685 Non

247 2732 395 2797 enim
434 2745 575 2798 esse,
609 2731 701 2784 sed
731 2730 898 2783 videri
931 2726 1161 2782 humiles
1189 2734 1484 2803 appetunt;
1516 2733 1571 2779 et
1608 2734 1734 2778 tunc
1756 2738 1842 2777 re-

246 2802 513 2905 quirendo
545 2824 777 2893 Speciem
811 2818 1134 2899 humilitatis
1180 2802 1481 2882 assumunt,
1515 2816 1728 2885 quando
1773 2815 1842 2870 de

248 2910 366 2984 ipsa
393 2913 561 2983 magis
592 2912 941 2980 requisitione
975 2911 1282 2965 laudantur.
1325 2907 1433 2963 Sed
1465 2908 1589 2986 quia
1619 2906 1845 2963 omnino

247 3004 471 3060 difﬁcile
498 3014 579 3058 est
605 3014 661 3057 ut
683 3002 845 3057 elatio
874 3016 995 3073 qua:
1026 3010 1216 3070 regnat
1246 2988 1298 3053 in
1330 2998 1494 3053 corde
1522 3014 1625 3055 non
1654 3013 1841 3052 erum-

246 3096 417 3169 patin
452 3096 622 3159 voce;
655 3095 928 3169 auditores
970 3093 1335 3163 arrogantium
1385 3090 1430 3144 si
1476 3106 1667 3144 eorum
1701 3090 1847 3145 dicta

1930 490 2129 552 vinum,
2177 490 2246 543 ad
2289 491 2425 560 quod
2474 491 2626 547 etiam
2669 506 2947 562 provocare
2985 490 3229 546 simulant
3279 482 3521 563 ntali.—

1931 583 2010 638 Ae
2034 583 2079 636 si
2108 582 2309 638 diceret
2338 601 2352 637 :
2388 582 2498 657 Ego
2546 598 2725 638 coram
2770 583 2998 639 Domino
3036 585 3275 639 rationes
3306 583 3524 652 positu-

1929 690 2023 729 rus
2078 689 2196 729 sum
2233 689 2332 735 cur
2360 675 2521 729 modo
2557 675 2815 753 iniquitas
2862 690 2979 731 mea
3012 690 3043 733 a
3097 685 3147 730 te
3176 664 3526 742 reprehendi-

1935 778 2044 834 tur,
2076 784 2196 837 qute
2228 778 2437 839 constat
2467 768 2607 845 quod
2638 770 2689 821 in
2718 768 2920 839 judicio
2960 784 2988 824 a
3038 778 3089 837 ie
3138 785 3243 835 non
3285 766 3527 845 requirat

1940 869 2048 913 tur.
2098 858 2250 914 [lecti
2280 859 2379 913 viri
2403 844 2537 916 cum
2570 860 2766 933 injuste
2807 860 2874 914 ab
2917 862 3221 937 hominibus
3252 844 3545 929 impetun-V“

1932 960 2042 1018 tur,
2067 951 2133 1003 ad
2167 965 2457 1020 supernum
2493 938 2750 1025 judicium
2793 938 3094 1009 reettrrunt.
3129 950 3277 1027 [νει.
3308 961 3357 1009 et
3388 950 3547 1031 Rea."

1930 1038 2047 1114 11.]
2076 1039 2104 1078 ά
2142 1042 2296 1098 Unde
2322 1050 2376 1096 et
2403 1042 2471 1096 ab
2496 1041 2684 1121 eodem
2716 1041 2873 1098 beato
2901 1042 3001 1121 Job
3030 1043 3222 1098 dicitur
3248 1058 3263 1096 :
3292 1040 3427 1095 Ecce
3465 1040 3525 1103 in

1931 1134 2055 1188 caelo
2100 1136 2242 1190 testis
2288 1152 2450 1200 meus,
2480 1144 2529 1201 et
2576 1138 2811 1191 conscius
2857 1154 3000 1217 meus
3030 1138 3084 1190 in
3136 1135 3347 1213 excclsis
3376 1132 3525 1203 (Joo.

1937 1244 2048 1291 xvi,
2090 1228 2205 1298 19).
2246 1227 2315 1283 Et
2364 1227 2490 1298 quia
2533 1220 2593 1310 ei”
2632 1230 2846 1310 placere
2902 1244 3245 1300 summopere
3281 1224 3545 1310 cupiunt,

1932 1318 2049 1387 eius
2071 1319 2241 1373 solius
2275 1306 2638 1374 testimonium
2677 1300 2979 1391 requirunt.
3016 1321 3259 1379 Perversi
3287 1300 3526 1391 quoque:

1932 1411 2052 1479 quia
2070 1410 2339 1479 iustorum
2372 1412 2533 1467 vitam
2563 1413 2839 1478 deserunt,
2877 1416 2971 1471 sed
2997 1429 3379 1482 nonnunquam
3411 1414 3522 1468 elo-

1933 1506 2056 1573 quia
2082 1517 2400 1575 sequuntur,
2427 1523 2549 1561 cum
2578 1507 2645 1563 de
2668 1508 2780 1563 suis
2803 1507 2940 1562 male
2970 1509 3134 1579 getttis
3160 1509 3522 1579 increpantur,
3610 1548 3613 1549 ν

1934 1598 2035 1673 hoc
2061 1611 2344 1656 assumunt
2372 1586 2824 1675 in'argumentum
2852 1603 3200 1668 delensionis,
3229 1601 3371 1672 quod
3391 1601 3523 1670 justi
3550 1622 3551 1625 η

1934 1690 2214 1759 proferunt
2242 1702 2265 1730 ο
2315 1696 2368 1747 in
2419 1696 2788 1749 testimonium
2831 1696 3096 1767 puritatis.
3143 1694 3295 1750 Unde
3341 1694 3421 1748 eis
3469 1700 3525 1747 et

1862 1779 1912 1841 B
1937 1782 2268 1841 consuetudo
2296 1784 2404 1851 iam
2438 1783 2574 1839 facta
2615 1795 2717 1851 est,
2764 1795 2821 1839 ut
2869 1785 2916 1839 si
2955 1786 3076 1855 quis
3127 1800 3222 1840 eos
3267 1785 3334 1839 de
3376 1784 3529 1838 lactis

1937 1875 2049 1929 suis
2095 1886 2303 1946 arguat,
2350 1878 2449 1932 {)ei
2497 1880 2667 1949 magis
2707 1878 2971 1947 judicium
3029 1892 3190 1947 quam
3250 1877 3527 1932 hominum

1938 1979 2203 2036 qumrant.
2238 1974 2273 2021 Α
2307 1968 2421 2024 Deo
2446 1969 2591 2025 enim
2636 1980 2689 2025 et
2734 1986 2854 2026 cum
2900 1985 2959 2025 se
2986 1968 3318 2025 damnandos
3366 1982 3530 2021 nove-

1939 2060 2068 2127 rint,
2094 2060 2323 2130 judicari
2355 2077 2461 2116 non
2494 2070 2760 2128 metuunt,
2789 2048 2841 2117 et
2862 2061 3091 2133 judicarl
3120 2060 3188 2115 ab
3230 2059 3531 2115 hominibus

1938 2152 2284 2208 erubescunt.
2334 2153 2645 2222 Proponunt
2693 2168 2823 2224 ergo
2866 2152 3037 2224 majus
3076 2152 3221 2222 quod
3265 2167 3371 2205 non
3418 2166 3531 2204 me-

1946 2234 2119 2309 tuunt,
2152 2255 2208 2299 ut
2247 2246 2348 2299 hoc
2393 2246 2571 2300 minus
2599 2246 2873 2300 declinare
2914 2247 3127 2300 valeant
3153 2243 3297 2313 quod
3338 2243 3535 2298 erube-

1942 2348 2122 2393 scunt.
2178 2339 2451 2408 Scriptum
2506 2341 2704 2410 quippe
2732 2349 2875 2393 oest:
2904 2337 3266 2408 Unusquisque
3305 2342 3536 2390 nostrum

1941 2447 2035 2501 pro
2064 2447 2116 2484 se
2142 2432 2387 2485 rationem
2410 2432 2589 2486 reddet
2620 2431 2726 2486 Deo
2750 2430 2929 2501 (Rom.
2962 2446 3075 2494 XIV,
3112 2429 3220 2499 12).
3255 2429 3384 2495 Quia
3408 2440 3538 2496 ergo

1944 2533 2071 2579 tunc
2100 2524 2374 2579 damnatio
2404 2526 2824 2595 uniuscujusque
2872 2522 3161 2580 manifesta
3206 2532 3311 2587 est,
3342 2510 3543 2577 exinde

1945 2617 2108 2672 modo
2132 2616 2299 2686 iniqui
2326 2615 2605 2687 colligunt,
2640 2619 2880 2673 utetiam
2910 2628 3163 2687 perversa
3194 2614 3539 2681 uniuscujus-

1950 2721 2057 2777 que
2100 2708 2242 2760 actio
2286 2708 2357 2760 sit
2396 2722 2615 2773 secura;
2646 2706 2919 2762 nermodo
2952 2721 3070 2761 eam
3108 2704 3330 2773 quilibet
3362 2702 3541 2771 justus

1954 2796 2230 2865 arguendo
2282 2797 2557 2863 discutiat,
2602 2812 2633 2850 a
2680 2812 2783 2864 qua
2826 2804 3036 2869 constat
3066 2795 3207 2867 quod
3252 2794 3304 2849 in
3332 2794 3543 2862 judicio

1953 2889 2166 2944 alienus
2188 2890 2402 2944 existat.
2438 2894 2503 2946 At
2526 2899 2710 2945 contra
2734 2890 2943 2958 piorum
2968 2889 3313 2945 Conscientia:
3340 2880 3543 2958 grande

1950 2981 2055 3037 sibi
2082 2982 2316 3037 conferri
2344 2983 2623 3051 praemium
2670 2982 2914 3046 credunt,
2965 2996 3087 3036 cum
3119 2980 3187 3036 de
3222 2968 3544 3049 quibusdam

1952 3075 2114 3130 modo
2157 3075 2270 3131 suis
2298 3077 2597 3131 actionibus
2628 3075 2829 3131 illicitis
2880 3084 3199 3143 arguuntur.
3235 3056 3546 3142 Propouuni

248 3163 526 3259 pantisper
554 3186 696 3240 taciti
727 3166 1041 3254 exspectant
1081 3193 1244 3254 atque
1281 3182 1647 3246 considerant,
1678 3183 1841 3237 citius
1874 3168 1920 3232 C
1955 3169 2153 3223 ειθηίῐη
2183 3175 2307 3223 3M8
2345 3170 2529 3223 οευΙυε
2555 3168 2734 3223 cordis
2776 3169 2902 3238 (illia
2947 3167 3251 3222 ἀίδιτίυῑυίη
3284 3166 3378 3219 θεῖ
3402 3163 3548 3235 ludi‘

250 3279 416 3334 corda
457 3264 666 3331 illorum
712 3275 1092 3349 subsequentia
1143 3274 1305 3329 verba
1345 3273 1709 3328 manifestam.
1750 3274 1850 3333 Diu

253 3374 456 3442 quippe
479 3370 676 3424 morari
710 3385 814 3433 non
846 3379 1071 3440 possunt
1119 3372 1169 3422 in
1203 3369 1316 3438 ipsa
1364 3354 1682 3421 humilitatis
1721 3367 1852 3420 ima-

252 3466 401 3534 gine,
453 3476 612 3529 quam
666 3462 847 3529 specie
898 3462 1053 3513 tenus
1103 3468 1342 3513 sumunt.
1394 3450 1654 3525 superbis
1703 3458 1849 3512 enim

249 3550 526 3611 tuentibus
578 3552 853 3606 humilitas
905 3553 1009 3605 alta
1060 3562 1165 3616 est,
1212 3560 1269 3605 et
1312 3565 1433 3603 cum
1480 3551 1596 3618 ejus
1627 3551 1849 3605 fortnam

250 3642 623 3701 conscendere
651 3642 916 3709 ambiunt,
952 3642 1167 3696 lassatis
1195 3641 1358 3695 animi
1388 3640 1663 3709 gressibus
1698 3630 1853 3711 quasi

252 3752 286 3792 ο
330 3737 547 3791 clivosis
576 3745 737 3805 atque
784 3734 990 3796 asperis
1020 3732 1307 3787 itineribus
1334 3731 1661 3785 dilabuntur.
1708 3731 1854 3787 Alie-

252 3846 385 3889 num
426 3840 510 3885 est
553 3810 764 3885 scilicet
803 3828 944 3897 quod
991 3827 1159 3893 videri
1209 3834 1491 3896 appetunt,
1542 3834 1598 3880 et
1649 3826 1855 3880 idcirco

253 3924 373 3993 ejus
398 3919 618 3999 imagini
647 3921 737 3975 diu
757 3904 1025 3975 inhaerere
1049 3933 1386 3989 nequaquam
1412 3925 1653 3997 possunt.
1678 3917 1857 3974 Grave

255 4016 473 4085 pondus
506 4014 795 4079 :estimant,
824 4029 947 4068 cum
975 4028 1096 4067 eam
1126 4014 1313 4068 saltem
1338 4014 1518 4082 specie
1548 4024 1700 4069 tenus
1726 4030 1855 4083 por-

255 4116 398 4170 tant,
428 4113 483 4161 et
512 4120 790 4174 (lituusque
815 4107 978 4177 812
1013 4106 1149 4158 hanc
1190 4103 1466 4172 abjiciaut,
1517 4103 1626 4161 vim
1668 4119 1858 4176 quam-

255 4196 385 4251 dam
420 4196 472 4249 in
502 4196 665 4250 corde
690 4196 986 4265 patiuntur,
1017 4195 1142 4269 quia
1174 4193 1428 4250 videlicet
1456 4195 1709 4251 elationis
1737 4196 1858 4252 usui

254 4289 404 4343 male
447 4286 742 4341 dominanti
781 4282 1113 4351 deserviunt,
1147 4295 1308 4357 atque
1344 4288 1461 4356 ejus
1494 4288 1726 4358 imperio
1773 4303 1861 4344 se-

254 4378 524 4447 metipsos
553 4381 737 4448 quales
780 4378 888 4439 sint
931 4379 1159 4453 prodere
1184 4380 1604 4447 compelluntur,
1657 4396 1725 4435 ne
1753 4381 1846 4445 diu

252 4470 472 4542 pOSsint
498 4471 664 4526 videri
689 4471 828 4540 quod
862 4485 965 4525 non
988 4482 1132 4527 sunt.
1164 4468 1312 4526 Unde
1336 4471 1455 4526 Eliu
1479 4487 1691 4543 quoque
1710 4480 1863 4540 post-

254 4581 428 4634 quam
458 4565 525 4619 de
551 4581 733 4620 errore
764 4564 949 4623 doceri
972 4580 1031 4620 se
1067 4564 1239 4633 petiit,
1274 4576 1556 4641 postquam
1597 4565 1854 4635 iniquita-
1882 4557 1940 4620 D

256 4668 375 4713 tein
406 4672 510 4712 non
532 4674 589 4714 se
613 4658 747 4713 ultra
776 4658 1078 4713 locuturum
1105 4658 1366 4728 promisit,
1390 4658 1566 4712 subito
1590 4662 1659 4712 ab
1684 4658 1861 4713 humi-

252 4751 431 4808 litatis
457 4752 635 4821 specie
658 4750 724 4805 ad
751 4752 911 4807 verba
942 4762 966 4791 ο
999 4750 1218 4807 tumidae
1244 4751 1568 4806 causationis
1594 4750 1856 4807 essitivit.

253 4844 403 4902 Nam
432 4842 692 4913 subdidit,
720 4842 942 4898 dicens:

442 4986 469 5006 ρ
881 4954 1107 5012 CAPUT
1150 4954 1238 5013 111.

340 5048 515 5105 Vens.
550 5046 638 5103 55.
662 5078 732 5092 -
757 5047 1007 5118 Nunquid
1037 5064 1069 5109 α
1111 5057 1157 5105 te
1196 5045 1339 5105 Deus
1365 5040 1553 5118 adpetit
1579 5020 1712 5113 eam,
1740 5045 1863 5117 quia

255 5142 535 5210 displicuit
565 5142 688 5195 tibi?

340 5294 371 5354 ξι
391 5285 644 5351 \’imioc.,
668 5286 788 5353 quia
812 5300 931 5353 ergo
969 5300 1081 5354 ego.
1109 5280 1287 5348 Colh.,
1327 5284 1446 5354 quia
1478 5297 1598 5353 ergo
1628 5281 1855 5339 locutus.

336 5353 627 5423 b-Pratel.,
652 5351 755 5411 non
787 5351 1049 5425 prohibeo.
1077 5354 1147 5407 Ita
1180 5351 1347 5425 etiam
1372 5351 1526 5408 Colb.

344 5436 371 5465 ε
400 5428 525 5493 1ιῖ‹1.,
549 5429 758 5495 tumidw
786 5423 1145 5482 excusationis.
1179 5423 1360 5495 Lectio
1393 5439 1551 5495 quam
1586 5424 1862 5491 sequimur

258 5507 360 5554 est
396 5497 529 5552 Mss.
556 5494 1037 5580 Altgiitzqhugl‘tll.’
1075 5494 1325 5562 Vindoc.,
1377 5494 1558 5562 συιδ..
1602 5497 1861 5580 αι1οωιητ

257 5585 381 5642 que
414 5583 548 5636 quos
570 5570 835 5625 censuluit
863 5568 1128 5624 Gussauv.
1266 5600 1271 5601 κ
1656 5574 1672 5585 ‘

346 5634 376 5679 ⁸
398 5640 485 5694 Sic
515 5640 713 5709 optime
745 5641 868 5693 Mss.
910 5648 1228 5706 veteresque
1265 5635 1409 5703 Edit.
1435 5637 1492 5691 ln
1524 5636 1685 5689 (iilot.
1722 5639 1878 5704 1571.

256 5712 501 5781 aliisque
528 5726 669 5778 seq.,
699 5711 867 5781 etiam,
902 5711 957 5763 in
989 5709 1278 5781 Gussanv.,
1310 5708 1885 5781 crassissimogcrrore“

258 5778 512 5856 legitur:
542 5781 691 5838 Unde
731 5789 780 5836 et
819 5780 882 5833 ab
904 5826 907 5831 .
927 5781 1215 5835 eodem'ad
1257 5780 1464 5835 beatum
1497 5778 1598 5835 Job
1628 5779 1815 5835 dicitur
1838 5796 1858 5835 :

1956 3262 2096 3315 cium
2130 3269 2277 3315 tanto
2308 3260 2490 3315 verius
2516 3268 2643 3315 tunc
2668 3273 2830 3329 super
2850 3274 2945 3314 eos
2974 3258 3323 3327 mitigabitur,
3349 3263 3549 3325 quanto
3608 3310 3613 3315 ,

1958 3368 2103 3407 nunc
2130 3353 2311 3407 aerius
2332 3364 2590 3423 arguente
2621 3351 2839 3407 homine
2870 3353 3229 3422 praevenitur;
3256 3359 3311 3405 et
3340 3358 3549 3425 tempo-

1961 3445 2134 3500 ralem
2168 3447 2300 3498 iram
2326 3460 2489 3513 super
2518 3461 2578 3499 se
2604 3443 2622 3481 τ
2651 3445 2858 3499 lucrum
2906 3452 3240 3513 computant,
3274 3456 3367 3510 per
3390 3455 3548 3512 quam

1956 3553 2016 3592 se
2046 3548 2302 3592 aeternam
2337 3552 2496 3605 posse
2542 3520 2781 3592 evadere
2823 3552 2930 3591 non
2976 3538 3239 3607 ignorant.
3275 3534 3391 3588 Eliu
3418 3548 3549 3602 ergo

1956 3635 2141 3696 typum
2175 3636 2488 3681 cunctorum
2518 3629 2883 3698 arrogantium
2914 3637 3122 3691 tenens,
3148 3637 3202 3681 et
3251 3627 3418 3694 magis
3444 3624 3547 3678 eli-

1958 3733 2092 3788 gens
2136 3728 2338 3773 mterna
2370 3704 2670 3773 invectione
2719 3708 3136 3787 percult-quam
3182 3715 3549 3785 temporaliter

1959 3809 2251 3879 increpari,
2306 3808 2496 3864 dicat:
2540 3807 2798 3879 Nunquid
2843 3826 2874 3862 a
2919 3818 2965 3863 te
3011 3808 3147 3863 Deus
3184 3808 3377 3875 expetit
3412 3821 3548 3872 eam,

1963 3902 2088 3972 quia
2117 3902 2381 3969 displicuit
2410 3901 2541 3956 tibi?
2569 3902 2704 3967 Quia
2752 3916 2880 3955 vero
2908 3914 3028 3955 esse
3057 3897 3435 3975 culpabiliores
3463 3913 3551 3953 so-

1960 3993 2076 4050 lent
2107 3993 2158 4047 hi
2183 3993 2272 4067 qui
2302 3993 2447 4065 loqui
2493 3995 2544 4048 in
2591 3994 2937 4049 contentione
2966 3982 3240 4059 inchoant,
3269 4005 3429 4062 quam
3458 3989 3550 4061 qui

1964 4086 2316 4156 respondent,
2349 4083 2609 4153 subdidit,
2642 4085 2866 4141 dicens:

2574 4170 2804 4265 caput
2844 4198 2930 4254 tv.

2034 4310 2163 4375 lein.
2188 4341 2258 4351 —
2282 4310 2362 4375 Tu
2385 4312 2519 4373 enim
2542 4314 2738 4383 cupisti
2762 4313 2923 4385 loqui,
2947 4323 2996 4368 et
3022 4329 3127 4379 non
3162 4330 3274 4385 ego.

2035 4405 2090 4459 4.
2133 4402 2358 4467 Frustra
2396 4424 2449 4469 se
2489 4408 2785 4471 innocentes
2825 4418 3027 4479 putant,
3067 4408 3157 4478 qui
3195 4409 3387 4480 pulsati
3422 4409 3555 4471 durs

1964 4498 2385 4566 respondent.—
2414 4498 2492 4569 Eo
2535 4514 2596 4567 se
2627 4500 2969 4563 innocentem
3017 4499 3270 4568 credidit,
3301 4515 3409 4570 quo
3438 4500 3557 4570 pulv

1942 4602 2116 4647 ‘satus
2143 4593 2353 4660 erupit;
2384 4592 2550 4664 813
2579 4592 2831 4659 nimirum
2858 4595 3107 4653 nesciens
3134 4593 3261 4663 quia
3298 4592 3557 4661 innoceo?

1971 4682 2043 4737 tia
2069 4697 2179 4737 non
2220 4690 2459 4753 tempore
2487 4682 2815 4749 defenditur,
2844 4684 2941 4751 sed
2972 4684 3202 4749 ratione.
3245 4683 3385 4753 Quid
3410 4686 3555 4743 enim

1970 4773 2087 4843 ejus
2116 4772 2523 4837 defensionibus
2552 4776 2990 4851 adminiculatur,
3037 4775 3180 4846 quod
3220 4777 3325 4832 etsi
3357 4777 3557 4843 taeenti

1973 4865 2121 4921 nulla
2154 4865 2352 4929 intulit,
2404 4876 2553 4923 recte
2601 4877 2777 4939 tamen
2834 4870 3106 4937 iiiehaanti
3151 4885 3310 4939 prava
3342 4885 3559 4940 τωροψ

1973 4958 2092 5012 dit?
2122 4957 2410 5033 Postquam
2439 4972 2565 5017 vero
2589 4961 2645 5021 in
2681 4961 2860 5027 verbis
2897 4962 3149 5027 elationis
3172 4971 3199 5017 ς
3229 4963 3554 5030 ostenditur,

1976 5066 2108 5115 ecce
2136 5053 2464 5115 iterumisub
2493 5054 2856 5123 requisitionis
2885 5056 3153 5119 velamine
3180 5054 3446 5124 palliatur,
3476 5061 3559 5108 at-
3604 5087 3614 5101 .

1973 5158 2078 5212 que
2106 5143 2283 5207 infert,
2313 5143 2535 5200 dicens:

1967 5284 2107 5341 Ecce
2133 5285 2185 5341 in
2216 5285 2377 5343 ccclo.
2410 5289 2540 5354 Qua:
2570 5288 2731 5357 verba
2763 5301 2889 5351 sunt
2918 5291 3083 5357 ipsius
3112 5288 3232 5344 Joh.

2043 5364 2067 5394 ο
2098 5360 2170 5411 Ita
2200 5367 2320 5425 post
2360 5359 2486 5419 Mss.
2516 5361 2718 5429 antiqui
2764 5359 2926 5415 Editi.
2960 5362 3004 5427 Α
3051 5358 3440 5421 recentioribus
3470 5359 3554 5417 sic

1965 5437 2252 5499 mutatum,
2286 5446 2400 5483 cum
2424 5430 2709 5493 testimonio
2737 5433 2997 5499 puritatis,
3027 5430 3168 5498 quod
3192 5430 3345 5484 alteri
3378 5444 3553 5484 inem-

1966 5494 2066 5571 ltro
2095 5501 2313 5571 minime
2355 5502 2644 5571 respondet
2673 5518 2685 5551 :
2717 5494 2771 5551 in
2810 5494 3171 5568 argumentum
3208 5500 3548 5571 defensionis.

2044 5568 2062 5607 τ
2094 5570 2340 5638 Plerique
2375 5568 2588 5635 Norm.,
2619 5570 2821 5633 lucrum
2850 5582 3048 5638 putant.

2035 5649 2061 5687 8
2108 5641 2361 5717 Pratel._._
2386 5642 2709 5717 extenditur;
2752 5642 2845 5694 sed
2890 5640 3178 5717 legendum
3239 5643 3550 5717 ostenditur,

1966 5723 2186 5783 propter
2207 5711 2519 5768 antithesim
2542 5711 2761 5773 alterius
2792 5711 2969 5779 verbi,
2997 5711 3261 5783 puiliamr.
3400 5720 3405 5723 '
