4024 6352
494 335 598 399 ³51

563 451 692 506 luto.
719 479 787 491 —
818 449 971 516 Quod
1000 450 1043 503 si
1072 449 1196 518 quid
1227 448 1405 501 melius
1430 448 1594 513 nosti,
1622 447 1851 518 loquere.

560 542 814 610 Quamvis
841 544 963 596 dum
996 557 1098 594 non
1128 540 1197 592 ait
1228 556 1241 592 :
1272 537 1402 605 Quia
1434 540 1622 593 melius
1653 541 1822 605 nosti,
1855 538 1980 605 sed,
2014 537 2078 594 Si

492 637 615 709 quid
648 635 831 689 melius
876 634 1040 696 nosti,
1080 633 1303 701 loquere,
1346 631 1505 685 nimis
1540 632 1641 686 hoc
1680 632 1850 700 ipsum
1892 645 2080 700 snper-

491 726 635 782 bisse
666 734 779 790 est,
805 726 870 778 de
900 723 1135 777 melioris
1165 724 1390 776 scientia
1418 721 1708 777 dubitasse.
1737 723 1851 777 Hoc
1873 733 2075 787 tamen,

492 818 637 888 quod
668 816 825 871 beato
855 814 957 869 Job
983 815 1157 869 locum
1190 815 1443 883 loquendi
1476 815 1697 883 tribuit,
1725 813 2077 869 humilitatem

491 922 550 964 se
579 918 605 945 ἰ
633 908 947 963 exhibuisse
994 908 1265 961 indicavit.
1309 907 1445 971 Sed,
1489 907 1625 961 sicut
1671 922 1832 974 supra
1873 910 2075 961 dictum

490 1012 570 1060 est
590 1046 603 1070 ,
632 1003 755 1074 quia
799 1004 851 1057 in
881 1002 1089 1058 actione
1114 1001 1477 1074 arrogantium
1508 1016 1669 1055 omne
1706 1000 1847 1070 quod
1883 1015 2079 1070 super-

489 1094 648 1149 ducto
691 1110 939 1150 sermone
969 1098 1183 1164 tegitur,
1218 1101 1600 1162 prorumpente
1638 1107 1852 1146 rursum
1896 1092 2076 1145 inten-

492 1190 636 1243 tione
686 1189 935 1243 elationis
991 1188 1255 1255 aperitur,
1304 1188 1461 1241 citius
1515 1185 1637 1239 Eliu
1697 1184 1920 1238 innotuit
1974 1199 2078 1263 qua

490 1291 671 1338 mente
699 1281 911 1337 beatum
938 1280 1040 1335 Job
1070 1279 1211 1347 loqui
1242 1278 1547 1349 postulavit.
1573 1275 1705 1331 Nam
1728 1276 1967 1345 sequitur
1992 1291 2005 1326 :

953 1393 1177 1450 CAPUT
1222 1392 1261 1446 V
1295 1392 1443 1466 [Rea
1468 1388 1613 1462 Ill].

562 1486 727 1544 νεεδ.
757 1486 849 1551 54,
877 1484 963 1542 55.
988 1514 1059 1525 --
1091 1484 1203 1538 Viri
1248 1484 1584 1555 intelligentes
1616 1481 1891 1551 loquantur
1922 1478 2080 1545 mihi,

491 1588 539 1635 et
563 1581 638 1632 vir
666 1580 868 1647 sapiens
897 1578 1074 1631 audiat
1104 1593 1205 1629 me.
1230 1575 1329 1628 Job
1364 1585 1535 1629 autem
1563 1576 1717 1628 stulte
1743 1572 1943 1627 locutus
1971 1582 2076 1641 est,

490 1679 541 1725 et
566 1672 712 1723 verba
738 1666 875 1722 illius
904 1685 1007 1722 non
1034 1676 1218 1721 sonant
1244 1666 1595 1736 disciplinam.

518 1831 521 1835 _
564 1760 617 1815 5.
653 1759 862 1813 Mentiri
890 1776 993 1813 non
1017 1759 1131 1811 licet
1163 1757 1466 1811 humilitatis
1490 1756 1680 1828 gratia.
1703 1784 1773 1795 —-
1794 1752 1932 1809 Ecce
1952 1753 2078 1808 dum

1704 332 1951 391 SANCTI
1989 329 2323 390 GREGOBII
2362 330 2576 387 MAGNI

3662 331 3769 387 εει
3784 290 3789 295 ’

2103 452 2157 509 Α
2182 446 2359 501 ritiam
2387 445 2777 499 maledictionis
2801 444 3128 510 extenditur,
3166 443 3310 500 illico
3337 455 3523 501 contra
3549 445 3773 508 beatum

2180 540 2304 607 Job,
2332 540 2482 609 quasi
2510 539 2578 593 ad
2607 539 2771 593 Deum
2802 539 3002 592 iaciens
3028 537 3213 606 verba,
3243 537 3553 609 subiungit:

2636 650 2863 706 CAPUT
2902 650 2969 704 Vl
3003 650 3151 723 inec.
3177 649 3306 723 IV].

2253 743 2421 800 Vens.
2444 742 2622 799 56.—
2650 742 2808 797 Pater
2841 744 2941 808 mi,
2973 745 3213 814 probetur
3252 741 3352 798 Job
3397 759 3553 813 usque
3591 747 3660 800 ad
3707 747 3779 815 ﬁ-

2182 851 2318 890 nem.
3480 880 3487 889 .

2251 927 2418 999 814-
2447 928 2501 983 6ο
2535 927 2756 995 Superbi
2791 929 3004 997 afﬂictis
3034 929 3256 997 compati
3285 930 3536 984 nesciunt.
3565 928 3631 984 In
3661 947 3777 984 cor-

2183 1018 2410 1091 reptione
2438 1022 2511 1074 sic
2553 1020 2797 1073 tumentia
2836 1020 3112 1089 premenda
3152 1030 3301 1084 sunt,
3330 1030 3386 1073 ut
3432 1032 3646 1075 cruenta
3687 1024 3776 1092 [o—

2182 1121 2416 1165 ueantur.
2448 1139 2515 1151 --
2546 1110 2684 1165 Ecce
2716 1111 2816 1165 hoc
2847 1106 2875 1145 ἀ
2908 1110 3047 1179 quod
3087 1110 3155 1165 de
3196 1112 3515 1182 armgantiat
3563 1120 3801 1171 tumore.

2184 1214 2506 1271 conceperat
2534 1204 2583 1256 in
2612 1204 2789 1257 verbis
2812 1203 2969 1257 etiam
3002 1203 3390 1258 maledictionis
3418 1205 3637 1259 exaltat.
3667 1205 3779 1261 Sed

2183 1296 2411 1361 fortasse
2434 1295 2715 1350 benevola:
2736 1299 2842 1349 vim
2868 1296 3195 1364 probationis
3220 1307 3459 1364 optaret,
3491 1298 3534 1351 si
3558 1297 3783 1353 stetisse

2183 1404 2309 1446 eum
2345 1390 2396 1443 in
2430 1389 2745 1458 probatione
2768 1388 3085 1456 judicasset.
3113 1388 3180 1445 Ut
3206 1405 3334 1458 ergo
3363 1400 3545 1459 aperte
3574 1392 3782 1447 malitia

2186 1483 2304 1551 ejus
2342 1481 2672 1535 crudelitatis
2722 1491 3007 1549 appareat,
3038 1482 3253 1550 probari
3294 1497 3415 1537 eum
3458 1482 3632 1538 adhuc
3682 1498 3785 1553 per

2185 1574 2391 1644 ﬂagella
2422 1574 2759 1641 deprecatur,
2789 1589 2946 1643 quem
2979 1574 3117 1629 inter
3144 1574 3349 1643 ﬂagella
3376 1575 3583 1646 lapsum
3610 1576 3785 1633 fuisse

2180 1664 2292 1736 jam
2322 1666 2586 1733 queritur.
2618 1664 2887 1720 Prasmisit
2933 1665 3072 1734 quod
3114 1666 3313 1735 sensit,
3343 1676 3400 1721 ut
3429 1670 3664 1733 apertius
3690 1682 3786 1723 co-

2186 1758 2375 1827 gnosci
2419 1756 2612 1811 debeat
2653 1757 2793 1825 quod
2848 1758 3071 1825 optavit.
3122 1756 3314 1813 Adhuc
3356 1758 3499 1814 feriri
3548 1758 3787 1827 postulat

495 1850 648 1921 quasi
686 1851 955 1905 humiliter
984 1850 1140 1904 beato
1168 1850 1270 1906 Job
1300 1849 1445 1919 loqui
1488 1849 1701 1912 tribuit,
1732 1847 1857 1915 quid
1891 1846 2079 1900 intrin-
2109 1840 2159 1899 Β
2186 1862 2344 1917 quem
2371 1846 2495 1915 jatn'
2515 1848 2892 1916 peccassesub
2923 1864 3082 1902 manu
3114 1848 3355 1904 ferientis
3385 1858 3617 1904 accusat.
3651 1850 3787 1905 Pro-

490 1955 650 1998 oecus
681 1951 913 2011 gestaret
943 1941 1207 2007 ostendit,
1242 1941 1463 1994 dicens:
1498 1937 1607 1991 Viri
1635 1936 1973 2007 intelligentes
2001 1936 2077 1988 lo-

492 2042 715 2103 quantur
744 2032 904 2096 mihi;
933 2031 1250 2101 dedignatus
1279 2030 1531 2084 videlicet
1566 2028 1611 2083 si
1642 2028 1834 2083 beatus
1862 2028 1964 2083 Job
2006 2027 2085 2082 lo-

494 2124 585 2194 qui
614 2136 995 2192 prmsumeret,
1020 2126 1104 2191 qui
1137 2124 1288 2192 quasi
1317 2121 1435 2193 ejus
1463 2122 1760 2191 intelligere
1786 2121 1945 2175 verba
1977 2135 2085 2175 non

495 2230 696 2290 posset.
724 2220 789 2272 Et
818 2219 935 2288 quia
969 2234 1075 2273 non
1106 2218 1278 2273 solum
1305 2219 1370 2271 ad
1401 2217 1728 2286 loquendum
1748 2255 1764 2279 ,
1796 2215 1891 2269 sed
1922 2216 2082 2269 etiam

498 2312 567 2366 ad
596 2310 949 2378 audiendum,
982 2310 1195 2365 beatum
1227 2310 1329 2364 Job
1362 2308 1637 2378 indignum
1671 2308 1835 2363 fuisse
1879 2307 2087 2375 judica-

495 2405 603 2471 vit,
630 2405 775 2457 illico
803 2402 1045 2473 adjunxit
1070 2419 1085 2456 :
1126 2400 1216 2455 Vir
1245 2401 1447 2472 sapiens
1475 2401 1653 2453 audiat
1684 2416 1782 2453 me.
1811 2401 1887 2453 Ac
1914 2400 1957 2457 si
2006 2398 2086 2452 di-

499 2503 689 2552 ceret:
724 2494 855 2549 lluic
886 2493 1029 2565 loqui
1072 2492 1269 2565 injuste
1306 2490 1640 2562 conceditur,
1666 2491 1755 2564 qui
1801 2490 1962 2547 etiam
1992 2505 2085 2548 au-

501 2587 617 2643 dire
667 2589 826 2642 verba
895 2587 1213 2657 sapientium
1262 2604 1370 2642 non
1433 2600 1685 2643 meretur.
1734 2591 1908 2657 Atque
1961 2603 2088 2643 mox

500 2689 705 2748 aperte,
739 2693 898 2748 quam
941 2678 1189 2747 deSpecta
1234 2679 1299 2733 de
1348 2678 1440 2733 illo
1487 2679 1714 2746 sentiat,
1746 2679 2085 2745 manifestat,

501 2767 725 2825 dicens:
754 2767 855 2822 Job
891 2777 1061 2822 autem
1100 2768 1254 2822 stulte
1292 2769 1489 2823 locutus
1535 2779 1637 2837 est,
1670 2780 1717 2823 et
1758 2773 1907 2823 verba
1946 2770 2090 2824 illius

500 2876 605 2915 non
632 2870 813 2913 sonant
841 2852 1183 2932 disciplinam.
1216 2862 1344 2916 Sine
1374 2860 1658 2929 disciplina
1690 2863 1923 2917 locutum
1957 2864 2088 2919 bea-

502 2963 614 3009 tutn
644 2954 745 3009 .lob
784 2955 1043 3021 credidit,
1075 2954 1196 3022 quia
1240 2954 1443 3024 justum
1481 2970 1540 3010 se
1582 2955 1635 3009 in
1678 2955 1791 3010 suis
1839 2957 2091 3026 operibus

504 3046 671 3102 fuisse
699 3047 1040 3103 memoravit.
1064 3047 1258 3102 Verum
1293 3044 1518 3102 ldrtasse
1541 3048 1660 3102 Elia
1690 3047 1919 3112 diceret,
1952 3050 1997 3102 si
2029 3063 2093 3103 ea

500 3152 619 3207 quas
660 3137 845 3192 beatus
886 3138 989 3192 .Iob
1032 3139 1099 3193 de
1146 3141 1325 3207 seipse
1372 3148 1715 3204 narraverat,
1756 3120 1957 3195 nonde
1998 3141 2088 3195 illo

2188 1940 2300 2008 pria
2337 1939 2451 1993 haec
2478 1938 2839 2009 arrogantium
2872 1948 2992 1993 vota
3020 1948 3178 2005 sunt,
3212 1948 3273 1994 ut
3297 1939 3457 1993 vitam
3482 1940 3786 1994 dolentium

2188 2029 2484 2085 examinari
2513 2034 2690 2084 acrius
2725 2030 3104 2096 deprecentur,
3134 2031 3257 2098 quia
3288 2036 3486 2099 quanto
3532 2030 3781 2086 sibimet-

2188 2120 2319 2190 ipsis
2344 2118 2601 2188 justiores
2642 2127 2798 2183 sunt,
2835 2127 2984 2173 tanto
3010 2119 3203 2173 alienis
3231 2118 3508 2173 doloribus
3533 2108 3787 2176 duriores

2189 2214 2452 2269 existunt.
2500 2212 2754 2266 Nesciunt
2781 2211 2923 2266 enim
2957 2212 3010 2265 in
3057 2226 3116 2265 se
3148 2210 3450 2280 passionem
3481 2212 3671 2267 aliena:
3701 2214 3787 2267 ia-

2189 2306 2456 2361 ﬁrmitatis
2509 2305 2740 2370 trahere,
2780 2316 2833 2359 et
2883 2306 3021 2359 sicut
3062 2320 3196 2371 sum,
3230 2305 3299 2357 ita
3346 2304 3507 2359 etiam
3553 2306 3788 2373 proximi

2191 2397 2545 2457 imbecillitati
2579 2396 2844 2451 misereri.
2871 2396 3003 2462 Quia
3027 2395 3168 2450 enim
3191 2394 3260 2450 de
3282 2410 3340 2449 se
3366 2396 3472 2449 alta
3504 2397 3779 2471 sentiunt,

2189 2490 2390 2550 idcirco
2446 2488 2737 2548 humilibus
2795 2487 3096 2549 nullatenus
3150 2488 3609 2551 condcsceadunt.
3663 2496 3788 2551 Eliu

2191 2587 2407 2641 beatum
2439 2586 2540 2641 iob
2570 2602 2666 2655 pro
2693 2587 2847 2656 culpa
2882 2601 3193 2654 percussum
3236 2589 3439 2653 credit,
3470 2597 3631 2657 atque
3663 2588 3786 2644 ideo

2192 2678 2489 2733 exhibenda
2520 2679 2569 2731 ei
2609 2678 3067 2747 pietatisviscera
3117 2694 3214 2733 nec
3258 2680 3397 2733 inter
3447 2688 3522 2733 tot
3568 2680 3789 2736 dolores

2164 2758 2497 2826 'tcstitnavit.
2529 2770 2637 2824 Viri
2664 2779 2843 2825 autem
2880 2771 3144 2825 veraciter
3173 2771 3340 2824 saneti
3372 2785 3493 2825 cum
3525 2769 3788 2840 ﬂagellari

2192 2880 2349 2934 quem
2362 2865 2497 2933 piam
2526 2864 2686 2918 etiam
2712 2856 2812 2932 pro
2834 2864 2988 2932 culpa
3016 2871 3377 2933 cognoscunt,
3410 2863 3789 2931 etsiqutedam

2194 2955 2309 3024 ejus
2336 2954 2635 3008 inordinata
2664 2954 2995 3022 corripiunt,
3022 2955 3086 3007 ad
3117 2954 3359 3023 quzedam
3392 2962 3570 3008 tamen
3601 2954 3789 3008 dolen-

2196 3048 2267 3102 tia
2296 3047 2724 3116 compatiuntur;
2753 3055 2809 3101 et
2838 3047 2916 3102 sic
2945 3050 3121 3102 sciunt
3146 3047 3399 3101 tumentia
3431 3064 3697 3115 premere,
3724 3059 3789 3104 ut

2195 3142 2367 3195 sciant
2390 3141 2549 3195 etiam
2576 3150 2793 3195 cruenta
2826 3143 3087 3206 relevere,
3117 3153 3378 3210 quatenus
3406 3142 3458 3195 in
3488 3144 3567 3196 eis
3601 3150 3625 3178 °
3660 3157 3787 3197 cum

500 3226 618 3285 haec
643 3229 829 3285 eadem
870 3231 986 3297 ipse
1022 3229 1315 3298 disciplina:
1363 3240 1548 3284 auctor
1589 3232 1967 3287 existimasset.
2000 3231 2086 3285 ltt-
2110 3238 2160 3302 ο
2193 3234 2326 3289 dura
2347 3235 2715 3301 emolliuntur,
2742 3234 2947 3288 inﬁrma
2975 3236 3312 3289 roborentur.
3341 3234 3487 3308 [νει.
3512 3234 3621 3301 IV,
3655 3236 3783 3291 llec.

502 3332 760 3376 nocenter
805 3321 945 3374 enim
997 3320 1096 3376 Job
1142 3337 1200 3375 se
1247 3321 1474 3376 asseruit
1523 3324 1877 3392 ﬂagellatam,
1927 3339 2082 3393 queat

502 3410 648 3467 Deus
683 3411 841 3464 etiam
875 3411 1141 3480 perhibuit
1169 3412 1367 3468 frustra
1398 3428 1704 3481 percussum
1731 3412 1875 3482 (Job.
1903 3429 1975 3476 tt,
2008 3416 2083 3483 5).

501 3502 637 3567 Quid
666 3518 794 3569 ergo
820 3518 923 3556 vox
958 3504 1197 3571 percussi
1223 3506 1511 3572 superbum
1537 3507 1743 3570 sonuit,
1769 3522 1887 3575 qua:
1908 3522 1939 3560 a
1962 3522 2088 3561 seu-

404 3664 405 3667 ,
499 3595 667 3650 tentia
693 3594 932 3651 ferientis
960 3597 1265 3665 nullatenus
1287 3598 1640 3667 discrepavit?
1663 3598 1689 3637 δ
1720 3600 1939 3655 Incaute
1964 3612 2088 3656 sunt

500 3684 727 3742 humiles
760 3687 883 3756 (22.,
911 3706 962 3756 q.
983 3688 1050 3753 2,
1080 3706 1128 3742 c.
1160 3687 1419 3760 Incaute),
1448 3692 1535 3759 qui
1568 3706 1628 3745 se
1657 3692 1936 3746 mendacio
1965 3692 2087 3747 illa—

498 3788 729 3848 queant,
779 3779 903 3833 dum
956 3782 1314 3855 arrogantiam
1363 3782 1565 3846 vitant;
1615 3782 1723 3836 itno
1773 3784 2086 3838 mentiendo

500 3874 845 3943 superbitmt,
879 3875 1003 3940 quia
1047 3883 1234 3929 contra
1266 3877 1547 3930 veritatem
1580 3892 1640 3930 se
1670 3877 1884 3949 erigunt
1928 3892 2085 3946 quam

500 3967 828 4036 relinquunt.
860 3967 960 4034 Qui
988 3968 1162 4034 enim,
1204 3969 1523 4024 necessitate
1565 3982 1810 4037 cogente,
1848 3984 1971 4022 vera
2020 3970 2088 4025 de

501 4072 563 4115 se
603 4060 741 4112 bona
788 4059 1037 4128 loquitur,
1086 4068 1231 4114 tanto
1278 4062 1444 4129 ntagis
1497 4060 1780 4113 humilitati
1824 4059 2084 4131 jungitur,

501 4160 705 4222 quanto
731 4161 785 4203 et
816 4151 1026 4204 veritati
1075 4153 1327 4207 sociatur.
1360 4158 1438 4206 An
1491 4152 1687 4206 Paulus
1731 4153 1947 4207 humilis
1977 4169 2087 4207 non

502 4241 633 4307 fuit,
665 4241 876 4310 quando
902 4242 1239 4297 simulatione
1270 4242 1505 4296 veritatis
1534 4252 1720 4295 contra
1764 4242 1927 4296 falsos
1953 4258 2085 4313 apo-

501 4334 671 4390 stolos
695 4343 769 4387 tot
791 4332 857 4388 de
877 4348 937 4388 se
963 4332 1235 4401 discipulis
1261 4331 1414 4388 fortia
1438 4343 1585 4405 gesta
1612 4334 1849 4388 narravit
1872 4333 1930 4407 (I
1951 4333 2085 4389 Tim.

503 4438 576 4490 tt,
604 4424 669 4490 7;
698 4425 812 4476 Act.
838 4438 927 4487 xx,
960 4422 1046 4488 18,
1082 4423 1203 4491 l9)?
1234 4425 1334 4489 Qui
1366 4425 1620 4478 nimirum
1651 4424 1860 4478 veritati
1909 4424 2088 4481 inimi-

503 4533 598 4573 cus
623 4519 897 4582 existeret,
926 4516 969 4570 si
1000 4517 1377 4571 abscondendo
1402 4519 1624 4572 virtutes
1646 4520 1914 4587 proprias,
1944 4534 2079 4589 prter

502 4610 771 4665 dicatores
792 4625 1033 4664 errorum
1060 4611 1347 4680 pratvalet'e
1376 4612 1725 4679 permisisset.

575 4704 680 4759 Sed
707 4704 829 4773 quia
856 4714 1165 4774 arrogantes
1194 4705 1290 4758 viri
1317 4706 1371 4758 in
1400 4721 1465 4760 eo
1487 4706 1623 4775 quod
1655 4707 1913 4760 bonorum
1942 4706 2085 4761 dicta

503 4795 734 4865 superbe
787 4797 1127 4861 examinant,
1189 4798 1471 4852 verborum
1523 4797 1690 4867 magis
1744 4798 2087 4867 superﬁciem

503 4903 661 4959 quam
693 4898 713 4923 ο
745 4901 923 4941 rerum
954 4888 1196 4942 ordinem
1224 4898 1482 4957 pensant,
1516 4889 1632 4944 Eliu
1667 4891 1804 4944 beati
1838 4890 1937 4944 Job
1963 4905 2086 4944 sen-

503 4979 700 5034 tentias
728 4976 1061 5045 disciplinam
1092 4977 1322 5031 credidit
1347 4994 1452 5032 non
1495 4994 1736 5034 sanasse.
1768 4977 1915 5053 [νει.
1942 4976 2086 5049 III.]

500 5068 636 5137 Quia
666 5080 794 5124 vero
839 5083 982 5137 saepe
1011 5072 1270 5138 asperitas
1298 5072 1651 5142 superborum
1684 5086 1851 5141 usque
1889 5070 1953 5124 ad
1988 5071 2085 5123 du-

574 5264 602 5291 ι
633 5255 879 5323 Recent.,
913 5256 1097 5311 invitis
1123 5254 1276 5320 Mss.,
1297 5254 1580 5307 exhibuisse
1596 5251 1872 5323 judicavit.
2101 5310 2107 5323 ι

572 5323 599 5363 δ
631 5328 702 5381 lta
728 5320 1051 5381 Mss.'nostri
1075 5335 1129 5379 et
1159 5326 1297 5379 Edit.
1328 5339 1460 5390 pene
1482 5320 1690 5377 omnes.
1718 5325 1769 5374 In
1795 5320 2084 5386 Gnssanv.,

502 5398 699 5451 incauti
731 5406 851 5451 sunt
877 5396 1108 5450 humiles.
1143 5393 1449 5455 Gratianus,
1483 5396 1597 5448 loco
1627 5394 1876 5454 indicoto,
1908 5391 2085 5459 dupli—

456 5502 461 5509 ν
504 5480 623 5521 cem
655 5468 871 5522 exhibet
901 5469 1216 5530 lectionem,
1249 5467 1452 5519 incaute
1476 5476 1593 5519 sunt
1623 5465 1861 5530 humiles,
1890 5471 1976 5528 et,
2009 5464 2087 5513 in-

507 5539 642 5589 cauti
671 5548 790 5591 sunt
818 5541 1063 5593 homines.
1842 5572 1847 5577 -

582 5618 603 5644 ε
628 5606 699 5660 ita
723 5608 966 5673 Vindoc.,
988 5606 1647 5674 Baluz.,Colb.,Ebroic.,
1666 5604 2082 5676 aliiqueNorm.,

507 5690 613 5746 non
644 5694 812 5730 rerum
840 5680 1130 5746 cardinem,
1154 5690 1212 5732 ut
1242 5679 1404 5732 babes
1432 5678 1486 5732 in
1512 5678 1704 5732 Editis.

577 5743 604 5781 ἀ
637 5748 853 5820 ξηιθιη
880 5749 1016 5820 quod
1041 5743 1185 5820 quasi
1213 5752 1276 5801 de
1300 5751 1615 5820 arrogantia.

584 5823 609 5853 ⁸
639 5815 867 5886 Turon.,
894 5815 1101 5886 Baluz.,
1136 5819 1311 5885 Colb.,
1340 5827 1396 5873 et
1422 5815 1561 5888 pler.
1589 5819 1797 5886 Norm.,
1821 5835 1937 5873 cum
1963 5819 2093 5873 dura

801 6062 823 6091 1

2198 3323 2291 3396 γ.]
2316 3328 2384 3378 At
2414 3335 2601 3379 contra
2632 3332 2946 3394 arrogantes
2974 3326 3072 3379 viri
3103 3326 3224 3393 quia
3262 3325 3536 3379 cbaritatis
3569 3326 3781 3382 viscera

2190 3434 2297 3472 non
2331 3418 2558 3481 habent,
2592 3434 2698 3472 non
2730 3420 2903 3473 solum
2947 3434 3054 3473 non
3080 3420 3478 3509 compatiuntur
3506 3420 3668 3474 etiam
3693 3419 3785 3489 ju-

2190 3512 2291 3565 stis
2316 3510 2645 3573 dolentibus,
2673 3512 2769 3565 sed
2800 3526 2891 3567 eos
2935 3512 3153 3581 insuper
3180 3515 3277 3565 sub
3306 3513 3486 3580 specie
3513 3511 3672 3580 justas
3700 3510 3785 3565 in-

2191 3602 2516 3670 crepationis
2546 3601 2818 3673 afﬂigunt;
2860 3613 2915 3658 et
2944 3604 3024 3657 vel
3053 3604 3098 3657 si
3128 3618 3228 3670 qua
3259 3604 3311 3656 in
3343 3604 3423 3658 eis
3460 3612 3585 3656 sunt
3615 3615 3784 3671 parva

2191 3695 2329 3747 mala
2357 3705 2706 3764 exaggerant,
2749 3696 2834 3750 vel
2875 3710 2937 3750 ea
2981 3710 3098 3764 qua:
3138 3710 3265 3751 vere
3308 3696 3448 3751 bona
3479 3706 3601 3750 sunt
3640 3694 3784 3751 male

2191 3787 2332 3854 apud
2360 3800 2419 3839 se
2449 3786 2854 3855 interpretando
2880 3796 3227 3841 commutant.
3470 3852 3473 3857 γ

2263 3878 2318 3933 7.
2355 3878 2535 3932 Sancti
2578 3880 2811 3932 doctores
2856 3878 3259 3948 delinquentium
3301 3878 3425 3931 vitia
3469 3894 3785 3950 exaggerans

2191 3970 2372 4022 solent.
2417 3969 2552 4035 Quid
2594 3971 2659 4023 sit
2710 3971 2877 4023 cordis
2927 3972 3172 4038 parietem
3211 3970 3500 4040 fodere.—
3528 3972 3788 4038 Quamvis

2191 4061 2353 4114 etiam
2386 4057 2406 4097 τ
2436 4062 2568 4114 casti
2599 4060 2847 4116 doctores
2889 4076 3031 4131 smpe
3074 4077 3398 4131 exaggerate
3442 4063 3654 4118 soleant
3682 4064 3784 4119 tle-

2192 4149 2544 4219 linquentium
2596 4151 2743 4220 vitia,
2786 4162 2841 4207 et
2880 4166 2945 4206 ex
2987 4153 3305 4221 quibusdam
3347 4154 3517 4223 signis.
3554 4155 3787 4223 publicis

2190 4244 2397 4299 occulta
2426 4245 2641 4310 rimari,
2671 4255 2727 4299 ut
2759 4246 2965 4315 possint
2990 4260 3055 4300 ex
3089 4245 3320 4301 minimis
3352 4246 3550 4316 majora
3582 4242 3787 4318 cognoJ

2190 4352 2363 4392 scere.
2402 4336 2551 4391 Unde
2599 4337 2663 4389 ad
2714 4336 3049 4392 Ezechielem
3101 4338 3340 4392 dicitur:
3382 4337 3489 4392 Fili
3532 4338 3781 4405 hominis,

2190 4428 2310 4499 [ode
2358 4427 2599 4496 parietem
2645 4425 2869 4497 (Ezec/t.
2896 4444 3020 4494 vttt,
3053 4428 3131 4498 8).
3176 4427 3273 4483 Ubi
3324 4443 3446 4482 mox
3491 4429 3776 4485 subdidit:

2193 4526 2219 4563 8
2252 4515 2321 4570 Et
2351 4532 2466 4569 cum
2498 4518 2741 4587 {odissent
2785 4519 3058 4586 parietem,
3095 4520 3334 4590 apparuit
3369 4520 3554 4573 ostium
3587 4537 3779 4585 unum,

2116 4624 2166 4683 ι)
2191 4619 2239 4663 et
2270 4610 2399 4663 dixit
2429 4612 2497 4663 ad
2527 4627 2605 4663 me
2625 4626 2645 4665 .·
2672 4609 2971 4680 Ingredere,
3009 4621 3055 4664 et
3092 4614 3203 4665 uide
3235 4611 3631 4666 abominationes
3663 4629 3787 4681 pes-

2190 4700 2366 4764 simos,
2401 4718 2524 4766 quas
2551 4703 2637 4753 isti
2667 4702 2863 4771 faciunt
2903 4694 3024 4755 hic.'
3047 4701 3113 4755 Et
3143 4703 3399 4771 ingressus
3427 4704 3561 4767 ridi;
3586 4712 3634 4757 et
3665 4720 3783 4756 ecce

2192 4794 2357 4846 omnis
2393 4793 2677 4846 similitudo
2717 4794 3001 4863 reptilium,
3031 4802 3079 4846 et
3106 4794 3404 4846 anintalium
3441 4795 3779 4861 abominatio,

2191 4892 2237 4938 et
2266 4885 2499 4937 universa
2531 4883 2672 4937 idola
2701 4885 2879 4936 domus
2908 4882 2929 4934 Ι
2936 4884 3074 4961 srael
3103 4885 3306 4952 depicta
3336 4896 3477 4939 erant
3502 4886 3554 4937 in
3584 4886 3782 4955 pariete

2189 4974 2381 5045 (Ibid.,
2410 4991 2481 5033 ιι,
2509 4974 2620 5045 10).
2653 4974 2755 5029 Per
2787 4976 3116 5033 Ezechietem
3140 4982 3334 5049 quippe
3366 4981 3777 5052 pratpositorunt

2180 5083 2419 5139 persona
2442 5071 2705 5138 signatur,
2728 5084 2825 5139 per
2847 5071 3099 5137 parietem
3119 5072 3313 5127 duritia
3334 5073 3687 5127 subditorum.
3707 5074 3779 5129 Et

2196 5247 2479 5304 emolliunt.
2508 5247 2624 5303 Vet.
2651 5248 2795 5303 Edit.
2828 5249 2997 5302 Paris.
3024 5259 3084 5321 et
3117 5249 3295 5313 Basil.,
3328 5261 3581 5321 quatenus
3615 5253 3672 5305 in
3701 5254 3777 5306 eis

2197 5322 2326 5373 dura
2353 5322 2698 5384 cmolliantur,
2725 5321 2929 5386 inﬁrma
2953 5320 3272 5375 roborentur.

2270 5390 2288 5428 ί
2324 5394 2413 5443 Stc
2460 5395 2648 5459 legitur
2687 5395 2736 5445 in
2789 5392 2911 5443 Mss.
2947 5393 3149 5455 Ualuz.,
3182 5391 3355 5452 Colh..
3387 5391 3633 5457 Ἤτιδος..
3668 5391 3778 5447 Tu-

2150 5522 2159 5537 ‘
2194 5477 2336 5525 ron.,
2371 5462 2577 5537 N0_r_tt_t_.,
2607 5477 2741 5537 quos
2770 5473 3066 5537 sequuntur
3098 5463 3300 5537 priores
3327 5462 3467 5537 Edit.
3495 5463 3563 5517 At
3595 5475 3777 5537 poste-

2193 5536 2421 5587 rioribus
2447 5531 2747 5586 Editorihus
2764 5536 2930 5585 visunt
2954 5542 3037 5586 est
3061 5550 3153 5597 pro
3173 5532 3300 5585 casti
3320 5537 3400 5586 sul
3409 5534 3570 5588 licere
3585 5535 3770 5587 sancti.

2194 5604 2446 5671 Quamvis
2481 5604 2589 5674 dici
2620 5604 2825 5668 possint
2863 5603 2990 5656 casti
3019 5602 3290 5671 doctores,
3316 5606 3405 5670 qui
3431 5604 3644 5674 eloquia
3676 5604 3773 5669 Dei

2198 5684 2337 5728 casta
2367 5690 2471 5728 non
2496 5672 2882 5727 adulteranlur.

2271 5754 2295 5792 8
2329 5746 2441 5802 AL.
2463 5754 2512 5798 et
2538 5761 2656 5799 cum
2681 5746 3033 5819 perfodissem.
