4066 6348
268 374 374 435 383

1024 380 1384 442 MORALI'UM
1421 382 1552 441 LIB.
1596 381 1877 441 XXVl.-
1908 384 1973 440 IN
2010 383 2239 441 CAPUT
2284 384 2505 442 XXXIV
2545 386 2605 443 Β.
2646 386 2784 444 JOB.

3432 380 3539 443 δα

266 495 388 563 quid
421 506 501 547 est
530 491 790 564 parietem
818 490 1026 565 fodere,
1058 500 1160 555 nisi
1183 502 1388 572 asperis
1414 501 1845 571 correptionibus
1871 503 1923 562 Α
1950 509 2055 553 tem
2087 500 2369 554 stevientes
2411 500 2671 569 afﬂigunt.
2699 502 2927 558 Servant
2958 500 3009 555 in
3040 500 3363 572 cogitatione
3392 501 3536 569 quod

263 585 512 641 duritiam
541 579 720 642 cordis
748 589 994 660 aperire?
1017 591 1186 660 Quem
1216 609 1337 648 cum
1371 595 1719 664 perfodisset,
1750 611 1846 665 ap-

267 679 442 746 paruit
465 678 692 746 ostium,
725 685 847 750 quia
875 698 996 738 cum
1041 686 1217 741 cordis
1252 688 1443 759 duritia
1491 692 1699 759 asperis
1727 706 1850 745 cor—

264 770 598 839 reptionibus
620 774 876 839 aperitur,
900 778 1047 844 quasi
1070 777 1313 845 quadarn
1337 758 1497 849 janua
1521 758 1844 847 ostenditur,

262 875 327 914 ex
357 877 461 931 qua
490 864 667 917 omnia
699 864 752 918 in
792 880 858 921 eo
888 867 975 936 qui
1017 869 1305 935 corripitur
1341 873 1719 942 cogitationum
1764 874 1847 927 in-

262 958 461 1010 teriora
505 959 805 1014 videantur.
841 960 994 1017 Unde
1035 971 1091 1017 et
1136 965 1272 1019 bene
1313 966 1421 1021 illic
1464 966 1847 1039 sequitnrgEt

262 1048 392 1101 dixit
420 1048 490 1100 ad
508 1066 604 1119 _me
628 1066 647 1103 :
677 1049 973 1120 Ingredere,
1004 1064 1051 1108 et
1093 1056 1207 1109 vide
1244 1057 1640 1113 abominationes
1684 1060 1848 1129 pessi-

262 1154 392 1201 mas,
420 1155 549 1207 quas
577 1141 663 1194 isti
706 1145 905 1212 faciunt
950 1144 1052 1198 hic.
1092 1146 1252 1212 Quasi
1299 1149 1589 1219 ingreditur
1620 1160 1678 1204 ut
1719 1151 1857 1206 aboJ

261 1232 582 1288 minationes
610 1234 872 1305 aspiciat,
902 1240 990 1307 qui
1031 1240 1285 1295 discussis
1322 1243 1639 1312 quibusdam
1679 1245 1846 1314 signis

258 1323 500 1378 exterius
545 1329 942 1394 apparentibus,
974 1331 1043 1384 ita
1090 1332 1254 1386 corda
1297 1333 1630 1389 subditorum
1680 1350 1846 1404 pene-

260 1419 365 1465 trat
384 1454 399 1477 ,
432 1423 491 1468 ut
510 1427 698 1470 cuncta
725 1418 771 1471 ei
802 1434 920 1488 qum
948 1419 1076 1474 illici
1102 1438 1133 1477 e
1154 1424 1454 1491 cogitantur
1484 1430 1841 1483 lnnnteseant.

259 1500 409 1558 Unde
452 1515 505 1559 et
549 1506 829 1583 subdidit:
860 1510 927 1564 Et
969 1512 1230 1581 ingressus
1260 1516 1407 1581 'vidi;
1446 1525 1491 1569 et
1526 1534 1641 1570 erce
1679 1519 1844 1573 omnis

252 1594 538 1651 similitudo
569 1600 860 1668 reptilium,
891 1614 936 1655 et
976 1606 1272 1659 animalium
1308 1610 1637 1663 abominatio.
1667 1611 1724 1664 ln
1758 1628 1845 1667 re-

254 1689 498 1756 ptilibus,
537 1693 889 1762 cogitationes
918 1700 1139 1752 omnino
1182 1692 1413 1756 terrena:
1442 1704 1754 1773 signantur;
1789 1704 1844 1761 in

250 1780 572 1836 animalibus
609 1800 760 1852 vero,
786 1788 897 1857 jam
926 1790 1141 1859 quidem
1184 1793 1576 1864 aliquantulum
1619 1814 1647 1851 a
1698 1808 1841 1854 terra

1954 592 2219 659 diligunt,
2249 603 2467 646 sumunt
2496 593 2548 646 in
2580 594 2758 661 specie
2785 593 2923 662 quod
2954 603 3359 662 persequuntur.
3397 594 3540 649 Bona

1951 684 2309 754 praedicantes
2356 684 2659 750 insinuant,
2704 688 2840 739 mala
2882 695 3058 739 autem
3108 697 3358 741 caventes
3405 699 3544 754 prte-

1952 778 2228 842 nuntiant,
2276 794 2382 831 non
2434 789 2492 832 ut
2525 778 2639 832 Eliu
2685 779 3050 834 desiderantes
3102 791 3346 836 exorant.
3402 780 3540 851 Erga

1951 870 2269 924 commissos
2297 870 2394 924 sibi
2427 870 2498 923 ita
2532 885 2910 938 nonnunquam
2958 873 3008 925 in
3049 860 3386 941 correptione
3426 871 3538 926 fer-

1950 973 2104 1030 vent,
2128 978 2196 1035 ac
2224 966 2267 1017 si
2299 965 2365 1019 de
2393 976 2504 1017 tran
2530 965 2634 1029 iuill
2662 973 2768 1017 tate
2798 965 2926 1017 nihil
2960 964 3221 1030 habeant;
3252 966 3345 1019 sed
3379 967 3452 1018 ita
3482 965 3535 1019 in

1950 1056 2092 1112 dilec
2119 1058 2240 1110 ione
2284 1056 2555 1123 tranquilli
2604 1066 2762 1121 sunt,
2805 1071 2869 1110 ac
2914 1057 2957 1110 si
3000 1057 3176 1111 nullus
3221 1074 3313 1111 eos
3360 1058 3539 1111 fervor

1950 1149 2227 1202 accendat.
2261 1147 2426 1202 Valde
2473 1148 2615 1202 enim
2669 1157 2912 1202 metuunt
2958 1163 3028 1203 ne
3075 1150 3120 1203 si
3167 1164 3197 1203 a
3247 1162 3539 1219 pravorum

1951 1242 2289 1307 correptione
2334 1241 2659 1294 cessaverint
2679 1282 2693 1304 ,
2724 1240 2822 1308 ipsi
2854 1255 2949 1307 pro
2974 1254 3158 1295 eorum
3198 1239 3540 1295 damnatione

1953 1331 2271 1399 puniantur;
2298 1342 2354 1386 et
2383 1348 2501 1386 cum
2532 1332 2597 1385 ad
2626 1332 2781 1386 verba
2813 1331 3131 1387 invectionis
3152 1331 3179 1369 δ
3204 1331 3541 1387 inﬂamman-

1952 1424 2221 1489 tur,inviti
2244 1423 2459 1493 quidem
2489 1425 2553 1477 ad
2588 1425 2701 1477 lmc
2725 1424 2965 1489 veniunt,
2982 1424 3077 1478 sed
3098 1435 3272 1477 tamen
3298 1423 3411 1477 hanc
3442 1423 3537 1477 de-

1950 1513 2245 1569 fensionem
2273 1513 2373 1568 sibi
2401 1514 2541 1579 apud
2569 1514 2869 1569 districtum
2893 1514 3128 1582 judicent
3159 1522 3481 1582 praeparant.

2022 1607 2076 1662 9.
2108 1606 2563 1677 Curripiendarum
2588 1617 2633 1661 et
2663 1608 3060 1661 erudiendorum
3092 1608 3160 1659 ad
3192 1607 3538 1676 paenitentiam

1946 1706 1996 1750 et
2042 1698 2280 1767 pietatem
2326 1699 2726 1765 delinquentium
2771 1698 2921 1753 ordo.
2953 1729 3022 1737 —
3054 1697 3204 1752 Unde
3253 1707 3309 1750 et.
3356 1698 3531 1751 eidem

1949 1802 2133 1841 rursus
2158 1799 2179 1827 ο
2214 1790 2478 1843 Ezecliieli
2505 1790 2698 1843 dicitur
2723 1808 2734 1842 :
2764 1787 2870 1843 Fili
2900 1791 3139 1855 hominis,
3170 1778 3313 1842 sunté
3341 1789 3429 1841 tibi
3457 1787 3537 1840 la-

255 1887 547 1941 suspensae,
587 1879 682 1933 sed
719 1881 894 1935 adhuc
927 1890 1152 1939 terrena:
1191 1889 1453 1942 mercedis
1500 1891 1716 1958 pnemia
1756 1906 1838 1945 re-
1868 1886 1918 1945 B
1946 1890 2128 1945 terem,
2153 1891 2199 1934 et
2231 1897 2386 1948 pones
2416 1897 2531 1933 eum
2555 1897 2730 1934 coram
2755 1890 2823 1946 te,
2849 1880 2894 1934 et
2920 1880 3168 1935 describes
3195 1883 3248 1934 in
3274 1898 3329 1933 eo
3362 1881 3538 1935 civita-

258 1964 542 2054 quirentes.
588 1966 720 2022 Nam
750 1973 963 2039 reptilia
994 1983 1103 2030 toto
1134 1990 1197 2031 ex
1229 1993 1453 2048 corpore
1494 1990 1649 2036 teme
1677 1984 1841 2054 815

258 2053 546 2124 inhaerent;
590 2061 839 2119 animalia
882 2074 1061 2121 autem
1103 2079 1296 2125 ventre
1334 2086 1362 2124 a
1396 2080 1535 2126 terra
1579 2053 1839 2144 suspensa

198 2212 201 2213 ν
254 2157 403 2215 sunt,
440 2151 678 2220 appetitu
713 2162 888 2210 tamen
929 2158 1068 2227 gulae
1106 2161 1175 2214 ad
1208 2172 1405 2216 terram
1432 2179 1644 2234 semper
1685 2168 1837 2222 incli-

249 2249 466 2295 nantur.
499 2244 728 2312 Reptilia
768 2246 948 2317 itaque
978 2240 1100 2304 sunt
1131 2252 1268 2307 intra
1301 2256 1588 2323 parietem,
1621 2260 1837 2327 quando

244 2329 598 2397 cogitationes
625 2338 910 2411 volvuntur
940 2342 993 2397 in
1024 2354 1204 2401 mente
1231 2363 1351 2416 qua:
1378 2363 1407 2401 a
1444 2348 1669 2405 terrenis
1697 2334 1837 2405 desi-

244 2421 411 2478 deriis
436 2441 707 2497 nunquam
736 2431 999 2488 levantur.
1024 2437 1291 2492 Animalia
1314 2454 1525 2509 quoque
1546 2449 1671 2494 sunt
1695 2442 1835 2496 intra

244 2518 506 2584 parietem
526 2563 541 2587 ,
567 2525 783 2592 quando
808 2526 928 2593 etsi
952 2543 1055 2597 qua
1080 2529 1191 2598 jam
1211 2532 1375 2599 justa,
1404 2532 1449 2586 si
1471 2550 1576 2602 qua
1608 2535 1834 2589 honesta

242 2610 574 2680 cogitantur,
597 2618 913 2684 appetendis
935 2629 1112 2677 tamen
1136 2622 1300 2677 lucris
1329 2625 1715 2693 temporalibus
1744 2626 1832 2680 ho-

242 2705 568 2791 noribusque
596 2707 906 2765 deserviunt
927 2728 942 2777 ;
967 2726 1021 2768 et
1053 2728 1149 2783 per
1168 2717 1451 2786 semetipsa
1475 2717 1694 2787 quidem
1718 2722 1831 2787 jam

240 2798 395 2863 quasi
438 2811 469 2852 a
507 2810 646 2854 terra
694 2816 959 2872 suspensa
1007 2816 1163 2871 sunt,
1213 2808 1307 2863 sed
1357 2808 1533 2863 adhuc
1578 2825 1670 2877 per
1718 2826 1833 2864 ain-

241 2887 411 2943 bitum
442 2894 591 2961 quasi
622 2910 718 2963 per
745 2897 881 2966 gulae
924 2888 1251 2955 desiderium
1284 2917 1404 2957 sese
1446 2905 1514 2957 ad
1563 2905 1667 2957 ima
1696 2905 1830 2961 sub-

240 2981 478 3037 mittunt.
507 2983 659 3040 Unde
701 2998 755 3040 et
796 2990 931 3044 bene
974 2992 1261 3046 subditur:
1294 2992 1362 3046 Et
1409 2995 1647 3048 universa
1688 2996 1829 3051 idola

237 3074 422 3126 domus
441 3073 610 3130 Israel
631 3079 833 3146 depicta
859 3093 1007 3135 erant
1030 3084 1082 3137 in
1108 3086 1323 3151 pariete.
1342 3085 1612 3154 Scriptum
1633 3089 1829 3157 quippe

236 3174 355 3219 est:
380 3163 449 3219 Et
469 3170 711 3234 avaritia,
737 3188 856 3242 quia
877 3183 951 3229 est
972 3175 1235 3229 idolorum
1253 3180 1463 3233 servitus
1492 3179 1712 3248 (Coloss.
1733 3196 1790 3236 Ill
1808 3223 1825 3248 ,

1945 1984 2044 2027 tem
2068 1973 2384 2039 Jerusalem,
2411 1983 2455 2025 et
2482 1974 2746 2028 ordinabis
2775 1976 3015 2027 adversus
3042 1990 3154 2027 eam
3183 1973 3534 2040 obsidionem,

1944 2076 1990 2121 et
2036 2068 2317 2136 (ediﬁcabis
2360 2067 2687 2133 munitiones,
2720 2075 2768 2120 et
2809 2066 3151 2133 comportabis
3193 2083 3454 2136 aggerem.
3485 2071 3535 2119 et

1943 2158 2086 2211 dabis
2116 2168 2294 2211 contra
2331 2175 2444 2212 eam
2474 2165 2673 2223 castra,
2705 2168 2752 2210 et
2781 2174 2934 2225 pones
2964 2159 3145 2211 arietes
3186 2158 3238 2209 in
3280 2174 3426 2227 gyro.
3461 2154 3534 2210 Et

1941 2261 1995 2302 tu
2024 2258 2167 2303 sume
2193 2250 2283 2302 tibi
2309 2250 2617 2319 sartaginem
2651 2252 2898 2319 ferream,
2931 2258 2978 2303 et
3007 2266 3162 2318 pones
3192 2258 3533 2302 eamtnturum

1940 2346 2161 2413 ferreum
2188 2345 2321 2397 inter
2348 2353 2395 2396 te
2422 2352 2470 2396 et
2508 2345 2638 2396 inter
2664 2343 2915 2396 civitatem
2946 2341 3161 2411 (Ezeclt.
3188 2358 3261 2407 tv,
3292 2346 3339 2409 I,
3369 2341 3526 2412 δρψ).

1868 2438 1889 2495 ,⁷
1938 2439 2103 2507 Cujus
2128 2441 2270 2494 enim
2304 2440 2553 2495 Ezechiel
2603 2440 2705 2494 nisi
2746 2442 3120 2510 magistrorum
3164 2440 3397 2508 Speciem
3444 2449 3527 2495 te-

1939 2532 2064 2586 net?
2100 2532 2189 2587 cui
2227 2532 2463 2585 dicitur:
2498 2531 2658 2586 Sume
2699 2532 2789 2584 tibi
2835 2534 3079 2599 laterem,
3120 2540 3167 2586 et
3209 2546 3367 2601 pones
3409 2546 3526 2585 euut

1938 2638 2113 2676 coram
2141 2633 2207 2688 te,
2237 2633 2284 2676 et
2313 2622 2563 2676 describes
2591 2624 2644 2675 in
2674 2639 2732 2675 eo
2771 2623 3022 2676 civitatem
3069 2602 3376 2677 Jerusalem.
3424 2624 3527 2677 Do-

1936 2723 2115 2769 ctores
2142 2714 2339 2784 quippe
2381 2716 2550 2770 sancti
2599 2715 2700 2769 sibi
2748 2715 2970 2769 laterem
3018 2724 3265 2781 sumunt,
3298 2715 3514 2784 quando

1937 2816 2209 2863 terrenum
2238 2822 2331 2862 cor
2357 2810 2656 2863 auditorum
2705 2815 2764 2862 ut
2808 2809 3035 2862 doceant
3082 2810 3515 2877 apprelnendunt.

1935 2884 2106 2968 Quem
2135 2903 2355 2956 laterem
2384 2917 2563 2956 coram
2592 2917 2650 2956 se
2681 2913 2917 2971 ponunt,
2946 2904 3065 2971 quia
3098 2910 3204 2956 tota
3251 2903 3379 2956 illud
3412 2898 3523 2955 sul-

1934 2993 2231 3049 licitudinis
2260 2995 2553 3048 intentione
2579 2994 2903 3049 custodiunt.
2948 2994 3003 3047 ln
3045 3009 3150 3065 quo
3173 3001 3227 3047 et
3251 2994 3521 3048 civitatem

1934 3087 2231 3144 Jerusalem
2276 3090 2443 3160 816
2485 3089 2739 3158 jnbentnr
2785 3089 3114 3151 describere,
3154 3088 3277 3159 quia
3326 3087 3522 3156 praedi-

1936 3180 2109 3234 cando
2138 3180 2368 3235 terrenis
2410 3182 2663 3235 cordibus
2705 3191 2893 3235 curant
2936 3195 3277 3250 summopere
3322 3188 3522 3250 quanta

236 3254 318 3324 5).
348 3255 516 3313 Recte
537 3274 667 3331 ergo
692 3273 812 3331 post
837 3267 1087 3321 animalia
1118 3269 1257 3324 idola
1281 3271 1674 3338 describuntur,
1700 3275 1825 3343 quia
1860 3258 1905 3320 C
1936 3274 2008 3326 sit
2035 3286 2283 3341 supernae
2314 3274 2460 3341 pacis
2490 3275 2625 3328 visio
2650 3275 3039 3329 demonstrare.
3070 3274 3164 3328 Cui
3197 3274 3333 3330 bene
3358 3275 3522 3329 etiam

234 3346 339 3403 etsi
368 3348 591 3407 honesta
622 3355 830 3410 actione
860 3360 1010 3426 quasi
1039 3374 1068 3413 a
1102 3370 1245 3416 terra
1284 3378 1345 3417 se
1371 3366 1611 3433 erigunt,
1655 3368 1829 3421 ambi-

236 3437 383 3497 tione
413 3450 590 3499 tumen
635 3446 915 3504 inhonesta
955 3452 1275 3521 semetipsos
1313 3455 1379 3509 ad
1413 3465 1612 3510 terrain
1659 3458 1827 3527 depo-

233 3545 388 3588 nunt.
423 3533 567 3591 Bene
606 3549 784 3595 autem
816 3542 1051 3597 dicitur:
1087 3544 1305 3615 Depicta
1336 3558 1507 3616 (rant,
1540 3550 1660 3617 quia
1697 3552 1824 3605 dum

232 3628 559 3685 exteriorum
589 3647 766 3688 rerum
797 3635 1121 3693 intrinsecus
1149 3639 1359 3708 species
1382 3642 1741 3712 attrahuntur,
1768 3644 1823 3700 in

233 3719 399 3775 corde
420 3724 571 3790 quasi
601 3727 904 3797 depingitur
932 3732 1189 3800 quidquid
1217 3733 1355 3787 lictis
1385 3734 1708 3805 imaginibus
1731 3752 1824 3792 co-

230 3812 457 3880 gitatur.

303 3903 449 3975 [γει.
483 3905 574 3981 γ.]
601 3907 655 3962 8.
689 3910 915 3968 [lectoris
944 3916 1234 3972 animarum
1261 3920 1316 3974 in
1337 3923 1630 3976 scrutandis
1652 3923 1822 3978 cordis

227 3996 451 4071 piaculis
480 4000 566 4069 pia
595 4005 853 4058 severitas.
891 4007 990 4072 Qui
1024 4025 1054 4060 a
1095 4013 1412 4080 correptione
1453 4022 1645 4080 cessat,
1676 4017 1823 4069 dam-

232 4088 348 4141 nari
376 4099 589 4185 metuat.
612 4122 680 4133 —
707 4088 1005 4152 Notandum
1038 4101 1214 4172 itaque
1241 4113 1325 4159 est
1349 4106 1469 4174 quia
1504 4108 1649 4175 prius
1681 4108 1823 4162 lora-

230 4196 357 4237 men
390 4184 444 4238 in
492 4187 714 4255 pariete,
748 4206 810 4247 ac
836 4192 1032 4249 deinde
1078 4197 1269 4251 ostium
1314 4201 1571 4268 cernitur,
1600 4210 1653 4255 et
1697 4211 1823 4257 tunc

229 4273 453 4330 demum
483 4280 687 4333 occulta
716 4283 1041 4339 abominatio
1066 4286 1486 4356 demonstratur,
1512 4292 1631 4359 quia
1665 4293 1824 4347 nimi-

228 4381 354 4422 rum
404 4370 820 4444 uniuscujusque
861 4381 1065 4446 pei-cati
1115 4382 1261 4450 prius
1309 4385 1457 4453 signa
1500 4386 1819 4454 forinsecus,

226 4458 433 4516 deinde
457 4462 617 4533 janua
657 4479 854 4535 aperta:
902 4470 1194 4540 iniquitatis
1242 4478 1563 4544 ostenditur,
1603 4490 1656 4533 et
1697 4490 1824 4536 tunc

228 4554 454 4609 demum
494 4572 669 4613 omne
698 4559 895 4614 malum
926 4564 1066 4631 quod
1100 4566 1240 4619 intus
1284 4569 1409 4622 latet
1438 4570 1695 4637 aperitur.
1729 4571 1818 4625 ld-

1932 3363 2173 3419 dicitur:
2218 3362 2286 3417 Et
2327 3366 2591 3419 ordinabis
2640 3367 2883 3421 adversus
2930 3383 3044 3420 eam
3090 3367 3431 3432 obsidionem,
3475 3375 3526 3421 et

1932 3454 2214 3522 (ediﬁcabis
2256 3457 2583 3510 munitiones.
2624 3459 2806 3512 Sancti
2846 3460 2990 3511 enim
3022 3456 3398 3526 prmdicatures
3425 3456 3524 3510 ob-
3564 3494 3567 3497 -

1930 3547 2195 3603 sidionem
2227 3548 2370 3602 circa
2400 3549 2619 3603 laterem
2653 3550 2706 3602 in
2748 3563 2856 3619 quo
2884 3549 3180 3604 Jerusalem
3207 3549 3396 3604 civitas
3422 3548 3520 3604 de-

1930 3643 2129 3711 scripta
2152 3650 2236 3695 est
2263 3641 2543 3711 ordinant,
2572 3643 2785 3710 quando
2808 3653 3033 3698 terrente
3064 3642 3263 3707 menti,
3287 3642 3383 3697 sed
3409 3643 3522 3711 jam

1929 3749 2218 3803 supernam
2252 3736 2477 3803 patriam
2511 3736 2829 3804 requirenti,
2857 3746 3055 3807 quanta
3085 3750 3204 3791 eam
3252 3737 3308 3791 in
3360 3736 3523 3806 liujus

1928 3827 2055 3881 vitae
2090 3837 2329 3895 tempore
2360 3830 2608 3897 vitiorum
2638 3829 2915 3899 impugnet
2956 3828 3255 3885 adversitas
3285 3830 3511 3886 demon-

1928 3928 2124 3975 strant.
2149 3922 2279 3974 Cum
2311 3921 2452 3974 enim
2496 3923 2908 3991 unumquodque
2947 3933 3222 3992 peccatum
3245 3923 3514 3992 quomodo

1929 4015 2097 4070 menti
2128 4015 2416 4070 insidietur
2441 4016 2773 4093 ostenditur,
2793 4015 2942 4084 quasi
2970 4015 3181 4070 obsidio
3203 4015 3345 4068 circa
3370 4013 3527 4069 Jeru-

1929 4094 2095 4163 salem
2138 4110 2406 4163 civitatein
2449 4123 2580 4163 voce
2634 4108 3004 4176 praidicatoris
3054 4108 3354 4163 ordinatur.
3406 4104 3518 4161 Sed

1930 4203 2055 4267 quia
2100 4215 2207 4254 non
2252 4201 2427 4255 solum
2462 4200 2736 4254 insinuant
2775 4201 3045 4268 quomodo
3096 4210 3328 4256 mentem
3381 4200 3517 4254 insi-
3604 4240 3611 4251 .

1928 4290 2130 4345 diantia
2161 4290 2285 4344 vitia
2317 4298 2654 4362 expugnent,
2688 4289 2782 4344 sed
2823 4292 2980 4343 etiam
3030 4290 3297 4359 quomodo
3338 4300 3519 4345 custo-

1928 4384 2055 4439 ditte
2102 4385 2327 4438 virtutes
2368 4385 2646 4448 roborent,
2680 4392 2825 4438 recte
2864 4382 3234 4452 subjungitur:
3263 4381 3327 4435 Et
3351 4382 3522 4450 redi/i-

1929 4476 2067 4529 cabis
2085 4476 2411 4529 munitiones.
2427 4475 2744 4529 Munitiunes
2760 4474 2952 4544 quippe
2969 4483 3187 4529 sanctus
3207 4476 3522 4542 praedicator

1931 4567 2178 4634 aediﬁcat,
2212 4567 2425 4637 quando
2455 4583 2573 4635 qua:
2615 4569 2840 4620 virtutes
2879 4564 3071 4634 quibus
3109 4566 3251 4619 vitiis
3273 4566 3520 4630 ubsient,

225 4648 385 4703 circo
417 4665 544 4720 ergo
574 4653 748 4707 solent
786 4656 944 4709 etiam
973 4660 1142 4713 sancti
1177 4659 1425 4714 doctores
1450 4665 1686 4731 graviter
1717 4664 1820 4717 mi-
1856 4653 1910 4715 Ι)
1938 4660 2212 4714 insinuare
2241 4675 2347 4713 non
2370 4668 2563 4712 cessat.
2601 4658 2667 4711 Et
2692 4658 2813 4726 quia
2843 4656 3129 4711 virtutibus
3159 4655 3525 4711 crescentibus

227 4752 367 4793 nuta
397 4740 687 4808 discutere,
714 4753 740 4781 ι
764 4756 820 4799 ut
862 4748 930 4802 ab
959 4750 1215 4805 extremis
1246 4753 1601 4808 exterioribus
1629 4753 1694 4809 ad
1739 4770 1831 4811 oc-

223 4830 382 4883 culta
416 4831 622 4899 possint
650 4834 855 4905 majora
888 4826 1187 4905 pervenire.
1222 4840 1393 4894 Verba
1420 4856 1624 4910 aspera:
1655 4844 1831 4900 incre-

226 4925 474 4990 pationis
518 4939 767 4993 movent,
812 4939 870 4983 ut
918 4934 1101 5000 spinas
1150 4933 1443 4988 mortiferas
1492 4936 1830 5003 cogitationis

223 5014 545 5083 eradicent;
576 5025 630 5073 ct
660 5020 771 5073 lucc
796 5034 918 5075 cum
960 5032 1153 5091 agunt,
1194 5025 1470 5079 cliaritatis
1508 5040 1691 5080 arnore
1722 5042 1829 5079 sa:-

225 5107 427 5174 viunt,
478 5124 583 5165 non
635 5111 907 5168 inﬂatione
960 5114 1207 5171 elationis
1257 5118 1634 5172 intumescunt.
1691 5116 1824 5172 Muri

224 5199 388 5253 enim
415 5215 514 5269 pro
537 5203 664 5272 ipsis
692 5206 860 5272 parati
889 5215 1043 5273 sunt,
1068 5222 1200 5277 quos
1222 5210 1371 5278 quasi
1399 5224 1566 5280 usque
1588 5209 1656 5265 ad
1681 5225 1826 5265 mor-

311 5364 343 5394 ιι
377 5355 449 5411 Ita
484 5358 612 5415 Mss.
636 5359 871 5431 Anglia.
898 5360 1109 5426 Norm.,
1138 5363 1344 5429 Baluz.,
1369 5363 1543 5428 Colb.,
1568 5363 1820 5431 Vindem,

223 5426 471 5502 ἸΨ-ουτ,
494 5440 598 5484 etc.
632 5430 684 5484 In
715 5426 821 5484 vel.
857 5433 994 5487 Edit.
1023 5432 1217 5502 Paris.,
1236 5446 1298 5493 ,ιιι
1322 5426 1382 5486 ab
1414 5426 1652 5489 extremis
1682 5426 1824 5489 erro;

222 5498 401 5572 ribus.
437 5499 490 5553 In
534 5512 735 5555 recent.
778 5502 1035 5572 Vulgatis,
1066 5513 1123 5556 ut
1169 5498 1231 5556 ab
1277 5511 1497 5558 externis
1546 5507 1821 5560 erroribus.

226 5570 582 5624 Prrefirenda
620 5572 747 5627 Mss.
779 5570 955 5638 lentio,
982 5576 1032 5627 in
1063 5591 1163 5637 qua
1188 5577 1409 5629 ailnsutn
1442 5578 1649 5629 videtur
1670 5577 1733 5630 ad
1760 5592 1823 5631 ea

224 5656 363 5718 qua
405 5656 793 5709 przeeesserunt
824 5662 835 5695 :
869 5646 1149 5699 notandum
1189 5648 1359 5716 itaque
1400 5659 1470 5706 est
1512 5648 1631 5718 quia
1678 5650 1822 5718 prius

227 5713 353 5781 {ora
362 5729 473 5764 men
488 5754 501 5775 ,
522 5726 631 5779 etc.

306 5780 338 5821 Β
373 5782 597 5859 )I'itnlnc.
627 5794 681 5839 et
708 5783 925 5844 Pratel..
951 5804 1006 5841 se
1032 5792 1372 5859 inﬂammant.

309 5862 336 5890 ε
368 5852 429 5910 In
453 5854 654 5910 Turon.
676 5863 732 5910 et
756 5859 1022 5915 nonnullis
1045 5852 1237 5917 vetu5t.
1266 5864 1386 5916 Mss.
1402 5900 1415 5917 .
1437 5862 1733 5916 Jezecltieli.
1750 5860 1826 5916 Ac

1944 4755 2255 4822 plerumque
2278 4752 2417 4808 bella
2445 4751 2754 4805 tentationis
2777 4761 3057 4820 augentur,
3078 4752 3231 4804 recte
3249 4748 3421 4803 adhuc
3441 4748 3528 4800 ad-

1942 4845 2122 4900 ditur:
2157 4842 2224 4896 Et
2258 4842 2597 4912 comportabis
2623 4857 2889 4912 aggerem;
2917 4850 2964 4899 et
3006 4841 3151 4893 dabis
3188 4846 3370 4892 contra
3408 4850 3525 4890 eam

1940 4947 2127 4999 castra,
2151 4945 2197 4988 et
2227 4949 2381 5002 penes
2402 4935 2581 4987 arietes
2604 4934 2657 4985 in
2679 4950 2823 5003 gyro.
2845 4935 3104 5003 Aggerem
3134 4945 3362 4999 namque
3382 4944 3524 4982 rom-

1942 5034 2149 5096 portat,
2176 5025 2389 5095 quando
2420 5023 2736 5093 prcedicator
2763 5025 2987 5095 quisque
3009 5024 3203 5083 molem
3228 5018 3524 5077 crescentis

1938 5118 2246 5174 tentationis
2277 5117 2492 5172 indicat.
2528 5118 2593 5171 Et
2618 5128 2799 5173 contra
2822 5118 3117 5173 Jerusalem
3143 5123 3317 5171 castra
3341 5112 3519 5181 erigit,

1934 5210 2149 5282 quando
2194 5219 2357 5266 rcctte
2403 5210 2684 5265 intentioni
2713 5210 3041 5266 audientium
3075 5208 3102 5246 ἀ
3133 5207 3302 5263 hostis
3343 5200 3527 5259 callidi

1933 5365 2092 5427 intra,
2120 5362 2399 5418 Jezecltirl.

2004 5433 2029 5471 ἀ
2061 5435 2156 5489 llic
2202 5436 2252 5488 in
2302 5436 2517 5490 diversa
2556 5436 2755 5491 abeunt
2785 5434 2909 5487 Mss.
2943 5432 3167 5500 Longip.
3199 5432 3394 5486 habet:
3426 5432 3519 5484 Ito-

1929 5514 2030 5560 stes
2053 5507 2269 5559 callidos
2291 5510 2713 5568 circumspectans
2736 5507 2909 5572 quasi,
2935 5514 3037 5556 etc.
3064 5503 3287 5563 Turon.,
3313 5505 3521 5572 quando

1930 5587 2081 5630 recta:
2118 5579 2385 5630 intentioni
2418 5578 2734 5629 audientium
2773 5574 3048 5642 patefacit,
3076 5584 3122 5626 et
3150 5574 3299 5641 quasi
3328 5575 3524 5627 incom-

1933 5649 2293 5715 prehensibiles
2321 5648 2536 5699 insidias
2566 5646 2815 5712 prredicit.
2844 5645 3213 5709 ltalnz.,Culn.
3232 5655 3283 5698 et
3307 5646 3515 5711 Norm.,

1933 5719 2094 5772 hostis
2114 5718 2295 5770 callidi
2316 5723 2706 5784 circumspectus
2727 5716 2945 5782 etquasi
2966 5716 3514 5781 iucomprehensibiles,

1934 5802 2040 5844 etc.
2075 5789 2129 5842 ιη
2175 5797 2279 5842 vet.
2321 5787 2461 5841 Edit.
2495 5786 2664 5843 Paris.
2687 5798 2741 5841 et
2773 5785 2960 5851 Basil.,
3003 5788 3446 5856 incircumspectns
3478 5799 3524 5839 et

1934 5861 2112 5926 quasi,
2135 5868 2241 5913 etc.
