4024 6352
592 264 695 332 389

3777 132 3793 171 I

1792 267 2042 328 SANCTI
2079 266 2404 329 GREGORII
2443 270 2663 330 MAGNI
2954 280 2959 289 ι
3717 289 3803 353 ιω

588 396 881 454 revocant,
907 400 1028 459 qum
1050 399 1148 443 nos
1172 384 1240 441 ab
1260 397 1327 441 eo
1349 382 1487 439 male
1511 383 1680 439 electa
1708 382 2027 439 diviserunt.
2054 384 2175 439 Eliu
2200 389 2258 451 Α
2282 384 2602 454 prospicitur
2649 397 2807 457 paena
2850 398 2971 456 quae
3022 390 3255 454 terreat,
3304 388 3398 446 sed
3440 392 3621 456 clausis
3659 408 3806 466 oculis

589 481 772 553 itaque
792 527 807 551 ,
840 489 897 536 ut
929 480 1034 535 vim
1060 475 1508 534 considerationis
1538 474 1881 542 admoveret,
1914 485 2081 546 atque
2106 492 2175 531 ex

590 574 867 645 corporeis
894 570 1056 627 rebus
1084 570 1396 626 ostenderet
1424 577 1626 638 quanto
1654 568 1720 623 sit
1753 567 1973 623 homine
1999 567 2180 623 excel-

587 664 703 720 sior
732 665 874 721 Beus
894 706 910 730 ,
943 664 1077 719 bene
1109 662 1287 716 intulit
1314 678 1327 715 :
1365 658 1584 731 Suscipe
1613 662 1797 715 caelum
1820 704 1837 728 ,
1868 671 1915 715 et
1944 661 2175 729 intuere,
2210 724 2213 733 ι

570 758 637 813 et
683 759 1027 838 contemplare
1073 736 1441 824 tet/teravquod
1482 738 1728 810 ialtiorJe
1756 756 1839 810 sit.
1876 756 2176 824 lpsisenim
2244 820 2255 825 -

586 850 750 906 rebus
781 865 975 905 creatis
999 855 1161 918 atque
1188 847 1464 916 corporeis
1490 848 1834 917 agnoscimus
1861 856 2116 916 quantum
2146 864 2178 903 a

590 941 851 996 creatoris
883 939 1051 993 nostri
1085 934 1412 992 sublimitate
1444 938 1719 1002 distamus,
1755 938 1876 1006 quia
1903 953 1998 1006 per
2018 952 2178 993 omne

586 1030 727 1101 quod
760 1030 1033 1085 cernimus
1062 1043 1184 1083 esse
1217 1028 1455 1107 humiles
1487 1026 1863 1092 admonemur,
1921 1036 1977 1080 ut
2025 1027 2178 1097 quasi

584 1123 830 1194 quaedam
859 1124 926 1178 sit
956 1123 1119 1179 lectio
1144 1132 1169 1159 ι
1196 1124 1362 1177 menti
1388 1131 1585 1177 nostrae
1606 1122 1815 1191 species
1841 1121 2176 1176 considerata

586 1224 873 1269 creaturae.
906 1213 1054 1267 Dicat
1085 1227 1213 1283 ergo
1239 1231 1253 1266 :
1289 1211 1510 1284 Suscipe
1538 1212 1754 1277 omium;
1787 1220 1835 1265 et
1865 1212 2064 1266 intuere
2084 1253 2099 1277 ,
2131 1221 2178 1266 et
2213 1254 2219 1273 .

583 1306 934 1374 contemplare
963 1305 1157 1359 (ethera
1184 1306 1327 1375 quod
1356 1305 1513 1358 altior
1540 1313 1588 1357 te
1629 1305 1714 1357 sit.
1757 1303 1819 1358 Si
1860 1304 2175 1371 peccaveris,

581 1397 707 1466 quid
735 1396 782 1448 ei
812 1395 1051 1450 nocebit?
1077 1405 1125 1449 et
1164 1395 1209 1448 si
1246 1395 1605 1463 multiplicant
1648 1394 1841 1463 fuerint
1883 1393 2180 1462 iniquitates

580 1496 713 1553 tuae,
745 1487 867 1555 quid
908 1489 1064 1557 facies
1109 1496 1290 1540 contra
1332 1487 1487 1541 eum?
1526 1485 1694 1540 Porro
1734 1489 1778 1539 si
1808 1491 1952 1560 juste
1979 1484 2175 1557 egeris,

580 1580 704 1648 quid
729 1579 949 1633 donabis
978 1581 1023 1633 ei
1046 1619 1060 1643 ,
1091 1589 1180 1632 aut
1207 1579 1331 1647 quid
1360 1579 1609 1633 de’manu
1638 1588 1727 1631 tua
1755 1579 2008 1647 accipiet?
2029 1578 2106 1632 Ac
2132 1577 2177 1631 si

582 1671 791 1724 diceret
817 1688 831 1725 :
866 1670 946 1725 Ex
989 1671 1119 1739 ipsis
1149 1672 1416 1725 creaturis
1448 1670 1691 1743 intellige‘
1716 1686 1851 1741 quas
1878 1671 2097 1725 altiores
2126 1679 2177 1725 te

2282 475 2459 532 cordis
2492 492 2558 532 eo
2588 477 2763 559 anima
2796 478 3160 548 praecipitatur
3188 479 3242 534 in
3276 480 3495 551 inlunis,
3524 504 3621 559 quo
3646 494 3807 553 obscu.

2282 576 2429 656 ratur;
2456 585 2485 625 a
2514 558 2789 636 summis;
2824 582 2875 627 et
2923 580 3072 626 tanto
3104 574 3346 628 securius
3379 578 3506 634 mala
3539 558 3810 653 temporalia

2286 672 2594 731 perpetrat,
2625 672 2826 733 quanto
2855 664 3042 719 durius
3074 665 3215 719 bona
3245 676 3438 722 teterna
3466 670 3708 740 desperat.

2358 753 2504 827 [νει.
2540 765 2588 809 et
2624 755 2747 809 Rec.
2782 753 2914 828 IX.)
2952 756 3044 811 2|.
3086 754 3219 811 Mali
3250 757 3404 814 bonos
3437 768 3686 827 premendo
3711 788 3814 838 pur.

2282 851 2424 912 gant.
2453 874 2521 915 -έ
2550 844 2652 899 Sed
2686 845 2781 899 ista
2817 846 3167 914 reprobornm
3211 851 3441 917 nequitia
3474 855 3663 917 tritura;
3692 876 3815 917 more

2282 936 2574 991 electorum
2603 938 2762 992 vitam
2786 940 2935 1007 quasi
2957 954 3125 1009 grana
3150 958 3177 994 a
3204 942 3368 1009 paleis
3395 959 3654 1012 separatis,
3679 959 3700 986 ο
3723 969 3817 1019 pre-

2282 1027 2377 1081 mit
2399 1039 2455 1081 ιιι
2481 1042 2687 1097 purget.
2713 1028 2834 1083 Mali
2860 1034 3001 1083 cnim
3036 1032 3207 1084 bonos
3228 1033 3394 1101 magis
3414 1035 3479 1087 ab
3500 1035 3646 1102 hujus
3666 1043 3817 1095 mundi

2282 1119 2567 1174 desideriis
2592 1121 2913 1189 expediunt,
2946 1121 3071 1174 dum
3099 1121 3376 1188 affligunt;
3405 1123 3521 1193 quia
3546 1128 3661 1179 dum
3688 1130 3821 1185 multa

2282 1212 2363 1267 eis
2396 1213 2481 1268 hic
2511 1212 2745 1268 violenta
2786 1213 3075 1285 ingerunt,
3123 1214 3379 1269 festinare
3424 1216 3544 1271 illos
3590 1216 3606 1255 ί
3650 1219 3710 1274 ad
3752 1238 3823 1275 su-

2289 1319 2453 1372 perna
2486 1305 2836 1373 compellunt.
2868 1306 3020 1371 Quod
3066 1306 3203 1362 bene
3243 1306 3313 1361 de
3351 1307 3627 1363 Israelitico
3665 1315 3826 1381 populo

2288 1403 2519 1450 vocante
2549 1395 2730 1466 Moyse
2760 1407 2815 1451 et
2847 1397 3122 1452 Pharaone
3155 1414 3279 1467 rege
3313 1401 3561 1454 swvienae
3598 1403 3822 1467 signatum

2244 1478 2247 1485 ’
2282 1500 2363 1543 est
2395 1488 2609 1560 (Exod.
2646 1504 2732 1557 ιιι,
2764 1490 2851 1559 7).
2886 1491 3036 1544 'l'unc
3068 1506 3298 1559 namque
3331 1491 3537 1562 Moyses
3564 1493 3624 1546 ad
3659 1509 3827 1547 vocan-

2281 1578 2408 1633 dttm
2442 1582 2635 1635 missus
2668 1590 2786 1647 est,
2821 1596 2940 1634 cum
2970 1580 3081 1649 jam
3116 1580 3323 1635 Pharao
3353 1582 3497 1635 duris
3524 1582 3753 1647 opertbus
3777 1584 3826 1638 ad

2285 1671 2697 1738 opprimendum
2736 1672 2911 1725 fuerat
2938 1675 3223 1733 excitatus,
3251 1681 3310 1724 ut
3334 1670 3682 1727 Israeliiarutn
3708 1689 3829 1729 mett-

580 1775 708 1816 esse
738 1761 1092 1832 corporaliter
1122 1761 1303 1828 vides,
1339 1771 1597 1830 quantum
1629 1776 1659 1814 a
1690 1762 1887 1815 divina:
1920 1761 2173 1831 potentia:
2204 1774 2252 1834 Β
2286 1769 2371 1816 tes
2399 1761 2635 1831 Egypto
2664 1760 2985 1816 deformiter
3016 1763 3377 1825 inlucrentes.
3405 1764 3540 1817 alius
3564 1764 3680 1817 dum
3706 1780 3831 1818 voca-

577 1854 913 1909 sublimitate
940 1854 1264 1925 disjungeris
1294 1872 1308 1921 ;
1342 1866 1502 1924 atque
1528 1869 1591 1909 ex
1622 1854 1722 1909 hac
1750 1864 1835 1909 tua
1867 1856 2178 1909 considera-

582 1944 729 1999 tione
758 1945 956 2013 collige
982 1945 1105 2014 quia
1138 1944 1303 1999 Deum
1338 1959 1438 2000 nec
1479 1944 1619 2000 bene
1655 1945 1887 2000 vivendo
1914 1943 2171 2015 adjuves,

582 2054 683 2094 nec
713 2053 901 2095 rursus
932 2038 1089 2093 malis
1122 2040 1426 2094 actionibus
1456 2054 1668 2109 graves.

591 2188 595 2193 ,
652 2130 742 2187 19.
781 2132 990 2201 Angelis
1020 2131 1296 2199 inferiores
1338 2148 1513 2185 sumus
1539 2173 1554 2195 ,
1598 2142 1787 2199 quanto
1829 2132 1994 2203 magis
2024 2129 2177 2185 Deo!

576 2223 736 2279 —Si
777 2238 946 2290 vero,
992 2223 1133 2278 sicut
1184 2224 1431 2291 superius
1482 2224 1749 2291 diximus,
1804 2225 1856 2280 in
1904 2226 2043 2281 cmlo
2091 2226 2175 2280 vel

579 2316 785 2370 :ethere
810 2328 1096 2383 supernas
1138 2324 1433 2384 potestates
1474 2317 1802 2383 accipimus,
1842 2318 2018 2372 verbis
2058 2317 2175 2371 istis

579 2406 751 2477 820
787 2405 904 2460 Elin
949 2405 1294 2462 considerare
1342 2423 1439 2461 nos
1478 2407 1763 2475 admonet,
1810 2418 1866 2462 ut
1906 2410 2029 2479 quia
2072 2407 2176 2477 ipsi

579 2495 814 2565 angelici
864 2497 1087 2565 Spiritus
1138 2500 1399 2553 creatoris
1450 2500 1621 2555 nostri
1676 2500 1970 2568 potentiam
2018 2502 2176 2569 plene

577 2589 937 2659 contemplari
970 2606 1077 2646 non
1112 2593 1469 2659 possunt,'de
1510 2594 1703 2663 quibus
1748 2603 1924 2650 tamen
1968 2606 2172 2650 certum

580 2688 665 2735 est
696 2682 819 2751 quia
852 2681 1005 2736 nobis
1037 2698 1104 2737 co
1130 2683 1247 2752 ipso
1274 2684 1496 2738 altiores
1524 2693 1651 2738 sunt
1680 2700 1785 2755 quo
1829 2685 1964 2754 lapsi
2007 2688 2059 2740 in
2098 2690 2176 2765 in-

577 2774 719 2829 limis
751 2790 857 2829 non
891 2785 1055 2842 sunt,
1082 2777 1336 2831 videlicet
1364 2778 1680 2848 colligamus
1720 2791 1919 2849 quanto
1950 2781 2060 2836 Deo
2092 2782 2175 2836 in-

573 2860 805 2920 feriores
852 2866 1168 2932 existimas,
1209 2869 1300 2937 qui
1342 2870 1504 2923 etiam
1544 2870 1804 2926 creaturis
1851 2873 2173 2928 sublimibus

573 2955 673 3010 scil
702 2958 858 3024 longe
884 2958 978 3011 illo
1006 2958 1348 3014 inferioribus
1374 2962 1736 3030 Sttbjacemtts.
1762 2966 1837 3017 Ac
1862 2964 1907 3018 si
1934 2965 2169 3020 diceret:

575 3046 710 3102 Vide
739 3058 995 3116 quantum
1026 3064 1058 3105 a
1087 3050 1266 3105 divina
1294 3052 1615 3109 celsitudine
1641 3056 1935 3125 separaris,
1962 3073 1989 3110 a
2020 3058 2173 3125 cujus

2288 1862 2374 1909 ret
2399 1855 2550 1922 quasi
2586 1854 2853 1917 traheret,
2889 1853 3029 1906 alius
3056 1854 3208 1922 quasi
3243 1854 3543 1921 impelleret
3564 1856 3679 1907 dum
3702 1855 3833 1909 saevi-

2283 1958 2367 2005 ret
2392 1966 2407 2016 ;
2447 1960 2501 2004 et
2528 1949 2680 2019 plebs
2713 1949 2764 2003 in
2795 1950 3017 2003 servitio
3044 1948 3276 2017 turpiter
3306 1948 3409 2003 lixa
3432 1989 3446 2012 ,
3475 1948 3555 2000 vel
3589 1957 3829 2015 provocato

2238 2086 2247 2093 .
2282 2041 2473 2107 bonis,
2514 2042 2599 2096 vel
2639 2042 2797 2096 ntalis
2840 2040 3065 2110 impulsa
3111 2040 3444 2095 moverefur.
3492 2040 3602 2093 lioc
3638 2032 3833 2108 quotidie

2289 2134 2487 2203 agitur,
2516 2132 2643 2187 dum
2673 2131 2979 2201 pracdicatis
3010 2130 3326 2185 ccelestibus
3368 2129 3633 2199 przentiis,
3677 2127 3832 2185 seviro

2281 2224 2335 2279 in
2367 2225 2570 2280 electos
2603 2224 2819 2292 reprobi
2853 2224 3260 2291 permittuntur,
3295 2228 3358 2275 ut
3388 2221 3432 2275 si
3478 2220 3545 2274 ad
3585 2217 3834 2287 repromis-

2281 2317 2449 2372 sionis
2480 2326 2675 2389 terram
2706 2317 2875 2369 vocati
2905 2313 3054 2371 exire
3081 2312 3438 2382 negligimus,
3478 2309 3730 2380 pressuris
3754 2306 3836 2361 sal-

2282 2420 2392 2465 tem
2442 2398 2787 2465 smvientibus
2818 2408 3175 2477 impellamur,
3211 2417 3374 2474 atque
3418 2403 3531 2459 haec
3578 2402 3834 2473 Egyptus,

2286 2504 2540 2558 videlicet
2571 2502 2676 2556 vita
2704 2516 2965 2569 praesens,
2991 2514 3109 2567 qme
3140 2513 3237 2551 nos
3268 2497 3542 2566 Oppressit
3574 2493 3833 2555 blandiens,

2282 2594 2501 2664 adjuvet
2533 2608 2820 2659 premens;
2848 2601 2904 2646 et
2932 2605 3054 2660 «lita:
3083 2590 3210 2644 dum
3241 2586 3413 2652 fovit,
3445 2584 3716 2642 servitutis
3738 2584 3838 2654 iugo

2278 2685 2562 2750 contrivit,
2586 2682 2852 2739 libertatis
2876 2682 3015 2735 viam
3040 2680 3166 2735 dum
3191 2677 3403 2733 cruciat
3424 2675 3683 2732 ostendat.
3703 2684 3724 2721 ε
3743 2674 3839 2727 llaec

2279 2777 2463 2845 utique
2520 2789 2686 2830 causa
2743 2782 2824 2830 cst
2873 2773 3014 2842 qttod
3069 2772 3137 2826 ab
3185 2770 3405 2840 iujt'stis
3453 2769 3580 2839 justi
3630 2769 3838 2821 sinuntur

2278 2865 2478 2935 afﬂigi,
2532 2873 2589 2919 ut
2641 2865 2848 2919 scilicet
2901 2864 3029 2917 dum
3080 2859 3263 2915 futura
3306 2859 3537 2914 audiunt
3583 2857 3716 2912 bona
3749 2866 3841 2922 qua

2277 2959 2526 3029 cupiant,
2571 2961 2842 3029 patiantur
2880 2959 3041 3013 etiam
3087 2956 3226 3011 mala
3268 2953 3560 3024 przesentia
3599 2964 3712 3021 quae
3747 2960 3841 3015 per-

2284 3051 2642 3117 horrescant,
2682 3059 2842 3119 atque
2878 3049 2944 3103 ad
2985 3047 3283 3102 faciliorem
3334 3046 3540 3100 exitum
3578 3043 3697 3097 dum
3724 3050 3845 3091 amor

574 3141 812 3211 potentia
840 3142 999 3196 etiam
1028 3140 1057 3180 δ
1091 3152 1383 3211 porestates
1411 3144 1515 3200 illae
1547 3145 1849 3202 humilitate
1877 3149 2170 3205 contremi-
2198 3161 2244 3225 ς
2279 3152 2565 3214 provocat,
2619 3145 2891 3198 cruciatus
2944 3139 3205 3211 impellat.
3272 3138 3429 3194 Unde
3491 3136 3610 3191 Elin
3654 3129 3839 3188 eosdem

578 3238 736 3285 scunt
765 3246 886 3300 quae
917 3239 967 3285 te
1000 3232 1265 3287 immensa
1295 3234 1632 3291 sublimitate
1663 3238 2083 3307 transcendunt,
2116 3249 2173 3295 et

578 3331 777 3391 quanto
805 3321 921 3390 ipse
940 3338 1154 3378 summo
1179 3324 1398 3380 iulerior
1419 3341 1495 3390 es,
1522 3327 1614 3397 qui
1642 3326 1949 3384 inferiorem
1974 3339 2027 3385 te
2050 3345 2171 3388 esse

576 3406 738 3465 etiam
780 3410 1131 3467 inferioribus
1172 3413 1567 3484 deprehendis.-
1595 3427 1617 3455 ο
1666 3418 2013 3477 Ostendeudo
2041 3436 2171 3478 vero

576 3504 788 3558 summa
806 3546 822 3573 ,
851 3503 1063 3561 reducit
1090 3506 1157 3561 ad
1184 3507 1411 3577 aequalia
1430 3553 1445 3579 ,
1475 3518 1637 3580 atque
1664 3510 1741 3565 ait
1768 3528 1783 3565 :

1170 3623 1399 3681 CAPUT
1437 3625 1597 3681 ΧΙΙΙ.-

645 3711 810 3772 Vens.
853 3715 909 3771 8.
948 3744 1019 3758 —
1058 3715 1275 3772 Homini
1308 3721 1396 3787 qui
1424 3720 1609 3775 similis
1640 3722 1715 3775 tui
1740 3731 1814 3777 est
1840 3725 2035 3779 nocebit
2072 3725 2171 3779 imo

575 3804 740 3876 pielas
773 3816 891 3871 tua,
933 3818 980 3861 et
1006 3808 1175 3877 ﬁlium
1214 3808 1436 3864 hominis
1465 3812 1725 3882 adjuvabit
1747 3815 1956 3885 justitia
1981 3825 2092 3868 tua.

645 3898 738 3953 90.
782 3898 954 3954 Homo
986 3900 1184 3955 homini
1212 3918 1394 3958 nocere
1419 3914 1508 3957 aut
1547 3905 1789 3976 prodesse
1829 3916 2026 3977 potest,
2067 3924 2171 3962 non

571 3990 792 4061 angelis.
816 3990 893 4061 (l,
912 3991 1164 4060 quiest-4,
1188 4010 1305 4050 can.
1330 3993 1594 4065 Homini.)
1618 4026 1688 4037 —
1715 3995 1953 4051 Humana
1986 3998 2169 4067 impie-

572 4091 656 4136 tas
686 4080 735 4136 ei
768 4092 957 4148 nocet,
991 4098 1152 4153 quem
1188 4086 1554 4152 pervertendo
1585 4087 1847 4157 inquinat.
1884 4089 1947 4143 Et
1977 4103 2166 4143 rursus

574 4187 699 4229 eum
728 4171 946 4242 adjuvat
969 4183 1150 4228 nostra
1176 4172 1382 4244 juSIitia
1407 4190 1567 4245 quem
1596 4190 1624 4229 a
1653 4177 1833 4245 pravis
1862 4178 2167 4235 actionibus

572 4266 841 4321 immutat.
863 4266 1069 4321 Nocere
1095 4269 1238 4322 enim
1262 4268 1344 4324 vel
1364 4268 1553 4339 jnvare
1580 4270 1825 4325 nesciunt
1852 4286 1913 4326 ea
1940 4288 2059 4341 qua:
2082 4273 2167 4327 vel

578 4368 610 4409 ιι
640 4354 781 4410 bono
809 4370 1157 4425 corrumpere
1188 4359 1274 4414 vel
1315 4374 1344 4412 a
1387 4361 1529 4416 malo
1562 4372 1868 4429 permutare
1898 4378 2003 4417 non
2037 4377 2166 4432 pos-

570 4456 724 4507 sunt.
768 4447 1023 4517 Supernae
1066 4450 1228 4517 igitur
1266 4460 1558 4521 potestates
1601 4467 1666 4507 eo
1707 4453 1827 4508 lardi
1868 4458 1950 4509 vel
1990 4455 2164 4525 juvari

2280 3238 2493 3291 labores
2536 3237 2837 3292 electorum
2885 3233 2987 3289 sub
3034 3231 3495 3309 oppressionibus
3534 3227 3847 3298 reproborum

2277 3343 2580 3399 exsequens
2605 3370 2623 3397 ,
2651 3328 2767 3382 ait:

2700 3416 2929 3474 canor
2978 3416 3097 3473 xw
3128 3416 3283 3489 [Rec.
3318 3414 3420 3488 ιη.

2342 3517 2505 3589 821
2533 3513 2697 3570 Vsus.
2721 3510 3093 3575 9.—Propter
3120 3510 3513 3564 multitudinem
3536 3507 3561 3544 ι’
3595 3504 3844 3561 calumnia»-

2273 3619 2442 3665 torum
2470 3605 2763 3661 clamabunt
2807 3614 2853 3658 et
2883 3602 3149 3675 ejulebunt
3185 3612 3406 3673 prapter
3445 3603 3550 3655 vim
3576 3598 3759 3654 brachii
3784 3604 3845 3663 ty-

2272 3716 2577 3769 rannorum.

2344 3794 2443 3848 9.2.
2472 3793 2681 3864 Pejores
2704 3800 2827 3845 sunt
2853 3788 2942 3859 qui
2970 3787 3141 3859 prauis
3179 3787 3467 3857 exemplis,
3499 3782 3761 3839 virtutibus
3778 3791 3852 3831 nos

2274 3890 2687 3962 spoliant,quam
2708 3884 2795 3955 qui
2820 3882 3153 3937 exterioribus
3171 3880 3343 3935 bonis.
3358 3909 3435 3922 -
3450 3876 3850 3962 Calumniatores

2277 3960 2426 4038 recte
2449 3979 2631 4033 dicere
2662 3989 2949 4046 possumus
2970 3987 3157 4028 omnes
3181 3972 3430 4040 iniquos,
3463 3988 3572 4027 non
3601 3969 3763 4026 solum
3779 3960 3852 4033 qui

2277 4076 2545 4133 exteriora
2577 4073 2716 4128 bona
2749 4069 2981 4139 rapiunt,
2996 4071 3089 4124 sed
3109 4066 3270 4122 etiam
3303 4066 3401 4137 qui
3438 4065 3598 4121 malis
3627 4063 3733 4117 suis
3759 4070 3854 4112 mo-

2276 4169 2450 4237 ribus,
2482 4174 2536 4221 et
2562 4165 2683 4217 vita:
2713 4163 2954 4229 reprobo
2975 4161 3228 4221 exemplo
3254 4162 3477 4214 interna
3512 4166 3692 4213 nostra
3720 4147 3857 4206 dissi-

2276 4274 2405 4331 pare
2446 4256 2798 4312 contendunt.
2832 4251 2910 4306 llli
2952 4265 3184 4319 namque
3221 4266 3286 4305 ea
3336 4266 3465 4318 quze
3520 4248 3680 4303 nobis
3725 4253 3859 4298 extra

2275 4360 2401 4407 sunt
2427 4348 2682 4405 invadere
2721 4344 3100 4410 ambiunt,i51i
3150 4358 3282 4397 vero
3307 4358 3413 4399 nos
3465 4339 3700 4413 pra-dari
3741 4338 3856 4390 inte-

2276 4446 2388 4500 rius
2439 4453 2706 4512 qnmruut.
2747 4439 2828 4494 Illi
2881 4451 3064 4491 amore
3097 4450 3303 4503 rerum,
3360 4435 3455 4490 isti
3518 4450 3625 4488 non
3671 4432 3859 4487 cessant

574 4548 878 4606 nequeunt,
904 4555 1012 4609 quo
1038 4555 1159 4596 esse
1180 4541 1292 4611 jam
1324 4542 1791 4599 incommutabites
1819 4557 2159 4613 acceperunt.
2193 4555 2249 4616 ι)
2275 4541 2404 4595 odio
2432 4538 2625 4593 saevire
2649 4525 2926 4592 virtutum.
2979 4534 3058 4589 llli
3093 4533 3339 4589 invident
3382 4532 3535 4602 quod
3591 4530 3830 4586 habemus
3849 4557 3864 4583 .

575 4629 685 4688 Sed
713 4634 1060 4691 considerare
1089 4636 1207 4691 haec
1236 4646 1542 4707 nequeunt,
1571 4637 1660 4707 qui
1691 4638 1920 4693 terrenis
1948 4638 2164 4694 deside-

573 4724 670 4778 riis
699 4724 1063 4793 implicantur.
1097 4727 1315 4794 Sparsis
1344 4729 1488 4781 enim
1522 4728 1651 4783 foris
1683 4729 1953 4783 mentibus
1982 4730 2047 4781 ad
2081 4743 2169 4784 sec

489 4870 494 4879 _
575 4816 832 4885 metipsas
858 4817 1038 4873 redire
1066 4817 1289 4873 diflicile
1316 4828 1430 4883 est,
1455 4821 1576 4889 quia
1608 4835 1767 4889 prava
1797 4819 1990 4875 itinera
2022 4816 2047 4857 δ
2083 4835 2169 4874 sc-

574 4906 680 4960 mel
708 4916 893 4976 captas
922 4917 1074 4963 tanto
1101 4908 1498 4964 delectabiliter
1529 4919 1744 4977 tenent,
1775 4922 1978 4980 quanto
2007 4910 2060 4963 in
2086 4909 2167 4965 eis

574 5013 736 5065 ontpe
775 5001 919 5071 quod
962 5002 1179 5058 libuerit
1222 5003 1369 5059 licet.
1413 5002 1602 5057 Nullus
1640 5003 1839 5072 quippe
1869 5001 2167 5070 disciplinae

571 5106 759 5147 murus
806 5093 988 5148 obviat
1030 5093 1123 5165 qui
1166 5094 1539 5163 constringat,
1594 5093 1740 5147 nulla
1793 5091 2165 5149 retributionis

641 5239 667 5266 ⁸
712 5228 797 5284 ΑΙ.
822 5269 838 5291 ,
868 5229 1051 5283 mentis
1082 5240 1292 5284 nostris.

649 5297 677 5337 δ
718 5300 1077 5371 Longipont.,
1110 5301 1308 5355 Pratel.
1353 5313 1416 5353 ac
1459 5298 1549 5353 alii
1587 5298 1809 5371 Norm_.,
1852 5299 2045 5366 quibus
2074 5313 2162 5354 as-

575 5372 801 5425 sentitur
833 5368 939 5427 vet.
965 5372 1065 5427 Ed.
1100 5371 1289 5437 Basil.,
1307 5380 1577 5441 potestates
1600 5368 1707 5425 illa
1735 5369 2018 5426 humiltatte
2036 5388 2160 5425 con-

570 5444 889 5497 tremiscunt.
1309 5440 1315 5441 ί
1408 5440 1409 5449 “

645 5520 667 5583 *ξ
711 5515 795 5566 AI.
820 5556 833 5573 ,
865 5515 1164 5577 ostendens,
1197 5528 1251 5570 ut
1284 5514 1481 5583 legitur
1512 5513 1564 5569 in
1597 5510 1754 5569 Colb.

640 5576 671 5619 δ
714 5584 903 5637 Pratel.
924 5632 939 5654 ,
974 5587 1126 5641 semel
1152 5576 1347 5649 captos;

644 5661 669 5730 ξ
710 5654 928 5730 Ebroic.
951 5669 1003 5710 et
1032 5659 1118 5711 alii
1137 5699 1150 5720 ,
1181 5661 1363 5729 prcutit
1389 5670 1437 5713 et
1467 5665 1673 5730 purgat.

644 5719 667 5762 ί
710 5726 828 5788 AL,
861 5727 929 5777 ad
965 5719 1188 5782 summa;

643 5801 672 5840 Ι
708 5794 956 5862 Plerique
982 5797 1168 5853 Norm.
1190 5842 1205 5867 ,
1237 5801 1344 5855 hac
1374 5804 1560 5870 itaque.

2272 4633 2362 4689 isti
2393 4632 2533 4703 quod
2566 4632 2817 4685 vivimus.
2852 4628 2932 4682 illi
2960 4627 3178 4681 student
3198 4641 3405 4694 rapere
3424 4626 3569 4681 bona
3598 4621 3862 4679 exteriora.

2274 4727 2400 4798 quia
2429 4727 2671 4796 placent;
2701 4724 2787 4776 isti
2820 4729 3071 4788 satagunt
3112 4719 3381 4774 interiora
3418 4719 3568 4775 bona
3600 4716 3863 4783 dissipare,

2275 4818 2401 4886 quia
2429 4815 2735 4885 displicent.
2770 4813 2983 4879 Quanto
3033 4811 3195 4879 igitur
3226 4826 3452 4865 morum
3486 4812 3599 4864 vita
3649 4825 3680 4862 a
3711 4814 3865 4859 rerum

2276 4909 2442 4964 distat
2468 4906 2791 4973 substantia,
2825 4909 2978 4957 tanto
3032 4902 3249 4973 gravior
3277 4901 3663 4957 calumniator
3691 4908 3765 4952 eat
3794 4889 3869 4962 qui

2278 5002 2422 5056 male
2455 4999 2685 5053 videndo
2714 4998 2819 5050 vim
2846 4996 3045 5049 nostris
3077 4995 3239 5051 infert
3262 4997 3547 5059 moribus,
3592 5007 3748 5062 quam
3790 4981 3867 5053 qui

2279 5076 2544 5147 violenter
2592 5087 2952 5171 opprimendo
2996 5087 3193 5141 damna
3264 5087 3474 5157 ingerit
3526 5085 3708 5142 rebus.
3749 5074 3870 5136 Nihil

2340 5226 2369 5262 ιι
2394 5226 2449 5281 1η
2473 5224 2651 5279 Sacris
2675 5214 2865 5278 litteris
2890 5231 2946 5276 et
2973 5222 3027 5276 in
3074 5219 3443 5290 scriptoribus
3472 5213 3865 5275 ecclesiasticist

2266 5313 2412 5367 Stepe
2437 5295 2794 5350 calumniator
2824 5303 2927 5358 cst,
2958 5309 3063 5347 non
3092 5293 3183 5362 qui
3222 5291 3427 5367 falsum
3446 5294 3677 5367 primm
3709 5290 3865 5367 inten-

2263 5356 2366 5435 dit,
2397 5369 2491 5422 sed
2522 5369 2610 5436 qui
2659 5356 2978 5427 aliosvexat
3018 5372 3073 5417 et
3111 5356 3404 5431 opprimit.
3445 5364 3605 5418 lsai:e
3640 5375 3767 5421 uti,
3798 5356 3862 5436 l:

2264 5441 2429 5494 Assur
2453 5435 2641 5509 absque
2664 5438 2957 5509 ullacuusa
2984 5435 3328 5509 continuatus
3362 5444 3442 5509 est
3472 5449 3629 5497 eum;
3659 5442 3753 5509 hoc
3772 5435 3863 5509 est.

2265 5514 2461 5579 injuste
2507 5502 2741 5564 vexavit.
2778 5508 2905 5560 an.
2941 5522 3016 5579 ιιι,
3051 5507 3114 5558 14
3148 5523 3161 5557 :
3210 5502 3499 5579 Neminem
3544 5502 3861 5579 concutiatis,

2266 5574 2425 5652 neque
2455 5584 2769 5652 calumniam
2794 5578 3021 5652 faciatis,
3050 5587 3100 5652 et
3131 5576 3368 5652 contenti
3398 5586 3570 5630 estote
3612 5574 3863 5652 stipendiis

2266 5643 2463 5708 vestris.
2500 5651 2696 5705 Victor.
2733 5643 2895 5715 Ut'te.,
2928 5651 2961 5702 l.
2990 5663 3026 5701 ιι
3065 5647 3230 5701 Yand.
3282 5646 3579 5701 l’ersecut.
3616 5663 3632 5699 :
3668 5643 3868 5715 Pro-vin-

2268 5726 2375 5778 ciat
2391 5724 2534 5789 regni
2547 5725 2627 5775 sui
2649 5720 2803 5775 uariis
2824 5711 3098 5773 calumniis
3119 5729 3165 5772 et
3190 5717 3575 5789 indictionibns
3598 5711 3867 5789 onerabat;

2269 5810 2391 5865 pag.
2418 5786 2491 5847 2i
2518 5809 2672 5849 novae
2698 5793 2838 5847 Edit.
2867 5788 3002 5846 Vide
3021 5790 3185 5846 etiam
3211 5803 3341 5860 pag.
3361 5790 3439 5845 38
3463 5799 3523 5846 et
3546 5786 3640 5842 40.
