4024 6352
932 363 1293 423 MORALIUM
1331 364 1462 422 LIB.
1503 362 1696 445 XXVI.
1734 391 1806 406 --
1845 360 1912 419 IN
1950 362 2179 423 CAPUT
2220 365 2443 424 XXXIV
2484 365 2545 421 Β.
2588 363 2734 424 JOB.

3375 369 3486 428 561

214 483 312 536 istc
344 479 419 536 de
440 487 626 535 nostra
657 481 1048 538 sustentatione
1076 482 1370 549 subtraxit,
1403 483 1497 540 sed
1545 482 1792 552 exempla
1821 479 1877 542 Α
1902 480 1968 536 tis
1995 493 2099 549 est,
2130 497 2251 540 cum
2281 486 2336 541 in
2384 485 2549 542 corde
2573 484 2809 541 contrito
2847 468 3225 555 cogitationum
3272 496 3483 545 tentan-

216 576 366 631 nobis
409 576 730 647 perditionis
777 578 1045 647 apposuit.
1082 578 1158 633 Eo
1209 594 1333 648 ergo
1380 579 1678 647 graviorem
1708 592 1796 639 ca-

215 672 470 726 lumniam
497 671 695 737 intulit,
735 689 839 740 quo
868 675 1107 741 quietum
1136 689 1233 728 cor
1256 674 1305 726 in
1339 674 1629 728 tentatione
1650 687 1797 727 com-

210 764 392 817 movit.
424 763 530 830 Qui
556 764 655 818 etsi
683 779 1018 834 nequaquam
1052 765 1208 819 nobis
1237 767 1463 819 actioiiis
1489 780 1600 820 sua:
1630 779 1794 832 opera

209 856 503 924 persuasit,
554 872 782 926 pugnam
815 867 989 912 tamen
1044 858 1355 913 tentationis
1387 859 1623 927 ingessit.
1657 858 1796 914 Gra-

205 962 314 1001 vcm
351 948 521 1015 igitur
550 948 617 1001 de
647 949 754 1003 vita
783 950 899 1018 ejus
930 951 1252 1003 calumniam
1284 951 1639 1014 Sustinemus,
1672 950 1796 1019 quia

204 1039 457 1094 nimirum
501 1041 647 1096 intus
676 1044 905 1111 patimur
935 1044 1076 1111 quod
1106 1058 1226 1097 cum
1278 1042 1461 1096 labore
1492 1044 1791 1096 vincamus.
1838 1050 1846 1071 '

202 1131 259 1185 Et
286 1130 420 1199 quia
452 1132 507 1185 in
544 1131 646 1187 hoc
688 1135 888 1188 mundo
936 1135 1172 1188 abundat
1211 1134 1475 1189 malorum
1520 1135 1629 1188 vita
1676 1149 1796 1203 qua:

199 1224 419 1286 cruciet,
440 1230 596 1279 recte
620 1225 813 1279 dicitur
833 1245 845 1278 :
862 1224 1085 1294 PrOpter
1107 1226 1484 1281 multitudinem
1508 1226 1794 1280 calumnia-

199 1324 358 1368 torum
392 1316 722 1370 clamabunt.

259 1408 346 1464 25.
382 1409 497 1463 Alii
523 1411 645 1462 vitia
665 1412 903 1476 suadens,
931 1411 1021 1463 alii
1033 1410 1216 1482 jubent
1245 1419 1293 1464 et
1333 1412 1597 1480 tyrannica
1624 1410 1673 1462 oi
1723 1409 1794 1462 ad

201 1520 248 1556 ts
265 1513 486 1575 cogunt.
517 1533 589 1543 —
619 1503 755 1571 Quia
782 1518 912 1558 vero
934 1519 995 1559 ea
1042 1520 1159 1573 qua:
1186 1504 1367 1557 verbis
1408 1504 1637 1557 suadere
1685 1517 1794 1556 non

200 1597 363 1651 valent
397 1606 736 1666 extorquere
765 1612 1154 1663 nonnunquam
1184 1599 1343 1649 etiam
1368 1594 1641 1650 elirenatis
1671 1593 1797 1647 viri-

202 1688 284 1744 bus
317 1690 576 1754 student,
611 1698 736 1756 apte
765 1690 1104 1757 subjungitur
1138 1705 1153 1741 :
1188 1685 1257 1740 Et
1292 1686 1559 1757 ejulabuut
1587 1692 1794 1756 prOpter

168 1752 177 1775 ’
203 1782 282 1833 rint
299 1781 508 1833 brachii
531 1752 891 1850 tyrannorum:
920 1752 1063 1851 Wet.
1086 1776 1187 1850 X.]
1213 1752 1464 1848 Quisquis
1486 1752 1627 1832 enim
1658 1752 1795 1829 male

1905 577 2032 631 tium
2062 576 2258 634 ﬂuctus
2290 580 2676 645 intumescunt,
2721 594 2844 634 cum
2872 588 3056 635 contra
3088 581 3286 647 amoris
3312 579 3486 636 sancti

1900 668 2075 723 studia
2117 686 2367 725 curarum
2400 673 2742 727 saecularium
2790 687 2850 726 se
2882 672 3143 727 tumultus
3170 672 3396 728 illidunt.
3423 673 3484 727 In

1900 758 2221 815 abscondito
2248 777 2377 832 ergo
2404 766 2734 832 tempestatis
2763 754 2992 830 auditur,
3017 764 3138 833 quia
3160 765 3359 820 clamor
3388 764 3485 819 de-

1902 856 2171 921 precantis
2203 865 2286 910 est
2323 857 2437 911 haec
2480 858 2603 926 ipsa-
2634 857 2994 911 tribulationis
3025 856 3315 912 ﬂuctuatio.
3348 858 3485 925 Quia

1900 960 2031 999 vero
2081 948 2299 1002 omnino
2352 964 2458 1004 non
2517 950 2709 1005 desunt
2766 950 2857 1020 qui
2917 950 3053 1003 bona
3114 947 3480 1019 quaerentibus

1898 1040 2126 1097 suadere
2155 1060 2402 1112 perversa
2452 1046 2781 1111 moliantur»,
2834 1058 2984 1116 aqua:
3039 1040 3482 1099 contradictionis

1899 1143 2023 1187 sunt
2050 1139 2230 1205 populi
2264 1140 2599 1194 resistentes.
2636 1139 2703 1193 Et
2744 1139 2867 1229 quia
2902 1148 3027 1193 tunc
3059 1139 3312 1206 probatur
3338 1135 3484 1191 desi-

1899 1226 2108 1283 derium
2158 1247 2279 1284 cum
2331 1232 2507 1302 aliqua
2538 1233 2585 1287 ei
2631 1226 2954 1287 adversitale
3002 1231 3287 1296 resistitur,
3336 1239 3484 1284 recte

1897 1322 2131 1388 dicitur:
2170 1324 2392 1380 Probavi
2419 1338 2465 1381 te
2495 1329 2563 1380 ad
2586 1344 2745 1398 aquas
2778 1328 3219 1381 contradictionis.
3260 1324 3353 1379 [lis
3382 1322 3485 1376 ita-

1896 1433 2001 1489 que
2040 1418 2296 1475 virtutum
2331 1422 2536 1477 nisibus
2569 1425 2770 1478 robusti
2822 1441 2887 1479 ex
2941 1424 3263 1480 adversitate
3317 1419 3483 1490 proli-

1898 1510 2069 1575 ciunt,
2099 1511 2193 1565 scd
2228 1512 2421 1566 inlirmi
2453 1529 2596 1582 sirpe
2627 1516 2677 1569 in
2710 1514 2992 1571 desideriis
3031 1516 3163 1580 suis,
3191 1514 3234 1569 si
3262 1528 3363 1581 qua
3402 1512 3485 1566 eis

1897 1601 2114 1665 fuerint,
2146 1620 2211 1658 ex
2236 1604 2462 1660 adverso
2484 1605 2719 1674 objecta,
2753 1608 3121 1677 languescunt,
3153 1614 3207 1659 et
3244 1619 3363 1657 cum
3388 1617 3483 1658 va-

1899 1693 2002 1747 lida
2028 1696 2372 1752 ll‘ihllldliOlle
2397 1698 2691 1766 pulsantur,
2732 1698 3174 1766 pusillanimitate
3202 1696 3480 1750 deliciuut.

1898 1787 2051 1844 Unde
2081 1790 2201 1843 Eliu
2240 1780 2399 1845 beato
2426 1791 2528 1845 Job
2564 1792 2755 1860 probra
2800 1790 3252 1859 pusillanimitatis
3294 1787 3486 1855 impiu-

209 1876 363 1931 vivere
385 1890 492 1930 suo
528 1886 634 1929 nos
673 1876 918 1943 exemplo
969 1874 1275 1944 compellit,
1307 1872 1485 1927 adhuc
1527 1872 1579 1926 in
1639 1871 1793 1925 nobis

1903 1897 2053 1951 gens,
2082 1885 2371 1952 pramissis
2402 1885 2661 1937 malorum
2712 1882 3153 1951 oppressionibus
3179 1922 3194 1946 ,
3243 1879 3481 1934 inliriuo-

218 1979 324 2020 πορθ
365 1967 782 2022 caluinniatoris
814 1966 1013 2033 utitur;
1054 1966 1301 2037 quisquis
1350 1979 1478 2020 vero
1509 1972 1789 2033 peccatum

220 2058 419 2113 suadeas
449 2059 626 2114 etiam
677 2067 1010 2117 terrermnos
1038 2058 1286 2127 appetit,
1331 2056 1443 2127 jam
1474 2065 1789 2110 contra~nos

219 2148 403 2206 brachio
439 2150 753 2222 tyrannidis
784 2151 961 2206 saevit.
994 2150 1147 2205 Aliud
1203 2159 1283 2205 est
1331 2149 1473 2203 enim
1505 2147 1634 2201 vitia
1666 2162 1791 2202 sua-

211 2244 312 2300 dere
355 2245 648 2312 vivendo,
709 2243 851 2297 aliud
901 2243 1094 2313 jubere
1147 2242 1416 2297 terrendo.
1474 2239 1610 2293 Dum
1662 2253 1793 2310 ergo

204 2339 441 2409 exempla
475 2338 639 2392 make
679 2337 909 2391 actionis
939 2337 1245 2405 aspicimus,
1280 2333 1429 2405 quasi
1454 2334 1628 2387 adhuc
1655 2343 1792 2386 stre-

202 2432 343 2499 pituui
365 2420 804 2486 'caltimuiatoris
834 2429 1119 2495 audimus;
1151 2429 1276 2483 dum
1309 2441 1437 2482 vero
1466 2428 1519 2482 vi
1567 2441 1793 2497 peccare

201 2526 455 2595 cogimur,
480 2525 597 2593 jam
628 2534 918 2595 tyrannum
946 2525 999 2577 in
1028 2524 1191 2578 corde
1213 2522 1559 2578 sustinemus.

262 2615 348 2671 ει.
412 2615 627 2669 Eorum
684 2627 852 2669 tamen
911 2616 1180 2670 conatibus
1229 2616 1470 2671 resistunt
1521 2617 1794 2668 electorum

197 2720 390 2763 nentes.
426 2708 517 2762 Ad
547 2706 715 2761 Deum
745 2708 968 2761 eundum
999 2717 1093 2771 est,
1127 2724 1229 2761 non
1277 2710 1447 2762 solum
1474 2725 1565 2779 per
1592 2709 1789 2771 mollia,

197 2802 268 2853 sed
292 2803 461 2855 etiam
490 2817 589 2869 per
631 2814 838 2867 aspera.
868 2800 1065 2855 —Sed
1099 2800 1441 2856 robustorum
1492 2811 1700 2857 mentes
1738 2803 1792 2858 in

196 2889 292 2947 Deo
319 2893 692 2949 immobiliter
735 2893 854 2948 lixae
897 2903 1045 2949 tanto
1076 2894 1176 2957 ista
1216 2894 1561 2963 despiciunt,
1593 2904 1794 2964 quanto

201 2998 417 3042 cernunt
447 2987 601 3055 quod
631 2995 814 3041 contra
843 2995 1106 3057 praecepta
1129 2985 1424 3041 conditoris
1450 2995 1790 3042 excrescunt.

198 3078 537 3137 Eieriiitatis
589 3074 786 3149 quippe
844 3082 1059 3149 praemia
1121 3084 1490 3148 praestolantes
1540 3080 1679 3137 vires
1725 3096 1794 3135 ex

200 3172 618 3228 adversitatibus
644 3180 893 3239 sumunt,
927 3173 1049 3242 quia
1090 3181 1365 3228 crescente
1393 3166 1564 3241 pugna
1592 3173 1793 3243 glorio-

200 3267 385 3322 siorcm
431 3266 543 3320 sibi
568 3282 674 3319 non
704 3266 978 3336 ambigunt
1000 3281 1223 3321 manere
1246 3268 1546 3323 victoriam.
1572 3267 1662 3322 Sic
1686 3268 1787 3322 ita-

204 3374 291 3428 que
312 3362 629 3416 electorum
655 3358 919 3413 desideria
939 3358 1065 3412 dum
1096 3370 1445 3427 priemuntur,
1469 3360 1795 3415 adversitate

209 3458 511 3524 proﬁciunt,
565 3455 709 3507 sicut
754 3454 892 3523 ignis
924 3453 1048 3508 llatu
1084 3454 1345 3523 premitur
1379 3464 1437 3509 ut
1466 3464 1706 3519 crescat;
1739 3462 1796 3507 et

212 3550 328 3604 unde
368 3548 536 3619 quasi
572 3546 810 3615 extingui
839 3548 1099 3613 cernitur,
1144 3549 1267 3601 inde
1311 3549 1611 3603 roboratur.
1648 3547 1702 3599 In
1728 3561 1795 3600 eo

218 3653 419 3709 namque
448 3637 801 3694 omendimus
831 3647 1028 3707 quanta
1056 3639 1122 3691 ad
1172 3638 1454 3693 Dominum
1500 3637 1795 3706 cupiditate

224 3728 502 3797 ﬂagrantis,
538 3730 728 3785 sinon
760 3730 936 3783 solum
990 3729 1054 3783 ad
1106 3744 1227 3783 eum
1284 3744 1382 3797 pcr
1429 3728 1709 3797 tranquilla
1742 3736 1798 3782 et

226 3826 392 3891 mollia,
418 3827 521 3881 sed
556 3825 724 3878 etiam
752 3838 846 3891 per
875 3837 1067 3891 aspera
1098 3831 1152 3876 et
1172 3821 1302 3875 dura
1328 3821 1639 3875 transimus.
1663 3820 1798 3874 Hinc

225 3931 420 3989 namque
454 3917 727 3989 propheta
752 3916 825 3969 ait
854 3933 867 3969 :
902 3916 1002 3980 Qui
1032 3914 1242 3987 perfecit
1286 3914 1436 3982 pedes
1475 3929 1611 3968 meos
1648 3913 1797 3983 quasi

218 4015 328 4065 certi
363 4011 550 4083 (Psal.
586 4025 718 4075 xvii,
751 4007 866 4080 54).
918 4006 1123 4063 Cervus
1178 4007 1322 4061 enim
1350 4021 1486 4081 \cum
1531 4005 1795 4060 montium

211 4104 313 4176 iuga
337 4106 691 4168 conscendit,
728 4112 754 4141 α
780 4118 1006 4173 quicque
1034 4102 1225 4171 aspicit
1248 4116 1460 4171 aspera,
1484 4115 1710 4172 quicque
1737 4116 1798 4156 se

208 4198 455 4270 objiciunt
482 4198 732 4253 sentibus
764 4195 961 4264 illigata
981 4239 995 4264 ,
1048 4194 1171 4248 dato
1201 4194 1336 4247 saltu
1379 4194 1793 4263 transgreditur,

207 4303 253 4346 et
276 4295 487 4364 absque
517 4289 635 4345 ullo
656 4301 848 4342 cursus
874 4288 954 4341 sui
982 4286 1258 4341 obstaculo
1282 4286 1335 4339 in
1369 4284 1644 4353 superiora
1686 4284 1798 4340 ele-

208 4395 370 4440 vatur.
397 4386 477 4439 Ita
504 4382 675 4437 etiam‘
700 4380 994 4434 electorum
1019 4388 1224 4433 mentes
1247 4392 1471 4447 quicque
1494 4377 1593 4430 sibi
1619 4375 1671 4429 in
1697 4376 1798 4430 huc

204 4479 395 4533 mundo
454 4476 727 4530 obsistere
775 4481 935 4537 atque
984 4470 1205 4523 obviare
1256 4469 1616 4538 conspiciunt,
1666 4478 1798 4522 con-

206 4570 573 4640 templationis
598 4567 738 4622 saltu
771 4562 1156 4618 transcendunt
1176 4602 1191 4625 ,
1222 4570 1276 4615 et
1305 4576 1455 4614 more
1480 4575 1791 4625 cervorum,

205 4664 476 4735 deSpectis
501 4672 839 4716 terrenarum
871 4672 1050 4736 rerum
1101 4655 1363 4718 sentibus,
1396 4656 1447 4708 in
1475 4668 1703 4722 superna
1736 4668 1794 4710 se

207 4760 470 4813 evehunt.
501 4753 639 4809 Hinc
661 4766 871 4806 rursum
900 4749 1025 4803 dicit
1050 4764 1065 4801 :
1100 4746 1168 4800 Et
1191 4747 1243 4799 in
1271 4745 1378 4799 Deo
1402 4761 1509 4799 meo
1539 4755 1797 4814 transgre-

208 4853 314 4905 ἀίων
370 4864 581 4905 murum
620 4844 824 4914 (Ibid,
857 4842 974 4912 50).
1018 4843 1182 4912 822
1229 4840 1411 4894 Murus
1462 4838 1679 4909 quippei
1710 4850 1796 4894 est

209 4959 365 4999 oinne
394 4942 539 5013 quod
568 4938 747 4993 itineri
787 4947 971 4990 noStro
1016 4934 1384 5001 objiciturrne
1427 4930 1494 4985 ad
1534 4945 1653 4985 eum
1703 4932 1805 5007 qui

208 5040 469 5109 diligitur,
494 5040 813 5091 transeatur.
830 5028 936 5084 Sed
965 5042 1172 5087 murum
1200 5024 1640 5095 transgredituur,
1672 5038 1793 5078 cum

212 5145 313 5196 pra:
341 5142 534 5183 amore
572 5138 819 5192 superna:
847 5119 1062 5189 patriai,
1094 5131 1331 5205 quaeque
1355 5119 1405 5171 in
1447 5116 1549 5171 hoc
1598 5117 1797 5171 mundo

213 5218 412 5274 fuerint
441 5217 650 5288 objecta
681 5214 973 5269 calcamus.
1006 5209 1139 5263 llinc
1161 5223 1255 5276 per
1279 5206 1527 5262 eumdem
1560 5207 1802 5277 Prophe-

216 5323 317 5370 tam
363 5315 593 5370 certanti
625 5314 819 5367 anima:
862 5308 1117 5362 Dominus
1146 5306 1276 5360 dicit
1321 5323 1333 5359 :
1369 5305 1628 5363 Επαυᾶἱυί
1667 5312 1801 5366 tein

212 5411 509 5463 abscondito
538 5405 871 5477 tempestatis,
890 5404 1097 5473 probavi
1121 5412 1166 5456 te
1202 5402 1269 5454 ad
1299 5418 1460 5469 aquas
1502 5406 1800 5459 contradic-

214 5508 368 5561 tiaais
395 5504 561 5577 (Psal.
592 5520 756 5570 Lux,
788 5501 867 5558 8i.
891 5499 1273 5555 Absconditum
1298 5497 1493 5566 quippe
1516 5508 1803 5569 tempesta-

282 5675 314 5705 ι
343 5667 572 5734 Turon.,
612 5664 656 5718 si
680 5650 859 5732 aspera
881 5674 1089 5730 qlithth
1116 5673 1168 5710 se
1194 5655 1465 5734 objiciunt.
1491 5656 1693 5734 _Pratel.
1719 5669 1794 5734 _et

221 5737 301 5792 alii
355 5724 572 5799 Norm,
592 5724 801 5804 quaque
840 5724 903 5785 ιε’
938 5724 1138 5800 aspera,
1170 5742 1379 5796 quaeque
1415 5724 1685 5796 objiciunt.
1717 5727 1794 5783 Ita

221 5822 443 5933 “om:
471 5804 1139 5942 %1;ruza.,eilglobl.l:'Ebroic.
1182 5870 1376 5939 aliique
1406 5868 1586 5925 Norat.
1637 5871 1799 5926 Deest

502 5974 779 6035 ParuOL.
831 5969 1113 6029 LXXVI.

1823 4612 1872 4673 ο

1895 1990 2013 2030 ruin
2040 1990 2160 2031 mox
2190 1975 2651 2045 pusillanimitates
2674 1978 3005 2045 exsequitur,
3034 1973 3218 2030 dicens
3242 1989 3257 2025 :

2334 2086 2562 2144 CAPUT
2593 2087 2684 2145 XV
2724 2088 2871 2150 (Rea.
2895 2084 3023 2156 XI].

1968 2200 2131 2257 Vsus.
2167 2203 2255 2257 10.
2279 2210 2350 2246 -'-
2380 2201 2449 2257 Et
2472 2220 2574 2258 non
2603 2203 2767 2268 diuit,
2819 2199 2918 2257 Ubi
2953 2207 3025 2255 est
3068 2198 3207 2255 Deus
3230 2199 3319 2269 qui
3362 2198 3483 2268 fecit

1895 2296 2018 2349 me?
2300 2292 2311 2309 ‘

1964 2385 2055 2440 25.
2084 2387 2184 2452 Qui
2215 2388 2487 2442 tentatione
2511 2388 2791 2458 frangitur,
2825 2387 2923 2443 Dei
2953 2383 3323 2455 providentiam
3352 2383 3484 2439 serio

1896 2497 2003 2534 non
2025 2482 2234 2549 cogitat.
2274 2510 2344 2520 —-
2372 2480 2487 2535 Mos
2518 2494 2685 2536 sacra:
2726 2481 3121 2548 Scripturieest
3146 2483 3203 2529 ut
3238 2489 3267 2528 a
3298 2475 3483 2545 singu-

1894 2572 1994 2626 lari
2036 2588 2260 2626 numero
2292 2573 2357 2627 ad
2410 2572 2674 2641 pluralem
2713 2572 2893 2626 subito
2927 2580 3207 2639 transeat,
3258 2577 3417 2637 atque
3453 2582 3483 2620 a

1896 2667 2090 2737 plurali
2121 2683 2263 2735 sa‘pe
2284 2682 2342 2721 se
2368 2666 2436 2720 ad
2467 2667 2788 2734 singularem
2813 2674 3007 2721 vertat.
3043 2665 3193 2722 Unde
3226 2648 3484 2719 Eliutcum

1896 2758 2099 2813 diceret
2128 2776 2142 2812 :
2172 2758 2510 2823 Clamabunt,
2537 2768 2583 2811 et
2606 2757 2893 2830 ejulabunt,
2930 2773 3268 2828 nequaquam
3295 2755 3481 2811 subdi-

1897 2852 1975 2906 dit
2016 2870 2028 2905 :
2065 2851 2179 2904 Non
2209 2851 2477 2915 dixerunt,
2522 2851 2608 2904 ubi
2638 2861 2720 2904 est
2742 2850 2884 2905 Deus
2911 2868 2923 2902 :
2954 2850 3077 2904 Non
3119 2850 3249 2903 dixit
3293 2850 3378 2901 ubi
3407 2854 3482 2900 est

1898 2944 2056 2999 Deus.
2098 2946 2142 2998 A
2176 2945 2363 3013 plurali
2410 2944 2607 3013 quippe
2652 2958 2878 2999 numero
2921 2945 2972 2997 in
3026 2943 3349 3013 singularem
3389 2956 3481 2997 ve—

1896 3039 2069 3103 niens,
2086 3038 2148 3091 ad
2172 3052 2451 3106 personam
2471 3036 2648 3090 subito
2664 3035 2858 3090 inlirmi
2875 3035 3288 3104 uniuscujusque
3302 3040 3481 3087 trans-

1896 3132 2009 3196 ivit,
2040 3131 2266 3186 fortasse
2315 3130 2438 3199 quia
2485 3144 2515 3182 a
2565 3127 2790 3198 singulis
2842 3126 3031 3182 melius
3081 3125 3485 3195 recognoscitur

1818 3235 1865 3302 ο
1894 3223 2151 3295 quidquid
2182 3222 2207 3260 ι’
2237 3222 2341 3277 dici
2372 3221 2438 3276 de
2462 3222 2539 3277 eis
2570 3220 2912 3288 singulariter
2941 3220 3174 3283 auditur,
3208 3226 3267 3272 ut
3298 3218 3365 3271 ad
3390 3231 3484 3272 cor

1898 3332 2053 3372 suum
2072 3316 2298 3386 quisque
2314 3316 2520 3378 redeat,
2535 3314 2658 3368 etin
2673 3313 2963 3380 semetipso
2979 3311 3083 3366 hoc
3102 3311 3242 3381 quod
3266 3311 3334 3365 de
3359 3324 3485 3364 uno-

1898 3425 2111 3482 quoque
2132 3409 2327 3463 dicitur
2358 3407 2737 3476 reprehendat.
2763 3405 3096 3473 Singularem
3124 3402 3282 3473 igitur
3298 3414 3488 3455 nume-

1900 3520 2019 3558 rum
2052 3503 2247 3568 tenuit,
2281 3500 2467 3555 dicens
2492 3517 2505 3552 :
2526 3499 2649 3553 Non
2679 3490 2831 3573 dixit,
2869 3494 2966 3550 Ubi
2987 3504 3059 3549 est
3084 3493 3223 3546 Deus
3244 3492 3331 3563 qui
3370 3492 3488 3562 fecit

1902 3613 2002 3651 me.
2030 3596 2289 3667 ,Quisquis
2318 3594 2459 3647 enim
2498 3592 2882 3646 adversitatum
2914 3586 3257 3642 tribulatione
3289 3585 3489 3653 frangi-

1902 3697 1991 3742 tur
2021 3703 2050 3740 a
2080 3702 2184 3754 quo
2223 3683 2397 3739 factus
2425 3693 2508 3738 est
2537 3683 2757 3738 minime
2786 3678 3200 3748 contemplatur.
3238 3674 3371 3731 Nam
3395 3675 3487 3745 qui

1901 3782 2045 3853 quod
2077 3797 2180 3835 non
2209 3788 2325 3834 erat
2355 3777 2511 3846 fecit,
2558 3776 2754 3831 factum
2785 3776 2905 3829 sine
2952 3772 3342 3843 gubernatione
3379 3784 3485 3823 non

1901 3875 2135 3941 deserit;
2166 3882 2221 3928 et
2251 3871 2341 3943 qui
2381 3872 2611 3941 benigne
2652 3867 2924 3923 hominem
2966 3863 3237 3929 condidit,
3282 3874 3487 3930 nequa-

1902 3987 2061 4042 quam
2092 3972 2293 4039 injuste
2330 3966 2561 4022 cruciari
2611 3963 2907 4033 permittit;
2939 3975 3040 4015 nec
3080 3959 3231 4023 sinit,
3250 3956 3491 4025 neglecte

1902 4064 2079 4134 perire
2104 4061 2246 4131 quod
2266 4067 2368 4122 est,
2396 4058 2488 4129 qui
2508 4057 2608 4112 hoc
2628 4057 2788 4111 etiam
2807 4054 2947 4124 quod
2976 4068 3083 4106 non
3113 4050 3212 4105 fuit
3244 4059 3269 4089 ε
3289 4046 3491 4104 creavit

1902 4168 1958 4211 ut
1974 4154 2284 4212 esset.Cum
2307 4167 2436 4221 ergo
2461 4164 2679 4205 causam
2711 4146 3071 4202 tribulationis
3097 4152 3296 4198 nostra:
3312 4140 3491 4211 requi-

1903 4248 2097 4311 rimus,
2116 4256 2171 4299 et
2202 4243 2434 4299 fortasse
2460 4241 2662 4295 tardius
2684 4239 3013 4301 invenimus,
3034 4232 3059 4271 δ
3078 4243 3161 4289 est
3182 4234 3284 4287 ista
3310 4229 3491 4286 consi-

1835 4370 1839 4374 -
1902 4341 2130 4403 deratio,
2181 4337 2322 4407 quod
2372 4336 2502 4389 nihil
2550 4334 2750 4402 injuste
2803 4331 3090 4401 patiamur,
3125 4327 3253 4396 quia
3299 4326 3345 4379 si
3378 4324 3491 4378 Deo

1904 4440 2127 4487 auctore
2154 4443 2341 4483 sumus
2363 4426 2452 4495 qui
2483 4439 2588 4479 nou
2619 4423 2837 4489 luimus,
2872 4422 2983 4476 Deo
3026 4427 3247 4491 regente
3275 4431 3380 4473 non
3407 4414 3491 4469 al-

1904 4526 2136 4598 lligimur
2157 4523 2356 4593 injuste
2383 4522 2477 4589 qui
2503 4534 2707 4574 smnus.
2734 4518 3028 4587 Sequitur:

2184 4632 2410 4689 CAPUT
2450 4629 2570 4685 XVI
2592 4629 2734 4702 [νει.
2759 4625 2864 4693 ΧΙ,
2889 4626 3013 4682 Rea.
3046 4625 3207 4699 XII].

1940 4726 2105 4811 'Iato.
2128 4782 2196 4794 —
2223 4751 2318 4805 Cui
2338 4750 2479 4803 dedit
2509 4749 2736 4801 carmina
2758 4747 2811 4798 in
2837 4724 3007 4800 noctis

1975 4848 2065 4903 26.
2113 4843 2197 4899 Ne
2231 4845 2512 4905 vincamur,
2561 4837 2700 4891 Deus
2750 4836 3103 4890 tribulationes
3150 4814 3497 4886 consolatione

1902 4945 2098 5001 condit.
2124 4937 2439 4993 —-Carmen
2481 4937 2535 4989 in
2565 4943 2717 4987 nocte
2748 4941 2833 4988 est
2860 4931 3045 4986 laetitia
3097 4931 3151 4983 in
3195 4925 3495 4980 tribulatio-

1906 5051 1997 5101 ne,
2037 5035 2159 5104 quia
2188 5029 2288 5083 etsi
2317 5027 2583 5096 pressuris
2612 5021 3025 5092 temporalitatis
3058 5018 3365 5087 affligimur,
3398 5025 3509 5085 spe‘

1903 5129 2013 5201 jam
2038 5136 2215 5181 tamen
2245 5122 2312 5176 de
2336 5118 2635 5175 teteniitate
2665 5116 2982 5188 gaudemus.
3018 5112 3269 5169 Carmina
3300 5108 3496 5201 Paulus

1906 5195 1961 5275 in
1990 5227 2144 5273 nocte
2173 5211 2513 5285 praedicabat,
2540 5209 2728 5264 dicens
2759 5226 2772 5263 :
2827 5208 2933 5280 Spe
2977 5206 3279 5279 gaudentes,
3325 5200 3378 5250 in
3410 5195 3498 5248 tri-

1907 5313 2163 5366 bulatione
2193 5307 2439 5380 patientes
2465 5302 2645 5374 (Rom.
2698 5318 2791 5367 xu,
2818 5302 2934 5371 1‘2).
2983 5298 3212 5352 Carmen
3243 5295 3296 5345 in
3342 5294 3499 5344 nocte

1908 5402 2075 5461 David
2128 5405 2450 5468 sumpserat.
2483 5397 2571 5465 qui
2603 5394 2813 5450 dicebat
2844 5409 2861 5446 :
2893 5391 2974 5445 Tu
3005 5387 3131 5441 mihi
3164 5402 3214 5440 es
3243 5381 3500 5453 refugium

1909 5516 1941 5554 a
1967 5511 2206 5571 pressura
2232 5506 2348 5563 qua:
2376 5490 2706 5545 circumdedit
2734 5504 2834 5552 me,
2852 5483 3127 5542 exsultatio
3147 5496 3279 5545 mea,
3306 5476 3503 5532 redime

1903 5656 2004 5709 dici
2035 5652 2086 5705 in
2112 5650 2306 5704 Editis.
2610 5713 2650 5720 ﬂ
3022 5709 3034 5720 .

1978 5735 2001 5763 ο
2037 5723 2230 5776 Pratel.
2261 5728 2316 5773 et
2344 5716 2578 5771 nonnulli
2609 5713 2821 5776 Norm.,
2855 5713 3055 5765 curauit
3080 5716 3137 5761 ut
3163 5717 3309 5760 esset.

1977 5795 2005 5831 ά
2040 5792 2258 5854 Pratel.,
2283 5796 2357 5843 est
2385 5790 2482 5841 ista
2508 5788 2709 5841 concita
2736 5784 2905 5852 ratio;
2932 5779 3079 5853 qttud
3122 5778 3286 5833 etiam
3312 5776 3501 5850 legitur

1909 5867 1963 5922 in
1994 5865 2161 5930 Πήρη
2189 5862 2367 5915 Baluz.
2398 5868 2453 5915 et
2483 5860 2632 5914 Colb.

3079 5949 3153 6010 12
