4004 6350
554 348 656 407 363

948 326 957 351 ‘
1739 334 1978 392 sane“
2015 328 2341 389 caecos"
2379 324 2591 383 MAGNI

3647 322 3734 380 564

555 478 689 522 mea
709 459 1137 520 circumdantibus
1162 472 1238 510 me
1267 454 1438 512 (Psal.
1462 452 1691 522 κιχείη.
1708 459 1732 487 ι
1750 450 1885 504 Ecce
1914 456 2123 502 noctem
2149 442 2203 500 Δ
2226 437 2490 507 superbiae
2516 436 2733 506 spiritus
2760 429 2963 499 elevat;
2996 448 3095 490 nec
3123 425 3401 489 deduendo
3417 429 3531 487 imis
3553 433 3742 502 subjici.

558 572 863 630 pressuram
884 555 1139 617 nominat,
1159 559 1214 603 et
1238 558 1412 603 tamen
1441 545 1776 599 liberatorem
1797 555 1953 596 suum
1982 540 2119 592 inter

2222 545 2361 595 mur,
2389 543 2486 585 nec
2510 526 2873 597 superbiendo
2912 527 2979 581 de
3020 523 3336 581 sublimibus
3377 521 3623 579 inllamur.
3656 526 3743 591 Qui

560 615 831 721 angustias
872 615 1277 701 exsultationem
1333 644 1505 691 vocat.
1560 634 1715 689 Foris
1749 630 1961 701 quidem
2015 641 2122 682 nox
2221 623 2367 676 enim
2392 634 2554 675 carne
2578 618 2793 686 labitur,
2821 618 3184 687 iumentorum
3213 615 3446 683 appetitu
3483 617 3749 683 prosterni-

556 753 673 800 erat
702 743 754 796 in
794 734 1210 793 circumdatione
1261 736 1546 800 pressurae,
1592 725 1687 780 sed
1717 725 1859 777 intus
1887 721 2123 777 carmina

554 834 718 906 823
738 824 1098 885 resonabant”
1122 824 1190 877 de
1203 819 1573 878 consolatione
1590 816 1807 870 laetitiis.
1823 813 1955 879 Quia
1979 814 2123 864 enim

557 901 874 978 ad~azterna
921 916 1109 987 gaudia
1156 912 1333 969 redire
1379 925 1483 964 non
1528 918 1843 977 possumus,
1897 901 1996 955 nisi
2030 914 2126 969 per

558 1011 873 1080 temporalia
899 1006 1241 1070 detrimenta,
1273 1013 1381 1057 tota
1428 1014 1590 1063 sacra:
1635 995 1926 1063 Scriptura:
1950 990 2128 1046 inten-

557 1106 632 1159 tio
651 1114 735 1159 est
760 1114 782 1141 ο
817 1110 872 1155 ιιι
900 1113 1023 1169 spes
1042 1095 1303 1153 manentis
1332 1093 1527 1149 lmtitiaa
1557 1103 1653 1144 nos
1673 1089 1813 1143 inter
1840 1086 1956 1139 haec
1982 1094 2127 1136 tran-

559 1197 743 1249 sitoria
784 1194 1007 1247 adversa
1037 1189 1368 1245 corroboret.
1411 1182 1563 1243 Unde
1619 1189 1672 1235 et
1705 1175 1951 1232 Ezechiel
1997 1186 2125 1244 pro-

484 1314 489 1321 ~
560 1288 717 1354 pheta
763 1284 955 1339 librum
985 1296 1045 1335 se
1088 1278 1359 1346 accepisse
1404 1281 1650 1335 testatur,
1688 1269 1741 1323 in
1784 1282 1888 1336 quo
1916 1264 2127 1330 scripta:

558 1352 711 1428 erant
739 1372 1168 1433 lamentationes,
1202 1380 1419 1421 carmen
1466 1374 1519 1415 et
1548 1376 1628 1414 vae
1672 1357 1887 1430 (Ezech.
1933 1371 1997 1421 tt,
2045 1352 2126 1424 9).

562 1464 699 1533 Quid
730 1464 871 1517 enim
904 1462 1041 1516 libro
1073 1462 1192 1524 hoc,
1218 1458 1319 1519 nisi
1348 1453 1523 1509 divina
1553 1450 1762 1521 eloquia
1794 1443 2130 1518 ligurantur?

562 1556 693 1629 Quae
714 1552 839 1622 quia
868 1548 1022 1603 nobis
1068 1550 1328 1618 lacrymas
1358 1545 1639 1607 luctusque
1683 1538 2017 1606 praecipiunt,
2047 1536 2126 1595 la-

566 1642 917 1699 mentationes
942 1642 994 1695 in
1025 1654 1090 1694 eo
1134 1637 1345 1706 scriptae
1372 1634 1693 1690 referuntur.
1723 1633 1948 1687 Carmen
1993 1642 2129 1697 quo-

565 1752 668 1807 que
687 1748 740 1791 et
769 1751 849 1791 vae
868 1735 1157 1798 continent,
1186 1731 1312 1805 quia
1342 1731 1419 1783 sic
1438 1728 1506 1782 de
1534 1742 1631 1795 spe
1659 1723 1907 1795 gaudium
1934 1720 2130 1790 pracdi-

2225 722 2334 779 tur;
2356 713 2450 783 qui
2468 726 2597 767 vero
2634 711 2908 766 extollitur
2930 718 3132 776 mente,
3160 720 3309 763 more
3330 707 3595 763 volucrum
3620 708 3753 776 quasi

2224 803 2457 859 levitatis
2486 817 2656 870 penna
2679 802 3004 856 sublevatur.
3510 816 3517 819 π

2294 914 2439 988 [Vet.
2467 912 2631 983 XII.)
2660 908 2751 969 28.
2779 912 3030 983 Superbia
3050 912 3270 967 luxuriae
3287 912 3619 967 seminarium.
3648 911 3761 966 Caro

2225 1008 2401 1076 mergit
2433 1022 2559 1076 quos
2579 1005 2793 1076 superba
2812 1003 3021 1058 scientia
3042 1002 3291 1058 sublevat.
3308 1002 3454 1055 Juste
3481 1018 3612 1055 mens
3640 1004 3767 1054 amit-

2225 1098 2285 1151 tit
2314 1098 2483 1151 carnis
2522 1097 2805 1150 dominium
2841 1097 2884 1149 si
2936 1093 3045 1149 Deo
3090 1094 3278 1149 seruire
3323 1096 3545 1160 deneget.
3588 1090 3769 1147 —Sed

2227 1186 2274 1242 si
2300 1186 2582 1258 vigilanter
2635 1185 2946 1249 intenditur,
2976 1193 3115 1238 utet
3164 1182 3356 1239 mentis
3406 1180 3688 1243 humilitas,
3728 1189 3774 1235 et

2226 1279 2405 1332 carnis
2434 1277 2748 1331 castimonia
2797 1285 3060 1338 teneatur,
3093 1274 3200 1328 cito
3233 1272 3639 1341 cognoscimus,
3670 1272 3775 1339 quis

2227 1369 2454 1424 alterum
2502 1367 2797 1422 custoditur
2823 1381 2891 1419 ex
2936 1364 3127 1420 altero.
3159 1364 3291 1418 Nam
3337 1363 3517 1416 multis
3545 1376 3680 1430 s;epc
3706 1376 3778 1415 su-

2230 1460 2412 1529 perbia
2483 1459 2708 1514 luxuriae
2772 1457 3115 1512 seminarium
3182 1454 3327 1521 fuit,
3386 1453 3507 1523 quia
3535 1454 3653 1506 dum
3704 1467 3782 1507 eos

2229 1551 2446 1619 spiritus
2474 1549 2626 1619 quasi
2679 1549 2734 1602 in
2776 1549 2940 1605 altum
2994 1546 3201 1610 erexit,
3251 1560 3382 1600 caro
3429 1553 3455 1592 8
3504 1545 3555 1598 in
3608 1542 3784 1598 inlimis

2232 1644 2442 1696 mersit.
2493 1641 2557 1694 Hi
2584 1640 2728 1694 enim
2761 1640 2904 1707 prius
2948 1647 3157 1693 secreto
3203 1637 3507 1698 elevantur,
3539 1635 3628 1689 sed
3659 1644 3787 1702 post-

2232 1734 2449 1787 modum
2506 1733 2716 1800 publice
2764 1739 3059 1791 corruunt,
3115 1729 3237 1798 quia
3277 1728 3406 1783 dttm
3456 1726 3673 1781 occultis
3713 1726 3785 1778 in-

564 1842 708 1897 eant,
724 1826 820 1885 dut
836 1832 887 1882 in
904 1825 1153 1898 prmsenti
1174 1836 1350 1879 tamen
1378 1834 1655 1891 pressurus
1683 1827 1840 1888 atque
1862 1812 2133 1883 angustias

2238 1833 2535 1878 tumescunt
2572 1821 2802 1875 motibus
2845 1821 3045 1884 cordis,
3084 1820 3285 1889 apertis
3332 1818 3532 1874 eadunt
3574 1816 3789 1883 lapsibus

566 1923 817 1979 incident.
846 1920 1073 1985 Carmen
1124 1927 1179 1971 et
1230 1932 1310 1975 va:
1364 1915 1669 1976 continent,
1698 1909 1824 1980 quia
1874 1908 1974 1961 etsi
2022 1905 2131 1960 iliic

562 2016 738 2071 dulcia
756 2015 1077 2082 appetimus,
1098 2013 1245 2081 prius
1268 2022 1486 2063 necesse
1518 2014 1603 2069 est
1646 2015 1704 2058 ut
1731 2001 1814 2057 hic
1841 2013 2022 2055 amara
2052 2008 2135 2052 to-

566 2110 817 2164 leremus.
858 2105 1085 2159 Carmen
1106 2112 1161 2157 et
1186 2117 1267 2155 vae
1297 2097 1569 2166 discipulis
1599 2093 1921 2166 praedicabat
1947 2090 2129 2145 Domi-

566 2212 685 2261 nus,
729 2211 849 2251 cum
903 2186 1114 2248 dicebat
1142 2210 1154 2245 :
1185 2189 1316 2243 Hac
1360 2188 1559 2242 locutus
1599 2198 1711 2239 sum
1767 2182 1935 2245 vobis,
1966 2189 2022 2233 ut
2079 2180 2133 2232 in

566 2302 643 2341 me
671 2301 846 2358 pacem
884 2283 1147 2344 lacuatis;
1198 2281 1255 2332 in
1305 2277 1497 2331 mundo
1547 2288 1836 2345 pressuram
1886 2268 2134 2323 habebitis

567 2377 747 2449 (Joan.
777 2391 889 2440 xvt,
920 2375 1031 2445 35).
1062 2374 1139 2427 Ac
1180 2374 1224 2426 si
1271 2377 1455 2439 aperte
1502 2368 1703 2421 diceret
1732 2381 1747 2421 :
1778 2365 1859 2418 Sit
1889 2362 2038 2418 vobis
2065 2360 2133 2415 de

570 2484 653 2521 me
682 2466 903 2521 interius
954 2463 1093 2532 quod
1140 2459 1467 2515 consolando
1497 2457 1719 2523 reficiat,
1747 2454 1871 2524 quia
1916 2455 2019 2507 erit
2066 2451 2134 2506 de

569 2555 767 2629 mundo
816 2553 1052 2607 exterius
1089 2550 1231 2620 quod
1292 2549 1560 2602 saeviendo
1608 2544 1838 2615 graviter
1906 2548 2130 2612 premat.

567 2649 703 2718 Quia
747 2660 876 2717 ergo
916 2643 1158 2697 inlirmus
1208 2642 1434 2709 quisque
1484 2652 1606 2693 cum
1660 2636 1939 2704 premitur,
1970 2648 2000 2686 a
2040 2644 2137 2701 Spe

569 2741 743 2811 gaudii
776 2740 936 2793 nimia
971 2736 1406 2809 pusillanlmitate
1455 2732 1717 2797 lassatur,
1746 2738 1799 2784 et
1848 2729 1973 2782 dum
2005 2726 2136 2780 foris

569 2835 790 2909 adversa
814 2833 1023 2893 tolerat,
1056 2832 1197 2883 intus
1215 2827 1547 2882 obliviscitur
1569 2837 1676 2893 quo
1694 2820 1976 2891 gaudebat,
1998 2820 2136 2873 bene

569 2927 803 2981 dicitur:
845 2922 967 2977 Non
1004 2918 1169 2982 dixit,
1222 2918 1321 2973 Ubi
1354 2927 1427 2971 est
1477 2916 1616 2969 Deus
1639 2916 1728 2983 qui
1763 2912 1882 2982 fecit
1918 2926 2021 2975 me,
2049 2908 2135 2979 qui

570 3016 709 3070 dedit
750 3016 985 3070 carmina
1021 3014 1077 3065 in
1126 3010 1308 3065 nocte?
1334 3008 1391 3065 Si
1432 3008 1577 3063 enim
1626 3006 1727 3059 ista
1773 3003 1999 3065 diceret,
2028 3002 2136 3054 vim

571 3122 730 3176 quant
761 3108 955 3174 patitur
984 3113 1339 3172 temperaret;
1378 3110 1432 3155 et
1480 3112 1574 3168 per
1599 3094 1881 3165 hoc-quod
1922 3106 2139 3147 mansu-

2234 1914 2673 1985 corporis.825
2697 1913 2788 1968 Sic
2817 1912 2896 1968 sic
2920 1912 3041 1967 elati
3061 1912 3204 1980 justa
3225 1908 3445 1965 fuerant
3470 1909 3791 1962 retributione

2233 2004 2483 2072 feriendi,
2510 2016 2569 2061 ut
2615 2008 2739 2075 quia
2766 2004 3122 2075 superbiendo
3152 2020 3214 2059 se
3262 2004 3573 2059 hominibus
3628 1996 3795 2071 prmio-

2234 2106 2376 2161 runt,
2411 2095 2724 2150 luxuriando
2749 2109 2917 2164 usque
2939 2094 3006 2149 ad
3024 2092 3396 2165 jumentorum
3415 2090 3792 2153 similitudinem

2234 2188 2605 2242 devolvantnr.
2631 2186 2800 2240 Homo
2827 2187 3024 2255 quippe
3049 2200 3175 2237 cum
3204 2186 3259 2237 in
3288 2185 3488 2237 honore
3537 2190 3680 2246 esset,
3708 2196 3798 2234 non

2233 2278 2506 2341 intellexit,
2527 2285 2851 2347 comparatus
2878 2286 2951 2335 est
2970 2275 3219 2348 jumentis
3246 2273 3635 2344 insipientibus,
3662 2281 3707 2325 et
3738 2273 3799 2324 si-

2234 2371 2370 2423 milis
2400 2370 2564 2440 factus
2593 2378 2669 2423 est
2689 2368 2795 2423 illis
2824 2368 2995 2437 (Psal.
3025 2382 3212 2435 vam,
3240 2367 3358 2437 15).
3391 2365 3559 2433 Quasi
3586 2364 3803 2420 scientia;

2234 2460 2375 2514 enim
2405 2461 2525 2519 illos
2552 2461 2606 2515 in
2637 2461 2801 2517 altum
2849 2473 3020 2527 penna
3078 2450 3485 2522 sublevaverat,
3520 2458 3589 2511 de
3634 2455 3804 2523 quibus

2238 2554 2430 2613 Paulus
2479 2554 2580 2611 hoc
2631 2551 2775 2622 quod
2825 2562 2881 2613 et
2926 2551 3167 2619 superius
3216 2550 3549 2618 protulimus
3577 2546 3802 2602 dicebat:

2238 2644 2374 2710 Quia
2397 2660 2513 2699 cum
2540 2646 2891 2717 cognouissent
2918 2643 3101 2710 Deum,
3132 2656 3235 2696 non
3260 2642 3398 2695 sicut
3424 2640 3591 2695 Deum
3634 2637 3807 2709 gloriﬁ-

2236 2744 2497 2799 cauerunt,
2527 2746 2613 2789 aut
2650 2737 2844 2807 gratias
2880 2742 3121 2806 egerunt,
3145 2734 3235 2797 sed
3263 2738 3590 2787 evanuerunt
3610 2730 3666 2783 in
3690 2727 3810 2797 cogi-

2239 2832 2512 2886 tationibus
2535 2832 2643 2884 suis
2671 2830 2845 2900 (Rom.
2880 2844 2919 2895 I,
2944 2830 3056 2900 2i).
3085 2828 3378 2897 Quomodo
3412 2835 3599 2881 autem
3647 2824 3697 2876 iu
3737 2820 3813 2889 ju-

2239 2931 2541 2977 mentorum
2567 2961 2584 2987 ,
2629 2932 2721 2983 aut
2764 2920 3040 2988 plusquam
3078 2918 3457 2989 iumentorum
3508 2914 3816 2982 voluptatem

2239 3011 2570 3075 deciderint.
2626 3009 2867 3065 subdidit
2912 3009 3137 3064 dicens:
3173 3006 3426 3060 Tradidit
3474 3020 3563 3059 eos
3611 3002 3741 3056 Deus
3773 3000 3819 3052 in

2241 3101 2495 3155 desideria
2515 3097 2543 3136 ιι
2564 3099 2731 3154 surdis
2768 3115 2965 3164 eorum,
2993 3102 3048 3153 in
3072 3100 3469 3157 immunditiam
3500 3093 3689 3167 (Ibid.,
3714 3088 3818 3159 24).

574 3216 691 3256 rum
747 3200 895 3254 intus
947 3203 1239 3268 quaereret,
1285 3195 1337 3248 id
1392 3193 1532 3261 quod
1582 3189 1714 3245 loris
1768 3185 2131 3242 transitorium

2242 3193 2381 3247 Ecce
2410 3207 2534 3246 caro
2564 3190 2750 3244 mersit
2800 3204 2937 3261 quos
2966 3190 3193 3259 superba
3237 3187 3480 3243 scientia
3524 3180 3825 3246 sublevavit,

571 3293 799 3349 sustinet
843 3304 963 3347 esse
1018 3287 1350 3344 intolerabile
1400 3299 1507 3339 non
1578 3282 1889 3338 aestimaret.
1943 3278 2139 3348 Sequi-

574 3396 703 3441 ιιιιδε

939 3469 1166 3529 CAPUT
1209 3468 1352 3525 xvu
1376 3467 1523 3541 [Rec.
1558 3463 1758 3537 XIII].

645 3565 797 3625 Vera.
828 3566 915 3620 H.
938 3593 1009 3606 —
1037 3563 1137 3630 Qui
1165 3563 1309 3616 docet
1334 3576 1426 3615 nos
1454 3574 1610 3629 super
1626 3559 1865 3628 jumenta
1891 3563 2072 3624 terra,
2098 3561 2146 3610 et

576 3677 730 3735 super
755 3662 983 3715 uolucres
1015 3658 1127 3712 caeli
1152 3655 1323 3709 erudit
1356 3669 1468 3708 nos.

643 3752 736 3807 27.
767 3750 903 3804 Deus
942 3764 1034 3802 nos
1063 3748 1205 3802 docet
1225 3746 1394 3801 carnis
1410 3745 1713 3814 voluptates,
1737 3753 1783 3797 et
1802 3738 2014 3812 spiritus
2038 3741 2149 3795 cla.-

580 3848 767 3901 tionem
795 3857 990 3895 cauere.
1016 3867 1090 3880 —
1114 3838 1356 3893 .lumenta
1402 3846 1559 3891 terra:
1604 3844 1751 3900 sunt,
1780 3836 1872 3903 qui
1902 3849 1999 3889 usu
2026 3834 2150 3888 vitas

580 3934 813 3992 carnalis
842 3933 947 3988 ima
975 3937 1267 3998 appetunt;
1296 3926 1539 3981 volucres
1581 3940 1710 3981 vero
1737 3918 1863 3980 ἑωιί
1896 3935 2036 3989 sunt,
2059 3926 2152 3992 qui

582 4026 831 4093 superba:
865 4022 1188 4077 curiositatis
1233 4020 1417 4073 studio
1437 4019 1686 4074 sublimia
1729 4014 2150 4086 peiscrutantur,

585 4121 665 4176 illi
687 4115 918 4173 vivendo
938 4127 1001 4169 se
1022 4112 1297 4181 deponunt
1321 4107 1460 4165 infra
1500 4124 1658 4178 quam
1688 4117 1836 4173 sunt,
1865 4107 1955 4162 isti
1985 4106 2156 4176 inqui.

584 4209 755 4267 rendo
782 4220 843 4262 se
868 4205 1081 4260 elevant
1116 4203 1255 4256 ultra
1284 4215 1443 4270 quam
1471 4208 1714 4270 possunt.
1744 4208 1767 4237 ο
1794 4199 1925 4267 .lllps
1972 4198 2028 4251 in
2076 4200 2157 4251 in-

587 4306 726 4357 timis
746 4300 994 4368 voluptas
1015 4295 1196 4366 dejicit
1222 4295 1422 4360 carnis,
1452 4297 1583 4348 istos
1614 4295 1761 4363 quasi
1789 4295 1842 4347 in
1861 4292 2158 4362 superiori-

2246 3291 2301 3341 et
2332 3298 2368 3360 _a
2395 3282 2574 3336 volatu
2623 3281 2894 3334 volucrum
2934 3280 3070 3345 ultra
3094 3279 3400 3348 appetitum
3435 3275 3577 3343 lapsi
3603 3280 3724 3327 sunt
3744 3269 3825 3340 ju-

2246 3359 2587 3438 mentorum;
2628 3380 2803 3438 atquae
2833 3369 2955 3435 inde
2985 3370 3085 3424 sub
3113 3384 3173 3423 se
3220 3369 3491 3441 prostrati
3517 3374 3663 3432 sunt,
3707 3359 3833 3416 unde

2246 3480 2408 3533 super
2448 3479 2509 3519 se
2556 3463 2635 3516 ire
2669 3460 3005 3535 videbantur.
3056 3457 3373 3515 Curandum
3428 3459 3616 3529 itaque
3661 3461 3759 3519 est,
3786 3455 3833 3506 et

2230 3552 2395 3611 omni
2443 3552 2685 3609 custodia
2742 3566 2895 3606 mens
2922 3550 3241 3620 asnperbiae
3290 3558 3521 3604 tumore
3568 3542 3836 3602 servanda.

2249 3648 2365 3703 Non
2396 3646 2543 3702 enim
2568 3653 2691 3699 ante
2718 3644 2902 3699 oculos
2931 3642 3024 3697 Dei
3061 3628 3243 3713 vacum
3278 3639 3637 3705 transvolant
3656 3636 3840 3704 cogita-

2253 3739 2427 3792 tiones
2460 3746 2685 3802 nostrae;
2734 3742 2789 3790 et
2812 3732 2953 3790 nulla
2984 3740 3252 3787 momenta
3301 3729 3583 3798 temporis
3629 3742 3727 3798 per
3752 3722 3846 3778 ani-

2252 3844 2395 3886 mum
2441 3836 2721 3883 transeunt
2771 3826 2885 3880 sine
2932 3832 3075 3885 statu
3097 3806 3507 3881 retributionis.
3556 3819 3705 3875 Intus
3732 3827 3847 3891 ergo

2257 3920 2409 3975 videt
2440 3919 2582 3972 Deus
2610 3916 2751 3987 quod
2780 3914 3011 3970 mentem
3042 3912 3235 3987 elevat,
3268 3922 3329 3965 et
3356 3911 3577 3966 idcirco
3606 3905 3853 3981 permittit

2255 4011 2386 4066 foris
2415 3998 2744 4079 invalescere
2783 4006 2923 4084 quod
2969 4007 3218 4074 deportat.
3256 4004 3422 4058 intus
3465 4004 3624 4073 prius
3655 3998 3856 4056 extolli-

2259 4108 2371 4164 tur,
2400 4097 2545 4167 quod
2589 4096 2714 4149 loris
2745 4083 3081 4163 postmodum
3121 4091 3355 4173 luxurie
3402 4090 3765 4162 corruptione
3791 4083 3859 4147 le-

2258 4166 2446 4245 riatur.
2496 4187 2773 4255 Occultam
2815 4184 3068 4241 videlicet
3113 4166 3329 4252 culpam
3375 4184 3643 4254 sequitur
3691 4166 3865 4248 aperta

2264 4278 2559 4350 percussio,
2590 4288 2649 4331 ut
2675 4277 2831 4331 malis
2858 4274 3213 4330 exterioribus
3254 4273 3543 4339 interiora
3586 4272 3865 4343 puniantur

570 4398 686 4452 bus
708 4356 1062 4461 erigit'libido
1079 4356 1437 4443 curiositatis.
1471 4386 1581 4441 lllis
1630 4356 1725 4455 per
1753 4356 2161 4455 sacra-eloquia
2261 4381 2316 4451 est
2341 4385 2435 4424 cor
2476 4368 2687 4437 publice
2725 4377 2961 4431 corruat.
2985 4367 3124 4436 quod
3154 4365 3398 4420 latenter
3436 4365 3718 4419 tumebat.
3750 4356 3872 4413 Hinc

589 4453 828 4542 dicitur':
862 4481 1041 4537 Nolite
1062 4480 1172 4548 ﬁeri
1197 4482 1328 4532 sicut
1366 4494 1525 4549 equm
1562 4489 1610 4532 et
1631 4453 1826 4542 mulus,
1851 4477 2030 4548 quibus
2054 4453 2162 4539 non
2226 4538 2233 4547 ‘
2263 4462 2462 4531 QUil’Pe
2499 4475 2595 4530 P9?
2624 4458 2762 4514 0589
2790 4466 2975 4513 οοῐιιΐα
3010 4456 3279 4511 Ismenias
3321 4455 3545 4511 dieitur
3584 4473 3601 4509 :
3657 4453 3875 4522 δρὶτὶίιιι

590 4587 662 4633 est
714 4577 995 4641 intellectus
1034 4572 1206 4643 (Psal.
1244 4585 1394 4636 un,
1443 4571 1537 4640 9);
1571 4567 1590 4607 ί
1624 4571 1848 4623 istorum
1899 4568 2160 4636 superbus
2186 4572 2238 4630 ι)
2266 4556 2617 4630 fornicationis
2645 4554 2698 4607 in
2727 4550 2896 4606 medio
2920 4568 3114 4621 eorum,
3140 4559 3189 4603 et
3224 4549 3540 4603 Dominum
3567 4566 3675 4603 non
3705 4559 3879 4615 cogno-

595 4678 747 4731 labor
770 4672 1093 4741 increpatur,
1122 4672 1246 4723 dum
1273 4669 1467 4722 dicitur
1499 4683 1511 4718 :
1537 4665 1734 4755 Altioqa
1762 4674 1807 4717 te
1844 4679 1908 4717 ne
1944 4663 2161 4733 quwsie-
2268 4656 2447 4701 υεταηί
2474 4645 2695 4755 (θδεοὶνο
2721 4640 2800 4714 ⁴)ο
2826 4642 2929 4708 Ουί
2959 4650 3016 4694 ut
3038 4638 3354 4755 οδῑίξηάθτθῑ
3378 4638 3539 4711 Ψιοά
3569 4651 3737 4693 causa
3764 4631 3880 4685 ΠΜ·

1770 4753 1793 4755 ᾼ
2060 4751 2131 4755 ν--
2260 4735 2408 4755 λΔε-ι-
2443 4748 2501 4755 μ.
2558 4748 2615 4755 ..--
2646 4747 2703 4755 η-
2761 4729 3063 4755 ..ι-,Α-..“..ιι-ζι
3105 4742 3134 4755 ι.
3159 4728 3358 4755 “unus-
3464 4746 3601 4755 ...ηι-
3655 4723 3880 4755 ...ιιμιςιιῖι

594 4771 697 4830 ris.
723 4775 774 4820 et
796 4766 1011 4837 fortiora
1050 4773 1094 4817 te
1134 4778 1196 4815 ne
1238 4768 1497 4814 scrutatus
1527 4723 1693 4828 fuerisi
1726 4753 1914 4825 (Eccli.
1944 4769 2022 4817 Ill,
2048 4751 2142 4822 22)

2258 4735 2411 4789 ιᾱὶηἰε
2438 4748 2506 4787 ex
2554 4732 2707 4802 culpa
2761 4729 3065 4809 proru‘perit
3103 4728 3360 4783 elationis
3388 4770 3406 4795 ,
3464 4746 3603 4783 mox
3655 4723 3886 4782 subdidit

597 4863 708 4917 Illis
730 4861 950 4914 dicitur:
971 4857 1278 4926 Mortiﬁcate
1302 4854 1525 4910 membra
1550 4862 1736 4921 vestra,
1763 4867 1874 4920 qua:
1887 4860 2170 4919 suntsuper
2481 4823 2589 4926 ευξῖι
2614 4821 2934 4926 resp???“
2957 4820 3253 4926 αττθίαξπία
3266 4817 3461 4874 Ῑῖναε(
3485 4823 3546 4874 in
3565 4821 3763 4901 Ῑασίεηιη
3785 4817 3886 4885 ei“

597 4963 819 5017 terram,
847 4951 1255 5023 fornicationem,
1297 4945 1693 5017 immunditiam,
1722 4944 1981 4996 libidinem
2005 4981 2019 5004 ,
2050 4955 2147 4993 cont

2277 4916 2465 4990 (lbid.,
2494 4914 2570 4983 5).
2599 4915 2678 4968 Ac
2706 4912 2753 4966 si
2795 4913 2997 4967 diceret
3029 4928 3043 4965 :
3073 4912 3238 4979 Culpa
3268 4926 3405 4981 quae
3456 4928 3566 4982 per
3605 4908 3893 4968 elationem

599 5000 955 5114 cupiscent'iam
1010 5039 1201 5092 malam
1246 5037 1469 5108 (Cotoss.
1515 5006 1614 5105 tu,
1644 5034 1731 5104 5);
1782 5033 1897 5086 istis
1943 5029 2137 5114 dicitur

2280 5006 2472 5060 mentis
2502 5007 2553 5057 in
2575 5003 2781 5058 occulto
2806 5002 2959 5055 latuit
2981 5016 3074 5070 per
3095 5002 3270 5055 carnis
3296 5000 3599 5056 lusiuriam
3630 5004 3684 5055 in
3719 5006 3897 5067 aperto

2319 5108 2429 5114 ,-A-
2461 5095 2549 5114 ,js.
2619 5092 2845 5114 n_-:__s-
2899 5106 2993 5114 μ-..
3034 5091 3354 5114 s.--._:|:.-.:..
3418 5080 3739 5114 -JS-.-_12-L..
3796 5102 3897 5114 Α--.

603 5132 654 5187 Ν
660 5088 774 5185 emo
796 5147 882 5185 vos
922 5088 1755 5201 decipiat-penitbilosopbidm[et
1784 5122 1988 5175 inanem
2020 5102 2147 5191 [alla

2279 5095 2575 5165 respOndit.
2619 5092 2849 5148 Proinde
2899 5106 2994 5161 per
3033 5091 3357 5146 humilitatis
3412 5088 3742 5147 custodiam
3795 5102 3903 5143 ser-

602 5222 739 5274 ciam
756 5217 978 5289 (ϐρίθει,
1089 5178 1358 5287 8),Γι)ο(ζει
1588 5228 1685 5266 nos
1715 5212 1854 5265 Deus
1894 5178 2055 5278 supe'r
2092 5202 2177 5277 ius
2283 5187 2457 5289 vattd:
2480 5193 2564 5241 θεῖ
2601 5184 2858 5285 munditia
2908 5180 3186 5289 castitatis.
3309 5183 3478 5237 enim
3684 5178 3903 5250 spiritus

606 5272 783 5364 menta
806 5320 967 5364 terra:
990 5317 1046 5362 et
1064 5272 1307 5363 volucres
1328 5272 1474 5369 caeli,
1502 5306 1625 5373 quia
1646 5304 1769 5355 dum
1794 5301 1893 5354 hoc
1923 5272 2062 5369 quod
2090 5272 2181 5353 su-
2286 5277 2384 5373 _5“b
2418 5272 2857 5373 De°__l“:°mn“fi
2880 5272 3217 5373 camwicm
3258 5284 3447 5341 super
3491 5272 3764 5343 Spiritum
3802 5284 3901 5323 "0“

608 5415 729 5455 mus
747 5400 1107 5471 agnoscimus,
1123 5411 1221 5452 nec
1234 5397 1409 5451 carnis
1435 5409 1532 5448 nos
1557 5392 1835 5447 inﬁrmitas
1860 5388 2147 5460 dejicit,ne

2287 5367 2512 5423 levatur.
2538 5364 2710 5421 liabet
2727 5364 2923 5451 quippe
2950 5361 3169 5431 spiritbs
3196 5362 3591 5418 commissum
3614 5362 3723 5418 sibi
3740 5357 3907 5414 domi-

2374 5518 2390 5553 ι
2488 5537 2504 5553 .

2282 5517 2377 5609 pe;
2394 5517 2663 5635 oiliudocq
2679 5570 2891 5623 istorum
2916 5568 3149 5636 superbia
3182 5566 3543 5633 increpatur.

685 5660 710 5690 ⁸
741 5653 849 5712 ΔΙ..
882 5661 935 5703 ut
958 5636 1047 5713 spe
1077 5652 1345 5713 manentis,
1376 5636 1518 5715 quod
1543 5648 1701 5700 habet
1730 5644 1882 5696 Cnlb.
2355 5651 2381 5715 fi
2413 5640 2625 5715 Ebrpic.
2653 5649 2709 5695 et
2736 5638 3141 5715 a_li't_Nornl.,.iu
3169 5636 3387 5715 inﬁgat.

685 5715 717 5799 ᾇ
744 5705 1006 5799 yillducﬂi
1024 5728 1269 5799 attamen
1294 5705 1557 5799 present“
1591 5729 1872 5799 pressurus.
1984 5784 1993 5794 '
2024 5784 2034 5795 _
2296 5709 2385 5799 rh
2410 5712 2482 5791 ita
2506 5713 2724 5776 Pratel.,
2748 5711 2950 5771 Baluz.,
2980 5705 3132 5761 Colb.
3166 5707 3224 5760 lu
3250 5705 3515 5763 Excusis
3549 5710 3783 5783 legitur,
3807 5719 3914 5761 car-

634 5833 641 5841 ,
692 5798 714 5826 '
740 5788 933 5843 Pratel.
960 5797 1013 5841 et
1039 5789 1150 5852 alii,
1176 5780 1367 5838 illos'iu
1398 5780 1600 5847 iri/ima.
1625 5824 1637 5839 .
1659 5825 1671 5837 .
1700 5789 1821 5837 istos
1853 5784 1993 5846 quasi
2020 5784 2067 5833 in
2097 5798 2187 5835 su-
2286 5780 2363 5834 dis
2394 5781 2496 5835 sui.

680 5520 712 5551 ⁸
736 5512 983 5576 Vindoc.,
1012 5527 1123 5565 ecce
1148 5512 1212 5562 de
1239 5517 1383 5562 nocte
1410 5490 1700 5577 pressuram
1728 5504 1971 5557 nominat.

680 5580 714 5621 δ
738 5580 939 5636 Turon.
957 5623 972 5647 ,
1005 5585 1068 5632 de
1093 5578 1686 5648 consolatiouejustitite.
