4004 6350
498 354 605 422 367

909 467 1134 527 CAPUT
1173 464 1336 522 xvnt
1379 463 1524 537 [Περ.
1551 458 1681 533 IV].

577 585 739 641 Vens.
780 582 864 637 12.
888 613 957 624 --
980 581 1060 636 lbi
1084 578 1395 643 clamabunt,
1423 588 1470 632 et
1499 592 1599 632 non
1622 552 1858 632 exauatet
1882 584 2087 646 propter

502 680 789 750 superbiam
825 676 1093 730 malorum.

573 773 662 829 52.
702 769 842 824 Iusti
876 768 1237 837 permittuntur
1275 766 1492 836 apprimi
1520 775 1573 818 ut
1610 774 1915 838 purgentur,
1953 774 1999 818 et
2032 772 2089 817 ut

503 879 858 936 oppressorum
888 860 1113 931 nequitia
1142 867 1614 912 consummetur.—
1636 856 1711 911 lbi
1750 856 1995 909 videlicet
2034 854 2088 908 in

502 960 865 1025 tribulatione,
906 964 965 1010 ut
1013 973 1043 1010 e
1086 964 1270 1008 contra
1322 953 1387 1007 de
1436 951 1629 1025 gaudio
1679 950 1937 1020 scriptum
1968 956 2087 1003 est:

500 1052 631 1107 Filii
659 1067 920 1106 servorum
952 1061 1155 1103 tuorum
1182 1046 1541 1101 inhabitabant
1572 1046 1640 1099 ibi
1670 1042 1840 1111 (Psal.
1872 1034 1945 1108 et,
1974 1040 2090 1111 9.9).

501 1144 608 1201 Sed
634 1143 843 1198 videtur
866 1143 1146 1196 incertum
1180 1149 1355 1193 utrum
1388 1139 1530 1193 dicat
1570 1157 1581 1190 :
1627 1137 1853 1205 Propter
1902 1148 2094 1202 snper-

496 1236 640 1292 biam
665 1237 925 1289 malorum
952 1248 1055 1287 non
1093 1230 1371 1297 exaudiet;
1419 1247 1509 1295 an,
1542 1238 1761 1299 propter
1784 1226 2091 1296 superbiam
2156 1292 2159 1293 ν

498 1331 761 1384 malorum
801 1315 1143 1383 clamnhunt.‘
1172 1325 1403 1394 Intelligi
1447 1333 1623 1377 autem
1667 1322 1859 1375 melius
1891 1326 2092 1390 potest,

498 1427 543 1480 si
575 1440 679 1480 non
710 1424 946 1480 exaudiri
988 1422 1163 1491 potius
1206 1430 1423 1490 propter
1466 1418 1728 1472 malorum
1763 1416 2089 1486 superbiam,

497 1534 655 1589 quam
696 1518 929 1573 clamare
969 1514 1292 1570 referantur.
1330 1513 1458 1567 Nam
1490 1511 1632 1580 quod
1668 1518 1885 1579 propter
1918 1508 2090 1562 malo-

496 1624 615 1663 rum
659 1609 963 1677 superbiam
1010 1608 1265 1669 clamant,
1314 1605 1419 1670 iam
1472 1619 1628 1672 supra
1662 1601 1861 1656 dictum
1897 1612 2000 1663 est,
2029 1612 2096 1653 eo

496 1717 658 1757 versu
701 1716 807 1770 quo
847 1701 1039 1754 dicitur
1069 1718 1082 1754 :
1113 1696 1334 1767 Pmptrr
1372 1694 1753 1748 multitudinem
1788 1701 1815 1729 ι
1851 1690 2099 1745 uiolento-

493 1810 608 1847 rum
629 1793 944 1846 clamabunt.
974 1788 1183 1857 A'iqni-l
1212 1802 1341 1857 ergo
1362 1786 1515 1841 nobis
1542 1787 1643 1839 hoc
1670 1799 1827 1839 versu
1858 1782 2097 1836 innuitnr

1684 304 1929 407 saucrt
1968 341 2307 405 cnncoan
2350 338 2568 399 MAGNI

2113 470 2167 526 Α
2193 461 2446 529 sapientes
2475 455 2764 519 morientes,
2800 451 2951 507 simul
2983 448 3227 521 insipiens
3259 457 3306 505 et
3334 446 3509 505 stultus
3533 453 3741 522 peribunt

3643 298 3735 398 su

2190 551 2367 624 (Psal.
2400 567 2585 616 xnvtzt,
2615 547 2722 617 ll).
2752 548 2894 617 Quos
2920 548 3063 602 enim
3098 544 3377 600 visibiliter
3403 547 3527 601 mori
3553 550 3743 620 conspi-
3780 616 3783 619 ἰ

2192 650 2360 714 ciunt,
2410 645 2748 701 invisibiliter
2784 645 2964 697 vivere
3008 656 3165 711 posse
3190 656 3306 695 ‘non
3337 642 3575 707 credunt;
3605 652 3748 713 atque
3790 648 3797 683 ἲ

2190 756 2256 796 eo
2288 751 2491 795 reatum
2520 737 2853 793 inﬁdelitatis
2882 742 2991 789 sua:
3018 735 3312 800 cumulant,
3338 750 3439 803 quo
3463 734 3567 789 visa
3595 747 3748 793 morte

2192 833 2431 888 ﬁdelium
2470 832 2559 885 ide
2616 830 2917 885 aeternitate
2973 828 3276 896 desperant.
3345 826 3501 897 Igitur
3555 829 3751 887 violenti

2193 918 2390 994 quique
2434 924 2557 977 inde
2586 921 2611 959 ἀ
2642 923 2876 976 deterius
2908 921 3182 983 deﬁciunt,
3214 921 3354 974 unde
3394 929 3572 975 contra
3608 922 3753 978 vitam

2194 1014 2557 1071 innocentium
2609 996 2847 1069 exterius
2903 1012 3311 1076 convalescunt;
3374 1018 3613 1081 tantoque
3655 1011 3757 1067 illos

2196 1110 2379 1163 intima
2422 1109 2622 1164 veritas
2672 1125 2701 1163 a
2730 1124 2788 1163 se
2839 1107 2981 1161 foras
3010 1106 3181 1175 ejicit,
3212 1118 3413 1175 quanto
3458 1122 3547 1161 eos
3593 1118 3757 1164 contra

2197 1214 2324 1254 suos
2357 1203 2726 1267 temporallter
2759 1202 2899 1270 quod
2932 1200 3114 1253 volunt
3146 1213 3300 1267 posse
3334 1199 3601 1265 permittit.

2269 1292 2357 1349 55.
2401 1292 2663 1346 Malorum
2692 1309 2839 1361 ptrna
2869 1292 3093 1363 gravior,
3129 1300 3203 1343 est
3240 1293 3568 1361 prosperitas.
3604 1284 3761 1346 Mani-

2199 1388 2385 1458 festum
2425 1398 2496 1442 est
2534 1388 2903 1458 reprobationis
2942 1386 3208 1440 indicium.
3232 1387 3570 1456 ——Quisqttis
3606 1388 3766 1456 itaque

2198 1480 2460 1534 bonorum
2489 1479 2650 1533 vitam
2681 1480 3041 1548 persequitur,
3064 1487 3188 1532 tunc
3216 1477 3398 1547 peiore
3424 1477 3617 1533 ultione
3631 1479 3765 1534 data-

2198 1583 2376 1651 natur,
2413 1588 2535 1627 cum
2588 1571 2731 1625 nulla
2770 1571 2819 1625 ei
2858 1572 3179 1625 adversitate
3219 1570 3515 1635 resistitur;
3565 1582 3615 1625 et
3661 1582 3770 1627 tunc

2201 1665 2438 1719 fortioris
2483 1665 2578 1719 ira:
2611 1663 2862 1730 periculis
2891 1662 3166 1731 subjacet,
3196 1678 3319 1717 cum
3354 1676 3609 1732 prospere
3638 1678 3771 1731 pera-

2199 1761 2275 1829 git
2296 1758 2436 1831 quod
2469 1758 2713 1828 nequiter
2742 1756 3095 1825 concupiscit,
3131 1756 3251 1825 quia
3287 1754 3533 1810 videlicet
3560 1754 3771 1810 vindicta

495 1886 636 1958 quod
669 1886 825 1955 paulo
863 1870 1111 1938 subtilitis
1154 1880 1482 1943 attettdatur,
1516 1879 1637 1945 quia
1670 1889 1814 1943 suape
1843 1870 2093 1941 oppressi

2208 1852 2418 1921 superni
2457 1851 2645 1921 jttdicii
2688 1850 2755 1904 ad
2800 1851 2976 1904 futura
3006 1864 3130 1936 eum
3171 1849 3429 1917 supplicia
3476 1849 3773 1904 reservando

494 1976 707 2048 quidam
751 1976 875 2029 dum
927 1972 1307 2036 clamaverint,
1340 1986 1407 2025 ex
1460 1984 1520 2023 se
1556 1968 1769 2037 quidem
1819 1977 2095 2020 merentur

492 2067 683 2133 audiri,
730 2068 826 2122 sed
875 2075 1053 2121 tamen
1098 2078 1283 2119 eorum
1330 2061 1595 2116 desideria
1646 2071 1861 2129 propter
1906 2057 2093 2124 oppri-

493 2160 751 2223 mentium
782 2159 1087 2228 superbiam
1117 2154 1462 2210 diﬁ'erunturl
1496 2153 1682 2208 Justus
1714 2152 1911 2221 quippe
1957 2152 2096 2205 Deus

492 2246 552 2309 "t
587 2270 714 2311 suos
743 2252 1006 2321 permittit
1049 2249 1416 2318 temporaliter
1453 2246 1703 2321 Opprimi,
1735 2256 1790 2300 et
1827 2244 2095 2298 violento-

503 2362 613 2403 mm
636 2346 894 2401 malitiam
930 2345 1176 2411 nequiter
1202 2342 1406 2411 augeri,
1442 2350 1498 2393 ut
1525 2341 1651 2394 dum
1681 2341 1870 2393 horum
1899 2338 2006 2392 vita
2037 2337 2093 2392 in

494 2444 809 2516 purgatione
861 2441 1074 2503 teritur,
1124 2439 1339 2492 illorum
1388 2436 1623 2505 nequitia
1669 2441 2092 2489 consummetur.

495 2536 641 2612 [Vet.
676 2533 830 2605 XV.]
862 2524 1180 2600 Plerumque
1210 2544 1336 2584 vero
1381 2528 1606 2590 accidit,
1646 2535 1706 2580 ut
1744 2526 1873 2595 justi
1910 2526 1963 2579 in
2002 2524 2098 2578 tri-

495 2626 762 2684 bulatione
791 2620 1133 2692 deprehensi,
1169 2635 1460 2687 supernum
1493 2616 1741 2671 solatium
1770 2617 1931 2671 etiam
1965 2626 2098 2670 tem-

495 2720 751 2792 poraliter
793 2717 1110 2787 percipiant,
1154 2713 1298 2779 quod
1349 2724 1526 2766 tamen
1575 2726 1680 2765 non
1733 2711 2099 2778 temporaliter

496 2812 804 2882 implorant.
834 2809 1043 2865 Salvari
1073 2808 1214 2862 enim
1245 2820 1349 2860 non
1381 2814 1599 2876 propter
1631 2820 1711 2874 se,
1746 2804 1839 2859 sed
1870 2811 2094 2872 propter

498 2904 931 2963 adversariorum
982 2902 1211 2957 salutem
1262 2898 1666 2968 concupiscunt,
1710 2907 1765 2952 ut
1809 2897 1935 2951 dum
1978 2896 2098 2950 illos

499 2996 838 3065 omnipotens
860 2991 1005 3048 Deus
1033 2992 1101 3046 ab
1123 2992 1400 3046 immensis
1430 2990 1677 3059 periculis
1708 2989 1846 3043 facto
1866 2988 2100 3057 quodam

499 3089 757 3144 miraculo
798 3087 1008 3153 liberat,
1050 3085 1302 3139 virtutem
1348 3099 1499 3138 suam
1541 3082 1672 3150 ipsis
1710 3082 1871 3135 etiam
1911 3094 2101 3149 perse-

499 3183 777 3241 cutoribus
828 3184 1169 3246 innotescat;
1244 3188 1404 3248 atque
1459 3177 1585 3232 inde
1636 3174 1978 3230 adversarios
2034 3172 2102 3227 ad

2199 1946 2465 2012 deseruit,
2494 1945 2581 1999 cui
2622 1944 2708 1998 hic
2750 1944 2802 1998 in
2836 1943 2978 1996 malo
3008 1943 3227 1998 obviare
3268 1943 3609 2011 contempsit.
3656 1941 3774 1996 lline

2204 2040 2347 2095 enim
2380 2054 2474 2107 per
2501 2038 2823 2107 Prophetam
2856 2037 3109 2091 Dominus
3148 2036 3279 2090 dicit
3329 2053 3341 2088 :
3381 2033 3564 2089 Dimisi
3604 2051 3679 2089 eos
3710 2050 3776 2089 se-

2199 2132 2422 2185 cundum
2450 2131 2703 2185 desideria
2732 2132 2900 2184 cordis
2926 2145 3118 2192 eorum,
3149 2136 3173 2165 ο
3198 2137 3243 2181 ει
3273 2126 3418 2180 ibunt
3443 2128 3495 2180 in
3523 2124 3775 2179 voluntati-

2201 2230 2291 2282 bus
2323 2230 2427 2282 suis
2458 2226 2633 2299 (Psal.
2659 2244 2824 2295 Lxxx,
2854 2228 2964 2298 1⁸5).
3000 2224 3135 2279 llinc
3181 2239 3398 2279 rursum
3429 2223 3616 2277 dicitur
3638 2240 3651 2274 :
3675 2219 3778 2274 Non

2199 2337 2273 2380 est
2311 2327 2454 2399 virga
2477 2325 2572 2379 Dei
2602 2340 2755 2394 super
2792 2323 2911 2377 illos
2942 2321 3089 2392 (Job.
3127 2336 3241 2386 κει,
3274 2318 3355 2390 9).
3391 2318 3523 2373 llinc
3552 2318 3698 2371 etiam
3725 2314 3780 2369 de

2199 2419 2319 2487 ipso
2355 2433 2543 2473 eorum
2575 2418 2751 2486 capite
2780 2415 3041 2485 scriptum
3072 2422 3196 2469 est:
3229 2412 3414 2466 Faciet
3457 2421 3503 2464 et
3541 2423 3781 2481 prospera-

2202 2509 2335 2563 bitur
2375 2508 2537 2579 (Dan.
2572 2524 2690 2585 vni,
2718 2507 2832 2579 12).
2867 2508 3003 2562 llinc
3050 2521 3239 2561 rursus
3267 2505 3338 2559 de
3370 2505 3559 2559 eodem
3584 2502 3779 2556 dicitur:

2203 2599 2273 2654 Et
2313 2596 2462 2655 dolus
2503 2602 2557 2655 in
2605 2617 2762 2653 manu
2810 2603 2921 2671 ejus
2964 2600 3215 2668 dirigetur
3258 2596 3428 2669 (Dan.
3462 2612 3573 2659 vttt,
3603 2594 3709 2664 25).
3735 2591 3782 2645 In

2200 2709 2366 2747 manu
2409 2693 2608 2762 quippe
2645 2691 2965 2747 Antichristi
3008 2690 3165 2745 dolus
3206 2688 3490 2759 dirigitur,
3527 2686 3545 2726 ί
3580 2687 3694 2756 quia
3736 2683 3782 2739 in

2203 2784 2307 2839 hoc
2332 2785 2473 2853 quod
2503 2794 2690 2839 contra
2738 2785 2909 2838 bonos
2940 2783 3292 2853 proposuerit
3341 2781 3569 2851 implore
3599 2789 3783 2847 tempo-

2202 2878 2390 2933 raliter
2419 2878 2565 2933 nulla
2596 2878 2929 2933 adversitate
2958 2875 3311 2947 praepeditum
3340 2875 3477 2929 Hinc
3502 2889 3677 2929 rursus
3706 2885 3785 2941 per

2204 2971 2859 3055 Salomonem.dicitur,:
2914 2969 3243 3041 Prosperitas
3301 2969 3581 3023 stultorum
3636 2965 3787 3035 perdet

2202 3065 2320 3119 illos
2341 3062 2522 3136 (Prov.
2549 3080 2589 3130 ι,
2612 3064 2725 3135 52).
2770 3062 2917 3138 [νει.
2943 3062 2991 3117 Χ
3011 3061 3129 3134 γι.]
3160 3061 3505 3117 Manifestum
3536 3074 3658 3131 ergo
3687 3071 3787 3127 pcr-

2203 3153 2424 3210 ditionis
2466 3156 2717 3211 indicium
2749 3164 2853 3221 est,
2889 3155 3105 3224 quando
3137 3153 3410 3209 aﬁ‘cctatis
3449 3150 3789 3225 iniquitating

502 3277 852 3335 aeternitatem
881 3274 1133 3337 redimat,
1167 3271 1308 3326 unde
1337 3283 1465 3327 suos
1499 3260 1868 3338 temporaliter
1902 3266 2094 3333 salvat,

2208 3249 2543 3319 subsequens
2586 3248 2726 3303 favet
2764 3247 3012 3314 eﬁ'ectus,
3046 3254 3098 3301 et
3139 3247 3289 3301 nulla
3331 3246 3681 3301 contrarietas
3708 3243 3791 3297 int-

499 3372 639 3426 sicut
665 3365 930 3436 Propheta
958 3378 1173 3434 quoque
1200 3375 1386 3417 vocem
1436 3369 1729 3430 martyrum
1770 3356 2095 3425 suscipiens,

501 3464 613 3519 ait:
639 3460 860 3531 PrOpter
886 3457 1119 3512 inimicos
1141 3470 1279 3509 meos
1306 3454 1448 3523 eripe
1469 3468 1549 3506 me
1571 3449 1742 3520 (Psat.
1768 3465 1956 3515 vam,
1985 3449 2099 3518 l9).

500 3559 580 3614 Ac
604 3556 647 3611 si
676 3555 880 3610 diceret
904 3569 917 3604 :
944 3551 1169 3619 Propter
1196 3562 1282 3602 me
1308 3546 1523 3616 quidem
1555 3542 1689 3613 eripi
1718 3542 1787 3598 de
1818 3543 2103 3611 temporali

502 3647 847 3706 tribulatione
894 3658 1002 3698 non
1052 3650 1277 3713 appeto.
1327 3637 1424 3693 sed
1475 3646 1655 3691 tamen
1701 3635 1835 3705 eripi
1886 3644 2105 3704 pr0pter

504 3722 843 3799 adversarios
882 3750 1033 3792 meos
1076 3732 1427 3803 concupisco,
1463 3741 1521 3786 ut
1550 3730 1675 3785 dum
1706 3744 1823 3784 mea
1853 3729 1963 3782 vita
1993 3731 2102 3782 sal-

502 3838 620 3894 vari
682 3835 1004 3891 mirabiliter
1068 3831 1326 3894 cernitur,
1398 3827 1518 3897 ipso
1567 3825 1945 3879 miraculorum
1985 3824 2105 3877 visu

505 3928 848 3996 inimicorum
875 3922 1074 3979 duritia
1103 3926 1467 3976 convertatur.
1488 3916 1640 3972 Sicut
1665 3930 1793 3985 ergo
1822 3929 1966 3983 saepe
1996 3914 2106 3967 Do-

507 4023 688 4079 mitius
732 4031 951 4074 suorum
998 4014 1163 4068 vitam
1211 4008 1581 4079 temporaliter
1634 4006 2107 4075 pro-inimicorum

507 4111 865 4172 conversione
905 4103 1095 4174 eripit,
1140 4103 1214 4157 ita
1259 4116 1406 4170 saepe
1448 4114 1665 4154 suorum
1695 4113 1855 4153 voces
1887 4107 2108 4167 propter

508 4202 907 4263 damnationem
937 4192 1371 4267 persequentium
1414 4206 1520 4246 non
1559 4189 1797 4267 exaudit,
1828 4197 1885 4243 ut
1912 4187 2108 4242 videli-

508 4304 596 4353 cet
619 4293 744 4348 inde
773 4298 983 4346 reatum
1010 4302 1163 4341 suum
1195 4284 1485 4346 cumulem,
1513 4260 1653 4336 unde
1683 4279 2021 4349 prmValuisse
2050 4293 2111 4335 se
2165 4338 2173 4351 ,

509 4386 759 4457 nequiter
806 4380 1059 4453 gaudent.
1109 4377 1241 4432 Nam
1285 4375 1376 4446 qui
1426 4374 1709 4429 invisibilia
1762 4372 2109 4441 despiciunt,

513 4477 722 4537 moveri
768 4486 1151 4540 nonnunquam
1201 4465 1502 4523 visibilibus
1550 4463 1821 4518 miraculis
1865 4470 2109 4530 possunt.

511 4570 621 4630 Sed
650 4568 847 4624 idcirco
872 4580 992 4621 cum
1032 4561 1192 4631 justis
1219 4560 1533 4627 plerumque
1561 4554 1637 4608 nil
1669 4556 1859 4608 mirum
1894 4553 2113 4609 visibili-

2210 3343 2356 3412 pedit
2400 3342 2540 3411 quod
2592 3358 2745 3397 mens
2794 3357 3049 3412 perversa
3098 3340 3440 3409 conceperit.
3497 3339 3626 3394 Nam
3667 3346 3793 3403 saepe

2206 3450 2491 3505 pravorum
2524 3437 2803 3491 hominum
2836 3438 2962 3491 dum
3001 3436 3287 3491 lardantur
3321 3444 3481 3501 vota,
3511 3440 3787 3495 mutantur;

2141 3547 2148 3556 ·
2208 3534 2263 3583 et
2301 3527 2426 3582 dum
2475 3526 2849 3583 difﬁcultatem
2896 3527 3247 3597 perfectionis
3295 3529 3572 3591 sentiunt,
3612 3532 3794 3580 reatum

2207 3620 2364 3675 mala:
2412 3620 2643 3675 actionis
2692 3628 3027 3691 agnoscunt;
3081 3630 3136 3677 et
3189 3624 3391 3689 quibus
3440 3621 3589 3691 prius
3636 3613 3792 3672 invitis

2209 3712 2617 3778 contradicitur,
2655 3714 2900 3769 volentes
2941 3713 3286 3782 postmodum
3317 3713 3425 3768 hoc
3450 3711 3592 3783 quod
3621 3722 3793 3764 conce-

2208 3813 2428 3872 perant,
2473 3803 2849 3885 adversantur.
2893 3802 3025 3869 Quia
3060 3803 3220 3873 igitur
3262 3805 3439 3859 malos
3478 3819 3596 3859 cum
3623 3793 3796 3854 deserit

2210 3894 2470 3949 Dominus
2510 3895 2804 3964 praevalere
2847 3895 3143 3964 permittit,
3180 3905 3231 3949 et
3275 3896 3427 3951 unde
3466 3892 3798 3964 superborum

2211 3987 2447 4055 nequitia
2510 3984 2823 4054 perﬁcitur,
2892 3984 3018 4039 inde
3087 3985 3375 4040 humilium
3443 3980 3800 4054 longanimitas

2212 4074 2637 4143 consummatur,
2677 4077 2886 4132 dicatur
2927 4086 3074 4131 recte
3108 4073 3239 4144 :llbi
3281 4076 3603 4138 clamabunt,
3632 4080 3677 4126 et
3712 4081 3801 4123 non

2214 4169 2452 4223 exaudiet
2484 4177 2693 4238 propter
2727 4166 3018 4235 superbiam
3048 4166 3328 4222 malorum.
3356 4168 3644 4238 Sequitur:

2638 4257 2865 4314 CAPUT
2906 4256 3025 4313 XIX
3068 4256 3214 4330 [Rea
3244 4256 3401 4329 XV].

2287 4353 2454 4410 Vsus.
2498 4349 2885 4423 lii—Neque
2931 4355 3067 4407 enim
3117 4355 3311 4424 frustra
3355 4354 3533 4409 audiet
3573 4350 3726 4415 Deus,
3763 4350 3805 4401 et

2221 4446 2555 4517 Omnipotens
2585 4446 2907 4517 singulorum
2946 4461 3126 4498 causas
3155 4445 3465 4499 intuebitur.

2290 4538 2380 4593 54.
2424 4538 2694 4593 Desideria
2754 4546 3051 4591 sanctorum
3086 4552 3145 4590 eo
3179 4537 3499 4590 cumulatius
3537 4532 3806 4595 exaudiun-

517 4624 604 4721 ter
634 4663 830 4729 agitur.
857 4659 977 4729 quia
1006 4624 1195 4711 eorum
1227 4624 1521 4706 adversarii
1552 4646 1842 4702 illuminari
1873 4646 2115 4701 invisibi-
2143 4655 2197 4717 Β
2221 4645 2329 4700 ων.
2352 4651 2452 4705 quo
2474 4635 2694 4688 tardius.
2715 4664 2787 4674 —
2815 4632 3118 4688 Notandum
3163 4630 3305 4700 quod
3351 4631 3463 4684 duo
3499 4637 3623 4683 sunt
3660 4624 3805 4729 dicta:

511 4756 638 4813 liter
664 4770 770 4809 non
803 4757 1093 4832 merentur.
1137 4748 1351 4801 Dicatur
1387 4758 1516 4831 ergo
1542 4758 1556 4795 :
1586 4741 1669 4794 lbi
1709 4739 2023 4803 clamabant,
2059 4750 2109 4794 et

514 4866 619 4903 non
648 4846 883 4902 exaudiet
912 4852 1117 4914 prapter
1146 4837 1441 4906 superbiam
1473 4834 1749 4888 malorum.
1781 4835 1858 4886 Ac
1887 4831 1932 4886 si
1958 4832 2108 4887 dice-

516 4952 599 4999 ret
644 4960 657 4994 :
692 4940 893 4996 Beatus
932 4928 1404 5006 opprimentiumrb
1430 4928 1615 4983 audire
1665 4942 1824 4982 voces
1862 4927 2116 4996 prohibet

449 5074 457 5099 ε,
517 5050 918 5111 Oppressorum.
969 5031 1077 5087 Nec
1106 5028 1404 5096 eripiuntur
1440 5021 1723 5077 visibiliter
1755 5019 1917 5091 justi,
1948 5019 2110 5090 827

521 5109 706 5201 cquia
759 5126 951 5184 salvari
986 5119 1353 5178 ,invisibiliter
1405 5130 1510 5169 non
1560 5121 1837 5167 merentur
1901 5109 2108 5180 injusti.

520 5219 675 5276 Unde
713 5233 923 5274 rursum
974 5230 1068 5279 per
1104 5209 1428 5281 Prophetam
1473 5204 1666 5261 dicitur
1710 5221 1723 5256 ε
1770 5200 1899 5255 Cum
1936 5200 2121 5254 viderit

598 5345 623 5373 α
660 5335 716 5388 In
760 5326 1129 5399 superioribus
1152 5325 1241 5399 ubi
1272 5324 1421 5399 locus
1447 5320 1535 5376 hic
1557 5318 1992 5399 Jollcxponituy,
2006 5331 2116 5399 pro

519 5389 853 5461 uiolentorum
892 5400 1086 5469 legitur
1122 5396 1573 5469 calumniatorum.
1629 5390 1916 5458 Utramque
1945 5389 2114 5469 inter-

440 5476 443 5477 ⁷
522 5460 877 5546 pretationem
912 5460 1037 5546 pati
1087 5476 1262 5536 potest
1303 5464 1597 5545 Hebraicns
1653 5471 1852 5517 textus.
1910 5460 2117 5546 aliqua:

523 5530 798 5602 versiones
839 5530 1039 5598 habent
1081 5530 1290 5609 propter
1328 5535 1644 5609 potentiam,
1687 5541 1892 5603 prapter
1920 5530 2118 5585 violen-

526 5622 666 5673 tiam.
1092 5622 1100 5635 ‘

599 5691 623 5726 ι»
663 5690 774 5755 AL,
806 5685 995 5740 audiri.

604 5770 628 5799 ε
664 5742 813 5813 ίΕόῖιζ
842 5758 999 5810 Rom.
1032 5753 1166 5807 Sixti
1204 5752 1267 5817 V,
1315 5758 1371 5805 et
1417 5746 1716 5812 nonnullae,
1758 5742 2115 5817 quiasaluari

527 5829 788 5885 visibiliter
835 5842 938 5878 non
999 5814 1274 5885 merentur,
1341 5820 1614 5873 ntendOse.
1684 5814 1811 5871 Mss.
1879 5814 2112 5885 Anglic.,

534 5901 742 5981 Noun,
776 5897 1024 5958 Viudoc.,
1054 5904 1184 5959 etc.,
1216 5884 1532 5958 veteresque
1558 5888 1727 5953 Edit.,
1761 5885 1960 5941 habent
1989 5884 2118 5936 invi-

2222 4731 2342 4800 quia
2381 4740 2436 4785 et
2465 4731 2787 4785 clamantem
2819 4742 2922 4783 non
2953 4729 3144 4781 frustra
3177 4724 3349 4790 audit,
3383 4733 3442 4779 et
3474 4732 3653 4777 tamen
3684 4709 3809 4786 quod

2217 4823 2420 4894 patitur
2470 4823 2722 4892 respicit,
2773 4830 2827 4876 et
2873 4818 3129 4876 exaudire
3178 4833 3344 4873 voces
3396 4818 3716 4875 dissimulat,
3761 4812 3809 4861 et

2218 4917 2359 4987 quod
2408 4917 2770 4986 unusquisque
2811 4913 3008 4968 tolerat
3048 4926 3154 4966 non
3199 4910 3442 4981 ignorat.
3488 4910 3657 4964 Nemo
3695 4911 3809 4970 ergo

2220 5010 2311 5080 qui
2346 5008 2551 5062 tardius
2587 5006 2799 5060 auditur
2828 5007 3013 5060 credat
3043 5004 3185 5074 quod
3225 5020 3253 5057 a
3292 5017 3538 5073 superna
3571 5014 3694 5055 cura
3724 5006 3809 5048 ne.

2224 5101 2473 5172 gligatur.
2509 5099 2667 5167 Saepe
2697 5098 2839 5153 enim
2872 5107 3053 5151 nostra
3082 5095 3387 5159 desideria,
3422 5097 3547 5164 quia
3580 5090 3809 5147 celeriter

2228 5208 2337 5247 non
2388 5190 2555 5257 fiunt,
2607 5191 3001 5255 exaudiuntur;
3051 5196 3106 5242 et
3152 5185 3295 5257 quod
3346 5184 3572 5255 impleri
3621 5178 3809 5236 concite

2223 5310 2455 5366 sibiliter.

2296 5362 2437 5433 dﬂlta
2472 5378 2717 5443 Vindoc.,
2742 5377 2970 5441 Turon.,
3006 5374 3215 5440 Baluz.,
3247 5373 3432 5438 Colb.,
3468 5371 3665 5425 Pratel.
3703 5362 3812 5418 alii.

2223 5468 2329 5525 que
2352 5451 2562 5525 Noun”
2593 5464 2799 5525 necnon
2831 5457 2940 5525 veta.
3101 5445 3156 5498 In
3187 5455 3418 5525 r9cent_._,
3451 5444 3680 5497 interius.

2315 5534 2337 5561 ο
2370 5507 2619 5585 Vindoc.,
2663 5520 2870 5585 Baluz.,
2903 5516 3056 5570 Colb.
3094 5527 3148 5570 et
3187 5517 3320 5583 pler.
3354 5507 3647 5585 Norm.,et
3676 5507 3807 5584 ειηιηε

2224 5599 2279 5651 in
2310 5594 2654 5662 voluptatibus
2679 5592 2805 5643 suis.
2836 5590 2985 5662 Prior
3009 5588 3171 5662 lectio
3195 5586 3439 5662 concinit
3464 5584 3631 5653 magis
3658 5586 3809 5635 testut

2229 5668 2391 5721 llehr.
2423 5658 2475 5716 et
2498 5661 2759 5729 Vn‘gatte,
2786 5664 2839 5715 in
2865 5658 3304 5729 adinventionibus
3330 5659 3466 5729 suis.

2300 5734 2323 5783 ί
2365 5735 2454 5788 Sic
2485 5720 2687 5796 Baluvzu
2720 5720 2899 5795 Colb.,
2936 5729 3153 5785 Ebroic.
3204 5727 3411 5797 aliique
3443 5726 3629 5785 Norm.
3662 5720 3808 5779 Deest

2226 5811 2282 5867 in
2311 5809 2365 5867 in
2391 5805 2783 5862 recentioribus
2804 5804 2907 5859 Ed,
