4066 6348
325 334 428 388 56‘}

1069 334 1423 390 MORALIUM
1462 333 1592 387 LIB.
1637 332 1826 387 XXVI.
1869 362 1934 372 —-
1975 331 2038 390 IN
2079 330 2305 387 CAPUT
2349 330 2566 386 XXXIV
2608 333 2668 387 Β.
2709 331 2844 390 JOB.

3487 335 3592 390 370

324 447 576 518 petimus,
613 456 668 501 et
697 447 809 516 ipsa
852 448 1041 503 melius
1080 449 1327 503 tarditate
1359 458 1717 518 prosperatur.
1750 449 1902 518 Saepe
1932 453 1985 510 Α
2011 448 2054 501 si
2086 447 2433 502 illuminatam
2477 465 2537 504 se
2569 460 2725 520 atque
2765 450 3094 506 sublevatam
3127 465 3248 521 quae
3275 450 3330 508 in
3357 454 3594 512 tenebris

321 557 428 599 vox
463 553 640 598 nostra
668 560 731 598 eo
762 545 1028 612 perficitur
1055 559 1160 612 quo
1189 543 1457 609 differtur;
1490 553 1544 598 et
1571 559 1688 599 cum
1721 559 1908 613 super-

323 638 394 694 fic
418 648 604 693 etenus
657 636 837 704 petitio
889 637 1189 706 negligitur,
1245 647 1367 691 vota
1415 646 1593 691 nostra
1645 638 1800 690 altius
1853 639 1903 690 in

321 731 704 797 cogitationum
757 727 936 782 radice
980 729 1363 794 complentur:
1416 728 1552 782 sicut
1603 738 1657 782 et
1703 729 1906 782 semina

320 822 580 877 messium
614 823 732 889 gelu
767 833 944 888 pressa
987 819 1315 884 solidantur;
1359 828 1543 887 etquo
1582 821 1646 872 ad
1683 818 1907 889 superﬁ-

321 918 460 970 ciem
514 913 713 966 tardius
766 921 988 977 exennt,
1022 926 1087 965 eo
1120 920 1145 946 ιι
1195 911 1260 965 ad
1295 910 1495 980 frugem
1536 910 1905 978 multipliciora

321 1014 671 1075 consurgunt.
707 1003 972 1056 Desideria
1022 1003 1200 1071 itaque
1227 1013 1406 1054 nostra
1439 1001 1693 1054 dilatione
1721 1010 1908 1054 exten-

324 1101 548 1163 duntur,
603 1107 659 1150 ut
706 1096 1012 1167 proficiant;
1063 1095 1361 1162 proﬁciunt,
1413 1100 1472 1146 ut
1515 1093 1580 1145 ad
1624 1094 1726 1146 hoc
1767 1093 1908 1160 quod

324 1197 643 1263 perceptura
685 1196 806 1240 sunt
832 1188 1234 1249 conva'escant;
1268 1184 1626 1237 exercitantur
1656 1182 1706 1235 in
1738 1192 1910 1235 certa-

324 1285 492 1342 mine.
538 1291 593 1335 ut
633 1282 797 1351 828
841 1277 1129 1346 majoribus
1187 1277 1524 1331 cumulentur
1574 1275 1810 1343 praemiis
1854 1272 1909 1326 in

322 1374 710 1437 retributione,
765 1371 910 1424 labor
964 1368 1288 1436 protrahitur
1339 1383 1547 1436 pugnae,
1599 1375 1656 1419 ut
1701 1374 1912 1420 crescat

323 1481 524 1521 corona
564 1464 822 1517 victoriae.
865 1462 1004 1517 Suos
1044 1477 1170 1530 ergo
1201 1457 1455 1513 Dominus
1494 1474 1612 1522 cum
1653 1459 1912 1512 velociter

322 1572 429 1614 non
461 1557 694 1619 exaudit,
737 1569 843 1622 quo
871 1554 1134 1622 repellere
1176 1552 1413 1606 creditur
1451 1549 1630 1603 trahit.
1662 1550 1905 1602 Internus

321 1653 517 1722 quippe
545 1658 627 1702 est
658 1648 913 1707 medicus,
945 1657 994 1700 et
1028 1654 1366 1714 peccatorum
1394 1642 1446 1695 in
1482 1641 1633 1695 nobis
1666 1641 1911 1710 coiitagia

325 1759 448 1815 qua:
481 1744 658 1796 inesse
677 1739 987 1794 medullitus
1007 1737 1256 1805 reprobat
1286 1745 1454 1799 secat,
1481 1733 1742 1786 abscindit
1768 1732 1914 1784 virus

2007 541 2220 610 jacebat
2276 543 2532 610 agnoscit.
2593 544 2715 598 llmc
2773 559 2900 614 ergo
2953 548 3005 599 in
3060 547 3352 613 semetipsa
3407 555 3595 601 cuncta

2011 638 2329 704 recolligens
2356 678 2371 701 ,
2413 639 2538 691 dum
2570 637 2706 691 bona
2745 649 2964 708 accepta
3004 642 3332 698 considerat.
3375 639 3594 694 adversa
3671 665 3678 672 -

2011 747 2131 798 qua:
2161 732 2347 785 tolerat
2373 748 2477 785 non
2507 742 2745 797 accusat;
2779 750 2878 790 nec
2905 735 3278 804 desperatione
3305 733 3592 804 frangitur,

2013 841 2132 894 qua:
2190 833 2458 878 tantorum
2525 842 2800 881 munerum
2862 829 3229 885 consolatione
3290 830 3595 891 roboratur,

2014 917 2134 985 quia
2173 931 2321 986 spem
2359 917 2426 970 de
2477 917 2667 971 futuris
2715 921 2934 986 recipit,
2984 919 3107 974 dum
3176 930 3442 982 transacta
3499 920 3592 974 be-

2013 1008 2203 1061 neficia
2236 1009 2587 1078 recogitascit.
2618 1009 2766 1062 Dicat
2796 1010 2972 1079 itaque
2997 1028 3009 1063 :
3037 1006 3209 1064 Etiam
3235 1029 3351 1064 cum
3373 1012 3595 1065 dixeris:

2017 1098 2488 1164 Nou‘considerat,
2516 1101 2753 1170 judicare
2779 1118 2950 1155 coram
2977 1103 3087 1167 illo,
3122 1113 3165 1157 et
3195 1113 3427 1174 exspecta
3457 1120 3593 1156 eum.

2016 1191 2094 1246 Ac
2129 1193 2174 1244 si
2215 1192 2419 1246 diceret
2461 1211 2475 1246 :
2515 1193 2648 1247 Cum
2692 1194 2889 1248 idcirco
2931 1197 3069 1251 Deus
3106 1199 3443 1252 considerare
3490 1211 3594 1251 non

2017 1281 2272 1345 creditur,
2313 1283 2432 1350 quia
2481 1283 2631 1336 tarde
2675 1285 2982 1351 miseretur,
3029 1287 3209 1340 intima
3258 1288 3596 1357 cogitationis

2017 1371 2318 1441 ingredere,
2360 1384 2517 1440 atque
2559 1373 2664 1427 illic
2703 1390 2882 1429 coram
2921 1377 3039 1440 eius
3076 1379 3241 1430 oculis
3279 1393 3455 1432 causa:
3491 1390 3594 1432 tute

1993 1462 2272 1533 "judicium
2319 1464 2559 1532 suscipe;
2601 1473 2656 1518 et
2689 1475 2712 1501 ο
2746 1481 2864 1532 qua:
2905 1467 3016 1534 ipse
3051 1467 3279 1522 vivendo
3309 1469 3595 1534 contulisti,

2019 1559 2100 1611 vel
2132 1572 2252 1624 qua:
2292 1557 2706 1612 misericorditer
2736 1559 3055 1627 percepisti,
3089 1561 3332 1614 discerne
3348 1576 3372 1621 ;_
3393 1570 3443 1614 et
3477 1570 3601 1614 tunc

2019 1647 2086 1700 ad
2116 1649 2228 1714 spei
2262 1648 2507 1702 ﬁduciam
2540 1647 2711 1706 redis.
2742 1649 2867 1702 dum
2901 1650 3035 1703 bona
3067 1659 3224 1704 tautae
3266 1651 3602 1720 benignitatis

2023 1739 2321 1804 erubescis,
2351 1749 2612 1804 quatenus
2651 1741 2787 1794 inter
2825 1739 3047 1794 adversa
3077 1741 3300 1796 ﬁdenter
3327 1753 3603 1810 exspectes

322 1834 622 1906 putrediuis
668 1830 814 1885 ferro
867 1829 1256 1891 tribulationis;
1309 1837 1363 1881 et
1412 1841 1517 1894 quo
1568 1839 1728 1878 voces
1779 1823 1906 1891 aegri

2031 1845 2176 1899 piem
2223 1841 2275 1884 et
2321 1839 2443 1897 post
2487 1830 2677 1883 delicta
2728 1832 3014 1900 propitium
3065 1834 3279 1888 recolis.
3331 1833 3603 1901 Speranda

322 1927 512 1982 audite
553 1925 882 1992 dissimulat,
933 1936 998 1976 eo
1047 1919 1378 1990 aegritudinis
1421 1920 1580 1972 ﬁnem
1637 1907 1908 1984 procurat.

321 2015 463 2074 llinc
513 2017 654 2072 enim
683 2016 946 2083 Propheta
978 2014 1052 2066 ait
1097 2027 1112 2066 :
1156 2012 1294 2064 Deus
1338 2027 1496 2074 meus,
1540 2009 1773 2062 clamabo
1825 2025 1912 2074 per

325 2113 482 2176 d'em,
515 2120 560 2164 et
592 2125 691 2163 non
716 2107 956 2162 exaudies
971 2121 992 2170 ;
1017 2114 1063 2159 et
1089 2114 1255 2172 nocte,
1277 2114 1321 2158 et
1352 2121 1454 2157 non
1477 2105 1545 2157 ad
1571 2103 1914 2171 insipientiam

326 2203 453 2257 mihi
504 2200 674 2270 (Psal.
722 2215 841 2264 χχι,
871 2197 952 2267 5).
1039 2200 1114 2252 Ac
1160 2198 1204 2250 si
1254 2197 1456 2250 diceret
1499 2212 1514 2252 :
1569 2195 1911 2264 Nequaquam

326 2295 456 2350 mihi
498 2294 563 2346 ad
607 2291 963 2359 insipientiam
1008 2287 1214 2356 proﬁcit
1245 2288 1385 2359 quod
1417 2288 1503 2341 die
1533 2301 1595 2340 ac
1629 2296 1783 2340 nocte
1809 2287 1914 2340 cla-

327 2395 560 2441 [nantem
605 2398 687 2437 me
721 2382 968 2435 continue
999 2394 1101 2434 non
1134 2377 1374 2444 exaudis,
1417 2378 1537 2445 quia
1577 2377 1715 2430 unde
1747 2392 1832 2430 me
1861 2377 1916 2431 in

330 2476 610 2544 temporali
658 2476 996 2529 tribulatione
1035 2473 1183 2542 quasi
1223 2473 1450 2536 deseris,
1497 2473 1619 2525 inde
1647 2472 1712 2522 ad
1755 2481 1928 2526 aiter:

331 2585 454 2625 nam
488 2567 805 2636 Sapientiam
838 2565 1176 2634 pluserudis.
1214 2564 1343 2616 llinc
1373 2561 1532 2615 etiam
1565 2562 1692 2614 dicit
1717 2578 1730 2613 :
1755 2562 1920 2628 Adju-

331 2671 412 2715 tor
441 2663 492 2712 in
522 2659 1011 2728 Opportunitatibus,
1047 2658 1099 2708 in
1136 2657 1461 2709 tribulatione
1502 2652 1673 2723 (Psal.
1705 2668 1776 2718 Ix,
1809 2652 1916 2722 10).

333 2752 754 2820 Tt'ibulatiopem
797 2751 989 2819 quippe
1029 2750 1289 2812 dicturus,
1321 2747 1750 2816 opportunitates
1780 2761 1920 2814 pra:-

333 2845 503 2903 misit.
547 2843 664 2911 quia
707 2858 848 2910 saepe
890 2852 944 2895 et
985 2841 1328 2895 tribulatione
1369 2842 1719 2904 conterimur,
1749 2848 1803 2891 et
1848 2847 1922 2889 ta-

337 2951 463 2990 men
507 2945 861 3002 Opportunum
914 2934 1147 2986 nondum
1204 2943 1284 2985 est
1323 2931 1350 2968 δ
1391 2942 1445 2982 ιιι
1489 2929 1553 2981 ad
1598 2929 1921 2982 desiderium

338 3029 632 3095 ereptionis
677 3026 1010 3093 adjuvemur.
1077 3025 1290 3077 Dicatur
1336 3039 1465 3092 ergo
1508 3038 1523 3075 :
1568 3020 1744 3089 Neque
1790 3021 1927 3074 enim

341 3121 539 3188 frustra
565 3117 737 3169 audiet
763 3117 916 3179 Deus,
949 3126 994 3167 et
1023 3115 1355 3179 Omnipotens
1393 3113 1711 3181 singulorum
1745 3127 1927 3165 causas

2021 1923 2221 1978 etenim
2275 1920 2490 1976 fuerant
2542 1938 2769 1990 superna
2823 1923 3104 1991 adjutoria,
3155 1925 3314 1977 etiam
3365 1926 3410 1978 si
3460 1925 3604 1978 nulla

2018 2011 2274 2069 beneﬁcia
2343 2014 2774 2086 pi-mcessissent,
2831 2014 3222 2082 Sciendumque
3285 2014 3407 2082 quia
3470 2017 3606 2070 Deus

2021 2106 2291 2161 hominem
2320 2122 2476 2174 quem
2508 2105 2732 2174 benigne
2761 2106 2996 2160 condidit
3026 2108 3206 2176 inique
3239 2123 3342 2162 non
3374 2112 3598 2176 spernit.

2093 2198 2326 2263 5‘i.-Qui
2369 2201 2628 2267 prmterita
2676 2215 2887 2251 munera
2936 2201 3242 2262 considerat,
3294 2202 3466 2270 futura
3508 2219 3611 2257 non

2021 2292 2272 2357 desperet.
2297 2321 2365 2330 —
2393 2291 2729 2344 Pensandum
2759 2303 2838 2343 est
2881 2291 3039 2358 igitur
3065 2293 3248 2357 quanti
3276 2303 3356 2344 est
3389 2294 3608 2360 periculi

2021 2391 2291 2438 transacta
2322 2397 2538 2435 munera
2569 2397 2812 2445 cernere,
2837 2391 2890 2435 et
2915 2382 3085 2436 futura
3101 2383 3415 2451 desperare;
3448 2365 3612 2454 829

2022 2476 2204 2545 quanti
2234 2483 2317 2528 est
2348 2473 2562 2541 periculi
2596 2471 2621 2510 ἀ
2649 2476 2691 2526 si
2733 2475 2784 2528 in
2814 2475 2912 2527 hac
2946 2474 3170 2540 procella
3217 2475 3609 2528 tribulationum

2024 2569 2412 2637 deSperationis
2461 2567 2734 2635 naufragio
2783 2567 3097 2636 frangimur,
3128 2576 3151 2603 °
3183 2569 3269 2635 qui
3307 2568 3371 2621 ad
3407 2581 3611 2634 portum

2025 2662 2140 2729 spei
2189 2661 2333 2713 velut
2381 2659 2653 2712 immensis
2703 2657 2911 2712 funibus
2963 2660 3248 2726 praeteritis
3287 2659 3441 2713 donis
3487 2660 3615 2728 liga-

2027 2768 2167 2806 mur.
2203 2751 2417 2804 Dicatur
2455 2751 2633 2817 itaque
2672 2762 2816 2804 reete
2849 2767 2862 2802 :
2894 2747 3138 2803 Judicare
3176 2765 3350 2801 coram
3391 2750 3512 2815 illo,
3565 2760 3615 2803 et

2027 2852 2268 2911 exspecta
2301 2857 2434 2893 eum.
2481 2841 2612 2894 Nam
2643 2842 2732 2909 qui
2783 2841 3126 2904 semetipsum
3155 2855 3334 2910 coram
3367 2839 3476 2894 Deo
3503 2857 3608 2895 non

2025 2933 2250 3003 judicat,
2303 2949 2424 2990 eum
2477 2933 2598 2985 dunt
2653 2931 2901 2999 afﬂigitur
2950 2948 3053 2984 non
3105 2941 3398 2999 exspectat.
3453 2931 3616 3001 Cujus

2034 3029 2175 3081 enim
2210 3026 2347 3080 bona
2381 3025 2719 3093 prtecessisse
2736 3025 3055 3089 dissimulat,
3077 3024 3338 3092 adjutoria
3365 3025 3614 3094 subsequi

2036 3133 2194 3190 posse
2237 3122 2511 3186 desperat;
2561 3127 2615 3170 et
2665 3132 2782 3170 cum
2834 3117 3219 3200 prmtleritoruni
3270 3115 3619 3182 obliviscitur,

341 3210 646 3263 iiuuebitur.
696 3205 1082 3280 [VthVILJ
1127 3207 1232 3260 Sed
1280 3206 1398 3274 quia
1449 3206 1758 3272 plerumque
1802 3211 2008 3274 νου-ε
2041 3211 2202 3265 etiam
2249 3209 2685 3275 subscquentium
2734 3207 2977 3276 largitate
3025 3207 3313 3259 fraudator.
3359 3208 3460 3262 Sed
3495 3222 3620 3261 ecce

345 3301 481 3355 nulli
513 3312 562 3352 et
590 3301 701 3369 ipsa
732 3300 979 3367 atljutorii
1012 3299 1257 3351 tarditate
1285 3297 1622 3366 franguntur,
1654 3307 1776 3365 apte
1806 3296 1933 3351 sub-

341 3393 521 3464 jungit
557 3406 576 3446 :

741 3481 988 3536 CAPUT.
1031 3480 1126 3533 xx
1167 3477 1314 3551 [ηπ.
1357 3477 1537 3549 XVI].

424 3575 587 3630 ths.
633 3574 718 3629 Μ.
745 3605 812 3614 —
837 3575 1001 3627 Etiam
1032 3589 1145 3625 cum
1186 3573 1375 3625 dixeris
1412 3588 1432 3626 :
1466 3573 1588 3626 Non
1627 3573 1934 3637 considerat,

265 3707 274 3720 .
343 3670 584 3742 judicare
613 3684 782 3720 coram
805 3665 915 3730 illo,
943 3676 987 3718 et
1009 3676 1243 3728 exspecta
1267 3679 1422 3732 eumn

429 3762 519 3815 55.
563 3761 938 3830 Desperationis
975 3757 1198 3828 procella
1229 3759 1520 3826 ingruente,
1549 3765 1616 3809 ad
1642 3758 1937 3809 memoriam

352 3855 641 3910 revocanda
680 3861 796 3905 sunt
832 3853 923 3906 Dei
966 3851 1225 3918 beneﬁcia.
1250 3879 1318 3888 -—
1342 3849 1589 3903 Fortasse
1631 3850 1774 3903 enim
1811 3849 1938 3902 dum

353 3951 559 4004 clamor
604 3958 784 4001 noster
827 3945 976 4015 quasi
1021 3945 1323 4014 negligitur,
1355 3959 1477 4013 spes
1507 3958 1627 4010 qua:
1663 3941 1809 3995 cordi
1851 3941 1938 3994 in-

353 4051 476 4097 erat
511 4041 834 4101 inlirtttatur;
867 4047 923 4093 et
949 4052 1176 4106 superna
1206 4037 1466 4105 adjutoria
1497 4035 1740 4090 defutura
1769 4033 1941 4088 credi-

357 4148 502 4198 mus,
546 4133 664 4202 quia
700 4131 899 4184 tardius
927 4131 1311 4198 impetramus;
1356 4143 1418 4182 ac
1449 4143 1585 4196 pene
1634 4125 1939 4180 inconside-

355 4239 471 4282 rata
511 4225 620 4278 Deo
650 4239 770 4278 esse
799 4223 1218 4292 ingemiscimus,
1257 4237 1374 4290 quae
1421 4221 1586 4275 inulta
1627 4222 1936 4275 toleramus.

359 4318 468 4374 Sed
497 4333 616 4370 cum
665 4317 762 4370 ista
804 4330 900 4368 nos
930 4313 1316 4382 desperationis
1350 4312 1584 4382 procella
1635 4312 1939 4375 conturbat,

358 4425 622 4466 cutiiussa
662 4424 814 4462 mens
852 4408 1008 4461 citius
1049 4407 1098 4458 in
1134 4416 1344 4475 portum
1385 4405 1495 4472 spei
1538 4418 1598 4457 se
1623 4404 1867 4466 collocat,
1896 4402 1943 4456 si

357 4518 546 4558 causas
573 4516 698 4555 suas
726 4516 846 4554 cum
883 4500 1106 4552 Domino
1151 4498 1414 4551 subtiliter
1445 4507 1630 4565 pensat
1658 4539 1671 4560 ,
1717 4498 1760 4550 si
1803 4497 1942 4550 bona

2041 3302 2167 3357 dum
2195 3317 2292 3354 nos
2315 3301 2617 3369 affligimur,
2643 3301 2766 3352 dum
2794 3299 3177 3352 consolatiOnis
3203 3300 3422 3368 gratiam
3455 3296 3474 3335 ί
3508 3301 3620 3351 lon-

2039 3394 2320 3464 gauimiter
2352 3393 2672 3445 sustinemus
2697 3432 2711 3454 ,
2758 3391 2882 3443 mali
2923 3391 2988 3442 ad
3022 3389 3198 3458 pejora
3237 3400 3623 3459 prorumpunt,

2039 3493 2198 3552 atque
2236 3499 2301 3538 eo
2333 3492 2358 3530 ι
2389 3482 2684 3549 iniquitatis
2730 3480 3137 3550 exaggeratione
3184 3481 3485 3548 proficiunt,
3518 3497 3623 3549 quo

2040 3575 2159 3631 sine
2210 3576 2433 3628 verbere
2484 3573 2870 3639 relinquuntur.
2950 3572 3018 3624 Et
3067 3580 3240 3625 tamen
3287 3574 3623 3640 omnipotens

2041 3676 2326 3737 peccantes
2365 3665 2783 3718 misericorditer
2799 3671 3091 3731 exspectat,
3125 3672 3332 3731 tempus
3361 3663 3426 3716 ad
3455 3666 3624 3733 pinni-

2043 3763 2262 3816 tentiam
2315 3757 2528 3819 tribuit,
2580 3755 2719 3825 quod
2772 3770 2875 3806 non
2923 3753 3202 3808 conversis
3250 3753 3316 3806 ad
3364 3753 3626 3822 gravioris

2043 3865 2224 3910 reatus
2271 3848 2630 3906 testimonium
2678 3847 2864 3913 vertit;
2915 3847 3177 3916 patienter
3224 3847 3354 3899 iram
3405 3848 3623 3911 retinet,

2043 3963 2203 4018 qttam
2259 3945 2579 4012 quandoque
2647 3939 3106 4014 irretracta‘biliter
3162 3937 3406 3994 effundit.
3475 3936 3626 3994 Unde

2045 4045 2166 4106 apte
2194 4033 2565 4103 subjungitur:

2213 4127 2436 4182 CAPUT
2471 4123 2588 4179 XXI
2620 4125 2639 4198 [
2668 4123 2781 4178 γει.
2811 4120 3042 4189 XVIII,
3076 4122 3199 4177 Rec.
3230 4119 3460 4193 XVII].

2121 4223 2284 4276 Vens.
2321 4219 2406 4273 15.
2430 4250 2503 4262 -
2532 4218 2687 4272 Nunc
2730 4220 2863 4270 enim
2886 4232 2988 4270 non
3017 4217 3172 4284 infert
3199 4216 3425 4286 furorem
3447 4230 3590 4267 suum
3609 4256 3625 4280 ,

2049 4330 2137 4368 nec
2167 4313 2431 4367 ulciscitur
2453 4313 2597 4362 valde
2620 4309 2803 4363 scelus.

2121 4405 2213 4458 37.
2247 4404 2381 4455 Deus
2405 4403 2485 4454 hic
2513 4403 2599 4453 ditt
2625 4401 2808 4452 tolerat
2833 4414 2957 4466 quos
2982 4399 3032 4450 in
3055 4409 3297 4450 (sternunt
3322 4407 3395 4451 est
3417 4399 3630 4450 dumtta-

2049 4507 2212 4551 turus.
2239 4523 2307 4535 -
2338 4495 2434 4546 Diu
2465 4493 2663 4562 quippe
2709 4493 2845 4545 Deus
2878 4490 3066 4544 tolerat
3094 4487 3123 4525 δ
3151 4505 3310 4558 quem
3346 4491 3396 4542 in
3444 4504 3632 4558 perpe-

360 4598 480 4664 ejus
511 4594 575 4646 ad
609 4593 920 4646 memoriam
957 4600 1200 4654 revocat,
1245 4590 1289 4641 si
1322 4589 1456 4641 mala
1498 4604 1614 4656 qua:
1646 4589 1799 4641 bonis
1825 4588 1942 4656 ejus
1973 4597 2025 4659 ι)
2053 4599 2198 4642 ιιιιιιη
2230 4588 2478 4649 damnat;
2510 4597 2563 4639 et
2604 4585 2834 4637 furorem
2865 4599 3008 4636 nunc
3055 4583 3255 4636 inferre
3299 4583 3632 4649 dissimulat,

359 4688 598 4745 reddidit
641 4685 778 4753 apud
818 4683 1156 4752 semetipsum
1209 4680 1400 4733 callide
1442 4696 1546 4733 non
1596 4688 1848 4741 excusat,
1901 4681 1946 4732 si

360 4779 793 4852 perpenditquid
823 4779 890 4832 ab
920 4794 984 4833 eo
1015 4777 1158 4847 juste
1190 4773 1384 4829 meruit
1413 4783 1465 4826 el
1493 4773 1618 4841 quid
1649 4775 1943 4825 clementer

356 4855 584 4941 accepit,
616 4873 662 4926 si
691 4875 850 4924 vitam
897 4885 1044 4921 suam
1073 4869 1329 4920 vivaciter
1357 4866 1590 4924 discutit.
1624 4864 1667 4916 si
1705 4873 1825 4917 ante
1852 4864 1948 4918 Dei

356 4968 712 5022 oculosomne
730 4960 995 5032 quodagit
1025 4961 1335 5013 examinans
1362 4958 1705 5023 semetipsam
1733 4956 1949 5009 sibimet

356 5074 466 5114 non
496 5055 800 5121 abscondit,
842 5054 885 5106 si
930 5053 1120 5106 factam
1151 5067 1208 5106 se
1237 5067 1356 5120 qua:
1388 5065 1492 5103 non
1525 5059 1639 5103 erat
1670 5048 1945 5112 meminit,

434 5202 455 5229 ⁸
498 5192 703 5253 Baluz.,
731 5190 800 5241 ad
830 5190 1024 5259 frugem
1055 5188 1486 5259 multipliciorem.

430 5262 456 5300 δ
497 5265 620 5325 Ed.,
653 5273 704 5313 ut
734 5254 980 5314 desiderio
1019 5260 1311 5326 ereptionis.
1370 5258 1556 5311 Melius
1589 5256 1638 5307 itt
1672 5254 1794 5307 Mss.
1829 5255 1938 5307 Tu-

356 5351 505 5398 rnn.,
550 5332 795 5392 Vindoc.,
839 5330 1014 5391 Colh.,
1063 5330 1348 5394 mortuam,
1399 5337 1454 5379 ut
1503 5327 1569 5378 ad
1614 5327 1942 5390 desiderium,

360 5408 464 5461 hoc
491 5413 593 5465 est,
631 5414 683 5454 ut
707 5402 983 5454 secmzdum
1016 5401 1344 5451 desiderium.
1843 5441 1846 5444 .

437 5487 457 5514 ε
498 5474 744 5542 Longip.,
788 5473 911 5542 quid
946 5486 1112 5523 causa:
1142 5479 1195 5522 tu
1236 5475 1282 5522 et“
1315 5469 1520 5523 vivendo
1552 5466 1833 5532 contulisti,
1863 5467 1948 5521 vel

395 5563 495 5602 καῖ.

359 5565 740 5682 ᾳυέονὶιιιιορη
771 5614 815 5666 si
845 5615 895 5666 in
919 5614 1014 5665 hac
1051 5613 1154 5666 vita
1185 5612 1406 5679 procella
1437 5609 1844 5662 tribulationum.

438 5700 461 5724 ο
491 5681 734 5746 Vindoc.,
789 5686 1000 5738 Ebroic.
1053 5693 1106 5736 et
1162 5684 1270 5746 alii,
1321 5683 1404 5751 qui
1453 5681 1519 5733 ad
1567 5690 1769 5748 portum
1795 5682 1934 5748 ﬁdei.

363 5760 546 5815 Baluz.
577 5769 630 5812 et
660 5756 833 5815 Colb..
867 5761 990 5825 quia
1025 5757 1093 5806 ad
1123 5766 1346 5824 portum.

439 5828 459 5870 ί
497 5829 716 5886 Vindoc.
741 5835 797 5882 et
827 5827 1049 5894 Pratel.,
1083 5826 1436 5896 longanimiter
1467 5833 1830 5891 exspectamus.

2053 4683 2176 4752 quia
2207 4680 2587 4734 effundendum
2619 4680 2734 4732 sine
2764 4679 2868 4731 ﬁne
2901 4681 2950 4730 in
2980 4689 3252 4747 posterum
3283 4690 3477 4732 servat.
3514 4679 3633 4733 Ele~

2053 4785 2259 4828 ctornni
2299 4788 2526 4840 namque
2570 4781 2651 4824 est
2682 4771 2768 4824 hic
2815 4771 3049 4832 conteri,
3086 4783 3140 4824 ut
3193 4773 3260 4826 ad
3301 4774 3512 4838 praemia
3546 4773 3634 4828 de-

2056 4867 2218 4920 beant
2245 4875 2460 4920 :cternze
2493 4863 2819 4917 litcreditatis
2850 4864 3071 4917 erudiri.
3117 4863 3370 4916 Nostrum
3421 4873 3503 4918 est
3551 4865 3634 4916 hic

2055 4957 2262 5026 ﬂagella
2292 4956 2594 5026 percipere,
2619 4955 2808 5022 quibus
2840 4962 3080 5007 servatur
3102 4953 3168 5007 de
3189 4955 3487 5008 mtcruilate
3508 4969 3634 5022 gau-

2055 5049 2204 5103 dere.
2241 5047 2375 5100 Hinc
2396 5048 2536 5099 enim
2567 5047 2823 5115 scriptum
2856 5055 2938 5100 est
2967 5061 2982 5100 :
3027 5045 3287 5116 Flagellat
3327 5061 3526 5098 onmem
3573 5046 3635 5112 ﬁ-

2128 5194 2151 5225 κ
2186 5184 2280 5236 llic
2307 5181 2517 5236 variant
2550 5181 2674 5234 Mss.
2707 5190 2761 5235 et
2783 5180 2945 5235 Editi.
2995 5181 3097 5235 Alii
3128 5182 3268 5234 enim
3300 5180 3519 5241 habent,
3549 5197 3634 5246 ag-

2055 5256 2366 5325 gregatione,
2397 5261 2455 5304 ut
2485 5252 2688 5306 'f‘nrun.
2734 5264 2787 5305 et
2824 5264 2930 5305 vel.
2966 5253 3107 5325 Edit.
3139 5251 3305 5304 Paris.
3337 5264 3398 5301 ac
3422 5251 3632 5325 _llasul.,

2055 5321 2248 5393 quibus
2289 5325 2561 5392 pleraeque
2589 5325 2962 5386 consentiunt;
2988 5324 3097 5384 alii,
3141 5321 3548 5393 exaggeratione,
3577 5332 3636 5374 ut

2059 5388 2246 5464 legitur
2276 5388 2326 5447 iit
2357 5388 2605 5456 Vimine,
2641 5394 2885 5460 L0tigip.,
2921 5395 3102 5464 liniue.
3123 5432 3135 5452 ,
3350 5433 3364 5456 ,
3393 5388 3629 5456 [ΞΜ-οἱα,

2055 5458 2366 5535 casterisqne
2393 5466 2572 5517 Norm.
2605 5469 2734 5535 etin
2763 5458 2908 5535 Edit.
2939 5462 3113 5535 Paris.
3139 5458 3298 5535 160.3.

2130 5537 2156 5575 ιι
2191 5531 2489 5590 ιιὶίίνίιιιιιει
2522 5544 2603 5587 est
2654 5534 2748 5585 Ed.
2786 5533 2951 5584 Vatic.
2989 5533 3122 5586 1589
3155 5534 3372 5583 duarum
3422 5531 3630 5586 voculae

2056 5626 2197 5670 rum,
2224 5623 2366 5675 quem
2396 5616 2448 5656 et
2476 5605 3070 5675 quiartranspositione;
3115 5602 3364 5656 nimirum
3394 5603 3582 5672 legitur
3612 5619 3629 5659 :

2047 5682 2137 5733 diu
2163 5674 2351 5748 quippe
2384 5677 2519 5748 Deus
2547 5674 2748 5748 tolerat,
2777 5675 2896 5735 quia
2937 5674 2988 5724 in
3029 5683 3270 5727 internum
3299 5677 3547 5738 damnat;
3583 5683 3633 5729 et

2047 5745 2340 5818 furorem...
2369 5745 2687 5808 dissimulat,
2721 5759 2888 5812 quem,
2923 5756 3024 5796 etc.
