4066 6348
540 322 643 392 3?!

1701 338 1943 396 SANCTI
1985 336 2313 395 GREGORII
2351 335 2568 392 MAGN!

3645 332 3735 393 372

536 449 660 502 lium
686 460 829 517 quem
869 450 1047 519 recipit
1073 416 1293 519 (Hebru
1322 450 1424 513 an,
1455 448 1544 516 6).
1577 448 1711 504 Hinc
1738 451 1805 503 ad
1845 450 2105 504 Joannem
2130 452 2184 513 Α
2213 448 2489 503 sentiendo
2519 447 2781 517 despexit,
2818 447 3003 501 dicens
3033 464 3050 502 :

532 541 725 594 dicitur
751 558 766 595 :
804 541 910 611 Ego
928 548 1055 611 quos
1073 550 1189 597 amo
1210 556 1368 610 arguo
1390 551 1436 594 et
1458 543 1649 611 castigo
1671 542 1854 611 (Apoc.
1884 540 1961 603 ut,
1988 538 2098 609 lit).

534 631 667 685 Hinc
692 622 880 687 Petrus
905 635 979 686 ait
1008 650 1022 685 :
1050 633 1271 698 Tempus
1309 638 1388 684 est
1423 642 1476 686 ut
1502 632 1710 699 incipiat
1734 632 1992 701 judicium
2040 632 2103 682 de

531 725 683 775 domo
706 722 802 777 Dei
823 722 874 793 (Ι
919 721 1060 776 Petr.
1092 734 1165 787 tv,
1202 718 1311 791 l'i).
1346 720 1443 776 Ubi
1476 736 1597 774 mox
1635 722 1949 774 admirando
1977 721 2104 774 sub-

527 816 698 885 juugit
724 832 737 867 :
780 814 841 869 Si
860 816 1029 869 autern
1056 816 1279 882 prirnum
1305 833 1335 866 α
1358 816 1518 879 nobis,
1542 816 1627 880 qui
1667 815 1780 881 ﬁnis
1801 818 1977 867 eorum
2014 812 2103 882 qui

529 925 631 961 non
652 902 862 961 credunt
886 907 979 961 Dei
1004 908 1276 978 Evangelia
1301 905 1487 976 (lbid.,
1513 907 1641 973 l7)?
1665 908 1886 961 Peccata
1906 906 2102 974 quippe

529 1008 859 1071 nequaquam
884 1001 1060 1054 divina
1086 1001 1342 1055 severitas
1368 999 1534 1052 inulta
1564 1010 1842 1051 remanere
1870 997 2098 1063 permit:-

527 1093 610 1158 tit,
639 1092 731 1146 scd
760 1092 836 1145 ira
862 1091 1043 1159 iudicii
1075 1105 1102 1143 a
1147 1098 1328 1144 nostra
1356 1091 1440 1143 hic
1469 1090 1808 1157 correptione
1840 1088 2093 1153 inchoat,

527 1195 580 1236 ut
611 1186 665 1238 in
685 1185 1029 1252 reproborum
1055 1182 1405 1236 damnatione
1420 1181 1787 1249 conquiescat.
1814 1181 1948 1234 Eant
1970 1194 2099 1249 ergo

526 1288 666 1330 nunc
693 1276 926 1344 reprobi,
959 1285 1013 1329 et
1033 1272 1360 1341 voluptatum
1392 1280 1608 1327 suarum
1632 1272 1899 1327 desideria
1926 1273 2095 1325 inulta

523 1369 803 1438 iniquitate
831 1375 1240 1432 consumment;
1273 1374 1434 1435 atque
1457 1379 1524 1420 eo
1553 1364 1866 1432 temporalia
1893 1364 2097 1433 ﬂagella

523 1468 629 1513 non
676 1462 927 1525 sentiant,
960 1466 1068 1526 quo
1113 1466 1309 1511 aeterna
1339 1464 1431 1512 eos
1463 1458 1721 1527 supplicia
1765 1467 2095 1527 exspectant.

521 1550 664 1604 Bene
694 1554 869 1604 autem
929 1550 1097 1604 inulta
1140 1554 1329 1605 eorum
1368 1551 1601 1619 nequitia
1648 1550 1812 1603 ubam
1846 1558 2098 1618 peccante

520 1643 725 1714 signata
753 1648 853 1706 est,
877 1642 1012 1696 cuia
1040 1652 1191 1710 patre
1218 1640 1413 1695 dicitur
1450 1658 1466 1694 :
1497 1632 1803 1694 Haledtetus
1848 1639 2095 1692 Chanaan

520 1747 667 1801 puer,
690 1746 858 1787 servus
882 1733 977 1785 erit
1002 1733 1242 1803 fratribus
1264 1738 1369 1786 suis
1400 1730 1553 1804 (Gen.
1595 1746 1669 1797 nt,
1686 1730 1803 1800 25).
1847 1731 2094 1786 Chanaan

2781 538 3010 594 CAPUT
3040 536 3204 593 XXII.

2275 629 2434 684 Vens.
2465 630 2552 684 16.
2582 660 2649 670 -
2682 629 2821 700 Ergo
2857 629 2955 683 Job
2986 633 3176 700 frustra
3207 627 3369 698 aperit
3403 638 3484 682 eos
3515 644 3675 699 suam,
3700 644 3739 687 ct

2200 722 2384 792 absque
2412 722 2622 776 scientia
2648 723 2795 774 verba
2825 722 3157 792 multiplicat.

2274 808 2367 865 to.
2410 810 2759 878 Superborum
2788 813 2911 864 vitia
2947 820 3063 865 sunt
3109 811 3408 878 loquacitas,
3439 818 3484 863 et
3525 811 3737 864 audiendi

2200 903 2537 970 impatientia.
2560 933 2629 943 —
2647 903 2771 958 Haec
2802 901 3050 957 nimirum
3076 902 3329 967 inferens,
3353 902 3553 957 beatum
3586 902 3675 955 Job
3699 911 3743 955 et

2203 999 2276 1052 nil
2307 998 2473 1053 scisse
2501 992 2713 1062 asserit,
2745 1006 2800 1051 et
2836 998 2997 1051 multa
3025 996 3257 1059 dixisse;
3303 1005 3356 1049 et
3384 998 3501 1049 cunt
3520 995 3622 1063 ipse
3646 1008 3742 1063 qua:

2201 1090 2670 1158 sentitloQuaciter
2687 1092 2899 1152 inierat,
2921 1090 3059 1144 hunc
3071 1092 3137 1145 de
3150 1089 3276 1144 vitio
3300 1082 3744 1158 laqnacitatissecu-

2199 1190 2301 1236 sat.
2320 1181 2425 1238 Sed
2452 1182 2549 1237 hoc
2564 1184 2775 1253 quoque
2793 1192 2912 1239 esst:
2928 1184 3197 1253 proprium
3220 1185 3565 1251 arrogantium
3585 1180 3742 1235 "vitium

2198 1274 2354 1339 solet,
2382 1284 2512 1329 utet
2542 1291 2707 1341 pauca
2732 1276 2951 1331 credant
2977 1276 3095 1345 qua:
3120 1273 3217 1342 ipsi
3241 1266 3402 1327 inulta
3449 1270 3679 1337 dixerint,
3700 1279 3747 1326 et

2200 1368 2364 1420 multa
2395 1362 2617 1421 credant
2660 1368 2779 1436 quae
2829 1367 2957 1435 ipsis
2984 1380 3150 1434 panra
3175 1365 3440 1419 dicuntur.
3468 1362 3593 1429 Quia
3619 1360 3745 1415 enim

2136 1450 2139 1455 ’
2197 1470 2290 1509 sna
2319 1456 2497 1511 dicere
2530 1462 2744 1527 Semper
2767 1457 2968 1524 volunt,
2985 1454 3154 1511 aliena
3195 1454 3380 1508 audire
3401 1466 3501 1507 non
3524 1458 3744 1518 possunt;

2198 1549 2303 1602 vim
2320 1562 2379 1603 se
2402 1544 2507 1615 pati
2525 1548 2849 1613 existimant,
2880 1548 2923 1601 si
2946 1562 3007 1601 ea
3020 1552 3137 1615 qua:
3164 1544 3510 1601 immoderate
3539 1540 3747 1595 sentiunt

2200 1639 2596 1695 immoderatius
2625 1655 2731 1694 non
2778 1640 3076 1694 effundant.
3112 1638 3177 1692 Et
3201 1634 3444 1707 quamvis
3472 1635 3644 1690 beatus
3662 1631 3749 1687 Job

2198 1730 2265 1785 ad
2289 1732 2403 1800 ejus
2428 1731 2588 1786 verba
2620 1734 2867 1799 tacuerit,
2896 1724 3015 1786 Elin
3047 1738 3222 1785 tamen
3244 1728 3311 1784 de
3333 1727 3587 1782 locutione
3605 1725 3746 1790 illius,

518 1823 766 1878 videlicet
793 1822 958 1895 Chatti
991 1827 1148 1880 ﬁlius.
1180 1826 1247 1879 Et
1279 1825 1405 1893 quid
1434 1833 1514 1878 est
1561 1820 1701 1893 quod
1746 1823 1912 1876 Cham
1964 1834 2090 1891 pec-
2124 1816 2171 1887 Β
2198 1830 2298 1889 qua
2326 1825 2513 1879 amicis
2536 1824 2910 1893 responderat,
2942 1838 3154 1878 causam
3186 1816 3503 1877 lnvectiOnis
3535 1818 3749 1882 invenit,

517 1912 673 1967 caute
700 1913 949 1967 Chanaan
973 1915 1091 1983 ejus
1109 1914 1246 1969 Illius
1270 1915 1592 1968 sententiam
1617 1914 1839 1967 ultionis
1859 1913 2090 1981 accipit?

518 2002 653 2068 Quid
685 2013 768 2059 est
793 2004 933 2073 quod
960 2017 1064 2058 non
1090 2007 1140 2059 in
1163 2018 1240 2069 se,
1256 2005 1347 2059 sed
1373 2004 1425 2058 in
1444 2004 1760 2074 posteritate
1778 2003 2089 2071 percutitur,

519 2096 623 2149 nisi
652 2097 794 2164 quod
828 2100 1179 2166 reprobornm
1228 2098 1480 2166 nequitia:
1510 2090 1598 2148 hic
1642 2094 1856 2164 quidem
1907 2097 2092 2150 inulta

517 2190 827 2259 proficiunt,
847 2191 941 2244 sed
972 2190 1026 2244 lu
1050 2198 1321 2258 posterum
1348 2179 1650 2243 feriuntur?
1680 2188 1893 2241 Dicatur
1920 2182 2048 2258 ergo
2072 2204 2087 2242 :

515 2279 673 2334 Nunc
691 2284 828 2335 enim
850 2296 950 2334 nou
972 2282 1125 2352 infert
1150 2283 1372 2351 furorem
1392 2296 1563 2345 suum,
1585 2296 1677 2334 nec
1698 2280 1965 2333 ulciscitur
1982 2280 2094 2333 cal-

512 2376 573 2428 de
599 2375 787 2429 scelus.

580 2476 668 2545 38.
701 2474 809 2545 Eos
846 2488 1011 2542 tamen
1053 2484 1332 2555 aliquando
1359 2484 1455 2539 hac
1476 2480 1529 2538 in
1550 2485 1651 2539 vita
1680 2485 1831 2554 ferire
1858 2480 2085 2539 incitant.

510 2610 578 2621 ——
605 2574 903 2635 Notandum
933 2594 1061 2632 vero
1089 2582 1171 2631 est
1218 2578 1355 2645 quod
1394 2576 1695 2643 subintnlit,
1742 2576 1925 2642 Valde,
1960 2574 2087 2647 quia

509 2673 606 2726 etsi
654 2671 893 2740 quaedam
941 2656 1313 2737 longanimiter
1355 2669 1581 2730 tolerat,
1614 2668 1854 2737 quaedam
1906 2666 2087 2722 tamen

508 2764 666 2819 etiam
696 2762 747 2816 iii
776 2765 874 2816 hac
904 2746 1005 2816 vita
1038 2752 1270 2831 ﬂagellat
1299 2760 1349 2815 ct'
1388 2758 1475 2816 hic
1516 2774 1892 2831 uolutunquam
1925 2762 2085 2817 ferire

507 2856 739 2919 inelioat,
772 2840 913 2922 quod
941 2850 1141 2908 interna
1180 2846 1521 2909 damnatione
1548 2848 1904 2909 consummat.
1940 2850 2081 2925 Ergo

503 2958 558 3004 et
591 2949 838 3003 nonnulla
873 2938 1133 3015 percutit,
1161 2958 1216 3001 et
1242 2948 1495 3001 nonnulla
1528 2944 1696 3001 inulta
1740 2946 2084 3017 derelinquit,

507 3043 627 3112 quia
655 3042 699 3096 si
741 3042 886 3096 nulla
917 3044 1202 3104 resecaret,
1238 3040 1355 3110 quis
1387 3039 1552 3095 Deum
1584 3038 1671 3093 res
1704 3038 1963 3093 humanas
1992 3054 2087 3093 cu-

504 3138 626 3191 rare
648 3134 932 3190 crederet?
958 3134 1024 3188 Et
1049 3148 1255 3202 rursus,
1281 3136 1324 3187 si
1356 3133 1437 3187 hic
1452 3142 1638 3189 cuncta
1659 3138 2085 3203 pere‘nteret,ex-

2200 1915 2226 1954 δ
2259 1924 2317 1969 ut
2346 1916 2446 1971 sibi
2476 1916 2734 1971 exhibere
2762 1916 2917 1971 latins
2945 1916 3061 1986 ejus
3092 1910 3358 1970 silentinni
3391 1919 3582 1981 posset,
3610 1919 3751 1979 atque

2193 2016 2250 2059 ut
2276 2006 2390 2074 ipse
2418 2007 2580 2060 multa
2604 2006 2959 2075 respondeat,
2993 2006 3140 2060 illum
3193 2004 3357 2059 verba
3398 2001 3752 2071 multiplicasse

2194 2097 2496 2152 conﬁrmat.
2529 2098 2661 2153 Nam
2690 2107 2742 2153 et
2762 2108 2885 2152 mox
2910 2098 3054 2155 initia
3082 2096 3301 2165 prolixae
3324 2093 3601 2149 locutionis
3616 2107 3748 2146 exor-

2192 2190 2366 2253 ditur;
2397 2198 2451 2243 et
2474 2190 2624 2259 quasi
2653 2189 2828 2246 adhuc
2876 2182 2951 2243 nil
2979 2188 3198 2255 dixerit,
3232 2186 3489 2242 inchoare
3530 2193 3749 2238 conatur.

2194 2280 2347 2338 Unde
2373 2283 2618 2337 subditur
2649 2298 2665 2335 :

2369 2376 2595 2452 CAPUT
2634 2380 2803 2451 xxtu
2842 2392 3001 2467 [Vet.
3028 2390 3155 2483 xx,
3181 2391 3306 2448 Rec.
3332 2386 3594 2461 nun.

2254 2488 2390 2587 Car.
2424 2526 2611 2581 κυνί,
2644 2510 2806 2565 Vens.
2839 2511 2890 2573 1,
2919 2508 2978 2563 2.
3023 2538 3095 2551 —
3126 2500 3333 2562 Addens
3379 2522 3572 2576 quoque
3612 2498 3751 2568 Eliu,

2191 2602 2346 2655 ctiam
2375 2601 2482 2655 hac
2504 2603 2699 2655 locutus
2729 2610 2808 2655 est
2840 2616 2859 2655 :
2891 2601 3098 2655 Sustine
3139 2616 3218 2655 me
3240 2598 3534 2671 paululum,
3555 2606 3601 2651 et
3636 2595 3753 2651 indi-

2192 2678 2314 2769 cubo
2345 2674 2458 2765 tibi.

2260 2782 2349 2857 «il.
2380 2770 2465 2836 Ea:
2484 2782 2803 2853 multiloquio
2826 2799 2976 2837 suam
3002 2784 3287 2857 doctrinam
3311 2784 3607 2838 inetiuntur.
3635 2780 3753 2836 Dum

2189 2892 2296 2931 sese
2332 2886 2620 2957 ostentant,
2652 2895 2745 2945 pro
2796 2876 2902 2933 Deo
2932 2862 3072 2945 loqui
3108 2881 3330 2953 ﬁngunt.
3359 2909 3431 2921 —
3476 2880 3633 2935 Multa
3657 2878 3754 2948 jam

2190 2971 2420 3047 dixerat,
2456 2981 2479 3009 ε
2508 2979 2562 3025 et
2588 2971 2842 3027 sustineri
2888 2970 3065 3049 adhuc
3108 2972 3380 3041 paululum
3432 2982 3626 3042 sperat,
3648 2970 3755 3039 quia

2192 3063 2441 3141 videlicet
2474 3072 2788 3139 arrogantes
2827 3048 2988 3141 grave
3020 3077 3080 3117 se
3109 3048 3363 3118 damnum
3411 3064 3610 3133 perpeti
3635 3059 3756 3131 judi-

2190 3163 2335 3219 cant,
2361 3140 2403 3209 si
2428 3155 2707 3209 scientiam
2733 3169 2882 3209 suam
2915 3154 3166 3225 loquendi
3212 3155 3477 3209 brevitate
3516 3151 3755 3208 constrin-

505 3236 734 3283 tremum
758 3226 1016 3297 judicium
1032 3228 1173 3281 unde
1373 3218 1894 3317 restaret?Qu:ndattt
1926 3218 2084 3296 igitur

2192 3253 2337 3315 gant.
2371 3244 2541 3298 Tanto
2562 3246 2704 3300 enim
2723 3248 3044 3317 semetipsos
3064 3245 3292 3302 credunt
3311 3245 3584 3301 doctiores
3596 3253 3755 3298 osten-

503 3325 782 3386 feriuntur,
818 3333 872 3375 ut
907 3316 1133 3376 rectoris
1170 3323 1341 3375 nostri
1371 3338 1530 3390 super
1552 3324 1647 3375 nos
1670 3306 2087 3378 sollicitudinem

503 3402 882 3481 formidemus;
908 3416 1150 3485 quaedam
1173 3430 1301 3470 vero
1325 3416 1489 3470 inulta
1519 3412 1823 3479 servantur,
1841 3412 2087 3469 utadhuc

502 3504 755 3574 iudicium
781 3500 986 3560 restare
1028 3496 1335 3561 sentiamus.
1374 3506 1515 3561 Bene
1541 3522 1668 3576 ergo
1699 3490 1891 3561 dicitur
1923 3524 1937 3560 :
1973 3490 2084 3561 Nec

506 3596 773 3649 ulciscitur
802 3596 949 3650 valde
970 3588 1158 3665 scelus,
1181 3598 1301 3667 quia
1324 3598 1447 3651 dum
1476 3598 1722 3667 exiguum
1744 3594 1992 3667 quiddam
2018 3594 2086 3651 de

506 3678 1104 3755 iniquitatcperCntiln'r,
1127 3672 1452 3741 inconversis
1469 3687 1734 3741 mentibus
1754 3689 1941 3742 aeterni
1964 3687 2079 3752 jam

500 3762 683 3846 indicii
713 3778 979 3831 sententia
1006 3780 1344 3848 propitiatur.

570 3872 658 3941 39.
689 3872 846 3940 Aliud
866 3897 1167 3951 estrectum
1197 3888 1394 3953 dicere,
1419 3888 1561 3942 aliud
1600 3872 1750 3942 recte.
1790 3918 1860 3928 -ο
1887 3887 2081 3943 Totum

500 3981 678 4049 itaque
707 3981 809 4035 hoc
840 3964 906 4034 ab
941 3964 1056 4034 Elin
1091 3991 1290 4035 rectum
1312 3981 1523 4043 dicitur,
1544 3981 1588 4034 si
1617 3991 1760 4035 recte
1783 3980 2074 4035 diceretur.

504 4077 615 4130 Scit
641 4076 783 4155 enim
815 4076 944 4153 quid
977 4078 1117 4153 loqui
1142 4076 1384 4151 debeat,
1414 4075 1507 4131 sed
1537 4076 1623 4155 cui
1653 4056 1900 4158 loquatur
1928 4080 2083 4146 igno-

502 4179 604 4220 rat.
631 4165 769 4221 Vera
801 4177 927 4221 sunt
949 4180 1180 4234 namque
1223 4180 1339 4233 qua:
1388 4164 1540 4229 dixit,
1572 4165 1664 4218 sed
1711 4181 1741 4217 a
1792 4166 1931 4219 beati
1979 4165 2080 4220 Job

501 4240 956 4327 increpationibus
1008 4255 1201 4319 aliena,
1232 4256 1352 4323 quia
1404 4238 1551 4307 tanto
1598 4256 1695 4308 hac
1740 4244 2079 4324 correptione

502 4365 608 4405 non
631 4351 797 4425 eguit,
816 4359 1013 4417 quanto
1042 4361 1141 4425 nec
1161 4347 1338 4417 aliqua
1361 4330 1793 4414 pusillanimitate
1818 4340 2078 4414 peccavit.

502 4441 647 4515 \Vet.
678 4422 864 4513 XIX]
895 4439 1000 4494 Sed
1032 4422 1155 4509 quia
1175 4439 1333 4509 jnstis
1359 4436 1486 4492 viris
1513 4441 1649 4494 solet
1696 4440 1908 4517 occasio
1956 4456 2078 4498 esse

499 4530 747 4585 virtutum
796 4530 958 4585 e'latio
1007 4535 1392 4609 superborum,
1436 4529 1646 4583 occulto
1694 4528 1898 4597 judicio
1951 4547 2074 4587 cum

500 4624 655 4675 beato
693 4622 791 4676 Job
838 4623 1040 4692 agitur,
1074 4633 1130 4675 ut
1178 4632 1296 4691 post
1338 4620 1545 4691 ﬂagella
1595 4638 1873 4691 poenarum
1914 4627 2076 4681 etiam

500 4729 594 4782 per
624 4716 779 4768 verba
810 4700 1167 4783 arrOgantinm
1199 4724 1423 4767 crescat.
1452 4698 1589 4767 Ecce
1611 4706 1749 4769 enim
1784 4726 1927 4770 tanto
1955 4733 2071 4771 ma-

497 4805 577 4874 gis
604 4820 633 4857 a
664 4788 927 4871 superbiai
956 4794 1200 4857 ministro
1229 4794 1519 4871 despicitur
1551 4814 1577 4842 ἰ
1605 4820 1804 4876 quanto
1842 4825 1872 4863 a
1904 4814 2071 4879 magi-

497 4905 605 4949 stra
635 4899 857 4949 veritate
887 4878 1206 4949 intrinsecus
1248 4894 1387 4948 idem
1437 4893 1727 4953 refovetur.
1779 4900 1909 4954 Nam
1956 4878 2073 4958 Elin

500 4999 778 5057 postquam
813 4996 891 5041 tot
920 4986 1074 5040 fortia
1105 5000 1164 5039 se
1194 4987 1400 5040 dixisse
1430 4976 1696 5057 cognovit,
1730 4990 1853 5059 quid
1886 4993 2070 5047 elatio-

500 5082 578 5133 nis
620 5090 851 5149 gestaret
889 5079 1115 5147 aperuit,
1145 5072 1305 5147 atque
1346 5074 1556 5135 beatum
1595 5066 1695 5136 Job
1726 5085 1833 5139 alta
1889 5085 1957 5140 de
2011 5102 2074 5143 se

573 5253 598 5281 ι
629 5244 826 5320 Locum
856 5245 997 5320 hunc
1038 5248 1088 5301 in
1121 5249 1288 5305 Editis
1308 5251 1445 5307 et'in
1471 5254 1784 5320 quibusdam
1816 5253 1941 5306 Mss.
1988 5256 2072 5307 in-

503 5316 815 5389 terpnlaltlm
844 5319 1170 5373 restituimus
1197 5337 1299 5389 ope
1319 5323 1448 5376 Cod.
1483 5316 1658 5385 Colb.,
1693 5324 1867 5376 Balul.
1893 5366 1909 5387 ,
1945 5324 2074 5378 Vin-

500 5378 641 5458 (ἰθέα
691 5378 904 5440 Ειιτοὶο.
927 5431 941 5447 ,
974 5388 1170 5444 Pratel.
1196 5433 1209 5455 ,
1236 5378 1378 5448 'Utic.
1404 5378 1738 5458 aliorumque
1784 5378 1965 5447 Norin.
2010 5394 2069 5448 lu

505 5456 525 5503 li
546 5455 667 5531 (iliis
691 5458 908 5531 legitur,
940 5460 1130 5528 quanto
1156 5478 1185 5511 a
1213 5464 1421 5517 veritate
1449 5455 1771 5522 intrinsecus,
1806 5464 1858 5514 id
1882 5474 1953 5516 est
1975 5466 2071 5519 Itu-'

501 5526 662 5576 illiilli:
685 5529 726 5575 is
749 5526 990 5593 magistra
1011 5532 1279 5596 refovetnr.
1307 5534 1481 5589 Verba
1512 5537 1624 5588 [nec
1658 5553 1671 5584 :
1704 5534 1757 5583 id
1807 5544 1879 5585 est
1901 5534 2071 5587 Immi-

501 5597 659 5675 litatis
684 5600 947 5675 magistra,
966 5605 1335 5667 explicationis
1371 5608 1539 5675 gratia
1578 5605 1823 5657 videntur
1866 5606 2064 5660 addita.

500 5666 557 5747 in
593 5668 791 5746 'l‘nrou.
824 5668 980 5747 le.,
1008 5666 1253 5747 corrupte
1281 5692 1292 5747 ς
1322 5666 1515 5739 quanto
1555 5677 1717 5743 magis
1765 5679 2071 5729 auctoritate

500 5740 802 5791 intrinsecus
854 5740 1121 5804 refovetur.
1182 5745 1543 5801 Hallncinatn‘s
1606 5740 1689 5798 est
1736 5749 2071 5799 atnannensis

500 5807 685 5877 legens
714 5818 805 5863 aut
828 5810 1049 5866 forsitan
1075 5828 1104 5867 a
1128 5813 1361 5871 dictante
1386 5817 1680 5884 exeipiens,
1710 5817 1851 5884 quod
1884 5829 2071 5885 postea

2193 3322 2342 3396 dere,
2370 3346 2574 3403 quanto
2611 3350 2670 3390 se
2702 3338 2973 3404 potuerint
3003 3337 3401 3406 multiplicitate
3441 3332 3757 3407 loquacitatis

2190 3416 2559 3495 aperire.‘Sed
2590 3429 2711 3499 quia
2738 3443 2883 3503 saepe
2910 3429 3012 3483 sibi
3034 3418 3271 3485 sentiunt
3292 3431 3495 3486 silentii
3526 3442 3755 3484 reveren-

2191 3519 2316 3597 tiam
2341 3532 2446 3572 nou
2473 3518 2694 3583 deferri,
2730 3519 2940 3597 Domini
2970 3534 3350 3597 nonnunquam
3385 3519 3674 3591 potentiam
3697 3516 3757 3572 de

2187 3596 2294 3679 quo
2322 3614 2475 3681 quasi
2506 3613 2793 3682 loquuntur
2819 3596 3107 3678 insinuant,
3140 3630 3203 3669 ac
3224 3596 3324 3669 sub
3345 3625 3603 3684 praetextu
3630 3613 3758 3669 illius

2188 3703 2293 3758 sibi
2324 3704 2600 3761 silentium
2647 3706 2904 3779 exigunt,
2933 3706 3073 3776 quod
3120 3707 3338 3762 minime
3381 3718 3681 3772 merentutv,
3711 3713 3757 3761 et

2185 3794 2312 3849 dum
2351 3799 2688 3867 specietenus
2729 3799 2895 3875 Deum
2939 3798 3255 3868 proferunt,
3287 3802 3529 3857 auditum
3568 3802 3663 3856 sibi
3698 3814 3757 3854 ex

2185 3891 2482 3942 reverentia
2508 3889 2625 3971 ejus
2651 3874 2945 3960 exigentes,
2975 3887 3003 3927 δ
3042 3888 3102 3946 se
3133 3874 3349 3969 Student
3390 3894 3563 3973 magis
3597 3903 3757 3948 osten-

2185 3981 2313 4061 dere
2338 3998 2497 4051 quam
2526 3984 2668 4039 illius
2696 3981 2832 4039 facta
2861 3985 3172 4055 praedicare;
3225 3985 3378 4043 Unde
3409 3998 3466 4043 et
3495 3987 3609 4043 Elin
3644 3987 3756 4040 sub-

2179 4060 2378 4155 jungit,
2404 4060 2639 4151 dicens:

2254 4152 2380 4250 iatn.
2406 4196 2478 4208 —
2506 4168 2689 4251 Adhuc
2712 4168 2849 4235 enim
2871 4156 3033 4225 habeo
3061 4173 3199 4251 quod
3215 4189 3309 4244 pro
3332 4158 3444 4229 Deo
3470 4152 3665 4247 loquar.

2253 4257 2414 4329 831
2440 4257 2572 4324 Quia
2595 4274 2725 4313 vero
2757 4275 3138 4333 nonnunquam
3169 4262 3419 4319 doctores
3458 4262 3625 4320 sancti
3653 4275 3755 4316 cre-

2181 4347 2280 4402 bro
2318 4358 2568 4416 repetunt
2594 4350 2641 4404 si
2666 4366 2769 4419 qua
2799 4336 3081 4407 obscurius
3104 4353 3308 4421 dicunt,
3335 4365 3392 4409 ut
3415 4372 3537 4427 qua:
3563 4354 3755 4411 occulta

2180 4430 2480 4505 praedicant
2508 4440 2810 4519 auditorum
2840 4443 3093 4523 cordibus
3140 4460 3271 4501 voce
3317 4434 3434 4525 haec
3476 4428 3755 4502 iterationis

2146 4527 2486 4618 iinfundant,
2519 4532 2835 4613 plerumque
2864 4536 2971 4592 hoc
2993 4547 3249 4615 appetunt
3268 4540 3429 4594 etiam
3455 4548 3756 4611 arrogantes

2184 4622 2403 4693 imitari,
2435 4641 2488 4682 et
2517 4628 2809 4709 insolenter
2836 4643 2900 4709 ea
2927 4646 3047 4699 quin
3076 4630 3312 4688 dixerint
3343 4636 3624 4704 replicant,
3654 4647 3753 4687 non

2183 4733 2286 4788 quo
2317 4704 2625 4777 auditorum
2662 4704 2911 4801 cordibus
2955 4724 3225 4780 insinuare
3256 4742 3342 4782 res
3371 4738 3642 4799 appetant,
3670 4725 3753 4780 sed

2182 4828 2287 4889 quo
2333 4829 2517 4868 eorum
2559 4811 2771 4891 judicio.
2807 4817 2975 4873 videri
3026 4804 3339 4888 eloquentes
3380 4804 3582 4875 volunt.
3614 4806 3754 4875 Unde

2181 4904 2296 4985 Elin
2337 4906 2663 4975 subjungens
2690 4909 2767 4961 ait
2793 4926 2805 4938 υ
3566 4980 3569 4983 δ

2254 4998 2415 5079 Vens.
2448 5002 2502 5055 ὅ.
2529 5029 2599 5040 -
2642 5000 2889 5071 Repetam
2928 5001 3192 5056 scientiam
3227 5000 3391 5056 meam'
3418 5020 3463 5079 ιιΔ
3488 4998 3751 5079 principio.

2256 5076 2359 5145 Sed
2390 5094 2508 5161 quia
2541 5092 2807 5147 nominata
2836 5090 3088 5160 scientia,
3127 5105 3301 5149 tumor
3336 5076 3515 5148 cordis
3544 5076 3596 5148 in
3633 5102 3753 5145 voce

2179 5254 2414 5321 scripsit,
2446 5257 2767 5323 auctoritate,
2803 5272 2919 5324 pro,
2948 5274 2981 5312 a
3005 5259 3229 5314 veritate.

2250 5324 2276 5362 ὴ
2311 5325 2476 5362 [omne
2504 5329 2762 5362 nius-anulis“:
2797 5339 2901 5362 tam
2935 5331 2986 5362 in
3029 5329 3132 5362 "_‘ﬂ
3198 5346 3355 5362 III-am
3400 5331 3415 5362 ἲ

2311 5325 2477 5379 Locus
2504 5329 2764 5400 obscurus
2797 5322 2986 5400 tamin
3029 5329 3154 5384 Mss.
3198 5346 3355 5400 quam
3400 5331 3468 5400 in,
3500 5322 3749 5397 Vulgatis-

2178 5395 2233 5449 ln
2268 5411 2426 5470 manu
2450 5401 2685 5470 exaratis
2718 5398 2914 5470 legitur
2941 5409 3109 5470 posset
3139 5395 3235 5470 pro
3264 5402 3422 5467 possit
3451 5395 3747 5470 Editorum;

2250 5477 2271 5543 ξ
2321 5465 2683 5543 lta__'l‘nron.,-
2718 5465 2982 5543 VindocJ,
3016 5465 3230 5536 Balu’z”
3264 5465 3452 5543 Colon.
3500 5468 3749 5543 εὺτρῑςιρ

2174 5537 2369 5613 aliique
2394 5538 2575 5591 Norm.
2602 5549 2656 5593 et
2678 5547 2785 5613 vel.
2822 5540 2917 5593 Ed.
2952 5541 3118 5595 Paris.
3152 5543 3204 5596 In
3233 5540 3459 5613 vulgatis
3488 5539 3751 5613 plerisque

2179 5608 2388 5673 legitur,
2420 5614 2662 5676 postulat,
2693 5609 2811 5662 loco
2843 5624 3032 5675 sperat.
3065 5614 3227 5666 Vetus
3256 5608 3353 5665 Ed'.
3390 5608 3551 5664 Basil.
3575 5650 3589 5673 .
3623 5620 3747 5676 ραι-

2179 5680 2632 5753 tulumimperat;
2663 5682 2803 5745 quod
2833 5682 3091 5736 festinans
3119 5683 3479 5753 typograpltus
3509 5679 3657 5749 legit,
3691 5684 3741 5728 et

2181 5748 2647 5820 legendumedidit
2678 5767 2773 5817 pro
2798 5760 2985 5820 sperat.

2250 5817 2275 5855 α
2308 5818 2525 5887 Pratel.,
2559 5836 2613 5874 se
2628 5822 2799 5889 potius
2820 5817 3045 5878 student.
