4066 6348
298 419 410 477 ’5τὸ

296 544 605 601 claruerat;
634 545 889 601 arrogans
910 536 1060 596 apert

300 636 487 705 aliquo
529 616 795 685 velamine
824 623 1092 691 pallietur.
1128 616 1279 674 Unde
1315 628 1437 669 mox
1484 616 1538 665 in
1568 616 1829 695 occultam:

237 784 247 805 ί
304 695 520 781 ne
545 710 1087 787 arrogantiteDomini
1098 705 1363 785 justitiam
1394 695 1845 763 subinferens,ait
1870 709 1887 747 :

382 814 512 868 leui.
543 839 614 853 -
648 805 714 860 Et
743 812 1060 874 operarorem
1088 814 1255 852 meum
1286 793 1506 865 probabo
1522 794 1746 864 justum.

383 905 457 962 Ut
486 905 613 958 dum
657 898 807 970 quasi
852 910 948 965 pro
975 892 1072 947 Dei
1098 889 1300 962 justitia
1330 886 1586 955 loquitur,
1617 880 1755 951 apud
1785 878 1891 934 liu-

309 1011 472 1055 mana
495 992 695 1064 judicia
731 978 991 1059 quidquid
1030 989 1343 1052 arroganter
1380 974 1552 1049 efﬂuit
1587 980 1891 1028 excusetur.

310 1088 570 1159 Sequitur
606 1101 620 1137 :

882 1164 1109 1223 CAPUT
1146 1160 1338 1218 XXIV.

390 1291 555 1377 Vgns.
573 1288 628 1343 4.
647 1284 856 1339 —-Vere
876 1283 1008 1337 enim
1020 1280 1207 1349 absque
1217 1275 1487 1343 mendacio
1502 1285 1759 1326 sermones
1777 1269 1900 1325 mei.

384 1361 477 1443 ιξξ.
504 1380 878 1438 Testimonium
909 1393 943 1428 α
970 1373 1081 1428 Deo
1105 1388 1207 1425 non
1228 1370 1495 1437 habentes,
1513 1365 1577 1418 ab
1607 1361 1901 1417 hominibus

313 1486 577 1551 quierunt.
613 1504 684 1513 —
711 1470 843 1539 Cum
873 1468 942 1523 ab
970 1463 1198 1521 inﬁrmis
1222 1459 1553 1515 auditoribus
1594 1470 1653 1510 se
1681 1452 1905 1523 intelligi

316 1545 427 1626 non
458 1581 617 1639 posse
641 1561 997 1631 conspiciunt,
1025 1557 1202 1612 solent
1228 1554 1542 1623 plerumque
1562 1548 1731 1621 etiam
1775 1545 1906 1613 justi

317 1637 541 1719 laudare
565 1658 703 1712 bona
727 1669 847 1724 qua
878 1651 1099 1713 dicunt,
1128 1662 1233 1700 non
1257 1660 1364 1715 quo
1394 1642 1497 1712 ipsi
1523 1642 1636 1695 suis
1665 1637 1907 1694 laudibus

317 1754 552 1822 inhient,
580 1750 678 1807 sed
704 1764 809 1818 quo
829 1745 1100 1801 auditores
1123 1755 1251 1795 suos
1277 1739 1345 1794 ad
1367 1735 1617 1801 audiendi
1644 1730 1907 1789 sollicitu-

320 1851 506 1907 dinem
530 1828 1054 1907 accendant,utdum
1079 1850 1265 1893 eorum
1290 1848 1424 1888 voce
1454 1829 1816 1901 proferuntur,
1837 1815 1907 1879 ab

324 1942 544 1997 illorum
583 1934 832 1995 cordibus
875 1928 1167 1985 ardentiori
1198 1925 1390 1981 all‘ectu
1429 1921 1724 1991 rapiantur.
1756 1916 1908 1973 Unde

327 2033 529 2091 Paulus
547 2029 815 2089 cutu'mira
830 2022 1123 2079 Corinthiis
1143 2028 1200 2075 et
1213 2017 1375 2073 multa
1391 2014 1616 2070 dixisset
1642 2008 1915 2078 :adjunxit

334 2124 411 2178 0s
456 2131 690 2177 nostrum
728 2125 868 2187 patet
905 2114 975 2168 ad
1020 2128 1131 2177 vos,
1166 2127 1196 2164 ο
1243 2105 1538 2174 Corinthii,
1569 2120 1657 2158 cor
1687 2110 1917 2156 nostrum

329 2216 607 2271 dilatatam
625 2220 696 2266 est
728 2208 815 2279 (ll
842 2206 964 2272 Car,
984 2221 1056 2272 v1,
1084 2203 1195 2273 Η).
1220 2201 1324 2257 Sed
1346 2208 1650 2267 arrogantes
1677 2196 1803 2249 dum
1825 2207 1917 2248 cor

328 2304 595 2361 bonorum
625 2300 896 2363 nesciunt,
921 2306 978 2353 et
1010 2296 1153 2350 solas
1201 2291 1488 2360 aliquando
1518 2304 1677 2345 voces
1707 2290 1921 2342 imitan-

329 2406 443 2462 tur,
471 2394 700 2452 eﬂ‘erunt
726 2390 997 2445 laudando
1021 2404 1144 2457 qua:
1173 2386 1378 2452 dicunt,
1401 2398 1507 2438 non
1534 2380 1679 2451 quod
1710 2381 1789 2434 eis
1817 2389 1921 2433 tor-

330 2501 434 2559 por
476 2484 804 2541 audientium
850 2479 1134 2547 diSplicet,
1164 2475 1262 2530 sed
1311 2474 1455 2544 quod
1500 2472 1603 2526 sibi
1652 2471 1924 2525 inhianter

330 2577 570 2649 placent.
597 2575 870 2630 Justorum
894 2585 1080 2624 vocem
1108 2568 1383 2622 imitantes
1406 2564 1678 2629 simulant,
1696 2561 1789 2616 sed
1816 2560 1920 2614 vim

332 2669 485 2725 vocis
511 2668 781 2739 ignorant.
810 2662 1007 2718 Vident
1034 2660 1176 2730 quod
1217 2658 1346 2727 justi
1376 2659 1674 2727 proferunt,
1702 2654 1799 2708 sed
1830 2666 1925 2706 ne-

334 2761 517 2821 sciunt
542 2757 681 2827 quod
706 2729 1008 2824 rdquirunt.
1038 2729 1173 2807 Cum
1213 2752 1359 2805 enim
1410 2758 1435 2784 ι
1482 2746 1652 2801 sancti
1677 2744 1927 2799 doctores

335 2850 555 2922 laudem
587 2846 982 2917 praedicationis
1003 2842 1281 2905 exaltant,
1304 2838 1457 2908 quasi
1482 2852 1640 2891 manu
1669 2836 1822 2890 vocis
1858 2833 1927 2895 ab

336 2943 469 2999 imis
496 2937 905 3011 cogitationibus
949 2935 1111 2991 corda
1142 2930 1471 2987 audientium
1518 2929 1718 2988 levant,
1750 2935 1809 2978 ut
1835 2940 1930 2980 ex-

338 3049 502 3091 cussa
533 3032 791 3088 velociter
818 3028 980 3084 dictis
1012 3024 1362 3095 sequentibus
1388 3022 1531 3075 velut
1552 3021 1608 3073 in
1631 3019 1820 3073 itinere
1842 3031 1931 3069 oc-

338 3134 564 3181 currant
592 3130 647 3179 et
690 3130 839 3175 tanto
864 3134 927 3175 ea
975 3116 1339 3187 intelligentia:
1368 3112 1619 3182 amplexu
1665 3108 1935 3165 constrin-

336 3226 500 3297 gant,
525 3223 727 3285 quanto
774 3212 864 3268 illa
903 3220 957 3266 et
997 3210 1149 3280 quasi
1198 3209 1511 3277 priusquam
1560 3200 1929 3275 cerncrent'in

343 3296 485 3367 voce
514 3309 778 3364 laudantis
820 3311 1150 3360 amaverant.
1182 3301 1290 3359 Sed
1322 3299 1457 3364 hzec,
1490 3307 1548 3352 ut
1594 3296 1741 3365 dixi,
1782 3309 1933 3349 arro-

344 3412 538 3473 gantes
566 3399 835 3457 nesciunt.
866 3396 1000 3463 Quia
1042 3394 1185 3450 enim
1213 3392 1347 3448 foris
1372 3400 1457 3447 est
1484 3388 1627 3459 quod
1650 3396 1932 3458 appetunt,

346 3493 479 3565 quid
508 3492 579 3557 sit
606 3493 752 3546 intus
781 3486 1140 3545 desiderabile
1180 3484 1383 3540 sentire
1417 3497 1525 3536 non
1573 3489 1822 3551 possunt.
1854 3479 1938 3543 De

346 3584 652 3667 electorum
668 3580 879 3668 .quippe
908 3576 1145 3632 Ecclesia
1171 3576 1431 3641 scriptum
1460 3581 1543 3627 est
1575 3588 1590 3626 :
1625 3569 1805 3623 Omnis
1830 3569 1939 3639 glo-

347 3664 432 3729 ria
462 3677 573 3745 ejus
603 3658 726 3741 ﬁlia:
752 3657 930 3741 regium
949 3666 1012 3721 ab
1059 3668 1197 3719 intus
1228 3664 1403 3737 (Psal.
1436 3677 1577 3729 κων,
1613 3659 1726 3730 14).
1753 3657 1823 3713 Et
1847 3673 1939 3714 sa-

349 3768 567 3837 pientes
609 3763 843 3834 virgines
883 3761 939 3817 in
979 3761 1121 3814 vasis
1149 3758 1327 3814 oleum
1372 3765 1589 3826 portare
1634 3752 1942 3819 referuntur

351 3857 575 3929 (Matth.
604 3871 730 3921 xxv,
767 3855 846 3924 i).
896 3852 1055 3909 Unde
1101 3861 1156 3907 et
1204 3860 1511 3906 sanctorum
1539 3862 1670 3923 voce
1696 3846 1894 3900 dicitur
1924 3861 1940 3899 :

357 3942 744 4025 Glorianostra
772 3947 883 4001 hatc
913 3957 1009 4015 est,
1032 3946 1375 4001 testimonium
1406 3942 1730 3997 conscientiae
1757 3950 1944 4011 nostra:

357 4020 597 4129 altior.
628 4058 667 4105 ι,
698 4039 812 4109 12).
845 4042 1179 4109 Arrogantes
1217 4048 1396 4093 autem
1420 4079 1436 4104 ,
1468 4039 1592 4105 quia
1623 4050 1803 4090 coram
1832 4020 1946 4089 Deo

357 4136 711 4194 conscientiae
742 4151 854 4191 sua:
899 4134 1264 4190 testimonium
1297 4148 1402 4187 non
1437 4130 1658 4197 habent,
1700 4134 1950 4199 qumrunt

360 4246 543 4288 coram
569 4229 877 4317 hominibus
902 4227 1268 4283 testimonium
1297 4225 1449 4280 vocis
1504 4224 1735 4285 alienze;
1786 4204 1948 4291 quam

361 4340 485 4379 cum
518 4306 672 4378 tarde
694 4321 985 4391 reperiunt,
1011 4320 1114 4390 ipsi
1142 4320 1307 4376 etiam
1336 4318 1389 4372 in
1434 4317 1821 4386 impudentiam
1867 4298 1953 4371 sui

364 4417 566 4472 favoris
586 4406 891 4483 erumpunt.
919 4412 978 4467 Si
993 4416 1134 4467 enim
1166 4424 1270 4467 non
1292 4407 1570 4464 inveniunt
1590 4421 1754 4464 voces
1777 4406 1955 4475 homi-

365 4525 516 4575 num,
537 4523 669 4579 quas
690 4505 958 4562 iuliianter
978 4509 1313 4570 exspectant,
1339 4501 1440 4570 ipsi
1470 4500 1750 4554 scientiam
1800 4512 1954 4552 suam

370 4601 655 4658 laudantes
682 4597 999 4669 praedicant.
1042 4591 1199 4650 Unde
1246 4602 1300 4648 et
1338 4592 1459 4647 Eliu
1487 4590 1667 4646 subdit
1716 4588 1952 4644 dicens:

938 4682 1166 4764 CAPUT
1209 4701 1377 4760 xxv.

442 4828 571 4886 Illo.
600 4844 673 4868 —‘—
692 4823 763 4878 Et
788 4824 1018 4894 perfecta
1040 4818 1255 4875 scientia
1272 4814 1569 4887 probabitur
1589 4813 1701 4897 tibi.

446 4940 535 4998 ιδ.
563 4938 742 4994 Cordis
762 4936 917 4991 elatio
949 4935 1061 4988 licet
1080 4930 1306 4996 occulta,
1332 4925 1737 4988 inexcusabilis;
1760 4930 1951 4993 quanto

374 5034 539 5104 magis
560 5036 672 5099 qua
695 5028 858 5083 verbis
888 5029 1025 5098 (aras
1045 5026 1285 5093 erumpit.
1311 5050 1382 5061 —
1410 5020 1671 5074 Nimirum
1702 5016 1869 5071 sensit
1894 5027 1956 5070 se

374 5137 569 5194 magna
596 5120 887 5184 dicturum,
908 5115 1009 5171 sed
1032 5114 1257 5170 tumenti
1285 5110 1449 5165 corde
1478 5108 1581 5163 hoc
1601 5105 1741 5177 quod
1766 5104 1834 5159 de
1863 5116 1957 5159 se—

378 5217 615 5286 metipso
632 5211 939 5268 sublimiter
967 5205 1254 5262 azstimavit
1292 5206 1472 5256 tacere
1502 5214 1607 5253 non
1639 5196 1812 5265 potuit
1854 5198 1871 5248 ’τ
1907 5198 1964 5250 et

378 5312 583 5369 idcirco
608 5306 752 5378 quod
799 5310 1005 5373 rectum
1050 5298 1219 5353 sensit
1256 5291 1526 5349 laudando
1566 5287 1916 5359 praecucurrit
1947 5306 1961 5342 :

380 5404 506 5474 quia
522 5376 862 5471 jar'u'quidem
885 5390 1281 5463 divin‘o’judicio
1291 5400 1416 5443 reus
1437 5390 1601 5448 esset,
1618 5384 1663 5438 si
1678 5388 1874 5450 magna
1897 5376 1967 5435 de

382 5473 445 5552 se
474 5484 665 5549 saltem
682 5482 900 5546 silendo
924 5484 1208 5541 sensisset.
1235 5484 1376 5547 Ante
1417 5477 1618 5534 subtile
1647 5476 1791 5530 enim
1817 5473 1967 5528 veri-

385 5589 514 5644 tatis
543 5595 774 5641 examen
802 5579 975 5635 securi
996 5576 1215 5631 omnino
1241 5590 1348 5629 non
1380 5585 1586 5635 sumus,
1608 5568 1768 5623 etiam
1794 5566 1839 5620 si
1864 5565 1965 5619 liu-

462 5749 489 5774 οι
519 5732 774 5798 Vindoc.,
795 5728 935 5785 Utic.
966 5735 1022 5781 et
1045 5724 1132 5777 alii
1150 5721 1366 5798 Nomm,
1395 5715 1559 5769 sancti
1579 5712 1963 5798 pradicatores.

462 5808 489 5847 ι)
521 5786 743 5869 Pista,
760 5786 1116 5869 bonum-quod
1141 5796 1262 5869 bene
1287 5791 1452 5869 dicere
1474 5786 1685 5869 appetit.

466 5890 491 5920 ο
521 5851 749 5951 Tui-Eii};
779 5851 1006 5927 Domina
1031 5862 1368 5920 observientli.
1398 5860 1455 5913 ln
1485 5851 1679 5911 Pratel.
1711 5864 1766 5909 et.
1792 5851 1932 5907 Utic.
1950 5889 1968 5915 ,

3458 361 3569 422 57l-

1063 543 1093 581 e
1117 514 1478 595 cognoscitur,
1503 519 1546 572 si
1588 530 1694 571 non
1721 511 1883 568 citius
1907 508 1965 569 Α
1986 520 2146 561 manu
2165 501 2330 574 832
2351 499 2552 569 judicio
2580 492 2720 565 quod
2750 493 2803 546 in
2836 466 2987 544 nobis
3017 482 3349 554 reprehendi
3378 480 3571 535 debeat

2198 594 2203 595 ν
2625 585 2639 595 ,
2886 582 2891 595 ι
3122 574 3289 595 AA,“
3335 571 3537 595 Δηὼ*

1484 611 1538 665 in
1568 605 1885 664 occultatio-
1987 612 2096 653 non
2128 571 2404 648 habemus.
2427 578 2561 642 Nam
2588 582 2905 655 plerumque
2936 574 3294 648 negligentius
3330 571 3574 641 cogitan-

1989 698 2075 745 tes
2103 682 2335 742 elatione
2359 680 2657 751 pulsamur,
2687 682 2851 746 quam
2878 676 3059 726 tamen
3086 670 3328 722 tacentes
3373 658 3579 730 premi-

1991 799 2134 841 mus.
2156 780 2264 836 Sed
2294 750 2395 832 nisi
2416 768 2799 831 retractatione
2819 764 3031 822 conclta
3055 772 3233 818 tumor
3250 753 3494 814 occultus
3520 750 3583 807 in

1994 876 2114 946 ipso
2136 871 2299 927 cubili
2326 860 2526 929 cerdis,
2567 865 2623 918 in
2663 868 2771 932 quo
2811 860 2983 915 oritur
3004 899 3019 922 ,
3042 852 3369 913 suﬂ‘ocetur,
3392 855 3580 904 atram

1996 935 2244 1022 districto
2268 959 2449 1030 judice
2484 968 2644 1010 omne
2691 948 2940 1007 meritum
2982 954 3182 1002 nostra:
3214 935 3445 996 actionis
3482 946 3584 990 οι·-

1998 1021 2313 1124 stinguitur.
2343 1047 2479 1103 Hinc
2509 1056 2640 1114 ergo
2666 1036 2998 1113 pensandtJm
3027 1042 3110 1121 est
3146 1032 3240 1087 illa
3261 1026 3445 1085 cordis
3465 1021 3583 1081 ela-

2000 1148 2077 1202 tio
2115 1116 2317 1214 quanta
2361 1132 2829 1192 animadversione
2858 1116 3220 1189 damnabitur,
3249 1132 3371 1192 qua:
3412 1126 3590 1184 usque

2004 1239 2071 1293 ad
2094 1235 2370 1290 audaciam
2399 1228 2547 1283 vocis
2569 1224 2824 1288 nutritur,
2847 1220 2894 1275 si
2925 1230 3099 1287 neque
3121 1216 3237 1269 haec
3260 1221 3343 1268 est
3358 1220 3591 1265 excusa-

2003 1328 2131 1385 bilis
2158 1339 2277 1397 qua:
2308 1325 2358 1376 in
2382 1320 2546 1376 corde
2572 1316 2801 1371 latenter
2835 1309 3097 1366 oboritur.
3128 1296 3592 1361 Considerandum

2007 1432 2221 1490 quoque
2247 1414 2422 1485 qualis
2442 1410 2767 1465 intrinsecus
2793 1409 3003 1473 regnat,
3030 1412 3152 1468 qua:
3178 1409 3245 1450 eo
3277 1404 3449 1460 usque
3474 1401 3592 1445 sero

2008 1524 2130 1565 vata
2176 1484 2281 1573 est,
2306 1519 2366 1562 ut
2410 1507 2574 1561 etiam
2618 1502 2762 1555 (oras
2808 1506 3095 1564 erumpere
3139 1503 3249 1544 non
3289 1484 3592 1541 erubescat.
3662 1488 3713 1554 '_

2012 1598 2134 1660 Elin
2174 1616 2302 1671 ergo
2324 1597 2449 1668 quia
2477 1608 2668 1664 magna
2709 1590 2898 1652 Sensit,
2928 1582 3276 1652 semetipsum
3325 1574 3629 1647 humiliter_

2014 1705 2318 1763 temperare
2346 1687 2589 1749 nescivit,
2617 1681 2857 1737 scientiae
2877 1674 3252 1733 celsitudinem
3278 1666 3475 1730 tenuit,
3495 1663 3598 1718 ltu-

2019 1786 2262 1842 militatis
2300 1780 2525 1852 gratiam
2555 1773 2849 1837 recusavit;
2894 1781 2949 1826 et
2976 1771 3104 1823 dum
3131 1764 3372 1834 sequitur
3400 1752 3601 1815 bunum

1936 1878 1985 1956 ις
2016 1876 2048 1917 ι’
2082 1889 2185 1946 quo
2212 1849 2352 1928 bene
2377 1870 2555 1925 dicere
2583 1864 2823 1935 appetiit,
2857 1862 3053 1916 bonum
3087 1869 3195 1926 quo
3239 1853 3380 1908 bene
3418 1849 3605 1904 vivere

2014 1968 2281 2039 potuisset
2303 1962 2502 2018 amisit.
2540 1958 2771 2017 Scientia
2810 1955 2997 2025 quippe
3022 1952 3201 2013 instat,
3227 1946 3454 1999 citat-itas
3480 1955 3603 1995 vero

2017 2033 2241 2127 ledi/icat
2264 2056 2317 2129 (ι
2346 2054 2465 2110 Cor.
2489 2067 2608 2118 vni,
2636 2050 2713 2119 l).
2743 2047 2849 2102 Sed
2890 2045 3000 2115 jam
3030 2054 3173 2096 nunc
3197 2047 3401 2093 rectum
3429 2033 3605 2097 dicat,

2020 2152 2163 2224 quod
2190 2128 2366 2206 tamen
2394 2157 2540 2202 recte
2562 2142 2743 2198 dicere
2770 2142 3001 2210 ignorat.
3049 2135 3183 2190 Nam
3216 2139 3498 2201 postquam
3524 2128 3608 2178 in-

2020 2214 2178 2302 tlatas
2200 2242 2365 2297 animi
2386 2238 2734 2309 cogitationes
2757 2248 2856 2299 per
2872 2229 3035 2286 verba
3058 2214 3605 2283 elationisexhalavit.

2022 2320 2223 2390 fortem
2265 2329 2586 2386 sententiam
2626 2322 2883 2388 subdidit,
2915 2319 3099 2375 dicens
3129 2333 3143 2368 :

2240 2461 2469 2521 CAPUT
2497 2448 2668 2513 XXVI
2700 2455 2844 2530 [νει.
2866 2451 3030 2519 XXI,
3057 2442 3397 2518 Rec.'X1X].

2102 2604 2249 2659 Vens
2277 2603 2332 2658 5.
2364 2630 2437 2640 —
2465 2596 2606 2653 Deus
2646 2602 2880 2663 potentes
2903 2605 3011 2646 non
3054 2588 3231 2661 abjicit
3248 2625 3265 2652 ,
3290 2598 3410 2639 cum
3434 2589 3486 2637 et
3510 2580 3621 2651 ipsa

2028 2698 2099 2754 sit
2122 2706 2321 2769 potens.

2106 2798 2197 2854 44.
2222 2794 2462 2851 Potentia
2484 2790 2799 2863 temporalis,
2819 2787 2912 2843 etsi
2931 2786 3087 2849 bona,
3103 2781 3335 2838 elationis
3349 2774 3623 2833 tentationi

2036 2902 2109 2947 est
2131 2890 2372 2946 obnoxia.
2410 2888 2511 2953 Qui
2532 2902 2584 2939 se
2608 2885 2742 2937 videt
2763 2883 2880 2952 plus
2903 2874 3095 2933 ueteris
3117 2890 3280 2946 posse,
3306 2873 3423 2943 plus
3446 2881 3625 2937 sapere

2038 2984 2192 3056 facile
2213 2981 2393 3036 credit.
2419 2979 2523 3033 Hic
2552 2976 2767 3033 Satana:
2793 2971 2997 3027 similis.
3031 2998 3100 3009 —
3121 2969 3177 3023 ln
3209 2981 3308 3021 usu
3328 2964 3454 3018 vitae
3475 2975 3623 3016 mor-

2037 3077 2162 3132 talis
2190 3073 2432 3145 quazdam
2459 3085 2523 3125 ex
2556 3066 2862 3136 semetipsis
2904 3072 3027 3117 sunt
3056 3059 3234 3125 noxia,
3259 3055 3505 3128 quaedam
3526 3066 3623 3106 ve-

2040 3183 2105 3223 ro
2133 3181 2200 3223 ex
2254 3166 2341 3219 bis
2380 3176 2498 3232 qua:
2526 3161 2666 3215 circa
2699 3158 2815 3227 ipsa
2853 3152 3156 3210 versa’ntur.
3201 3149 3282 3204 Ex
3325 3142 3628 3211 semetipsis

1955 3248 2009 3324 ἓ
2042 3260 2288 3334 quaedam
2334 3267 2459 3314 sunt
2511 3255 2705 3321 noxia,
2750 3253 2887 3307 sicut
2933 3255 3153 3319 peccata
3203 3254 3362 3313 atque
3407 3239 3625 3310 ﬂagitia.

2039 3354 2302 3425 Quaedam
2332 3364 2462 3406 vero
2490 3356 2872 3415 nonnunquam
2902 3341 3057 3395 nobis
3082 3351 3153 3393 ex
3196 3336 3279 3389 his
3316 3347 3437 3402 quae
3485 3330 3626 3384 circa

2041 3424 2161 3517 ipsa
2188 3434 2315 3501 sunt
2342 3449 2560 3502 nocent,
2592 3439 2734 3494 sicut
2781 3431 3091 3502 temporalis
3132 3427 3394 3498 petentia,
3421 3424 3508 3479 vel
3537 3436 3631 3474 co-

2042 3512 2166 3607 pula
2196 3534 2508 3605 conjugalis.
2540 3532 2744 3585 Bonum
2790 3540 3021 3595 namque
3062 3532 3146 3578 est
3169 3517 3501 3589 conjugium,
3530 3512 3629 3569 sed
3706 3552 3711 3559 .

2041 3631 2186 3685 mala
2213 3634 2339 3682 sunt
2364 3639 2483 3694 qum
2510 3625 2653 3677 circa
2679 3618 2812 3675 illud
2841 3632 2908 3672 ex
2947 3615 3105 3684 hujus
3146 3611 3331 3666 mundi
3354 3622 3482 3663 cura
3501 3619 3627 3661 suc-

2043 3728 2313 3778 crescunt.
2345 3714 2501 3772 Unde
2526 3711 2723 3768 Paulus
2747 3711 2822 3764 ait
2853 3725 2868 3762 :
2902 3708 3008 3774 Qui
3031 3714 3202 3759 autem
3230 3717 3348 3756 cum
3376 3713 3537 3754 uxore
3556 3706 3633 3753 est

2045 3812 2233 3883 cogitat
2261 3824 2379 3879 qua:
2407 3816 2528 3861 sunt
2546 3804 2747 3867 mundi,
2768 3798 3023 3872 quomodo
3049 3798 3247 3868 placeat
3265 3794 3415 3848 uxori
3433 3790 3483 3862 (l
3508 3788 3629 3848 Cor.

2043 3918 2141 3971 vn,
2170 3902 2299 3971 55).
2346 3898 2498 3955 Unde
2542 3900 2597 3951 et
2638 3891 2956 3965 quibusdam
3005 3890 3231 3944 meliora
3277 3883 3630 3956 persuadens.

2040 4008 2142 4050 eos
2169 4010 2198 4047 a
2227 3993 2474 4061 coniugio
2502 3995 2740 4052 revocat,
2768 3985 2952 4040 dicens
2982 4000 2996 4035 :
3026 3980 3146 4036 Hoc
3173 3990 3343 4035 autem
3370 3978 3507 4042 dico,
3530 3991 3636 4030 non

2046 4098 2104 4151 ut
2127 4082 2362 4154 laqueum
2381 4083 2519 4138 vobis
2538 4080 2794 4151 injiciam,
2816 4077 2905 4133 sed
2923 4076 2992 4130 ad
3012 4076 3068 4129 id
3086 4074 3225 4145 quod
3245 4072 3513 4125 honestum
3535 4077 3633 4131 est,

2050 4187 2100 4234 et
2121 4176 2580 4253 quodfacultatem
2600 4170 2827 4241 prcebeat
2851 4168 2961 4222 sine
2998 4164 3360 4235 intpedimento
3391 4172 3415 4200 ε
3450 4159 3634 4214 Domi-

2050 4284 2175 4322 num
2204 4252 2501 4320 obsecrandi
2531 4261 2695 4334 (Ibid.
2715 4301 2731 4326 ,
2757 4257 2873 4331 55).
2900 4258 3035 4312 Dum
3080 4270 3209 4327 ergo
3238 4263 3448 4311 tenetur
3491 4249 3634 4322 quod

2054 4377 2162 4416 non
2194 4367 2384 4423 nocet,
2408 4371 2473 4411 ex
2524 4355 2683 4409 rebus
2726 4353 2879 4421 juxta
2920 4350 3111 4420 positis
3136 4347 3492 4403 committitur
3529 4344 3642 4413 ple-

2057 4465 2284 4521 rumque
2308 4448 2451 4519 quod
2472 4456 2665 4512 nocet;
2710 4445 2848 4499 sicut
2875 4458 3019 4512 saepe
3045 4430 3250 4496 rectum
3278 4437 3642 4499 mundumque

2056 4542 2163 4598 iter
2203 4542 2497 4611 pergimus,
2528 4547 2584 4593 et
2630 4547 2808 4590 tamen
2855 4536 2986 4590 ortis
3020 4534 3172 4602 juxta
3215 4534 3349 4585 viain
3393 4531 3644 4598 vepribus

1976 4630 2039 4694 Ι)
2066 4650 2162 4705 per
2189 4634 2507 4688 vestimenta
2527 4630 2840 4684 retinemur.
2870 4627 2926 4680 In
2953 4627 3037 4680 via
3070 4626 3289 4693 quidem
3310 4624 3512 4678 munda
3534 4637 3642 4679 non

2065 4724 2406 4784 offendimus.
2424 4721 2518 4775 sed
2543 4736 2575 4773 a
2606 4720 2772 4773 latere
2796 4717 3038 4772 nascitur
3060 4730 3167 4785 quo
3186 4728 3503 4785 pungamnr.
3527 4712 3642 4769 Ma-

2064 4830 2174 4885 gna
2199 4824 2285 4869 est
2323 4810 2484 4866 etiam
2523 4810 2765 4880 potentia
2809 4807 3140 4877 temporalis,
3170 4821 3291 4877 quas
3316 4807 3478 4862 habet
3502 4806 3646 4877 apud

2068 4907 2236 4961 Deum
2266 4902 2524 4959 meritum
2553 4917 2708 4956 suum
2748 4902 2816 4957 de
2861 4900 2998 4955 bona
3048 4898 3515 4955 administratione
3553 4909 3647 4953 re-

2067 4998 2310 5070 giminis;
2364 5009 2756 5065 nonnunquam
2816 5003 2997 5048 tamen
3051 5007 3118 5048 eo
3160 4993 3278 5061 ipso
3324 5008 3431 5060 quo
3477 5004 3648 5059 prae-

2062 5094 2234 5149 minet
2296 5089 2538 5154 caeteris,
2591 5087 2823 5147 elatione
2878 5083 3221 5154 cogitationis
3288 5081 3642 5147 intumescit;

2063 5180 2094 5223 ἀ
2135 5192 2191 5239 et
2240 5181 2368 5236 dum
2424 5180 2493 5234 ad
2555 5192 2712 5233 usum
2763 5186 2955 5232 cuncta
3009 5175 3331 5244 subjaceut,
3396 5172 3522 5226 dum
3574 5169 3647 5227 ad

2064 5286 2247 5332 votum
2271 5273 2527 5330 velociter
2547 5272 2696 5340 jussa
2724 5270 3082 5339 complentur,
3120 5268 3249 5323 dum
3301 5278 3490 5321 omnes
3515 5264 3648 5321 sub-

2066 5372 2161 5427 diti
2192 5371 2240 5426 si
2273 5383 2376 5439 qua
2404 5369 2542 5424 bene
2580 5373 2729 5437 gesta
2775 5374 2900 5420 sunt
2946 5362 3190 5417 laudibus
3233 5358 3481 5424 silerent,
3503 5357 3647 5416 male

2069 5465 2232 5535 gestis
2279 5470 2455 5516 autem
2516 5458 2663 5513 nulla
2715 5455 3031 5511 auctoritate
3076 5449 3481 5515 contradicunt,
3512 5448 3646 5506 dum

2070 5560 2384 5629 plerumque
2410 5551 2628 5606 laudant
2651 5548 2811 5601 etiam
2832 5543 2975 5612 quod
2997 5540 3283 5610 objurgare
3311 5540 3645 5610 debuerunt,

2076 5702 2297 5757 Domino
2318 5692 2618 5750 observandi
2635 5707 2652 5753 ;
2672 5699 2726 5743 et
2744 5687 2812 5742 ad
2856 5698 3052 5754 marg.,
3082 5670 3404 5738 obsecrandi.
3432 5679 3650 5739 Uttan.

2075 5788 2181 5844 que
2208 5773 2331 5844 l_ect.
2363 5766 2524 5844 habet
2548 5761 2703 5844 μου).
2769 5830 2779 5841 ι
2842 5842 2848 5844 Α
2918 5833 2953 5844 Δ.
3612 5768 3620 5777 ς

2149 5841 2173 5879 ἀ
2205 5841 2435 5901 Turon.,
2454 5841 2503 5887 et
2523 5834 2647 5886 dum
2667 5830 2779 5885 usui
2807 5833 3008 5883 cuncta.
