4004 6350
443 319 547 376 575
618 332 625 337 ’

1653 321 1893 381 SANCTI
1938 321 2266 380 GREGORH
2305 323 2517 380 MAGNI

3617 333 3719 394 576

444 433 697 491 seductus
720 434 787 489 ab
809 434 894 490 bis
925 443 952 473 ι
981 446 1099 504 qua:
1129 432 1267 489 infra
1291 432 1609 501 subdantur,
1638 449 1799 519 super
1828 450 1887 489 se
1913 434 2029 489 ani-
2055 438 2105 497 Α
2136 449 2257 488 men
2289 436 2618 504 corrigendis
2644 436 2867 493 aliorum
2896 437 3036 494 vitiis
3058 446 3179 509 apta
3209 444 3551 500 exsecutione
3576 460 3721 516 pre-

444 542 564 583 mus
586 526 820 595 tollitur;
856 535 907 581 et
932 526 1055 581 dum
1084 526 1217 581 foris
1260 527 1523 582 immenso
1567 527 1751 582 favore
1797 526 2029 582 circum-

441 624 619 688 datur,
652 623 794 677 intus
825 621 1048 676 veritate
1078 630 1367 687 vacuatur;
1395 630 1557 691 atque
1593 622 1794 676 oblitus
1824 620 1941 690 sui,
1974 621 2027 674 in

438 731 605 771 voces
635 730 695 771 se
721 715 922 785 spargit
943 714 1180 779 alienas;
1216 704 1483 784 talemque
1512 729 1570 768 se
1593 714 1783 783 credit,
1815 716 2027 784 qualem

437 792 567 863 foris
617 807 806 871 audit,
861 822 966 859 non
1015 806 1226 876 qualem
1274 806 1418 861 intus
1466 806 1775 862 discernere
1805 807 2021 871 debuit;

436 898 709 967 subjectos
754 886 1031 965 'desuicit,
1102 912 1307 967 eosque
1360 898 1592 965 aequales
1655 897 1757 950 sibi
1823 908 2027 952 natura:

433 991 633 1061 ordine
654 1007 759 1047 non
793 997 1068 1062 agnoscit;
1101 1002 1156 1047 et
1183 1008 1317 1063 quos
1345 1004 1490 1048 sorte
1535 994 1811 1061 potestatis
1840 1007 2028 1047 exces-

434 1084 602 1143 serit,
649 1083 1045 1139 transcendisse
1094 1100 1153 1138 se
1205 1086 1364 1139 etiam
1416 1086 1536 1140 vita:
1568 1084 1773 1145 meritis
1820 1084 2025 1151 credit;

432 1174 641 1227 cunctis
670 1188 729 1229 se
775 1177 1010 1229 aestimat
1047 1176 1274 1245 amplius
1306 1192 1518 1245 sapere,
1554 1178 1745 1248 quibus
1794 1193 1853 1232 se
1882 1177 2026 1233 videt

432 1267 662 1333 amplius
713 1283 890 1335 posse.
922 1269 979 1323 In
1013 1270 1243 1339 quodam
1274 1272 1468 1340 quippe
1497 1287 1555 1326 se
1605 1271 1879 1326 constituit
1910 1272 2026 1326 cul-

432 1363 578 1417 mine
645 1363 785 1429 apud
840 1364 1219 1432 semetipsum;
1251 1374 1303 1418 et
1344 1365 1433 1433 qui
1476 1380 1624 1433 aqua
1664 1365 1876 1420 caeteris
1926 1379 2022 1418 na-

430 1465 563 1507 tura:
644 1455 951 1510 conditione
1015 1457 1427 1526 constringitur,
1466 1438 1469 1447 ’
1509 1457 1673 1528 833
1734 1471 1797 1511 ex
1870 1471 2025 1524 mquo

404 1548 700 1629 ’respicere
731 1556 954 1602 caeteros
984 1547 1334 1617 dedignatur;
1381 1548 1564 1618 sicque
1602 1564 1769 1618 usque
1810 1547 1876 1601 ad
1906 1547 2023 1617 ejus

429 1638 828 1693 similitudinem
852 1639 1061 1693 ducitur
1081 1639 1147 1694 de
1172 1655 1277 1709 quo
1298 1641 1556 1708 scriptum
1589 1651 1671 1695 est
1700 1659 1713 1693 :
1748 1640 1911 1693 Omne
1944 1656 2022 1693 su-

430 1732 582 1785 blime
604 1732 757 1797 videt,
780 1740 826 1786 et
855 1733 963 1801 ipse
992 1742 1065 1787 est
1092 1749 1184 1787 rex
1203 1750 1357 1798 super
1379 1734 1642 1787 universos
1663 1732 1799 1801 ﬁlios
1838 1748 2022 1796 super-

2130 536 2366 598 paratur.
2402 529 2552 585 Unde
2580 541 2633 585 et
2673 538 2766 602 per
2795 532 3012 588 Paulum
3049 536 3243 588 dicitur
3275 553 3287 590 :
3325 536 3557 593 Minister
3585 542 3724 596 enim

2130 621 2229 675 Dei
2257 633 2351 689 est,
2385 624 2568 677 vindex
2588 626 2640 677 in
2667 627 2797 678 iram
2843 627 2888 679 ei
2908 628 2995 698 qui
3024 628 3215 681 malum
3241 630 3348 701 agit
3388 630 3564 701 (liam.
3597 650 3721 702 xm,

2129 711 2207 781 4).
2235 710 2377 783 [Vet.
2409 712 2627 786 XXII.)
2669 714 2803 769 Cum
2834 732 2961 787 ergo
2993 723 3247 790 potentia:
3277 725 3588 790 temporalis
3616 724 3723 781 mi-

2104 794 2407 859 ‘nisterium
2438 808 2749 875 suscipitur,
2783 824 2987 863 summa
3020 825 3148 866 cura
3177 812 3502 882 vigilandum
3531 827 3633 880 est,
3664 827 3725 871 ut

2129 896 2263 949 sciat
2293 896 2515 965 quisque
2547 906 2603 953 ei.
2646 913 2859 954 sumere
2887 916 2950 955 ex
2980 918 3042 958 ea
3072 905 3213 972 quod
3240 906 3483 977 adjusat,
3520 919 3575 962 et
3622 924 3722 963 ex-

2129 1001 2366 1056 pugnare
2387 990 2528 1057 quod
2569 999 2769 1067 tentat;
2801 1002 2856 1047 et
2889 997 3149 1063 aequalem
3191 1011 3252 1053 se
3303 1013 3424 1053 cum
3452 1000 3534 1054 illa
3563 1011 3721 1056 caete-

2130 1078 2204 1131 ris
2240 1092 2481 1143 cernere,
2515 1088 2571 1132 et
2610 1090 2785 1136 tamen
2835 1098 2893 1137 se
2951 1087 3291 1151 peccantibus
3340 1092 3457 1145 zelo
3504 1092 3726 1147 ultionis
3796 1154 3813 1167 χ

2130 1170 2405 1240 ρι’ςιεῒθττε.
2441 1172 2610 1239 Quam
2655 1173 3033 1232 discretionem
3066 1180 3273 1249 plenius
3324 1188 3721 1253 cognoScimus,

2128 1261 2173 1314 si
2213 1261 2370 1314 etiam
2405 1265 2684 1329 potestatis
2713 1266 3091 1324 ecclesiaStica:
3120 1274 3368 1342 exempla
3413 1291 3719 1332 cernamus.

2128 1347 2317 1405 Petrus
2360 1367 2611 1421 namque,
2645 1367 2863 1411 attetore
2897 1358 3005 1412 Duo
3030 1402 3044 1425 ,
3076 1361 3331 1416 Ecclesiae.
3364 1367 3722 1435 principatum

2129 1449 2319 1497 tenens
2348 1458 2377 1495 a
2412 1445 2548 1500 bene
2578 1456 2769 1516 agente
2799 1449 3072 1517 Cornelio,
3102 1464 3155 1506 et
3186 1468 3306 1509 sese
3350 1457 3397 1510 ei
3449 1457 3725 1515 humiliter

2126 1545 2519 1603 prosternente,
2550 1537 2954 1595 immoderatius
2977 1546 3218 1598 venerari
3243 1551 3528 1614 recusavit,
3555 1566 3725 1619 seque

2126 1626 2202 1679 illi
2234 1627 2460 1683 similem
2489 1633 2813 1699 recognovit,
2862 1633 3046 1690 dicens
3074 1654 3088 1690 :
3120 1637 3316 1709 Surge,
3351 1656 3413 1694 ne
3443 1640 3641 1709 feceris,
3672 1654 3725 1699 et

2125 1736 2217 1792 ego
2245 1722 2357 1791 ipse
2385 1723 2536 1777 homo
2563 1741 2676 1777 sum
2715 1725 2854 1798 (Act.
2889 1744 2942 1793 x,
2972 1728 3085 1798 26).
3117 1731 3225 1786 Sed
3266 1748 3384 1786 cum
3418 1735 3639 1789 Ananiae
3667 1744 3724 1792 et

432 1822 687 1893 Μιαροῦ.
711 1840 818 1887 xu,
847 1822 961 1892 25).
990 1822 1055 1877 Et
1077 1823 1144 1877 de
1173 1823 1326 1893 cujus
1348 1838 1571 1893 corpore
1592 1824 1785 1877 dicitur
1810 1840 1823 1876 :
1858 1821 2020 1877 Gene-
2052 1819 2100 1879 B
2129 1812 2409 1881 ὃθρρίιὶηε
2437 1815 2647 1884 culpam
2681 1820 2902 1882 reperit,
2932 1836 3055 1873 mox
3088 1832 3281 1888 quanta
3308 1839 3469 1893 super
3494 1837 3723 1883 caeteros

428 1917 561 1969 ratio
599 1919 744 1987 cujus
800 1916 985 1970 excelsi
1033 1925 1150 1970 sunt
1209 1916 1367 1982 oculi,
1397 1926 1442 1969 et
1490 1917 1744 1985 palpebra:
1814 1918 1923 1987 ejus
1970 1917 2024 1970 in

427 2014 533 2064 alta
564 2019 805 2064 surrectie
847 2009 1046 2079 (Prov.
1097 2026 1225 2079 xxx,
1259 2010 1388 2080 1'5).
1440 2008 1520 2064 At:
1552 2009 1669 2080 ejus
1716 2009 2023 2064 similitudi-

426 2117 550 2157 nem
590 2102 824 2168 ducitur,
849 2102 939 2171 qui
992 2103 1263 2173 s‘ngulare
1311 2102 1519 2155 culmen
1553 2110 1830 2169 appetens,
1857 2109 1911 2155 et
1940 2115 2021 2154 so-

426 2194 617 2250 cialem
664 2193 973 2264 angelorum
1024 2194 1186 2247 vitam
1238 2191 1579 2259 despiciens,
1623 2193 1696 2246 ait
1753 2209 1767 2246 :
1824 2193 2019 2245 Ascen-

330 2288 337 2295 '
425 2288 547 2341 dam
598 2303 750 2357 super
808 2285 1132 2353 altitudinem
1193 2274 1447 2349 nubium;
1496 2284 1676 2337 similis
1734 2300 1820 2337 ero
1874 2272 2020 2337 altis;

424 2382 559 2435 simo
584 2378 738 2449 (Isai.
774 2395 880 2443 xtv,
910 2378 1020 2447 Li).
1050 2378 1185 2433 Miro
1232 2392 1360 2459 ergo
1390 2376 1593 2445 judicio
1624 2380 1767 2431 intus
1810 2376 2015 2431 foveam
2056 2402 2063 2407 -

426 2471 745 2541 dejectionis
768 2472 991 2535 invenit,
1014 2470 1141 2525 dum
1162 2469 1290 2524 foris
1311 2485 1369 2524 se
1397 2470 1447 2523 in
1474 2470 1711 2525 culmine
1738 2473 2017 2536 potestatis

428 2562 661 2617 extollit.
696 2562 968 2645 Apostatat
989 2562 1184 2630 quippe
1205 2560 1397 2629 angelo
1410 2558 1600 2613 similis
1623 2562 1874 2625 eilicitur,
1890 2563 2014 2615 dum

422 2654 589 2710 homo
623 2653 928 2707 hominibus
970 2668 1093 2707 esse
1141 2652 1331 2707 similis
1370 2652 1707 2721 dedignatur.
1752 2652 1842 2708 Sic
1888 2653 2014 2708 Saul

422 2745 493 2800 ab
526 2743 845 2799 humilitatis
869 2743 1064 2797 merito
1092 2742 1144 2795 in
1177 2732 1438 2796 tutn'orom
1479 2742 1743 2812 superbiae
1774 2744 2017 2800 eulmine

421 2836 706 2908 potestatis
729 2834 982 2891 excrevit.
1016 2835 1119 2889 Per
1148 2834 1501 2889 humilitatem
1544 2836 1739 2906 quippe
1764 2837 2017 2906 pra-latus

421 2939 505 2985 est
533 2946 629 3001 per
658 2931 962 2999 sttperhiam
995 2930 1339 3000 reprobatus,
1365 2931 1589 2985 Domino
1614 2942 1903 2986 attestante
1925 2934 2013 3001 qui

421 3025 499 3081 ait
527 3041 542 3078 :
575 3024 766 3079 Nonne
795 3041 909 3078 cum
932 3041 1064 3079 esses
1093 3024 1342 3095 parvulus
1364 3028 1415 3079 in
1448 3026 1610 3079 oculis
1636 3027 1764 3090 tuis,
1792 3037 1946 3095 caput
1970 3039 2017 3080 te

420 3118 664 3173 constitui
684 3117 737 3171 in
764 3118 989 3171 tribubus
1014 3117 1182 3172 Israel
1204 3118 1264 3191 (Ι
1295 3119 1421 3192 Reg.
1446 3136 1532 3183 xv,
1560 3120 1623 3173 17
1642 3118 1696 3188 )‘l
1726 3121 2011 3174 Parvulum
2048 3184 2049 3191 κ

2129 1908 2364 1976 p0tentia
2398 1911 2729 1965 excrevisset
2758 1913 2993 1967 ostendit
3019 1914 3154 1983 (act.
3186 1932 3240 1983 ν,
3274 1915 3327 1987 5,
3360 1920 3512 1988 seq.).
3544 1921 3724 1978 Verbo

2128 2000 2269 2054 enim
2292 2014 2475 2054 eorum
2500 2002 2662 2056 vitam
2688 2006 2933 2071 perculit,
2960 2022 3118 2073 quant
3140 2009 3325 2077 spiritu
3350 2000 3722 2079 perscrutantc

2127 2092 2514 2159 deprehendit;
2549 2104 2604 2148 et
2632 2100 2900 2149 sumn‘tum
2932 2110 2991 2151 se
3041 2101 3175 2151 intra
3210 2099 3499 2155 Ecclesiam
3531 2116 3722 2163 contra

2126 2192 2342 2253 peccata
2390 2185 2640 2248 recoluit,
2674 2188 2836 2256 quod,
2871 2188 3075 2242 honore
3103 2172 3201 2244 sibi
3238 2193 3583 2249 vehementer
3614 2195 3719 2249 iiu-

2126 2292 2314 2344 penso,
2346 2294 2525 2333 coram
2554 2280 2690 2334 bene
2713 2282 2994 2351 agentibus
3023 2284 3275 2340 fratribus
3322 2302 3426 2341 non
3478 2293 3718 2359 agnovit.

2122 2369 2237 2424 Illic
2265 2373 2695 2426 communionem
2726 2374 3044 2443 wqualitatis
3091 2380 3286 2433 meruit
3332 2385 3589 2437 sanctitas
3629 2399 3719 2439 ac-

2124 2465 2281 2519 tionis
2302 2506 2316 2529 ,
2341 2465 2514 2538 835
2544 2468 2628 2522 hic
2652 2468 2798 2523 zelus
2831 2471 3046 2525 ulti'mis
3073 2470 3100 2511 δ
3125 2474 3210 2541 jus
3238 2477 3448 2543 aperuit
3476 2488 3717 2547 potesta—

2122 2556 2212 2621 tis,
2248 2559 2442 2612 Paulus
2472 2563 2605 2614 bene
2631 2564 2910 2631 agentibus
2932 2563 3183 2619 fratribus
3210 2568 3483 2635 praelatutu
3513 2586 3570 2625 se
3593 2585 3717 2625 esse

2124 2648 2428 2713 nesciebat,
2460 2665 2580 2703 cum
2610 2651 2810 2706 diceret
2844 2671 2857 2706 :
2894 2653 3014 2708 Non
3061 2658 3183 2727 quia
3227 2659 3552 2713 dominamur
3593 2663 3716 2727 ﬁdei

2120 2753 2316 2806 vestrm,
2339 2745 2428 2797 sed
2448 2745 2712 2816 adjutores
2734 2763 2908 2801 sunms
2929 2751 3107 2821 gaudii
3124 2754 3274 2805 vestri
3296 2751 3378 2821 (II
3405 2751 3525 2811 Cor.
3544 2754 3713 2828 1,25).

2121 2838 2296 2901 Atque
2319 2836 2460 2890 illico
2487 2838 2729 2905 adjuuxit
2755 2858 2768 2893 :
2793 2837 2928 2913 Fide
2954 2844 3087 2896 enim
3108 2847 3272 2899 statis.
3301 2850 3376 2900 Ac
3397 2849 3443 2900 si
3466 2847 3670 2904 diceret
3695 2868 3709 2905 :

2119 2922 2246 2979 Ideo
2278 2943 2381 2981 non
2412 2928 2749 2983 dominamur
2778 2928 2900 2987 lintei
2949 2944 3165 2999 vestrae,
3214 2936 3339 3005 quia
3392 2938 3494 2991 fide
3533 2940 3711 2994 statis.
3768 2976 3771 2981 ι

2121 3014 2381 3083 ᾹὶηιιιιΙθς
2409 3020 2550 3073 enim
2583 3020 2733 3074 vobis
2764 3036 2977 3088 sumus,
3012 3024 3097 3078 tibi
3124 3042 3219 3079 vos
3248 3038 3389 3082 stare
3433 3032 3716 3099 cognosci-

2120 3123 2261 3162 mus.
2296 3109 2458 3175 Quasi
2515 3114 2789 3180 praelatum
2837 3130 2896 3169 se
2946 3116 3196 3172 ft'atribus
3242 3134 3362 3173 esse
3415 3121 3710 3192 nesciebat,

419 3227 480 3269 se
503 3221 630 3267 ante
658 3221 974 3281 potestatem
1008 3211 1233 3283 viderat,
1268 3214 1384 3280 sed,
1417 3213 1581 3268 fultus
1605 3216 1887 3283 temporali
1917 3231 2009 3285 po-
2039 3215 2087 3281 ο
2120 3214 2240 3255 cum
2273 3202 2512 3256 diceret:
2550 3200 2701 3256 Facti
2725 3222 2898 3259 sumus
2936 3209 3137 3275 parvuli
3177 3210 3230 3262 in
3278 3210 3441 3263 medio
3490 3210 3729 3266 vestrum‘

420 3306 610 3369 tentia,
655 3303 769 3374 jam
816 3320 873 3359 se
922 3306 1201 3374 parvulum
1252 3321 1359 3362 non
1409 3307 1644 3363 videbat.
1676 3308 2006 3363 Caeterorum

419 3412 653 3468 namque
708 3398 1107 3467 comparatione
1158 3413 1218 3451 se
1265 3400 1588 3468 prteferens,
1640 3415 1887 3470 magnum
1950 3417 2010 3457 se

421 3488 563 3558 apud
593 3502 652 3542 se
683 3502 803 3543 esse
828 3488 1123 3559 judicabat.
1147 3489 1279 3543 Miro
1301 3501 1476 3545 autem
1508 3491 1667 3546 modo
1701 3508 1821 3546 cum
1866 3482 2009 3563 apud

419 3596 481 3635 se
512 3582 783 3650 parvulus,
810 3581 947 3650 apud
978 3582 1259 3636 Dominum
1286 3598 1542 3653 magnus;
1575 3599 1695 3637 cum
1722 3599 1849 3638 vero
1870 3586 2009 3653 apud

419 3690 482 3730 se
512 3675 911 3746 ntaguus,apud
939 3675 1221 3730 Dominum
1242 3678 1494 3752 parvulus
1525 3677 1637 3732 fuit.
1665 3679 1882 3748 Magnos
1913 3694 2011 3735 nos

420 3770 682 3824 Dominus
704 3772 843 3838 apud
885 3785 983 3824 nos
1011 3786 1132 3825 esse
1161 3771 1409 3839 prohibet
1438 3788 1534 3841 per
1578 3774 1891 3842 prophetam
1923 3774 2007 3827 di-

417 3876 548 3916 cens
579 3880 589 3912 :
630 3861 716 3915 Vae
740 3862 829 3933 qui
849 3864 1099 3933 sapientes
1128 3862 1246 3916 estis
1275 3866 1328 3916 in
1354 3866 1513 3918 oculis
1542 3866 1741 3927 vestris,
1763 3876 2008 3919 et‘coram

421 3940 790 4025 nobismetipsis
812 3957 1089 4026 prudentes
1121 3953 1274 4025 (Isai.
1307 3972 1356 4021 v,
1381 3955 1498 4023 2|).
1540 3956 1619 4011 Ne
1657 3959 1831 4027 magni
1868 3958 2010 4026 apud

417 4062 519 4100 nos
543 4062 665 4103 esse
704 4047 1017 4111 debeamus,
1050 4046 1245 4101 Paulus
1294 4049 1611 4113 admonens,
1646 4049 1722 4102 ait
1767 4066 1781 4102 :
1830 4049 2010 4104 Nolite

414 4139 694 4209 prudentes
723 4154 831 4192 esse
861 4138 999 4205 apud
1022 4140 1351 4210 vosmetipsos
1373 4139 1563 4207 (Rom.
1593 4155 1689 4206 xtt,
1723 4140 1843 4211 15).
1892 4142 2008 4197 Ple-

416 4245 646 4301 rumque
672 4246 802 4301 ergo
829 4230 958 4285 dum
982 4247 1048 4285 ex
1089 4232 1451 4300 subjectorum
1481 4231 1756 4287 afﬂuentia
1798 4234 2007 4289 animus

415 4324 654 4388 inﬂatur,
680 4325 732 4377 in
790 4323 972 4377 luxum
1004 4324 1269 4389 superbia:
1321 4326 1442 4393 ipso
1492 4327 1746 4395 potentiae
1792 4326 2006 4398 fastigio

415 4418 757 4473 lenocinante
770 4415 1150 4485 corrumpitur.

490 4509 581 4565 45.
616 4508 866 4580 Legitinui
892 4517 1115 4575 potestas
1141 4524 1199 4562 ea
1227 4518 1320 4571 est,
1350 4524 1467 4577 qua:
1492 4525 1646 4577 super
1676 4510 1873 4577 culpas,
1904 4527 2006 4565 non

2117 3289 2169 3364 (Ι
2199 3292 2376 3347 Thess.
2403 3310 2459 3359 ιι,
2486 3296 2559 3365 7).
2577 3305 2651 3361 et,
2680 3296 2791 3351 Nos
2812 3309 2979 3352 autem
3010 3316 3177 3355 servos
3202 3311 3389 3357 vestros
3414 3318 3505 3371 per
3532 3304 3716 3361 Jesum

2118 3381 2379 3439 Christum
2416 3386 2496 3457 (Il
2534 3387 2656 3442 Cor.
2692 3405 2763 3455 tv,
2803 3391 2880 3459 5).
2902 3392 3019 3451 .Sed
3053 3409 3173 3447 cum
3204 3395 3412 3463 culpam
3440 3411 3559 3466 qua:
3586 3412 3712 3451 cor-

2118 3479 2217 3549 rigi
2249 3479 2524 3536 debuisset
2555 3484 2776 3552 invenit,
2808 3486 2950 3539 illico
2977 3490 3289 3559 magistrum
3319 3505 3378 3545 se
3405 3505 3526 3546 esse
3555 3507 3712 3547 reco-

2116 3572 2252 3630 luit.
2295 3573 2480 3628 dicens
2529 3593 2541 3629 :
2591 3575 2726 3639 Quid
2762 3578 2961 3632 vultis?
3001 3580 3052 3631 in
3093 3582 3236 3652 virga
3281 3583 3478 3635 veniam
3514 3585 3584 3636 ad
3627 3600 3712 3639 vos

2088 3662 2173 3736 ,(1
2201 3664 2321 3718 Cor.
2351 3682 2423 3731 tv,
2456 3664 2545 3743 ﬁ)?

2187 3755 2279 3812 46.
2331 3757 2550 3812 Prmlati
2598 3761 2721 3813 dunt
2768 3762 2947 3829 culpas
2989 3763 3208 3833 puniunt
3240 3765 3365 3833 jure
3413 3769 3708 3837 potestatis,

2114 3852 2333 3918 wquales
2357 3868 2410 3906 se
2439 3853 2501 3905 iis
2522 3848 2609 3921 qui
2639 3855 2965 3923 corriguntur
2984 3867 3259 3925 agnoscant
3285 3874 3374 3924 per
3404 3859 3713 3915 humilitatis
3786 3868 3793 3879 ‘

2114 3946 2421 4000 custodiam.
2463 3946 2598 4017 Ipsis
2637 3950 2788 4000 etiam
2820 3965 2871 4001 se
2908 3959 3233 4019 postponam,
3264 3967 3443 4021 quare.
3465 3952 3712 4007 —-Sum-

2115 4052 2235 4093 mus
2262 4037 2441 4108 itaque
2469 4037 2617 4092 locus
2647 4038 2780 4094 bene
2805 4042 3022 4109 regitur,
3058 4056 3180 4095 cum
3210 4043 3253 4095 is
3282 4044 3372 4111 qui
3406 4054 3600 4112 prmest
3629 4046 3711 4099 vi-

2115 4132 2204 4188 tiis
2233 4133 2405 4201 potius
2426 4148 2584 4202 quam
2619 4133 2871 4189 fratribus
2901 4135 3225 4191 dominatur.
3259 4137 3491 4191 Cunctos
3514 4140 3712 4208 quippe

2114 4237 2304 4282 natura
2338 4229 2571 4295 aequales
2601 4228 2821 4298 genuit;
2857 4240 2910 4282 ut
2949 4243 3126 4285 autem
3160 4231 3251 4285 alii
3297 4232 3364 4285 ad
3411 4234 3709 4304 regendum

2113 4318 2233 4374 aliis
2262 4323 2699 4384 committantur,
2734 4336 2837 4374 non
2869 4337 2963 4377 eos
2993 4335 3203 4385 natura,
3235 4324 3327 4378 sed
3359 4328 3514 4395 culpa
3562 4339 3709 4395 post-

2113 4412 2282 4480 ponit.
2313 4410 2467 4465 Vttiis
2499 4427 2628 4483 ergo
2654 4429 2714 4468 se
2741 4415 2939 4470 debent
2965 4425 3204 4471 rectores
3224 4417 3451 4488 erigere,
3477 4436 3707 4487 quorum

2112 4515 2166 4561 et
2186 4520 2343 4560 causa
2374 4505 2763 4575 praeferuntur;
2791 4518 2844 4565 et
2873 4525 2994 4564 cum
3020 4510 3391 4579 delinquentes
3406 4516 3707 4586 corrigunt,

412 4618 564 4673 super
586 4602 816 4656 homines
836 4601 1067 4672 erigitur.
1095 4600 1155 4656 S.
1180 4599 1323 4655 Petri
1346 4602 1653 4673 exemplum,
1673 4612 1719 4655 et
1744 4602 1802 4656 S.
1829 4602 2005 4658 Pauli.
2036 4597 2092 4659 D
2115 4599 2342 4653 sollicite
2371 4600 2668 4667 attendant,
2702 4611 2757 4656 ut
2788 4618 2882 4671 per
2912 4604 3247 4688 disc‘plinam
3277 4608 3461 4677 culpas
3487 4609 3707 4677 quidem

414 4693 615 4753 —-Sed
647 4693 789 4747 aliud
819 4703 901 4748 est
929 4694 1178 4763 quaelibet
1208 4694 1344 4749 bona
1374 4709 1477 4749 non
1504 4709 1643 4760 esse,
1676 4696 1820 4750 aliud
1868 4696 2009 4751 bona

410 4786 553 4843 bene
585 4785 785 4841 habere
814 4786 1040 4841 nescire.
1087 4786 1229 4840 Bona
1280 4802 1510 4858 namque
1552 4799 1633 4842 est
1675 4788 1865 4843 ordine
1909 4805 2007 4845 suo

348 4888 349 4891 ‘
388 4881 676 4951 potentia,
706 4879 800 4934 sed
840 4889 993 4935 cauta
1023 4882 1258 4953 regentis
1289 4864 1487 4952 indiget
1514 4882 1639 4937 vita.
1674 4883 1839 4954 Igitur
1870 4884 2007 4939 bene

410 4974 554 5031 hanc
581 4981 815 5039 exercet,
845 4975 933 5042 qui
966 4982 1019 5028 et
1044 4977 1277 5031 retinere
1308 4976 1451 5030 illam
1482 4977 1711 5043 noverit,
1740 4985 1794 5031 et
1822 4975 2001 5045 impu-

407 5081 595 5138 gnare.
626 5066 771 5120 Bene
800 5064 936 5118 hanc
961 5074 1199 5132 exercet,
1244 5068 1331 5135 qui
1363 5067 1464 5120 scit
1509 5082 1602 5135 per
1652 5067 1793 5121 illam
1842 5081 2005 5136 super

413 5161 601 5229 culpas
625 5156 781 5230 erigi,
813 5164 869 5212 et
893 5159 992 5213 scit
1019 5174 1140 5213 cum
1173 5158 1259 5212 illa
1286 5160 1495 5214 caeteris
1521 5160 1823 5228 aequalitate
1850 5174 2002 5214 com-

409 5255 561 5325 poni.
586 5252 827 5308 llurnana
853 5251 996 5307 enim
1021 5266 1173 5305 mens
1196 5252 1509 5321 pigrumque
1528 5254 1819 5319 extollitur,
1843 5255 2001 5310 etiam

409 5359 535 5400 cum
579 5343 722 5400 nulla
756 5348 1027 5413 potestate.
1045 5342 1300 5409 fulcitur;
1332 5355 1532 5412 quanto
1560 5348 1729 5415 magis
1756 5347 1806 5400 in
1836 5348 2001 5402 altum

410 5453 473 5495 se
500 5439 678 5509 erigit,
707 5452 831 5493 cum
859 5452 920 5492 se
948 5438 1107 5492 etiam
1145 5437 1195 5493 ei
1237 5445 1472 5508 potestas
1521 5441 1799 5511 adjungit?
1831 5441 1896 5497 Et
1924 5450 2003 5497 ta-

484 5601 839 5675 '_l';diti,_quw
864 5602 1370 5675 Aintra_subduntur;
1411 5603 1551 5675 quod
1595 5604 1996 5659 etnendavimus

411 5686 478 5727 ex
533 5671 657 5725 Mss.
700 5672 935 5742 iLougip.
957 5714 970 5735 ,
1022 5672 1246 5728 Vindoc.
1269 5716 1284 5740 ,
1318 5671 1498 5730 Baltiz.
1521 5716 1537 5740 ,
1576 5677 1728 5732 Coll).
1750 5718 1763 5738 ,
1796 5678 1992 5731 l’ratel.

409 5743 638 5817 aliisque
669 5741 881 5817 Norm.,
914 5742 1059 5797 Gilot
1087 5753 1265 5817 tamen
1293 5746 1359 5800 ad
1393 5746 1687 5817 marginem
1720 5748 1993 5804 annutavit

410 5811 577 5882 infra,
606 5820 817 5868 retento
841 5814 894 5867 in
926 5822 1073 5869 testu
1096 5814 1254 5872 intra.

2108 4690 2232 4759 jure
2258 4692 2533 4760 potestatis
2566 4692 2786 4758 feriant,
2817 4695 2911 4750 sed
2943 4712 3039 4766 per
3068 4697 3380 4755 humilitatis
3404 4703 3706 4761 custodiam

2110 4786 2430 4861 aequalesse
2473 4786 2602 4855 ipsis
2648 4787 2903 4845 fratribus
2942 4800 2965 4828 ο
3014 4792 3107 4859 qui
3154 4794 3493 4866 corriguntur
3542 4812 3706 4867 agno-

2109 4888 2283 4944 scant,
2324 4877 2577 4945 Quamvis
2609 4879 2921 4950 plerumque
2948 4884 3111 4950 etiam
3139 4885 3354 4956 dignum
3393 4896 3476 4942 est
3502 4900 3559 4944 ut
3582 4907 3705 4946 eos-

2111 4967 2232 5024 dem
2262 4985 2398 5040 quos
2426 4971 2742 5040 corrigimus
2784 4976 2942 5029 tacita
2974 4978 3130 5032 nobis
3158 4981 3480 5051 cogitatione
3512 4987 3705 5054 prmiu-

2112 5075 2312 5117 ramus.
2375 5062 2589 5116 Illorum
2641 5079 2871 5135 namque
2925 5081 3020 5135 per
3075 5085 3175 5125 nos
3230 5073 3354 5127 vitia
3406 5074 3701 5144 disciplina:

2111 5150 2139 5191 ἀ
2167 5155 2348 5224 vigore
2376 5154 2667 5237 feriuntur;
2701 5158 2753 5211 in
2784 5157 2868 5212 bis
2889 5174 3016 5216 vero
3039 5178 3160 5231 quae
3190 5164 3289 5234 ipsi
3319 5168 3705 5225 committimus

2101 5263 2181 5307 .ne
2231 5248 2377 5303 verbi
2429 5248 2644 5317 quidem
2692 5250 2761 5304 ab
2804 5250 2984 5323 aliquo
3032 5255 3332 5311 invectione
3380 5257 3699 5313 lacerantur.

2112 5342 2285 5397 Tanto
2303 5358 2431 5413 ergo
2452 5343 2595 5413 apud
2621 5344 2902 5401 Dominum
2926 5349 3270 5419 obligatior-es
3301 5356 3489 5409 sumus
3503 5366 3701 5424 quanto

2088 5440 2251 5511 apud
2278 5440 2521 5497 homines
2541 5441 2708 5497 inulte
2729 5458 3034 5512 peccamus.
3065 5444 3207 5518 (Yet.
3240 5445 3497 5521 XXIII.)
3518 5449 3697 5505 'Disci-

2175 5616 2201 5644 ο
2230 5607 2438 5676 Baluz.,
2460 5609 2551 5678 jus
2578 5607 2840 5674 apparuit.

2178 5687 2201 5714 ο
2233 5679 2339 5743 AL,
2371 5695 2497 5743 quos
2524 5680 2804 5743 corrigunt.

2173 5744 2198 5823 ξι
2229 5748 2315 5823 Sic
2346 5749 2565 5823 Norm.,
2592 5744 2771 5804 Baluz.
2809 5758 2870 5823 et
2897 5749 2985 5805 alii
3035 5765 3171 5822 quos
3212 5761 3529 5823 sequuntur.
3574 5754 3683 5813 Vel.

2109 5818 2209 5876 Ed.
2238 5818 2295 5878 ln
2317 5830 2521 5877 recent.
2555 5822 2747 5891 legitur
2769 5821 2961 5890 vigore.
