4004 6350
1814 174 1819 181 η

254 246 338 301 377

994 231 1354 292 MORALIUM
1395 232 1525 288 LIB.
1567 230 1762 289 XXVI.
1802 258 1883 283 -η
1910 227 1977 286 ΙΝ
2014 228 2246 288 CAPUT
2286 227 2506 290 XXXIV
2547 229 2612 286 Β.
2650 227 2794 285 JOB.

3422 223 3527 284 378

255 363 385 435 plina
416 370 597 417 autem
626 362 812 413 nostra
855 350 1098 409 subditos
1126 358 1275 404 tanto
1302 346 1481 402 divino
1527 344 1728 416 judicio
1774 344 1839 399 li-
1942 340 2153 413 quidem
2183 343 2237 397 in
2256 343 2536 435 potentia,
2565 342 2660 397 sed
2698 347 2977 423 potentem
3007 353 3077 435 se.
3116 353 3239 398 esse
3282 340 3527 435 nescire;

255 456 485 512 beriores
510 452 705 515 reddit,
735 456 933 518 quanto
963 446 1052 499 hic
1076 458 1261 517 eorum
1292 440 1475 508 culpas
1499 440 1616 494 sine
1660 437 1837 492 vindi-

254 561 325 608 cta
357 564 465 603 non
495 546 717 602 deserit.
758 538 1030 597 Servanda
1061 537 1239 611 itaque
1262 545 1344 590 est
1374 534 1427 588 in
1457 531 1621 587 corde
1664 530 1837 585 humi-

255 644 388 710 litas,
412 651 470 696 et
500 641 554 694 in
582 650 745 707 apere
771 631 1074 701 disciplina.
1099 631 1275 699 Atque
1305 627 1445 681 inter
1475 624 1589 678 haec
1611 623 1838 678 solerter

254 735 585 799 intuendum,
617 746 684 785 ne
708 730 834 784 dum
878 723 1294 782 immoderatius
1325 718 1624 775 custoditur
1668 717 1839 771 virtus

255 830 588 893 humilitatis,
619 825 895 880 solvantur
928 820 1047 889 jura
1075 816 1377 887 regiminis;
1412 820 1468 868 et
1493 812 1617 866 dum
1650 810 1838 879 praela-

256 938 327 980 tus
357 924 590 991 quisque
617 920 739 989 plus
763 932 824 972 se
854 929 1010 982 quam
1061 911 1215 966 decet
1255 907 1454 976 dejicit,
1500 904 1837 987 subditorum

251 1016 403 1068 vitam
453 1010 723 1078 stringere
760 1006 859 1060 sub
888 1001 1188 1071 disciplinae
1240 998 1451 1054 vinculo
1492 1010 1597 1050 non
1645 994 1836 1063 possit.

250 1106 549 1163 Teneamus
579 1114 707 1170 ergo
746 1096 981 1153 exterius
1009 1094 1149 1163 quod
1194 1106 1291 1160 pro
1338 1087 1565 1142 aliorum
1611 1084 1839 1140 utilitite

246 1196 589 1265 suscipimus,
624 1202 901 1246 teneamus
931 1186 1156 1240 interius
1202 1181 1343 1251 quod
1372 1181 1441 1235 de
1469 1186 1651 1234 nostra
1690 1177 1838 1232 msti-

248 1289 482 1344 matione
511 1283 793 1349 sentimus.
844 1278 949 1334 Sed
1003 1284 1176 1329 tamen
1222 1274 1477 1329 decenter
1522 1269 1838 1341 quibusdam

243 1376 648 1447 erumpentibus
696 1373 863 1443 signis
906 1369 1035 1424 tales
1084 1382 1182 1422 nos
1228 1364 1370 1431 apud
1422 1377 1519 1418 nos
1573 1376 1692 1417 esse
1736 1361 1839 1431 ipsi

240 1476 394 1531 etiam
425 1469 521 1539 qui
554 1467 711 1523 nobis
740 1454 1013 1519 commissi
1041 1470 1167 1516 sunt.
1189 1475 1291 1514 non
1321 1459 1589 1529 ignorent,
1622 1468 1677 1511 ut
1700 1458 1838 1513 etde

238 1562 563 1618 auctoritate
595 1565 777 1610 nostra
806 1552 946 1623 quod
976 1550 1262 1605 formident
1287 1549 1526 1616 videant,
1559 1555 1615 1602 et
1642 1547 1707 1603 de
1736 1547 1837 1601 ltu-

236 1655 469 1712 militate
510 1648 656 1717 quod
704 1646 981 1701 imitentur
1025 1650 1338 1712 agnoscant.
1386 1642 1612 1702 Servata
1658 1647 1834 1695 autem

237 1744 567 1801 auctoritate
588 1738 884 1807 regiminis,
904 1736 969 1789 ad
999 1750 1094 1790 cur
1124 1743 1366 1790 nostrum
1396 1734 1515 1788 sine
1540 1735 1840 1788 cessatione
1870 1739 1917 1800 Β

239 1841 551 1905 redeamus,
567 1846 621 1891 et
635 1833 1040 1890 consideremus
1053 1830 1278 1884 assidue
1294 1829 1436 1899 quod
1455 1843 1640 1884 sumus
1661 1842 1843 1898 atqua-

244 1934 356 1990 liter
374 1946 510 1986 cum
544 1927 758 1982 catteris
783 1925 1003 1988 conditi,
1038 1936 1142 1976 non
1174 1922 1317 1992 quod
1351 1922 1712 2007 tetnpo‘raliter
1738 1936 1840 1976 ca:-

226 2026 361 2080 'teris
392 2020 636 2092 pmlali.
672 2019 913 2072 Potestas
941 2015 1084 2069 enim
1112 2022 1314 2084 quanto
1342 2014 1583 2068 exterius
1617 2012 1837 2080 eminet,
1884 2063 1891 2071 _

241 2128 381 2171 tanto
430 2113 611 2184 premi
646 2110 869 2164 interius
898 2107 1092 2171 debet,
1124 2123 1193 2161 ne
1238 2107 1613 2176 cogitationem
1643 2107 1841 2171 vincat,

237 2223 302 2263 ne
330 2207 386 2260 itt
439 2202 858 2259 delectationem
889 2198 969 2252 sui
999 2197 1234 2252 animum
1260 2199 1456 2265 rapiat,
1491 2213 1559 2253 ne
1602 2197 1713 2269 jam
1742 2199 1845 2252 sub

235 2316 293 2355 se
320 2313 483 2353 mens
505 2310 626 2351 eam
653 2307 840 2365 regere
864 2305 967 2346 non
998 2293 1184 2360 possit,
1217 2289 1302 2346 cui
1334 2305 1392 2346 se
1419 2290 1641 2345 libidine
1669 2290 1846 2345 domi-

237 2391 398 2446 nandi
424 2388 703 2457 supponit.

308 2485 401 2538 47.
438 2483 724 2536 Potestatis
764 2480 1025 2533 humiliter
1054 2477 1426 2551 administrata
1463 2473 1752 2544 exemplum
1791 2478 1847 2527 in

237 2576 435 2633 Dacid.
459 2603 526 2615 —
544 2574 690 2628 Bene
711 2571 871 2625 David
902 2570 1049 2642 regni
1076 2569 1363 2638 potentiam
1390 2583 1576 2638 regere
1602 2575 1846 2630 noverat,

238 2672 333 2743 qui
358 2670 653 2727 elationem
684 2664 924 2734 ejusdem
952 2664 1205 2732 potentia:
1226 2663 1569 2731 semetipsum
1606 2668 1850 2728 premen-

238 2764 311 2819 do
339 2762 612 2823 vincebat,
661 2758 847 2812 dicens
879 2773 893 2809 :
928 2755 1162 2820 Domine,
1197 2771 1297 2808 non
1328 2763 1400 2807 est
1439 2753 1720 2806 exaltatum
1765 2766 1852 2803 cor

238 2871 411 2909 meum
443 2849 623 2917 (Psal.
651 2864 790 2903 cus
821 2847 897 2912 if.
924 2846 1132 2915 Quippe
1160 2845 1210 2898 in
1244 2844 1358 2914 ejus
1386 2840 1701 2898 humilitatis
1725 2855 1854 2909 aug-

238 2957 492 3003 mentum
525 2940 803 3011 subjnnxit
837 2957 850 2993 :
881 2938 1059 3005 Neque
1085 2938 1208 3006 elati
1229 2945 1344 2991 sunt
1374 2936 1507 2990 oculi
1534 2937 1651 2989 mei.
1681 2935 1855 3003 Atque

240 3039 459 3094 addidit
490 3054 503 3087 :
540 3033 723 3102 Neque
750 3033 1005 3085 ambulavi
1037 3032 1089 3084 in
1120 3030 1345 3101 magnis.
1380 3030 1445 3083 Et
1478 3025 1652 3081 adhuc
1679 3025 1854 3081 subti-

1894 432 1897 435 ’
1940 435 2005 490 ad
2035 434 2303 504 largienda
2350 436 2486 489 bona
2518 443 2788 503 potentem
2818 448 2877 489 se
2901 430 3248 503 cognoscere,
3279 430 3307 469 (ι
3333 431 3402 488 ad
3441 448 3531 490 re-

1942 530 2220 596 pendenda
2252 531 2406 586 noxia
2438 547 2597 588 oume
2623 532 2767 602 quod
2817 540 3065 601 potenter
3091 530 3230 587 valet
3258 531 3524 601 ignorare.

1939 620 2107 677 Recte
2135 624 2315 693 itaque
2345 624 2413 679 de
2458 624 2650 680 talibus
2694 624 2932 701 dicitur;
2969 624 3106 679 Deus
3152 632 3379 695 potentes
3425 640 3531 678 non

1939 718 2140 791 objicit,
2170 735 2283 773 cum
2316 729 2366 775 et
2393 721 2503 787 ipse
2529 721 2594 774 sit
2636 726 2833 792 potens.
2880 719 3048 774 Deum
3095 719 3290 790 quippe
3331 717 3529 773 imitari

1941 810 2247 878 desiderat,
2300 812 2388 880 qui
2447 811 2715 882 fastigium
2766 816 3013 881 potentiae
3058 810 3246 867 alienis
3296 812 3530 865 intentus

1941 901 2285 968 utilitatibus,
2314 912 2371 958 et
2398 918 2503 958 non
2531 905 2641 957 suis
2671 903 2914 958 laudibus
2955 904 3125 957 elatus
3171 900 3525 966 administrat,

1941 994 2030 1066 qui
2063 992 2314 1064 praelatus
2348 996 2556 1067 caeteris
2588 994 2843 1064 prodesse
2869 995 3091 1066 appetit,
3131 1010 3236 1049 non
3274 1008 3526 1063 prmesse.

1942 1086 2192 1141 Tumoris
2221 1101 2452 1155 namque
2481 1087 2664 1153 elatio,
2692 1102 2795 1141 non
2827 1088 2960 1142 ordo
3000 1085 3276 1156 potestatis
3322 1086 3373 1140 iu
3420 1085 3530 1140 cri-

1942 1180 2087 1234 mine
2110 1188 2213 1234 est.
2241 1178 2541 1236 Potentiam
2569 1180 2709 1235 Deus
2740 1182 2941 1246 tribuit,
2969 1179 3252 1237 elationem
3279 1194 3408 1236 vero
3437 1195 3531 1248 po-

1942 1273 2125 1327 tentia:
2154 1272 2356 1327 malitia
2382 1283 2579 1329 nostra:
2612 1274 2804 1329 mentis
2831 1273 3056 1329 invenit.
3089 1272 3359 1328 'l‘ollamus
3402 1285 3529 1341 ergo

1942 1365 2084 1435 quod
2116 1364 2183 1421 de
2215 1373 2400 1418 nostro
2428 1366 2748 1421 contulimus
2768 1374 2870 1429 ,ει
2897 1366 3033 1421 bona
3081 1374 3209 1420 sunt
3254 1381 3370 1436 qua:
3420 1363 3529 1419 Deo

1943 1454 2205 1528 largiente
2244 1458 2598 1526 possidemus.
2649 1458 2780 1525 Quia
2829 1460 2971 1531 enim
3017 1473 3351 1529 nequaquam
3392 1457 3535 1527 justa

1943 1552 2202 1616 potentia,
2254 1550 2349 1605 sed
2398 1554 2538 1607 actio
2582 1568 2741 1623 prava
2786 1552 3100 1621 damnatur,
3145 1562 3267 1624 apte
3316 1551 3536 1622 subjun-

1942 1642 2081 1714 gitur
2110 1658 2124 1697 :
3072 1652 3085 1663 ‘

2334 1734 2557 1793 CAPUT
2598 1730 2790 1792 XXVII
2819 1736 2964 1810 meo.
2995 1736 3141 1811 XX].

2016 1826 2183 1882 Vsus.
2215 1827 2475 1893 6.—-Sed
2503 1844 2605 1883 non
2632 1831 2797 1884 salvat
2824 1831 3032 1899 impios,
3063 1839 3110 1885 et
3129 1829 3383 1901 judicium
3409 1845 3538 1901 pau-

1946 1923 2150 1992 peribus
2180 1924 2379 1979 tribuit.
3226 1998 3229 2001 Ἴ

2016 2015 2107 2072 49.
2148 2016 2289 2071 Deus
2345 2018 2607 2088 potestatis
2671 2019 2960 2091 superbiam
3021 2036 3126 2074 non
3186 2019 3539 2074 celsitudinem

1949 2110 2181 2164 damnat.
2204 2140 2274 2150 -—
2293 2109 2567 2181 Scriptura
2598 2126 2752 2166 sacra
2785 2112 3099 2181 plerumque
3130 2126 3411 2181 pauperes,
3444 2112 3541 2165 hu-

1950 2202 2104 2256 miles
2146 2216 2344 2256 vocare
2371 2203 2673 2257 consuevit.
2709 2203 2862 2259 Unde
2901 2206 2952 2257 in
2984 2202 3272 2272 Evangelio
3298 2217 3418 2257 cum
3448 2203 3541 2256 ad-

1944 2293 2181 2363 jectione
2230 2293 2450 2362 spiritus
2504 2294 2867 2361 nominantur,
2916 2282 3048 2349 dum
3100 2295 3340 2349 dicitur:
3393 2292 3543 2347 Beati

1952 2402 2196 2455 pauperes
2216 2386 2422 2456 spiritu,
2450 2388 2691 2456 quoniam
2720 2389 2950 2459 ipsorum
2971 2397 3041 2441 est
3064 2403 3275 2459 regnum
3306 2388 3544 2441 caelorum

1951 2477 2166 2552 (Matth.
2201 2494 2250 2543 v,
2283 2480 2362 2548 5).
2397 2487 2422 2515 ⁸
2447 2478 2579 2545 Quia
2602 2480 2742 2534 enim
2764 2479 2964 2534 divitia:
2994 2480 3273 2535 visibilitcr
3301 2487 3544 2549 potentes

1953 2571 2267 2637 ostendunt,
2294 2561 2431 2643 apud
2475 2573 2793 2645 semetipsos
2823 2587 3080 2643 pauperes
3112 2582 3258 2640 sunt,
3286 2574 3377 2643 qui
3422 2556 3545 2627 elati

1954 2681 2012 2721 tn
2043 2668 2153 2720 suis
2180 2666 2525 2721 eonscientiis
2549 2682 2652 2721 non
2676 2677 2821 2721 sunt.
2861 2667 2966 2720 Eos
2994 2681 3121 2721 vero
3148 2667 3340 2733 impios
3369 2674 3543 2733 vocat,

1956 2760 2047 2829 qui
2073 2768 2165 2813 aut
2193 2774 2224 2814 a
2249 2759 2375 2814 fidei
2407 2760 2604 2827 pietate
2632 2758 2882 2828 disjttncti
2912 2767 3054 2823 sunt,
3087 2764 3178 2812 aut
3201 2757 3253 2810 in
3281 2757 3381 2811 hoc
3402 2755 3544 2826 quod

1958 2850 2189 2906 fideliter
2218 2852 2445 2905 credunt
2487 2852 2661 2919 pravis
2712 2850 2813 2905 sibi
2866 2850 3104 2905 moribus
3152 2848 3544 2905 contradicunt.

1958 2944 2094 3013 Quia
2134 2960 2263 3014 ergo
2292 2944 2630 3013 omnipotens
2671 2944 2811 2998 Deus
2843 2942 3056 2997 malitize
3086 2942 3412 3011 superbiam,
3444 2957 3547 3000 non

1961 3037 2215 3108 patentia:
2242 3036 2611 3092 celsitudinem
2638 3036 2875 3101 damnat,
2899 3047 3179 3113 postquam
3201 3036 3399 3089 dictum
3424 3044 3509 3089 est
3533 3052 3548 3088 :
3640 3068 3643 3075 μ

241 3130 454 3187 lissima
484 3127 839 3193 semetipsum
865 3124 1206 3194 inquisitione
1235 3122 1550 3184 disCutiens,
1581 3122 1656 3173 ait
1690 3135 1705 3173 :
1740 3117 1849 3172 Ne-

1964 3128 2095 3184 Dcus
2124 3138 2351 3198 patentes
2393 3143 2496 3181 non
2522 3128 2721 3200 objicit,
2748 3145 2866 3182 cum
2891 3136 2937 3180 et
2959 3128 3067 3200 ipse
3091 3128 3157 3181 sis
3182 3136 3381 3197 potens,
3408 3135 3552 3182 recte

242 3241 345 3296 que
374 3224 431 3275 in
462 3218 782 3273 mirabilibus
807 3232 958 3285 super
985 3232 1088 3270 me.
1120 3215 1423 3282 Omnesque
1453 3214 1612 3268 etiam
1651 3212 1851 3282 cogita-

243 3319 431 3372 tiones
459 3327 588 3367 suas
608 3328 635 3364 a
667 3310 833 3365 fundo
857 3309 1034 3365 cordis
1060 3306 1404 3367 exltauriens,
1435 3306 1599 3378 835
1628 3303 1855 3375 subjun-

242 3410 347 3481 git,
374 3408 571 3462 dicens
600 3422 614 3457 :
646 3403 707 3458 Si
735 3420 835 3457 non
866 3399 1128 3455 humiliter
1166 3401 1441 3454 sentiebant
1470 3407 1495 3435 ⁸
1519 3398 1606 3451 sed
1636 3397 1855 3451 exaltavi

244 3504 486 3556 animam
515 3512 702 3551 meam.
733 3495 873 3550 Ecce
919 3492 1231 3547 humilitatis
1279 3491 1507 3545 hostiam
1553 3490 1620 3541 ab
1669 3490 1856 3541 intimo

245 3594 438 3651 cordis
455 3591 687 3646 oblatam
711 3588 905 3644 crebro
930 3587 1171 3657 replicat,
1195 3594 1248 3640 et
1269 3585 1460 3640 iterum
1483 3593 1642 3654 atque
1663 3581 1856 3636 iterum

246 3685 570 3744 Conmendo
597 3682 796 3737 ofTerre
835 3696 942 3734 non
988 3687 1195 3745 cessat;
1224 3691 1449 3747 eamque
1496 3672 1859 3741 multipliciter

246 3780 489 3848 loquens
527 3774 724 3845 judicis
768 3775 849 3827 sui
878 3764 1047 3827 oculis
1074 3780 1325 3827 ostentat.
1360 3769 1503 3837 Quid
1532 3777 1614 3824 est
1643 3767 1781 3821 hoc?
1806 3775 1862 3822 et

246 3868 534 3941 quomodo
565 3866 700 3920 istud
716 3862 1037 3919 sacrificium
1066 3863 1173 3918 Deo
1204 3862 1231 3901 δ
1268 3862 1481 3932 placere
1506 3868 1857 3931 cognoverat,

244 3960 405 4032 quod
427 3960 483 4012 in
502 3965 794 4025 conspectu
823 3956 939 4024 ejus
964 3965 1109 4008 tanta
1132 3955 1414 4009 iteratione
1436 3953 1583 4008 vocis
1606 3952 1857 4007 immola-

246 4054 373 4119 bat,
391 4051 498 4107 nisi
518 4050 659 4120 quod
684 4049 857 4104 vicina
880 4063 999 4103 esse
1021 4047 1269 4118 superbia
1293 4047 1601 4118 potentibus
1623 4046 1780 4112 solet,
1808 4055 1863 4101 et

248 4161 403 4219 pene
436 4158 659 4211 semper
683 4142 842 4196 rebus
886 4141 1230 4196 affluentibus
1259 4141 1420 4195 elatio
1448 4142 1704 4204 sociatur,
1738 4141 1861 4212 quia

248 4250 314 4295 et
340 4252 495 4307 scrape
545 4235 786 4289 humoris
817 4234 1140 4287 abundantia
1191 4232 1445 4287 duritiam
1478 4233 1568 4287 dat
1602 4234 1863 4288 tumoris?

332 4329 487 4406 [νει.
522 4324 662 4381 XXI
674 4326 765 4399 V.]
790 4326 881 4381 48.
914 4325 1057 4378 Rara
1080 4323 1387 4378 humilitatis
1417 4333 1464 4395 et
1489 4325 1747 4393 potestatis
1787 4342 1867 4379 δυο

252 4420 734 4481 delum—Mirum
766 4433 894 4476 vero
918 4419 1075 4474 valde
1098 4425 1181 4473 est
1226 4433 1348 4472 cum
1400 4419 1451 4471 in
1482 4418 1734 4472 cordibus
1771 4432 1863 4472 su-

1954 3223 2296 3294 subjungitur
2326 3240 2340 3276 :
2375 3222 2482 3279 Sed
2508 3240 2611 3277 non
2630 3221 2793 3277 salvat
2822 3223 3006 3294 impios
3028 3262 3042 3286 ,
3070 3235 3116 3276 et
3138 3222 3398 3294 judicium
3426 3236 3553 3287 pau~

1956 3317 2160 3391 peribus
2189 3318 2383 3371 tribuit.
2423 3317 2477 3371 Id
2520 3327 2624 3380 est,
2655 3318 2824 3371 elatos
2850 3317 3097 3381 destruit,
3147 3317 3378 3371 humiles
3421 3329 3552 3371 vero

1958 3426 2056 3480 per
2077 3410 2337 3478 judicium
2368 3410 2570 3465 liberos
2601 3410 2796 3466 reddit.
2833 3410 2923 3463 Vel
2954 3423 3099 3465 certe
3124 3409 3383 3479 judicium
3419 3424 3551 3477 pau-

1956 3502 2178 3571 peribus
2213 3501 2416 3563 tribuit,
2450 3502 2572 3570 quia
2607 3501 2661 3555 bi
2688 3502 2777 3571 qui
2804 3517 2946 3556 nunc
2974 3502 3218 3572 nequiter
3242 3501 3553 3570 opprimun-

1960 3605 2086 3663 tur,
2130 3596 2233 3664 ipsi
2280 3605 2405 3648 tunc
2439 3609 2602 3664 super
2645 3609 2996 3665 oppressores
3046 3602 3172 3650 suos
3211 3594 3418 3663 judices
3458 3608 3553 3648 ve-

1961 3688 2133 3745 niunt.

2034 3775 2127 3835 50.
2163 3775 2511 3846 Reproborum
2534 3777 2625 3830 alii
2638 3776 2964 3846 judicantur,
2989 3774 3082 3829 alii
3106 3792 3208 3829 non
3226 3774 3555 3848 judicantur.

1963 3898 2037 3911 -—
2057 3868 2186 3922 Duae
2208 3868 2406 3936 quippe
2431 3875 2555 3921 sunt
2581 3877 2780 3937 partes,
2813 3869 3103 3923 electorum
3130 3869 3355 3931 scilicet,
3395 3877 3554 3937 atque

1963 3960 2339 4029 reproborum.
2373 3959 2479 4016 Sed
2522 3959 2629 4014 bini
2662 3960 2878 4015 ordines
2918 3960 3118 4015 eisdem
3145 3960 3369 4030 singulis
3397 3961 3557 4029 parti-

1965 4054 2067 4110 bus
2096 4055 2461 4107 continentur.
2488 4053 2591 4108 Alii
2623 4069 2852 4124 namque
2874 4053 3181 4124 judicantur
3207 4064 3263 4109 et
3310 4064 3557 4122 pereunt,

1952 4148 2055 4213 ,alii
2087 4156 2191 4201 non
2218 4146 2528 4218 judicantur
2570 4160 2623 4202 et
2653 4157 2895 4216 pereunt.
2918 4147 3033 4219 ,Alii
3061 4146 3368 4217 judicantur
3394 4153 3449 4200 et
3475 4142 3581 4199 re-'

1966 4247 2155 4311 gnant,
2182 4239 2270 4292 alii
2304 4254 2407 4293 non
2433 4237 2743 4307 judicantur
2767 4248 2818 4293 et
2846 4239 3013 4310 836
3039 4247 3281 4306 regnant.
3313 4237 3561 4293 iudican-

1968 4341 2056 4386 tur
2084 4340 2138 4386 et
2180 4340 2406 4401 pereunt
2436 4331 2629 4400 quibus
2662 4329 2679 4368 τ
2712 4331 2984 4386 Dominica
3014 4331 3392 4387 inclamatione
3433 4331 3562 4387 αἰεὶ-

1970 4432 2058 4478 tur
2092 4441 2105 4476 :
2140 4421 2350 4477 Esurivi
2371 4469 2384 4490 ,
2419 4433 2465 4475 et
2497 4439 2600 4477 non
2628 4423 2839 4477 dedistis
2860 4424 2986 4477 mihi
3025 4426 3366 4488 manducare;
3411 4426 3563 4493 sitiui,

248 4517 516 4576 hlintium
546 4524 733 4587 regnat
774 4511 1048 4568 humilitas
1078 4524 1309 4567 morum.
1348 4510 1496 4567 Unde
1526 4511 1857 4579 pensandum
1893 4517 1946 4575 D
1971 4523 2019 4569 et
2045 4530 2145 4599 non
2174 4515 2387 4568 dedistis
2418 4513 2545 4567 mihi
2574 4524 2777 4583 potum;
2809 4514 2991 4581 hospes
3019 4532 3181 4580 erant,
3205 4525 3252 4568 et
3281 4532 3382 4568 non
3409 4516 3565 4571 colle-

250 4623 347 4671 est
376 4613 504 4681 quia
533 4618 781 4682 potentes
810 4610 1006 4679 quique
1034 4621 1156 4661 eum
1190 4605 1463 4660 humiliter
1498 4606 1732 4675 sapiunt,
1755 4604 1868 4660 cul-

252 4722 393 4764 men
418 4692 689 4759 extranea
713 4714 764 4757 et
783 4702 936 4772 quasi
960 4703 1114 4770 longe
1129 4698 1317 4770 posita:
1342 4698 1554 4753 virtutis
1575 4699 1866 4768 attingunt,

202 4780 215 4794 ’
258 4811 323 4859 et
367 4810 520 4855 recte
552 4799 652 4853 hac
694 4796 889 4851 virtute
939 4794 1221 4849 Dominum
1269 4780 1583 4863 quantocius
1632 4791 1868 4860 placant,

259 4910 392 4967 quia
431 4892 560 4947 illud
607 4889 656 4945 ei
690 4900 713 4928 ο
761 4887 1083 4944 sacrificium
1117 4886 1389 4941 humiliter
1433 4883 1683 4948 oﬂ'crunt,
1728 4884 1869 4954 quod

258 4993 524 5058 potentes
564 4983 802 5037 invenire
846 4978 933 5034 vix
972 4988 1216 5049 possunt.
1248 4977 1609 5033 Subtilissima
1640 4991 1871 5044 namque

216 5074 227 5083 ’
264 5095 358 5134 ars
394 5076 606 5132 vivendi
636 5084 719 5131 cst
744 5075 956 5130 culmen
983 5085 1183 5143 tenere,
1206 5072 1429 5144 gloriam
1450 5086 1727 5142 premere;
1749 5085 1871 5130 esse

230 5256 249 5281 "
340 5267 373 5296 ει
402 5258 631 5317 Turon.,
658 5256 705 5310 si
731 5252 975 5310 exaltari.

302 5328 373 5407 ,ι’
405 5327 841 5407 Εειιειιᾷδῌιυης
872 5326 1045 5379 locum
1086 5326 1355 5382 Jamezius
1380 5340 1445 5407 ea
1476 5326 1603 5407 Mss.
1633 5325 1871 5407 Anglicr,

266 5397 327 5456 iri
356 5400 553 5467 quibus
585 5399 744 5470 legit,
774 5398 976 5464 placere
1019 5413 1122 5451 non
1152 5406 1375 5470 noverat.
1410 5398 1464 5453 ltt
1496 5398 1627 5454 Mss.
1670 5397 1871 5452 nOStris

268 5473 472 5530 Nortn.
501 5480 553 5523 et
581 5468 805 5532 in'aliis,
837 5483 1047 5522 necnon
1079 5470 1131 5521 in
1165 5468 1402 5539 Vulgatis
1445 5478 1612 5524 veter.
1647 5478 1739 5522 aut
1787 5483 1875 5523 re-

268 5541 613 5601 centioribus
640 5539 1004 5595 cxstat‘lectio
1025 5554 1182 5606 quam
1213 5540 1578 5595 exhibuimus.

349 5626 378 5655 ε
423 5613 627 5669 Turon.
649 5652 666 5677 ,
696 5610 917 5675 Pratel.,
950 5610 1086 5667 Utic.
1129 5611 1439 5679 sacriﬁcium
1470 5619 1706 5672 patentes
1745 5610 1876 5679 οπε-

266 5697 425 5741 runt.
1416 5712 1417 5715 π

348 5762 381 5797 ά
410 5756 639 5827 Turou.,
666 5756 737 5811 ad
761 5754 1036 5823 repetenda
1062 5752 1238 5811 noxia.

814 6008 839 6024 ο

1970 4606 2116 4678 gistis
2146 4621 2256 4672 me;
2286 4607 2476 4669 nudus,
2502 4616 2548 4660 et
2570 4623 2670 4659 non
2692 4608 2963 4674 operuistis
2991 4623 3102 4674 me;
3134 4624 3267 4677 arger
3287 4619 3336 4661 et
3364 4608 3417 4661 in
3446 4625 3566 4662 car-

1974 4714 2109 4762 cere,
2138 4705 2182 4751 et
2208 4714 2312 4751 non
2342 4698 2583 4752 visitastis
2613 4713 2691 4751 me
2720 4697 2931 4768 (Matth.
2961 4715 3086 4767 xxv,
3113 4700 3201 4767 4‘2,
3223 4698 3337 4769 45).
3365 4701 3570 4769 Quibus

1975 4790 2346 4859 prmtuittitur:
2367 4788 2626 4843 Discedite
2646 4807 2679 4843 a
2708 4807 2805 4857 me,
2835 4793 3115 4860 maledicti,
3146 4793 3200 4847 in
3225 4794 3395 4867 ignem
3420 4805 3568 4848 (cter-

1974 4899 2119 4949 num,
2144 4882 2233 4954 qui
2257 4889 2467 4952 paratus
2489 4890 2563 4935 est
2582 4882 2785 4941 diabolo
2808 4893 2854 4936 et
2877 4885 3073 4954 angelis
3099 4887 3210 4958 ejus
3234 4885 3422 4957 (lbid.,
3449 4884 3563 4957 41).

1976 4975 2085 5032 Alii
2100 4991 2225 5031 vero
2246 4975 2298 5029 in
2316 4985 2562 5031 extremo
2580 4976 2780 5045 judicio
2802 4995 2906 5032 non
2925 4978 3233 5049 judicantur
3245 4989 3297 5033 et
3320 4985 3567 5048 pereunt,

1978 5069 2048 5126 de
2075 5069 2270 5139 quibus
2296 5068 2559 5141 Propheta
2586 5072 2659 5125 ait
2688 5089 2700 5126 :
2737 5083 2761 5118 κ
2793 5070 2915 5126 Νοη
2939 5080 3208 5142 resurgunt
3236 5071 3381 5138 impii
3405 5071 3458 5123 in
3477 5071 3568 5140 ju-

2050 5260 2074 5289 ο
2105 5250 2179 5304 Ita
2210 5265 2331 5306 cum
2361 5249 2568 5316 Baluz.,
2594 5249 2771 5315 Colb.,
2800 5250 3035 5319 Ebroic.,
3064 5265 3194 5317 etc.,
3226 5259 3437 5307 veteres
3464 5250 3566 5307 Ed.

1975 5322 2033 5378 in
2061 5337 2172 5394 rec.
2206 5323 2418 5394 legitur,
2451 5338 2577 5391 quos
2605 5326 2761 5376 enim.

2053 5392 2072 5432 ί
2106 5391 2393 5463 Sequimur
2438 5394 2639 5457 Baluz.,
2680 5393 2856 5458 Colb.,
2910 5391 3158 5454 Vindoc..
3202 5391 3339 5449 Utic.
3389 5402 3444 5449 et
3494 5394 3566 5449 al.

1976 5465 2129 5531 Mss.,
2166 5467 2339 5533 potius
2366 5480 2525 5532 quam
2556 5465 2742 5519 Editus
2772 5467 2825 5517 in
2866 5466 3059 5533 quibus
3080 5472 3276 5531 exstat,
3308 5465 3567 5521 dominica

1976 5553 2093 5592 noce
2121 5538 2174 5591 in
2192 5538 2539 5592 damnatione.

2051 5618 2077 5655 ς
2111 5607 2186 5662 Ita
2214 5608 2414 5679 laudati
2438 5607 2565 5660 Mss.
2600 5612 2653 5659 et
2679 5613 2783 5660 vet.
2819 5605 2943 5673 ω,
2975 5622 3005 5661 a
3028 5605 3219 5679 quibus
3253 5608 3567 5667 recedentes

1986 5689 2187 5738 recent.
2218 5678 2564 5754 praetulerunt
2592 5692 2692 5731 non
2717 5688 3000 5752 resurgent.
3024 5714 3029 5719 -
