4066 6348
460 792 495 807 ’

563 304 653 381 £79

1738 321 1985 382 SANCTl
2026 320 2351 377 GREGORII
2394 316 2610 377 MAGNI

3676 327 3767 385 380

561 426 688 492 iticlo
724 428 893 506 (Psal.
936 450 990 499 ι,
1024 418 1101 505 5).
1137 416 1203 489 Ei
1238 433 1307 490 de
1332 432 1520 502 quibus
1551 434 1807 488 Dominus
1832 432 1958 487 dicit
1986 449 1999 485 :
2034 430 2135 499 Qui
2160 416 2215 492 Α
2239 428 2593 509 praestantiori
2622 429 2889 486 desiderio
2927 428 3047 499 plus
3076 416 3329 483 exhibere
3354 430 3591 500 appetunt
3632 453 3769 506 quam

558 520 724 580 itidem
753 542 855 578 non
895 522 1074 591 credil,
1097 524 1211 595 jam
1228 526 1495 595 judicatus
1515 535 1587 578 est
1619 523 1793 593 (Joan.
1818 540 1895 587 tn,
1930 523 2039 593 18).
2074 522 2137 576 Et

560 614 625 672 de
651 616 842 686 quibus
882 614 1074 671 Paulus
1099 606 1171 671 aii
1202 635 1216 671 :
1246 610 1346 681 Qui
1372 617 1477 671 sine
1502 616 1609 685 lege
1637 616 1988 687 peccaverunt,
2031 618 2139 670 sine

561 706 671 778 lege
714 706 943 779 peribunt
988 702 1164 777 (Rom.
1196 723 1264 777 tt,
1297 708 1406 778 12).
1459 708 1762 778 Resurgnnt
1807 722 1933 777 ergo
1978 706 2137 762 etiam

561 798 749 856 umne's
775 798 1031 862 inﬁdeles,
1061 799 1152 855 sed
1178 801 1239 854 ad
1268 796 1612 866 tormentum,
1638 817 1742 856 non
1765 800 1830 856 ad
1856 798 2135 870 judicium.

563 890 676 946 Non
719 890 860 945 enim
908 890 1092 945 eorum
1134 886 1259 948 tunc
1296 906 1453 946 causa
1500 891 1815 957 discutitur,
1850 900 1876 929 ι
1906 888 2028 961 quia
2073 876 2139 945 ad

563 992 910 1050 conspectum
932 978 1155 1036 districti
1174 980 1368 1053 judicis
1387 981 1495 1051 jam
1522 982 1643 1038 cum
1667 978 2008 1037 damnatione
2030 996 2141 1037 sum

564 1068 892 1126 inﬁdelitatis
921 1072 1199 1127 accedunt.
1236 1072 1623 1129 Professionem
1670 1078 1800 1129 vero
1846 1066 1969 1128 ﬁdei
2012 1075 2140 1129 reti;

565 1175 777 1229 nentes,
808 1167 901 1221 sed
949 1164 1292 1234 professionis
1321 1168 1481 1236 opera
1512 1183 1615 1222 non
1648 1166 1925 1232 habentes,
1958 1160 2140 1222 redar-

563 1265 734 1325 guunt
760 1264 819 1311 ut
849 1264 1082 1324 pereant.
1116 1259 1214 1325 Qui
1246 1262 1371 1313 vero
1411 1276 1506 1315 nec
1536 1256 1657 1314 ﬁdei
1686 1256 2015 1313 sacramenta
2067 1270 2143 1313 te-

566 1354 801 1401 nuerunt
832 1349 1251 1416 increpationem
1280 1351 1475 1418 judicis
1506 1352 1556 1403 in
1588 1359 1824 1405 extrema
1869 1351 2140 1405 examina-

566 1435 714 1489 tione
737 1450 845 1491 non
876 1437 1115 1502 audiunt,
1144 1438 1289 1507 quia,
1322 1439 1648 1508 prmjudicati
1683 1438 2004 1493 inﬁdelitatis
2034 1450 2145 1494 Suae

568 1524 825 1590 tenebris,
865 1528 981 1595 ejus
1006 1542 1162 1597 quem
1192 1529 1546 1598 despexeram
1572 1528 1871 1583 invectione
1899 1527 2145 1597 redargui

568 1618 680 1673 nhn
704 1616 996 1674 luerentur.
1025 1620 1102 1675 llli
1126 1622 1315 1676 saltem
1338 1622 1533 1692 judicis
1563 1622 1723 1677 verba
1760 1624 1999 1691 audiunt,
2024 1626 2144 1693 quia

2238 524 2519 593 praeceptis
2557 523 2890 595 generalibus
2918 522 3104 576 audire
3147 512 3447 590 potuerunt.
3487 524 3665 590 Quibus
3690 529 3775 584 do-

2238 600 2430 669 minica
2459 630 2589 670 voce
2617 608 2812 670 dicitur
2852 630 2867 669 :
2910 606 3015 669 Vas
3043 612 3129 680 qui
3154 611 3182 649 ἀ
3213 612 3481 682 reliquistis
3522 621 3691 685 omnia,
3732 630 3772 676 et

2238 707 2400 761 secuti
2427 710 2547 760 estis
2573 724 2668 771 me,
2706 724 2821 760 cum
2859 706 3047 761 sederit
3088 701 3261 758 Filius
3292 705 3503 760 hominis
3548 698 3691 780 8'37
3729 715 3773 767 in

2238 799 2357 853 sede
2402 800 2679 869 majestatis
2720 815 2843 863 suas,
2893 788 3125 852 sedebitis
3162 805 3209 851 et
3238 812 3325 851 vos
3363 814 3507 867 super
3545 800 3776 855 duodecim

2241 886 2488 957 thronos,
2524 874 2815 962 judicantes
2864 892 3132 945 duodecim
3173 891 3331 943 tribus
3375 888 3539 945 Israel
3580 884 3782 963 (Matth.

2241 978 2359 1045 sis,
2388 978 2503 1051 28).
2536 976 2600 1035 Et
2626 981 2694 1036 de
2721 981 2912 1050 quibus
2939 979 3195 1049 propheta
3220 978 3295 1032 ait
3326 982 3340 1034 ':
3375 976 3610 1033 Dominus
3628 981 3691 1033 ad
3704 984 3787 1053 ju—

2242 1074 2430 1127 dicium
2456 1074 2616 1127 veniet
2641 1091 2757 1126 cum
2780 1072 3061 1127 senioribus
3090 1062 3269 1140 populi
3296 1072 3377 1125 sui
3405 1071 3424 1141 (
3432 1069 3550 1126 1εαὶ.
3579 1087 3656 1141 tu,
3685 1070 3787 1141 li).

2242 1162 2311 1221 Et
2354 1150 2419 1220 de
2445 1165 2637 1235 quibus
2677 1167 2956 1231 Salomon,
2992 1174 3015 1202 ο
3046 1179 3167 1219 cum
3211 1162 3279 1219 de
3324 1175 3517 1218 sancta:
3562 1164 3789 1221 Ecclesia.»

2241 1248 2440 1323 sponso
2468 1256 2791 1325 loqueretur,
2836 1248 3018 1308 intulit
3044 1253 3229 1308 dicens
3273 1272 3285 1306 :
3320 1250 3518 1308 Nobilis
3558 1255 3608 1307 in
3650 1257 3789 1323 portis

2241 1345 2319 1401 uir
2344 1348 2475 1416 ejus,
2514 1338 2716 1417 quando
2743 1342 2928 1400 sederit
2971 1361 3086 1399 cum
3113 1346 3430 1400 senatoribus
3458 1355 3596 1399 teme
3629 1340 3782 1414 (Prov.

2244 1457 2399 1504 xm,
2429 1433 2542 1509 23).
2578 1434 2641 1493 lli
2671 1440 2849 1510 itaque
2877 1440 2932 1493 iu
2960 1448 3203 1493 extremo
3225 1438 3423 1506 judicio
3452 1454 3552 1493 non
3576 1437 3788 1507 judican-

2246 1542 2332 1586 tur
2360 1534 2414 1583 'et
2439 1541 2684 1599 regnant,
2717 1530 2836 1599 quia
2863 1545 2983 1583 cum
3028 1538 3246 1583 auctore
3272 1542 3370 1581 suo
3417 1529 3576 1583 etiam
3614 1529 3791 1595 judices

2248 1626 2493 1680 veniunt.
2545 1623 2926 1709 llelinquentes
2963 1623 3156 1690 quippe
3199 1621 3376 1675 omnia
3421 1616 3535 1689 plus
3582 1632 3793 1691 prompta

571 1712 691 1777 ejus
718 1709 835 1765 lidei
862 1712 1048 1767 saltem
1076 1713 1236 1767 verba
1258 1723 1559 1769 tenuerunt.
1608 1714 1697 1769 Isti
1727 1714 1779 1768 in
1808 1714 2145 1771 damnatiOne
2173 1732 2221 1792 Β
2246 1710 2528 1770 devotiOne
2552 1707 2787 1768 exsecuti
2818 1722 2941 1767 sunt
2974 1707 2997 1751 τ
3026 1727 3182 1780 quam
3201 1710 3375 1778 juberi
3395 1714 3703 1780 generaliter
3720 1727 3797 1765 au-

472 1804 475 1807 ‘
569 1814 666 1856 sua
710 1804 894 1858 aeterni
919 1804 1110 1873 judicis
1158 1820 1258 1862 nec
1307 1806 1464 1862 verba
1508 1808 1829 1878 percipiunt,
1870 1811 1988 1878 quia
2032 1812 2149 1878 ejus

570 1898 925 1950 reverentiam
950 1911 1047 1951 nec
1078 1898 1244 1952 verbo
1270 1908 1426 1953 tenus
1448 1898 1476 1937 ιδ
1499 1914 1713 1955 servare
1741 1902 2039 1955 voluerunt.
2068 1901 2150 1955 llli

570 1982 811 2052 legaliter
856 1997 1103 2055 pereunt,
1131 1990 1252 2057 quia
1282 1991 1383 2043 sub
1414 1991 1530 2060 lege
1572 1976 1745 2058 positi
1767 2000 2146 2063 peccaverunt;

569 2074 688 2130 istis
717 2077 768 2131 in
798 2078 1097 2147 perditione
1124 2076 1220 2134 sua
1247 2080 1315 2136 de
1341 2082 1459 2151 lege
1486 2082 1617 2137 nihil
1644 2084 1839 2138 dicitur
1867 2085 1986 2153 quia
2018 2083 2148 2137 nihil

568 2166 703 2240 legis
732 2169 929 2226 habere
954 2172 1129 2226 conati
1150 2183 1291 2228 sunt.
1324 2174 1470 2247 [νει.
1493 2174 1596 2229 XX
1608 2175 1695 2247 V.]
1723 2176 1974 2247 Princeps
1996 2191 2147 2231 nam-

569 2274 676 2327 que
706 2272 975 2317 terrenam
998 2265 1381 2333 rempublicam
1404 2281 1614 2336 regens,
1637 2269 1789 2322 aliter
1809 2269 1957 2337 punit
1977 2270 2148 2323 civem

567 2347 792 2406 interius
819 2353 1241 2425 delinquentem,
1272 2366 1431 2427 atque
1468 2359 1625 2414 aliter
1662 2361 1894 2415 exterius
1938 2358 2147 2414 hostem

568 2443 939 2500 rebellantem.
971 2445 1027 2500 In
1054 2446 1147 2500 illo
1169 2446 1287 2515 jura
1326 2462 1419 2502 sua
1469 2448 1737 2513 consulit,
1773 2462 2002 2518 eumque
2048 2450 2150 2503 sub

567 2533 748 2589 verbis
776 2534 949 2604 dignae
978 2536 1293 2593 invectiouis
1314 2539 1548 2605 addicit;
1573 2549 1758 2594 contra
1786 2538 1993 2595 hostem
2021 2556 2150 2596 vero

568 2621 709 2678 bella
737 2634 936 2690 movet,
970 2627 1319 2682 instrumenta
1361 2629 1671 2698 perditionis
1696 2641 1927 2699 exercet,
1958 2630 2151 2701 digna-

569 2732 675 2789 que
708 2719 827 2787 ejus
855 2719 1072 2775 malitiae
1099 2731 1359 2777 tormenta
1402 2724 1687 2785 retribuit,
1737 2724 1805 2778 de
1834 2724 1974 2778 malo
2023 2738 2153 2781 vero

568 2807 685 2876 ejus
714 2808 838 2875 quid
867 2809 951 2863 lex
993 2808 1189 2866 habeat
1215 2825 1321 2865 non
1365 2811 1604 2881 requirit.
1637 2811 1821 2883 Neque
1847 2811 1989 2867 enim
2034 2814 2152 2883 lege

569 2912 790 2955 necesse
818 2910 902 2956 est
930 2900 1139 2969 perimi,
1169 2898 1259 2972 qui
1287 2902 1403 2973 lege
1447 2918 1714 2970 nunquam
1748 2905 1919 2974 potuit
1956 2908 2147 2961 teneri.

570 2991 648 3049 lta
676 3006 805 3061 ergo
834 2993 887 3046 in
927 3004 1165 3048 extremo
1187 2993 1390 3064 judicio
1431 3005 1488 3049 et
1513 2996 1695 3067 legalis
1725 2998 1877 3052 illum
1920 2999 2152 3056 invectio

576 3086 805 3153 percutit
830 3086 918 3154 qui
947 3086 1016 3140 ab
1042 3101 1109 3141 eo
1134 3088 1273 3167 quod
1322 3089 1651 3157 professione
1698 3093 1888 3155 tenuit,
1940 3092 2151 3148 actione
2175 3108 2223 3170 ο

571 3176 890 3241 declinavit;
919 3177 1105 3231 eListe
1146 3178 1264 3234 sine
1285 3179 1475 3248 iudicii
1503 3181 1806 3237 invectione
1850 3183 2150 3252 perimitur,

573 3269 663 3338 qui
690 3270 810 3345 lege
840 3269 965 3324 ﬁdei
990 3284 1096 3325 nou
1128 3280 1353 3327 tenetur.

645 3359 734 3414 51.
776 3359 1069 3416 Electorum
1113 3379 1310 3432 quoque
1356 3363 1446 3417 alii
1483 3364 1743 3435 judicium
1782 3366 2015 3432 subeunt,
2064 3367 2156 3421 alii

574 3468 699 3522 non,
725 3454 813 3507 sed
834 3455 1037 3523 judices
1078 3453 1268 3507 sedent.
1292 3481 1363 3495 -—
1387 3453 1466 3508 Ex
1496 3455 1787 3510 electorum
1834 3470 1966 3511 vero
2007 3465 2157 3525 parte

572 3548 663 3602 alii
684 3547 991 3617 judicantur
1016 3556 1070 3600 et
1096 3556 1336 3616 regnant,
1370 3549 1461 3617 qui
1490 3547 1611 3603 vitae
1648 3548 1885 3603 maculas
1912 3548 2158 3619 lacrymis

574 3649 807 3709 tergunt,
840 3640 928 3709 qui
960 3641 1097 3696 mala
1139 3639 1492 3710 praecedentia
1522 3640 1672 3695 lactis
1700 3640 2045 3710 sequentibus
2074 3655 2160 3695 re-

573 3732 839 3788 dimentes
862 3772 876 3796 ,
908 3732 1163 3801 quidquid
1195 3732 1439 3786 illicitum
1487 3731 1771 3800 aliquando
1814 3731 2054 3786 fecerunt
2090 3732 2159 3785 ab

573 3824 742 3878 oculis
769 3824 964 3894 judicis
992 3824 1451 3893 eleemosynarum
1502 3824 1919 3892 superductione
1965 3839 2161 3893 coope-

478 3988 483 3991 1
572 3915 741 3971 riunt.
765 3916 968 3981 Quibus
993 3917 1153 3986 judex
1177 3916 1397 3970 veniens
1424 3916 1475 3970 in
1504 3915 1720 3985 dextera
1747 3915 2162 3970 consistentibus

574 4005 746 4061 dicit:
778 4005 1005 4071 Esurivi,
1051 4015 1096 4060 et
1116 4007 1331 4060 dedistis
1359 4006 1485 4059 mihi
1528 4006 1870 4069 manducare;
1915 4006 2070 4067 sitivi,
2114 4015 2163 4059 et

575 4099 786 4154 dedistis
815 4098 940 4151 mihi
978 4098 1180 4160 bibere;
1228 4097 1409 4167 hospes
1448 4112 1608 4158 erant,
1639 4106 1685 4149 et
1733 4096 2003 4167 collegistis
2044 4111 2163 4163 me;

576 4188 1171 4254 nudus,etcooperuistis
1195 4201 1311 4252 me;
1339 4187 1596 4253 inﬁrmus,
1626 4196 1672 4241 et
1699 4186 1939 4239 uisitastis
1968 4201 2079 4250 nte;
2109 4186 2163 4240 in

577 4296 778 4336 carcere
823 4295 985 4345 eram,
1040 4262 1088 4333 et
1135 4278 1342 4332 venistis
1389 4278 1459 4332 ad
1506 4293 1586 4332 me
1635 4276 1850 4345 (Matth.
1891 4292 2015 4351 xxv,
2044 4275 2161 4357 35).

578 4375 780 4442 Quibus
825 4373 1134 4441 praemittit,
1178 4372 1406 4427 dicens:
1450 4369 1647 4435 Venite,
1696 4370 1944 4425 benedicti
1989 4371 2166 4427 Patris

2250 1804 2487 1860 dierunt.
2520 1803 2749 1872 Speciali
2777 1800 3003 1868 namque
3030 1801 3266 1871 iussione
3294 1800 3472 1870 paucis
3500 1800 3798 1866 perfectiori-

2249 1897 2370 1957 hus,
2401 1906 2457 1952 et
2493 1912 2597 1951 non
2620 1897 2940 1965 generaliter
2993 1893 3266 1956 omnibus,
3321 1892 3515 1946 dicitur
3544 1894 3638 1946 hoc
3678 1893 3800 1960 quod

2250 1987 2556 2041 adolescens
2588 1987 2737 2040 dives
2761 1984 2960 2037 audivit
2991 2001 3001 2035 :
3039 1981 3186 2036 Vade
3207 1992 3251 2035 et
3287 1990 3314 2028 tt
3348 1984 3507 2036 vende
3526 1986 3685 2036 omnia
3702 1999 3803 2052 qua:

2250 2078 2427 2142 habes,
2459 2088 2505 2131 et
2533 2077 2599 2130 da
2627 2076 2955 2145 pauperibus,
2990 2082 3037 2128 et
3064 2073 3272 2127 habebis
3297 2074 3584 2137 thesaurum
3606 2076 3653 2128 in
3674 2076 3802 2141 calo,

2249 2175 2297 2219 et
2327 2168 2440 2220 veni
2466 2174 2510 2219 et
2538 2180 2742 2233 sequere
2768 2179 2848 2218 me
2890 2162 3104 2233 (Matth.
3152 2178 3276 2227 xu,
3326 2164 3441 2231 21).
3476 2165 3531 2220 Si
3559 2165 3689 2219 enim
3715 2163 3806 2218 sub

2252 2254 2354 2309 hoc
2385 2264 2649 2323 prazcepto
2684 2260 2907 2308 cunctos
2933 2254 3106 2322 jussio
3162 2255 3431 2321 generalis
3486 2256 3798 2322 astringeret,

2252 2339 2282 2381 ¹ι
2309 2345 2466 2410 culpa
2516 2344 2751 2411 profecto
2796 2353 2944 2397 esset
2974 2342 3174 2412 aliquid
3232 2355 3332 2396 nos
3360 2342 3430 2397 de
3488 2347 3589 2397 hoc
3633 2342 3801 2396 mundo

2252 2433 2550 2503 possidere.
2583 2433 2690 2488 Sed
2736 2432 2881 2487 aliud
2913 2441 2999 2488 est
3024 2434 3167 2502 quod
3210 2447 3307 2497 per
3336 2446 3546 2486 sacrant
3593 2432 3807 2499 Scriptu-

2254 2538 2369 2577 ram
2390 2523 2637 2577 omnibus
2656 2523 2977 2591 generaliter
3005 2522 3333 2592 praecipitur.
3371 2520 3517 2575 aliud
3548 2519 3684 2589 quod
3709 2533 3808 2586 spe-

2254 2611 2460 2666 cialiter
2487 2611 2888 2680 perlectioribus
2933 2612 3248 2681 imperatur.
3290 2611 3362 2664 lli
3394 2625 3524 2679 ergo
3553 2618 3690 2663 recte
3730 2605 3810 2661 sub

2254 2700 2490 2771 generali
2519 2700 2721 2768 judicio
2748 2714 2854 2754 non
2879 2710 3150 2765 tenentur,
3198 2699 3213 2737 ι
3246 2699 3336 2767 qui
3367 2706 3425 2753 et
3454 2706 3709 2767 praecepta
3735 2710 3810 2763 ge-

2254 2792 2456 2847 neralia
2482 2790 2711 2845 vivendo
2740 2791 3005 2846 vicerunt.
3036 2791 3185 2847 Sicut
3226 2790 3517 2844 enimnon
3543 2788 3814 2857 judicantur

2255 2888 2313 2936 et
2337 2888 2585 2950 pereunt,
2627 2878 2718 2947 qui
2747 2878 3005 2933 suadente
3032 2878 3257 2949 perﬁdia
3295 2880 3309 2929 l
3358 2878 3478 2949 lege
3504 2876 3682 2933 ’teneri
3705 2891 3816 2931 con-

2256 2978 2524 3035 temnunt,
2556 2970 2629 3024 ita
2652 2983 2759 3023 non
2786 2968 3104 3037 ljudicautur
3153 2978 3208 3024 et
3259 2978 3514 3038 regnant,
3571 2969 3673 3038 qui,
3719 2981 3820 3020 sus-

2255 3060 2415 3116 dente
2440 3060 2659 3129 pietate,
2705 3059 2866 3113 etiam
2901 3056 2929 3096 ιι
2963 3060 3099 3115 ultra
3144 3060 3425 3129 generalia
3476 3060 3666 3115 divinae
3706 3058 3822 3127 legis

2255 3159 2520 3222 praecepta
2551 3150 2852 3220 proﬁciunt.
2913 3152 3044 3204 lliuc
3091 3160 3174 3205 est
3221 3148 3368 3216 quo‘d
3424 3150 3641 3212 Paulus,
3681 3146 3820 3201 etiam

2255 3242 2510 3311 specialia
2540 3252 2802 3309 praecepta
2830 3241 3235 3307 transcendens,
3274 3241 3402 3309 plus
3434 3256 3597 3311 opere
3614 3238 3823 3294 exhibuit

2257 3348 2418 3404 quam
2451 3330 2789 3397 institutione
2834 3331 3205 3400 permissionis
3244 3332 3463 3400 accepit
3488 3328 3551 3400 (I,
3580 3328 3747 3383 Thess.
3771 3341 3821 3391 ιι,

2260 3423 2339 3494 7).
2358 3414 2491 3478 Cum
2520 3418 2662 3475 enim
2694 3422 2987 3490 accepisset
3008 3430 3064 3475 ut
3087 3421 3441 3490 Evangeliqu
3467 3419 3746 3489 praedicans
3768 3416 3824 3469 de

2259 3512 2552 3581 Evangelio
2577 3511 2801 3580 viveret,
2830 3523 2885 3566 et
2927 3511 3275 3583 Evangelium
3304 3509 3649 3565 audientibus
3666 3514 3822 3561 contu-

2261 3604 2348 3670 lit,
2372 3614 2427 3660 et
2452 3610 2630 3657 tamen
2663 3600 2942 3673 Evangelii
2964 3602 3264 3674 sumptibus
3304 3602 3603 3658 sustentari
3642 3613 3822 3654 recusa-

2262 3694 2358 3747 vit.
2384 3691 2496 3747 Cnr
2517 3705 2646 3759 ergo
2677 3692 2775 3745 iste
2801 3692 3069 3761 iudicetur
3092 3700 3151 3746 ut
3171 3700 3384 3760 regnet,
3405 3692 3498 3760 qui
3523 3689 3691 3744 minus
3706 3683 3824 3755 quod

2262 3791 2507 3837 servaret
2534 3780 2766 3849 accepit,
2816 3780 2911 3836 sed
2957 3780 3129 3850 majus
3171 3780 3312 3850 quod
3368 3780 3575 3834 viveret
3620 3772 3826 3833 invenit!

2266 3856 2483 3929 bicatur
2523 3872 2684 3942 igitur
2738 3870 2922 3926 recte:
2980 3872 3248 3926 Iudicium
3302 3856 3615 3940 pauperibus
3658 3866 3824 3943 tribuit,

2265 3948 2387 4037 quia
2411 3974 2613 4033 quanto
2657 3962 2781 4016 huic
2808 3962 3005 4016 mundo
3033 3976 3221 4030 magna
3268 3952 3573 4035 humilitate
3623 3953 3828 4026 despecti

2266 4061 2411 4118 sunt,
2442 4062 2589 4105 tanto
2618 4062 2742 4105 tunc
2767 4051 3001 4120 acceptis
3025 4052 3243 4105 sedibus
3276 4051 3488 4119 majore
3501 4050 3725 4105 culmine
3749 4058 3829 4114 po-

2268 4138 2476 4197 testatis
2502 4140 2838 4196 excrescunt.
2871 4138 3022 4195 Unde
3045 4150 3101 4195 et
3141 4141 3386 4209 sequitur
3412 4159 3426 4193 :

2576 4226 2579 4229 ’
2609 4247 2836 4305 CAPUT
2865 4249 3077 4319 XXVIII
3117 4250 3267 4323 (Hec.
3306 4248 3504 4322 x11].

2343 4365 2506 4420 Vnus.
2536 4365 2590 4418 7.
2611 4393 2685 4406 —
2716 4363 2837 4417 Non
2861 4367 3058 4435 auferet
3082 4381 3114 4416 α
3131 4366 3279 4435 justo
3304 4363 3492 4417 oculos
3523 4378 3664 4425 suos,
3696 4366 3740 4414 et
3766 4372 3833 4409 re—

577 4466 696 4530 mei,
725 4466 977 4535 possidete
1018 4474 1255 4535 paratum
1293 4464 1429 4518 vobis
1473 4480 1687 4532 regnum
1729 4480 1763 4516 a
1808 4464 2165 4519 constitutione
2193 4479 2245 4538 ο
2268 4473 2354 4526 ges
2374 4457 2429 4509 in
2454 4455 2588 4529 solio
2609 4455 2827 4509 collocat
2851 4455 2908 4508 in
2935 4462 3257 4525 perpetuum,
3290 4464 3340 4507 et
3362 4453 3480 4507 illic
3501 4454 3777 4521 eriguntur.

578 4554 756 4607 mundi
780 4553 980 4625 (lbid.,
1022 4553 1149 4622 54).
1178 4553 1281 4609 Alii
1314 4563 1490 4608 autem
1525 4568 1629 4605 non
1652 4552 1960 4623 judicaptur
1988 4563 2040 4606 et
2083 4568 2169 4608 re-

577 4654 742 4713 gnant
766 4645 853 4714 qui
880 4644 1040 4700 etiam
1064 4654 1329 4715 praecepta
1355 4644 1488 4714 legis
1510 4653 1533 4682 α
1559 4642 1889 4712 perfectione
1914 4644 2166 4697 virtutum

582 4737 991 4806 transcendunt,
1015 4739 1137 4808 quia
1169 4722 1501 4806 nequaquam
1531 4736 1631 4789 hoc
1660 4735 1832 4789 solum
1859 4730 2015 4803 quod
2030 4751 2164 4790 cuu-

580 4828 683 4882 ctis
712 4824 889 4883 divina
919 4828 1005 4882 lex
1042 4828 1280 4897 praecipit
1326 4828 1549 4897 implere
1589 4827 1826 4881 contenti
1866 4836 2012 4895 sunt,
2060 4827 2157 4882 sed

651 5022 679 5050 ιι
707 5010 813 5077 A1,,
844 5009 929 5077 qui
957 5008 1025 5077 ad
1046 5016 1386 5075 conspectum.
1406 5075 1447 5077 Η
1668 5062 1675 5063 ,
1762 5074 1765 5077 _
1950 5073 1959 5077 _
2118 5062 2133 5075 ι

649 5081 678 5121 1'
703 5073 952 5135 Vindoc..
982 5073 1179 5131 Pratcl.
1213 5087 1265 5130 ct
1293 5078 1379 5131 alii
1403 5075 1609 5142 Nornt.,
1635 5074 1836 5130 servare
1856 5073 2162 5129 maluerunt.

654 5164 677 5192 α
707 5151 818 5215 AL,
844 5148 1165 5218 perfectionis
1191 5148 1390 5201 uirtute.

653 5228 680 5258 α
711 5214 945 5283 Torum,
973 5218 1245 5289 reliquistis
1275 5222 1447 5272 omnia
1474 5228 1659 5273 uestra.
1691 5217 1907 5283 Pratel.,
1941 5214 2082 5272 Utic.
2116 5223 2171 5271 et

577 5295 655 5364 pl.
684 5292 869 5364 Norat.
896 5280 1175 5364 reliquiutis'
1194 5299 1381 5364 uestra.
1415 5359 1444 5364 _
1519 5359 1531 5364 _

660 5372 683 5400 ο
728 5362 925 5415 Vitiose
959 5355 1012 5412 in
1049 5355 1378 5424 Gussanvil.,
1415 5359 1580 5412 Paris.
1631 5357 1786 5419 1605,
1833 5356 2019 5419 Gilot.,
2053 5373 2167 5409 cum

585 5434 649 5486 de
676 5442 866 5487 sancta:
889 5430 1131 5501 Ecclesia:
1156 5446 1366 5501 sponsa.
1393 5428 1451 5484 In
1471 5429 1679 5501 [lbi-pic.
1705 5428 1931 5501 aliisque
1948 5427 2160 5501 Norm.,

584 5502 810 5573 Turon.,
845 5497 1219 5573 veteribusque
1262 5500 1430 5555 Editis
1475 5497 1646 5553 Paris.
1685 5509 1739 5552 et
1764 5499 1926 5552 Basil.
1958 5500 2161 5568 optime

585 5571 797 5651 legitur,
825 5590 1030 5651 sponso.
1121 5571 1143 5651 ’⁷
1250 5643 1284 5651 _
1410 5642 1421 5651 _
1699 5636 1739 5651 υ
2150 5630 2153 5631 ν

666 5643 682 5679 ί
720 5644 791 5696 lta
827 5646 949 5698 Mss.
970 5641 1220 5712 Longip.,
1250 5640 1670 5712 Pratel._aliique
1693 5636 2157 5712 i‘iormqnecnon

666 5656 677 5679 ι
720 5656 791 5696 tta
827 5656 949 5698 MSS.
970 5656 1220 5712 Longtp.,
1250 5656 1446 5698 rratet.
1476 5656 1670 5764 ginqua
1698 5656 1915 5701 iVOl'm.,
1952 5656 2157 5693 necnon

590 5724 699 5781 vet.
722 5712 865 5770 Edit.
894 5713 1068 5769 Paris.
1127 5710 1265 5781 1495
1291 5710 1466 5768 etliil
1515 5752 1530 5776 ,
1557 5726 1644 5781 Aac
1690 5710 1853 5763 Basil.
1894 5708 2052 5763 15H.
2103 5710 2160 5779 in

596 5780 757 5838 Gilot.
790 5785 951 5845 1571.
1006 5783 1174 5840 Vatic.
1235 5783 1397 5844 1589,
1446 5794 1500 5835 et
1544 5779 1833 5846 Gussanv.,
1888 5788 2158 5845 corrupte,

2345 4548 2434 4604 52.
2508 4549 2648 4603 Deus
2681 4550 2852 4618 justas
2908 4538 3031 4602 tunc
3074 4548 3236 4620 magis
3296 4548 3557 4617 respicit,
3623 4557 3734 4597 cum
3771 4538 3836 4591 itt-

2267 4644 2407 4712 juste
2453 4642 2783 4713 afﬂiguntur.
2809 4671 2881 4681 —
2937 4639 3237 4695 Abstulisse
3261 4641 3410 4695 enini
3447 4654 3482 4694 α
3504 4638 3663 4709 iustis
3678 4630 3839 4690 oculos

2271 4751 2401 4793 suos
2429 4735 2659 4791 fortasse
2679 4736 2937 4789 Dominus
2956 4735 3217 4801 creditur,
3242 4734 3367 4804 quia
3384 4733 3715 4802 iniustorqu
3737 4736 3840 4778 cru-

2271 4827 2581 4883 delitatibus
2606 4825 2697 4882 hic
2723 4826 2844 4881 sine
2870 4824 3106 4880 vindicta
3133 4823 3482 4892 lacerantur;
3524 4823 3621 4879 sed
3647 4814 3840 4875 [amulos

2265 4988 2647 5126 quampjubere.
2858 5044 2865 5053 ρ
3052 5054 3057 5067 ,
3214 5058 3217 5065 ,
3430 5052 3451 5071 [Α
3506 5052 3515 5063 μ
3790 5050 3793 5059 ‹

2347 5083 2373 5122 s
2458 5074 2636 5126 ratel..
2666 5056 2823 5126 vende
2849 5089 2964 5126 aute
2993 5074 3163 5126 habes.
3199 5073 3380 5126 Baluz.
3416 5082 3474 5126 et
3499 5069 3685 5126 Colb..
3719 5082 3793 5121 sua

2347 5056 2643 5149 ig‘P’r-ateli,
2666 5056 2823 5149 vende
2849 5056 3163 5149 qute'habes.
3199 5058 3380 5131 Baluz.
3416 5056 3474 5126 et
3499 5056 3685 5133 Colb.,
3719 5056 3841 5127 unde,

2268 5144 2521 5212 vende...
2553 5155 2601 5197 et
2630 5145 2760 5207 ueni,
2790 5144 2998 5212 sequere
3017 5161 3116 5198 me.

2341 5211 2373 5283 1}
2410 5212 2578 5282 Idem,
2600 5216 2764 5283 culpa:
2788 5211 3019 5283 profecto
3049 5225 3191 5269 esset.

2350 5281 2368 5320 ί
2413 5281 3081 5356 ᾼΙηηᾲαὶαειρτωὸερια.-
3131 5354 3139 5356 ᾼ
3301 5353 3325 5356 _
3369 5332 3405 5356 *τ
3578 5322 3581 5327 ι
3718 5332 3806 5356 ..η

3053 5354 3260 5423 Baluz.,
3288 5343 3449 5409 Coll).
3486 5363 3551 5408 et
3570 5359 3678 5407 vet.
3722 5343 3839 5400 Edit.

2353 5357 2369 5405 l
2413 5353 2487 5407 Ita
2521 5353 2775 5420 Vindocg
2798 5353 3007 5422 Noniu,

2271 5420 2503 5496 lnaliis,
2529 5424 2691 5496 legent
2719 5437 2903 5496 tenere.
2980 5420 2998 5496 ς
3066 5478 3085 5485 ,,
3245 5420 3253 5423 ’
3361 5494 3373 5496 Α
3690 5472 3691 5477 η

2342 5493 2372 5547 .k
2406 5485 2466 5549 'ln
2489 5485 2626 5549 "edr't.
2658 5494 2830 5559 Vatic.
2866 5494 3023 5561 l589,
3054 5496 3219 5550 Gilot.
3246 5494 3407 5557 ιδῃ,
3465 5498 3529 5555 et.
3568 5485 3837 5561 nonnullis,

2270 5567 2412 5620 ultra
2440 5567 2693 5634 generalis
2729 5567 2915 5619 divinae
2943 5559 3087 5635 legis.
3120 5566 3468 5623 Praetulimus
3492 5634 3495 5635 ν
3517 5566 3657 5616 hanc
3698 5559 3843 5635 legito-

2268 5626 2581 5700 nent,ultra
2626 5638 2905 5706 generalia,
2949 5626 3078 5703 εἶα,
3138 5652 3257 5703 qua:
3307 5643 3394 5687 est
3444 5626 3842 5706 λΜεεκΑιβιίοτε

2268 5694 2479 5834 gurria,
2512 5694 2734 5771 Torum,
2769 5694 2975 5763 necnon
3023 5694 3385 5777 antiquiorum
3441 5706 3547 5760 Ed.
3597 5699 3758 5758 Paris.
3801 5694 3843 5744 ε(

2312 5794 2388 5834 ast
2416 5815 2433 5833 .

2312 5794 2433 5835 8811.
