4004 6350
521 290 671 391 ’δεῖν

1779 326 2022 385 SANCTI
2062 325 2392 385 GREGORII
2432 324 2646 385 MAGNI

3696 342 3782 400 38s

640 455 824 511 Potest
842 440 971 507 vero
996 450 1048 504 in
1076 446 1277 503 catenis
1305 454 1362 500 et
1387 444 1600 499 funibus
1626 445 1957 514 paupertatis
1988 459 2147 513 pinna
2185 445 2231 504 Α
2256 441 2628 507 succumbere,
2659 442 2818 495 etiam
2855 440 3084 510 quilibet
3120 440 3322 495 obtusis
3347 446 3576 503 sensibus
3603 463 3784 526 potest;

567 551 728 603 etiam
783 536 1092 613 temporalis
1153 538 1457 594 alﬂictionis
1524 537 1777 607 intelligi,
1829 538 1951 606 quia
2002 553 2147 608 saepe

566 638 917 709 qnijnbentis
946 633 1107 691 verba
1138 647 1246 685 non
1277 630 1525 693 audiunt,
1560 627 1804 683 ferientis
1834 629 2148 684 verberibus

566 733 938 794 admonentur,
972 736 996 764 ⁸
1040 736 1097 780 ut
1123 726 1189 779 ad
1224 725 1358 779 bona
1413 722 1679 778 desideria
1731 723 1921 776 saltem
1977 738 2149 792 paenae

568 823 800 887 trahant,
830 833 963 889 quos
1004 818 1222 886 praemia
1277 830 1382 868 non
1417 811 1841 868 invitant..Unde
1891 829 1986 881 per
2017 811 2151 867 Pro-

568 914 780 984 phetatu
832 910 1064 964 dicitur:
1119 906 1181 960 In
1229 922 1373 960 canto
1400 918 1447 960 et
1491 908 1637 974 freno
1685 904 1925 958 maxillas
1970 920 2150 960 eorum

565 999 595 1044 δ
618 1002 925 1071 constringe,
957 1000 1046 1065 qui
1083 1016 1184 1052 non
1204 998 1569 1066 approximaut
1595 996 1663 1048 ad
1685 1006 1729 1048 te
1773 995 1944 1067 (Psal.
2000 1012 2150 1063 xxxi,

565 1096 649 1164 9).
673 1096 728 1150 Si
746 1110 871 1149 vero
893 1097 1052 1147 etiam
1082 1092 1292 1162 ﬂagella
1322 1090 1643 1160 despiciunt,
1670 1100 1878 1144 constat
1899 1072 2148 1145 nimirum

566 1189 705 1261 quod
738 1199 882 1244 tanto
913 1189 1022 1243 illic
1039 1186 1300 1257 gravioris
1330 1184 1579 1239 vindicta:
1608 1184 1862 1252 supplicia
1888 1186 2149 1251 sentiant,

566 1293 764 1354 quanto
823 1282 909 1337 hic
949 1282 1167 1350 majoris
1223 1276 1572 1349 providentia:
1627 1277 1852 1347 gratiam
1911 1278 2142 1335 calcant.

571 1378 718 1434 Unde
741 1384 796 1431 et
823 1376 1065 1446 sequitur
1097 1391 1111 1429 :

1130 1465 1354 1520 CAPUT
1388 1465 1580 1520 XXXI.

638 1562 803 1615 Vens.
838 1559 923 1625 II,
948 1559 1036 1613 12.
1067 1589 1133 1597 —
1162 1557 1222 1613 Si
1249 1559 1501 1612 audierint
1524 1569 1571 1612 et
1595 1558 1982 1623 abservavrrint,
2015 1576 2155 1612 cont~

567 1655 774 1729 plebunt
800 1655 905 1708 dies
932 1670 1052 1706 suos
1092 1653 1145 1704 in
1170 1653 1320 1716 bona,
1354 1662 1401 1705 et
1426 1669 1590 1705 annos
1613 1669 1732 1705 suos
1775 1654 1828 1705 in
1856 1653 2039 1721 gloria.
2094 1650 2154 1706 Si

567 1762 738 1803 autem
769 1765 869 1800 non
894 1745 1168 1809 audierint,
1195 1746 1478 1798 transibunt
1529 1761 1617 1814 per
1665 1745 1920 1816 gladium,
1953 1755 1999 1799 et
2034 1761 2156 1799 con-

568 1852 831 1897 sumentur
858 1838 1098 1890 stultitia.

641 1930 730 1984 57.
763 1930 928 1995 Quam
965 1944 1130 1981 severe
1154 1927 1420 1997 puniendi,
1474 1930 1620 1997 quia
1674 1929 1885 1996 perditis
1930 1928 2154 1982 moribus

570 2028 662 2079 nec
692 2024 908 2092 ﬂagellis
938 2030 1251 2075 coercentur.
1300 2051 1371 2063 —
1429 2021 1529 2074 Per
1558 2022 1752 2075 bonum
1801 2034 1942 2077 reeta
1992 2023 2151 2088 aetio,

567 2129 665 2187 per
692 2114 915 2183 gloriam
948 2127 1074 2167 vero
1111 2126 1341 2180 superna
1377 2096 1657 2165 retributio
1684 2112 2014 2181 designatur.
2047 2113 2148 2178 Qui

569 2222 699 2276 ergo
729 2205 947 2259 obedire
972 2203 1253 2271 prmceptis
1278 2203 1589 2257 cmlestibus
1617 2204 1854 2269 student,
1889 2204 2003 2259 dies
2031 2221 2158 2261 suos
2212 2242 2217 2245 »

570 2300 627 2357 in
661 2301 798 2354 bono
824 2299 1115 2365 complent,
1149 2312 1316 2349 annos
1373 2296 1425 2349 in
1451 2297 1637 2365 gloria,
1676 2298 1799 2367 quia
1843 2309 1896 2353 et
1942 2313 2156 2354 cursum

570 2389 854 2461 praesentis
879 2386 1133 2455 temporis
1160 2386 1209 2439 iu
1244 2398 1391 2439 recto
1419 2401 1603 2453 opere,
1641 2396 1696 2441 et
1734 2391 2158 2444 consummatio-

575 2497 698 2536 nem
737 2496 885 2535 suam
918 2480 1200 2548 perﬁciunt
1235 2477 1374 2533 felici
1408 2481 1778 2536 retributione.
1814 2482 1876 2536 Si
1916 2499 2033 2538 vero
2056 2500 2157 2537 non

572 2572 851 2635 audierint,
886 2572 1170 2625 transibunt
1194 2587 1282 2639 per
1306 2570 1555 2640 gladium.
1582 2582 1630 2625 et
1653 2583 2014 2627 consumentur
2032 2575 2161 2627 stul-

573 2662 703 2727 titia,
743 2661 862 2731 quia
904 2670 953 2715 et
985 2662 1212 2717 vindicta
1244 2677 1336 2714 eos
1364 2662 1418 2714 in
1451 2662 1791 2716 tribulatione
1825 2665 2072 2729 percutit,
2103 2674 2157 2720 et

576 2752 699 2809 ﬁnis
731 2754 781 2806 in
818 2754 1076 2809 'I'atuitalc
1115 2754 1404 2809 concludit.
1464 2752 1608 2826 [Vct.
1661 2753 1971 2827 XXV/IL]
2020 2746 2160 2811 Sunt

577 2844 721 2898 enim
753 2844 989 2899 nonnulli
1020 2861 1151 2915 quos
1179 2860 1206 2895 ιι
1238 2844 1458 2914 perditis
1491 2844 1729 2899 moribus
1771 2860 1870 2899 nec
1893 2854 2160 2902 tormenta

574 2944 943 3003 compescunt.
979 2935 1053 2989 De
1073 2935 1262 3002 quibus
1293 2951 1386 3003 per
1417 2935 1728 3003 prophetam
1760 2935 1997 2989 dicitur:
2028 2935 2161 2989 Per-

575 3027 776 3081 cussiin
806 3043 890 3080 eos
950 3043 1041 3080 ncc
1069 3027 1374 3090 doluerunt;
1403 3026 1685 3095 ﬂugellasti
1725 3043 1832 3091 eas,
1879 3036 1925 3081 et
1981 3044 2162 3081 renue-

576 3127 696 3171 runt
726 3118 955 3186 accipere
983 3117 1310 3189 disciplinam
1333 3116 1546 3186 (Jerem.
1572 3134 1625 3182 v,
1663 3117 1739 3188 3).
1777 3118 1840 3172 Et
1872 3117 1939 3171 de
1969 3118 2164 3188 quibus

2252 530 2608 585 simulazionis
2628 545 2758 585 vero
2788 530 3073 585 falsitatem
3117 534 3358 601 exsequi,
3402 538 3497 592 nisi
3521 542 3606 608 qui
3638 548 3782 605 subti-

2255 621 2409 677 lioris
2453 620 2647 691 ingenii
2679 622 2857 687 fuerit,
2893 638 2996 676 non
3028 631 3221 690 potest.
3253 623 3492 695 Quisquis
3516 631 3644 688 enim
3688 640 3787 698 talis

2254 723 2358 780 est,
2391 711 2455 765 ad
2491 711 2841 766 custodienda
2883 711 2992 766 duo
3018 712 3267 767 videlicet
3294 716 3534 772 continua
3565 723 3785 783 observa-

2255 800 2405 856 tione
2435 800 2720 871 dividitur,
2751 812 2807 854 ut
2836 801 3028 856 callide
3070 804 3284 857 noverit
3308 811 3361 858 et
3389 809 3643 866 occultare
3668 818 3784 883 quod

2254 900 2359 957 est,
2413 899 2469 946 ct
2496 901 2767 946 ostentare
2797 891 2940 961 quod
2972 905 3077 947 non
3101 900 3213 957 est;
3242 889 3269 928 ἀ
3307 902 3361 948 et
3386 896 3509 952 vera
3543 902 3665 954 mala
3693 919 3791 973 pre-

2254 996 2425 1049 mere,
2451 990 2507 1036 et
2531 980 2665 1037 falsa
2698 984 2831 1036 bona
2866 992 3197 1049 monstrare;
3232 998 3329 1039 nec
3356 998 3413 1039 se
3441 1000 3615 1055 aperte
3635 992 3682 1045 in
3706 994 3787 1052 hoc

2256 1073 2399 1143 quod
2429 1072 2645 1128 videtur
2673 1072 2954 1139 extollere,
3004 1083 3182 1144 atque,
3234 1084 3293 1129 ut
3328 1078 3575 1145 majorem
3601 1082 3788 1151 gloriam

2255 1174 2456 1231 teneat,
2491 1172 2516 1203 ⁸
2544 1180 2687 1233 saepe
2728 1180 2787 1219 se
2813 1165 3067 1221 simulare
3103 1167 3326 1237 gloriam
3358 1170 3635 1229 declinare.
3684 1166 3795 1244 Quia

2255 1258 2396 1314 enim
2424 1267 2549 1313 ante
2576 1258 2759 1313 oculos
2785 1260 3058 1313 hominum
3087 1262 3362 1330 sequendo
3392 1279 3506 1318 eam
3537 1272 3794 1336 apprehen.

2256 1349 2385 1404 dere
2427 1365 2532 1404 non
2563 1357 2757 1419 potest,
2804 1349 2988 1404 studet
3031 1350 3350 1421 plerumque
3397 1355 3611 1423 gloriam
3639 1366 3796 1416 tenere

2256 1440 2532 1512 fu’giendo.
2563 1441 2685 1495 llaec
2708 1441 2887 1509 itaque
2914 1440 3251 1509 simplicibus
3283 1444 3496 1499 minime
3516 1459 3796 1519 congruunt,

2256 1534 2380 1602 quia
2412 1532 2458 1585 si
2485 1539 2809 1600 congruunt,
2833 1530 2945 1601 jam
2979 1531 3249 1601 simplices
3280 1548 3385 1587 non
3416 1544 3557 1590 sunt.

2328 1621 2415 1678 59.
2462 1622 2615 1676 Iram‘
2651 1622 2748 1676 Dei
2780 1639 2881 1676 non
2902 1624 3069 1677 solum
3110 1634 3349 1687 meretur,
3382 1626 3469 1679 sed
3490 1638 3725 1697 provocat.
3747 1659 3799 1672 -

2257 1714 2402 1770 Bene
2428 1724 2605 1770 autem
2634 1729 2754 1768 cum
2786 1714 3026 1770 diceret:
3062 1714 3399 1771 Simulatores
3439 1727 3486 1770 et
3511 1700 3695 1785 callidi,
3718 1738 3800 1776 non

2180 1845 2230 1906 Β
2259 1805 2517 1867 subdidit,
2562 1816 2854 1872 merentur,
2905 1805 3001 1861 sed
3030 1819 3311 1876 provocant
3356 1810 3485 1864 iram
3546 1811 3651 1865 Dei.
3697 1814 3802 1867 Iram

2259 1901 2453 1970 quippe
2476 1899 2570 1954 Dei
2600 1900 2819 1967 mereri,
2845 1908 2929 1954 est
2949 1900 3110 1956 etiam
3141 1903 3431 1957 nesciendo
3453 1919 3679 1972 peccare.
3703 1906 3803 1960 PN-

2258 2006 2456 2047 vocare
2484 2006 2618 2046 vero
2647 2001 2730 2047 est
2778 1992 3045 2048 mandatis
3089 1994 3230 2047 illius
3280 1995 3497 2050 sciendo
3548 1998 3804 2064 contraire;

2258 2085 2399 2139 scire
2428 2085 2649 2149 bonum,
2683 2084 2778 2139 sed
2810 2084 3119 2155 despicere;
3154 2085 3333 2141 facere
3357 2101 3529 2153 posse,
3563 2102 3655 2142 nec
3676 2088 3803 2144 velle.

2259 2174 2326 2230 Ili
2354 2176 2496 2231 enim
2525 2175 2927 2245 perpetratione
2972 2177 3228 2241 nequitiae
3256 2176 3575 2231 intrinsecus
3602 2176 3804 2232 tenebre-

2260 2279 2438 2335 scum,
2469 2278 2524 2324 et
2552 2270 2913 2324 ostentatione
2955 2269 3176 2337 iustitiae
3204 2270 3486 2338 superticic
3516 2279 3659 2323 tenus
3683 2270 3803 2323 deal-

2263 2362 2480 2417 bantur.
2537 2359 2742 2426 Quibus
2783 2374 2915 2416 voce
2962 2360 3233 2417 Dominica
3286 2361 3516 2415 dicitur:
3554 2360 3641 2416 Vat
3680 2361 3805 2425 vobis,

2262 2452 2461 2509 Scriba
2506 2461 2553 2505 et
2583 2452 2837 2507 Pharisazi
2870 2455 3170 2525 hypocrita,
3219 2456 3341 2523 quia
3382 2455 3569 2508 similes
3606 2434 3713 2508 estii
3746 2472 3805 2508 se-

2260 2544 2457 2618 pulcris
2486 2545 2757 2609 dealbatis,
2780 2561 2894 2616 qua:
2922 2546 3048 2615 foris
3073 2557 3250 2616 parent
3278 2546 3567 2600 hominibus
3595 2546 3804 2616 speciosa,

2261 2637 2401 2690 intus
2447 2652 2566 2689 uero
2596 2636 2748 2703 plena
2798 2646 2914 2689 sunt
2982 2637 3176 2690 assibus
3229 2647 3567 2698 mortuorum,
3618 2645 3660 2687 et
3697 2635 3805 2687 omni

2262 2729 2543 2797 spurcitia;
2587 2728 2661 2779 ita
2689 2736 2734 2780 et
2763 2743 2848 2780 vos
2876 2728 3078 2794 quidem
3103 2729 3230 2797 foris
3270 2730 3527 2797 apparetis
3565 2726 3807 2780 hominibus

2256 2820 2412 2892 justi,
2438 2820 2575 2873 intus
2596 2829 2761 2871 autem
2814 2820 2950 2889 pleni
2996 2821 3113 2874 estis
3164 2820 3427 2889 hypocrisi
3478 2829 3524 2873 et
3561 2819 3804 2887 iniquitate.

2266 2910 2483 2983 (Matth.
2507 2926 2660 2975 xxm,
2676 2909 2791 2979 27).
2824 2910 2977 2966 Foris
2994 2928 3121 2982 ergo
3143 2912 3476 2967 ostendendo
3498 2921 3696 2967 servant
3715 2923 3808 2978 qua:

2264 3005 2499 3060 Viveudo
2531 3005 2675 3058 intus
2704 3004 3037 3073 impugnant.
3064 3005 3207 3059 Intus
3224 3008 3365 3059 vero
3390 3005 3526 3058 mala
3556 3004 3807 3072 cogitantes

2267 3103 2588 3165 exaggerant
2620 3110 2736 3159 qua:
2768 3095 2897 3149 t‘oris
2922 3094 3065 3149 aliud
3109 3097 3529 3163 superducentes
3565 3092 3808 3147 occultant.

580 3209 684 3263 sub
715 3181 998 3279 Bahvlonis
1025 3181 1203 3275 specie
1225 3181 1420 3261 dicitur
1444 3223 1459 3264 :
1490 3181 1795 3262 Curauiutus
1822 3181 2156 3277 Babylonem,
2190 3238 2235 3299 ο
2267 3187 2419 3288 .Ame'
2437 3185 2734 3299 ἀίδξνίξίυὶη
2759 3183 2937 3255 "aque
2964 3187 3199 3255 IUdice'“
3228 3182 3736 3299 e‘c.“5‘:‘i°"°mja”'
3756 3181 3810 3235 de

578 3307 635 3357 et,
667 3313 767 3351 non
811 3305 883 3350 est
929 3306 1108 3349 sanata
1136 3294 1353 3364 (Jerem.
1389 3314 1461 3363 LI,
1494 3297 1572 3367 9).
1618 3298 1695 3353 De
1723 3298 1916 3368 quibus
1950 3316 2161 3354 rursum

583 3386 780 3442 dicitur
812 3405 823 3439 :
851 3386 1095 3454 Interfeci
1120 3398 1164 3440 et
1194 3389 1394 3455 perdidi
1424 3389 1673 3460 papulttm
1702 3408 1891 3457 meum,
1924 3402 1971 3446 et
1999 3402 2167 3446 tamen

579 3497 614 3534 a
641 3481 733 3533 viis
757 3480 862 3532 suis
891 3496 992 3533 non
1008 3490 1124 3532 sunt
1148 3480 1330 3533 reversi
1363 3478 1571 3547 (Jerent.
1606 3497 1694 3547 xv,
1719 3481 1794 3552 7).
1828 3483 1890 3536 Ili
1922 3499 2168 3537 nonnun-

584 3586 743 3641 quam
787 3570 1083 3625 deteriores
1125 3572 1359 3625 existunt
1415 3587 1481 3627 ex
1511 3573 1757 3637 verbere,
1800 3574 1922 3642 quia
1974 3576 2167 3643 pulsati

586 3661 878 3725 doloribus,
938 3672 960 3700 ο
996 3670 1088 3715 aut
1118 3662 1420 3716 contumaci
1461 3663 1748 3731 pertinacia
1777 3664 2023 3719 duriores
2050 3667 2168 3719 exi.

588 3762 759 3816 stunt,
817 3761 926 3815 aut,
986 3750 1323 3825 quodprius
1366 3764 1467 3818 est,
1515 3753 1567 3808 in
1625 3754 1971 3823 blaSphetnize
2008 3758 2167 3811 etiam

588 3842 1051 3911 exasperationem
1111 3841 1413 3909 prosiliunt.
1465 3843 1606 3898 Bene
1656 3860 1783 3915 ergo
1806 3846 2001 3900 dicitur
2028 3847 2170 3916 quod

585 3944 685 4000 per
731 3930 965 3999 gladium
1020 3940 1318 3995 transeunt,
1378 3941 1434 3986 et
1482 3933 1706 3987 stultitia
1755 3944 2169 4002 consumuntur,

589 4020 714 4088 quia
747 4028 963 4089 peccata
990 4035 1108 4090 quae
1151 4018 1374 4088 ﬂagellis
1413 4022 1703 4077 emendare
1751 4023 1918 4095 8&0
1964 4025 2172 4089 debue-

591 4120 731 4174 rant,
765 4108 984 4179 ﬂagellis
1006 4119 1351 4178 exaggerant.
1390 4111 1455 4165 Et
1485 4112 1569 4165 hic
1593 4115 1703 4181 jam
1738 4129 1923 4180 pinnas
1954 4129 2174 4181 percus-

595 4198 763 4255 sionis
812 4199 1067 4263 sentiunt,
1100 4211 1148 4254 et
1183 4200 1288 4253 illic
1315 4200 1474 4269 iusta:
1517 4202 1885 4258 retributionis
1915 4204 2173 4272 supplicia

590 4307 698 4347 non
733 4289 983 4344 evadunt.
1018 4290 1254 4345 Fatuitas
1282 4293 1478 4360 quippe
1505 4293 1742 4346 stultitia:
1770 4302 1853 4347 est
1882 4295 2024 4363 quod
2053 4295 2173 4350 illos

589 4382 670 4437 sic
698 4382 949 4450 iniquitas
974 4383 1193 4452 obligat,
1227 4393 1282 4438 ut
1311 4400 1339 4437 a
1369 4385 1530 4452 culpa
1557 4400 1651 4439 eos
1680 4400 1779 4439 nec
1821 4400 1980 4454 paena
2023 4401 2174 4442 com-

586 4481 791 4546 pcscat.
825 4472 1074 4541 Sequitur
1097 4489 1112 4527 :

914 4564 1139 4620 CAPUT
1180 4564 1371 4620 XXXII
1413 4565 1561 4637 [Rea
1594 4563 1851 4637 XXIII].

664 4650 825 4706 Vens.
864 4653 951 4708 15.
990 4683 1061 4694 -
1091 4653 1436 4710 Simulatores
1464 4663 1509 4708 et
1531 4655 1707 4708 callidi
1737 4666 2014 4725 provocant
2046 4659 2176 4714 iram

591 4739 709 4798 Dei.

664 4836 755 4890 58.
797 4837 1127 4892 Sintulatoris
1156 4838 1332 4891 callidi
1360 4832 1552 4906 imago.
1575 4867 1648 4878 —
1674 4836 1806 4890 Cum
1838 4839 2177 4898 simulatores

598 4923 824 4992 diceret,
860 4938 981 4995 apte
1009 4928 1281 4996 snbjungit
1307 4940 1357 4981 et
1387 4929 1583 4991 callidi,
1637 4928 1759 4996 quia
1808 4928 1910 4982 nisi
1961 4930 2177 5000 ingenio

593 5021 840 5083 calleant,
873 5018 1014 5087 quod
1044 5020 1212 5074 videri
1242 5029 1495 5088 appetunt
1520 5033 1756 5088 congrue
1786 5019 2041 5071 simulare
2069 5036 2173 5075 non

596 5121 844 5183 possunt.
877 5112 1015 5166 Sunt
1042 5110 1183 5164 enim
1213 5112 1464 5163 nonnulla
1487 5109 1609 5163 vitia
1639 5125 1758 5175 quae
1783 5109 1940 5163 etiam
1966 5126 1994 5163 a
2016 5126 2176 5167 sensu

592 5200 921 5255 tardioribus
952 5200 1104 5253 facile
1136 5206 1526 5267 perpetrantur.
1564 5198 1804 5252 Elatione
1831 5213 2059 5269 namque
2097 5205 2178 5257 in.

596 5300 918 5355 tumescere,
942 5289 1181 5343 avaritia:
1201 5288 1419 5344 aestibus
1441 5287 1669 5357 inhiare,
1700 5289 1924 5344 luxuria:
1947 5292 2177 5360 pulsanti

668 5462 694 5491 ι
737 5453 901 5514 Εσιῐιὶ,
931 5460 984 5505 ut
1008 5451 1077 5505 ad
1100 5452 1234 5504 bona
1266 5458 1481 5503 (eterna.
1513 5447 1799 5518 Sequimur
1817 5448 1940 5506 Mss.
1972 5446 2182 5517 Dahis...

596 5523 775 5587 Colb.,
804 5525 1049 5589 Vindoc.,
1076 5522 1300 5585 Turon.,
1334 5520 1551 5575 Ebrnic.
1583 5530 1638 5575 et
1664 5521 1797 5576 alios
1822 5521 2007 5575 Norm.

668 5594 697 5634 δ
739 5596 938 5650 I’ratel.
972 5609 1024 5647 et
1055 5593 1220 5660 Utic.,
1245 5594 1575 5659 constringet.

675 5677 698 5703 ο
732 5666 844 5729 Δὶ..
877 5678 968 5717 aut
994 5664 1316 5718 contumacia
1366 5664 1682 5727 pertinaciae,
1708 5673 1765 5716 ut
1810 5662 1971 5717 habet
1998 5662 2185 5717 Baluz.

676 5733 704 5770 ἀ
739 5735 995 5800 Viudoc.,
1027 5735 1226 5792 Pratel.
1250 5747 1304 5791 et
1336 5734 1499 5804 Utic.,
1527 5746 1573 5790 et
1595 5751 1714 5789 vera
1734 5735 1874 5789 mala
1897 5732 2033 5789 male
2070 5750 2188 5805 pre-

608 5820 761 5860 mere.
1554 5842 1560 5848 .

2202 4616 2257 4678 D

2268 3277 2567 3349 ignorantia
2601 3277 2795 3332 habere
2828 3292 2932 3332 non
2970 3289 3216 3348 possunt,
3246 3281 3371 3348 quia
3402 3280 3526 3333 dum
3554 3286 3671 3331 ante
3707 3285 3811 3328 ocuo

2269 3369 2352 3425 los
2381 3372 2653 3425 hominum
2705 3385 2919 3425 omnem
2963 3376 3179 3425 modum
3213 3372 3514 3427 sanctitatis
3562 3373 3807 3427 ostentant.

2270 3460 2373 3532 ipsi
2405 3462 2505 3515 sibi
2537 3470 2661 3515 sunt
2691 3462 2998 3516 testimonio
3024 3464 3145 3531 quia
3174 3464 3313 3520 bene
3352 3466 3529 3519 vivere
3557 3477 3657 3516 non
3693 3460 3813 3527 igno-

2271 3562 2411 3607 rant.
2443 3551 2662 3607 Dicatur
2690 3552 2848 3620 igitur
2880 3563 3023 3608 recte
3048 3571 3062 3607 :
3089 3552 3438 3609 Simulatores
3466 3565 3511 3608 et
3532 3551 3698 3606 callidi
3722 3563 3816 3617 pro-

2272 3653 2450 3697 vocant
2482 3644 2611 3696 iram
2642 3645 2755 3700 Dei.
2794 3644 2930 3711 Quid
2955 3660 3082 3701 vero
3110 3661 3205 3701 eos
3244 3648 3313 3702 ad
3342 3656 3639 3703 extremum
3661 3655 3816 3711 sequa-

2276 3743 2387 3800 tur,
2416 3734 2681 3805 adjungit,
2711 3735 2895 3791 dicens
2920 3754 2932 3789 :

2806 3827 3036 3885 CAPUT
3085 3827 3329 3884 XXXIII.

2347 3917 2489 3972 Ibid.
2523 3949 2592 3960 —
2623 3919 2803 3989 Neque
2823 3921 3114 3974 clamabunt
3145 3938 3261 3975 cum
3290 3924 3448 3977 vincti
3476 3921 3675 3994 fuerint.

2347 4009 2436 4063 60.
2464 4008 2641 4064 Etiam
2668 4028 2935 4081 percussus
2978 4024 3189 4083 peccata
3227 4015 3465 4084 conﬁteri
3502 4010 3820 4067 erubescit.—

2281 4099 2467 4154 Omnis
2514 4102 2725 4171 iniquus
2766 4104 2858 4172 qui
2914 4119 3035 4158 cum
3069 4104 3279 4174 iniquus
3309 4107 3408 4171 sit,
3450 4114 3658 4160 sanctus
3684 4096 3821 4155 videri

2277 4206 2385 4257 non
2413 4196 2635 4262 appetit,
2665 4194 2718 4248 in
2765 4194 2955 4264 ﬂagelli
2986 4198 3337 4266 percussione
3367 4198 3735 4267 deprehensus,
3760 4191 3820 4244 la-

2276 4285 2376 4340 teri
2407 4286 2546 4354 quod
2576 4286 2788 4354 iniquus
2824 4288 2894 4341 sit
2922 4304 3025 4363 non
3056 4288 3345 4344 erubescit.
3382 4290 3484 4357 Qui
3512 4301 3635 4342 vero
3675 4284 3821 4352 iniqua

2277 4391 2465 4447 agens,
2498 4382 2727 4433 humana
2749 4381 2817 4435 de
2838 4395 2898 4436 se
2919 4382 3118 4451 judicia
3138 4383 3239 4438 sub
3258 4387 3442 4452 specie
3460 4379 3737 4437 sanctitatis
3760 4377 3823 4428 in-

2279 4472 2512 4541 tercipit,
2566 4473 2726 4527 etiam
2773 4488 2895 4529 cum
2946 4475 3158 4545 ﬂagello
3190 4479 3508 4545 percutitur,
3540 4475 3754 4544 iniquum
3779 4480 3824 4522 se

2280 4566 2510 4635 prodere
2554 4566 2769 4636 refugit,
2800 4570 2927 4639 quia
2974 4581 3191 4625 sanctus
3240 4570 3410 4626 videri
3466 4566 3743 4625 consuevit.
3779 4557 3824 4614 Si

2282 4663 2495 4729 quando
2522 4671 2699 4715 autem
2753 4662 2991 4730 graviter
3038 4673 3361 4729 coarctatur,
3422 4652 3825 4729 iuiquumscvix

2282 4752 2571 4821 superﬁcie
2596 4766 2749 4808 tenus
2778 4753 3081 4816 conﬁtetur,
3113 4756 3233 4824 quia
3264 4756 3472 4811 interna
3499 4769 3590 4809 sua
3611 4751 3825 4817 detegere

2238 4843 2462 4913 ‘veraci
2487 4846 2821 4898 confessione
2850 4844 3215 4900 confunditur.
3248 4846 3410 4914 Quasi
3440 4844 3590 4901 liberi
3617 4852 3733 4896 vero
3755 4848 3827 4897 διι-

2283 4949 2423 4998 mus,
2457 4950 2575 4987 cum
2607 4935 2747 4988 nulla
2776 4937 3117 5003 correptione
3146 4940 3502 5008 castigantur;
3549 4935 3569 4973 ί
3601 4930 3828 4986 vincimur

2280 5034 2477 5088 autem,
2506 5040 2627 5079 cum
2659 5025 2869 5096 ﬂagello
2897 5030 3259 5097 percussionis
3285 5028 3644 5099 astringimur.
3684 5014 3827 5075 Vincti

2286 5115 2446 5184 igitur
2496 5125 2645 5169 tanto
2672 5116 2834 5189 8&1
2881 5120 3179 5174 clamamus
3209 5120 3389 5186 altius,
3428 5128 3625 5189 quanto
3651 5117 3699 5169 in
3728 5125 3826 5181 per-

2285 5204 2533 5260 eussione
2566 5204 2724 5273 positi
2767 5218 2984 5276 peccata
3036 5218 3216 5263 nostra
3260 5210 3501 5265 veracins
3526 5208 3824 5263 CODIIIOIIIUI‘.

2289 5294 2442 5365 Apud
2468 5311 2627 5352 aures
2664 5300 2866 5369 quippe
2903 5300 2999 5356 Dei
3030 5317 3135 5355 vox
3168 5301 3340 5356 valida
3366 5301 3558 5356 devota
3600 5290 3829 5353 coniessio

2366 5462 2389 5491 ο
2438 5454 2757 5526 Εάίιί,.ςα’ρε
2809 5473 2864 5510 se
2901 5459 3128 5513 simulat.
3158 5454 3395 5524 Turon.,
3450 5469 3546 5526 pro
3598 5449 3827 5507 simulare.

2290 5524 2453 5579 habet
2482 5524 2849 5582 demonstrare.

2367 5593 2388 5634 ί
2425 5597 2644 5670 Ebrnic.
2663 5608 2717 5652 et
2740 5600 2826 5670 alii
2848 5598 3064 5665 Norm.,
3087 5600 3235 5670 quasi
3259 5597 3504 5670 vincimur
3533 5604 3709 5670 autem.
3736 5589 3828 5642 ile-

2292 5665 2393 5720 lius
2422 5669 2707 5739 respondet
2738 5668 2890 5726 alteri
2921 5665 3183 5741 membro,
3230 5669 3378 5741 quasi
3424 5668 3571 5722 liberi
3614 5676 3719 5721 vero
3754 5674 3828 5714 stt-

2293 5752 2425 5791 mus.
