4036 6348
281 347 389 411 385

1041 347 1392 410 llORALlUM
1429 350 1564 412 LIB.
1606 352 1796 412 XXVI.
1839 379 1910 396 --
1948 351 2016 408 IN
2055 349 2296 424 CAPUT)
2337 349 2561 408 XXXlV
2604 351 2665 408 Β.
2706 352 2847 410 JOB.

3466 351 3642 415 686'

280 479 386 526 est.
415 465 549 537 Quia
578 480 707 534 ergo
747 465 1087 522 simul'atores
1117 481 1378 540 quosque,
1423 471 1584 526 etiam
1613 485 1732 526 cum
1765 486 1884 539 per-
1912 475 1963 535 Α
1990 477 2233 522 nostrum
2283 469 2493 538 longius
2543 479 2820 540 evagatur.
2883 470 3064 542 Longe
3107 485 3237 542 ergo
3280 476 3574 544 prophetas

280 561 548 618 cussioois
581 561 784 632 ﬂagella
815 561 1138 630 corripiunt,
1169 561 1235 615 ad
1287 562 1714 644 confessionem’
1740 563 1877 618 sim-

281 653 474 721 plicem
503 667 606 707 non
637 653 930 722 perducunt
970 654 1242 723 (cognosci
1274 656 1414 709 enim
1447 665 1758 722 peccatores
1790 671 1877 711 re-

279 747 510 814 fugiunt,
543 744 665 815 quia
698 746 867 798 sancti
913 745 1149 797 omnium
1206 746 1460 813 Opinione
1513 745 1872 816 ferebantur),

278 838 528 900 quamvis
558 852 650 890 eos
671 836 736 890 ad
771 845 1076 889 extremum
1096 835 1204 904 jam
1228 837 1435 906 ﬂagella
1461 836 1674 901 feriant,
1698 852 1880 906 quaru-

278 930 358 976 vis
399 925 518 980 duci
562 942 619 979 se
650 925 714 978 ad
751 934 948 979 mterna
997 926 1253 995 supplicia
1286 943 1391 981 non
1429 928 1696 996 ignorent,
1747 926 1878 982 tales

279 1028 457 1069 l'lillell
487 1017 709 1084 cupiunt
741 1016 879 1085 apud
906 1016 1140 1071 humana
1181 997 1383 1088 judicia
1415 1033 1713 1083 remanere,
1745 1034 1878 1089 qua-

278 1110 357 1159 les
420 1123 480 1162 se
535 1108 851 1162 studuerant
908 1124 1122 1178 semper
1180 1113 1488 1167 ostendere.
1546 1113 1878 1181 Deprehensi

275 1193 412 1266 ergo
435 1200 594 1254 etiam
624 1199 832 1269 ﬂagello
864 1203 1228 1268 pereussionis
1259 1213 1538 1268 extremm,
1582 1205 1704 1274 quia
1737 1219 1874 1258 con-

277 1293 568 1347 fessionem
595 1308 779 1363 puram
810 1294 896 1347 vel
925 1295 1110 1348 afﬂicti
1142 1311 1370 1350 exerere
1394 1295 1685 1366 negliguut,
1720 1299 1874 1365 quasi

275 1384 440 1438 vincti
473 1387 703 1440 clamare
727 1390 1101 1441 contemnunt.
1155 1388 1300 1444 Bene
1336 1405 1466 1460 ergo
1494 1389 1690 1445 dicitur
1717 1406 1729 1444 :
1764 1389 1876 1444 Ne-

274 1492 375 1546 que
401 1477 690 1530 clamabunt
721 1494 833 1530 cum
864 1479 1017 1531 vineti
1054 1480 1263 1547 fuerint.

350 1566 440 1620 61.
477 1566 774 1637 Hypocrita:
806 1579 1008 1622 sanctos
1050 1587 1134 1636 se,
1165 1588 1268 1624 non
1298 1572 1419 1640 quia
1440 1581 1588 1635 sunt,
1621 1575 1710 1626 sed
1733 1571 1862 1641 quia

277 1660 545 1723 dicuntur,
569 1661 883 1714 existimant.
927 1661 1074 1715 Vana
1104 1680 1191 1731 spe
1222 1664 1410 1726 delusi,
1444 1665 1512 1716 ad
1538 1665 1875 1732 confessionis

271 1752 556 1803 remedium
594 1752 744 1804 etiam
794 1753 847 1804 in
877 1753 1118 1805 extremis
1162 1769 1264 1805 non
1306 1754 1629 1823 confugiunt.
1664 1754 1738 1806 Ab
1776 1755 1872 1806 ha-

1985 563 2452 630 prrevaricatorem
2486 564 2671 627 mittit,
2703 580 2826 619 cum
2856 581 2977 619 eum
3011 566 3075 619 ad
3104 581 3198 621 cor
3228 582 3382 622 suum
3431 569 3575 624 redi-

1982 667 2041 706 re
2065 653 2375 721 compellit,
2413 655 2535 723 quia
2579 670 2686 723 quo
2716 671 2774 710 se
2819 659 3055 711 exterius
3099 656 3250 722 fudit,
3285 674 3350 712 eo
3398 663 3463 712 ad
3509 674 3569 716 se

1981 745 2126 798 unde
2148 746 2601 814 possitredirevix
2622 747 2842 801 invenit.
2870 749 3001 814 Quia
3037 764 3164 803 vero
3194 751 3568 805 simulatorum

1983 852 2136 890 mens
2166 853 2261 905 pro
2292 853 2357 892 eo
2399 839 2539 908 quod
2570 839 2638 892 ab
2677 853 2778 892 una
2811 841 3124 894 aeternitatis
3156 841 3453 895 intentione
3491 841 3573 894 di-

1979 926 2197 992 viditur,
2238 928 2622 998 cogitationum
2657 929 3024 998 multiplicium
3057 930 3403 984 inundatione
3449 945 3570 984 vas-

1983 1024 2143 1085 tatur,
2182 1026 2330 1072 recte
2357 1019 2733 1087 subjmgitnr:

2519 1110 2745 1164 CAPUT
2787 1107 3024 1163 XXXIV.

2041 1199 2219 1256 .Vens.
2255 1200 2342 1253 Η.
2376 1228 2447 1239 —
2477 1198 2730 1252 Morietur
2750 1200 2804 1252 in
2835 1209 3126 1270 tempestate
3176 1215 3346 1252 anima
3373 1215 3566 1254 eorum.

2049 1290 2212 1360 842
2242 1289 2329 1343 62.
2359 1288 2676 1358 Tempestate
2695 1291 2862 1344 subita
2879 1289 3159 1360 hypocrita:
3186 1294 3570 1344 moriuntur.—

1979 1382 2142 1450 Quasi
2168 1386 2451 1454 tranquille
2495 1400 2723 1451 namque
2745 1384 3064 1436 videbantur
3103 1385 3316 1449 vivere,
3350 1398 3469 1435 cum
3497 1382 3568 1437 de

1981 1476 2281 1531 sanetitatis
2309 1487 2562 1530 curarent
2586 1476 2740 1533 laude
2754 1475 3010 1544 gaudere.
3032 1475 3135 1530 Sed
3166 1482 3572 1544 tempestatesu-

1981 1569 2090 1624 bita
2105 1567 2290 1625 eorum
2308 1570 2742 1634 auitna-imiritur,
2761 1585 2880 1635 qua:
2896 1570 3140 1622 humana:
3157 1567 3327 1623 laudis
3343 1570 3572 1636 pessima

1978 1663 2372 1730 tranquillitate
2400 1662 2701 1716 Izntabalur.
2742 1660 3064 1730 Plerumque
3093 1662 3270 1716 subito
3301 1661 3573 1729 inopinata

1978 1761 2268 1821 tempestas
2291 1769 2452 1807 omne
2497 1753 2639 1822 quod
2671 1768 2764 1807 aer
2808 1752 2832 1789 δ
2858 1767 3111 1806 serenum
3161 1753 3435 1820 blanditur
3467 1753 3571 1806 im-

271 1843 408 1894 mine
433 1843 577 1912 longe
604 1860 737 1909 stupe
759 1845 913 1897 distat
943 1846 1050 1914 rjus
1073 1837 1180 1898 cor.
1235 1877 1308 1888 —
1339 1846 1594 1913 Quamvis
1645 1846 1866 1915 intelligi
1900 1869 1945 1928 Β
1985 1855 2194 1914 mutat;
2232 1855 2287 1899 et
2318 1861 2382 1898 eo
2427 1845 2724 1907 periculum
2758 1843 2913 1898 vitari
2952 1861 3058 1898 non
3107 1853 3312 1914 potest,
3343 1859 3448 1912 quo
3473 1857 3573 1900 nec

269 1933 436 1987 etiam
468 1935 622 1989 aliter
655 1946 850 2004 petest.
901 1938 1087 1992 Omnis
1116 1938 1259 1992 enim
1309 1940 1419 2008 qui,
1478 1955 1597 1993 cum
1649 1941 1863 2009 iniquus

269 2020 372 2086 sit,
408 2023 510 2077 dici
547 2039 762 2081 sanctus
812 2027 880 2080 ab
912 2027 1219 2081 hominibus
1248 2044 1352 2082 non
1385 2030 1732 2098 pertimescit,
1765 2031 1869 2085 etsi

275 2112 519 2182 iniquum
545 2130 601 2169 se
623 2117 782 2170 tacita
813 2118 1135 2184 cogitatione
1160 2120 1522 2187 reprehendit,
1545 2131 1720 2175 tamen
1742 2121 1868 2176 dum

272 2211 473 2276 srpius
517 2219 758 2263 sanctum
792 2211 978 2265 audire
1022 2227 1080 2266 se
1109 2214 1334 2280 cmperit
1361 2256 1373 2277 ,
1407 2213 1510 2266 hoc
1537 2213 1683 2282 quod
1714 2213 1779 2267 de
1807 2227 1867 2268 se

274 2301 601 2358 intrinsecus
631 2303 849 2357 tenebat
870 2305 1086 2358 amittit.
1120 2305 1225 2359 Cor
1255 2305 1454 2374 quippe
1483 2307 1726 2360 exterius
1756 2307 1866 2360 fon-

273 2396 354 2448 th't
376 2438 390 2460 ,
429 2405 483 2450 et
512 2396 636 2466 quia
670 2397 899 2451 libenter
935 2397 1063 2450 foris
1097 2397 1287 2450 falsum
1320 2400 1387 2452 de
1415 2414 1474 2452 se
1505 2399 1866 2452 testimonium

273 2488 498 2556 recipit,
531 2489 741 2553 qualem
782 2504 841 2542 se
868 2490 1010 2543 intus
1043 2489 1238 2544 habeat
1281 2507 1386 2544 non
1432 2492 1679 2559 requirit.
1719 2491 1869 2547 Unde

271 2579 334 2634 ﬁt
359 2592 416 2634 ut
447 2597 630 2635 vacua!
658 2582 828 2636 laudis
847 2583 1083 2637 fomenta
1107 2585 1268 2638 etiam
1295 2600 1414 2638 cum
1440 2585 1701 2642 defuerint
1724 2602 1868 2656 quaa-

277 2681 393 2738 rat,
426 2681 481 2728 et
507 2673 704 2728 oblitus
735 2675 875 2742 quod
909 2686 989 2730 ρει
1020 2686 1236 2744 appetat
1267 2677 1436 2731 videri
1460 2680 1600 2747 quod
1628 2695 1732 2732 non
1761 2687 1864 2732 est.

273 2761 434 2837 [νει.
463 2763 711 2835 ΧΧΙΧ.]
765 2765 927 2835 Igitur
956 2769 1044 2836 qui
1091 2769 1223 2822 tales
1256 2780 1414 2834 sunt,
1445 2769 1572 2822 dum
1607 2770 1779 2838 justos
1809 2787 1868 2827 se

273 2866 401 2912 ante
449 2859 683 2913 humana
733 2859 922 2926 iudicia
979 2859 1258 2921 simulant,
1303 2862 1428 2914 dum
1459 2861 1699 2916 actiones
1743 2878 1868 2918 suas

272 2948 523 3005 laudibus
547 2951 736 3019 dignas
767 2953 1083 3005 intuentium
1111 2953 1279 3007 oculis
1307 2962 1618 3019 ostentant,
1653 2956 1864 3008 eoenlta

273 3055 397 3094 cum
447 3043 525 3096 eis
565 3043 767 3111 justitia
819 3044 1014 3114 agitur,
1049 3054 1106 3098 ut
1159 3062 1264 3114 quo
1297 3046 1539 3101 nituntur
1569 3048 1698 3100 foris
1727 3049 1867 3103 alios

272 3131 487 3197 fallere,
519 3147 584 3186 eo
615 3137 681 3187 de
710 3135 929 3189 seintus
960 3137 1119 3190 etiam
1154 3137 1253 3202 ipsi
1280 3135 1550 3193 fallantur.
1597 3139 1728 3192 Nam
1752 3155 1868 3194 om-

274 3236 404 3275 nem
456 3223 597 3277 circa
643 3238 704 3277 se
733 3225 981 3280 sollicitae
1013 3229 1446 3296 investigationis
1502 3232 1713 3285 oculum
1743 3246 1866 3300 per-

270 3313 429 3367 dunt.
462 3313 640 3369 Vitam
671 3317 814 3371 enim
840 3331 991 3370 suam
1038 3327 1091 3372 et
1139 3319 1411 3375 discutere
1434 3331 1486 3376 et
1530 3323 1860 3389 perscrutari

269 3401 631 3470 dissimulant,
665 3406 758 3461 sed
791 3407 922 3460 tales
943 3422 1002 3462 se
1026 3409 1213 3478 quales
1236 3411 1459 3464 audiunt
1488 3424 1700 3479 putant,
1733 3429 1864 3468 san-

270 3502 495 3564 ctosque
523 3510 582 3550 se
603 3511 750 3559 esse,
786 3511 888 3550 non
920 3497 1040 3564 quia
1069 3499 1137 3551 ita
1161 3500 1369 3565 vivunt,
1403 3500 1498 3554 sed
1530 3502 1649 3570 quia
1680 3502 1750 3555 ita
1782 3502 1863 3556 di-

269 3592 486 3648 cuntur,
520 3585 850 3639 existimant.
883 3587 1092 3641 Subtile
1121 3597 1298 3642 autem
1331 3588 1422 3642 Dei
1461 3589 1739 3658 judicium,
1776 3607 1862 3647 se—

270 3693 379 3746 que
411 3678 554 3747 ipsos
585 3679 780 3734 intueri
812 3680 1104 3749 negligant,
1138 3681 1256 3749 quia
1291 3681 1446 3733 fidem
1479 3682 1561 3734 sui
1595 3683 1774 3737 meriti
1806 3685 1858 3737 in

268 3771 617 3826 attestatione
647 3782 851 3842 ponunt
880 3776 994 3828 oris
1023 3774 1208 3829 alieni.
1230 3775 1359 3828 Cum
1386 3789 1512 3829 vero
1540 3777 1710 3830 subita
1742 3793 1862 3846 per-

267 3862 520 3918 cussione
548 3862 845 3929 feriuntur,
888 3863 1097 3932 iniquos
1140 3878 1199 3918 se
1228 3865 1307 3918 vel
1342 3865 1604 3921 veraciter
1657 3867 1854 3936 fateri,

268 3949 355 4006 vel
385 3951 522 4005 sicut
568 3961 715 4016 sunt,
748 3951 1154 4022 deprehendere
1198 3955 1417 4008 omnino
1450 3971 1555 4009 non
1603 3967 1858 4025 possunt,

265 4040 395 4110 quia
428 4041 676 4096 videlicet
702 4053 917 4098 sanctos
948 4058 1006 4098 se
1038 4045 1268 4098 humana
1302 4047 1637 4115 professione
1681 4049 1858 4103 credi-

267 4130 484 4185 derunt.
541 4134 684 4187 Bene
727 4146 856 4202 ergo
908 4133 1354 4202 dicitur:Neque
1403 4136 1695 4190 clamabunt
1743 4154 1858 4192 cum

262 4220 424 4271 vincti
450 4219 658 4289 fuerint.
694 4221 798 4290 Spe
825 4222 966 4296 enim
993 4237 1155 4278 vacua
1177 4226 1309 4279 tales
1336 4241 1394 4279 se
1417 4237 1540 4281 ante
1562 4242 1854 4296 supernum

261 4307 502 4378 judicem
532 4313 716 4366 venire
745 4294 1044 4377 confidunt,
1079 4316 1264 4382 quales
1285 4331 1344 4370 se
1375 4316 1676 4371 hominibus
1709 4320 1861 4374 inno-

268 4402 438 4456 tuisse
461 4412 826 4473 cognoscunt;
858 4419 1024 4473 seque
1048 4405 1193 4474 ipsos
1220 4408 1403 4460 miseri
1435 4425 1534 4464 nec
1563 4410 1704 4464 inter
1739 4424 1854 4466 tur-

264 4504 445 4546 meuta
468 4493 896 4562 deprehendunt,
921 4504 974 4549 et
1002 4496 1125 4550 dum
1159 4498 1524 4553 testimonium
1560 4499 1707 4556 falsa:
1738 4503 1852 4556 lau-

259 4582 348 4637 dis
378 4584 674 4653 aspiciunt,
705 4585 996 4640 remedium
1023 4602 1165 4640 vera:
1190 4587 1542 4643 confessionis
1573 4591 1848 4646 amittunt.

1976 1939 2146 2006 potuit
2190 1938 2494 2006 prtevtderi.
2546 1936 2696 1991 Unde
2725 1938 3096 2000 simulatores,
3147 1939 3235 2006 qui
3275 1938 3398 1991 vita:
3445 1952 3557 1991 sua:

1974 2029 2273 2083 custodiam
2304 2029 2598 2100 negligunt,
2630 2030 2682 2082 in
2717 2038 3034 2098 tempestate
3065 2031 3198 2083 mori
3230 2031 3565 2084 referuntur.

1977 2121 2111 2176 llinc
2149 2123 2346 2191 quippe
2371 2138 2464 2176 eos
2498 2122 2652 2175 turbo
2679 2123 2890 2176 subitus
2921 2122 3148 2176 internae
3199 2123 3563 2191 percussionis

1975 2212 2152 2282 ejicit,
2199 2228 2333 2282 quos
2364 2213 2666 2282 arrogantia
2703 2203 2909 2267 externi
2963 2215 3157 2268 favoris
3207 2214 3456 2276 extollit;
3509 2220 3566 2268 et

1975 2304 2100 2358 dum
2135 2306 2533 2368 amplectuntur
2565 2305 2618 2359 in
2649 2305 2802 2359 laude
2828 2291 2968 2374 quod
3010 2319 3116 2358 non
3147 2314 3300 2370 sunt,
3346 2313 3569 2367 repente

1973 2397 2253 2450 inveniunt
2294 2398 2344 2450 in
2377 2396 2579 2449 ultione
2617 2395 2758 2464 quod
2791 2403 2935 2448 sunt.
2967 2393 3121 2466 [γει.
3151 2393 3370 2465 XXX.)
3413 2394 3558 2449 Bene

1973 2496 2152 2540 autem
2203 2503 2296 2554 per
2342 2486 2685 2550 Salomonem
2738 2485 2975 2540 dicitur:
3009 2485 3276 2550 Quomodo
3323 2485 3570 2554 probatur

1974 2576 2026 2628 in
2072 2578 2377 2644 con/lutorio
2421 2585 2722 2644 argentum,
2776 2587 2820 2628 et
2877 2577 2930 2627 in
2968 2580 3175 2644 fornace
3222 2591 3448 2639 aurum,
3492 2575 3571 2629 sic

1973 2666 2218 2735 probatur
2240 2667 2392 2719 homo
2425 2684 2510 2720 ore
2535 2666 2798 2719 laudantis
2829 2664 3022 2738 (Prov.
3057 2681 3200 2720 xxvn
3220 2708 3234 2731 ,
3263 2664 3386 2734 21).
3424 2665 3568 2720 Laus

1972 2757 2166 2824 quippe
2220 2773 2312 2810 sua
2365 2758 2541 2824 justus
2598 2757 2829 2822 cruciat,
2876 2754 3107 2838 "iniquos
3175 2758 3393 2810 exultat.
3451 2755 3558 2812 Sed

1967 2847 2142 2917 justus
2173 2848 2296 2902 dum
2329 2848 2529 2903 cruciat
2563 2859 2748 2918 purgat
2775 2893 2789 2916 ,
2816 2850 3028 2917 iniquos
3058 2849 3179 2902 dum
3213 2848 3448 2902 lartificat
3476 2864 3562 2902 re-

1974 2937 2170 3003 probos
2196 2946 2477 2991 monstrat.
2507 2938 2594 2991 lsti
2615 2939 2758 2991 enim
2784 2952 2880 2991 sua
2903 2938 3058 2992 laude
3094 2947 3402 3007 pascuntur,
3435 2940 3561 3008 quia

1972 3027 2212 3080 auctoris
2256 3028 2336 3079 sui
2388 3027 2616 3097 gloriam
2652 3042 2755 3080 non
2788 3027 3110 3094 requirunt.
3141 3029 3215 3081 Illi
3265 3037 3443 3084 autem
3472 3028 3562 3099 qui

1972 3118 2208 3171 auctoris
2238 3118 2461 3185 gloriam
2489 3115 2756 3187 quzerunt,
2813 3133 2906 3173 sua
2941 3120 3096 3174 laude
3128 3121 3456 3185 cruciantur,
3491 3135 3562 3176 ne

1974 3222 2081 3261 non
2105 3208 2175 3260 sit
2208 3209 2350 3261 intus
2369 3208 2511 3277 quod
2539 3207 2669 3261 foris
2692 3207 2907 3274 dicitur,
2939 3224 3030 3273 ne,
3064 3209 3108 3262 si
3134 3210 3392 3264 estetiam
3419 3209 3564 3278 quod

1892 3264 1936 3324 Ο
1973 3297 2186 3360 dicitur,
2212 3308 2336 3353 ante
2382 3299 2471 3352 Dei
2504 3299 2688 3353 oculos
2714 3289 2850 3368 ipsis
2883 3299 3153 3354 favoribus
3175 3311 3460 3355 vacuetur:
3492 3315 3562 3357 ne

1971 3385 2201 3441 humana
2243 3389 2355 3441 laus
2387 3389 2550 3442 robur
2584 3387 2774 3443 mentis
2815 3391 3087 3454 emolliat,
3132 3405 3361 3461 eamque
3393 3392 3444 3446 iu
3475 3392 3560 3447 sui

1967 3477 2328 3536 delectatione
2362 3489 2698 3548 prosternat;
2732 3490 2786 3534 et
2818 3496 2935 3548 qua:
2982 3481 3349 3548 adiumentum
3397 3482 3558 3552 debet

1967 3583 2088 3623 esse
2111 3570 2340 3638 augendi
2383 3570 2581 3639 operis,
2611 3570 2721 3638 jam
2753 3569 3033 3625 retributio
3064 3572 3133 3624 sit
3163 3571 3385 3626 laboris.
3417 3571 3554 3630 Cum

1967 3677 2097 3717 vero
2138 3677 2231 3716 sua
2267 3665 2530 3732 prteconia
2563 3664 2615 3715 in
2648 3661 2740 3716 Dei
2786 3663 2996 3727 laudent
3029 3663 3250 3719 tendere
3281 3665 3556 3735 sentiunt,

1967 3769 2030 3809 ea
2099 3753 2260 3807 etiam
2329 3752 2759 3806 desiderabiliter
2817 3752 3234 3820 amplectuntur.
3286 3753 3556 3824 Scriptum

1967 3857 2196 3911 namque
2227 3851 2308 3896 est
2334 3858 2346 3893 :
2393 3841 2607 3894 Videant
2635 3858 2790 3910 opera
2819 3853 2984 3896 vestra
3014 3843 3145 3896 bona
3163 3886 3177 3909 ,
3203 3854 3250 3897 et
3270 3845 3557 3914 gloriﬁcent

1966 3931 2181 3986 Patrem
2209 3943 2429 3987 vestrum
2451 3933 2540 4004 qui
2560 3934 2614 3986 in
2636 3936 2771 3986 caelis
2794 3943 2869 3987 est
2909 3935 3136 4000 (illattli.
3165 3952 3216 4003 v,
3251 3935 3371 4006 16).
3409 3939 3556 3994 Viam

1967 4042 2027 4081 se
2054 4042 2180 4096 ergo
2214 4026 2522 4080 hominibus
2545 4026 2767 4093 faciunt,
2801 4030 3014 4096 quoties
3045 4029 3096 4082 in
3127 4046 3186 4084 se
3217 4031 3416 4101 aliquid
3449 4048 3555 4102 quo

1968 4117 2112 4173 Deus
2143 4129 2496 4188 cognoscatur
2520 4119 2830 4181 ostendunt,
2881 4121 3000 4188 quia
3030 4137 3133 4174 non
3161 4123 3376 4177 student
3405 4123 3456 4177 in
3488 4139 3551 4180 se

1965 4211 2252 4265 humanam
2288 4212 2496 4266 laudem
2534 4221 2554 4248 ε
2582 4210 2743 4280 ﬁgere
2767 4251 2782 4276 ,
2816 4210 2840 4248 ά
2877 4212 2970 4266 sed
3001 4224 3245 4280 qurerunt
3294 4230 3413 4288 eam
3459 4232 3553 4285 per

1963 4317 2022 4358 se
2047 4303 2252 4360 medios
2277 4303 2344 4358 ad
2372 4305 2603 4358 auctoris
2633 4303 2855 4373 gloriam
2890 4308 3240 4372 pet-transire.
3277 4310 3554 4378 Arrogan-

1963 4403 2042 4450 tes
2072 4405 2248 4451 autem
2279 4397 2527 4450 humanis
2551 4397 2796 4449 laudibus
2819 4397 2994 4450 mollia
3017 4399 3178 4452 cerda
3203 4402 3552 4473 prostituunt,

1961 4488 2083 4556 quia
2131 4489 2243 4541 suis
2289 4487 2559 4540 amoribus
2603 4497 3041 4553 corrumpuntur.
3086 4488 3163 4543 De
3193 4491 3390 4558 quibus
3419 4492 3552 4564 alias

1961 4580 2192 4633 dicitur:
2222 4579 2388 4633 Erunt
2419 4580 2647 4633 homines
2673 4580 2866 4648 seipsos
2896 4592 3123 4635 amantes
3175 4580 3261 4653 (Il
3298 4583 3430 4640 Tim.
3467 4601 3548 4654 ut,

261 4651 635 4731 Etiamivincti
661 4677 928 4732 ducuntur
949 4720 965 4743 ,
997 4685 1053 4732 et
1100 4694 1206 4732 non
1238 4678 1505 4746 clamant,
1538 4681 1660 4749 quia
1689 4725 1704 4748 ,
1755 4684 1855 4736 bu-
1880 4651 1936 4712 Β
1962 4672 2043 4742 9)ι
2096 4677 2231 4741 Alne
2281 4689 2407 4730 vero
2461 4673 2545 4728 ΙΙῙο
2595 4675 2668 4730 de
2693 4674 2792 4730 hac
2834 4691 3019 4730 eorum
3049 4679 3395 4746 corruptione
3423 4682 3550 4736 sub-

261 4782 441 4822 tutante
473 4767 642 4824 laudis
675 4768 1080 4838 importunitate
1121 4769 1379 4836 superati,
1424 4779 1638 4824 sanctos
1669 4787 1727 4826 se
1757 4773 1854 4826 mi-

257 4858 370 4912 seri
419 4868 472 4912 et
516 4874 636 4913 curn
683 4861 737 4913 in
791 4859 1023 4928 peccatis
1067 4861 1371 4914 moriuntur
1403 4869 1608 4928 putant.
1646 4862 1852 4930 Quibus

262 4952 405 5007 bene
438 4967 531 5022 per
558 4955 871 5022 prophetam
903 4955 1096 5009 dicitur
1128 4973 1141 5006 :
1170 4954 1371 5019 Redite,
1398 4955 1847 5022 prtevai'icatores,

254 5047 327 5099 ad
355 5030 443 5100 c‘or
472 5045 631 5115 (Isai.
663 5063 804 5113 xnvr,
844 5047 919 5117 8).
953 5048 1008 5103 Si
1041 5049 1184 5102 enim
1231 5049 1296 5102 ad
1341 5063 1435 5102 cor
1462 5048 1720 5112 redirent,
1757 5065 1850 5117 per

253 5140 552 5194 exterioris
601 5140 958 5196 attestationis
1007 5156 1065 5194 se
1104 5141 1266 5196 verba
1322 5149 1347 5177 ⁸
1378 5156 1485 5195 non
1534 5138 1842 5198 funderent.

254 5232 392 5285 Nam
425 5231 552 5300 quid
582 5231 812 5288 vicinius
843 5232 999 5286 nobis
1033 5243 1115 5287 est
1142 5232 1304 5286 corde
1337 5233 1564 5287 nostro?
1610 5235 1732 5302 quid
1753 5235 1848 5289 vvi-

254 5322 434 5378 einius
465 5324 618 5378 nobis
648 5333 729 5380 est
753 5340 813 5380 ea
845 5341 902 5379 re
933 5339 1053 5394 qua:
1098 5324 1236 5377 intra
1267 5339 1362 5378 nos
1393 5326 1515 5379 est?
1565 5324 1632 5379 Et
1665 5335 1842 5381 tamen

253 5432 380 5472 cum
412 5431 506 5486 per
534 5432 721 5485 pravas
763 5419 1121 5489 cogitationes
1159 5418 1450 5486 spargitur,
1507 5431 1538 5470 a
1567 5419 1720 5472 nobis
1749 5433 1845 5474 cor

331 5589 356 5616 ι
384 5577 637 5638 Viudoc.,
674 5575 884 5630 Ebroic.
910 5585 961 5630 et
989 5575 1076 5628 alii
1110 5574 1325 5636 Nnrm.,
1379 5593 1482 5628 non
1521 5567 1837 5647 spargerent.

331 5649 360 5687 ι
385 5651 436 5702 In
468 5649 667 5702 Pratel.
700 5658 753 5700 et
786 5649 920 5706 Utic.
972 5647 1253 5712 omittitur,
1289 5665 1540 5702 serentun.
1579 5650 1632 5702 ln
1668 5651 1838 5702 Edttis

253 5721 472 5789 legitur,
503 5737 594 5774 aer
618 5735 846 5773 serenus.
868 5721 1149 5790 Sequimur
1169 5719 1378 5788 Baluz.,
1402 5719 1582 5787 Culb.,
1607 5722 1648 5776 Τ
1657 5738 1839 5792 uron.,

253 5802 363 5847 εις.

331 5873 356 5902 ε
378 5862 606 5928 Turon.,
639 5862 774 5930 ﬁeri.

1957 4755 2227 4836 jungitur:

2515 4859 2741 4914 CAPUT
2773 4859 2992 4936 xxxv.

2026 4953 2156 5008 lett).
2181 4983 2250 4992 —
2274 4952 2341 5005 Et
2369 4953 2472 5006 vita
2497 4970 2672 5006 eorum
2704 4955 2833 5006 inter
2854 4953 3196 5021 e/feminatas.

2027 5047 2118 5101 65.
2158 5045 2459 5114 E/I‘eminati
2495 5056 2612 5100 sunt
2650 5047 2738 5115 qui
2771 5047 3006 5101 laudibus
3042 5047 3280 5102 humanis
3318 5065 3544 5102 corrum-

1956 5149 2168 5211 puntur.
2201 5137 2329 5194 --Si
2355 5139 2496 5191 enim
2537 5139 2758 5192 virtltter
2786 5138 3059 5205 viverent,
3085 5140 3200 5194 laus
3239 5139 3543 5195 transitoria

1959 5234 2098 5287 nulla
2121 5246 2216 5286 eos
2231 5232 2575 5302 corruptione
2607 5231 2838 5286 vitiaret.
2871 5231 3024 5287 Unde
3047 5232 3231 5286 electis
3265 5233 3533 5296 Pmplieta

1957 5327 2271 5395 persuadet.
2306 5326 2528 5380 dicens:
2561 5324 2791 5379 Viriliter
2822 5325 2989 5394 agite,
3034 5332 3083 5376 et
3112 5328 3430 5392 canfortetur
3451 5339 3538 5377 cor

1952 5430 2172 5474 vestrum
2197 5417 2369 5490 (Psal.
2405 5432 2535 5484 xxx,
2567 5416 2683 5486 25).
2719 5416 2912 5472 Dicens
2941 5414 3081 5469 enim
3112 5412 3342 5467 Viriliter
3369 5415 3534 5483 agite,

2025 5575 2050 5615 ά
2081 5577 2326 5645 Longip.,
2353 5577 2442 5629 sed
2470 5585 2701 5644 qttrrrtmt
2729 5590 2840 5627 eam
2869 5590 2958 5643 per
2975 5588 3030 5625 se
3057 5572 3239 5624 melius
3269 5573 3338 5625 ad
3363 5583 3536 5626 aucto-

1951 5650 2019 5701 ris
2042 5654 2258 5722 gloriunt
2291 5648 2619 5719 pertransire.
2645 5646 2888 5726 ln‘Utieq
2924 5645 3144 5723 Ριηιιρι.2
3180 5645 3535 5726 labrare...in

1949 5738 2003 5844 Ec
2033 5715 2258 5844 mediosB
2272 5715 2340 5844 ald
2373 5728 2629 5771 auctorem
2676 5716 2857 5786 gloriae
2891 5717 3223 5786 pertranst're.
3263 5715 3340 5772 Ita
3370 5716 3531 5772 etiam

1995 5796 2102 5844 olb.
2136 5803 2188 5844 et
2262 5809 2286 5843 a
2316 5806 2395 5844 ιιι.

1950 5792 2102 5848 Colb.
2136 5803 2188 5847 et
2222 5792 2395 5844 Balnz.
