4004 6350
527 202 627 264 387

1729 200 1974 260 SANCTI
2010 200 2344 261 GREGORII
2379 200 2597 261 MAGNI

3697 203 3804 265 388

528 316 575 376 et
605 322 917 395 conferatur
947 338 1036 378 cor
1065 330 1317 386 uestrum,
1350 319 1493 375 illico
1512 318 1786 388 subdidit,
1817 320 1971 391 quasi
2027 335 2114 376 se-
2142 323 2193 383 Α
2219 318 2395 389 Lapsa
2421 329 2497 376 est
2526 321 2582 374 in
2604 322 2774 381 lacum
2792 320 2896 381 vita
2916 336 3049 385 mea,
3078 328 3126 374 et
3149 328 3430 391 posuerunt
3469 320 3807 395 lapidem,“-

529 429 655 471 xum
680 414 861 477 cordis
885 416 1094 487 munire
1118 413 1347 475 curavit.
1380 425 1407 452 ιι
1433 414 1717 477 Luxuriosi
1733 416 1932 484 quippe
1963 429 2115 481 mens

528 512 907 577 corrumpitur,
947 509 992 563 si
1038 509 1198 563 rebus
1221 507 1541 565 transitoriis
1584 507 1901 571 delectatur.
1954 506 2119 578 Igitur

530 601 900 666 simulatorum
948 600 1057 655 vita
1102 600 1244 657 inter
1293 599 1630 657 elieminatos
1685 600 1934 667 moritur,
1990 599 2115 667 quia

531 691 705 750 laudis
763 693 969 749 luxuria
1023 700 1277 761 corrupta
1345 692 1631 760 reperitur,
1689 689 2115 755 l)Translatione

448 858 457 861 _
532 800 660 840 vero
684 783 785 840 alia
816 799 919 839 non
950 782 1178 839 habetur
1205 799 1221 838 :
1255 782 1369 837 Vita
1396 797 1575 837 eorum
1599 783 1731 839 inter
1756 781 2112 849 effeminatos,

420 914 427 921 .
529 876 661 941 sed,
722 874 841 929 Vita
910 889 1089 928 eorum
1140 873 1432 928 uulneretur
1460 873 1522 941 ab
1550 874 1770 944 angelis.
1823 872 2115 943 Utramque

530 979 707 1026 tamen
735 969 838 1025 etsi
887 982 1138 1023 sermone
1184 967 1486 1035 discrepat,
1536 967 1747 1022 ratione
1793 966 2109 1033 concordat,

529 1062 653 1133 quia
676 1060 1097 1116 ell‘eminatorum
1119 1057 1285 1125 vitam
1310 1058 1483 1127 angeli
1504 1058 1809 1126 vulnerant,
1834 1057 1962 1111 dum
1989 1074 2115 1111 nun-

529 1153 591 1208 tii
617 1152 857 1207 veritatis
881 1166 999 1206 eam
1039 1150 1233 1220 jaculis
1260 1160 1461 1205 sanctte
1507 1148 1901 1219 praedicationis
1942 1149 2115 1219 impn-

529 1257 716 1321 gnant.
764 1247 899 1316 Quia
930 1247 1091 1317 igitur
1121 1245 1188 1305 de
1213 1244 1561 1299 damnatione
1607 1241 1959 1317 reproborttm
1987 1241 2113 1313 quid

529 1350 719 1411 agatur
740 1340 1060 1405 audivimus,
1110 1338 1177 1391 de
1218 1335 1497 1406 ereptione
1546 1333 1827 1391 humilium
1866 1332 1994 1404 quid
2020 1346 2111 1403 se-

527 1443 722 1505 quatur
747 1434 1025 1488 audiamus
1057 1450 1070 1485 :
1634 1418 1641 1429 ί

603 1529 763 1583 Vens.
794 1527 880 1582 l5.
904 1520 1184 1595 -—Eripiet'
1198 1541 1477 1597 pauperem
1504 1525 1568 1578 de
1595 1523 1833 1594 angustia
1855 1539 1968 1577 sua.

598 1618 689 1673 6i.
713 1618 969 1687 Humiles,
995 1635 1110 1672 cum
1133 1620 1443 1684 moriuntur,
1470 1619 1533 1672 de
1553 1617 1789 1689 angustia
1809 1616 2109 1673 liberantur.

2216 429 2307 482 per
2360 430 2438 485 me
2485 411 2700 485 (Thren.
2732 428 2811 485 nt,
2842 415 2958 484 55).
3023 411 3169 487 [Vet_._
3222 409 3465 493 sine]
3514 414 3574 468 In
3624 414 3803 493 lacum

2214 502 2410 581 quippe
2446 502 2548 577 vita
2579 504 2776 571 labitur
2818 519 2943 573 cum
2975 504 3093 567 labe
3131 490 3422 593 iniquitatis
3463 503 3802 599 inq’tgngtgr‘.

2214 594 2376 665 Lapis
2406 610 2533 669 vero
2573 598 2955 677 superponitur
3001 612 3121 667 cum
3146 586 3309 669 etiam
3336 582 3471 685 dura

2216 686 2346 759 dine
2368 701 2523 759 mens
2568 688 2622 753 in
2652 698 2883 759 peccato,
2901 688 3210 756 devoratur,
3237 700 3294 761 ut
3323 691 3425 745 etsi
3455 690 3583 761 velit
3614 708 3810 747 exsur-

2215 793 2364 853 gere,
2394 779 2508 851 jam
2529 789 2819 851 utcumque
2846 796 2954 837 non
2979 783 3167 850 possit,
3192 766 3323 853 quia
3372 784 3544 839 moles
3567 783 3811 854 desuper

2221 872 2376 941 malae
2405 874 2809 945 consuetudinis
2852 875 3068 945 premit.
3096 876 3202 931 Sed
3233 877 3355 946 quia
3399 878 3595 949 divittze
3627 891 3811 949 poten-

2214 966 2302 1023 tia:
2331 966 2592 1037 subjacet,
2623 976 2676 1021 et
2703 977 2823 1039 post
2861 970 3158 1040 angustiam
3185 985 3365 1041 prava:
3390 972 3808 1028 consuetudinis

2214 1057 2283 1127 ad
2314 1058 2466 1123 bona:
2499 1058 2725 1127 actionis
2752 1060 3158 1129 amplitudinem
3195 1072 3217 1099 ο
3256 1073 3568 1135 revocatur,
3604 1065 3810 1119 idcirco

2215 1148 2412 1219 dicitur
2440 1165 2457 1204 :
2489 1148 2722 1207 Salvabit
2762 1160 2812 1205 te
2839 1152 2902 1205 de
2925 1169 3012 1207 ore
3035 1163 3253 1223 angusto
3285 1156 3549 1215 latissime.
3582 1155 3808 1213 Latissi-

2215 1255 2303 1313 me
2328 1242 2526 1313 quippe
2547 1241 2616 1298 de
2643 1257 2737 1305 ore
2783 1253 3011 1317 angusto
3039 1245 3296 1315 salvatur,
3328 1248 3415 1317 qui
3455 1256 3511 1305 et
3563 1260 3685 1325 post
3710 1250 3811 1305 ini-

2216 1333 2443 1407 qpitatis
2463 1335 2648 1405 jugum
2675 1334 2742 1391 ad
2768 1334 3068 1392 libertatem
3110 1336 3238 1393 boni
3286 1339 3464 1413 operis
3492 1341 3807 1415 paenitendo

2217 1424 2510 1479 reducitur.
3274 1440 3279 1449 '

2289 1514 2377 1589 66.
2412 1517 2623 1583 Quanta
2642 1522 2883 1592 angustia
2907 1530 2983 1576 est
3009 1522 3072 1576 ab
3101 1524 3419 1595 opprimente
3438 1528 3577 1601 mala
3597 1544 3810 1602 consue-

2217 1610 2395 1665 tudine
2435 1626 2710 1683 exsurgere
2734 1612 2860 1667 uelle
2890 1630 2981 1675 nec
3004 1631 3173 1687 posse.
3200 1645 3270 1675 -.-.-
3291 1616 3548 1695 Quaedam
3576 1634 3811 1693 namque

525 1741 597 1754 --
619 1711 829 1781 Pauper
857 1712 923 1766 de
943 1712 1186 1781 angustia
1218 1726 1313 1765 sua
1353 1711 1580 1778 eripitur
1605 1725 1726 1764 cum
1753 1709 2112 1778 unusquisque
2138 1700 2193 1760 Β
2216 1699 2242 1753 (ἓ
2261 1701 2410 1771 quasi
2439 1704 2676 1771 conclusi
2718 1705 2829 1762 oris
2872 1708 3119 1779 angustia
3164 1717 3249 1769 est
3292 1718 3317 1745 θ
3352 1709 3423 1783 ab
3469 1711 3811 1783 Opprimeate

526 1802 741 1859 humilis
774 1804 840 1858 de
864 1804 961 1857 hac
990 1802 1436 1871 peregrinationis
1463 1816 1575 1855 sum
1599 1797 1893 1863 afﬂictione
1918 1798 2112 1859 libera-
2215 1795 2353 1848 mala
2414 1798 2805 1861 consuetudine
2870 1812 3159 1869 exsurgere
3229 1801 3396 1871 velle,
3452 1817 3551 1865 nec
3613 1815 3803 1875 posse;

525 1906 631 1952 tur.
687 1896 819 1951 Nam
860 1905 915 1950 et
936 1894 1165 1949 assiduis
1194 1894 1282 1950 hic
1312 1894 1678 1949 tribulationis
1723 1894 2008 1963 premitur,
2052 1902 2112 1947 ut
2208 1882 2317 1954 iam
2343 1885 2555 1956 quidem
2582 1886 2855 1943 desiderio
2876 1889 2944 1957 ad
2968 1904 3200 1961 superna
3223 1893 3475 1963 tendere,
3505 1892 3603 1963 sed
3630 1893 3810 1965 adhuc

522 1990 587 2045 ad
610 1988 987 2060 requirendum
1008 2003 1148 2043 verae
1166 1986 1553 2043 consolationis
1574 1985 1826 2057 gaudium
1860 1997 2112 2053 provoce-
2210 1989 2332 2033 actu
2362 1982 2414 2041 in
2446 1980 2646 2051 inlimis
2673 1998 2987 2051 remanere;
3022 1988 3218 2055 przeire
3247 1988 3431 2059 corde,
3465 2005 3567 2049 nec
3614 1996 3799 2061 tamen

522 2089 629 2136 tur.
665 2080 814 2136 Unde
832 2089 886 2136 et
910 2079 1153 2147 sequitur
1178 2094 1194 2133 :

548 2166 549 2169 “
594 2171 719 2226 IBID.
748 2201 819 2212 -
837 2169 1003 2241 8&3
1026 2169 1092 2223 Et
1114 2167 1349 2223 reuelabit
1365 2170 1418 2222 in
1432 2166 1763 2224 tribulatione
1783 2184 1962 2223 aurem
1973 2169 2105 2237 eius.

592 2264 791 2318 Aurem
823 2264 876 2315 in
904 2260 1244 2315 tribulatione
1274 2260 1517 2315 revelare
1546 2267 1627 2314 est
1654 2258 1895 2314 auditum
1929 2248 2110 2314 cordis

504 2353 802 2409 verberum
836 2350 1007 2421 plagis
1044 2351 1279 2420 aperire.
1308 2348 1441 2403 Cum
1466 2349 1608 2405 enim
1641 2359 1904 2418 praecepta
1930 2349 2107 2419 despi-

519 2448 714 2511 cimus,
749 2445 834 2515 pia
864 2444 1206 2499 districtione
1252 2443 1533 2499 nobiscum
1564 2443 1759 2513 agitur,
1810 2452 1869 2497 ut
1898 2442 2107 2512 ﬂagella

517 2540 823 2598 timeamus.
874 2538 1073 2591 Aurem
1126 2536 1307 2606 itaque
1354 2535 1534 2591 cordis
1585 2522 1855 2589 tribulatio
1898 2537 2102 2603 aperit,

515 2646 676 2701 quam
700 2644 844 2700 saepe
874 2629 1031 2698 hujus
1061 2628 1241 2683 mundi
1270 2627 1600 2697 prostieritas
1624 2626 1976 2682 claudit.’Per
2014 2627 2105 2683 Sa-

520 2724 791 2779 lomonem
821 2735 1052 2790 namque
1079 2720 1276 2776 dicitur
1304 2737 1317 2773 :
1350 2720 1556 2774 Aversio
1587 2718 1913 2790 parvulorum
1941 2720 2102 2773 inter-

523 2816 655 2870 ficiet
684 2831 789 2881 eos,
818 2824 864 2869 et
912 2813 1227 2883 prosperitas
1267 2812 1541 2867 stultorum
1567 2811 1745 2881 perdet
1765 2808 1885 2865 illos
1917 2807 2098 2878 tProv.

516 2927 557 2976 ι,
589 2908 701 2980 52).
734 2908 985 2978 Sequitur
1015 2925 1028 2959 :

836 2999 1067 3056 CAPUT
1104 2998 1326 3055 XXXVI
1356 2998 1507 3071 [Rec.
1537 2995 1777 3070 XXIV].

2213 2069 2365 2140 sequi
2421 2084 2608 2141 opere,
2667 2081 2828 2146 atque
2872 2074 2925 2128 in
2982 2076 3273 2147 semetipso
3320 2078 3802 2149 contradictionem

2212 2159 2417 2235 perpeti
2444 2162 2810 2231 semetipsum.
2869 2164 3001 2233 Cum
3035 2180 3164 2221 vero
3219 2168 3293 2235 ita
3347 2169 3575 2239 tendens
3621 2172 3805 2233 anima

2219 2266 2380 2309 manu
2403 2252 2591 2322 gratia:
2617 2253 2903 2325 exaltantis
2935 2256 3237 2327 adjuvatur,
3267 2259 3335 2329 ab
3361 2270 3588 2337 angusto
3616 2278 3715 2325 ore
3738 2265 3803 2335 ad

2211 2341 2544 2417 latitudinem
2563 2345 2829 2415 pervenit,
2847 2348 2992 2418 quia,
3016 2350 3168 2405 victis
3189 2350 3800 2427 dilticultatibus,~opera

2213 2435 2350 2505 bona
2404 2436 2616 2507 perlicit
2638 2453 2757 2508 qua:
2786 2441 3136 2513 concupiscit.
3167 2442 3337 2515 David
3367 2444 3628 2519 propheta
3657 2463 3793 2517 con-

2207 2528 2502 2601 clusionem
2544 2530 2755 2599 angusti
2782 2534 2892 2587 oris
2922 2546 3285 2605 conspexerat
3308 2577 3325 2603 ,
3376 2552 3501 2611 cum
3535 2539 3747 2611 dicebat
3779 2558 3796 2595 :

2208 2618 2421 2695 Salvam
2463 2622 2625 2693 fecisti
2669 2624 2731 2678 de
2785 2626 3167 2697 necessitatibus
3222 2631 3449 2703 animam
3474 2647 3662 2703 meant,
3713 2649 3804 2687 nec

2205 2712 2498 2779 conclusisti
2522 2728 2603 2766 me
2617 2714 2672 2767 in
2696 2730 2879 2769 manus
2895 2716 3087 2772 inimici
3109 2719 3281 2795 (Psal.
3307 2736 3435 2801 κςιὰ
3468 2723 3548 2800 ll).
3578 2706 3802 2799 Latissi-

2210 2819 2297 2861 me
2321 2814 2500 2861 autem
2524 2807 2782 2877 salvatum
2806 2823 2866 2864 se
2890 2820 3130 2881 noverat,
3147 2815 3552 2889 cumsubderet,
3573 2818 3798 2889 dicens:

2207 2898 2448 2967 Statuisti
2469 2901 2521 2954 in
2555 2902 2665 2975 loco
2685 2904 2908 2973 spatioso
2927 2904 3077 2973 pedes
3093 2916 3228 2965 meos
3252 2884 3463 2979 (Ibid.).
3488 2884 3549 2977 in
3564 2884 3804 2983 spatioso

2206 2993 2404 3065 quippe
2450 2992 2567 3063 loco
2611 2994 2775 3063 pedes
2798 2995 3017 3065 stabiliti
3064 3005 3219 3064 sunt,
3248 2999 3465 3073 quando
3490 3011 3544 3065 et
3573 3004 3643 3057 ad
3670 3018 3804 3059 con-

492 3090 493 3093 “
595 3092 755 3148 Vens.
784 3091 873 3148 16.
904 3121 973 3131 —
1000 3076 1171 3159 Igitur
1212 3091 1431 3145 salvabit
1470 3099 1517 3142 te
1555 3090 1618 3143 de
1660 3104 1746 3144 ore
1771 3097 1990 3167 angusto
2023 3087 2108 3143 la-
2135 3084 2185 3150 C
2212 3082 2455 3153 gruemia
2487 3086 2624 3157 bona
2654 3084 2953 3154 tendimus,
2982 3095 3036 3142 et
3063 3088 3209 3165 nulla
3239 3078 3553 3163 difficultate
3582 3110 3793 3169 pricpe-

518 3186 727 3241 tissime.

596 3277 685 3334 65.
719 3254 931 3333 Peccati
985 3275 1298 3330 consuetudo
1328 3285 1506 3346 puteus
1533 3273 1872 3340 aratissimus,
1905 3289 1968 3328 ea:
2008 3290 2109 3347 quo

516 3370 630 3426 sola
668 3373 835 3444 gratia
885 3387 976 3424 nos
1025 3378 1189 3442 potest
1233 3370 1463 3423 educere.
1514 3366 1798 3423 —0tnnis
1843 3369 1934 3439 qui
1964 3356 2109 3429 vitae

515 3466 655 3519 viam
682 3464 940 3519 deserens
968 3462 1021 3516 in
1052 3471 1390 3535 peccatorum
1426 3475 1484 3516 se
1506 3460 1757 3516 tenebras
1784 3459 1989 3530 dejicit,
2021 3475 2107 3517 se—

514 3558 796 3626 metipsum
847 3555 1000 3626 quasi
1052 3542 1107 3608 in
1154 3563 1369 3623 puteum
1418 3554 1504 3608 vel
1541 3558 1748 3609 foveant
1780 3553 1998 3624 mergit.
2048 3554 2105 3610 Si

513 3662 644 3704 vero
670 3648 877 3704 diutina
921 3644 1525 3718 perpetratione‘etiam
1571 3647 1957 3703 consuetudine
2005 3647 2109 3703 ini-

514 3739 732 3813 quitatis
787 3730 1109 3808 opprimitur
1168 3752 1235 3793 ne
1288 3737 1352 3791 ad
1424 3738 1701 3808 superiora
1763 3738 1871 3808 jan‘t
1940 3739 2109 3809 poSsit

513 3846 829 3902 exsurgere,
863 3830 1013 3900 quasi
1046 3840 1275 3899 angusto
1306 3843 1400 3883 ore
1428 3830 1569 3898 putei
1594 3838 1924 3884 coarctatur.
1952 3829 2108 3886 Unde

514 3920 681 3975 David
701 3920 960 3990 propheta
981 3920 1079 3975 sub
1100 3921 1278 3989 specie
1296 3921 1630 3989 peccantium
1652 3931 1858 3988 exorat,
1877 3922 2064 3977 dicens
2091 3940 2105 3975 :

517 4011 639 4065 Non
668 4027 746 4065 me
774 4011 1032 4083 demergat
1056 4018 1328 4078 tempestas
1349 4004 1512 4081 aqute,
1541 4025 1704 4079 neque
1730 4012 1995 4065 absorbent
2024 4018 2105 4067 me

513 4103 853 4177 profundum,
896 4118 1055 4170 neque
1084 4110 1264 4173 urgeat
1311 4117 1464 4170 super
1508 4117 1588 4155 me
1633 4110 1817 4167 puteus
1870 4119 1926 4157 os
1954 4120 2107 4158 suum

517 4193 893 4268 (Psaliuvttt,
927 4189 1048 4263 16).
1086 4186 1255 4258 Quem
1282 4192 1424 4246 enim
1471 4191 1598 4247 mali
1629 4193 1807 4261 Operis
1853 4193 2104 4264 iniquitas

515 4286 708 4341 abona
728 4283 1017 4339 stabilitate
1063 4283 1375 4347 commOvit,
1425 4283 1581 4353 quasi
1614 4295 1905 4354 tempestas
1951 4302 2103 4357 aqua:

516 4379 727 4449 rapuit;
756 4377 848 4433 sed
870 4376 917 4431 si
956 4375 1131 4430 adhuc
1176 4374 1335 4445 longa
1378 4362 1766 4433 consuetudine
1814 4394 1919 4433 non
1965 4396 2101 4450 prte-

512 4471 702 4537 valuit,
731 4485 839 4525 non
871 4468 1149 4524 demersit.
1182 4466 1299 4522 1am
1331 4468 1385 4521 in
1409 4478 1627 4537 puteum
1655 4470 1850 4525 cecidit
1876 4472 1965 4542 qui
1999 4474 2102 4529 hoc
2127 4460 2176 4523 C

515 4564 657 4637 quod
700 4562 878 4617 divina
909 4561 994 4615 lex
1028 4560 1276 4630 prohibet
1320 4562 1663 4629 perpetravit.
1694 4561 1801 4618 Sed
1842 4562 1886 4617 si
1929 4564 2103 4637 adhuc

516 4660 675 4730 longa
706 4656 1040 4712 consuetudo
1062 4671 1171 4709 non
1195 4655 1471 4723 deprimit,
1504 4671 1839 4727 nequaquam
1866 4650 2101 4714 ossuum

518 4761 713 4825 puteus
741 4750 1135 4821 coangustavit.
1190 4748 1362 4803 Tanto
1398 4764 1533 4827 erga
1574 4750 1781 4805 facilius
1810 4752 2100 4823 egreditur,

517 4855 720 4918 quanto
752 4845 945 4900 minori
975 4845 1363 4915 consuetudine
1404 4834 1728 4898 coarctatur.
1782 4844 1935 4901 Unde
1957 4846 2107 4902 Jere-

520 4940 657 4994 mias
709 4930 1181 5009 propheta,‘dum
1240 4934 1478 4991 Iudaeam
1533 4936 1902 5006 iniquitatibus
1950 4939 2107 5011 longa

518 5028 909 5087 consuetudine
939 5028 1187 5084 obrutam
1214 5025 1378 5081 fuisse
1406 5026 1773 5097 conspiceret,
1819 5030 1873 5083 in
1905 5030 2108 5086 lamen-

516 5127 586 5181 tis
613 5125 725 5195 suis
746 5120 847 5178 sub
871 5120 988 5193 ejus
1008 5118 1191 5191 specie
1212 5120 1558 5189 semetipsum
1584 5110 1851 5191 deplOrat,
1876 5123 2103 5181 dicens:

591 5313 618 5341 ⁸
645 5301 902 5367 Vindoc.,
929 5297 1241 5355 Luxuriose.
1368 5365 1381 5367 _
1782 5352 1791 5363 ,

588 5375 617 5413 δ
648 5365 907 5429 Nimirum
941 5369 1084 5425 LXX
1114 5370 1336 5446 l_nterp.,
1366 5365 1555 5446 inqua
1579 5367 1771 5438 legitur
1796 5370 1846 5424 ἄν
1869 5371 2110 5446 χεριᾼάγ-

518 5449 696 5520 γέλων,
723 5447 778 5498 in
810 5459 965 5497 manu
986 5440 1320 5520 angelorum.
1370 5439 1583 5520 scilice_t_
1614 5439 1969 5520 sanet-orum,
1997 5439 2108 5494 for-

521 5509 922 5586 iasse'pmpter
962 5509 1279 5577 afﬁnitatem
1309 5523 1500 5586 vocum
1544 5509 1707 5586 Hebr.
1760 5510 2003 5586 Itudosclt,
2053 5519 2109 5586 et

518 5580 763 5654 kadesch,
784 5580 1007 5654 quarum
1026 5596 1130 5637 una
1154 5589 1419 5649 sanctum,
1442 5580 1606 5635 altera
1649 5582 1911 5645 cintedum
1938 5584 2105 5655 signi-

518 5657 886 5783 ﬂctthbroic“
919 5725 1142 5780 Vindoc.
1171 5730 1229 5777 et
1253 5720 1366 5785 alii,
1392 5737 1624 5777 revocare
1650 5731 1887 5778 meretur.
1920 5721 2109 5795 Belus.

2211 3174 2408 3230 dimur.
2442 3176 2603 3243 Quasi
2647 3179 2792 3251 enim
2824 3194 2920 3249 per
2964 3180 3128 3249 latum
3177 3184 3355 3255 locum
3401 3199 3509 3256 quo
3551 3187 3803 3249 volumus

2214 3267 2505 3343 pergimus,
2537 3270 2662 3340 quia
2693 3271 2858 3339 nullis
2887 3272 3118 3344 objectis
3146 3274 3556 3349 difﬁcultatibus
3598 3293 3799 3352 angus.

2213 3367 2406 3421 tamur.
3034 3410 3041 3417 ,
3154 3406 3161 3421 .

2209 3450 2376 3524 844.
2402 3452 2491 3521 67.
2521 3450 2590 3509 In
2610 3456 2745 3521 hunc
2776 3466 2979 3526 puteum
3008 3460 3253 3517 cecidisse
3284 3459 3385 3517 Job
3413 3463 3665 3519 immerito
3683 3480 3801 3529 cre-

2211 3545 2369 3607 ditus.
2398 3544 2593 3607 —Sed
2639 3546 2754 3609 hinc
2796 3548 2913 3609 Elin
2945 3558 3089 3606 recte
3116 3551 3348 3619 diceret,
3400 3555 3444 3608 si
3493 3556 3652 3623 beato
3696 3555 3798 3615 Job

2212 3639 2328 3706 ejus
2359 3638 2630 3697 sententia
2655 3641 2989 3696 conveniret.
3032 3641 3138 3696 Pro
3165 3643 3321 3713 culpa
3368 3643 3513 3703 enim
3562 3645 3802 3729 ﬂagella-

2211 3737 2324 3797 tunt
2372 3730 2626 3795 credidit,
2677 3740 2732 3787 et
2752 3730 2955 3805 idcirco
2983 3749 3102 3803 eum
3153 3734 3205 3789 in
3235 3749 3296 3791 os
3323 3745 3609 3809 angustum
3655 3741 3801 3811 ceci-

2210 3823 2356 3883 disse
2381 3823 2659 3895 judicavit.
2692 3825 2808 3892 Quo
2829 3828 2970 3883 enim
2998 3827 3345 3895 validioribus
3370 3831 3499 3907 vidit
3524 3847 3650 3901 eum
3692 3833 3803 3903 pla-

2209 3913 2289 3981 gis
2317 3913 2486 3980 allici,
2512 3929 2578 3975 ει)
2601 3914 2960 3979 deterioribus
2987 3917 3218 3983 credidit
3246 3918 3628 3989 iniquitatibus
3660 3939 3803 3991 pra:-

2212 4004 2450 4072 gravari,
2468 4004 2710 4073 profecto
2736 4004 2984 4063 nesciens
3003 4009 3148 4077 quod
3172 4010 3379 4079 llagella
3401 4009 3520 4081 eius
3543 4025 3802 4093 ᾳμκηιρρ·

2209 4101 2323 4153 ttnn
2353 4105 2535 4155 essent
2562 4096 2757 4162 meriti,
2787 4112 2892 4153 non
2926 4113 3084 4167 ptena
3108 4103 3494 4168 peccati.'C.nm
3522 4119 3656 4167 vero
3674 4120 3800 4167 eum

2209 4183 2263 4247 in
2292 4199 2354 4240 os
2379 4195 2659 4255 angustum
2688 4185 2949 4243 cecidisse
2971 4188 3228 4256 fateatur,
3252 4192 3615 4265 adhucquasi
3642 4193 3799 4255 latius

2208 4275 2518 4344 exsequitur
2568 4275 2623 4330 in
2671 4287 2869 4347 quanta
2905 4276 3025 4337 'Job
3092 4280 3759 4357 profunditateteneatur

2207 4364 2393 4427 dicens
2416 4382 2434 4421 :

2489 4478 2720 4535 carus
2758 4479 3003 4537 xxxvn
3042 4481 3187 4555 [γρι.
3230 4482 3505 4557 1x111].

2280 4573 2408 4627 luto.
2441 4599 2511 4612 --
2537 4572 2607 4627 Et
2633 4589 2735 4627 non
2756 4573 2968 4628 habente
2999 4572 3580 4644 fundamentunt'subter
3608 4596 3682 4633 se.

2279 4663 2368 4719 68.
2405 4664 2569 4731 Quem
2592 4666 2808 4720 includit
2822 4677 3006 4736 puteus
3029 4680 3202 4722 arctus
3220 4670 3370 4725 multa
3391 4674 3796 4738 consuetudinis,

2202 4757 2438 4825 internus
2470 4758 2740 4820 absorbet,
2772 4770 2819 4813 et
2846 4761 3216 4830 desperationis
3243 4764 3475 4834 abyssus.
3526 4797 3603 4809 ——
3622 4769 3795 4823 Omne

2211 4859 2488 4916 peccatum
2518 4847 2923 4905 fundamentum
2954 4866 3059 4906 non
3092 4854 3274 4921 habet,
3305 4856 3427 4925 quia
3452 4866 3648 4913 non‘ex
3678 4875 3797 4928 pro-

2214 4943 2327 5011 pria
2359 4950 2545 4996 natura
2576 4942 2839 4999 subsistit.
2870 4944 3067 4999 Malum
3096 4947 3294 5016 quippe
3332 4936 3449 5002 si'ne
3497 4950 3797 5006 substantia

2214 5042 2315 5088 est.
2340 5032 2491 5099 Quod
2521 5039 2721 5101 tamen,
2750 5043 3020 5105 utcunque
3047 5038 3137 5105 sit,
3164 5038 3220 5094 in
3249 5039 3377 5109 ι)ρηί
3408 5037 3429 5079 ί
3459 5051 3652 5096 natura
3676 5057 3798 5098 coa-

2214 5124 2385 5179 lescit.
2424 5122 2590 5191 Igitur
2610 5138 2673 5180 os
2710 5136 2997 5197 angustum
3038 5130 3243 5184 nullum
3288 5131 3475 5188 subter
3507 5146 3569 5188 se
3599 5134 3797 5189 dicitur

2207 5304 2263 5352 et
2281 5293 2457 5362 Colb.,
2480 5313 2719 5356 reuocare
2736 5302 2929 5356 idcirco
2946 5302 3150 5367 dicitur.

2280 5366 2308 5407 ¹¹
2327 5367 2578 5449 {jonnpni
2600 5371 2766 5449 Editi,
2797 5376 2942 5449 quasi
2971 5375 3330 5449 cunctationis.

2286 5450 2311 5515 ξ
2334 5438 2593 5515 _Longip.,_
2617 5441 2679 5495 ab
2706 5438 3035 5515 opprimentis
3058 5438 3225 5501 reatus
3241 5442 3378 5502 mala
3399 5451 3790 5508 consuetudine.

2288 5509 2307 5549 τ
2332 5511 2389 5565 In
2417 5509 2523 5595 vel.
2554 5513 2679 5595 ald”
2704 5509 2887 5595 naiura
2905 5532 3004 5595 non
3024 5518 3285 5595 coalescit,
3308 5520 3414 5595 Sed
3436 5535 3620 5595 contra
3646 5540 3794 5595 men-

2215 5591 2320 5661 ἔθη)
2355 5585 2525 5635 sane“
2555 5583 2796 5661 DPCFOTiS
2825 5586 3059 5661 {malum
3091 5583 3322 5661 enim
3353 5586 3491 5647 bono
3521 5583 3717 5661 oritur,
3737 5602 3793 5649 et

2213 5653 2265 5731 i_n
2292 5652 2433 5731 bono
2454 5652 2719 5725 consistit,
2753 5652 2810 5727 ut
2830 5657 2985 5731 docet
3015 5656 3067 5727 in
3102 5652 3346 5731 Encliir.,
3377 5676 3424 5717 c.
3462 5662 3547 5731 14,
3571 5652 3793 5721 sanctus

2186 5712 2571 5813 'Augustinus,
2616 5740 2646 5781 a
2684 5712 2805 5798 quo
2829 5720 2914 5781 vix
2967 5712 3205 5799 unquam
3219 5712 3425 5790 rec-edit.
3466 5712 3793 5807 aitEn-iii;
