4036 6348
255 354 362 414 389

991 352 1353 411 MORALIUM
1389 351 1521 409 LIB.
1564 348 1753 407 XXVI.
1793 379 1865 399 -ρ
1902 348 1969 404 IN
2006 348 2235 405 CAPUT
2268 346 2486 404 XXXIV
2524 347 2587 402 Β.
2624 341 2764 405 ῘΟΒ.

3409 344 3513 403 390

257 469 463 524 habere
498 464 936 531 fundamentum,
966 467 1093 535 quia
1115 468 1320 537 peccati
1338 465 1638 535 inquinatio
1662 474 1690 504 ει
1709 464 1839 520 sub.
1863 468 1918 524 Α
1942 463 2146 525 rivum;
2174 461 2336 534 855
2359 463 2563 531 quando
2580 467 2797 526 ueniam,
2828 469 2875 515 et
2902 461 3161 531 apparebo
3185 472 3305 517 ante
3335 464 3517 533 faciem

175 594 193 625 ε
250 556 580 625 sistendijus
594 569 700 617 non
712 555 870 610 habet
881 557 1176 625 proprium.
1190 557 1323 624 Quia
1335 571 1465 611 vero
1478 571 1510 611 a
1531 552 1698 610 fundo
1713 556 1846 610 dici-

218 630 225 635 .
254 656 344 707 tur
364 646 790 712 fundamentum,
814 661 1099 717 possumus
1130 647 1294 703 etiam
1321 648 1727 703 fundamentum
1746 660 1845 716 pro

255 739 422 794 {unde
441 742 671 809 positum
682 752 789 793 non
804 738 1239 795 inconvenieuter
1252 739 1512 808 accipere,
1539 738 1681 794 sicut
1697 737 1846 793 audi-

256 842 344 885 tus
356 832 423 884 ab
434 843 562 885 aure
572 829 844 894 dicitur,et
871 836 1047 885 tamen
1065 830 1377 900 plerumque
1391 832 1503 900 ipsa
1530 831 1676 884 auris
1695 829 1843 886 audi-

255 930 343 973 tus
362 918 578 974 nomine
589 914 915 987 designatur.
932 919 1064 979 Cum
1085 933 1214 990 ergo
1232 920 1437 976 diceret
1464 934 1522 973 os
1539 927 1842 990 angustum,

250 1009 483 1079 explere
512 1008 757 1077 profundi
779 1007 1086 1077 voraginem
1110 1011 1316 1077 volens,
1347 1010 1616 1065 subdidit:
1653 1009 1717 1065 Et
1738 1027 1844 1065 non

250 1099 469 1155 {tabente
486 1100 875 1169 fundamentum
889 1101 1058 1155 subter
1071 1116 1144 1154 se.
1157 1100 1326 1168 Quem
1342 1102 1485 1155 enim
1498 1102 1636 1169 rapit
1650 1100 1844 1171 iniqui-

249 1199 361 1258 tas,
382 1188 620 1245 infernus
644 1189 919 1245 absorbet.
935 1189 1178 1247 Inlernus
1190 1204 1318 1246 vero
1336 1187 1711 1257 rectefundum
1732 1206 1840 1246 non

254 1282 462 1339 habere
481 1282 733 1348 creditur,
757 1282 879 1352 quia
910 1283 1152 1352 quisquis
1181 1282 1249 1339 ab
1275 1283 1367 1341 illo
1394 1283 1623 1352 rapitur,
1651 1283 1704 1339 in
1750 1284 1843 1339 im-

251 1391 453 1433 menso
476 1375 740 1445 profundo
766 1378 1076 1430 devoratur.
1124 1374 1439 1445 Immensum
1470 1391 1700 1445 namque
1723 1377 1841 1444 ejus

253 1465 474 1535 explere
509 1465 841 1529 latitudinem
886 1464 1073 1521 voIens
1117 1466 1412 1535 propheta,
1437 1466 1512 1520 ait
1538 1484 1553 1517 :
1578 1464 1835 1535 Dilatauit

253 1558 487 1627 infernus
514 1558 739 1610 animam
765 1572 934 1624 suam,
960 1566 1009 1619 et
1030 1560 1226 1629 aperuit
1248 1574 1305 1612 os
1342 1575 1491 1612 suum
1510 1559 1703 1628 absque
1727 1558 1837 1623 ulla

254 1648 474 1701 termino
502 1644 657 1717 (Isai.
689 1664 743 1715 v,
769 1645 880 1717 14).
905 1647 1054 1711 Sicut
1071 1664 1196 1719 ergo
1209 1649 1325 1704 sine
1342 1650 1571 1706 termino
1586 1650 1837 1717 dilatatus

250 1737 454 1791 dicitur
482 1737 569 1805 qui
597 1736 661 1791 ad
693 1752 751 1790 se
782 1737 1035 1805 plurimos
1057 1738 1242 1805 trahit,
1263 1739 1335 1805 ita
1365 1738 1664 1795 sinel'undo
1692 1740 1835 1809 altus

1949 549 2046 605 Dei
2075 552 2245 621 (Psal,
2280 568 2406 617 sui,
2433 552 2523 622 3)?
2548 552 2670 606 Eliu
2697 554 2873 621 itaque
2915 549 2937 589 ί
2960 552 3015 606 in
3053 552 3212 607 beato
3234 552 3336 609 Job
3382 562 3519 625 tem-

1952 642 2156 713 poralia
2185 642 2406 698 verbera
2447 651 2772 697 retentorum
2796 641 2984 697 volens
3013 641 3359 699 retributione
3387 659 3520 713 eon-

1948 736 2131 802 solari,
2162 737 2303 806 quod
2342 737 2466 807 jure
2516 738 2567 792 ei
2615 737 2911 793 debebatur
2955 753 3022 793 ex
3052 739 3278 808 meritis,
3312 757 3379 795 ex
3431 755 3522 797 se-

1946 829 2175 899 metipso
2219 831 2371 897 quasi
2416 831 2651 898 gratuito
2694 831 2993 901 promittit,
3042 831 3269 886 dicens:
3306 833 3518 899 Requies

1945 930 2115 974 autem
2135 936 2323 975 mensae
2338 928 2439 975 tua:
2463 922 2558 975 erit
2582 921 2732 990 plena
2754 922 3081 994 pinguedine.
3112 922 3364 993 Sequitur
3397 942 3413 980 :

2301 1010 2528 1066 CAPUT
2549 1010 2771 1069 XXXIX
2794 1012 2941 1081 [Rec.
2961 1011 3059 1066 XX
3074 1010 3160 1084 η.

2020 1102 2184 1158 Vnus.
2215 1102 2304 1157 17.
2338 1130 2406 1143 --
2444 1102 2611 1157 Causa
2657 1112 2745 1157 tua
2781 1107 2928 1174 quasi
2974 1107 3122 1175 impii
3156 1107 3397 1178 judicata
3422 1117 3515 1177 est,

1942 1210 2149 1251 cattsam
2172 1193 2518 1262 iudiciumque
2540 1194 2777 1262 recipies.

2016 1283 2103 1337 71.
2138 1281 2501 1353 Flagellantur
2520 1284 2674 1355 justi,
2718 1292 2774 1338 ut
2823 1284 2891 1337 ad
2918 1286 3167 1355 majorem
3202 1286 3518 1358 uigilantium

1942 1376 2265 1439 erudiuntur.
2294 1402 2366 1414 —
2393 1373 2659 1431 Bonorum
2716 1388 2873 1433 causa
2917 1375 3122 1444 justitia
3150 1382 3250 1437 est.
3282 1375 3519 1443 Quorum

1942 1480 2103 1520 causa
2136 1462 2289 1533 quasi
2320 1464 2466 1531 impii
2498 1463 2785 1532 judicatur,
2835 1466 2958 1532 quia
2986 1478 3171 1535 eorum
3203 1464 3290 1519 hic
3311 1466 3519 1535 justitia

1943 1552 2170 1626 paterno
2193 1564 2221 1605 ε
2254 1554 2463 1624 ﬂagello
2489 1554 2758 1627 fatigatur,
2782 1562 2841 1609 ut
2864 1556 2931 1623 ad
2962 1555 3275 1625 ampliorem
3297 1558 3519 1626 vigilan-

1944 1649 2073 1701 tiam
2099 1663 2204 1702 non
2228 1647 2400 1700 solum
2433 1642 2789 1715 prteceptitme
2820 1647 3215 1716 mandatorum,
3237 1648 3331 1705 sed
3357 1650 3538 1704 etiam

1945 1738 2229 1792 verberum
2274 1738 2621 1804 percussione
2664 1736 2979 1805 doceantur.
3005 1736 3111 1799 Sed
3138 1752 3352 1799 causam
3375 1737 3519 1809 judi-

253 1826 289 1865 δ
318 1841 425 1888 non
454 1826 741 1895 incongrue
768 1827 1025 1894 creditur,
1056 1829 1178 1899 quia
1206 1843 1300 1893 eos
1327 1843 1463 1898 quos
1491 1832 1544 1884 in
1572 1844 1632 1885 se
1658 1829 1832 1887 susci-
1869 1833 1917 1894 Β
1943 1829 2194 1899 ciumque
2246 1830 2529 1897 recipiunt,
2576 1829 2698 1897 quia
2747 1844 2811 1884 ex
2862 1844 2927 1905 ea
2972 1829 3176 1898 justitia
3225 1846 3325 1900 qua
3356 1831 3517 1889 modo

252 1918 361 1991 pit,
392 1919 540 1988 quasi
568 1920 622 1971 in
647 1918 871 1987 quadam
902 1920 1099 1990 abysso
1146 1936 1259 1975 suae
1314 1921 1693 1985 immensitatis
1740 1924 1839 1977 ab.-

249 2008 461 2062 sorbet.
514 2007 697 2078 Itaque
740 2023 858 2075 cum
889 2008 1090 2081 diceret
1122 2028 1135 2062 :
1168 2009 1401 2065 Salvabit
1449 2021 1497 2064 te
1527 2014 1593 2066 de
1633 2028 1718 2066 ore
1746 2030 1840 2081 an-

252 2107 409 2171 gusto
436 2099 699 2163 latissime,
732 2109 855 2168 apte
890 2100 1166 2170 subjunxit
1195 2119 1210 2157 :
1244 2099 1315 2165 Et
1346 2118 1449 2156 non
1473 2102 1691 2167 habente
1714 2104 1837 2173 [un-

253 2190 557 2244 dameutum
600 2191 769 2245 subter
796 2207 871 2246 se.
914 2197 989 2246 Ac
1019 2194 1062 2246 si
1092 2194 1297 2248 diceret
1331 2210 1344 2247 :
1380 2194 1456 2249 De
1482 2210 1577 2251 ore
1611 2208 1839 2267 angusto

264 2281 495 2335 salvabit
518 2282 657 2351 quod
680 2282 782 2338 sub
810 2298 866 2338 se
895 2283 1115 2339 fundum
1144 2301 1248 2340 non
1275 2286 1468 2353 habet,
1514 2287 1638 2357 quia
1692 2290 1836 2355 enim

257 2384 355 2438 per
387 2379 660 2439 peccatum
692 2373 929 2428 tenditur
958 2375 1023 2429 ad
1054 2374 1349 2442 internum,
1384 2391 1541 2447 quem
1561 2392 1591 2431 a
1614 2389 1835 2447 peccato

252 2461 463 2526 salvat,
504 2461 572 2515 de
603 2478 696 2518 ore
725 2475 951 2534 angusto
998 2466 1211 2520 liberat.
1245 2467 1412 2536 Quem
1459 2484 1586 2523 vero
1634 2470 1700 2525 de
1736 2485 1829 2527 ore

255 2563 485 2622 angusto
512 2555 688 2624 eripit,
720 2556 787 2609 ab
812 2556 1001 2621 inferni
1031 2560 1300 2629 profundo
1325 2558 1596 2617 subducit.

333 2643 428 2699 69.
464 2644 717 2713 Quamvis
747 2650 903 2703 etiam
927 2650 1083 2707 aliter
1114 2652 1335 2723 intelligi
1382 2666 1577 2723 potest.
1605 2657 1737 2711 Nam
1766 2659 1838 2714 si-

257 2747 352 2794 cut
380 2739 467 2806 qui
496 2739 549 2791 in
573 2747 784 2806 puteum
813 2744 1067 2812 mergitur
1093 2754 1117 2783 α
1166 2744 1313 2813 putei
1338 2746 1597 2814 profundo
1642 2750 1839 2805 retine-

256 2839 363 2905 tur,
398 2830 470 2884 ita
498 2846 759 2887 corruens
781 2834 932 2903 quasi
962 2836 1013 2889 in
1042 2836 1276 2905 quodam
1300 2835 1452 2893 fundi
1476 2842 1594 2895 loco
1631 2844 1838 2903 consis-

176 2930 189 2937 "
262 2930 401 2978 teret
424 2924 624 2992 anima,
652 2925 699 2979 si
725 2928 893 2980 semel
925 2927 1068 2996 lapsa
1100 2932 1164 2990 in.
1180 2930 1353 2999 aliqua
1383 2945 1442 2984 se
1470 2933 1673 2999 peccati
1697 2949 1838 2997 men-

1946 1921 2133 1976 vivunt
2182 1929 2304 1991 tunc
2328 1920 2380 1973 in
2402 1920 2634 1983 culmine
2669 1918 2963 1988 iudiciariae
2990 1921 3267 1988 potestatis
3308 1922 3513 1976 enites-

1937 2021 2085 2081 cuut,
2117 2020 2176 2065 ut
2196 2020 2343 2066 tanto
2373 2021 2498 2066 tunc
2522 2012 2786 2080 potentius
2814 2020 2999 2065 cuncta
3020 2012 3279 2080 judicent,
3311 2024 3510 2081 quanto
3562 2084 3565 2085 ν

1938 2118 2080 2159 nunc
2110 2105 2164 2159 in
2216 2106 2298 2160 eis
2359 2105 2606 2160 subtilius
2655 2114 2844 2160 cuncta
2868 2106 3192 2175 judicantur.
3244 2106 3368 2169 Hac
3399 2108 3516 2165 Eliu

1943 2194 2095 2264 quasi
2125 2209 2261 2253 nova
2291 2195 2601 2265 spondendo
2629 2196 2826 2261 intulit,
2855 2211 2975 2264 quae
2995 2197 3183 2251 beatus
3212 2196 3312 2253 Job
3332 2195 3515 2255 llsern-

1942 2299 2036 2354 per
2063 2285 2328 2345 credendo
2370 2285 2635 2347 stabiliter
2664 2287 2849 2349 tenuit.
2898 2284 3042 2358 [Vet.
3071 2284 3377 2359 ΧΧΧΙΙΙρ]
3404 2288 3514 2342 lla-

1940 2375 2070 2431 bent
2096 2373 2339 2446 profecto
2368 2376 2483 2431 haec
2531 2377 2740 2446 propria
2786 2390 2974 2445 omnes
3003 2388 3340 2448 arrogantes,
3374 2390 3433 2435 ut
3462 2388 3517 2443 et

1938 2468 2139 2522 malum
2192 2469 2512 2521 mentientes
2540 2476 2881 2538 exaggerent,
2932 2477 2985 2522 et
3038 2469 3084 2522 si
3126 2469 3515 2538 quodforsitan

1939 2557 2138 2629 bonum
2168 2557 2370 2622 dicunt,
2405 2558 2508 2625 hoc
2522 2559 2668 2612 velut
2689 2558 3012 2629 incognitum
3043 2559 3335 2627 proferant.
3363 2559 3515 2627 Unde

1939 2650 1999 2713 lit
2027 2660 2084 2705 ut
2108 2653 2268 2707 etiam
2296 2651 2564 2719 doctiores
2590 2667 2650 2707 se
2702 2652 2899 2708 docere
2926 2653 3176 2721 audeant,
3207 2656 3331 2725 quia
3360 2656 3513 2713 vide-

1936 2746 2066 2802 licet
2092 2762 2154 2801 se
2184 2746 2323 2801 scire
2355 2747 2481 2801 talia
2500 2745 2648 2801 solos
2674 2754 2876 2814 putant.
2902 2744 3036 2811 Cum
3078 2762 3206 2802 vero
3233 2748 3300 2803 ad
3336 2748 3514 2818 aliqua

1941 2834 2336 2892 consolationis"
2379 2838 2545 2892 verba
2581 2837 2938 2905 descendunt,
2991 2838 3172 2895 statim
3207 2840 3424 2897 viluisse
3452 2856 3512 2898 se

1942 2928 2235 2992 aestimant,
2267 2933 2323 2981 et
2371 2942 2469 2997 per
2516 2927 2896 2996 increpationis
2926 2930 3139 2985 tumidae
3174 2932 3513 3000 asperitatem

257 3028 385 3068 sura
408 3015 682 3070 retineret.
707 3016 813 3072 Sed
840 3033 962 3072 cum
994 3028 1211 3086 peccato
1252 3022 1308 3074 in
1335 3023 1477 3091 quod
1509 3023 1704 3080 labitur
1728 3042 1837 3081 non
1939 3018 2089 3087 quasi
2132 3016 2397 3088 quoddam
2451 3017 2551 3073 Sibi
2600 3019 2865 3089 ingenium
2908 3019 3218 3088 reformanl.
3258 3023 3275 3059 ί
3326 3032 3385 3079 ιιι
3421 3026 3513 3095 Qui

258 3117 439 3179 potest
466 3123 586 3165 esse
613 3120 882 3177 contenta,
912 3102 1037 3168 dun]
1062 3114 1301 3185 quotidie
1331 3117 1398 3189 ag
1426 3118 1696 3175 deteriora
1741 3121 1836 3178 de.
1938 3108 2382 3164 condescendisse
2408 3108 2744 3177 blandientes
2794 3119 2961 3168 testes
2988 3112 3087 3168 visi
3135 3108 3288 3182 sunt,
3326 3126 3512 3173 exorta

259 3200 459 3273 jicitur,
488 3203 639 3272 quasi
669 3205 722 3257 in
754 3214 917 3274 puteo
946 3200 1053 3274 quo
1081 3207 1277 3263 cecidit
1305 3208 1525 3265 lundum
1554 3227 1659 3266 non
1688 3214 1835 3269 inve-
1860 3199 1907 3281 (ξ
1936 3203 2108 3257 subi“)
2148 3203 2510 3272 increpatione
2539 3201 2557 3255 ³
2597 3204 2904 3259 “meanti”-
2934 3205 3086 3260 υηάθ
3111 3217 3165 3261 ει
3209 3221 3333 3262 ιηοι
3383 3208 3505 3264 Eli“

262 3296 347 3348 nit
375 3309 483 3367 quo
517 3296 723 3364 ligatur.
762 3297 915 3352 Esset
942 3298 1083 3355 enim
1132 3299 1327 3356 fundus
1355 3302 1528 3371 putei,
1562 3304 1837 3361 sifuisset

262 3400 511 3441 mensura
542 3392 785 3459 peccati;
818 3388 959 3455 unde
995 3390 1133 3445 bene
1166 3390 1297 3448 alias
1327 3393 1521 3449 dicitur
1549 3413 1562 3449 :
1591 3393 1838 3457 Peccator

262 3493 382 3530 cum
408 3479 594 3529 venerit
618 3479 670 3531 in
698 3482 1012 3550 profundum
1041 3481 1314 3549 malorum,
1341 3487 1615 3539 contemnit
1647 3486 1833 3557 (Prov.

262 3586 415 3638 mn,
450 3571 526 3642 5).
556 3571 750 3629 Redire
789 3590 1017 3644 namque
1044 3575 1371 3644 dissimulat,
1416 3580 1537 3651 quia
1587 3581 1838 3635 misereri

263 3664 371 3718 sibi
404 3677 560 3733 posse
600 3664 868 3735 desperat,
914 3665 1020 3729 Sed
1067 3682 1188 3721 cum
1235 3666 1572 3735 desperando
1611 3670 1838 3738 amplius

266 3762 473 3825 peccat,
519 3756 668 3831 quasi
695 3764 853 3823 puteo
893 3771 991 3812 suo
1041 3757 1261 3821 fundum
1305 3758 1604 3828 subtrahit,
1652 3776 1720 3817 ne
1749 3760 1840 3819 ubi

263 3846 485 3901 retineri
510 3846 678 3915 possit
707 3848 959 3903 inveniat.
987 3848 1237 3916 Sequitur
1267 3866 1282 3902 :

781 3936 1008 4003 CAPUT
1051 3936 1334 3995 XXXVIII.

259 4086 264 4089 _
343 4027 475 4085 lam.
504 4057 576 4069 -—
591 4027 808 4100 Requies
828 4039 996 4097 autem
1021 4046 1206 4085 mensa:
1227 4040 1329 4084 tute
1353 4033 1446 4086 erit
1462 4032 1613 4102 plena
1630 4033 1841 4105 pingue-

266 4119 410 4174 dine.

342 4207 431 4261 70.
459 4208 620 4276 Quem
639 4209 791 4278 eripit
811 4211 995 4281 gratia,
1020 4210 1233 4267 interna:
1252 4212 1497 4271 satietatis
1515 4212 1843 4267 delectatione

194 4340 199 4343 .
267 4298 451 4367 replet,
481 4299 711 4368 Requies
741 4314 939 4354 mensa:
959 4310 1039 4365 est
1066 4300 1283 4356 refectio
1306 4302 1564 4359 satietatis
1588 4303 1841 4370 internae;

267 4403 392 4459 quae
420 4391 742 4460 pinguedine
770 4392 924 4459 plena
948 4389 1160 4459 dicitur,
1193 4388 1219 4427 ιι
1242 4394 1362 4462 quia
1381 4393 1432 4446 in
1456 4401 1668 4459 mterum
1692 4393 1844 4448 volu-

268 4482 434 4553 ptatis
461 4482 809 4537 delectatione
856 4490 1202 4551 praeparatur.
1239 4482 1408 4550 IIujus
1426 4497 1624 4537 mensa:
1653 4484 1840 4553 epulas

1937 3294 2192 3359 subdidit,
2226 3294 2412 3349 dicens
2446 3311 2458 3346 :
2642 3328 2643 3331 η

2304 3384 2527 3442 CAPUT
2566 3385 2679 3441 XL.
2720 3384 2867 3458 illeo.
2906 3384 3145 3457 XXVI].

2014 3476 2177 3547 Vens.
2200 3475 2221 3528 l
2232 3475 2361 3539 ,8-2I
2375 3516 2389 3529 .
2422 3505 2494 3516 —
2526 3475 2648 3530 Non
2674 3486 2721 3530 te
2741 3493 2859 3547 ergo
2878 3485 3080 3547 superet
3100 3479 3200 3544 ira,
3216 3486 3273 3531 ut
3292 3478 3511 3547 aliquem

1941 3568 2235 3637 appr-imas;
2263 3583 2351 3620 nec
2371 3568 2647 3635 multitudo
2672 3546 2896 3631 lbcorum
2922 3546 3129 3633 inclinet
3156 3584 3221 3622 te.
3250 3566 3276 3603 ¹ί
3300 3546 3511 3633 Depone

1942 3658 2341 3727 magnitudinem
2381 3666 2523 3710 tuam
2561 3658 2749 3726 absque
2783 3660 3127 3725 tribulatione,
3164 3668 3210 3713 et
3233 3676 3404 3716 omnes
3426 3679 3511 3717 ro-

1944 3753 2111 3809 bustos
2139 3752 2457 3823 fortitudine.
2492 3752 2575 3806 Ne
2600 3753 2866 3822 protrahas
2894 3762 3108 3819 npctem,
3141 3762 3199 3806 ut
3227 3755 3508 3817 ascendant

1943 3844 2123 3917 pepuli
2164 3859 2257 3911 pro
2298 3844 2390 3897 eis.
2419 3842 2551 3898 Cave
2580 3834 2643 3898 ne
2670 3830 2890 3903 declines
2918 3846 2985 3911 ad
3009 3845 3355 3916 iniquitatem;
3381 3847 3514 3904 hanc

1944 3934 2079 3988 enim
2108 3934 2302 4002 coepisti
2324 3935 2461 4005 sequi
2480 3945 2591 4004 post
2613 3935 2890 4005 miseriam.

2017 4027 2104 4081 72.
2127 4025 2346 4096 Superbi
2366 4026 2612 4093 quidquid
2628 4027 2692 4085 ab
2713 4027 2832 4080 aliis
2851 4038 2981 4097 recte
3002 4028 3080 4097 ﬁt,
3103 4038 3340 4097 carpunt.
3369 4060 3438 4070 —
3454 4030 3515 4105 In

1945 4115 2215 4184 plerisque
2241 4113 2550 4180 Codicibus,
2579 4115 2877 4187 donorum;
2910 4112 2927 4151 1
2954 4117 3006 4170 in
3038 4120 3217 4189 paucis
3246 4132 3393 4183 vero,
3419 4120 3516 4177 sed

1945 4210 2358 4281 antiquioribus,
2392 4209 2633 4264 locorum
2679 4211 2996 4275 invenimus.
3029 4211 3132 4281 Sed
3159 4213 3281 4283 quia
3310 4215 3516 4283 exposis

1948 4303 2089 4357 tione
2116 4318 2219 4355 non
2252 4301 2452 4373 indiget
2476 4304 2519 4356 si
2549 4302 2754 4356 dicatur
2780 4321 2792 4354 :
2828 4301 2940 4372 Nec
2976 4305 3249 4359 multitudo
3268 4306 3517 4362 donorum

1946 4396 2161 4449 inclinet
2191 4402 2260 4460 te,
2292 4394 2395 4465 hoc
2426 4394 2593 4464 magis
2615 4394 2809 4471 exponi
2841 4394 3041 4464 placuit
3066 4396 3207 4464 quod
3231 4410 3351 4455 cum
3381 4398 3518 4453 dilli-

1956 4488 2153 4541 cultate
2176 4485 2498 4555 aliquantula
2513 4486 2946 4555 videturaperiri.
2972 4486 3093 4540 Iltec
3114 4495 3289 4542 autem
3308 4498 3519 4557 quantae

272 4572 548 4628 esuriebat
576 4572 862 4645 Propheta,
896 4588 1014 4626 cum
1044 4572 1247 4627 diceret
1276 4589 1290 4627 :
1324 4572 1556 4627 Satiabor
1585 4574 1708 4625 dum
1732 4589 1842 4647 ma-
1875 4576 1928 4639 D
1951 4576 2197 4631 elationis
2242 4575 2403 4629 verba
2445 4575 2568 4639 sint,
2617 4574 2732 4649 ipse
2778 4574 2869 4643 qui
2926 4589 2989 4628 ea
3041 4574 3289 4645 formavit
3343 4585 3520 4635 tumor

271 4662 602 4733 nifestabitur
641 4650 805 4734 gloria
847 4673 934 4718 tua
964 4660 1131 4743 (Psal.
1162 4679 1272 4735 xvr,
1302 4662 1410 4731 15).
1449 4663 1616 4733 Ilujus
1644 4677 1844 4717 mensa:

273 4755 473 4826 pocula
499 4756 730 4822 sitiebat,
751 4757 932 4833 dicens
960 4775 973 4811 :
1005 4754 1178 4831 Sitivit
1204 4758 1375 4810 anima
1398 4772 1510 4810 mea
1540 4764 1564 4792 ο
1589 4755 1657 4807 ad
1677 4755 1847 4835 Deum

273 4893 634 4965 Abestautem
655 4894 908 4965 particula
928 4894 1167 4965 negativa
1194 4895 1261 4951 ab
1281 4894 1526 4950 omnibus
1556 4895 1848 4965 Mssiqnos

274 4964 675 5030 consuluimus,
704 4964 909 5020 scilicet
940 4963 1119 5027 Ba’luz.
1139 5006 1154 5032 ,
1180 4966 1334 5023 Colb.
1355 5006 1373 5033 ,
1403 4968 1597 5022 Pratel.
1615 5007 1632 5033 ,
1659 4963 1797 5031 Utic,
1821 5004 1838 5031 ,

272 5033 507 5103 Iuron.,
538 5042 641 5097 etc.
1470 5052 1475 5055 λ

350 5112 380 5173 τι
401 5102 643 5173 Longip.,
672 5103 983 5158 subsistendi
1006 5119 1175 5158 usum.
1630 5166 1635 5171 ο

348 5172 381 5214 Ι
404 5172 598 5245 Pratel.
622 5182 684 5228 et
711 5174 871 5236 Utic.,
902 5190 1005 5227 non
1027 5176 1308 5245 incongrue
1337 5176 1540 5230 dicitur.

352 5243 648 5315 inndoc.,
679 5245 816 5312 putei
844 5246 1025 5315 fundo.

351 5311 380 5351 ά
413 5313 647 5377 Ebroic.,
668 5311 788 5377 quia
808 5311 879 5368 in
893 5316 1113 5367 interna.

356 5391 385 5421 ⁸
402 5382 647 5456 Vindoc_.,
678 5382 901 5456 Pratel.,
924 5384 1086 5456 Utic.,
1114 5382 1182 5435 ad
1212 5382 1376 5456 Deum
1399 5390 1590 5456 fontem
1608 5387 1845 5440 vivum...

285 5465 339 5510 α
357 5454 1415 5580 ἵῗῖξὺῖζξιὶῗῗῗῑάοἷιιίιῖθῶξὶῗῐῗ.Ρὲἱῖὲῖέ.
1427 5568 1441 5580 .
1470 5526 1663 5580 Pratel.
1677 5565 1692 5580 .
1721 5533 1804 5579 etc

276 5562 1491 5666 ιιι.οὲ’ἆρ”ὦὶἷιῖέυἷΐὲἓίιόἕὲἴῗόἑᾶἷιὲἶέἷὶὂί
1513 5562 1856 5666 3ἱῖὲῶῐὲἓέ

276 5668 504 5721 uerbere.

354 5744 383 5811 ς
408 5734 631 5811 '_l‘urou.,
658 5733 864 5803 ﬂagello
889 5735 1191 5811 castigatur.

357 5802 387 5841 ιι
412 5803 661 5874 Μυκη»,
691 5802 886 5869 seniper
912 5802 1181 5862 stridendo.

1955 4668 2211 4722 ostendit.
2242 4667 2347 4733 Sed
2378 4666 2500 4734 quia
2547 4665 2664 4721 Elin
2702 4667 3061 4737 arrogantium
3092 4678 3144 4722 et
3175 4668 3386 4737 beatum
3421 4671 3519 4735 Job

1956 4767 2143 4827 tenere
2172 4766 2356 4828 typum
2379 4757 2610 4812 diximus
2636 4758 2947 4827 electorum,
2978 4758 3025 4831 si
3052 4773 3111 4831 ea
3134 4761 3378 4817 subtilius
3405 4763 3518 4820 dis.

2030 4896 2049 4935 ι
2084 4897 2305 4952 Recent.
2336 4896 2514 4964 Vulg.,
2565 4904 2620 4950 ut
2664 4896 2751 4964 qui
2780 4900 3124 4953 conscendisse
3143 4900 3518 4959 blandimentis.

1953 4969 2236 5037 Sequimur
2256 4968 2382 5023 Mss.
2408 4968 2633 5042 Turon_.,
2660 4967 2906 5034 Vindoe..
2933 4969 3143 5036 Norm.,
3170 4971 3516 5042 Longipout.,

1953 5048 2215 5119 ets-gues
2244 5040 2547 5119 ηοηηιξηιίμ·
2579 5040 2833 5119 Euneos.-
3156 5078 3157 5081 ~

2028 5106 2043 5159 i
2076 5107 2324 5172 Vindoc.,
2350 5106 2562 5164 Eliroie.
2593 5120 2645 5163 et
2671 5108 2756 5163 alii
2786 5108 2990 5175 Norm.,
3023 5120 3267 5165 tumeant.

2024 5176 2051 5216 ιι
2077 5170 2360 5249 Sequentia
2380 5179 2698 5233 omittuntur
2725 5180 2777 5233 in
2811 5170 3053 5235 Editio'ne
3089 5180 3349 5233 Gussanv.
3380 5179 3518 5248 Sup-

1994 5250 2261 5304 editantur
2290 5260 2466 5321 tamen
2498 5264 2526 5301 a
2558 5249 2686 5304 Mss.
2712 5249 2888 5321 Cum”
2932 5251 3137 5319 Baluz.,
3168 5249 3378 5317 Norm.,
3407 5259 3515 5305 etc.

1980 5321 2303 5374 Ionsentiunt
2325 5318 2481 5372 etiam
2512 5328 2618 5374 vet.
2651 5318 2790 5374 Edit.
2836 5328 2837 5331 ‘

2030 5389 2049 5427 ι
2083 5392 2138 5443 In
2170 5388 2484 5458 quibusdam
2516 5389 2805 5451 Bibliorum
2835 5390 2959 5459 Mss.
3008 5405 3104 5459 pro
3132 5389 3366 5442 variante
3409 5391 3518 5445 lec-

1954 5462 2101 5516 tione
2130 5456 2414 5514 annotatur
2443 5460 2519 5512 uel
2544 5459 2791 5512 locorum.
2822 5458 2877 5511 In
2927 5456 3107 5527 Bibliis
3161 5459 3374 5512 Itoberti
3404 5459 3517 5516 Ste.

1959 5533 2143 5600 phani,
2172 5546 2288 5597 qua:
2310 5528 2374 5581 ad
2405 5530 2797 5600 antiquissimos
2824 5528 3047 5600 Codices
3079 5537 3201 5600 sunt
3224 5533 3497 5599 recognita

1959 5596 2012 5655 in
2044 5596 2284 5669 margine
2314 5600 2506 5670 legitur
2526 5600 2603 5651 vel
2618 5596 3043 5670 villarum.‘Niliil
3067 5598 3240 5652 simile
3258 5596 3516 5670 reperitur

1960 5683 2052 5725 aut
2078 5676 2126 5724 in
2157 5664 2300 5723 textu
2329 5664 2756 5730 hebraic.,autin
2775 5664 2935 5736 LXX,
2970 5664 3514 5736 lnterpretuut'trans‘

1962 5741 2180 5807 latione,
2208 5748 2299 5793 aut
2325 5739 2382 5791 in
2406 5737 2525 5791 aliis
2553 5735 2889 5792 versionibus
2912 5737 3163 5809 antiquis.
