4004 6350
493 336 593 398 891

1678 336 1923 395 SANCTI
1961 335 2292 395 GREGORII
2336 338 2549 396 MAGNI

3663 344 3771 404 592

494 454 784 519 cernimus,
816 452 979 510 etiam
1009 465 1151 509 nunc
1177 452 1314 508 intra
1351 451 1646 509 Ecclesiam
1673 452 1946 522 quomddo
1974 466 2064 507 ar-
2096 455 2153 516 Α
2174 454 2477 518 superbiam
2513 455 2777 510 laceretur
2800 455 2907 510 vita
2932 458 3224 528 justorum,
3255 458 3360 515 scit
3380 460 3521 531 quod
3552 461 3606 516 in
3637 461 3764 531 ejus

496 548 802 622 rogantibus
815 556 1111 618 congruant
1127 547 1488 601 demonstram
1497 560 1579 601 us.
1594 545 1774 600 Sancti
1787 544 1890 599 viri
1904 545 2075 600 aliena

494 658 656 712 opera
688 646 850 699 etiam
882 657 1045 711 parva
1074 642 1358 709 mirantur,
1384 657 1480 697 sua
1522 657 1650 697 vero
1696 643 1856 696 etiam
1886 655 2075 711 magna

494 733 815 802 deSpiciunt.
847 736 914 787 At
935 742 1144 798 contra,
1166 745 1479 802 arrogantes
1500 733 1673 787 aliena
1700 735 1859 789 etiam
1883 730 2074 803 magna

495 826 817 895 despiciunt,
863 840 958 879 sua
1003 826 1085 880 vel
1113 839 1231 894 quae
1260 839 1425 894 parva
1473 834 1597 880 sunt
1624 825 1987 891 admirantur;
2022 834 2079 880 et

498 900 810 988 plerumque
833 917 901 971 de
942 918 1052 972 suis
1076 918 1231 972 malis
1272 917 1412 973 bona
1464 921 1756 984 mstimant,
1789 919 1857 973 de
1886 919 2078 977 alienis

494 1021 667 1064 autem
716 1010 872 1064 bonis
903 1011 1041 1064 mala
1069 1009 1271 1065 sentire
1326 1025 1431 1064 non
1472 1019 1704 1064 cessant.
1760 1010 1892 1064 Nam
1949 1010 2077 1064 dum

499 1106 767 1174 propriam
815 1105 1039 1173 gloriam
1093 1112 1360 1173 quaerunt,
1408 1104 1706 1172 perniciose
1758 1104 1973 1158 student
2021 1112 2079 1157 ut

497 1198 749 1267 quidquid
782 1198 997 1251 virtutis
1028 1197 1096 1250 ab
1147 1197 1265 1251 aliis
1294 1197 1470 1265 agitur
1499 1197 1795 1266 iniquitatis
1845 1207 1969 1251 nota
1997 1199 2077 1251 la-

492 1302 721 1353 ceretur,
755 1292 808 1344 et
836 1290 988 1343 bona:
1012 1288 1221 1356 pondus
1248 1288 1473 1343 actionis
1495 1297 1709 1343 vertunt
1730 1288 1784 1341 in
1812 1289 2074 1361 maculam

491 1381 750 1435 criminis.
778 1381 934 1450 Saepe
957 1383 1100 1435 enim
1130 1396 1251 1434 cum
1276 1381 1455 1435 vident
1482 1380 1548 1434 ab
1580 1380 1816 1435 Ecclesia
1840 1381 2080 1436 districts

492 1476 687 1539 pravos
708 1474 924 1544 corrigi,
956 1473 1105 1543 quasi
1140 1482 1436 1542 queruntur
1465 1473 1658 1542 injuste
1686 1482 1710 1510 ι
1765 1473 2080 1527 innocentes

492 1565 673 1633 afﬂigi,
703 1575 757 1619 et
787 1567 1012 1620 nitorem
1039 1564 1333 1633 disciplina
1359 1563 1475 1634 ejus
1493 1572 1821 1619 commutant
1839 1564 2078 1633 appella-

494 1657 640 1709 tione
660 1655 931 1726 nequitite.
955 1655 1107 1710 Unde
1132 1655 1251 1708 Eliu
1283 1654 1501 1724 figuram
1524 1656 1689 1726 8&6
1712 1657 2074 1725 arrogantium

493 1728 732 1809 servans,
784 1746 998 1799 beatum
1055 1746 1158 1800 Job
1184 1745 1336 1813 quasi
1365 1746 1680 1809 admonens,
1714 1749 1788 1799 ait
1818 1764 1832 1800 :
1878 1745 2001 1800 Non
2028 1755 2077 1800 te

492 1848 612 1903 ergo
633 1844 835 1903 superet
858 1835 960 1897 ira,
988 1844 1039 1887 ut
1063 1836 1285 1903 aliquem
1310 1837 1590 1904 opprimas.
1611 1833 1754 1907 [νει.
1780 1835 1969 1889 XXXI
1992 1836 2074 1908 V.]
2110 1838 2161 1913 Β

494 1929 822 1996 Arrogautes
852 1928 994 1985 enim
1022 1928 1112 1981 ira:
1144 1937 1344 1981 motum
1374 1929 1667 1997 deputant,
1701 1928 1726 1966 ιι
1758 1929 2018 1998 quidquid
2044 1946 2075 1985 a

493 2027 675 2071 sancta
703 2018 937 2073 Ecclesia
964 2019 1165 2089 geritur
1184 2035 1431 2081 .ceusura
1477 2020 1793 2090 disciplina}.
1824 2032 1844 2059 ε
1873 2023 1934 2076 Et
1956 2023 2079 2091 quia

494 2108 738 2165 humana
794 2111 963 2166 laudis
1027 2114 1265 2181 appetitu
1320 2112 1536 2181 benigni
1592 2115 1809 2168 student
1864 2128 2080 2181 semper

494 2192 793 2271 apparere,
870 2203 1043 2257 nullos
1107 2214 1328 2259 censent
1386 2204 1719 2260 districtione
1771 2206 2079 2261 severitatis

498 2294 870 2361 corrigendos.
897 2294 1050 2349 Unde
1077 2304 1131 2349 et
1160 2310 1190 2348 a
1223 2296 1374 2350 bonis
1404 2297 1726 2361 rectoribus,
1751 2298 1890 2351 sicut
1918 2312 2078 2366 supe-

493 2385 610 2438 rius
640 2386 837 2439 dictum
872 2394 975 2450 est,
1009 2386 1236 2455 opprimi
1270 2389 1535 2441 mstimant
1565 2403 1700 2457 quos
1731 2390 1924 2442 invitos
1954 2403 2077 2443 cer-

494 2484 625 2528 nunt
648 2491 679 2528 a
709 2475 853 2529 vitiis
882 2478 1143 2532 coerceri.

564 2569 651 2621 73.
680 2568 923 2623 Ecclesia
948 2572 999 2623 in
1028 2575 1224 2625 cunctis
1240 2574 1416 2626 mundi
1445 2574 1673 2641 partibus
1705 2577 1929 2642 potentia
1953 2588 2079 2631 tem-

492 2660 705 2725 poralis.
727 2658 877 2713 Hanc
892 2661 1143 2716 immerito
1158 2661 1400 2718 Ecclesia
1409 2665 1573 2720 hostes
1585 2668 1627 2719 ei
1640 2668 1968 2734 exprobrant.
1985 2668 2079 2722 Et-

491 2752 536 2803 si
561 2752 767 2819 quidam
788 2754 921 2807 intra
953 2757 1063 2825 ejus
1091 2757 1258 2809 sinum
1287 2759 1385 2810 sint
1414 2758 1503 2828 qui
1531 2758 1593 2811 de
1617 2759 1781 2824 ipsius
1810 2759 1973 2831 gloria
1999 2778 2076 2815 su«

492 2843 742 2911 perbiant.
773 2874 841 2886 ~—
863 2847 1096 2901 Auctore
1135 2857 1316 2903 autem
1347 2848 1595 2915 Domino,
1642 2851 1763 2918 quia
1796 2851 1846 2903 in
1872 2852 2077 2907 cunctis

494 2934 676 2988 mundi
724 2936 965 3005 partibus
1011 2947 1195 2991 sancta
1226 2939 1462 2994 Ecclesia
1509 2940 1743 2995 culmine
1796 2943 2073 3012 religionis

495 3025 753 3091 est-revit,
803 3024 941 3081 hanc
985 3027 1155 3095 ipsam
1208 3031 1555 3097 temporalem
1608 3036 1921 3101 potentiam,
1970 3051 2074 3104 qua

498 3116 712 3185 quidem
743 3119 880 3173 bene
906 3122 1092 3185 utitur,
1139 3124 1493 3178 ohtrectando
1535 3127 1586 3180 in
1611 3128 1795 3181 vitium
1828 3130 2073 3186 elationis

2184 546 2386 602 crimen
2403 548 2973 619 extenditurquidquitl
2996 551 3181 605 talium
3203 553 3463 620 pravitate
3485 564 3760 623 peccatur,

2182 639 2275 694 sed
2324 648 2504 692 notam
2558 639 2718 694 alieni
2768 641 3011 696 criminis
3070 644 3333 698 sustinere
3388 654 3536 700 tanto
3588 646 3771 701 minus

2182 728 2369 784 metuit
2395 742 2592 800 quanto
2619 739 2675 785 et
2706 740 2867 802 caput
2897 748 3049 787 suum
3100 735 3225 787 talia
3260 735 3521 791 tolerasse
3570 752 3777 805 cogno-

2181 822 2301 877 scit.
2332 824 2406 877 De
2433 823 2521 877 illo
2554 824 2749 893 quippe
2777 827 3032 893 scriptum
3057 837 3139 880 est
3166 844 3180 880 :
3214 825 3278 880 Et
3303 844 3420 881 cum
3462 829 3648 899 iniquis
3679 830 3774 882 de-

2184 926 2392 986 putatus
2420 929 2493 972 est
2540 918 2732 989 (Marc.
2762 934 2848 985 xv,
2896 917 3013 983 28).
3049 919 3124 973 De
3156 921 3246 973 illo
3274 936 3490 975 ranum
3523 921 3722 975 dicitur
3753 938 3771 975 :

2182 1006 2473 1079 Languores
2486 1020 2686 1063 nostros
2701 1010 2807 1079 ipse
2831 1010 2969 1075 tulit,
2986 1020 3029 1063 et
3043 1012 3243 1065 dolores
3260 1025 3459 1065 nostros
3478 1024 3498 1047 ν
3519 1014 3627 1083 ipse
3650 1029 3779 1082 por-

2182 1099 2301 1151 tavit
2339 1097 2495 1168 (Isai.
2525 1114 2636 1165 Ltn,
2661 1100 2737 1169 4).
2772 1101 2907 1156 Eant
2935 1116 3062 1173 ergo
3090 1118 3189 1157 arr.
3213 1117 3423 1173 guites,
3451 1113 3506 1157 et
3534 1106 3777 1157 aestima-

2185 1189 2328 1243 tione
2386 1186 2669 1260 pravorum
2710 1193 2873 1247 vitam
2921 1196 3202 1248 murdeant
3243 1195 3609 1249 innocentum.
3648 1196 3774 1249 Scit

2182 1281 2477 1337 electorum
2498 1284 2739 1338 Ecclesia
2765 1294 2820 1339 et
2840 1285 3049 1339 illorum
3079 1286 3239 1353 facta,
3262 1285 3282 1323 ί
3306 1298 3357 1341 et
3385 1287 3570 1340 ltorinn
3605 1286 3777 1340 verba

2182 1374 2438 1442 tolerare,
2459 1378 2562 1432 scit
2583 1394 2868 1447 pravorum
2891 1390 3097 1435 mentes
3121 1383 3399 1436 tolerando
3424 1396 3622 1435 conver
3645 1395 3769 1435 ere.

2182 1471 2285 1539 Qui
2316 1474 2416 1527 etsi
2448 1476 2687 1529 converti
2717 1477 3074 1544 nequiverint,
3103 1492 3287 1532 corum
3323 1486 3502 1532 tazucu
3534 1475 3775 1547 ignomi—
3810 1548 3835 1555 _

2184 1566 2341 1620 nianr
2358 1569 2728 1633 :eqnanimiter
2755 1569 2961 1625 suffert.
2998 1570 3289 1640 Perpendit
3319 1570 3514 1639 quippe
3544 1573 3663 1638 quia
3698 1568 3778 1622 ad

2180 1658 2375 1727 duplex
2392 1642 2509 1727 ejus
2532 1662 2809 1728 praemium
2836 1661 3045 1727 prolicit
3070 1662 3209 1730 quod
3241 1676 3306 1715 ett
3333 1674 3519 1714 eorum
3556 1658 3777 1714 meritis

2179 1748 2309 1803 foris
2337 1750 2647 1818 despicitur,
2679 1766 2903 1818 quorum
2935 1760 2989 1805 et
3018 1750 3161 1804 intus
3192 1752 3298 1805 vita
3326 1752 3610 1805 laceratur.

2251 1838 2340 1893 74.
2364 1840 2476 1905 Qui
2499 1842 2845 1910 temporalitar
2871 1840 3156 1908 extollitur,
3172 1836 3340 1896 cadit.
3373 1872 3435 1881 —
3463 1840 3771 1894 Notandum

2178 1945 2309 1985 vero
2338 1931 2480 2000 quod
2514 1946 2620 1984 non
2646 1932 2720 1986 ait
2763 1950 2774 1984 :
2822 1932 2933 1987 Nec
2989 1935 3263 1987 multitudo
3294 1936 3520 1987 locorum
3550 1932 3773 1986 extollat

2180 2031 2248 2086 te,
2280 2024 2372 2077 sed
2403 2023 2476 2075 ait
2507 2038 2522 2076 :
2556 2021 2670 2076 Nec
2717 2023 2994 2078 multitudo
3022 2028 3252 2078 locorum
3294 2026 3503 2077 inclinet
3535 2037 3601 2077 te.
3636 2024 3772 2077 0m-

2179 2114 2265 2167 nis
2295 2113 2436 2168 enim
2460 2116 2548 2184 qui
2585 2115 2948 2183 temporaliter
2988 2115 3260 2170 extollitur
3280 2130 3345 2170 eo
3394 2116 3510 2184 ip~o
3536 2130 3641 2183 quo
3671 2130 3777 2171 ets

2181 2192 2386 2259 tolitur
2407 2205 2715 2271 inclinatur,
2746 2209 2870 2276 quia
2902 2221 3023 2261 cum
3055 2223 3113 2263 se
3142 2208 3386 2262 exterius
3414 2206 3589 2276 erigit,
3623 2206 3770 2260 intus

2179 2295 2338 2351 cadit.
2362 2297 2487 2361 ,Ehu
2530 2300 2706 2364 itaque
2734 2313 2915 2352 casum
2947 2299 3125 2352 cordis
3156 2301 3205 2351 in
3234 2300 3466 2353 elatione
3520 2297 3767 2363 intuens,

2182 2394 2259 2447 ait
2290 2411 2304 2447 :
2337 2392 2448 2448 Nec
2475 2394 2751 2447 multitudo
2782 2394 3008 2447 locorum
3051 2394 3259 2448 inclinet
3313 2407 3379 2448 te.
3432 2395 3507 2448 Ac
3536 2394 3579 2447 si
3632 2405 3771 2446 voce

2180 2482 2542 2554 arrogaiitium
2574 2496 2772 2539 sancta:
2802 2485 3056 2540 Ecclesia:
3080 2496 3104 2532 κ
3134 2487 3427 2542 diceretur:
3446 2486 3588 2541 Cave
3612 2501 3701 2548 ne,
3724 2483 3770 2540 si

2182 2578 2544 2631 universitatis
2570 2579 2913 2633 veneratione
2935 2578 3230 2646 extolleris,
3258 2578 3420 2650 847
3454 2580 3520 2634 ab
3548 2578 3767 2633 interna

2179 2667 2472 2722 intentione
2494 2668 2752 2721 eurvcris.
2784 2666 3037 2737 Sequitur
3062 2684 3077 2723 :
3608 2676 3609 2681 ‘

2539 2758 2764 2815 CAPUT
2788 2759 2899 2813 XLI
2926 2759 3073 2832 [Ilec.
3096 2759 3402 2828 XXVIII).

2252 2848 2417 2903 Vens.
2468 2848 2556 2904 i9.
2599 2879 2667 2889 —
2713 2850 2923 2917 Depone
2952 2852 3356 2921 magnitudinem
3384 2862 3523 2903 tuam
3570 2850 3765 2919 absque

2178 2941 2521 3010 tribulatione,
2550 2952 2598 2996 et
2625 2959 2796 2997 omnes
2823 2946 3056 2997 robustos
3087 2944 3408 3014 fortitudine.

2253 3031 2343 3088 75.
2375 3036 2637 3101 Apostolis
2664 3046 2712 3088 et
2744 3035 2984 3089 Ecclesia
3030 3037 3247 3106 fortibus
3277 3038 3343 3089 ad
3375 3038 3584 3104 prantia
3606 3052 3766 3090 voca-

2181 3125 2265 3189 tis,
2300 3124 2437 3179 Deus
2459 3141 2636 3179 eorum
2653 3129 2757 3180 vice
2779 3128 2967 3181 debiles
2987 3133 3054 3179 ad
3076 3125 3354 3181 certaniina
3384 3128 3655 3182 roboravit.
3691 3154 3766 3172 -

492 3205 786 3263 inﬂectunt.
822 3208 967 3281 [Itec.
1002 3209 1102 3263 XX
1120 3210 1277 3284 γη]
1326 3212 1477 3269 Unde
1509 3216 1627 3271 Eliu
1659 3217 1949 3288 subjungit,
1983 3221 2068 3275 di-
2099 3221 2146 3285 C
2182 3215 2327 3281 Quos
2357 3215 2493 3269 alios
2523 3225 2721 3271 sancta
2744 3216 2995 3272 Ecclesia
3019 3217 3265 3273 robustos
3320 3217 3631 3287 accipimus,
3657 3217 3765 3275 nisi

491 3310 619 3349 cens
650 3314 664 3350 :
699 3297 810 3352 Nec
834 3298 1105 3354 multitudo
1137 3302 1367 3357 locorum
1393 3306 1601 3361 inclinet
1627 3317 1693 3362 te.
1721 3312 1797 3364 Ac
1826 3312 1869 3364 si
1896 3312 2070 3369 eidctn

491 3403 691 3448 sanctae
737 3394 993 3452 Ecclesia:
1052 3399 1407 3456 humilitatem
1462 3404 1630 3473 magis
1680 3404 1733 3460 in
1793 3407 2067 3476 prosperis

492 3490 824 3543 conservanti
848 3494 1210 3561 arrogantium
1238 3510 1371 3551 voce
1398 3498 1602 3553 dicatur
1639 3518 1652 3553 :
1713 3501 1843 3569 Quia
1872 3502 2068 3571 ubique

493 3575 617 3632 ﬁdei
649 3581 943 3636 reverentia
964 3583 1178 3648 coleris,
1201 3601 1329 3641 cave
1353 3603 1418 3643 ne
1439 3588 1678 3659 ejusdem
1706 3590 1732 3628 ά
1759 3593 2073 3649 reverentia
2098 3656 2099 3659 η

492 3666 726 3724 fascibus
758 3672 1056 3735 extollaris.
1091 3663 1361 3739 Quosdam
1392 3681 1589 3750 quippe
1617 3684 1954 3753 conspiciunt
1983 3682 2073 3751 qui

491 3761 590 3815 sub
621 3762 893 3831 religionis
933 3766 1153 3821 obtenttt
1199 3769 1329 3823 vitio
1382 3772 1632 3846 elationis
1687 3776 2069 3844 intumescunt,

491 3861 548 3907 et
573 3856 781 3921 quodin
810 3857 1124 3925 quibusdam
1152 3859 1273 3930 jure
1291 3864 1712 3931 reprehendunt,
1744 3867 1849 3923 hoc
1876 3872 2074 3941 injuste

489 3942 556 3996 ad
582 3945 783 4000 crimen
806 3947 1040 4003 omnium
1066 3952 1383 4019 pertrahunt
1410 3973 1423 4008 :
1448 3973 1781 4026 nequaquam
1814 3963 2075 4019 videlicet

489 4037 876 4103 perpendentes
902 4040 1041 4109 quod
1073 4042 1180 4096 sint
1206 4044 1258 4095 in
1296 4060 1361 4099 ea
1391 4048 1478 4113 qui
1507 4056 1562 4101 et
1588 4026 1946 4117 despicientes
1972 4070 2069 4108 no-

490 4128 662 4181 verint
683 4130 914 4198 perfecte
940 4136 1252 4196 temporalia
1274 4126 1482 4206 regere,
1510 4150 1566 4194 et
1589 4152 1832 4197 amantes
1872 4154 2071 4203 aeterna

489 4214 661 4282 plenis
711 4215 999 4274 desideriis
1029 4232 1377 4291 exspectare;
1404 4236 1459 4280 et
1486 4228 1939 4296 dispensationem
1974 4248 2071 4301 po-

491 4307 699 4362 testatis
761 4320 994 4378 accepta
1053 4329 1352 4385 peragere,
1412 4329 1468 4373 et
1526 4322 1839 4379 humilitatis
1898 4327 2071 4382 insitae

462 4460 465 4463 γ
492 4398 844 4455 ministerium
891 4404 1179 4473 custodire,
1211 4417 1267 4460 ut
1295 4424 1394 4464 nec
1444 4410 1757 4468 humilitatis
1785 4431 1945 4471 causa
1974 4434 2069 4473 cu-

490 4503 605 4543 ram
634 4493 867 4563 suscepti
914 4496 1192 4565 regiminis
1221 4500 1511 4571 negligant,
1543 4519 1643 4559 nec
1671 4520 1882 4561 rursum
1913 4524 2069 4563 occa-

2178 3323 2274 3363 eos
2292 3308 2383 3377 qui
2409 3309 2475 3362 ad
2505 3309 2768 3364 vincenda
2794 3311 2974 3364 mundi
3010 3311 3169 3379 hujus
3200 3311 3465 3365 desideria
3489 3322 3541 3365 et
3569 3311 3767 3380 captis

2144 3396 2145 3399 “
2177 3401 2499 3455 sublimibus
2518 3410 2570 3455 et
2594 3403 2977 3456 consummatis
3004 3403 3321 3471 profectibus
3344 3401 3766 3458 convalescunt?

2178 3492 2481 3563 Magnitudo
2529 3494 2706 3563 itaque
2751 3494 2867 3564 ejus
2914 3490 2967 3548 itt
3017 3495 3356 3550 robustorum
3384 3511 3601 3549 suorutn
3649 3495 3762 3548 vita

2176 3585 2422 3639 consistit
2441 3626 2457 3647 .
2479 3586 2603 3654 quia
2625 3594 2750 3639 tunc
2797 3586 3077 3655 gloriosior
3104 3586 3363 3650 redditur,
3392 3601 3513 3641 cum
3545 3600 3642 3655 pro
3667 3584 3764 3640 de-

2177 3678 2420 3734 fensione
2447 3678 2685 3735 veritatis
2711 3678 2777 3732 ad
2810 3687 3036 3734 mortem
3060 3694 3226 3749 usque
3253 3679 3320 3734 ab
3349 3679 3535 3734 electis
3562 3680 3711 3732 illius
3734 3674 3763 3715 δ

2177 3771 2442 3825 constanti
2472 3772 2666 3825 virtute
2688 3778 2943 3833 certatur.
2965 3772 3291 3839 Arrogantes
3323 3771 3479 3838 igitur
3508 3770 3610 3824 viri
3632 3769 3763 3824 sub-

2177 3862 2352 3918 ductis
2374 3863 2441 3918 de
2469 3864 2571 3917 hoc
2600 3862 2800 3917 mundo
2823 3864 3097 3931 apostolis,
3121 3864 3399 3919 subductis
3429 3864 3497 3917 ad
3524 3877 3762 3932 superna

2178 3954 2519 4025 martyribus,
2562 3954 2683 4023 quia
2731 3952 2958 4008 fortasse
3000 3955 3267 4009 doctiores
3325 3955 3763 4021 valentioresque

2178 4048 2497 4116 prapositos
2534 4046 2550 4083 ί
2589 4046 2801 4101 abunde
2831 4046 3020 4101 deesse
3058 4044 3412 4117 conspiciunt,
3436 4048 3588 4115 quasi
3615 4046 3763 4101 solos

2184 4151 2244 4191 se
2292 4138 2621 4193 remansisse
2668 4136 2806 4202 intra
2854 4138 3144 4193 Ecclesium
3200 4140 3560 4208 suspicantur.
3606 4137 3761 4205 Unde

2175 4231 2299 4285 dum
2345 4246 2403 4286 se
2433 4230 2742 4301 praferunt,
2775 4235 2824 4288 ei
2858 4233 3003 4288 velut
3048 4232 3062 4284 i
3120 4236 3461 4289 consulentes
3504 4234 3759 4301 illndnnt,

2175 4323 2415 4380 dicentes
2450 4341 2463 4377 :
2494 4324 2701 4395 Depone
2727 4325 3127 4396 magnitudinem
3150 4337 3291 4379 tuam
3316 4328 3503 4392 absque
3541 4325 3761 4379 tribula-

2176 4415 2332 4481 tione,
2363 4424 2411 4468 et
2452 4431 2622 4469 omnes
2647 4416 2877 4471 robustos
2909 4418 3228 4490 fortitudine.
3262 4422 3337 4472 Ac
3365 4418 3408 4471 si
3436 4420 3638 4486 apertis
3666 4433 3758 4472 ex-
3793 4462 3825 4470 -

2175 4506 2609 4576 probrationibus
2635 4508 2853 4563 dicant:
2878 4509 3219 4577 Nequaquam
3253 4522 3303 4565 te
3334 4510 3757 4593 magnitudinem

490 4583 642 4638 sione
693 4588 967 4655 regiminis
1012 4590 1063 4643 in
1112 4592 1189 4645 eis
1235 4592 1509 4650 humilitas
1566 4600 1904 4655 intumescat.
1955 4598 3067 4671 Etsi1)habereconlitlas,quiasubductis
3085 4584 3754 4671 prioribus,patribusjam

490 4690 702 4744 qutuatn
726 4677 952 4735 fortasse
981 4681 1122 4737 intra
1144 4682 1312 4753 ipsam
1332 4688 1566 4756 suntqui
1591 4705 1695 4743 non
1725 4690 1817 4746 Dei
1839 4694 1933 4747 sed
1951 4709 2063 4750 sua:

487 4767 671 4849 gloriae
719 4771 817 4825 sub
861 4773 1134 4845 religionis
1189 4787 1447 4846 praetextu
1503 4780 1836 4851 deserviunt,
1887 4788 2067 4844 studet

493 4866 668 4915 tanien
696 4875 810 4922 eos.
841 4873 952 4929 aut,
985 4864 1030 4918 si
1063 4866 1222 4932 valet,
1255 4868 1504 4951 districte
1550 4875 1843 4944 corrigere,
1874 4885 1985 4945 aut,
2016 4878 2064 4932 si

494 4964 599 5004 non
630 4951 790 5017 valet,
838 4956 1207 5023 aquanimiter
1237 4961 1506 5026 tolerare;
1549 4972 1605 5018 et
1635 4950 2064 5037 vel/corrigendo

487 5040 613 5096 illos
638 5043 791 5107 quasi
823 5044 961 5100 lilios
989 5050 1351 5118 amplectitur,
1386 5056 1469 5110 vel
1501 5037 1777 5112 tolerando
1819 5060 1970 5128 quasi
1996 5060 2064 5116 ab

490 5131 730 5188 h0stibus
782 5149 1081 5194 exercetur.
1122 5142 1233 5196 Scit
1279 5159 1513 5216 namque
1539 5149 1683 5218 quod
1735 5165 1831 5220 per
1875 5166 2059 5210 eorum

557 5272 906 5353 *__\’et._Etlit_.
940 5274 1102 5353 Giiot,
1126 5285 1181 5331 et
1210 5278 1408 5353 vatio”
1441 5294 1696 5340 nocentes.
1727 5286 2058 5353 Emendatur

483 5343 706 5425 exLMrfs.
741 5346 975 5425 Aliglic.)
1008 5347 1214 5425 No_rtn.,
1239 5343 1480 5425 τυτθή..
1516 5343 1761 5425 ιοηείρ.’
1960 5412 1963 5413 ν

555 5410 583 5496 ξ’
612 5413 740 5468 Rec.
769 5410 981 5497 Exicttsi,
994 5419 1249 5497 quidquid
1272 5438 1305 5497 tt
1333 5410 1539 5497 sanctis.
1590 5410 1770 5479 ιλῖῖεἰὶο
1798 5412 1963 5497 quam
1978 5443 2063 5483 se-

486 5484 699 5565 quitllllt‘
729 5488 966 5565 est__Mss.
993 5484 1219 5565 Turon.,
1271 5492 1521 5564 Longip.,
1563 5484 2057 5560 EbroicuwPratell.

482 5565 533 5611 ct
549 5554 774 5610 aliorum
801 5557 984 5610 Nortn.

558 5639 579 5708 ξ
616 5624 865 5708 ξξξυᾷοικ,
896 5627 965 5708 ξι
987 5632 1106 5708 quia
1131 5650 1220 5708 per
1249 5634 1391 5688 Itum.
1418 5638 1586 5689 laudis
1612 5640 1909 5708 appetitum.

553 5694 583 5735 ά
616 5698 860 5775 Vindoc.,
896 5694 1315 5775 Pratelu'Uth
1366 5709 1435 5760 ita
1485 5694 1711 5773 habent}
1743 5719 1797 5761 et
1834 5709 2053 5775 quidem

479 5767 772 5889 :legaiitius
798 5788 955 5839 quam
1001 5771 1197 5844 legitur
1226 5776 1275 5832 in
1304 5767 1567 5845 thtlgulis,
1596 5767 1887 5833 reuerentia
1908 5780 2058 5847 [asti-

516 5854 593 5889 us.

516 5854 593 5890 ας.

2174 4709 2281 4748 non
2304 4693 2466 4749 habes
2486 4694 2553 4749 de
2579 4709 2804 4764 quorum
2832 4695 2941 4750 vita
2966 4694 3236 4765 glorieris.
3271 4698 3460 4749 Dicunt
3483 4697 3601 4750 haec
3626 4711 3751 4763 pro-

2170 4786 2329 4854 iecto,
2346 4786 2642 4842 nescientes
2655 4787 2775 4856 quia
2788 4788 3123 4855 omnipmens
3139 4788 3278 4841 Deus
3292 4768 3589 4842 Ecclesiam
3604 4802 3755 4842 suam

2171 4879 2326 4947 digna
2367 4878 2484 4933 sine
2535 4877 2996 4932 administratione
3041 4893 3144 4932 non
3201 4880 3418 4933 deserit.
3450 4878 3586 4933 Nam
3635 4894 3754 4934 cum

2160 4970 2338 5026 fortes
2364 4970 2431 5024 ad
2488 4968 2763 5039 praemium
2811 4978 2986 5037 vocat,
3044 4984 3229 5025 eorum
3287 4971 3405 5026 vice
3433 4971 3644 5026 debiles
3689 4970 3753 5027 ad

2170 5062 2460 5115 certamina
2488 5061 2731 5125 roborat;
2762 5075 2881 5115 cum
2909 5060 3025 5114 illos
3055 5063 3196 5116 susci
3208 5060 3399 5131 piendo
3422 5072 3752 5126 remunerat.

2172 5151 2289 5208 istis
2320 5150 2561 5205 laborum
2593 5151 2755 5217 vires,
2806 5166 2938 5225 quas
2968 5165 3295 5223 remuneret,
3354 5157 3750 5212 subministrat.

2244 5296 2267 5323 ο
2299 5285 2571 5340 Omittitur
2598 5286 2781 5352 ipsein
2803 5286 2997 5341 Pratel.
3032 5298 3085 5343 et
3113 5287 3249 5347 Utic.

2244 5355 2264 5395 ί
2293 5358 2543 5426 Longip.,
2574 5368 2628 5412 et
2658 5358 2905 5411 bonorum
2937 5360 3102 5416 verba.

2239 5437 2265 5475 κ
2294 5430 2400 5491 AL,
2426 5429 2629 5482 diceret.

2234 5494 2261 5534 ³³
2294 5499 2789 5562 Colb.,incunctanti
2815 5504 3015 5553 uirtute.

2242 5568 2256 5606 ί
2288 5570 2468 5622 Baluz.
2523 5582 2573 5622 ct
2602 5572 2781 5634 60th.,
2821 5572 3023 5623 abunde
3063 5587 3190 5636 esse,
3239 5573 3398 5637 male,
3447 5576 3549 5630 etsi
3578 5576 3743 5630 abun-

2167 5643 2448 5716 de_deesse
2494 5641 2786 5716 etiavaix
2838 5641 2940 5695 dici
2970 5643 3173 5716 possit;
3218 5644 3295 5697 sic
3341 5644 3745 5716 tamen’lcgitur

2168 5710 2219 5835 iEll
2250 5711 2375 5792 Mss.
2410 5710 2629 5779 l'ratel.,
2664 5710 2802 5767 Utic.
2834 5720 2890 5767 et
2933 5712 3073 5779 aliis,
3100 5727 3202 5769 nec
3237 5730 3344 5771 non
3391 5717 3444 5772 in
3492 5710 3746 5774 omnibus

2218 5796 2413 5835 xcusts.
3188 5812 3191 5813 ν

2218 5796 2413 5835 Χρυειε.
3188 5812 3191 5813 ⁷

2246 5850 2261 5900 i
2296 5850 2498 5919 Baluz.,
2529 5852 2864 5909 consolantes.
