4036 6348
262 249 365 311 393

1035 251 1399 312 MORALIUM
1436 250 1569 313 LIB.
1610 249 1785 308 XXVI
1821 279 1894 294 --
1929 249 1997 307 IN
2034 249 2266 307 CAPUT
2305 247 2624 313 XXXVIII.
2663 248 2803 307 .IOB.

3430 249 3537 308 394

224 354 231 359 ’
262 363 337 421 De
358 373 555 435 quibus
580 363 755 419 eidem
784 362 983 417 s'anctte
1006 362 1260 418 Beclesiae
1287 363 1480 419 dicitur
1506 380 1521 418 :
1546 361 1655 417 Pro
1684 366 1847 433 patri-
1870 368 1922 425 Λ
1951 362 2136 432 Populi
2168 365 2365 433 quippe
2389 379 2607 419 nomine
2634 364 3003 434 designantur,
3030 362 3121 434 qui
3149 364 3302 435 quasi
3326 363 3541 436 vulgari

262 456 586 510 bustuisnati
614 455 967 522 sunttibi'ﬁlii,
992 458 1267 517 constitues
1289 473 1374 510 eos
1404 458 1664 528 principes
1694 473 1846 528 super

258 562 457 602 omnem
471 557 660 603 terram
675 547 846 623 (’Psal.
867 565 1012 614 xuv,
1032 550 1140 616 I7).
1176 551 1229 604 In
1248 550 1499 605 virtutem
1530 551 1724 619 quippe
1746 567 1847 606 an-

258 640 529 709 tiquorum
550 651 780 711 patrum,
802 642 853 696 hi
873 643 961 706 qui
985 644 1321 712 postmodum
1350 644 1549 712 prmlati
1568 655 1694 698 sunt
1721 644 1847 699 sub-

258 741 538 802 rogantur,
571 732 691 802 quia
744 743 796 787 et
832 746 952 787 cum
982 748 1183 787 annosa
1214 736 1429 788 arbusta
1474 735 1847 802 succiduutur,

259 824 310 880 in
337 841 523 880 eorum
553 826 715 881 robur
744 837 923 881 tenera
969 826 1193 897 virgulta
1226 838 1592 883 succrescunt.
1622 826 1731 882 Sed
1762 842 1848 881 ar-

258 926 510 986 rogantes
531 916 630 971 viri
658 918 1037 972 convalescere
1065 934 1170 971 non
1200 918 1426 973 credunt
1447 933 1581 987 quos
1607 918 1846 973 inﬁrmos

258 1010 544 1080 aliquando
576 1020 958 1076 noverunt;et
1002 1020 1333 1079 permutatos
1383 1014 1627 1067 venerari
1673 1013 1846 1083 despi-

257 1103 429 1168 ciunt,
460 1118 596 1174 quos
624 1103 987 1162 desnicabiles
1018 1104 1181 1159 fuisse
1212 1106 1596 1160 meminerunt.

331 1195 478 1269 [νει.
505 1195 661 1250 ΧΧΧ
681 1194 765 1268 ν.]
789 1194 878 1253 76.
909 1195 973 1251 In
995 1196 1229 1251 Ecclesia
1252 1200 1386 1265 justi
1407 1202 1565 1252 multo
1587 1199 1852 1268 pauciores

257 1304 413 1359 quam
452 1288 642 1357 iniqui.
678 1287 900 1357 Superbi
928 1300 1156 1357 pastores
1198 1306 1313 1359 qua:
1353 1300 1525 1361 patres
1548 1308 1721 1345 eorum
1742 1306 1852 1344 mo-

257 1383 440 1436 riendo
463 1392 715 1447 severunt,
743 1383 851 1436 haec
880 1384 1189 1437 exsultando
1219 1394 1432 1439 metunt.
1466 1415 1537 1427 —
1560 1386 1693 1452 Quia
1721 1399 1852 1440 vero

260 1474 316 1529 in
357 1490 421 1530 ea
445 1474 707 1543 jnstiores
735 1489 955 1543 paucos,
1000 1475 1216 1544 iniquos
1247 1488 1426 1531 autem
1456 1478 1853 1533 numerosiores

258 1566 546 1634 aspiciunt,
573 1566 710 1620 sicut
737 1576 791 1621 et
816 1566 869 1620 in
902 1567 1090 1621 tritura
1120 1567 1329 1639 frugum
1362 1569 1535 1639 major
1559 1578 1644 1625 est
1670 1570 1854 1625 multi-

258 1657 393 1713 tudo
417 1658 713 1726 palearum,
741 1659 903 1712 etiam
930 1658 1207 1728 iustorum
1235 1661 1393 1715 vitam
1425 1676 1489 1715 ex
1539 1662 1851 1731 iniquorum

1952 454 2323 510 consuetudini
2358 455 2544 519 dediti,
2574 456 2627 509 in
2656 456 2863 510 cunctis
2891 470 3009 525 quae
3052 462 3310 524 appetunt
3332 458 3531 525 passim

1951 547 2157 602 vivunt.
2187 548 2407 602 Noctem
2451 562 2581 602 vero
2612 546 2927 627 protrahere
2948 558 3030 601 eSt
3063 555 3121 602 ut
3147 562 3249 618 pro
3298 548 3534 603 robustis

1950 641 2130 713 populi
2161 640 2469 705 ascendant,
2499 641 2543 695 si
2570 656 2665 711 per
2712 641 3088 712 negligentiam
3117 641 3291 711 agitur
3319 648 3379 695 ut
3405 641 3538 699 doc-

1954 742 2125 788 torum
2177 743 2230 787 et
2253 718 2471 788 fortium
2504 734 2621 788 loca
2652 733 2853 789 indocti
2880 749 2943 790 ac
2972 734 3180 789 debiles
3210 732 3540 791 sortiantur.

1955 825 2142 895 Papuli
2175 839 2272 893 pro
2301 824 2535 880 robustis
2566 826 2860 879 ascendunt
2883 826 3103 894 quando
3155 827 3207 879 bi
3234 827 3324 895 qui
3355 827 3539 883 vivere

1952 908 2134 985 inique
2176 914 2479 970 didicerunt
2520 924 2795 985 pastorum
2842 915 2958 969 loca
3014 915 3333 984 percipiunt.
3381 914 3539 982 Quod

1954 1020 2103 1061 recte
2150 1006 2367 1077 quidem
2421 992 2527 1061 dici
2583 1014 2793 1075 poterat
2837 1005 2883 1059 si
2929 1004 3205 1060 humiliter
3251 1005 3536 1063 diceretur.

1956 1098 2283 1167 Arrogantes
2312 1099 2477 1161 enim,
2501 1097 2661 1151 etiam
2690 1111 2810 1151 cum
2834 1096 2973 1152 bona
3002 1096 3315 1163 admonent,
3348 1110 3547 1165 super-

1954 1189 2187 1245 stitiOnis
2236 1204 2346 1242 suae
2394 1189 2575 1241 vitium
2628 1194 2907 1244 exercent.
2970 1187 3103 1242 Nam
3144 1188 3283 1258 plus,
3327 1187 3465 1242 sicut
3492 1193 3550 1244 et

1953 1285 2200 1354 superius
2217 1284 2414 1338 dictum
2438 1293 2540 1349 est,
2561 1284 2887 1353 increpando
2904 1281 3542 1354 lerireappetuntdquam

1954 1377 2285 1431 consolando
2307 1374 2572 1431 relovere.
2602 1374 2756 1430 Unde
2784 1391 2912 1431 mox
2944 1375 3284 1446 subjungitur
3311 1393 3326 1430 :

2032 1468 2191 1523 Vens.
2224 1465 2313 1522 21.
2348 1498 2417 1507 -
2451 1476 2475 1505 ο
2523 1468 2607 1521 Ne
2635 1466 2860 1521 declines
2904 1467 2975 1521 ad
3009 1467 3368 1539 iniquitatem;
3412 1468 3547 1525 hanc

1954 1562 2089 1615 enim
2120 1561 2314 1631 coepisti
2339 1561 2480 1630 sequi
2505 1568 2619 1630 post
2649 1562 2928 1617 miseriam.

2030 1653 2141 1707 Iloc
2166 1652 2400 1722 profecto
2419 1662 2730 1722 arrogantes
2758 1652 3015 1708 Ecclesiae
3033 1654 3307 1711 miseriam
3329 1664 3545 1725 vocant,

260 1752 618 1806 aestimatione
649 1759 1020 1807 contemnunt.
1055 1751 1252 1807 Vident
1282 1753 1524 1822 profecto
1550 1756 1693 1825 quod
1720 1772 1852 1809 non-

1979 1745 2095 1814 μιοᾱ
2116 1744 2422 1812 despectam
2457 1744 2566 1798 Deo
2594 1742 2713 1811 ejus
2737 1743 3135 1800 multitudinem
3164 1747 3545 1817 suspicantur;
3624 1760 3635 1771 '

259 1844 399 1900 nulli
453 1853 692 1900 rectores
746 1844 909 1913 illius,
966 1847 1244 1915 temporali
1300 1856 1567 1919 potestate
1615 1849 1846 1914 subnixi,

257 1937 503 2005 ejusdem
534 1939 816 2007 potestatis
846 1938 1081 1993 elatione
1131 1949 1445 2007 pascuntur.
1482 1939 1682 1994 Vident
1710 1940 1852 2009 quod

258 2030 538 2101 religionis
577 2032 967 2096 reverentiam,
1033 2048 1194 2102 quam
1235 2033 1358 2086 huic
1417 2032 1615 2087 mundo
1671 2042 1854 2102 patres

261 2131 292 2161 κ
321 2122 601 2178 moriendo
650 2132 1020 2188 servaverunt,
1055 2122 1108 2176 III
1166 2123 1485 2177 exsultando
1538 2123 1592 2177 in
1626 2121 1857 2178 terrenis

259 2216 474 2287 gaudiis
505 2224 745 2280 metunt;
778 2224 833 2269 et
863 2214 1197 2283 perpendnnt
1242 2214 1460 2283 quidem
1489 2215 1614 2282 quia
1648 2212 1858 2268 robusti

261 2318 411 2375 sunt,
436 2308 530 2363 sed
557 2323 662 2362 non
690 2305 1019 2361 fortitudine.
1068 2306 1202 2361 Nam
1233 2305 1360 2360 dum
1395 2306 1675 2374 temporali
1709 2314 1857 2374 pote-

261 2411 408 2469 state
428 2403 735 2469 fulciuntur,
763 2404 913 2468 quasi
947 2402 1174 2472 quadam
1206 2402 1485 2457 debilitate
1510 2403 1853 2457 roborantur.

264 2492 486 2560 Quanto
530 2494 671 2548 enim
721 2495 957 2548 exterius
1006 2492 1171 2548 fortes
1212 2502 1355 2557 sunt,
1389 2504 1534 2548 tanto
1583 2510 1613 2548 a
1654 2494 1861 2549 cunctis

266 2583 602 2639 fortitudinis
624 2585 1019 2648 viribusintus
1046 2587 1383 2640 inanescunt.
1442 2586 1511 2640 Et
1560 2586 1763 2643 idcirco
1792 2589 1860 2642 ab

268 2677 649 2746 arrogantibus
679 2677 729 2731 ei
763 2676 958 2732 dicitur
989 2694 1001 2730 :
1035 2674 1249 2744 Depone
1275 2680 1511 2731 robustos
1541 2680 1861 2748 fortitudine.

267 2767 353 2821 Ac
371 2768 415 2820 si
447 2773 633 2833 aperte
660 2765 911 2820 dicatur:
945 2766 1021 2820 Illi
1057 2767 1147 2820 tibi
1183 2767 1448 2835 veraciter
1478 2766 1507 2806 ι)
1541 2769 1747 2823 robusti
1778 2773 1861 2824 in-

263 2858 587 2933 haeserant,
612 2857 701 2925 qui
752 2857 806 2909 in
836 2865 887 2911 te
919 2856 1021 2912 hoc
1062 2858 1204 2927 quod
1236 2860 1478 2914 docendo
1510 2860 1674 2915 locuti
1717 2870 1861 2928 sunt,

265 2949 505 3004 vivendo
536 2956 854 3013 tenuerunt;
887 2964 1029 3004 nunc
1078 2964 1206 3004 vero
1231 2950 1282 3003 bi
1333 2950 1423 3020 qui
1455 2951 1546 3005 tibi
1579 2950 1869 3020 praesident

266 3049 485 3103 visione
515 3047 723 3102 robusti
746 3056 893 3109 sunt,
910 3062 1016 3102 non
1035 3045 1366 3113 fortitudine,
1385 3049 1505 3116 quia
1522 3048 1868 3105 honorabiles

1957 1844 2011 1890 et
2040 1850 2103 1890 eo
2128 1836 2272 1888 illam
2301 1834 2478 1891 altiori
2507 1835 2739 1889 elatione
2758 1845 3131 1905 contemnunt,
3166 1853 3273 1908 quo
3322 1847 3377 1895 et
3418 1838 3552 1896 des-

1960 1936 2167 1995 pectam
2200 1926 2307 1981 Deo
2339 1924 2575 1979 funditus
2610 1926 2969 1994 suspicantur.

2030 2015 2125 2070 llis
2143 2017 2300 2085 igitur
2324 2016 2551 2087 ﬁgurata
2568 2006 3261 2086 expositionetranscursis,
3282 2016 3391 2087 jam
3409 2032 3552 2074 nunc

1961 2106 2234 2161 inferenda
2284 2115 2413 2162 sunt
2468 2123 2587 2179 qute
2637 2109 2912 2162 moraliter
2939 2108 3264 2179 sentiuntur,
3300 2121 3355 2165 ut
3387 2111 3555 2180 ligura

1961 2199 2213 2253 Ecclesia:
2240 2200 2479 2268 cognita,
2504 2215 2666 2269 quam
2698 2198 3009 2269 expressam
3028 2203 3357 2283 generaliter
3379 2203 3555 2258 credi-

1962 2306 2105 2357 mus,
2137 2291 2416 2347 audiamus
2445 2292 2607 2347 etiam
2636 2292 2763 2362 quid
2807 2308 2873 2348 ex
2904 2294 2987 2348 his
3028 2294 3206 2351 verbis
3254 2297 3308 2351 in
3336 2295 3557 2366 singulis

1963 2380 2265 2450 specialiter
2286 2383 2625 2452 colligamus.
2655 2383 2741 2437 Ait
2763 2384 2943 2454 itaque
2968 2402 2982 2437 :

2285 2494 2512 2550 CAPUT
2551 2494 2712 2549 mn
2755 2494 2902 2564 [Vel.
2944 2495 3235 2570 XXXVI].

2035 2585 2163 2640 CAP.
2192 2602 2373 2648 xxxvn,
2406 2587 2568 2643 Vens.
2598 2586 2689 2645 18.
2713 2618 2782 2628 -
2807 2587 2931 2643 Non
2951 2599 2996 2644 te
3014 2606 3138 2661 ergo
3154 2598 3360 2660 superet
3382 2593 3480 2658 ira,
3500 2598 3558 2646 ut

1965 2678 2187 2747 aliquem
2203 2682 2482 2751 opprimas.

2038 2772 2126 2825 78.
2176 2776 2380 2829 Sexsus
2424 2790 2671 2831 MORALIS.
2722 2806 2793 2817 -—
2823 2775 2891 2831 In
2932 2777 3170 2846 facienda
3202 2766 3561 2844 'correctione,

1969 2863 2174 2917 subesse
2201 2865 2342 2919 debet
2370 2867 2470 2931 ira,
2520 2883 2621 2920 non
2654 2883 2894 2938 prteesse.
2925 2897 2996 2910 —
3049 2869 3237 2923 Omnis
3268 2884 3365 2938 per
3395 2884 3555 2938 quem

1970 2970 2191 3011 necesse
2204 2957 2465 3011 estaliena
2483 2957 2611 3012 vitia
2639 2958 2833 3027 corrigi
2855 2959 3201 3026 semetipsum
3228 2959 3373 3029 prius
3400 2959 3561 3015 debet

1972 3049 2199 3103 solerter
2247 3048 2465 3115 intueri,
2502 3066 2570 3105 ne
2592 3051 2716 3104 dum
2747 3050 2974 3105 aliorum
3031 3052 3216 3120 culpas
3267 3051 3561 3118 ulciscitur,

268 3139 488 3209 quidem
511 3154 569 3194 se
596 3148 865 3194 ostentare
891 3154 995 3193 non
1029 3139 1310 3205 desinunt,
1343 3141 1437 3194 sed
1463 3151 1610 3195 tanto
1635 3143 1867 3198 imbecil-
1895 3155 1940 3218 ο
1972 3140 2088 3211 ipse
2137 3142 2426 3197 ulciscendi
2475 3144 2653 3199 lurore
2693 3154 2996 3214 superetur.
3048 3145 3368 3215 Plerumque
3411 3147 3559 3201 enim

268 3232 437 3287 liores
465 3240 519 3285 et
539 3231 1051 3301 contemptibiliores
1098 3240 1245 3297 sunt,
1274 3241 1473 3301 quanto
1517 3234 1738 3288 honoris
1772 3235 1859 3289 sui

224 3324 227 3325 ⁷
270 3322 494 3392 gloriam
527 3320 726 3389 despici
758 3335 853 3390 pro
900 3323 1122 3376 veritate
1153 3325 1559 3391 pertimescunt.
1591 3324 1745 3392 Quod
1776 3310 1877 3380 ar-V

269 3424 524 3485 rogantes
550 3415 763 3483 quidem
792 3415 857 3469 de
885 3415 1151 3485 plerisque
1177 3418 1445 3472 veraciter
1470 3420 1739 3485 sentiunt,
1767 3419 1862 3474 sed

271 3523 341 3564 eo
382 3509 434 3562 in
488 3497 738 3562 elationis
784 3507 972 3561 vitium
1024 3518 1301 3574 corruunt,
1334 3526 1440 3577 quo
1496 3526 1685 3565 omnes
1726 3526 1862 3579 quos

268 3615 509 3670 praeesse
531 3600 867 3669 conspiciunt
910 3601 1043 3656 tales
1090 3600 1442 3661 arbitrantur.
1486 3603 1653 3674 848
1681 3603 1865 3673 Neque

276 3696 422 3750 enim
444 3694 608 3749 debet
631 3694 978 3764 plurimorum
1011 3694 1207 3749 malum
1236 3694 1456 3750 tendere
1480 3699 1530 3749 in
1556 3695 1867 3751 (estimatio—

274 3805 400 3845 nem
413 3790 885 3859 cunctorum,quia
908 3791 1008 3845 etsi
1040 3790 1203 3861 iniqui
1219 3799 1342 3845 sunt
1366 3805 1502 3861 quos
1532 3805 1865 3861 cognoscen-

274 3891 363 3939 tes
409 3882 749 3951 dijudicant,
798 3882 1040 3938 nonnulli
1094 3892 1272 3937 tamen
1335 3882 1507 3937 sancti
1552 3891 1677 3936 sunt
1734 3896 1867 3952 quos

276 3978 548 4047 ignorant.
591 3973 821 4029 Tritnrzn
867 3976 1066 4044 quippe
1115 3985 1325 4044 tempus
1356 3983 1473 4041 est,
1525 3978 1546 4005 ε
1597 3983 1651 4029 et
1692 3974 1868 4030 adhuc

276 4082 446 4138 grana
478 4066 577 4121 sub
608 4048 772 4135 paleis
804 4065 995 4120 latent.
1040 4064 1224 4120 Nullus
1256 4080 1385 4134 ergo
1413 4081 1477 4119 ex
1508 4080 1632 4121 area
1664 4064 1869 4119 fructus

279 4160 700 4230 eXSpectabitur,
734 4159 777 4213 si
802 4159 902 4213 hoc
931 4159 1104 4213 solum
1138 4160 1190 4213 in
1218 4173 1279 4214 ea
1306 4173 1427 4213 esse
1448 4158 1701 4223 creditur,
1728 4156 1870 4227 quod

279 4252 565 4325 superﬁcie
593 4262 751 4308 tenus
782 4253 1013 4306 videtur.
1050 4250 1217 4321 Igitur
1261 4252 1382 4320 quia
1436 4265 1570 4320 quos
1617 4259 1866 4315 cernunt,

281 4346 608 4418 despiciunt,
638 4355 693 4401 et
720 4346 773 4400 in
808 4346 1149 4413 antiquorum
1204 4352 1416 4413 patrum
1467 4343 1739 4397 ordinibus
1774 4343 1872 4395 hos

280 4455 418 4514 quos
442 4448 637 4495 norunt
655 4439 933 4509 subregari
956 4446 1324 4502 contemnunt,
1349 4447 1469 4506 apte
1490 4436 1828 4506 subjungitur
1854 4450 1870 4489 :

862 4529 1089 4587 CAPUT
1146 4529 1302 4584 XLII.

358 4624 640 4681 Vens.20.
690 4653 761 4666 —-
807 4622 891 4678 Ne
918 4622 1191 4693 protrahas
1242 4630 1457 4688 noctem,
1489 4631 1543 4674 ut
1589 4620 1875 4674 ascendant

283 4718 471 4790 populi
501 4732 593 4787 pro
624 4717 715 4769 eis.

356 4812 449 4868 77.
475 4810 530 4865 Ν
534 4826 600 4864 os:
623 4808 867 4864 Ecclesia:
903 4817 998 4872 est,
1030 4824 1145 4862 cum
1173 4807 1437 4861 doctorum
1458 4815 1503 4859 et
1527 4806 1736 4876 fortium
1766 4806 1881 4859 loca

284 4903 485 4958 indocti
506 4918 567 4956 ac
587 4902 774 4954 debiles
806 4900 1048 4953 obtinent.
1083 4928 1154 4941 -—
1177 4902 1252 4954 Ac
1282 4897 1327 4952 si
1357 4910 1543 4966 aperte
1569 4904 1881 4964 arrogantes

286 4995 476 5051 dicant
505 5010 521 5050 :
551 4994 873 5064 Ignorantia:
903 5001 1011 5046 tute
1040 4990 1369 5046 obscuritate
1418 5005 1523 5044 non
1566 5002 1714 5058 agas,
1742 4998 1798 5042 ut
1824 4988 1879 5043 in

282 5087 407 5146 loco
446 5085 665 5142 fortium
715 5083 1157 5140 numerositatem
1208 5084 1469 5154 subroges
1519 5083 1874 5137 infirmorum.

363 5212 391 5240 ι
421 5201 497 5255 Ita
523 5201 747 5265 ‘I'uron.,
771 5200 982 5256 Ebroic.
1004 5199 1197 5269 aliique
1215 5199 1422 5263 Norm.,
1442 5195 1678 5253 Colbert.
1694 5240 1708 5261 ,
1732 5206 1866 5264 etc.,

285 5274 482 5333 suibus
536 5276 878 5328 consentiunt
926 5281 1035 5326 vet.
1088 5271 1225 5322 Edit.
1261 5270 1663 5323 Recentioribus
1703 5269 1870 5335 magis

286 5340 469 5402 arrisit
496 5350 784 5406 seruerunt,
818 5341 957 5395 haud
1005 5342 1163 5395 dubie
1201 5348 1423 5407 propter
1452 5339 1757 5392 antitliesim
1792 5340 1871 5390 al-

290 5419 459 5473 terius
494 5415 664 5473 verbi.
714 5423 941 5478 metunt;
984 5413 1136 5480 cujus
1180 5412 1297 5465 loco
1332 5411 1549 5465 Vindoc.
1582 5417 1637 5464 et
1662 5409 1867 5462 'I‘uron.

288 5488 493 5543 habent
524 5495 773 5539 metuunt.
1256 5492 1259 5495 ‘

361 5559 389 5597 ιι
423 5556 671 5619 Vindoc.,
703 5556 898 5608 robusti
924 5555 1230 5608 inhaereant.

364 5634 387 5663 ο
425 5628 651 5691 Turon,,
685 5636 731 5680 et
753 5629 798 5680 si
830 5626 1001 5679 adhuc
1024 5641 1207 5695 grana.

298 5770 314 5825 ί
363 5696 664 5827 άάξὺτοὶοη
696 5697 937 5765 Pratetl.,
979 5693 1143 5761 Utic.,
1203 5693 1452 5761 Vindoc.,
1497 5708 1654 5764 quam
1692 5706 1880 5765 consu-

315 5786 375 5826 sn
451 5809 467 5827 .

315 5786 467 5827 suae.

662 5859 938 5921 Panos.
961 5858 1249 5921 LXXVI.

1972 3244 2209 3288 mentem
2251 3236 2351 3289 sub
2378 3235 2599 3290 obtentu
2640 3235 2863 3305 justiti-.e
2896 3237 2989 3291 iras
3033 3236 3337 3293 immanitas
3364 3247 3557 3308 vastat,

1970 3335 2024 3381 et
2054 3326 2183 3380 dum
2212 3327 2366 3397 quasi
2394 3328 2545 3382 saevit
2577 3328 2694 3382 zelo
2724 3328 3087 3396 rectitudinis,
3141 3329 3343 3385 rabiem
3374 3332 3564 3400 explet

1970 3415 2200 3481 furoris,
2228 3418 2477 3487 justeque
2501 3433 2559 3471 se
2590 3416 2770 3472 facere
2792 3420 3038 3483 aestimat,
3074 3418 3329 3489 quidquid
3362 3419 3436 3473 ira
3466 3435 3563 3474 ne-

1970 3508 2146 3576 quiter
2164 3508 2347 3561 dictat.
2373 3508 2527 3563 Unde
2555 3517 2609 3562 et
2636 3509 2852 3562 modum
2885 3523 3028 3576 saepe
3054 3508 3347 3563 ulciscendi
3378 3517 3566 3563 trans-

1970 3597 2235 3666 greditur,
2263 3599 2387 3668 quia
2420 3582 2905 3669 mensurajustitia:
2925 3615 3029 3653 non
3051 3597 3312 3655 frenatur.
3330 3599 3560 3670 Dignum

1974 3688 2171 3757 quippe
2199 3698 2283 3743 est
2330 3699 2387 3743 ut
2424 3705 2543 3744 cum
2587 3691 2763 3745 aliena
2813 3690 3131 3761 corrigimus
3185 3692 3331 3761 prius
3375 3702 3561 3748 nostra

1971 3786 2280 3850 metiamur,
2312 3795 2371 3839 ut
2401 3784 2548 3853 prius
2580 3800 2733 3840 mens
2764 3800 2794 3839 a
2824 3800 2915 3839 sua
2935 3786 3253 3842 accensione
3273 3786 3587 3853 deferveat,

1975 3877 2120 3945 prius
2147 3878 2284 3930 intra
2317 3876 2658 3946 senietipsam
2707 3876 2807 3932 zeli
2850 3877 2931 3931 sui
2960 3878 3217 3947 impetum
3264 3877 3556 3948 tranquilla

1976 3973 2225 4041 aequitate
2264 3982 2575 4041 componat,
2630 3988 2697 4027 ne
2740 3972 2885 4051 si'ad
2927 3971 3401 4028 animadvertenda
3427 3973 3563 4029 sitia

1974 4065 2202 4133 abrupto
2220 4064 2397 4120 lurore
2426 4064 2708 4131 trahimur,
2742 4075 3015 4132 peccatum
3036 4064 3355 4137 corrigendo
3378 4081 3566 4137 pecce-

1976 4175 2120 4228 mus,
2149 4168 2203 4213 et
2233 4160 2320 4230 qui
2348 4160 2560 4227 culpam
2608 4160 2951 4228 dijudicando
2980 4158 3332 4230 insequimur,
3376 4160 3571 4214 immo-

1980 4253 2167 4307 derate
2203 4252 2222 4289 τ
2247 4252 2492 4307 feriendo
2519 4255 2799 4308 faciamus.
2831 4252 2948 4307 Non
2977 4261 3153 4308 autem
3179 4256 3287 4322 jam
3306 4263 3574 4310 correctio

1978 4345 2365 4414 delinquentis,
2405 4344 2498 4399 sed
2529 4345 2700 4414 magis
2729 4345 3008 4414 oppressio
3037 4345 3297 4414 sequitur,
3327 4346 3370 4398 si
3402 4344 3456 4399 in
3486 4345 3568 4399 ul-

1982 4440 2127 4494 tione
2169 4437 2246 4491 ira
2302 4438 2439 4491 ultra
2475 4452 2634 4506 quam
2664 4438 2820 4505 culpa
2872 4444 3113 4492 meretur
3139 4436 3466 4492 extenditur.
3512 4437 3573 4493 In

1903 4558 1957 4618 D
1981 4534 2322 4601 correptione
2350 4532 2550 4600 quippe
2572 4530 2821 4585 vitiorum
2844 4530 3065 4585 subesse
3093 4529 3259 4584 menti
3281 4529 3441 4586 debet
3466 4529 3575 4586 ira-

1982 4626 2198 4691 cundia,
2236 4639 2341 4679 non
2381 4638 2637 4694 prmesse,
2692 4631 2753 4677 ut
2780 4623 3181 4678 exsecutionem
3211 4622 3435 4691 justitia:
3465 4638 3574 4680 non

1987 4717 2316 4772 dominando
2365 4718 2677 4785 praeveniat,
2708 4716 2805 4771 sed
2852 4714 3161 4770 famulando
3189 4715 3572 4785 subsequatur,

1984 4821 2039 4866 et
2064 4820 2089 4857 ε
2107 4820 2287 4864 notum
2307 4809 2569 4879 judicium
2590 4807 2757 4879 849
2785 4820 3029 4876 possessa
3052 4805 3290 4877 impleat,
3315 4820 3420 4861 non
3450 4821 3575 4876 pos-

1984 4901 2165 4955 sidens
2194 4908 2507 4970 praecurrat.
2545 4901 2686 4955 Bene
2740 4902 2919 4970 itaque
2947 4898 3144 4953 dicitur
3185 4916 3201 4953 :
3234 4897 3358 4953 Non
3381 4908 3426 4952 te
3454 4913 3577 4967 ergo

1985 5006 2186 5067 superet
2212 4996 2312 5062 ira,
2345 5004 2400 5049 ut
2426 4996 2648 5066 aliquem
2679 4996 2961 5066 opprimas.
3011 4994 3147 5062 Quia
3178 4993 3428 5048 videlicet
3453 4991 3497 5046 si
3531 4992 3575 5045 is

1990 5089 2079 5156 qui
2110 5089 2377 5158 corrigere
2401 5087 2588 5142 nititur
2617 5088 2692 5142 ira
2749 5097 3052 5158 superatur,
3114 5083 3366 5155 opprimit
3414 5092 3571 5136 ante-

2052 5210 2074 5237 ε
2105 5202 2161 5255 In
2193 5213 2398 5258 recent.
2424 5202 2571 5258 Edit.
2604 5203 2736 5257 Cave
2766 5220 2849 5268 ne,
2909 5203 3066 5258 abest
3091 5199 3225 5256 Cave
3252 5216 3282 5253 a
3311 5200 3436 5255 Mss.
3470 5200 3574 5257 Ba-

1975 5270 2110 5338 luz.,
2133 5272 2314 5336 Colb.,
2340 5274 2552 5339 Norm.,
2578 5289 2607 5327 a
2632 5284 2741 5330 vet.
2776 5274 3021 5327 Excusis.

2053 5342 2069 5379 ί
2110 5343 2184 5396 Ita
2236 5338 2611 5414 elegantiusrin
2660 5346 2786 5399 Mss.
2837 5345 3015 5414 Colb.,
3076 5342 3286 5414 Baluz.,
3336 5338 3571 5414 Tur_ou_.,

1977 5412 2225 5479 Vindoc.,
2251 5410 2357 5469 uno
2389 5417 2629 5477 Ebroic.,
2672 5414 2893 5476 Pratel.,
2932 5412 3095 5476 Utic.,
3117 5421 3170 5465 et
3196 5413 3249 5465 in
3280 5418 3389 5467 vet.
3426 5410 3572 5468 Edit.

1975 5482 2145 5537 Paris.
2173 5487 2303 5537 ΑΙίίῡ
2337 5486 2551 5546 habent,
2587 5485 2816 5552 feriendo
2835 5483 3122 5536 steviamus.

2056 5564 2081 5601 Β
2108 5556 2286 5610 Baluz.
2318 5566 2373 5610 et
2402 5555 2620 5612 Pratel..
2675 5564 2719 5606 et
2748 5562 2925 5605 notum
2960 5553 3431 5624 judicii_possessa
3474 5553 3572 5608 ins-

1986 5627 2149 5751 gteni,
2186 5643 2288 5681 non
2320 5633 2623 5697 praecurrat.
2649 5625 2725 5680 Ita
2766 5621 2979 5693 quoque
3011 5632 3120 5679 vet.
3154 5621 3295 5681 Edit.
3318 5624 3493 5682 Paris.
3518 5630 3572 5682 et

2033 5711 2109 5751 εει
2132 5733 2147 5749 .

2033 5711 2147 5755 asn.

3106 5851 3182 5915 13
