4004 6350
70 623 73 741 ι

68 898 71 1023 ί

532 358 636 414 395

1731 340 1975 403 sitnon
2015 314 2345 398 eneoonn
2385 292 2605 393 uacui
3674 282 3762 399 sse

529 489 691 549 quam
718 478 975 542 corrigat.
1004 464 1136 524 Nam
1174 464 1300 521 dum
1325 463 1447 536 plus
1468 476 1629 533 quam
1646 506 1659 514 .
1677 460 1838 517 debet
1866 456 2116 515 accendi-
2140 457 2198 517 Δ
2291 450 2434 549 [γει.
2457 448 2626 549 aut
2638 446 2798 519 VIR]
2832 445 2923 505 80.
2967 445 3153 549 §ancti
3178 440 3633 549 adurendo-Deo,
3660 452 3766 508 huic

533 579 643 632 tur,
674 566 773 623 sub
790 564 952 637 insue
980 558 1194 617 ultionis
1223 559 1446 613 obtentu
1474 556 1541 612 ad
1573 555 1963 611 immanitatem
1995 565 2116 606 cru-

532 660 769 718 delitatis
798 656 1110 712 elfrenatur.
1142 650 1298 720 Quod
1328 650 1642 722 plerumque
1681 646 1885 702 idcirco
1916 641 2117 709 evenit,

466 738 477 757 ’⁷
532 755 655 824 quia
678 749 841 807 corda
869 754 1140 811 rectorum
1171 744 1351 798 minus
1374 740 1544 797 amori
1567 746 1696 793 sunt
1720 735 1889 793 solius
1910 742 2120 790 creato-

531 847 608 903 ris
638 846 859 901 intenta.
886 838 1021 894 Nam
1046 837 1176 893 dum
1202 833 1370 890 multa
1387 833 1441 889 in
1461 831 1680 888 hacvita
1703 828 2122 900 appetunt,"in-

534 936 771 990 numeris
795 929 1208 1002 COgitationibus
1248 927 1655 997 disperguntur;
1685 932 1739 978 et
1780 939 1898 978 cum
1944 921 2122 976 subito

530 1027 865 1082 subditorum
885 1022 1072 1092 culpas
1092 1019 1388 1089 reperiunt,
1412 1018 1573 1090 digne
1592 1032 1713 1073 cum
1732 1004 1851 1072 Deo.
1867 1028 1961 1070 eas
1976 1012 2123 1083 judi-

530 1132 658 1173 care
685 1122 977 1186 nequeunt,
1023 1112 1147 1183 quia
1169 1110 1330 1167 corda
1361 1124 1459 1165 sua
1490 1110 1551 1164 in
1579 1107 1729 1164 curis
1786 1105 2120 1162 transitoriis

531 1223 717 1279 sparsa
737 1207 765 1246 δ
786 1209 853 1262 ad
892 1204 1241 1261 districtionis
1252 1202 1465 1259 culmen
1487 1200 1745 1272 colligere
1768 1208 1988 1268 repente
2015 1213 2121 1253 non

532 1308 779 1369 possunt.
827 1296 1091 1352 Commoti
1141 1309 1269 1365 ergo
1301 1303 1447 1348 tanto
1474 1293 1654 1347 minus
1707 1291 1775 1346 ad
1804 1290 2117 1346 ulciscenda

534 1403 752 1462 peccata
784 1392 975 1446 libram
997 1389 1265 1461 aequitatis
1287 1389 1585 1451 inveniunt,
1605 1394 1807 1456 quanto
1823 1400 1943 1440 eam
1976 1392 2124 1439 tran-

537 1484 817 1557 quillitatis
874 1499 983 1538 suae
1044 1492 1284 1553 tempore
1331 1495 1439 1536 non
1486 1481 1786 1550 requirunt.
1820 1478 1972 1533 Unde
2000 1491 2121 1532 cum

535 1578 650 1630 Elin
682 1576 885 1631 diceret
918 1596 931 1631 :
968 1575 1089 1628 Non
1117 1570 1377 1644 te’superet
1403 1575 1504 1640 ira,
1528 1573 1823 1641 utaliquem
1837 1572 2121 1642 opprimas,

534 1678 797 1738 quatenus
823 1668 1039 1723 easdem
1063 1682 1257 1722 causas
1295 1666 1571 1736 iniustitia:
1600 1674 1657 1721 et
1697 1665 1793 1721 ira:
1819 1663 2125 1734 superantis

536 1759 879 1828 exprimeret,
909 1758 1051 1814 illico
1080 1757 1325 1828 adjunxit
1355 1775 1371 1812 :

1098 1848 1326 1906 CAPUT
1376 1847 1564 1903 XLIV.

604 1944 732 1999 Isto.
754 1973 826 1984 —
847 1941 959 1998 Nec
985 1941 1265 1997 multitudo
1288 1942 1522 1996 locorum
1550 1941 1761 1996 inclinet
1792 1949 1861 1995 te.

604 2034 693 2090 79.
728 2033 812 2089 Ea:
839 2034 1082 2106 originali
1108 2042 1318 2103 peccato
1348 2035 1574 2103 inquieta
1605 2032 1829 2086 hominis
1855 2029 2123 2085 mutabili-

536 2140 609 2185 tas
638 2128 822 2181 oritur.
847 2126 977 2181 Cum
1018 2126 1268 2197 qualitate
1296 2141 1472 2179 rerum
1514 2141 1617 2180 non
1661 2125 1851 2193 possit,
1883 2125 2125 2178 varietate

536 2221 713 2273 saltem
741 2218 925 2290 quierit
951 2218 1153 2271 satiari.
1181 2244 1253 2258 —
1274 2216 1333 2271 In
1366 2224 1446 2271 tot
1470 2218 1670 2286 quippe
1711 2215 1843 2271 locis
1888 2215 2126 2269 inclina-

534 2308 734 2377 rnur_in
754 2320 885 2379 quot
907 2308 1255 2378 supervacuis
1277 2307 1422 2362 curis
1442 2306 1808 2362 extendimur.
1832 2305 1963 2360 Nam
1988 2306 2128 2373 sicut

536 2402 686 2456 locus
714 2408 797 2455 est
823 2399 1066 2469 corporis
1108 2401 1342 2469 spatium
1373 2398 1690 2468 corporale,
1736 2398 1807 2452 ita
1851 2399 2000 2454 locus
2040 2406 2126 2454 est

490 2528 495 2531 -
536 2490 734 2546 mentis
773 2505 1105 2559 unaquaeque
1141 2490 1370 2545 intentio
1409 2492 1771 2560 cogitationis.
1816 2492 1948 2560 Qua:
1996 2492 2124 2547 dunt

535 2580 641 2635 huc
664 2580 890 2650 illucque
919 2579 1233 2649 impellitur,
1254 2582 1297 2635 si
1322 2580 1684 2638 delectatione
1713 2582 1890 2652 aliqua
1915 2582 2122 2653 cegita.

537 2670 699 2726 tionis
724 2686 836 2727 suae
867 2670 1094 2726 libenter
1122 2680 1439 2741 occupatur,
1469 2673 1614 2727 velut
1641 2672 1694 2727 in
1732 2674 1965 2742 quodam
2007 2674 2128 2729 loco

537 2763 753 2833 ponitur
782 2772 838 2817 ut
867 2763 1126 2833 quiescat.
1158 2762 1293 2818 Nam
1324 2765 1537 2833 quoties
1562 2765 1690 2819 victi
1718 2764 1881 2819 tzedio
1912 2780 1941 2818 a
1969 2766 2123 2836 cogi-

536 2855 738 2910 tatione
765 2855 817 2909 in
848 2856 1223 2926 cogitationem
1267 2855 1539 2924 ducimur,
1572 2857 1725 2926 quasi
1757 2857 1901 2912 fessa
1945 2865 2128 2913 mente

538 2947 604 3002 de
624 2948 744 3002 loco
763 2944 830 3001 ad
860 2945 1034 3001 locum
1066 2948 1379 3017 migramus.
1412 2946 1515 3025 Tot
1551 2948 1734 3017 itaque
1762 2948 1878 3003 loca
1913 2928 2129 3005 culmen

539 3038 735 3094 mentis
760 3039 1040 3105 inclinant,
1068 3049 1199 3109 quot
1226 3039 1461 3094 subortu:
1486 3040 1841 3109 cogitationes
1866 3043 2130 3097 unitatem

539 3134 694 3189 bona:
718 3133 1027 3187 intentionis
1056 3132 1341 3202 dissipant.
1374 3131 1541 3188 Recta
1572 3134 1773 3188 etenim
1818 3148 1971 3189 mens
2011 3116 2129 3190 Sta-

2224 543 2469 600 anzietati
2512 528 2799 598 medentur.
2824 571 2895 581 —
2918 549 2941 578 ο
2970 540 3157 597 Sancti
3202 548 3379 597 autem
3405 539 3507 597 viri
3546 556 3693 601 causa
3714 559 3768 605 se

2223 638 2603 695 observatione
2631 636 2972 704 custodiunt,
2998 652 3068 691 ne
3089 635 3158 691 ab
3180 634 3477 691 intentione
3492 649 3584 692 sua
3608 648 3770 697 mult

2223 730 2401 786 biliter
2423 728 2813 795 dissolvantur,
2843 734 2899 783 et
2927 727 3052 799 quia
3100 726 3242 783 idem
3268 740 3392 782 esse
3416 736 3653 796 appetunt
3672 771 3686 797 ,
3710 731 3770 787 ad

2225 823 2604 892 cogitationem
2646 836 2750 892 qua
2790 821 2957 876 Deum
2994 820 3227 890 diligunt
3266 834 3328 876 se
3360 820 3577 876 solerter
3597 823 3772 879 astrin-

2223 925 2373 990 gunt.
2423 918 2480 972 In
2519 914 2977 983 contemplatione
3004 927 3236 984 namque
3269 912 3525 968 creatoris
3567 912 3662 969 hoc
3692 929 3773 970 ac.

2225 1009 2431 1080 cepturi
2458 1017 2612 1075 sunt,
2640 1016 2699 1062 ut
2740 998 3095 1077 unasemper
3124 1005 3316 1061 mentis
3344 1005 3627 1061 stabilitate
3666 1020 3773 1076 per-

2225 1100 2486 1156 fruantur.
2514 1100 2683 1171 850
2711 1098 2869 1154 Nulla
2896 1112 2990 1155 eos
3016 1107 3143 1153 tunc
3181 1096 3503 1152 mutabilitas
3543 1095 3777 1165 dissipat,

2226 1193 2348 1265 quia
2377 1191 2584 1248 scilicet
2628 1206 2814 1248 eorum
2858 1184 3112 1263 cogitatio
3137 1188 3458 1257 sibimetipsi
3500 1201 3696 1257 semper
3715 1188 3781 1242 in-

2226 1285 2504 1341 dissimilis
2538 1293 2861 1349 perseverat.
2889 1283 3002 1337 Hoc
3032 1298 3159 1351 ergo
3188 1295 3313 1336 cum
3343 1278 3525 1333 labore
3549 1292 3680 1332 nunc
3704 1292 3782 1333 co-

2226 1390 2418 1436 nantes
2458 1380 2758 1443 imitantur,
2806 1380 2950 1451 quod
2992 1387 3115 1449 post
3154 1378 3211 1433 in
3263 1390 3487 1432 munere
3522 1373 3785 1446 gaudentes
3864 1384 3872 1389 '

2226 1470 2623 1544 accipiunt.‘Cui
2646 1486 2705 1528 se
2718 1472 2985 1540 Propheta
3003 1467 3420 1524 immutabilitati
3436 1465 3625 1520 virtute
3644 1478 3784 1520 amo-

2226 1565 2303 1623 ris
2333 1566 2657 1621 astrinxerat
2676 1580 2843 1633 ,,cum
2871 1564 3089 1620 dicebat
3118 1581 3131 1617 :
3166 1561 3339 1617 Unam
3364 1560 3484 1628 petii
3503 1575 3535 1611 a
3566 1556 3785 1624 Domino,

2230 1661 2362 1714 hanc
2401 1662 2681 1731 requiram,
2711 1668 2767 1714 ut
2792 1660 3076 1714 inhabilem
3113 1660 3171 1713 in
3208 1658 3364 1712 domo
3397 1654 3603 1709 Domini
3634 1640 3803 1725 (Piat.

2228 1770 2381 1823 imi,
2410 1754 2488 1826 4).
2519 1754 2654 1811 llnic
2691 1754 2888 1810 Paulus
2918 1754 3107 1808 unitati
3140 1750 3438 1806 intentione
3477 1748 3786 1813 adbreserat,

2150 1822 2201 1902 Β
2226 1822 2456 1906 όίοθηεέ
2486 1849 2659 1904 Unum
2702 1858 2904 1910 autem,
2936 1862 3050 1917 quis
3091 1854 3228 1898 retro
3257 1854 3380 1898 sunt
3425 1842 3629 1907 oblitus,
3658 1840 3719 1893 ad
3741 1853 3792 1892 ea

2226 1961 2338 2015 qua:
2376 1953 2496 1998 ante
2534 1951 2655 1998 sunt
2684 1950 2951 2007 extentus,
2997 1954 3181 2010 sequor
3226 1938 3293 1992 ad
3326 1936 3552 2008 palmam
3583 1946 3791 2001 superna:

2226 2036 2551 2092 dvocationis
2589 2034 2685 2088 Dei
2729 2034 2784 2087 in
2814 2031 3021 2087 Christo
3063 2028 3290 2102 (Philip.
3346 2043 3427 2092 ιιι,
3472 2025 3585 2096 15).
3615 2024 3731 2080 Nam
3756 2021 3791 2079 si

2228 2128 2355 2195 quid
2402 2125 2456 2181 in
2508 2139 2696 2181 eorum
2736 2120 2902 2178 corde
2945 2118 3253 2174 humanitus
3299 2114 3533 2181 difﬂuit,
3565 2110 3793 2168 mox‘hoc

2227 2219 2494 2276 discussio
2539 2231 2729 2272 severa
2756 2214 3070 2285 restringit;
3098 2223 3151 2268 et
3185 2218 3308 2265 cum
3341 2209 3495 2279 quasi
3536 2206 3789 2277 pueriliter

2227 2310 2483 2383 cogitatio
2508 2309 2727 2373 labitur,
2748 2294 2971 2377 juvenili
2996 2320 3122 2359 mox
3143 2303 3478 2360 coercitione
3499 2298 3792 2356 refrenatur.

2229 2406 2384 2463 Unde
2413 2405 2474 2460 ﬁt
2502 2413 2559 2459 ut
2586 2418 2830 2473 sparsam
2865 2409 3104 2457 mentem
3151 2397 3415 2456 continuo
3454 2395 3726 2465 colligant,
3751 2400 3807 2457 et

2230 2498 2286 2553 in
2331 2506 2437 2552 una
2484 2503 2741 2565 quantum
2774 2494 3066 2564 praevalent
3106 2491 3440 2562 cogitatione
3478 2494 3793 2556 componant.

2229 2588 2368 2656 Quia
2409 2587 2569 2657 igitur
2610 2592 2784 2641 status
2816 2584 3016 2639 mentis
3056 2582 3446 2654 cogitationum
3478 2577 3797 2634 mutabilitate

2229 2688 2501 2744 curvatur,
2533 2685 2682 2733 recte
2710 2675 2779 2731 ab
2804 2674 2923 2731 Eliu
2954 2674 3149 2730 dicitur
3178 2692 3193 2727 :
3226 2672 3347 2729 Nec
3376 2670 3649 2728 multitudo
3677 2671 3795 2724 loco-

2230 2786 2347 2823 rum
2370 2768 2582 2823 inclinet
2612 2777 2681 2823 te.

2302 2860 2393 2918 81.
2434 2860 2544 2917 Deo
2568 2862 2641 2916 ita
2662 2860 2962 2916 vacantibus
2990 2859 3217 2914 cavenda
3250 2855 3437 2913 elatio.
3460 2888 3530 2899 —
3554 2855 3656 2914 Sed
3679 2864 3798 2922 sape

2232 2954 2358 3009 dum
2385 2952 2489 3009 viri
2516 2953 2645 3022 justi
2675 2952 2890 3009 animus
2935 2952 2991 3007 in
3024 2952 3144 3020 ipsa
3182 2951 3512 3006 intentionis
3555 2963 3661 3003 suae
3698 2958 3801 3000 arce

2232 3047 2511 3115 consistit,
2541 3046 2666 3100 dum
2717 3046 2787 3101 ab
2830 3045 2977 3100 omni
3023 3041 3407 3099 mutabilitatis
3451 3056 3513 3097 se
3560 3038 3801 3110 sparsions

2234 3138 2477 3209 colligit,
2507 3136 2633 3192 dum
2661 3136 2919 3208 quidquid
2952 3138 3008 3190 in
3041 3150 3105 3191 se
3130 3135 3416 3206 superﬂue
3443 3130 3679 3190 oboritur
3705 3140 3803 3198 pre-

541 3236 647 3295 ret,
678 3228 722 3281 si
749 3226 840 3281 uni
864 3224 951 3281 cui
971 3225 1233 3282 debuerat
1254 3225 1564 3296 cogitationi
1582 3240 1796 3296 semper
1815 3228 2125 3283 inhaereret.
2157 3218 2205 3283 C
2235 3234 2363 3299 mit;
2394 3234 2508 3305 ipsa
2537 3249 2649 3290 sua;
2676 3235 3015 3292 rectitudinis
3043 3232 3215 3305 gloria
3246 3232 3511 3302 tangitur,
3550 3238 3604 3285 et
3645 3228 3698 3282 in
3732 3233 3802 3278 tu-

541 3322 706 3379 Recta
735 3337 888 3378 mens
907 3329 1096 3388 staret,
1122 3322 1166 3375 si
1190 3335 1296 3377 non
1325 3322 1709 3397 seinnumeris
1734 3321 1967 3377 motibus
1989 3322 2132 3378 ﬁuxa

496 3488 501 3495 κ
541 3415 896 3472 mutabilitate
943 3423 1333 3485 prosterneret.
1383 3413 1493 3470 Sed
1535 3414 1664 3470 dum
1703 3431 1846 3471 nunc
1877 3418 1977 3470 ista
2005 3432 2130 3489 per-

542 3516 775 3577 tractat,
813 3521 954 3562 nunc
992 3506 1060 3562 ad
1092 3506 1200 3562 alia
1238 3506 1515 3575 dilabitur,
1555 3507 1710 3577 quasi
1753 3522 1847 3578 per
1891 3507 2133 3564 locorum

542 3598 939 3656 multitudinem
964 3613 997 3654 a
1021 3606 1164 3655 statu
1198 3614 1309 3655 suae
1338 3600 1679 3656 rectitudinis
1724 3600 2051 3670 inclinatur;
2079 3610 2135 3661 et

544 3691 667 3748 dum
700 3706 795 3763 per
823 3691 976 3761 plura
1002 3705 1060 3746 se
1092 3689 1293 3756 tendit,
1324 3690 1393 3745 ab
1419 3706 1522 3746 una
1542 3735 1558 3759 ,
1592 3693 1677 3747 cui
1724 3692 2007 3749 adhaerere
2035 3694 2133 3749 de-

544 3783 680 3848 buit,
709 3781 1009 3837 intentione
1039 3795 1101 3836 se
1128 3779 1334 3849 dejicit.
1374 3781 1477 3849 Qui
1527 3791 1709 3840 tamen
1759 3784 2135 3842 mutabilitatis

545 3892 675 3933 usus
701 3892 767 3933 ex
800 3878 985 3946 prima:
1010 3875 1468 3945 prmvaricationis
1487 3876 1618 3947 vitio
1640 3878 1753 3947 jam
1779 3878 1931 3947 quasi
1953 3877 2007 3934 in
2036 3894 2134 3934 na-

548 3980 720 4026 turam
766 3970 929 4024 venit.
963 3968 1095 4023 Nam
1142 3984 1263 4024 cum
1313 3978 1459 4026 stare
1505 3970 1718 4027 animus
1750 3987 1805 4026 tn
1840 3972 2135 4041 semetipso

547 4061 753 4128 nititur,
794 4077 825 4116 a
865 4058 1155 4131 semetipso
1196 4060 1379 4132 aliquo
1428 4061 1589 4117 modo
1639 4062 1802 4118 etiam
1847 4061 2136 4118 nesciendo

548 4153 844 4209 derivatur.
867 4150 1107 4206 Humana
1148 4165 1381 4223 namque
1411 4151 1585 4207 anima
1628 4150 1696 4207 ab
1727 4165 2049 4222 unaquaque
2079 4166 2139 4209 re

548 4243 637 4301 cui
683 4242 982 4298 intenditur
1030 4240 1248 4300 fastidio
1297 4243 1609 4314 impellente
1657 4250 1985 4299 removetur.
2030 4243 2138 4300 Sed

550 4335 678 4389 dum
707 4334 974 4389 inhianter
1003 4335 1285 4405 cogitanda
1315 4336 1542 4405 appetit,
1572 4343 1628 4391 et
1657 4343 1884 4404 repente
1902 4336 2137 4405 cogitata

552 4427 775 4495 fastidit,
809 4428 965 4483 docet
992 4428 1131 4499 quod
1163 4428 1376 4485 aliunde
1406 4427 1621 4498 pendet,
1650 4441 1769 4497 qua:
1791 4429 2029 4497 quolibet
2046 4445 2141 4503 po-

553 4522 654 4575 sita
677 4536 783 4576 non
812 4521 1119 4591 requiescit.
1150 4520 1231 4575 Ad
1262 4520 1414 4575 illum
1443 4519 1641 4589 quippe
1684 4532 1949 4589 suspensa
1990 4530 2078 4576 est
2106 4536 2139 4576 a

2236 3340 2385 3381 more
2414 3328 2640 3396 propria:
2663 3326 3100 3396 praesumptionis
3121 3326 3391 3380 elevatur.
3418 3322 3522 3390 Qui
3545 3319 3679 3377 enim
3706 3327 3801 3371 ata-

2235 3410 2338 3491 gna
2370 3421 2497 3490 agit,
2528 3419 2772 3490 quamvis
2800 3419 2867 3473 de
2895 3434 2954 3474 se
2985 3418 3208 3474 humilia
3252 3416 3500 3483 sentiat,
3529 3411 3631 3468 scit
3654 3418 3805 3465 tamen

2238 3527 2430 3583 magna
2463 3527 2585 3568 esse
2612 3526 2729 3583 quae
2756 3512 2887 3584 agit.
2917 3511 3052 3566 Nam
3081 3510 3130 3565 si
3159 3524 3358 3582 magna
3387 3522 3512 3566 esse
3540 3502 3727 3567 nescit,
3751 3511 3805 3554 ea

2238 3600 2421 3672 procul
2451 3601 2616 3657 dubio
2659 3601 2881 3656 minime
2911 3598 3166 3656 custodit.
3210 3597 3350 3666 Qua:
3388 3596 3523 3654 dum
3565 3588 3807 3648 custodire

2237 3694 2482 3766 negligit,
2515 3702 2608 3749 aut
2636 3695 2691 3749 in
2713 3694 2792 3749 eis
2832 3694 3011 3749 minus
3042 3690 3295 3762 prolicit,
3344 3698 3440 3746 aut
3484 3703 3551 3745 ea
3595 3682 3804 3741 funditus

2237 3786 2455 3841 amittit.
2492 3786 2625 3840 Dum
2656 3800 2784 3855 ergo
2815 3784 2957 3840 bona
2994 3791 3182 3838 nostra
3211 3796 3384 3851 opera
3423 3780 3570 3836 scire
3615 3783 3809 3832 necesse

2238 3885 2321 3932 est
2344 3888 2400 3931 ut
2426 3876 2825 3943 custodiamus,
2854 3891 2923 3932 ex
2951 3874 3070 3945 ipsa
3098 3888 3288 3929 eorum
3320 3871 3551 3929 scientia
3583 3862 3805 3925 elationis

2239 3969 2417 4025 aditus
2451 3970 2719 4042 panditur,
2769 3977 2826 4026 et
2871 3968 2941 4025 ad
2983 3971 3257 4039 operantis
3298 3982 3399 4023 cor
3444 3965 3621 4036 culpae
3648 3969 3810 4018 manus

2240 4060 2561 4126 admittitur,
2591 4077 2696 4131 qua
2722 4069 2970 4117 vastante
3014 4060 3316 4130 rapiantur.
3352 4059 3491 4115 Mira
3532 4064 3702 4112 autem
3743 4046 3831 4103 di?

2241 4154 2587 4225 spensatione
2626 4154 2826 4225 agitur,
2870 4161 2933 4209 ut
2973 4152 3224 4208 conditor
3266 4162 3463 4207 noster
3506 4146 3812 4205 sublevatum

2242 4244 2514 4316 prosperis
2544 4245 2778 4301 animum
2809 4244 2984 4300 subita
3026 4244 3245 4301 concuti
3276 4241 3586 4299 tentatione
3616 4233 3810 4309 perurit-

2244 4347 2339 4405 tat,
2370 4347 2632 4409 quatenus
2662 4348 2687 4377 ε
2710 4341 3061 4409 semetipsum
3100 4337 3157 4394 in
3199 4336 3523 4393 inﬁrmitate
3556 4333 3726 4391 verius
3751 4325 3814 4381 vi-

2244 4430 2398 4498 deat,
2448 4439 2503 4486 et
2546 4431 2614 4486 ab
2653 4446 2719 4487 eo
2747 4447 2906 4502 quem
2936 4430 3004 4486 de
3032 4429 3321 4485 virtutibus
3346 4434 3687 4498 sumpserat,
3721 4420 3813 4490 iam

2246 4523 2425 4592 seipso
2452 4521 2643 4578 melior
2670 4522 2919 4579 elationis
2940 4522 3081 4577 fastu
3100 4521 3422 4577 descendat.
3451 4520 3604 4578 Unde
3626 4525 3675 4573 et
3696 4515 3814 4569 bene

553 4628 659 4684 quo
690 4610 940 4667 formata.
973 4611 1041 4667 Et
1084 4610 1206 4681 quia
1237 4609 1305 4664 ad
1354 4609 1547 4675 Deum,
1576 4609 1749 4663 solum
1782 4614 2142 4682 appetendum
2164 4604 2225 4669 'D
2248 4636 2392 4679 nunc
2418 4619 2700 4678 subditur:

555 4703 693 4760 facta
720 4712 826 4771 est,
860 4717 1020 4758 omne
1047 4712 1225 4757 autem
1257 4699 1401 4767 quod
1429 4700 1564 4754 infra
1589 4702 1797 4773 appetit
1820 4703 1999 4759 minus
2024 4714 2106 4761 est
2124 4746 2140 4770 ,

554 4797 670 4873 iure
698 4799 747 4855 ei
782 4814 887 4853 non
916 4796 1113 4851 sufﬁcit
1136 4794 1275 4866 quod
1302 4794 1440 4850 Deus
1472 4810 1577 4850 non
1603 4804 1704 4851 est.
1728 4790 1865 4851 Hinc
1886 4806 1969 4852 est
1993 4797 2139 4868 quod

555 4892 662 4946 huc
688 4890 917 4961 illucque
947 4887 1233 4959 Spargitur,
1266 4894 1319 4941 et
1348 4886 1414 4941 ab
1439 4902 1759 4959 unaquaque
1786 4904 1875 4957 re,
1914 4898 1972 4945 ut
2000 4890 2146 4947 dixi-

555 4998 708 5049 tttus,
759 4979 975 5036 fastidio
1019 4978 1329 5047 impellente
1374 4990 1705 5035 removetur.
1756 4980 2141 5038 Delectationis

556 5077 806 5131 videlicet
828 5074 1005 5141 avida,
1033 5072 1225 5143 quierit
1256 5084 1609 5143 quoppausct,
1642 5089 1804 5130 unum
1834 5089 1961 5129 vero
1985 5091 2143 5144 quem

556 5169 888 5225 sufﬁcienter
917 5165 1119 5220 habere
1161 5173 1371 5234 poterat
1414 5167 1615 5222 amisit.
1662 5166 1813 5222 Unde
1858 5182 2001 5222 nunc
2051 5183 2148 5238 per

560 5264 729 5319 multa
748 5260 979 5329 ducitur,
1008 5266 1066 5313 ut
1094 5258 1219 5329 quia
1248 5261 1507 5330 qualitate
1546 5275 1727 5319 rerum
1772 5275 1880 5319 non
1927 5272 2106 5333 patest
2126 5305 2143 5332 ,

560 5357 751 5413 saltem
773 5351 1037 5411 varietate
1062 5353 1306 5409 satietur.

634 5503 662 5532 ⁸
692 5493 914 5559 Pratel.,
939 5491 993 5546 in
1013 5491 1315 5549 innumeris.
2128 5540 2131 5543 ,

631 5564 660 5604 ιι
690 5566 899 5633 Baluz.,
941 5563 1115 5627 Colb.,
1163 5560 1427 5633 Vindoc.,
1456 5560 1682 5627 Pratel.,
1725 5560 1870 5633 Utic.
1901 5573 1958 5617 et
2012 5563 2149 5619 alios

561 5636 771 5703 Norm.,
805 5632 893 5689 hic
920 5634 1211 5704 sequimur,
1245 5650 1350 5689 non
1393 5632 1671 5702 Excusos,
1718 5632 1809 5688 ubi
1857 5632 2054 5705 legitur
2080 5635 2150 5690 ad

564 5707 905 5763 discretionis.

642 5788 663 5815 ε
695 5774 858 5835 Editi,
887 5774 1054 5825 sancti
1082 5783 1249 5825 autem
1276 5774 1370 5825 viri
1400 5774 1519 5839 quia
1538 5782 1692 5827 cauta
1713 5791 1768 5828 se
1794 5776 2150 5830 observatione

570 5844 887 5901 custodiunt.
952 5841 1229 5894 Rcdttndat
1279 5843 1435 5905 quia;
1494 5845 1859 5913 omittiturque
1890 5846 1965 5900 ‘in
2019 5846 2145 5903 M88.

2831 4707 3057 4765 CAPUT
3095 4707 3258 4763 XLV.

2321 4809 2486 4864 Vens.
2535 4804 2624 4861 19.
2659 4833 2725 4843 -
2751 4800 2961 4874 Depone
3004 4799 3424 4871 magnitudinem
3471 4808 3619 4855 tuam
3656 4791 3817 4860 absqu

2247 4900 2598 4965 tribulatione,
2623 4905 2671 4951 et
2702 4910 2874 4950 omnes
2896 4892 3131 4947 robustos
3157 4892 3489 4963 fortitudine.

2320 4992 2411 5047 82.
2451 4990 2537 5046 Ne
2560 4989 2624 5044 de
2651 4988 2795 5042 nobis
2822 5000 3195 5057 praesumamus
3212 5029 3227 5053 ,
3255 4983 3403 5039 Deus
3449 4982 3718 5037 tentatione
3742 4987 3818 5028 nu

2251 5083 2447 5157 pulsari
2477 5080 2743 5152 permittit.
2771 5107 2839 5117 —
2862 5077 3087 5132 Robusti
3116 5075 3317 5146 quippe
3350 5083 3487 5131 sunt
3517 5080 3692 5129 motus
3718 5079 3819 5157 core

2251 5155 2354 5243 dis,
2386 5190 2507 5231 cum
2536 5173 2681 5230 nulla
2711 5171 2811 5227 nisi
2842 5185 2960 5240 qua:
3001 5170 3215 5225 virtutis
3265 5176 3400 5223 sunt
3450 5167 3705 5223 sentiunt.
3731 5155 3821 5215 Sed

2251 5266 2676 5340 magnitudinem
2698 5272 2754 5320 et
2780 5262 3033 5319 robustos
3055 5270 3230 5317 motus
3257 5260 3612 5331 deponimus,
3636 5249 3821 5329 quando

2252 5362 2503 5433 pulsante
2530 5358 2662 5415 vitio
2688 5355 2931 5427 cogimur
2961 5369 3190 5424 pensare
3227 5352 3369 5424 quid
3406 5368 3618 5410 sumus.
3661 5348 3821 5404 Robu-

2259 5495 2486 5563 Prateu,
2532 5493 2675 5550 Utic.
2720 5497 2778 5547 et
2815 5489 2954 5543 aliis.
3004 5488 3192 5543 Baluz.
3238 5494 3296 5544 et
3340 5464 3503 5545 Coll).
3536 5485 3821 5542 habentco-

2256 5577 2593 5691 “ad‘ePratel.
2627 5642 2680 5687 et
2703 5632 2870 5700 Utic.,
2898 5610 3136 5697 supernae
3162 5629 3453 5686 vocationis
3479 5626 3687 5684 Christi.
3706 5620 3825 5679 Cott-

2257 5706 2478 5765 veniunt
2501 5718 2625 5760 cum
2651 5704 2833 5759 Baluz.
2866 5708 2923 5756 et
2946 5701 3100 5756 (που).

2333 5786 2358 5816 ο
2389 5776 2572 5843 Deest,
2595 5774 2923 5845 semetipsum
2951 5770 3007 5827 in
3038 5771 3251 5829 Ebroic.
3282 5778 3344 5826 et
3369 5772 3495 5827 aliis
3514 5770 3697 5827 Norm.
