4036 6348
306 376 410 435 397

1060 375 1419 433 MORALIUM
1458 370 1589 432 LIB.
1631 374 1825 434 xxvr.
1866 362 2031 431 alii
2069 362 2299 428 CAPUT
2338 362 2559 432 XXXVI
2600 377 2659 433 Β.
2701 376 2844 435 ton.

3481 376 3589 435 τηθίς

306 501 424 554 stos
452 498 629 549 motus
657 491 972 563 deponimus
991 534 1006 560 ,
1036 492 1252 562 quando
1278 493 1388 563 jam
1435 506 1538 549 non
1587 494 1656 549 de
1695 494 1890 549 virtute
1916 492 1970 560 Α
1996 493 2143 547 mine
2187 499 2415 549 steterat
2463 495 2733 562 meminit;
2769 494 2931 551 modo
2958 482 3012 551 tn
3042 498 3151 567 quo
3177 496 3427 554 Vitiorum
3457 484 3589 569 pro-

308 584 626 650 attollimur,
651 583 747 639 sed
771 583 824 638 in
852 583 1007 652 culpa
1052 583 1445 640 eonsentiendo
1490 584 1647 641 obrui
1680 585 1749 641 de
1780 587 1895 669 ipsa

310 685 341 716 ⁸
387 690 490 748 qua
537 676 808 749 qnatlmur
854 675 1162 733 inﬁrmitate
1225 675 1599 733 formidamus.
1669 674 1894 733 Multum

308 778 545 841 namque
563 768 633 824 de
657 780 719 824 se
745 768 958 823 animus
983 766 1206 823 conﬁdit
1236 768 1453 839 quando
1480 768 1583 824 sibi
1612 768 1679 824 ad
1709 774 1897 824 votum

307 862 456 918 vires
479 868 767 931 suppetere
785 861 1063 931 conspicit.
1094 859 1215 916 Jam
1239 859 1343 916 sibi
1364 859 1618 915 ﬁduciam
1638 860 1894 916 sanctita-

228 1002 237 1007 .
312 955 384 1009 tis
411 961 643 1024 arrogat,
670 953 780 1022 jam
812 966 872 1008 se
900 951 1152 1008 idoneum
1181 952 1348 1007 etiam
1394 952 1463 1007 ad
1492 958 1684 1007 cuncta
1715 950 1890 1006 virtu-

312 1055 428 1101 tum
459 1044 690 1101 culmina
730 1054 848 1113 quas
877 1043 993 1099 sola
1021 1043 1346 1114 cogitatione
1373 1044 1686 1115 conceperit
1722 1049 1894 1113 putat.

312 1143 421 1202 Sed
450 1158 572 1200 cum
602 1142 744 1197 hunc
767 1141 990 1197 tentatio
1019 1140 1199 1197 subito
1226 1140 1416 1197 oborta
1459 1140 1895 1207 transverberat,

309 1248 405 1290 eas
431 1245 553 1305 quae
582 1239 722 1287 natae
746 1231 815 1287 de
842 1231 1127 1287 virtutibus
1156 1230 1391 1299 fuerant,
1419 1230 1589 1285 elatas
1617 1229 1899 1300 cogitatio-

294 1341 410 1382 .nes
452 1325 692 1381 funditus
738 1326 939 1382 turbat.
985 1324 1149 1393 Quasi
1196 1337 1445 1380 securam
1480 1324 1680 1394 quippe
1708 1322 1897 1379 urbem

308 1419 617 1489 inopinatus
648 1417 818 1483 hostis
847 1416 1168 1487 ingreditur,
1197 1426 1251 1473 et
1276 1416 1562 1487 repentino
1588 1415 1768 1486 gladio
1806 1424 1897 1470 su-

311 1510 988 1585 perborumeiviuttt’colia
1016 1511 1299 1566 feriuntur.
1326 1508 1465 1564 Nihil
1489 1522 1616 1577 ergo
1641 1516 1768 1563 tunc
1795 1507 1897 1562 nisi

310 1604 599 1660 continuus
647 1594 821 1657 luctus
864 1601 1065 1672 agitur,
1100 1598 1128 1638 ι»
1160 1600 1285 1654 dum
1314 1608 1469 1668 capta
1500 1597 1627 1653 urbs
1671 1598 1838 1653 animi
1867 1610 1897 1651 a

309 1706 619 1765 magnatum
649 1704 868 1750 suorum
891 1691 1058 1763 gloria
1088 1691 1237 1747 caede
1275 1691 1667 1746 interveniente
1698 1704 1892 1745 vacua-

305 1799 419 1846 tur.
449 1789 605 1846 Unde
629 1804 773 1844 nunc
804 1787 995 1842 dicitur
1019 1804 1035 1839 :
1073 1785 1281 1856 Depone
1306 1784 1711 1857 magnitudinem
1750 1793 1893 1838 tuam

1999 586 2165 640 fundo
2194 596 2291 654 per
2311 585 2721 644 delectationem
2744 588 2924 658 jaceat
2946 587 3204 655 attendit;
3231 587 3391 649 laudo
3406 588 3476 645 ad
3495 590 3589 646 rev-

1997 679 2291 736 sumeudas
2323 682 2464 737 vires
2487 694 2549 737 se
2574 684 2828 752 reparat;
2857 680 3021 739 modo
3048 684 3115 738 se
3136 683 3231 739 eas‘
3254 678 3412 753 ponas
3435 686 3591 740 resu-

1998 780 2145 829 mere
2172 774 2322 843 quasi
2344 775 2515 831 victus
2537 776 2647 845 jam
2678 776 2986 847 fractusque
3014 774 3287 846 desperat.

2068 866 2159 923 84.
2202 865 2320 921 Hac
2340 868 2395 921 in
2423 877 2567 923 nocte
2593 868 2905 937 multiplices
2942 869 3279 941 cogitationi“
3304 867 3453 938 4W
3490 870 3588 937 μοι

1999 959 2110 1028 puli
2132 960 2501 1014 tumultuantes
2520 970 2777 1032 premunt.
2803 982 2874 1002 -'—
2899 970 2924 1000 ο
2949 962 3082 1016 Cum
3097 962 3233 1031 ergo
3262 962 3432 1033 super"
3448 948 3594 1015 audt-

1999 1058 2139 1104 ctam
2170 1059 2406 1105 mentem
2431 1061 2536 1105 tam
2567 1052 2894 1121 multiplices
2916 1054 3272 1124 cogitationes
3296 1052 3588 1121 prodeunt,

1999 1141 2138 1198 hanc
2161 1144 2317 1214 quasi
2360 1143 2413 1198 in
2444 1156 2601 1199 nocte
2648 1144 2832 1215 populi
2879 1150 3268 1216 consurgentes
3317 1144 3590 1223 premunt.

1997 1236 2143 1303 Quos
2173 1235 2422 1292 nimirum
2471 1239 2695 1308 populos
2735 1253 2840 1294 non
2872 1250 2969 1308 per
2998 1248 3080 1307 se,
3108 1237 3204 1295 sed
3252 1251 3347 1308 per
3392 1234 3592 1293 divinae

1998 1333 2345 1403 protectionis
2390 1335 2648 1390 auxilium
2695 1334 2964 1406 Propheta
3007 1338 3259 1406 subigere
3314 1340 3373 1393 Se
3428 1324 3590 1407 posse

1998 1426 2407 1495 praesumpserat
2428 1466 2443 1491 ,
2495 1440 2617 1481 cum
2668 1427 2920 1484 dicebat:
2953 1424 3222 1481 Protector
3254 1434 3397 1481 naeus
3420 1472 3432 1495 ,
3466 1430 3515 1480 et
3536 1426 3596 1480 ενι

1930 1566 1933 1573 ,
1996 1514 2109 1584 ipso
2137 1516 2370 1584 sperabo,
2400 1518 2678 1588 subjiciens
2707 1517 2923 1588 populos
2948 1518 3047 1573 Sub
3070 1524 3150 1573 me
3171 1508 3351 1591 (P‘sal.
3381 1518 3545 1573 cxtitt
3573 1522 3591 1581 ',

1999 1606 2077 1677 Ξ).
2111 1606 2325 1663 Sanctis
2356 1610 2554 1680 quippe
2582 1610 2849 1665 mentibus
2880 1609 3062 1680 populi
3092 1610 3442 1681 Subiguntu‘t‘,
3468 1612 3592 1665 eum

1998 1699 2068 1753 ab
2096 1697 2175 1754 eis
2202 1714 2303 1771 per
2322 1700 2580 1755 districta;
2608 1702 2911 1756 severitatis
2934 1704 3277 1770 prmseutiam
3311 1698 3598 1773 Cogitatio-

2000 1802 2099 1847 nes
2130 1794 2309 1847 stultae
2333 1793 2624 1855 di‘ss‘iliunt,
2652 1802 2710 1848 ut
2736 1804 2843 1847 non
2868 1804 2971 1861 per
2985 1792 3217 1863 abrupta
3242 1793 3594 1863 phantasma-

308 1882 499 1953 absque
525 1881 877 1944 tribulatione,
908 1889 956 1934 et
985 1894 1160 1934 omnes
1187 1878 1423 1947 totum!
1454 1878 1779 1946 fortitudine.
1814 1880 1891 1932 At
1920 1884 1975 1946 B
1998 1892 2108 1939 tum
2138 1885 2385 1956 rapiant,
2416 1885 2513 1939 sed
2542 1885 2736 1941 rationi
2766 1885 2999 1941 subdita:
3049 1901 3079 1939 a
3118 1886 3285 1942 corde
3313 1886 3595 1942 humiliter

305 1976 352 2030 si
382 1982 566 2045 aperte
595 1974 866 2029 diceretur
890 1989 903 2025 :
930 1970 1105 2027 Omne
1127 1967 1269 2039 quod
1300 1966 1625 2025 intrinsecus
1652 1970 1720 2024 de
1749 1958 1891 2024 bona

302 2066 516 2123 actione
538 2076 563 2105 ε
596 2065 931 2120 intumueras
951 2064 1117 2136 εει
1140 2061 1399 2131 reprime,
1428 2072 1483 2117 et
1508 2062 1690 2117 cordis
1717 2070 1894 2118 motus

303 2172 441 2229 quos
464 2173 529 2212 ex
555 2165 705 2211 recto
734 2169 899 2224 opere
926 2154 1177 2209 robustos
1206 2153 1475 2209 habueras
1506 2151 1743 2222 depone,
1769 2153 1895 2222 quia

302 2249 413 2321 iam
441 2249 495 2303 in
527 2248 641 2317 ipsa
666 2246 1009 2301 adversitatis
1048 2246 1346 2299 tentatioue
1372 2243 1690 2299 consideras
1731 2259 1891 2313 quam

302 2341 500 2399 frustra
527 2342 674 2413 prius
703 2340 772 2396 de
800 2349 851 2395 te
880 2350 1071 2409 magna
1096 2338 1270 2393 elatus
1297 2337 1627 2393 aestimabas.
1652 2337 1783 2405 Quae
1812 2338 1888 2392 vi-

305 2436 501 2494 delicet
525 2435 837 2505 magnitudo
866 2433 1066 2489 idcirco
1093 2432 1295 2502 absque
1326 2431 1672 2489 tribulatione
1720 2433 1888 2501 depo-

303 2529 483 2585 nenda
512 2526 728 2592 dicitur,
761 2525 886 2595 quia
925 2521 1176 2578 nimirum
1224 2536 1349 2577 cum
1395 2538 1492 2593 per
1540 2524 1893 2579 tentationem

303 2616 580 2676 bumilitas
625 2614 861 2687 proﬁcit,
893 2628 1148 2685 prospera
1178 2623 1258 2669 est
1293 2615 1409 2683 ipsa
1443 2613 1745 2670 adversitas
1775 2630 1896 2686 qua:

302 2723 542 2772 mentem
580 2710 648 2769 ab
676 2711 911 2767 elatione
933 2708 1185 2765 custodit.
1208 2706 1355 2780 [Vet.
1389 2704 1750 2780 XXXVIII].
1787 2706 1895 2765 Sed

302 2812 485 2863 tamen
515 2805 632 2861 sine
661 2804 852 2873 magna
876 2802 1215 2858 tribulatione
1244 2806 1351 2855 non
1382 2800 1574 2871 agitur,
1601 2810 1722 2857 cum
1750 2809 1898 2856 tran-

303 2900 469 2974 quilla
492 2908 645 2953 mens
675 2898 913 2952 irruente
936 2894 1232 2949 tentatione
1252 2893 1402 2964 quasi
1432 2895 1716 2962 repentino
1740 2892 1898 2949 hoste

304 2991 575 3049 turbatur.
602 2989 721 3058 ipsa
751 3000 983 3059 namque
1006 2985 1320 3040 tentationis
1347 2982 1645 3039 adversitas
1675 2983 1804 3039 dum
1832 2997 1896 3039 se

305 3080 473 3140 tuenti
504 3081 711 3146 inserit,
738 3078 992 3151 quasdam
1022 3074 1075 3132 in
1106 3077 1203 3135 illa
1228 3076 1478 3133 tenebras
1502 3076 1707 3147 gignit,
1741 3088 1896 3131 came

308 3170 767 3249 que-obscuritate
792 3182 904 3227 sua:
941 3169 1316 3225 amaritudinis
1348 3170 1556 3234 turbat,
1589 3183 1713 3243 quae
1749 3168 1897 3238 apud

308 3282 368 3324 se
395 3268 595 3323 dudum
637 3266 891 3321 virtutum
937 3261 1225 3319 dulcedine
1266 3259 1563 3318 irra‘dla’nte
1603 3261 1892 3319 claruerat.
1926 3270 1975 3335 ε

308 3363 465 3420 Unde
492 3370 547 3417 et
575 3370 699 3430 apte
725 3355 1069 3425 subiungitur
1093 3371 1107 3411 :

867 3444 1094 3507 CAPUT
1144 3447 1327 3503 XLVI.

386 3547 549 3605 Vens.
579 3544 673 3601 20.
694 3573 766 3586 -—
787 3538 871 3600 Ne
896 3542 1167 3616 protrahas
1194 3534 1394 3597 noctem
1420 3547 1478 3595 ut
1500 3538 1780 3595 ascendant
1806 3552 1899 3611 pos

309 3643 423 3714 puli
452 3658 546 3714 pro
575 3642 667 3696 eis.
824 3650 831 3653 '

387 3733 474 3789 85.
518 3730 749 3787 Tentatio
778 3728 1008 3785 tenebras
1036 3727 1217 3800 gignit,
1249 3736 1299 3781 et
1326 3722 1580 3799 procellas
1600 3725 1807 3780 excitat.
1830 3748 1905 3767 ~—

308 3826 427 3887 Nox
459 3826 657 3896 quippe
685 3821 1014 3896 protrahitur
1059 3834 1180 3875 eum
1233 3819 1452 3875 suborta
1491 3817 1558 3874 de
1605 3818 1901 3873 tentatione

310 3908 527 3975 tristitia
572 3914 943 3972 consolatione
994 3910 1203 3968 concita
1256 3925 1361 3964 non
1407 3909 1608 3964 ﬁnitur.
1635 3908 1748 3964 Nox
1779 3906 1903 3978 pro-

310 4013 545 4071 trahitur
572 4010 694 4081 quia
738 4021 938 4063 mmror
984 4005 1145 4059 animi
1192 4002 1433 4063 confusis
1481 4000 1903 4072 cogitationibus

310 4105 612 4176 elongatur.
644 4101 774 4155 Nam
803 4101 927 4154 dum
960 4110 1111 4153 mens
1145 4097 1317 4167 posita
1348 4096 1401 4150 in
1435 4096 1732 4151 tentatione
1768 4104 1900 4149 con-

311 4196 519 4255 siderat
547 4193 687 4267 quod
716 4208 745 4248 a
777 4191 991 4247 virtutis
1020 4204 1132 4245 suae
1166 4189 1390 4259 pristina
1423 4187 1699 4244 soliditate
1729 4188 1903 4258 repel-

312 4291 464 4358 litur,
499 4287 839 4359 superductis
860 4284 1209 4350 maeroribus,
1232 4284 1383 4354 quasi
1408 4283 1727 4353 quibusdam
1755 4294 1906 4339 tene-

312 4385 443 4443 bris
462 4391 711 4447 caecatur,
745 4390 909 4451 atque
938 4378 1005 4433 ab
1034 4378 1180 4433 omni
1214 4376 1333 4432 luce
1358 4378 1536 4447 gaudii
1563 4378 1680 4448 ejus
1712 4376 1900 4433 oculos

313 4477 608 4543 clauditur,
638 4476 767 4531 dum
814 4474 1044 4531 sollicita
1078 4471 1309 4542 trepidat
1353 4486 1420 4526 ne
1461 4471 1563 4525 hoc
1602 4471 1741 4541 quod
1784 4480 1906 4529 esse

317 4568 521 4629 dudum
550 4580 789 4642 caperat
828 4566 1067 4622 funditus
1097 4566 1329 4621 amittat.
1353 4558 1508 4621 Unde
1538 4576 1593 4621 et
1635 4564 1774 4621 bene
1812 4565 1899 4621 di-

1996 1976 2400 2046 conquiescant.
2429 1976 2566 2042 Quia
2605 1992 2736 2046 ergo
2780 1976 2986 2046 positus
3024 1976 3079 2031 iu
3127 1976 3427 2031 tentatione
3473 1975 3594 2031 ani-

1997 2085 2151 2135 mus,
2183 2072 2273 2140 qui
2316 2070 2384 2125 de
2428 2085 2489 2126 sc
2533 2072 2589 2126 in
2636 2073 2915 2141 prosperis
2956 2072 3167 2139 majora
3202 2072 3596 2140 praeminebat,

1997 2167 2256 2221 tumultus
2299 2168 2417 2235 spei
2462 2165 2961 2236 desperationisque
2999 2166 3233 2234 tolerat,
3266 2177 3413 2223 recte
3454 2182 3596 2223 nunc

1998 2257 2235 2312 dicitur:
2270 2254 2354 2312 Ne
2381 2258 2653 2329 protrahas
2700 2268 2937 2324 noctem,
2986 2267 3042 2312 ut
3088 2259 3371 2314 ascendant
3413 2258 3598 2331 pepuli

1997 2365 2092 2420 pro
2124 2351 2218 2404 eis.
2252 2349 2330 2404 Ac
2351 2350 2397 2403 si
2426 2336 2609 2419 aperte
2638 2350 2910 2405 diceretur
2936 2366 2947 2403 :
2982 2349 3040 2404 lu
3069 2342 3368 2405 lentatione
3405 2349 3599 2419 depre-

1998 2440 2235 2507 hensus,
2280 2426 2441 2496 citius
2474 2441 2723 2496 tenebras
2756 2441 3005 2496 maeroris
3049 2439 3261 2507 incide,
3304 2450 3371 2496 ne
3410 2441 3505 2511 qui
3538 2442 3598 2497 in

2000 2534 2389 2604 tranquillitate
2418 2529 2580 2606 852
2611 2533 2680 2588 de
2713 2538 2764 2589 te
2790 2534 2895 2587 alta
2926 2532 3194 2597 Senseras',
3228 2531 3289 2586 in
3317 2531 3596 2601 perturba‘e
3642 2552 3647 2571 δ

2003 2622 2147 2679 tione
2171 2640 2385 2696 quoque
2424 2626 2661 2681 deterius
2690 2622 3075 2696 cOgitation‘um'
3119 2632 3170 2679 te
3202 2623 3433 2695 ealigine
3464 2636 3597 2678 cona

2000 2714 2213 2772 fundas.
2235 2708 2391 2783 Quod
2414 2726 2561 2773 recte
2593 2716 2713 2770 Eliu
2740 2716 2969 2783 diceret,
3000 2717 3044 2772 si
3075 2724 3255 2771 tamen
3282 2716 3365 2771 cui
3390 2711 3598 2771 diceret

2001 2810 2188 2864 sciret.
2221 2807 2353 2863 Nam
2388 2809 2502 2863 haec
2531 2810 2691 2862 beato
2720 2807 2822 2863 Job
2855 2814 3001 2863 tanto
3047 2805 3224 2862 minus
3252 2810 3593 2876 congruunt,

2003 2908 2205 2970 quanto
2226 2900 2300 2977 ab
2345 2899 2435 2954 illo
2472 2900 2653 2954 omnia
2683 2898 2843 2953 altius
2876 2899 3137 2954 sciuntur.
3168 2896 3304 2966 Quia
3330 2906 3459 2953 vero
3484 2943 3497 2967 ,
3532 2888 3595 2953 ut

2007 3004 2153 3062 saepe
2182 2982 2450 3058 diximus,
2481 3000 2796 3063 arrogantes
2816 3035 2833 3062 ,
2864 2991 3001 3047 dum‘
3024 2998 3352 3062 prmSutnunt
3397 2986 3597 3048 doceri!

2004 3072 2027 3122 ἲ
2057 3099 2191 3155 quos
2219 3099 2326 3139 non
2357 3084 2592 3154 debent,
2626 3097 2795 3153 usque
2824 3083 2889 3138 ad
2929 3082 3316 3141 contumeliosa
3346 3078 3593 3155 iu‘crepa-

2002 3175 2204 3234 tionum
2234 3178 2395 3233 verba
2423 3177 2753 3242 dilabuntur,
2783 3174 3048 3232 subditur.

2308 3264 2564 3338 ~carm
2604 3269 2788 3324 XLVII
2830 3269 2979 3342 mea.
3014 3258 3252 3342 XXIX].

2080 3354 2243 3415 Vnus.
2272 3346 2362 3415 ΞῚ.
2386 3390 2460 3403 -
2480 3350 2607 3421 Cane
2636 3374 2700 3415 ne
2729 3356 2948 3417 destines
2980 3366 3048 3417 ad
3083 3363 3439 3434 iniquitatem;
3461 3362 3594 3418 Itane

2002 3454 2136 3509 enim
2166 3455 2360 3525 coepisti
2388 3455 2531 3525 sequi
2561 3465 2675 3525 post
2702 3455 2980 3511 miseriam.

2075 3547 2165 3603 85.
2210 3546 2353 3601 Tunc
2394 3548 2621 3602 cavenda
2650 3545 2720 3603 est
2748 3549 3098 3617 impatientia,
3137 3558 3252 3618 qua:
3279 3549 3334 3602 in
3361 3530 3461 3602 .lob
3488 3547 3593 3601 im-
3676 3566 3681 3569 ‘

2003 3639 2186 3692 merito
2212 3639 2531 3710 impingitur.
2558 3638 2986 3707 —lniquitatem
3026 3646 3149 3709 post
3195 3640 3471 3694 miseriam
3505 3640 3594 3696 se-

2003 3731 2203 3801 quitur,
2232 3731 2319 3799 qui
2348 3739 2471 3799 post
2502 3729 2639 3785 maia
2667 3738 2693 3779 ι
2722 3736 2841 3798 nutu
2867 3744 2962 3801 pro
2992 3731 3332 3800 correptione
3357 3728 3593 3785 s’ustinet

2003 3816 2231 3885 ferventi
2276 3822 2441 3878 corde
2483 3822 2839 3891 impatientia:
2893 3836 2953 3877 se
3006 3822 3213 3877 facibus
3272 3812 3595 3876 inﬂammat.

2005 3913 2157 3983 Quod
2182 3915 2394 3970 beatum
2423 3914 2523 3969 Job
2549 3920 2890 3983 perpetrasse
2916 3912 3029 3968 Eliu
3060 3908 3316 3981 credidit,
3343 3915 3433 3984 qui
3464 3918 3595 3970 eum‘

2006 4011 2143 4064 inter
2170 4010 2379 4082 ﬂagella
2407 4010 2637 4079 positum
2670 4006 2855 4063 liberis
2896 4000 3045 4063 eilari
3087 3984 3309 4077 vocibus
3346 4007 3596 4075 audivit,

2004 4102 2261 4163 ‘videlicet
2309 4102 2553 4157 nesciens
2576 4144 2590 4169 ,
2622 4102 2744 4171 quia
2775 4108 2935 4155 ontne
2973 4094 3123 4170 quod
3160 4100 3324 4163 dixit,
3354 4106 3460 4155 non
3491 4100 3596 4156 boc‘

2006 4192 2075 4250 de
2119 4195 2405 4264 iniquitate
2451 4180 2835 4270 impatienti-.12.,
2884 4193 2977 4247 Sed
3008 4192 3076 4247 de
3115 4193 3312 4249 virtute
3352 4186 3597 4248 veritatis

2009 4289 2263 4359 protulit,
2297 4289 2386 4357 qui
2414 4288 2481 4342 ab
2521 4285 2719 4342 interni
2746 4280 2939 4356 judicis
2969 4288 3233 4341 sententia
3260 4296 3356 4342 nec
3382 4294 3505 4342 cuni
3535 4288 3601 4342 se

2004 4381 2324 4453 iustiﬁcaret
2354 4382 2573 4436 erravit.
2608 4379 2752 4455 [νει.
2780 4370 3080 4451 ΧΧΧΙΧᾸ
3115 4378 3218 4435 Sed
3242 4380 3592 4434 consideran-

2008 4474 2136 4528 dum
2168 4474 2322 4528 valde
2349 4482 2433 4527 est
2458 4472 2727 4542 quomodo
2756 4487 2879 4527 cum
2908 4471 3141 4528 diceret:
3169 4470 3253 4526 Ne
3281 4472 3503 4526 declines
3527 4468 3598 4525 ad

2010 4563 2359 4634 iniquitatem,
2387 4564 2454 4617 de
2481 4563 2669 4621 eadem
2710 4562 2993 4632 iniquitate
3032 4564 3276 4633 prbtinus
3316 4562 3553 4619 subdidit
3580 4569 3605 4620 ἱ

317 4664 461 4721 citur
483 4662 621 4733 quod
654 4662 708 4716 in
750 4660 852 4715 hac
881 4668 1039 4715 nocte
1070 4673 1168 4729 pro
1206 4657 1439 4713 robustis
1486 4657 1667 4727 populi
1717 4662 1904 4713 asc'en-
1934 4653 1989 4713 D
2014 4656 2170 4711 Hanc
2196 4657 2329 4711 enim
2356 4655 2547 4725 coepisti
2574 4654 2714 4724 sequi
2744 4662 2857 4725 post
2889 4652 3166 4709 miseriam.

318 4755 494 4821 dunt,
539 4752 661 4824 quia
699 4751 938 4807 videlicet
972 4750 1025 4805 in
1054 4749 1158 4804 hoc
1184 4763 1418 4804 mmrore
1460 4746 1773 4804 teutationis
1806 4763 1904 4818 pro

319 4846 559 4906 robustis
589 4843 821 4900 motibus
847 4842 1081 4914 indigum
1110 4841 1464 4913 cogitationes
1494 4850 1547 4898 et
1576 4840 1906 4911 multiplices

319 4941 376 4997 in
423 4924 586 4995 corde
634 4936 937 5009 prosiliunt.
980 4935 1112 4991 Nam
1156 4935 1283 4991 dum
1328 4949 1387 4992 se
1421 4937 1471 4991 in
1506 4936 1910 5007 perturbatione

320 5032 586 5103 conspicit
614 5030 641 5066 ἀ
667 5030 777 5100 jam
809 5044 945 5099 pene
973 5028 1219 5085 amisisse
1243 5027 1383 5098 quod
1417 5027 1609 5092 fuerat,
1637 5026 1829 5082 ﬂuctus
1856 5027 1911 5082 in

318 5139 383 5182 se
410 5125 718 5178 innumeros
751 5119 1112 5189 tumultusque
1142 5130 1443 5185 coacervat,
1469 5108 1630 5173 modo
1656 5112 1914 5189 tranquil-

324 5216 534 5291 litatem
562 5227 713 5268 suam
744 5212 865 5282 quia
905 5210 1131 5280 perdidit
1161 5210 1342 5276 dolet;
1372 5209 1534 5266 modo
1557 5220 1625 5267 ne
1649 5218 1819 5281 usque
1843 5209 1912 5267 ad

325 5325 488 5382 prava
530 5324 693 5380 opera
722 5314 943 5362 corruat
971 5304 1337 5375 pertimescit;
1371 5304 1533 5361 mo'do
1566 5306 1621 5362 in
1652 5320 1759 5376 quo
1792 5305 1910 5361 eui-

396 5456 427 5517 ἐι
455 5447 741 5517 Pleraque
763 5444 928 5517 Edita
955 5457 1110 5517 quam
1140 5442 1386 5511 patimur.

396 5516 426 5556 δ
456 5513 660 5589 Τυζοῃξ
690 5525 746 5572 et
772 5514 951 5589 εφη,
983 5513 1107 5566 dum
1135 5520 1288 5581 capta
1315 5514 1433 5568 urbs
1453 5530 1486 5567 a
1513 5515 1669 5569 nimia
1697 5532 1914 5589 magna-

324 5594 515 5645 torum.
540 5587 596 5642 ln
618 5586 809 5670 Norm._
836 5585 942 5666 legi
953 5593 1049 5670 ιιιςὶ
1056 5592 1266 5670 quoque
1293 5592 1673 5657 magnatorum,
1700 5585 1799 5643 bic'
1814 5586 1912 5643 alia

324 5670 458 5733 quot
486 5673 675 5714 versus
705 5657 890 5712 omissi
924 5658 977 5711 iu
1013 5655 1175 5709 Baiuz
1383 5655 1395 5657 ‘

401 5738 428 5770 ⁸
457 5726 571 5797 AL,
607 5728 938 5792 intumuerat,
973 5733 1030 5782 ut
1063 5726 1255 5795 legitur
1287 5726 1339 5780 in
1372 5725 1589 5783 Pratell.

403 5800 708 5928 magia,
735 5802 848 5871 jam
884 5814 1011 5867 pene
1033 5799 1267 5852 amisisse
1293 5798 1430 5870 quod
1453 5800 1622 5869 lucrm
1660 5800 1872 5856 credens

528 5912 546 5937 ,
576 5884 609 5928 e
630 5885 681 5925 c.

2087 4752 2177 4807 86.
2220 4749 2441 4818 Superbi
2462 4749 2514 4802 in
2532 4748 2793 4818 arguendo
2819 4746 3027 4800 modum
3048 4754 3249 4801 servare
3273 4749 3598 4802 nesciunt.—

2017 4843 2157 4911 Quid
2187 4850 2268 4897 est
2299 4841 2399 4895 ho’c
2424 4841 2568 4912 quod
2599 4838 2724 4895 dum
2748 4840 2814 4894 ad
2838 4854 2954 4894 eam
2987 4836 3014 4876 ιι
3036 4838 3309 4896 declinare
3342 4854 3507 4909 vetat,
3533 4840 3601 4897 de

2020 4944 2084 4991 ea
2137 4934 2376 5003 protinus
2418 4932 2573 5004 quasi
2625 4932 2689 4986 ad
2740 4946 2901 5002 quam
2931 4931 3254 4987 declinatum
3290 4934 3398 5003 jam
3443 4933 3604 4988 fuerit

2022 5026 2260 5094 damnat,
2294 5027 2392 5081 nisi
2423 5025 2565 5098 quod
2593 5034 2904 5099 arrogantes
2928 5024 3027 5080 viri
3060 5025 3177 5095 plus
3200 5022 3365 5080 videri
3383 5018 3597 5111 judjices

2025 5136 2182 5193 quam
2210 5118 2579 5174 consolatores
2600 5117 2820 5172 volunt?
2839 5114 2989 5173 Unde
3018 5115 3033 5156 ί
3061 5127 3116 5174 et
3131 5124 3512 5185 nonnunquam
3541 5131 3608 5175 ea

2023 5206 2278 5269 districtis
2304 5209 2586 5266 sententiis
2612 5204 2832 5281 l'eriu'nt,
2863 5218 2984 5282 quae
3006 5214 3143 5273 nata,
3160 5209 3215 5265 in
3242 5206 3403 5263 cerde
3433 5206 3609 5277 suspi-

2018 5315 2206 5363 cantur
2232 5324 2244 5336 ·
2274 5312 2329 5361 et
2358 5304 2667 5376 priusquam
2694 5313 2842 5361 certa
2870 5307 2941 5361 sit
2966 5298 3123 5375 culpa
3148 5300 3605 5371 delinquentium,

2094 5453 2119 5482 ο
2152 5443 2383 5512 Vulgati.
2413 5441 2495 5497 Ad
2895 5418 3146 5512 grumam»
3184 5437 3609 5512 Emendavimus

2018 5530 2085 5588 ex
2112 5514 2241 5588 Mss.
2257 5508 2483 5588 “Euius”
2506 5513 2685 5588 C_oib.,
2707 5510 2870 5588 Illic."
2895 5508 3116 5588 Pratel.,
3138 5516 3243 5564 etc.
3261 5508 3337 5588 Qe
3359 5510 3610 5588 hac‘v‘oca

2020 5585 2282 5656 Gregorio
2306 5581 2555 5638 familiari
2582 5582 2692 5650 jam
2715 5579 2951 5661 diximus
2981 5577 3076 5633 lib.
3110 5593 3169 5646 ll,
3197 5593 3252 5636 c.
3273 5577 3335 5653 9,
3363 5595 3417 5635 n.
3447 5578 3534 5638 15.

2095 5655 2118 5695 τ
2153 5656 2378 5719 Pratel.,
2410 5652 2550 5725 quod
2573 5665 2672 5704 non
2694 5651 2917 5725 debetur

2094 5736 2121 5775 s
2148 5725 2399 5805 Vindoc.,
2423 5723 2539 5793 qua:
2566 5735 2662 5846 pro
2690 5723 3037 5802 corruptione.

2094 5796 2120 5834 II
2152 5796 2294 5846 Illic.
2324 5803 2380 5846 et
2403 5794 2562 5846 Prate
2588 5794 2647 5846 Ι..
2679 5792 2951 5846 decimari.

2092 5796 2120 5834 ¹¹
2152 5796 2294 5852 Illic.
2324 5803 2380 5849 et
2403 5792 2647 5858 Prateil.,
2679 5792 2951 5846 declinari.

2100 5864 2120 5904 ί
2149 5863 2386 5921 Coibert.
2414 5874 2469 5920 et
2493 5863 2703 5931 Baluz.,
2734 5871 2780 5919 et
2804 5876 3087 5931 nunquam,
3115 5874 3217 5921 seu
3234 5865 3520 5924 mendose.

2286 6004 2331 6013 ..ρ
