4004 6350
510 334 614 398 599

1722 327 1971 391 SANCTI
2012 330 2342 392 GREGORII
2380 325 2595 391 MAGNI
3652 354 3741 408 tua
3842 426 3847 429 η

509 453 773 527 profertur
811 449 1041 506 invectio
1085 446 1329 504 districta
1368 448 1685 516 verborum;
1729 458 1785 505 et
1832 458 1954 505 ante
1993 464 2088 520 per
2118 454 2170 515 Α
2196 448 2338 503 tibus
2364 463 2434 503 ne
2463 447 2839 504 vulnerentur.
2872 446 2930 504 In
2960 446 3155 520 quibus
3194 450 3421 508 solerter
3457 455 3743 523 intuendum

507 545 825 604 sententiam
868 543 1185 613 percutitur,
1217 556 1376 612 quam
1410 542 1631 613 prodeat
1659 541 1802 613 quod
1840 540 2084 596 feriatur.

576 638 666 693 87.
707 636 1017 692 Sanctorum
1043 634 1280 688 discretio
1303 634 1359 687 in
1382 634 1723 703 corripiendo.
1747 662 1819 675 —
1837 632 2091 699 Quamvis

504 736 558 785 et
577 727 709 797 justi
738 727 836 781 viri
868 727 1177 795 plerumque
1206 727 1384 796 pravis
1412 734 1468 782 et
1495 726 1720 783 occultis
1748 725 2091 798 c0gitalioni-

503 819 607 878 bus
636 820 905 891 arguendo
927 820 1178 886 obviant;
1217 820 1311 875 sed
1335 835 1457 875 cum
1487 821 1704 876 easdem
1737 820 2088 890 cogitationes

502 914 681 983 aliqua
706 926 824 983 qua:
856 920 1092 980 praeeunt
1138 926 1301 981 opera
1339 910 1741 975 demonstrant,
1775 913 2090 981 plerumque

501 1010 568 1064 ab
597 1009 899 1063 auditorum
927 1022 1145 1061 suorum
1173 1006 1429 1061 cordibus
1452 1021 1512 1061 ea
1539 1007 1662 1060 vitia
1703 1020 1823 1075 qua:
1858 1005 2086 1059 necdum

500 1101 702 1170 prolata
728 1108 855 1153 sunt
882 1114 1041 1153 manu
1086 1098 1441 1166 correptionis
1488 1097 1800 1164 eradicent,
1842 1097 1937 1152 sed
1976 1097 2087 1165 jam

499 1190 586 1245 illa
637 1190 891 1259 subsequi
930 1190 1266 1259 conspiciunt
1306 1204 1370 1244 ex
1415 1188 1535 1243 aliis
1576 1203 1696 1258 qua:
1748 1188 2083 1258 prmcedunt.

499 1282 647 1337 Sicut
674 1281 816 1337 enim
852 1281 1159 1349 corporales
1191 1279 1385 1334 medici
1429 1280 1683 1349 quasdam
1738 1279 2085 1349 aegritudines

498 1368 604 1440 iam
633 1372 847 1426 venisse
891 1370 1206 1435 inveniunt,
1236 1379 1262 1408 ⁸
1287 1370 1546 1440 quasdam
1584 1385 1715 1425 vero
1757 1386 1825 1426 ne
1866 1369 2089 1426 veniant

497 1462 796 1528 medentur,
828 1462 898 1516 ita
923 1463 1169 1517 doctores
1198 1463 1365 1518 sancti
1396 1461 1682 1531 aliquando
1712 1462 1928 1517 inventa
1955 1463 2080 1517 vul-

419 1546 429 1553 ’
497 1565 623 1609 nera
653 1554 813 1608 saluti
840 1555 1161 1621 restituunt,
1187 1553 1477 1623 aliquando
1506 1568 1633 1609 vero
1663 1563 1828 1623 agunt
1852 1557 2087 1625 inmen-

2198 549 2299 607 est,
2333 539 2455 610 quia
2486 540 2622 594 sicut
2662 548 2807 594 certa
2854 541 3165 611 plerumque
3211 558 3330 599 cum
3376 552 3645 615 asperitate
3665 569 3742 612 re-

2197 632 2484 701 darguunt,
2513 633 2582 687 ita
2606 633 2829 687 incertis
2856 634 2996 688 vitiis
3023 643 3079 690 et
3104 650 3226 690 cum
3250 640 3613 706 tranquillitate
3632 659 3744 702 con-

2198 722 2496 791 tradicunt;
2526 734 2670 780 certa
2699 724 2955 782 ferientes
2980 727 3290 795 increpant,
3314 729 3506 785 incerta
3530 748 3739 801 prazmu-

2199 815 2410 873 nientes
2439 818 2698 875 devitant.
2741 819 2913 888 Quam
2942 820 3067 890 quia
3100 831 3412 891 arrogantes
3439 824 3533 879 viri
3567 826 3745 885 discre-

2192 905 2353 963 tionis
2376 910 2616 978 regulam
2640 912 2907 976 nesciunt,
2926 914 3315 968 sententiarum
3348 929 3555 970 suarum
3579 917 3747 987 iaculis

2192 999 2332 1055 sicut
2387 1012 2512 1057 nota
2540 1043 2554 1068 ,
2603 1007 2684 1059 sic
2727 1004 3028 1074 incognita;
3078 1006 3214 1061 sicut
3262 1018 3441 1074 certa,
3489 1010 3749 1077 sic‘cliam

2194 1093 2398 1149 incerta
2439 1096 2734 1168 conligunt.
2768 1097 2922 1153 Unde
2963 1114 3104 1153 nunc
3134 1099 3200 1154 ab
3234 1100 3349 1153 Elin
3376 1098 3603 1155 'dicitur:
3634 1101 3749 1159 Cave

2195 1199 2259 1263 ne
2300 1185 2520 1240 declines
2549 1188 2618 1240 ad
2660 1188 3017 1259 iniquitatem;
3058 1191 3189 1243 hanc
3231 1191 3368 1244 enim
3399 1193 3589 1260 cmpisti
3628 1193 3754 1263 sequi

2192 1286 2308 1348 post
2363 1281 2645 1336 miseriam.
2703 1281 2836 1348 Quia
2901 1297 3029 1337 vero
3076 1297 3139 1336 ea
3201 1299 3320 1354 quas
3359 1282 3587 1338 subnexa
3641 1293 3751 1339 sunt

2191 1369 2419 1440 longiori
2472 1372 2791 1442 allegatione
2840 1371 3260 1442 protrahuntur,
3313 1374 3473 1429 istum
3533 1374 3755 1430 libellum

2194 1459 2297 1515 hoc
2363 1461 2468 1517 ﬁne
2512 1464 2962 1535 constringimus,
3013 1481 3081 1520 ne
3134 1465 3535 1522 immoderatius
3589 1474 3755 1523 esten-

2195 1553 2371 1608 datnr.
2916 1576 2917 1579 η

564 1656 593 1686 ⁸
624 1647 869 1715 Vinduc.,
906 1647 1103 1702 Pratel.
1148 1654 1204 1703 et
1240 1648 1330 1702 alii
1355 1687 1373 1713 ,
1412 1648 1720 1715 quibusdam
1748 1663 1865 1700 vero
1895 1664 1958 1702 ne
1989 1645 2215 1714 veniant,
2240 1646 2526 1702 medentur.
2557 1649 2735 1715 Colb.,
2766 1657 2821 1702 ut
2849 1664 2914 1704 ne
2952 1652 3157 1704 veniant
3182 1650 3467 1705 medentur.

1251 1858 1595 1963 LIBER
1670 1877 2336 1963 VIGESIMUS
2412 1879 3040 1968 SEPTIMUS.

493 2045 838 2111 Duodecim
870 2045 1079 2109 ultimi
1108 2062 1322 2107 versus
1354 2044 1584 2124 capitis
1619 2057 1832 2103 xxxvi
1863 2044 2301 2124 emponuntur,
2370 2058 2528 2124 cum_
2557 2042 2806 2124 integro
2842 2043 3074 2124 capite
3129 2061 3407 2123 xxxvii,
3461 2044 3754 2124 ingeniose

792 2127 1087 2207 rquwsitis
1116 2125 1197 2187 ad
1230 2118 1631 2185 astruéndam
1656 2165 1675 2197 ,
1711 2130 1842 2183 tum
1874 2118 2253 2191 doctrinam,
2287 2126 2417 2179 tum
2447 2119 2684 2183 ethicen
2715 2118 3125 2183 christianum
3151 2118 3458 2186 sensibus.

997 2290 1222 2348 CAPUT
1252 2287 1539 2345 PRIMUM.

560 2386 723 2459 853
749 2386 800 2441 1.
817 2382 900 2438 Ex
919 2385 1251 2455 superborum
1270 2390 1402 2435 recte
1432 2380 1581 2433 dictis
1610 2374 1911 2433 sumendum
1936 2376 2076 2448 quod

492 2489 673 2554 prosit,
689 2472 1029 2550 respuendum
1044 2476 1180 2546 quod
1197 2484 1395 2529 noceat.
1410 2503 1478 2515 —
1500 2472 1751 2543 Quisquis
1775 2471 1841 2526 de
1863 2472 2075 2543 magnis
2104 2530 2107 2531 ν

492 2571 651 2627 dictis
680 2571 1042 2640 arrogantium
1073 2583 1291 2624 sumere
1329 2569 1607 2622 scientiam
1655 2566 1864 2634 nititur,
1904 2565 2084 2635 provi-

490 2662 621 2718 dere
650 2662 876 2717 solerter
906 2661 1089 2725 debet,
1121 2675 1189 2714 ne
1216 2659 1317 2715 hoc
1347 2660 1487 2728 quod
1532 2672 1716 2713 eorum
1745 2657 1968 2711 scientia
1999 2655 2081 2710 al-

489 2762 602 2808 tum
628 2761 815 2820 tumet,
861 2753 1123 2817 imitetur,
1158 2760 1184 2789 α
1216 2766 1284 2807 ne
1309 2766 1431 2806 cum
1460 2750 1714 2804 virtutum
1744 2749 1921 2804 verbis
1962 2763 2083 2803 mo-

488 2859 609 2903 rum
640 2848 772 2901 vitia
819 2846 1055 2916 colligat,
1090 2853 1146 2902 et
1194 2845 1246 2901 in
1276 2860 1341 2901 eo
1367 2846 1509 2913 quod
1553 2843 1806 2914 loquendi
1840 2842 2083 2899 notitiam

486 2941 811 3009 assequitur,
837 2938 1047 2994 vivendi
1079 2952 1137 2993 se
1168 2937 1432 3007 imperitia
1464 2936 1759 3007 transfigat.
1795 2936 1902 2990 llos
1930 2950 2084 2990 nam-

487 3043 589 3098 que
616 3043 739 3085 cum
778 3027 930 3082 fortia
962 3026 1143 3082 dicere
1172 3027 1435 3091 audimus,
1473 3026 1569 3081 sed
1619 3037 1792 3080 tamen
1824 3026 1891 3079 de
1919 3024 2079 3080 dictis

486 3116 713 3173 fortibus
743 3128 950 3173 tumere
977 3117 1362 3187 conspicimus,
1393 3118 1547 3186 quasi
1574 3117 1834 3174 doctrinae
1864 3118 2078 3172 hortum

2020 2350 2037 2359 ρ
2114 2288 2165 2350 Β
2192 2286 2334 2342 milis
2357 2284 2640 2355 conSpicit,
2672 2295 2727 2341 et
2750 2302 2870 2342 eum
2916 2289 3284 2359 prophetando
3307 2291 3578 2361 praedicat,
3615 2306 3753 2363 quem
3812 2370 3815 2371 ν

2186 2378 2340 2434 elatis
2368 2380 2608 2435 moribus
2636 2380 2931 2451 impugnat,
2956 2382 3176 2438 dicens:

2644 2470 2661 2478 ”
2828 2473 3053 2529 CAPUT
3094 2475 3157 2528 ll.

2257 2566 2388 2622 Cn.
2445 2581 2625 2637 χχχιι,
2657 2581 2810 2622 νιιιιε.
2850 2565 2943 2620 22.
2974 2596 3046 2607 -
3076 2565 3212 2623 Ecce
3259 2567 3408 2624 Deus
3449 2567 3668 2624 excelsus
3705 2567 3753 2622 in

2186 2659 2488 2730 fortitudine
2515 2676 2630 2725 sua,
2657 2669 2706 2713 et
2733 2657 2906 2712 nullus
2936 2659 2983 2712 ei
3005 2658 3188 2712 similis
3216 2658 3270 2712 in
3304 2652 3691 2729 législatoribus.

2257 2751 2310 2805 5.
2343 2752 2577 2807 Christus
2622 2752 2778 2807 simul
2804 2753 3013 2806 humilis
3040 2752 3095 2805 in
3139 2752 3445 2822 inﬁrmitate
3474 2760 3520 2806 et
3547 2749 3754 2806 excelsus

2184 2847 2239 2901 in
2268 2847 2568 2918 fortitudine
2618 2854 2825 2901 crateras
2857 2845 3179 2918 legislatores
3217 2845 3375 2917 longe
3401 2844 3668 2898 antecellit.
3696 2866 3763 2881 -ο

2184 2942 2264 2996 Ac
2292 2940 2338 2995 si
2367 2950 2551 3010 aperte
2592 2941 2763 2995 dicat:
2796 2940 2896 3006 Qui
2930 2940 3151 2994 humilis
3180 2940 3453 2995 videbitur
3479 2941 3529 2994 in
3555 2936 3754 2993 intirmi-

2187 3042 2316 3100 tate,
2348 3034 2592 3089 excelsus
2620 3042 2803 3088 manet
2833 3033 2885 3086 in
2918 3032 3253 3101 fortitudine,
3290 3032 3457 3087 Paulo
3488 3032 3587 3086 hoc
3610 3030 3752 3085 etiam

2185 3135 2490 3194 attestante,
2520 3126 2609 3196 qui
2637 3126 2739 3180 ait:
2773 3125 2911 3192 Quia
2939 3134 2985 3179 et
3014 3126 3059 3180 si
3104 3107 3389 3192 cruciﬁxus
3418 3132 3492 3179 est
3538 3139 3599 3177 ea:
3622 3120 3753 3183 inﬁr-

2184 3222 2383 3285 mitate,
2412 3222 2501 3274 sed
2544 3220 2663 3273 vivit
2689 3235 2753 3274 ea:
2779 3218 2966 3273 virtute
3009 3217 3107 3273 Dei
3135 3216 3225 3289 (II
3252 3217 3380 3274 Cor.
3424 3232 3518 3271 xm
3546 3255 3562 3280 ,
3591 3214 3661 3285 4).
3691 3212 3755 3266 De

2186 3328 2293 3384 quo
2318 3322 2468 3368 recte
2509 3310 2847 3381 subjungitur
2872 3328 2884 3363 :
2920 3308 3116 3364 Nullus
3144 3311 3191 3363 ei
3229 3310 3417 3364 similis
3444 3309 3497 3363 in
3523 3307 3756 3378 legislatu-

2184 3404 2347 3458 ribus.
2378 3402 2675 3472 Legislator
2717 3401 2953 3473 Moyses,
2981 3401 3257 3472 legislator
3281 3401 3471 3468 Josue,
3503 3397 3755 3469 legislatu-

486 3210 734 3282 ingressi,
768 3211 835 3266 de
887 3209 1058 3280 spinis
1087 3223 1238 3266 rosas
1289 3210 1621 3280 attingimus.
1682 3208 1925 3263 Discreta
1955 3223 2084 3280 ergo

486 3304 645 3362 nobis
673 3303 1031 3359 sollicitudine
1061 3318 1193 3372 opus
1214 3315 1316 3371 est,
1340 3313 1395 3358 et
1422 3318 1645 3372 carpere
1672 3302 1815 3372 quod
1838 3303 2081 3370 redolet,

483 3405 539 3453 et
562 3411 752 3452 cavere
777 3396 920 3466 quod
951 3396 1156 3467 pungit,
1186 3410 1254 3451 ne
1280 3396 1327 3450 si
1355 3393 1583 3450 fortasse
1614 3394 1916 3465 improvide
1961 3394 2079 3471 dic-

486 3498 663 3544 torum
693 3487 795 3544 ﬂos
821 3488 1036 3559 legitur.
1069 3487 1097 3527 δ
1148 3490 1358 3543 incauta
1400 3488 1625 3558 legentis
1654 3503 1843 3543 manus
1874 3503 2083 3544 morum
2184 3509 2274 3550 res
2298 3494 2460 3550 etiam
2491 3492 2772 3564 prophetae
2798 3510 2813 3559 ;
2847 3492 3180 3561 legislatores
3203 3504 3434 3547 cunctos
3454 3491 3628 3547 dicere
3650 3498 3755 3557 pos~

481 3581 634 3651 spina
665 3581 948 3637 laceretur.
978 3580 1097 3636 Elin
1148 3581 1329 3651 itaque
1358 3581 1549 3636 doctus
1576 3589 1632 3638 et
1675 3596 1932 3649 arrogans
1961 3595 2084 3650 pro-
2185 3601 2391 3652 sumus,
2447 3600 2581 3656 quos
2619 3594 2687 3642 ex
2736 3585 2853 3654 lege
2909 3586 3253 3640 admonuisse
3310 3595 3460 3641 recta
3518 3580 3753 3654 populum

481 3670 591 3729 fert
617 3672 905 3743 aliquando
934 3673 1078 3743 quod
1122 3672 1384 3739 redoleat,
1434 3672 1721 3743 aliquando
1748 3672 1892 3743 quod
1939 3688 2074 3742 pun-

2184 3678 2403 3734 scimns.
2449 3676 2556 3733 Sed
2593 3676 2715 3732 huic
2743 3676 3020 3731 Mediatori
3058 3677 3112 3731 in
3150 3676 3552 3746 legislatoribus
3591 3666 3755 3728 similis

470 3774 590 3838 gat.
636 3766 726 3823 Sic
766 3766 925 3836 igitur
958 3766 1276 3821 sumendum
1307 3776 1392 3822 est
1423 3766 1491 3822 de
1516 3767 1634 3835 ejus
1659 3766 1902 3822 doctrina
1930 3765 2074 3837 quod
2181 3769 2358 3824 nullus
2391 3776 2493 3836 est,
2527 3769 2647 3836 quia
2668 3765 2754 3821 isti
2782 3768 3013 3839 gratuito
3042 3768 3216 3822 vocati
3242 3782 3310 3821 ex
3341 3766 3576 3836 peccatis
3600 3762 3661 3816 ad
3688 3762 3755 3813 in-

479 3857 709 3928 fragrat,
740 3868 801 3913 ut
826 3868 1004 3914 tamen
1034 3859 1263 3914 sollicite
1305 3858 1605 3912 cavendum
1636 3860 1707 3913 sit
1748 3848 1814 3914 de
1842 3858 2075 3914 elatione

479 3949 633 4019 quod.
652 3950 917 4004 vulnerat.
948 3949 1051 4016 Qui
1079 3949 1241 4003 multa
1272 3948 1485 4017 quidem
1514 3950 1762 4019 superius
1793 3949 2072 4003 moraliter

479 4040 683 4107 intulit,
713 4040 811 4095 sed
839 4041 891 4093 iu
920 4040 1101 4095 verbis
1140 4041 1491 4109 sequentibus
1519 4039 1585 4096 ad
1619 4040 1730 4096 sola
1758 4055 1817 4096 se
1843 4040 2073 4109 praphe-

479 4130 569 4186 tite
599 4144 795 4186 arcana
819 4130 1096 4185 sustulit.¢
1128 4130 1237 4184 Ima
1268 4130 1408 4185 enim
1438 4131 1757 4189 moralitatis
1780 4132 2002 4198 deserit,
2017 4139 2074 4189 et

478 4224 546 4281 ad
578 4223 874 4295 prophetiae
904 4236 1115 4278 summa
1158 4224 1491 4279 conscendit.

548 4317 604 4372 2.
656 4316 879 4387 Superbi
898 4317 1093 4389 [spiritu
1132 4318 1413 4390 prophetiae
1443 4319 1720 4391 aliquando
1755 4320 1959 4390 repleti.
1997 4349 2070 4362 —

478 4409 590 4466 Nec
616 4410 915 4465 mirandum
945 4410 1087 4480 quod
1120 4411 1200 4465 vir
1228 4426 1485 4482 arrogans
1516 4412 1727 4481 impleri
1756 4411 2069 4480 prophetico

475 4500 670 4572 spiritu
698 4503 889 4571 potuit,
932 4518 1054 4558 cum
1081 4498 1208 4558 Saul
1240 4504 1400 4559 etiam
1436 4504 1493 4560 in
1538 4508 1762 4559 humero
1782 4502 2071 4573 prapheta-

475 4609 596 4651 rum
625 4594 724 4649 fuit
755 4593 812 4665 (Ι
843 4596 970 4667 Reg.
1010 4612 1066 4663 ι,
1092 4592 1174 4666 6).
1216 4595 1325 4675 Sed
1368 4596 1470 4655 hoc
1498 4597 1567 4651 dc
1596 4596 1756 4651 Saule
1796 4610 1895 4650 cur
1938 4594 2073 4650 dici-

475 4700 617 4752 mus,
647 4700 768 4741 cum
797 4702 865 4744 ex
892 4688 1100 4743 visione
1126 4688 1605 4760 angeli'accepisse
1636 4687 1799 4742 verba
1832 4686 2072 4742 rationa-

474 4776 603 4832 bilia
630 4776 700 4831 et'
720 4778 923 4833 asinam
952 4780 1259 4835 noverimus
1290 4779 1480 4847 (Nunt.
1531 4794 1665 4843 χιιι,
1691 4775 1831 4849 28)?
1863 4777 1967 4834 Sed
1993 4780 2068 4835 si-

473 4876 573 4923 cut
594 4868 902 4927 irrationale
930 4872 1128 4927 animal
1157 4872 1380 4927 rationis
1408 4870 1574 4927 verba
1603 4870 1773 4925 edidit
1791 4911 1806 4935 ,
1852 4886 1953 4926 nec
1995 4879 2072 4927 ta-

476 4975 599 5015 men
629 4960 697 5016 ad
751 4965 1195 5032 permutationem
1241 4946 1448 5018 naturae
1493 4962 1768 5018 rationalis
1814 4962 2066 5029 accessit,

2180 3858 2481 3914 nocentiam
2513 3857 2756 3925 redeunt,
2789 3866 2844 3910 et
2874 3856 2941 3909 ab
2971 3856 3053 3911 his
3083 3870 3203 3925 qua:
3249 3856 3308 3910 in
3340 3852 3640 3921 semetipsis
3666 3860 3753 3903 ex-

2178 3946 2317 4018 perti
2339 3956 2465 4003 sunt
2485 3946 2823 4016 prmdicando
2851 3945 3288 4002 alios‘redncunt.
3318 3946 3643 4013 Redemptor
3672 3952 3753 3992 au-

2178 4048 2285 4095 tem
2300 4050 2482 4094 noster
2496 4042 2653 4094 homo
2673 4039 2791 4093 sine
2805 4047 3023 4107 peccato
3036 4049 3140 4103 est,
3157 4038 3300 4092 illius
3317 4040 3439 4093 sine
3464 4035 3753 4103 adoptione,

2177 4145 2278 4186 nec
2295 4130 2622 4200 perpetravit
2644 4144 2877 4200 unquam
2900 4130 3039 4198 quod
3060 4129 3354 4199 redarguit,
3385 4139 3441 4184 et
3469 4130 3549 4182 sic
3575 4120 3754 4179 mundo

2176 4241 2243 4282 ex
2270 4226 2602 4281 humanitate
2628 4224 2884 4295 loquitur,
2908 4233 2966 4279 ut
2988 4233 3164 4279 tamen
3187 4222 3358 4295 855
3383 4225 3558 4279 eidem
3573 4213 3753 4275 mundo

2174 4326 2301 4373 ante
2325 4317 2521 4372 saecula
2554 4331 2624 4372 ex
2652 4317 2930 4371 divinitate
2957 4313 3286 4369 dominetur.
3324 4315 3483 4369 flunc
3508 4313 3754 4367 Mediam-

2175 4423 2289 4464 rem
2337 4406 2431 4462 Dei
2463 4416 2518 4462 et
2545 4390 2820 4462 hominum
2848 4402 3064 4477 quidam
3110 4404 3511 4474 legislatoribus
3540 4402 3751 4458 similem

2176 4498 2342 4555 fuisse
2383 4498 2745 4555 crediderunt.
2800 4498 2931 4552 Nam
2976 4496 3315 4566 requirenti:
3377 4497 3542 4562 Quem
3592 4495 3751 4548 dicunt

2178 4591 2406 4647 homines
2428 4606 2534 4645 esse
2565 4591 2729 4659 ﬁlium
2758 4588 3024 4643 hominis?
3057 4587 3456 4655 responderunt
3485 4580 3745 4653 discipuli,

2177 4688 2454 4742 dicentes:
2504 4685 2608 4739 Alii
2654 4670 2906 4740 Joannem
2950 4681 3261 4755 Baptistam,
3295 4680 3392 4734 alii
3435 4678 3626 4745 Eliam,
3666 4671 3750 4727 alii

2175 4778 2474 4845 Jeremiant,
2503 4787 2591 4832 aut
2618 4794 2777 4831 unum
2804 4794 2867 4832 ea:
2910 4776 3170 4848 prapltetis
3217 4773 3435 4845 (Matth.
3486 4788 3597 4837 xvr,
3647 4767 3747 4836 15).

2180 4870 2328 4929 dSed
2354 4873 2605 4928 nimirum
2631 4871 2790 4927 Petro
2809 4886 2967 4940 quam
2985 4870 3231 4926 excelsus
3254 4871 3306 4922 in
3338 4854 3647 4922 fortitudine
3673 4874 3748 4917 ese

2180 4975 2263 5020 set
2284 4964 2513 5036 aperuit,
2545 4978 2665 5017 cum
2696 4977 2820 5016 eum
2862 4960 3120 5015 veraciter
3149 4960 3386 5026 intuens,
3423 4972 3453 5011 a
3499 4954 3746 5023 legislato-

478 5049 553 5107 ita
581 5067 726 5123 saepe
752 5055 977 5124 quilibet
1019 5055 1269 5125 indignus
1298 5062 1495 5111 sancta
1514 5056 1676 5109 verba
1707 5068 1802 5122 per
1832 5054 2071 5123 prophe-~
2090 5040 2146 5103 Ῑ)
2172 5075 2289 5115 rum
2323 5056 2626 5127 aequalitate
2657 5054 2933 5119 discrevit,
2966 5052 3191 5106 dicens:
3223 5048 3302 5104 Tu
3322 5067 3377 5103 es
3406 5047 3637 5103 Christus
3667 5039 3746 5095 Fi-

476 5144 565 5199 tia:
594 5147 839 5215 spiritum
865 5147 1079 5216 accipit,
1107 5148 1203 5204 sed
1226 5157 1402 5202 tamen
1420 5146 1485 5200 ad
1504 5146 1911 5215 promerendam
1932 5162 2060 5204 san-

485 5240 684 5294 ctitatis
705 5240 929 5309 gloriam
959 5257 1068 5297 non
1098 5242 1373 5311 pertingit,
1406 5248 1465 5294 ut
1489 5249 1545 5295 et
1568 5253 1728 5308 supra
1756 5254 1815 5295 se
1839 5241 2063 5312 loquen-

471 5329 541 5385 do
570 5332 824 5399 emineat,
850 5342 904 5388 et
923 5332 1060 5388 infra
1084 5348 1144 5388 se
1164 5332 1391 5388 vivendo
1418 5340 1705 5401 torpescat.
1740 5331 1890 5389 Unde
1916 5350 2061 5392 nunc

471 5424 590 5480 Elin
625 5426 999 5497 Redemptoris
1026 5428 1193 5482 nostri
1219 5426 1507 5481 adventum
1536 5410 1792 5482 humilem
1820 5442 1927 5482 non
1958 5428 2060 5485 hu-

542 5548 570 5575 ἰ
597 5537 761 5594 Vetus
796 5539 937 5593 Edit.
968 5538 1158 5604 Basil.,
1190 5536 1380 5608 Gilot.,
1423 5520 1687 5595 Gussanv.
1717 5548 1771 5593 et
1797 5541 1963 5608 plur.,
1992 5559 2056 5597 ne

467 5626 584 5663 cum
611 5610 853 5663 virtutum
880 5612 1029 5678 ﬂore.
1065 5610 1187 5674 Pro,
1219 5612 1364 5677 ﬂore,
1396 5611 1609 5680 legitur,
1639 5612 1823 5678 verbis,
1852 5613 1905 5665 in
1932 5628 2050 5667 om-

467 5680 625 5734 nibus
654 5681 782 5733 Mss.
816 5683 1033 5743 nostris,
1065 5688 1119 5734 et
1144 5681 1196 5733 in
1228 5692 1334 5735 vet.
1368 5681 1511 5735 Edit.
1546 5680 1715 5735 Paris.

538 5748 568 5787 δ
600 5748 723 5819 Αιη
741 5749 963 5802 incautis
984 5749 1261 5819 legentibus
1283 5766 1302 5814 ;
1328 5760 1384 5805 ut
1409 5762 1491 5806 est
1515 5752 1569 5805 itt
1600 5750 1789 5817 Gilot.,
1815 5750 2055 5806 Gnssan-

469 5819 562 5875 vii.
590 5817 815 5884 et'plur.
858 5819 1000 5873 Edit.
1051 5817 1235 5873 Lectio
1278 5829 1461 5876 nostra
1515 5828 1597 5876 est
1639 5821 1764 5877 Mss.
1824 5822 2051 5892 Turon.,

2171 5154 2270 5209 lius
2300 5150 2395 5204 Dei
2422 5150 2517 5203 vivi
2546 5146 2738 5218 (lbid.,
2764 5146 2875 5215 16).
2911 5145 3059 5200 Unde
3097 5154 3244 5199 recte
3273 5142 3338 5196 de
3368 5142 3462 5195 illo
3483 5150 3671 5207 sponsa
3699 5134 3743 5186 in

2170 5242 2404 5298 Canticis
2433 5239 2761 5293 canticorum
2792 5234 2956 5291 dicit:
2990 5234 3055 5289 In
3100 5233 3281 5288 lectulo
3311 5247 3426 5284 nico
3466 5245 3556 5299 per
3590 5232 3742 5279 noctes

2168 5333 2374 5404 quaesivi
2395 5346 2544 5401 quem
2582 5329 2753 5399 diligit
2780 5330 2955 5381 animo
2976 5342 3107 5388 mea,
3133 5322 3339 5394 quwsivi
3375 5321 3549 5384 illum,
3581 5325 3624 5370 et
3652 5328 3740 5367 non

2165 5426 2333 5481 inveni
2383 5422 2558 5496 (Cant.
2592 5437 2672 5487 ιιι,
2708 5420 2785 5490 1).
2818 5419 2887 5476 Et
2929 5420 3086 5490 paulo
3113 5426 3266 5481 post:
3321 5412 3632 5469 Invenerunt
3669 5419 3741 5463 nu

2164 5541 2343 5602 Colb.,
2398 5538 2644 5605 Longip.,
2699 5535 2909 5592 Ebroic.
2941 5509 3274 5602 aliorumque
3319 5528 3512 5584 Norm.
3558 5530 3612 5577 et
3637 5529 3734 5577 vet.

2163 5613 2303 5668 Edit.
2342 5608 2509 5661 Paris.
2535 5619 2590 5661 et
2623 5608 2784 5661 Basil.
2946 5650 2949 5655 ,

2239 5693 2261 5721 ο
2292 5680 2540 5746 Longip.,
2570 5679 2637 5730 ad
2667 5694 2719 5731 se
2746 5694 2931 5731 arcana
2960 5672 3217 5738 sustollit;
3238 5670 3433 5742 legitur
3457 5675 3617 5731 etiam
3635 5684 3733 5728 sus-

2165 5753 2299 5809 tollit
2330 5751 2382 5802 in
2409 5749 2606 5802 l'ratel.
2645 5759 2699 5803 et
2730 5749 2870 5801 aliis.

2232 5822 2259 5861 ά
2288 5818 2701 5890 Corruptissime
2718 5820 2770 5875 in
2797 5817 2939 5874 Edit.
2965 5814 3155 5885 Gilot.,
3182 5813 3520 5874 Gussanvill.
3542 5822 3597 5873 et
3619 5827 3736 5870 non-
