4036 6348
282 364 395 423 401

279 480 486 552 uigiles,
537 477 623 544 qui
669 465 961 525 custodiunt
989 460 1262 515 civitatem.
1313 454 1392 509 De
1423 446 1615 549 quibus
1661 453 1873 497 rursum

287 538 482 630 dicit:
527 538 927 621 iiulnerauerunt
978 569 1098 617 me,
1136 548 1369 603 tulerunt
1421 538 1638 611 pallium
1686 546 1874 630 meum.

289 663 446 731 Quos
474 666 669 713 iterum
701 653 1096 721 percunctatur,
1143 639 1364 694 dicens:
1397 631 1538 687 Num
1581 640 1729 698 quem
1759 619 1880 676 dili-

290 716 370 826 5n
402 751 576 806 anima
605 716 718 800 mea
762 737 1000 796 vidistis?
1028 731 1313 789 Paululum
1355 740 1471 780 cum
1497 716 1881 795 pertransissem

291 811 408 910 eos,
428 841 596 897 inveni
617 852 762 908 quens
786 833 953 902 diligit
979 829 1151 886 anima
1169 839 1283 880 mea
1312 819 1485 890 (Cant.
1513 832 1591 880 ut.
1622 811 1701 883 '5).

368 936 429 1027 4.
462 968 565 1034 Qui
607 967 663 1021 in
688 970 831 1019 nocte
852 959 1119 1032 queritur,
1161 954 1252 1010 sed
1294 967 1398 1006 non
1440 948 1543 1004 nisi
1582 942 1885 1001 transcensis

297 1060 562 1137 praphetis
591 1067 638 1112 et
660 1053 966 1127 patriarchis
992 1048 1270 1104 invenitur.
1297 1071 1370 1087 -—
1398 1042 1632 1097 Dilectus
1656 1047 1886 1115 namque

298 1133 401 1229 per
431 1165 617 1210 noctes
666 1152 718 1204 in
751 1146 947 1203 lectulo
992 1142 1266 1214 quaeritur,
1318 1135 1441 1207 quia
1490 1135 1631 1187 intra
1680 1133 1888 1185 secreta

303 1220 489 1303 cordis
533 1240 728 1296 cubilia
771 1238 824 1293 in
873 1232 1218 1290 tribulatione
1262 1226 1481 1297 spiritus
1531 1220 1888 1277 desideratur.

303 1341 480 1407 Quem
514 1347 691 1391 tamen
723 1342 971 1402 quaerens
998 1337 1192 1395 sponsa
1234 1334 1338 1375 non
1360 1314 1584 1380 invenit,
1616 1310 1741 1382 quia
1778 1307 1893 1364 ele-

300 1398 390 1489 cta
424 1441 651 1501 quaeque
679 1398 855 1478 anima
878 1420 988 1491 jam
1015 1415 1231 1487 quidem
1282 1409 1480 1465 amoris
1524 1404 1642 1475 ejus
1688 1398 1891 1455 facibus

302 1490 515 1594 ﬂagrat,
561 1490 588 1555 λ
637 1515 733 1571 sed
786 1490 963 1567 adhuc
1014 1506 1238 1577 quaesita
1283 1506 1510 1594 negatur
1538 1490 1789 1594 -spec'ies,
1834 1496 1894 1543 ut

256 1582 542 1671 ’sniantis
585 1602 906 1663 desiderium
954 1606 1196 1662 crescat;
1243 1602 1298 1649 et
1339 1587 1492 1661 quasi
1538 1586 1591 1639 in
1639 1582 1728 1657 siti
1757 1593 1892 1650 aqua

302 1703 664 1767 subtrahitur,
695 1706 753 1753 ut
777 1694 1018 1764 ejusdem
1041 1691 1160 1747 sitis
1189 1695 1352 1743 testas
1378 1690 1635 1752 augeatur
1662 1720 1677 1744 ,
1709 1686 1763 1732 et
1788 1688 1894 1745 quo

306 1797 450 1856 hanc
492 1774 691 1849 diutius
721 1789 910 1845 sitiens
956 1783 1251 1847 desiderat,
1309 1792 1373 1832 eo
1422 1771 1738 1845 quandoque
1767 1783 1890 1824 cum

306 1888 573 1950 invenerit
593 1884 800 1939 avidius
825 1889 1022 1937 sumat.
1048 1877 1158 1933 Sed
1187 1874 1325 1929 bane
1352 1878 1683 1941 quaerentem
1711 1864 1896 1933 vigiles

307 1979 609 2046 inveniunt,
633 1987 861 2044 eamque
889 1970 1193 2033 vulnerant,
1221 1975 1274 2020 et
1296 1962 1412 2033 ejus
1435 1959 1650 2031 pallium
1676 1956 1895 2023 tollunt,

309 2076 438 2148 quia
490 2080 921 2140 unamquamque
977 2062 1208 2118 animam
1257 2052 1615 2125 redemptoris
1664 2052 1746 2105 sui
1789 2062 1898 2119 jam

307 2141 549 2240 speciem
590 2161 974 2232 requirentem,
1030 2168 1152 2210 cum
1199 2148 1412 2206 solliciti
1457 2146 1705 2201 doctores
1745 2141 1900 2195 inve-

307 2236 490 2324 niunt,
521 2258 658 2311 hanc
687 2269 782 2325 per
805 2248 1200 2321 praedicationis
1221 2244 1442 2300 verbum
1473 2236 1712 2295 cmlestis
1740 2249 1901 2291 amo-

311 2354 394 2411 ris
411 2350 437 2390 δ
460 2349 676 2419 spiculis
706 2346 1010 2410 vulnerant,
1037 2349 1091 2396 et
1112 2339 1157 2394 si
1184 2337 1327 2409 quod
1352 2336 1401 2390 ei
1430 2333 1607 2388 adhuc
1627 2331 1696 2386 de
1722 2341 1902 2385 vetus-

312 2456 373 2503 ta
403 2439 811 2499 conversatione
867 2446 1077 2506 tegmen
1111 2433 1270 2497 inest,
1319 2428 1661 2492 subtrahunt,
1711 2433 1769 2479 ut
1797 2437 1903 2493 quo

315 2551 483 2596 exuta
503 2536 570 2590 ab
602 2534 758 2605 hujus
786 2531 969 2586 mundi
992 2541 1156 2583 onere
1180 2524 1443 2589 redditur,
1466 2535 1533 2577 eo
1561 2522 1605 2574 is
1634 2520 1723 2589 qui
1755 2532 1903 2588 qua:-

316 2635 479 2697 s'itur,
502 2631 569 2684 ab
597 2630 683 2683 illa
712 2626 874 2683 citius
896 2621 1217 2678 inveniatur.
1240 2619 1384 2674 Bene
1413 2627 1593 2670 autem
1621 2613 1866 2669 subditur
1884 2628 1903 2666 :

318 2723 611 2783 Paululum
637 2736 753 2775 cum
784 2718 1169 2789 pertransissem
1198 2729 1305 2782 eos,
1348 2711 1518 2765 inveni
1561 2725 1709 2778 quem
1738 2706 1906 2777 diligit

315 2817 500 2873 anima
528 2830 662 2869 mea.
688 2811 824 2879 Quia
863 2808 1087 2864 visionis
1116 2807 1233 2873 ejus
1263 2816 1413 2857 mens
1445 2800 1621 2863 avida.
1655 2798 1757 2853 nisi
1786 2811 1925 2867 pro—.

317 2910 609 2981 phetarum
638 2902 1047 2959 mstitnationem
1066 2938 1083 2965 ,
1116 2895 1218 2952 nisi
1247 2894 1666 2963 patriarcharum
1698 2891 1909 2946 celsituo

319 3001 532 3067 dinem,
562 2998 665 3052 nisi
704 3002 1020 3050 cunctorum
1059 2988 1335 3044 hominum
1382 2998 1688 3040 mensuram
1734 2974 1907 3036 trans-

320 3092 604 3158 cenderet,
635 3104 759 3145 eum
784 3086 875 3156 qui
898 3092 983 3142 est
1026 3097 1188 3150 super
1218 3079 1459 3135 homines
1487 3092 1592 3132 non
1619 3074 1903 3130 inveniret.

1037 334 1395 399 MORALIUM
1433 330 1566 389 LIB.
1606 322 1822 383 XXVII.
1861 350 1931 365 —
1970 319 2036 376 IN
2075 315 2302 374 CAPUT
2341 309 2562 372 XXXVI
2601 308 2666 366 Β.
2704 305 2844 364 JOB.

1898 443 1954 504 Α
1976 448 2083 489 non
2112 438 2309 501 potest,
2334 440 2440 497 quo
2471 431 2623 494 pacto
2646 418 2964 492 reprehendi
2986 414 3197 487 potest?
3222 411 3393 504 Nemo
3414 414 3561 469 enim

3448 297 3559 357 402

1980 525 2117 581 bene
2154 520 2353 591 judicat
2382 515 2523 587 quod
2554 516 2784 585 ignorat.
2827 508 2999 583 Tanto
3024 520 3153 575 ergo
3180 503 3440 559 debemus
3463 501 3566 558 sub

1980 614 2098 686 ejus
2141 610 2357 681 judiciis
2394 606 2599 663 silendo
2643 604 2940 675 quiescere,
2972 607 3181 669 quanto
3219 604 3273 650 et
3303 595 3565 650 rationem

1979 684 2301 777 iudiciorum
2344 700 2487 755 illius
2515 711 2613 752 nos
2641 694 2908 750 cernimus
2935 703 3043 746 non
3081 686 3285 744 videre.
3319 684 3467 742 Unde
3509 688 3568 744 ei

1981 795 2122 875 bene
2149 793 2396 850 subditur
2422 807 2435 844 :

2344 878 2569 938 CAPUT
2598 874 2665 931 IV
2696 872 2838 949 [νοτ.
2872 880 2919 928 et
2948 872 3071 925 Rec.
3104 865 3215 940 11].

2057 975 2224 1033 Vens.
2255 972 2346 1029 24.
2381 1001 2453 1015 —-
2479 969 2734 1025 Memento
2772 965 2909 1036 quod
2937 965 3139 1034 ignores
3177 974 3307 1032 opus
3344 956 3480 1028 ejus,
3509 955 3574 1013 de

1987 1085 2088 1143 quo
2116 1067 2403 1123 cecinerunt
2432 1063 2551 1118 uiri.
2778 1076 2801 1089 δ
2968 1058 2979 1065 “

2062 1161 2115 1217 6.
2150 1154 2331 1229 Angeli
2358 1167 2404 1214 et
2434 1158 2666 1211 doctores
2696 1170 2777 1222 ea,
2806 1152 2895 1208 etsi
2922 1150 3152 1216 laudent,
3177 1146 3384 1203 minime
3407 1153 3577 1200 tamen

1991 1262 2321 1325 cognoscunt.
2365 1250 2421 1304 In
2452 1248 2725 1317 Scriptura
2758 1258 2910 1299 sacra
2939 1243 3036 1298 viri
3064 1239 3347 1309 aliquando
3377 1234 3576 1306 angeli,

1993 1344 2281 1416 aliquando
2303 1352 2479 1399 autem
2503 1341 2758 1412 perfectae
2785 1338 2905 1393 vita:
2933 1335 3175 1391 homines
3192 1339 3577 1388 memorantur.

1994 1438 2128 1495 Nam
2158 1438 2283 1509 quia
2311 1432 2598 1505 aliquando
2625 1432 2707 1486 vir
2732 1429 2954 1499 angelus
2984 1427 3202 1491 dicitur,
3236 1422 3421 1478 Daniel
3449 1435 3579 1491 pro-

1938 1586 1949 1595 ,
1996 1532 2154 1603 pheta
2173 1536 2417 1593 testatur,
2449 1522 2818 1582 dicenszEcce
2832 1523 2908 1579 uir
2927 1519 3134 1576 Gabriel
3157 1517 3317 1589 (Dan.
3351 1531 3426 1582 ix,
3460 1511 3578 1584 2i).

1996 1621 2250 1685 Rursum,
2281 1620 2403 1688 quia
2442 1621 2678 1671 virorum
2722 1614 2937 1669 nomine
2976 1612 3226 1683 perlecta:
3258 1610 3383 1662 vitae
3409 1605 3582 1660 homi-

1998 1696 2096 1768 nes
2118 1710 2508 1781 exprimuntur,
2533 1711 2586 1764 in
2616 1704 2919 1762 Proverbiis
2947 1703 3203 1776 sapientia
3221 1701 3478 1771 loquitur.
3500 1698 3587 1753 di-

1923 1826 1973 1886 Β
1999 1821 2165 1862 cens:
2197 1802 2242 1859 0
2274 1803 2390 1869 viri,
2423 1802 2492 1856 ad
2526 1816 2613 1855 vos
2649 1798 2857 1853 clamito
2887 1797 3073 1869 (Prov.
3118 1809 3234 1859 vttt,
3264 1791 3343 1862 4).
3377 1792 3454 1846 De
3482 1789 3589 1843 Do-

2000 1899 2149 1955 mino
2198 1896 2360 1968 igitur
2410 1893 2510 1948 viri
2541 1898 2761 1957 canunt,
2805 1904 2926 1945 cum
2956 1886 3074 1959 ejus
3121 1884 3272 1940 nobis
3299 1878 3589 1950 potentiam

2002 1989 2089 2045 vel
2117 1985 2337 2055 superni
2369 1984 2609 2053 spiritus,
2640 1983 2723 2037 vel
2754 1978 3201 2052 perlecti'quiqne
3229 1974 3475 2029 doctores
3507 1972 3590 2026 in—

1999 2087 2304 2137 notescunt.
2337 2077 2442 2132 Sed
2475 2085 2655 2131 tamen
2686 2088 2821 2145 opus
2850 2073 2965 2144 ejus
2996 2071 3288 2142 ignoratur,
3336 2065 3461 2138 quia
3505 2065 3592 2120 ni-

2001 2170 2199 2226 mirum
2224 2167 2426 2237 judicia
2476 2166 2618 2220 illius
2665 2165 2764 2233 ipsi
2792 2165 2954 2218 etiam
3000 2161 3089 2230 qui
3133 2158 3275 2216 hunc
3304 2156 3596 2225 praedicant

2002 2262 2360 2333 impenetrata
2391 2267 2735 2314 venerantur.
2764 2256 2833 2310 Et
2860 2257 3035 2311 sciunt
3061 2268 3187 2323 ergo
3215 2265 3371 2321 quem
3402 2248 3595 2319 praedi-

2004 2367 2151 2423 cant,
2181 2365 2236 2413 et
2264 2365 2441 2410 tamen
2473 2354 2589 2423 ejns
2617 2366 2778 2423 opera
2820 2351 3085 2421 ignorant,
3116 2362 3240 2418 quia
3269 2350 3598 2417 cognoscunt

2006 2464 2103 2521 per
2130 2450 2357 2521 gratiam
2402 2440 2530 2501 'eum
2558 2462 2589 2500 a
2635 2461 2741 2517 quo
2780 2442 2908 2499 lacti
2958 2450 3102 2507 sunt,
3133 2438 3229 2495 sed
3257 2438 3375 2509 ejus
3397 2436 3599 2506 judicia

2007 2541 2468 2612 comprehendere
2519 2545 2810 2607 nequeunt,
2861 2550 2979 2605 quae
3008 2534 3076 2589 ab
3106 2534 3197 2587 illo
3238 2532 3399 2587 etiam
3438 2543 3601 2599 super

2006 2631 2155 2715 ipsos
2182 2633 2337 2688 liunt.
2368 2630 2521 2699 Quod
2545 2629 2686 2683 enim
2710 2627 3049 2695 omnipotens
3079 2622 3516 2701 Deusperspicue
3548 2621 3599 2674 in

2010 2740 2107 2781 sua
2136 2725 2346 2780 actione
2376 2738 2482 2777 non
2513 2722 2773 2785 cernitur,
2806 2719 3086 2774 Psalmista
3112 2727 3354 2785 testatur,
3378 2715 3598 2770 dicens:

2013 2818 2116 2883 Qui
2157 2816 2325 2886 posuit
2358 2813 2589 2867 tenebras
2633 2810 2905 2865 latibulum
2935 2824 3084 2863 suum
3115 2806 3293 2879 (I’sal.
3325 2819 3455 2871 xvn,
3484 2801 3600 2874 12).

2011 2908 2083 2965 Et
2107 2922 2315 2962 rursum
2342 2924 2355 2958 :
2384 2903 2591 2958 Judtcia
2618 2913 2706 2956 tua
2726 2903 2936 2973 abyssus
2957 2901 3118 2953 multa
3136 2897 3311 2967 (Psal.
3339 2911 3499 2962 xxxv,
3523 2895 3602 2965 7).

2010 2999 2188 3069 Atque
2233 3000 2467 3053 iterum:
2518 2996 2743 3066 Abyssus
2796 2994 2927 3047 sicut
2981 2993 3194 3061 pallium
3241 2989 3455 3043 amictus
3495 2990 3605 3061 ejus

2013 3088 2190 3162 (Psal,
2221 3104 2333 3155 CIII,
2368 3090 2445 3159 6).
2481 3087 2629 3144 Unde
2660 3088 2795 3142 bene
2823 3086 2985 3140 etiam
3017 3098 3111 3153 per
3138 3081 3484 3147 Salomonem
3516 3079 3601 3135 di-

314 3185 587 3244 1’ransire
611 3194 740 3251 ergo
781 3187 866 3235 est
893 3176 1102 3247 vigiles,
1129 3174 1291 3229 etiam
1332 3185 1426 3227 eos
1458 3179 1483 3208 ⁸
1514 3183 1649 3240 quos
1686 3168 1909 3222 miratur

2013 3184 2152 3239 citur
2175 3182 2355 3237 :Sicut
2384 3182 2593 3253 ignoras
2614 3195 2728 3252 qute
2752 3181 2817 3235 sit
2838 3180 2920 3233 via
2947 3178 3179 3249 spiritus,
3205 3187 3252 3233 et
3280 3192 3382 3247 qua
3409 3177 3608 3229 ratione

324 3272 508 3334 anima
538 3275 590 3329 in
631 3274 748 3341 ejus
775 3267 1175 3335 comparatione
1222 3273 1563 3335 postponere.
1607 3260 1672 3314 Et
1708 3268 1833 3314 tunc
1862 3258 1909 3313 is

324 3368 421 3438 qui
451 3364 812 3436 quaerebatur,
849 3361 1108 3424 cernitur,
1142 3358 1190 3413 si
1236 3358 1397 3412 homo
1422 3354 1661 3426 quidem,
1698 3351 1793 3408 sed
1827 3362 1909 3406 ta-

324 3476 456 3518 men
492 3467 644 3513 extra
682 3468 960 3512 mensuras
987 3452 1260 3507 hominum
1290 3449 1558 3505 credatur.
1592 3446 1744 3501 Unde
1774 3445 1914 3500 bene

328 3566 474 3610 nunc
503 3550 697 3604 dicitur
726 3565 739 3601 :
778 3546 975 3600 Nullus
1004 3544 1049 3597 ei
1081 3543 1261 3598 similis
1295 3542 1348 3595 in
1383 3539 1776 3609 legislatoribus.
1807 3536 1912 3591 Sed

337 3645 391 3700 is
415 3642 661 3697 videlicet
691 3653 783 3709 per
806 3636 1170 3693 inﬁrmitatem
1194 3633 1372 3689 carnis
1413 3631 1613 3687 nostris
1642 3628 1915 3682 obtutibus

330 3733 760 3805 apparens,dum
778 3729 911 3785 alios
932 3728 1203 3797 reprobat,
1219 3725 1351 3779 alios
1366 3732 1544 3787 vocat,
1569 3722 1701 3776 mira
1713 3718 1914 3789 judicia

330 3816 592 3893 exhibuit,
628 3842 746 3897 qua:
773 3839 803 3878 a
833 3824 984 3879 nobis
1011 3832 1067 3877 et
1094 3820 1317 3891 cogitari
1347 3818 1578 3889 possint,
1602 3823 1657 3871 et
1675 3829 1918 3883 compre-

333 3922 496 3978 hendi
515 3935 619 3974 non
640 3919 863 3988 possint.
890 3914 1154 3986 Ait855
1177 3927 1435 3982 namque:
1463 3909 1529 3964 In
1542 3910 1805 3980 judicium
1824 3924 1918 3979 ego

333 4017 393 4071 in
413 4012 545 4068 hunc
568 4013 813 4065 mundum
833 4009 965 4077 veni,
988 4018 1041 4061 ut
1067 4009 1156 4077 qui
1184 4023 1286 4059 non
1320 4006 1486 4059 vident
1508 4004 1734 4070 uideant,
1760 4014 1805 4057 et
1831 4005 1919 4074 qui

335 4107 507 4163 uident
536 4104 655 4159 cteci
685 4103 809 4171 ﬁant
843 4101 1023 4174 (Joan.
1049 4113 1124 4164 Ix,
1150 4098 1265 4168 59).
1295 4097 1361 4151 Et
1382 4096 1596 4151 rursum
1632 4096 1923 4163 :Conﬁteor

337 4199 458 4265 tibi,
478 4195 651 4260 Pater,
668 4192 886 4247 Domine
910 4191 1021 4244 creti
1042 4199 1087 4243 et
1106 4197 1274 4254 terrte,
1294 4191 1413 4258 quia
1429 4188 1737 4243 abscondisti
1758 4191 1865 4242 lucc
1891 4205 1924 4242 a

338 4287 652 4359 sapientibus
667 4293 713 4337 et
726 4282 1075 4353 prudentibus,
1090 4288 1135 4334 et
1150 4280 1377 4333 reuelasti
1390 4296 1450 4334 ea
1462 4278 1685 4349 parvulis
1701 4277 1922 4347 (Matth.
1947 4310 1955 4323 ε

337 4397 418 4447 xt,
450 4381 568 4447 25).
601 4378 656 4432 In
679 4376 869 4446 quibus
898 4373 1147 4429 nimirum
1173 4372 1387 4442 judiciis
1412 4371 1593 4427 Iudaea
1623 4373 1917 4441 repellitur,

338 4469 611 4543 gentilitas
655 4476 991 4538 aggregatur.
1031 4464 1184 4531 Quod
1226 4463 1472 4519 videlicet
1501 4463 1701 4518 factum
1741 4463 1924 4519 mirari

2016 3276 2409 3345 compingantur
2462 3288 2578 3327 ossa
2630 3273 2684 3325 in
2738 3281 2907 3327 ventre
2937 3271 3270 3340 praegnantis,
3322 3270 3396 3322 sic
3448 3266 3609 3321 nescis

2017 3382 2175 3438 opera
2203 3365 2322 3434 Dei,
2350 3365 2438 3437 qui
2464 3365 2742 3434 fabricator
2768 3373 2841 3418 est
2866 3364 3090 3417 ontnium
3124 3361 3321 3433 (Eccle.
3350 3376 3429 3427 xt,
3453 3360 3531 3427 5).
3627 3423 3639 3438 ξ

2080 3457 2145 3511 '7.
2167 3456 2494 3511 Occultorum
2524 3455 2620 3510 Dei
2638 3456 2956 3529 judiciorum
2981 3452 3274 3521 exemplum
3300 3454 3353 3505 in
3383 3449 3609 3523 parvulis

2020 3551 2128 3605 sine
2141 3551 2412 3621 baptismo,
2426 3551 2501 3603 uel
2518 3557 2629 3620 post
2642 3547 2943 3618 baptismum
2957 3543 3610 3613 morientibus.——-Utenim

2022 3657 2184 3697 unum
2205 3657 2255 3697 e.
2272 3642 2450 3695 multis
2474 3642 2679 3709 loquar,
2714 3640 2818 3695 duo
2843 3640 2909 3694 ad
2934 3640 3071 3694 hanc
3100 3639 3272 3693 lucem
3290 3638 3493 3707 parvuli
3518 3650 3612 3691 ve-

2021 3734 2302 3798 ninnt,sed
2320 3733 2409 3788 uni
2436 3731 2591 3787 datur
2622 3739 2679 3787 ut
2700 3730 2768 3786 ad
2789 3731 3210 3801 redemptionem
3230 3744 3324 3800 per
3349 3728 3613 3798 baptisma

2022 3827 2227 3895 redeat,
2242 3830 2374 3883 alter
2384 3836 2506 3881 ante
2518 3826 2845 3883 subtrahitur
2856 3840 3014 3895 quam
3029 3825 3166 3880 hunc
3182 3838 3504 3895 regenerans
3518 3838 3615 3877 un-

2027 3920 2096 3977 da
2122 3919 2421 3991 perfundat.
2457 3920 2522 3973 Et
2543 3934 2685 3989 saepe
2701 3918 2934 3973 Iideltum
2957 3919 3095 3973 filius
3116 3918 3232 3972 sine
3254 3917 3359 3972 fide
3386 3918 3611 3987 rapitur,

2024 4024 2171 4080 stepe
2195 4009 2489 4065 infidelium
2514 4022 2770 4063 concesso
2794 4008 2917 4063 lidei
2942 4018 3278 4063 sacramento
3302 4019 3611 4065 renovatur.

2031 4102 2140 4159 Sed
2186 4101 2418 4158 fortasse
2464 4100 2653 4171 aliquis
2689 4100 2835 4155 dicat
2863 4100 3004 4171 quod
3035 4102 3175 4156 hunc
3202 4100 3344 4155 Deus
3373 4109 3613 4154 acturum

2030 4208 2192 4265 prave
2229 4195 2388 4250 etiam
2436 4204 2556 4265 post
2600 4194 2865 4264 baptisma
2892 4200 3132 4261 noverat,
3165 4202 3221 4249 et
3248 4194 3446 4248 idcirco
3491 4206 3614 4248 eum

2029 4290 2097 4346 ad
2145 4289 2481 4360 baptismatis
2516 4289 2737 4360 gratiam
2767 4303 2874 4344 non
2922 4288 3195 4357 perducat.
3248 4286 3401 4356 Quod
3446 4286 3495 4342 si
3541 4287 3616 4341 ita

2030 4390 2137 4447 est,
2169 4390 2384 4451 peccata
2409 4384 2764 4451 quorumdam
2797 4378 3146 4449 proculdubio
3182 4378 3485 4448 priusquam
3507 4378 3616 4431 sint

2033 4484 2333 4546 perpetrata
2365 4474 2676 4543 puniuntur.
2711 4472 2778 4526 Et
2819 4472 2938 4547 quis
2966 4472 3065 4525 ista
3093 4478 3240 4525 recte
3268 4469 3507 4524 sentiens
3538 4468 3617 4523 di-

340 4574 649 4634 possnmus,
683 4558 777 4613 sed
799 4555 1122 4627 perscrutari
1150 4555 1452 4611 nullatenus
1477 4558 1736 4612 valemus.
1772 4555 1923 4612 Unde
1952 4579 2007 4639 D
2030 4568 2170 4622 xerit
2197 4566 2317 4634 quia
2361 4565 2703 4631 omnipotens
2734 4563 2894 4627 Deus,
2926 4563 3014 4632 qui
3054 4562 3186 4616 alios
3216 4575 3248 4614 τι
3292 4561 3618 4631 perpemlis

340 4665 402 4711 et
431 4656 566 4711 bene
592 4667 734 4709 nunc
762 4653 830 4707 ab
855 4651 974 4706 Elin
996 4648 1277 4705 subditur:

965 4786 1193 4844 CAPUT
1232 4785 1319 4841 III.
1376 4860 1395 4873 λ

417 4905 586 4960 Vens.
607 4904 697 4958 ‘25.
720 4931 790 4945 -
815 4903 942 4970 Quis
962 4904 1142 4974 poterit
1161 4899 1381 4957 scrutari
1402 4902 1510 4956 uias
1536 4902 1691 4972 ejus?
1714 4911 1802 4956 aut
1819 4904 1932 4972 quis

344 4999 499 5055 audet
529 4998 577 5051 ei
594 4998 797 5051 dicere:
823 4994 1075 5062 Operatus
1103 5013 1154 5051 es
1181 4997 1501 5063 iniquitatem
1524 4996 1549 5049 .9

422 5114 476 5167 5.
499 5110 709 5166 Iudicia
746 5113 857 5179 eius
895 5118 1133 5173 scrutari,
1159 5110 1316 5163 multo
1360 5124 1527 5165 minus
1565 5110 1930 5180 reprehendere

352 5225 458 5263 non
485 5206 745 5261 debemus.
774 5233 847 5247 ——
875 5206 952 5259 Ae
978 5204 1022 5256 si
1052 5203 1228 5257 dicat:
1257 5202 1419 5273 Cujus
1450 5206 1768 5271 perscrutari
1792 5205 1932 5261 actio

347 5352 537 5415 stultis,
569 5349 656 5402 sed
699 5348 940 5401 nimirum
983 5343 1168 5398 Petrus
1205 5360 1361 5413 quam
1388 5345 1612 5400 excelsus
1644 5347 1698 5400 in
1728 5346 1933 5414 fortitu-

347 5426 477 5482 dine
503 5428 629 5474 esset
654 5419 913 5488 apparuit.
944 5416 1043 5488 Ubi
1065 5416 1131 5468 ad
1155 5416 1368 5469 Petrum
1398 5417 1625 5470 refertur
1655 5418 1930 5486 fortitudo,

350 5491 600 5564 quamin
627 5487 857 5564 AChristo
879 5487 1135 5564 _divin_am
1181 5490 1519 5564 commendat
1546 5498 1760 5541 sanctus
1800 5492 1934 5543 Duc-

352 5555 470 5629 ὧν,
501 5560 741 5614 aliudetts
782 5558 848 5611 ad
879 5559 1018 5611 hunc
1049 5556 1222 5629 locum
1247 5555 1385 5629 .Iohg:
1435 5556 1563 5629 Ecce
1594 5557 1727 5611 Deus
1766 5561 1934 5613 excel-

352 5625 529 5695 siss'in
550 5631 864 5699 fortitudine,
890 5639 935 5682 et
955 5625 1127 5699 nullus
1153 5626 1199 5679 ei
1225 5626 1406 5699 similis
1428 5627 1479 5679 in
1500 5629 1719 5698 legislat.
1743 5630 1794 5682 In
1825 5638 1935 5683 νει,

354 5706 509 5766 util.
546 5695 704 5755 Ilasil.
739 5700 905 5753 Paris.
943 5695 1080 5752 1518
1106 5705 1161 5749 et
1191 5698 1460 5751 nonnullis
1487 5695 1676 5766 legitur
1708 5715 1720 5752 :
1757 5699 1939 5755 Petrus

357 5790 522 5837 guunt
560 5771 784 5825 excelsus
812 5769 867 5821 in
897 5768 1192 5838 fortitudine
1233 5778 1358 5820 esset
1398 5769 1685 5838 (Christus)
1716 5774 1933 5837 aperuit,

359 5858 427 5911 et
453 5842 666 5909 quidem
703 5840 907 5912 optimo
935 5853 1112 5905 sensu,
1145 5852 1304 5908 quem
1340 5841 1661 5910 posteriores
1693 5840 1935 5896 Editores

2033 4659 2361 4714 facinoribus
2389 4658 2601 4723 liberat,
2630 4657 2746 4711 haec
2776 4657 2828 4710 in
2857 4656 2977 4711 aliis
3005 4654 3165 4711 etiam
3197 4670 3303 4711 non
3338 4665 3619 4728 perpetra-

2034 4757 2088 4805 ta
2114 4748 2480 4803 condemnet?
2511 4747 2725 4802 Occulta
2770 4747 2949 4817 itaque
2978 4755 3105 4802 sunt
3143 4747 3259 4818 ejus
3292 4747 3529 4817 judicia;
3562 4757 3618 4805 et

2034 4849 2229 4910 quanta
2259 4839 2582 4895 obscuritate
2621 4848 2893 4909 nequeunt
2939 4839 3199 4909 conspici,
3234 4850 3379 4895 tanta
3408 4841 3611 4897 debent

2038 4935 2336 4990 humilitate
2366 4933 2628 4987 venerari.
2662 4932 2810 4987 Dicat
2834 4947 3001 5003 ergo:
3034 4932 3294 4987 Memento
3317 4935 3455 5001 quod
3484 4934 3619 5004 ἑρπο-

2035 5042 2119 5082 res
2149 5042 2277 5097 Opus
2304 5028 2438 5098 ejus,
2470 5025 2532 5078 de
2555 5040 2653 5094 quo
2683 5025 2970 5079 cecinerunt
2998 5024 3114 5082 uiri.
3145 5025 3222 5080 Ac
3251 5025 3295 5080 si
3322 5033 3509 5092 aperte
3537 5023 3619 5077 di-

2038 5127 2226 5173 ceret:
2259 5118 2336 5172 De
2376 5132 2480 5187 quo
2506 5115 2673 5171 fortes
2698 5112 2895 5187 quique
2932 5116 3093 5173 locuti
3123 5125 3264 5181 sunt,
3299 5114 3419 5184 ejus
3457 5130 3619 5185 opera
3704 5120 3707 5121 ⁷

2034 5217 2149 5267 tua:
2175 5210 2368 5266 mentis
2392 5208 2562 5265 oculis
2582 5209 3004 5276 abscondantur,
3033 5209 3155 5279 quia
3176 5222 3483 5264 mensuram
3515 5218 3619 5263 tua).

2037 5367 2147 5422 prae
2179 5351 2457 5407 oscitantis
2505 5347 3170 5422 legentes,iapparuit_pro
3199 5348 3402 5422 aperuit
3433 5361 3618 5422 corru-

2039 5416 2247 5492 perunt.
2284 5416 2981 5492 Sequimur'rMss.'Baluz.,
3021 5416 3197 5483 Colb.,
3224 5416 3452 5486 'l‘uron.,
3484 5420 3617 5477 Vin-

2037 5496 2183 5557 doc.,
2213 5494 2423 5559 Norm.,
2454 5505 2558 5548 etc.

2112 5573 2139 5634 ξι
2173 5566 2417 5634 l.ongip.,
2445 5566 2534 5634 sed
2560 5562 2728 5615 adhuc
2756 5560 3000 5634 qutcrilur
3019 5559 3230 5634 species.

2110 5633 2139 5672 ι’
2168 5628 2417 5696 Vindoc.,
2448 5633 2660 5686 Ebrnic.
2690 5628 2855 5703 etalii
2882 5631 3091 5703 Norm.,
3125 5628 3330 5701 spiculis
3355 5630 3537 5703 ﬁgunt.

2115 5715 2137 5743 ε
2170 5706 2430 5760 Omittunt
2452 5704 2625 5756 anima
2662 5701 2804 5756 Edil.
2846 5701 3172 5757 recentiores
3196 5743 3212 5767 ,
3242 5701 3411 5770 quam“
3430 5719 3615 5762 vocem

2043 5776 2411 5831 revocavimus
2441 5789 2507 5830 ex
2536 5772 2662 5830 Mss.
2691 5770 2895 5839 Baluz.,
2922 5771 3105 5842 Colb.,
3136 5772 3375 5842 Ebroic.,
3403 5783 3506 5834 etc.
