4036 6348
490 283 599 341 405

1696 283 1941 341 SANCTI
1983 281 2315 339 GREGORII
2356 283 2571 341 MAGNI
3648 289 3738 345 404

489 396 697 452 notitia:
750 411 816 451 eo
870 398 988 464 ipso
1052 412 1159 466 quo
1227 394 1561 451 humanitate
1620 395 2081 450 circumscriberis
2105 398 2160 456 Α
2187 392 2354 448 dicit:
2390 393 2521 448 Ecce
2554 393 2692 449 Dens
2732 409 2969 465 magnus.
3001 392 3138 459 Quid
3178 402 3260 447 est
3288 393 3424 462 quod
3453 393 3516 448 de
3550 394 3647 453 Deo
3672 399 3739 455 lo-

487 496 786 544 transeunt.
820 487 1111 543 Seouitnr:

610 574 615 577 '
956 576 1185 635 eaeor
1216 578 1258 631 v
1288 577 1437 652 inec.
1471 574 1617 648 m1.

555 662 724 747 856
744 672 907 727 Vens.
925 669 1286 726 25.—-0mnes
1306 671 1536 725 homines
1557 669 1727 724 ulaen.
1750 685 1892 735 eum,
1924 683 2084 723 unus-

485 771 698 839 quisque
720 768 948 821 intuetur
978 766 1178 837 procul.

562 866 613 919 8.
643 865 784 920 Deus
813 865 1017 929 nonnisi
1047 864 1247 934 procul,
1276 863 1429 918 etiam
1458 862 1521 915 ab
1563 862 1732 918 electis
1760 861 1981 916 videtur.
2010 888 2084 903 -

487 954 676 1009 Omnis
702 954 865 1010 homo
891 938 956 1010 eo
984 954 1100 1025 ipso
1126 970 1232 1025 quo
1263 953 1540 1009 rationalis
1570 964 1652 1008 est
1681 953 1951 1019 conditus,
1987 953 2083 1007 de-

487 1046 578 1099 bet
624 1062 688 1101 ex
724 1048 935 1102 ratione
964 1047 1216 1116 colligere
1260 1061 1381 1100 eum
1413 1046 1503 1115 qui
1558 1061 1618 1100 se
1648 1045 1883 1099 condidit
1917 1045 2081 1100 Deum

488 1150 631 1191 esse.
664 1138 835 1202 Quem
884 1122 1137 1192 nimirum
1180 1137 1289 1207 jam
1337 1138 1523 1193 videre
1573 1144 1659 1191 est
1686 1136 2083 1191 damnationem

486 1229 630 1285 illius
658 1239 684 1268 α
717 1231 1086 1286 ratiocinando
1132 1232 1465 1303 conspicere.
1516 1231 1648 1286 Cum
1700 1246 1828 1285 vero
1876 1231 2080 1286 dictum

486 1323 590 1375 sit:
628 1322 815 1375 Omnes
857 1322 1085 1377 homines
1127 1324 1299 1377 uident
1329 1341 1471 1391 eum,
1510 1333 1657 1378 recte
1701 1323 2082 1393 subjungitur:

490 1409 853 1483 Unusquisque
898 1414 1127 1467 intuetur
1154 1416 1352 1485 procul.
1388 1414 1582 1468 Procul
1623 1413 1819 1484 quippe
1847 1430 1969 1468 eum
2002 1413 2086 1469 in-

460 1507 625 1557 tueri
658 1515 741 1559 est
769 1521 876 1559 non
922 1506 1031 1573 jam
1073 1507 1221 1561 illum
1270 1522 1365 1576 per
1422 1509 1653 1577 speciem
1696 1523 1939 1573 cernere,
1988 1508 2084 1563 sed

492 1596 668 1650 adhuc
691 1612 756 1650 ex
784 1596 897 1651 sola
937 1613 1157 1667 operum
1187 1614 1403 1653 suorum
1448 1598 1802 1655 admiratione
1835 1588 2083 1667 pensare.

436 1728 441 1731 ι
492 1687 686 1745 Proeul
718 1688 862 1744 illum
897 1688 983 1745 hic
1012 1690 1170 1745 etiam
1199 1690 1355 1745 electi
1388 1692 1751 1760 conspiciunt,
1798 1691 1921 1763 quia
1953 1705 2086 1746 nec-

2132 484 2135 485 ⁷
2190 501 2359 555 quens
2390 500 2515 542 ecce
2544 488 2696 554 dicit,
2728 499 2780 543 et
2805 501 2934 543 ecce
2977 487 3187 555 repetit,
3221 486 3322 540 nisi
3351 488 3490 555 quod
3516 502 3635 545 ecce
3671 492 3741 547 dic

2186 580 2361 634 cimus
2389 580 2457 634 de
2495 593 2555 634 ea
2586 594 2646 634 re
2693 594 2850 649 quam
2883 580 2934 632 in
2987 579 3235 648 praesenti
3275 581 3656 638 monstramus?
3696 594 3743 641 et

2186 672 2309 742 quia
2340 671 2479 727 Dens
2505 664 2700 741 ubique
2733 684 2969 739 praesens
2994 678 3098 737 est,
3124 683 3247 745 cum
3278 670 3346 725 de
3375 670 3467 725 illo
3489 685 3607 727 ecce
3629 672 3744 731 dici-

2189 773 2297 834 tur,
2326 764 2487 820 etiam
2536 779 2641 819 non
2670 764 2977 819 videntibus
3020 750 3211 818 adesse
3254 772 3591 820 memoratur.
3621 766 3743 826 Beas

2187 866 2363 912 autem
2393 872 2514 912 eum
2546 856 2761 912 vincere
2788 856 3068 912 scientiam
3100 865 3338 912 nostram
3383 868 3578 925 narrat,
3606 874 3742 929 quem

2189 951 2361 1015 videri
2389 951 2458 1017 ab
2484 950 2734 1015 omnibus
2759 950 2993 1021 dixerat,
3018 951 3140 1021 quia
3164 950 3267 1013 etsi
3295 966 3360 1011 es
3390 942 3590 1013 ratione
3611 966 3743 1007 cons-

2189 1043 2403 1113 picitur,
2437 1043 2746 1113 magnitudo
2800 1052 2976 1107 tamen
3006 1042 3150 1111 illius
3198 1043 3346 1103 nulla
3394 1045 3557 1109 nostri
3581 1058 3746 1103 sensus

2189 1135 2482 1203 subtilitate
2505 1143 2836 1206 penetratur.
2874 1134 3145 1205 Quidquid
3169 1150 3402 1207 namque
3422 1134 3491 1193 de
3526 1135 3746 1193 claritate

2190 1228 2308 1297 ejus
2335 1226 2716 1297 magnitudinis
2737 1227 2958 1297 scimus.
3005 1225 3143 1287 inice
3174 1226 3345 1296 ipsum
3394 1235 3478 1285 est
3503 1245 3517 1293 ;
3549 1235 3602 1283 et
3624 1236 3749 1289 tanto

2189 1319 2259 1375 ab
2279 1319 2400 1388 ejus
2426 1318 2651 1381 scientia
2680 1318 2836 1388 longe
2860 1319 3190 1388 repellimur,
3216 1325 3417 1391 quanto
3442 1318 3557 1391 ejus
3585 1328 3748 1390 poten-

2193 1412 2320 1473 tiam
2351 1427 2451 1475 nos
2478 1410 2958 1480 comprehendisse
2984 1411 3340 1480 suapicamur.
3372 1409 3503 1471 Nam
3532 1411 3752 1481 quamvis

2191 1506 2242 1563 in
2270 1505 2435 1559 altum
2463 1502 2615 1565 mens
2645 1514 2828 1563 nostra
2856 1502 3114 1573 rapiatur,
3144 1500 3262 1574 ejus
3288 1512 3471 1561 tamen
3500 1503 3749 1573 magnitu-

2191 1594 2332 1653 dinis
2358 1593 2719 1655 immensitate
2755 1595 3171 1666 transcenditur.
3222 1593 3388 1666 Cujus
3429 1594 3775 1689 tunc’aliquid‘

2191 1688 2343 1757 quasi
2373 1702 2442 1742 ex
2473 1696 2626 1756 parte
2669 1688 3068 1758 cognoscimus,
3092 1688 3305 1759 quando
3340 1702 3466 1747 eum
3497 1687 3592 1745 nes
3617 1687 3756 1759 digne

420 1802 431 1809 κ
489 1782 613 1836 dum
646 1783 943 1838 claritatem
988 1784 1127 1839 illius
1151 1784 1177 1823 δ
1220 1801 1313 1854 per
1351 1799 1577 1841 acumen
1625 1786 1830 1840 intimae
1859 1786 2077 1841 visionis
2108 1784 2158 1846 Β
2184 1794 2508 1849 cognoscere
2537 1794 2641 1843 non
2673 1795 2832 1850 posse
2860 1774 3141 1847 septimus.
3173 1779 3432 1851 Sequitur
3460 1797 3474 1837 ;

488 1875 917 1943 apprehendunt.
950 1874 1047 1931 Cui
1091 1878 1191 1932 etsi
1224 1876 1334 1946 jam
1363 1891 1457 1946 per
1493 1891 1731 1931 amorem
1754 1875 1908 1947 juxta
1933 1884 2080 1947 sunt,
2122 1862 2147 1879 ”

493 1968 670 2025 adhuc
702 1979 878 2023 tamen
909 1968 976 2022 ab
1009 1968 1100 2023 illo
1149 1978 1376 2023 terrenae
1407 1968 1810 2024 inhabitationis
1847 1969 2084 2039 pondere

487 2057 905 2130 disjunguntur;
936 2058 1250 2127 etquamvis
1270 2059 1317 2113 ei
1342 2059 1478 2114 bene
1510 2058 1738 2113 vivendo
1762 2058 2081 2124 inhaereant,

489 2163 520 2202 a
570 2150 1036 2219 contemplationis
1089 2150 1206 2220 ejus
1260 2150 1439 2219 specie
1490 2152 1649 2220 longe
1704 2166 1763 2205 se
1805 2165 1926 2206 esse
1966 2166 2085 2206 sus-

486 2240 687 2310 pirant.
714 2241 886 2309 Quem
918 2241 1168 2296 nimirum
1220 2241 1434 2309 reprobi
1463 2242 1624 2295 etiam
1668 2255 1793 2295 cum
1836 2240 1901 2295 ad
1925 2240 2087 2311 judi-

488 2332 631 2387 cium
652 2333 957 2387 venientem
988 2332 1236 2401 viderint,
1272 2332 1457 2402 procul
1491 2334 1782 2401 intuentur,
1813 2333 1939 2402 quia
1973 2348 2083 2388 non

488 2438 611 2479 eum
641 2424 694 2479 in
725 2423 1021 2480 divinitatis
1051 2425 1245 2492 forma,
1276 2426 1372 2481 sed
1405 2426 1456 2480 in
1489 2425 1604 2481 sola
1635 2441 1736 2496 qua
1767 2435 2085 2495 etcompre-

488 2516 649 2571 bendi
682 2517 854 2586 potuit
896 2517 1237 2573 humanitate
1256 2518 1627 2587 conspiciunt,
1679 2518 1803 2589 quia
1833 2519 2086 2575 videlicet

487 2621 671 2663 eorum
700 2608 886 2663 oculos
931 2609 1148 2664 reducta
1198 2620 1323 2664 tunc
1368 2610 1432 2664 ad
1467 2610 1782 2669 memoriam
1813 2624 1909 2665 sua
1944 2610 2113 2667 male,

488 2708 633 2769 gesta
687 2699 1069 2767 reverberant,
1126 2709 1181 2755 et
1209 2700 1335 2756 dum
1385 2702 1503 2771 ejus
1562 2701 1943 2756 humanitatem
2002 2700 2084 2756 vi-

488 2791 662 2858 dent,
733 2784 887 2863 cujus
946 2793 1240 2849 divinitatis
1310 2794 1619 2849 claritatem
1686 2808 1791 2849 non
1856 2793 2083 2865 vident,

2787 1870 3017 1933 CAPUT
3062 1871 3169 1937 ΥΠ.

2258 1960 2401 2023 Ibid.
2432 1993 2504 2005 —
2536 1961 2799 2017 Numerus
2828 1977 3083 2017 annorum
3118 1965 3228 2033 ejus
3257 1958 3285 1998 ά
3322 1959 3697 2021 intestimabilis.

2257 2054 2420 2133 857
2454 2054 2542 2111 i0.
2575 2053 2713 2111 Deus
2739 2054 2847 2115 sine
2866 2054 3035 2121 spatio
3056 2054 3356 2120 immensus,
3382 2053 3495 2109 sine
3524 2052 3661 2107 initio
3685 2057 3760 2105 aut

2188 2146 2292 2212 ﬁne
2331 2155 2572 2205 Meritus.
2594 2174 2664 2186 -—
2686 2144 2879 2205 Dicere
2906 2154 3180 2215 utcunque
3205 2143 3564 2205 aeternitatem
3593 2142 3758 2209 voluit,

2187 2251 2241 2301 et
2266 2242 2437 2311 ipsam
2465 2239 2779 2299 aeternitatis
2797 2238 3190 2311 longitudinem
3209 2250 3379 2295 annos
3399 2236 3625 2293 vocavit.
3648 2236 3761 2293 Cum

2188 2335 2333 2393 enim
2382 2333 2702 2395 brevitatem
2750 2331 3009 2400 temporis
3059 2329 3292 2387 dilatare
3335 2327 3582 2391 volumus
3609 2368 3624 2394 ,
3654 2341 3763 2379 mo-

2189 2436 2372 2491 menta
2401 2441 2495 2495 per
2522 2425 2708 2493 horas,
2740 2424 2901 2483 horas
2948 2438 3043 2496 per
3080 2423 3220 2491 dies,
3252 2422 3369 2479 dies
3399 2436 3497 2493 per
3538 2433 3760 2487 menses,

2189 2536 2408 2581 menses
2433 2530 2619 2581 autem
2648 2534 2742 2595 per
2767 2531 2939 2583 annos
2959 2516 3322 2583 cxtendimus.
3355 2513 3492 2584 Quia
3519 2526 3642 2585 ergo
3662 2526 3763 2581 per-

2189 2614 2427 2687 antplum
2460 2613 2711 2684 quiddam
2744 2612 2933 2677 dicere
2965 2610 3152 2673 voluit,
3195 2607 3290 2679 sed
3319 2607 3449 2683 quid
3480 2606 3676 2662 diceret
3699 2604 3763 2661 Ia-

2189 2708 2296 2773 tius
2339 2721 2446 2765 non
2492 2707 2716 2777 invenit,
2751 2705 2771 2727 '
2815 2706 2868 2765 in
2904 2704 3014 2761 Deo
3058 2717 3229 2761 annos
3275 2701 3396 2765 sine
3437 2698 3764 2763 aestimatione

2190 2802 2405 2865 numeri
2435 2800 2834 2871 multiplicavit,
2858 2799 3043 2856 dicens
3069 2815 3084 2855 :
3110 2795 3375 2863 Numerus
3392 2809 3647 2855 annorum
3671 2792 3765 2863 ejus

487 2886 624 2941 miro
654 2885 815 2941 modo
850 2888 917 2941 ab
947 2887 1063 2958 ejus
1108 2887 1318 2943 visione
1345 2903 1503 2959 quem
1542 2888 1883 2957 conspiciunt
1930 2886 2088 2957 longe
2188 2894 2594 2960 inaestimabilis,
2621 2902 2682 2951 ut
2709 2892 2837 2955 dum
2867 2906 2931 2948 ea
2959 2905 3080 2962 qua:
3127 2888 3268 2960 apud
3303 2902 3365 2944 se
3415 2895 3541 2945 sunt
3582 2882 3764 2956 prolixa

487 2978 639 3049 ﬁunt.
685 2978 831 3051 [Ven
866 2976 1015 3050 ΠΜ
1046 2980 1151 3036 Sed
1197 2995 1318 3035 cum
1368 2981 1604 3035 dicitur:
1650 2980 1908 3035 Memento
1951 2979 2088 3051 quod
2192 2992 2531 3062 multiplicat,
2562 2988 2884 3051 mternitatis
2914 2986 3301 3059 longitudinem
3345 2998 3408 3043 se
3453 2981 3629 3039 metiri
3672 2992 3764 3041 non

488 3070 691 3141 ignores
719 3086 845 3141 opus
873 3071 1004 3142 ejus,
1047 3085 1112 3125 ac
1139 3070 1333 3125 deinde
1372 3070 1746 3140 subiungitur:
1779 3071 1968 3126 Omnes
1999 3070 2087 3124 ho—

2193 3100 2354 3156 posse,
2400 3084 2684 3141 inﬁrmitas
2730 3082 2962 3137 humana
3019 3086 3327 3148 cognoscat.
3382 3073 3572 3131 Tende
3610 3072 3765 3141 itaque

488 3164 650 3217 mines
688 3164 858 3217 vident
888 3179 1021 3231 eum,
1072 3179 1256 3234 quem,
1304 3168 1443 3220 sicut
1480 3165 1965 3232 diximus,-sidere
2002 3173 2084 3223 est

2188 3176 2401 3239 oculum
2434 3178 2487 3237 in
2517 3174 2897 3238 aeternitatem,
2930 3179 2985 3247 ut
3024 3169 3214 3229 videas
3241 3168 3433 3231 Deum,
3468 3165 3551 3219 vel
3578 3159 3766 3233 quando

488 3259 961 3314 transcendentem
1006 3258 1185 3314 omnia
1234 3259 1352 3330 ejus
1402 3261 1691 3316 essentiam
1744 3276 1810 3315 ex
1870 3262 2079 3317 ratione
2181 3276 2263 3327 est
2290 3283 2321 3329 α
2352 3266 2635 3337 principio,
2659 3264 2741 3325 vel
2773 3275 3083 3333 quousque;
3117 3258 3134 3297 τ
3170 3267 3227 3317 ει
3254 3271 3520 3328 nusquam
3549 3253 3661 3310 linis
3689 3266 3766 3317 sll-

489 3350 765 3422 colligere,
796 3353 955 3408 valde
983 3353 1284 3408 mirandum
1317 3363 1398 3409 est
1426 3353 1568 3423 quod
1610 3364 1663 3409 et
1694 3355 1868 3423 ipsum
1896 3355 2077 3409 cerni-
2181 3362 2387 3433 perior,
2412 3359 2533 3430 quia
2554 3372 2675 3419 esse
2706 3371 2812 3415 non
2844 3354 3069 3426 incipit;
3106 3367 3367 3422 nusquam
3394 3351 3520 3411 ﬁnis
3547 3346 3763 3411 inferior,

489 3456 631 3506 mus,
663 3452 716 3497 et
746 3442 860 3513 ejus
900 3458 1033 3514 opus
1066 3444 1393 3517 ignoramus.
1428 3445 1584 3500 Dubii
1624 3446 1820 3517 quippe
1864 3445 1932 3501 de
1963 3445 2080 3519 ejus

490 3533 722 3587 essentia
750 3548 858 3589 non
887 3549 1092 3602 sumus,
1124 3545 1177 3591 et
1206 3545 1383 3591 tamen
1418 3536 1470 3590 in
1503 3536 1617 3606 ejus
1642 3534 1862 3606 judiciis
1892 3537 2082 3593 incerti

434 3672 441 3679 ,
490 3637 847 3681 remanemus.
880 3625 1035 3684 Patet
1063 3628 1217 3683 nobis
1246 3627 1390 3699 quod
1419 3643 1687 3683 summum
1717 3637 1823 3697 est,
1855 3629 2083 3684 abscon—

489 3712 631 3767 ditur
656 3715 797 3784 quod
839 3716 1139 3771 minimum.
1176 3715 1347 3771 Minus
1395 3716 1592 3788 quippe
1618 3724 1744 3772 sunt
1771 3718 1888 3787 ejus
1918 3732 2081 3788 opera

2182 3453 2308 3525 quia
2332 3466 2453 3509 esse
2477 3466 2585 3507 non
2612 3450 2838 3513 desiuit.
2864 3448 3009 3515 intra
3032 3447 3206 3518 ipsum
3229 3446 3410 3509 omnia
3439 3450 3765 3514 coangustan-

2185 3555 2294 3615 tur,
2326 3545 2441 3615 ipse
2487 3559 2617 3601 vero
2650 3543 2797 3601 circa
2826 3542 3009 3601 omnia
3058 3541 3177 3595 sine
3225 3538 3402 3607 spatio
3449 3535 3766 3601 extenditur,

2185 3641 2303 3695 sine
2335 3639 2452 3697 loco
2480 3636 2762 3695 dilatatur.
2814 3635 2956 3690 Ecce
2984 3642 3180 3695 cuncta
3208 3647 3327 3703 qua:
3368 3632 3508 3686 facta
3555 3636 3690 3691 sunt,
3714 3638 3765 3681 ea

2187 3732 2302 3801 ipsa
2332 3727 2832 3798 circumScriptione
2877 3741 2984 3797 qua
3025 3733 3206 3782 creata
3264 3731 3411 3791 sunt,
3445 3717 3698 3792 superiori
3722 3723 3765 3772 et

490 3821 646 3875 quam
676 3808 821 3876 ipse;
853 3817 906 3863 et
942 3817 1188 3877 agentem
1221 3809 1513 3874 cernimus,
1546 3808 1638 3864 sed
1672 3809 1724 3863 in
1756 3810 1966 3866 actione
1995 3824 2087 3866 ca-

492 3898 753 3968 ligamus:
799 3901 920 3969 quia
944 3898 1195 3957 videlicet
1236 3917 1334 3957 cur
1370 3902 1496 3970 quid
1542 3903 1631 3956 fiat
1668 3901 1932 3957 incertum
1977 3910 2082 3970 est,

2190 3934 2309 3981 esse
2330 3916 2614 3987 incipiunt,
2645 3913 2911 3969 festinant
2935 3924 3041 3967 non
3066 3922 3210 3967 esse.
3554 3960 3565 3971 ,

490 3990 585 4046 sed
642 3994 762 4059 quis
816 3990 887 4046 sit
921 3992 1010 4061 qui
1047 3993 1161 4047 haec
1204 3993 1401 4049 incerta
1446 3993 1623 4057 iaciat,
1664 3994 1925 4049 incertum
1981 4009 2088 4049 non
2266 3998 2352 4069 μμ
2388 4008 2639 4077 Quianam
2666 4014 2857 4061 eterna
2879 4003 3059 4074 futura
3079 3998 3330 4066 sunt,sed
3353 4012 3462 4053 non
3488 3997 3766 4068 fueritne-

495 4094 596 4138 est.
632 4081 786 4137 Dicat
810 4086 939 4155 ergo
966 4101 981 4138 :
1018 4084 1271 4139 Memento
1300 4086 1440 4156 quod
1470 4087 1672 4156 ignores
1704 4104 1831 4156 Opus
1863 4089 1996 4155 eius,
2027 4087 2092 4141 de
2191 4101 2295 4157 sed
2346 4099 2592 4171 quadam
2642 4095 2964 4161 mirabiliter
2992 4099 3313 4163 acceperunt
3346 4099 3404 4151 ut
3453 4087 3686 4160 quamvis
3712 4098 3766 4142 ea

493 4193 593 4245 quo
615 4176 905 4232 cecinerunt
933 4178 1065 4235 viri:
1099 4179 1283 4233 Omnes
1306 4177 1534 4233 homines
1561 4180 1728 4235 vident
1755 4197 1893 4246 eum,
1925 4197 2090 4233 unus-
2194 4196 2315 4259 quis
2343 4194 2592 4264 superior
2620 4191 2860 4257 inchoat,
2890 4188 3013 4247 quis
3058 4198 3233 4245 tamen
3266 4183 3492 4245 inferio.-
3531 4197 3635 4238 non
3656 4195 3766 4237 con.

493 4270 707 4338 quisque
728 4269 958 4325 intuetur
975 4272 1311 4340 procut,quia
1329 4272 1856 4344 enm,cujusjudicia
1874 4272 2095 4328 minime
2194 4286 2458 4356 stringat;
2488 4292 2543 4339 et
2571 4282 2698 4339 licet
2740 4294 2865 4336 esse
2913 4276 3184 4348 incipiant,
3214 4286 3336 4335 esse
3374 4275 3429 4330 in
3470 4281 3765 4361 perpetuum

495 4361 1024 4432 comprehendimus,
1040 4380 1159 4419 esse
1182 4380 1274 4434 per
1296 4365 1557 4420 rationem
1578 4365 1850 4427 videmus;
1881 4376 1902 4402 α
1934 4381 2087 4436 quem

2197 4394 2306 4435 non
2335 4376 2621 4433 desistant.
2655 4374 2856 4435 Horum
2885 4386 3013 4429 vero
3043 4390 3070 4423 η
3091 4370 3315 4435 ternitas
3338 4367 3540 4431 idcirco
3565 4366 3767 4423 suuimze
3798 4422 3801 4425 ἰ

442 4452 461 4457 “
498 4467 676 4514 tamen
718 4458 892 4514 adhuc
920 4460 1103 4529 procul
1136 4463 1427 4527 cernimus,
1476 4465 1596 4534 quia
1634 4463 1701 4517 ab
1732 4462 1851 4532 ejus
1879 4462 2094 4517 fortitu-
2196 4480 2277 4529 est
2308 4467 2598 4529 aeternitati
2626 4464 2922 4529 dissimilis,
2946 4465 3071 4532 quia
3099 4469 3300 4521 caterua
3329 4473 3459 4516 esse
3477 4464 3767 4525 coeperunt.

496 4547 621 4604 dine
656 4548 843 4608 nubilo
872 4551 1193 4661 inﬂimitatis
1216 4564 1413 4610 nostra:
1448 4555 2090 4627 separamur.Sequitur:
2121 4562 2330 4661 Deum
2374 4560 2441 4616 ad
2487 4550 2730 4619 extrema
2771 4557 3127 4628 prospicimus
3151 4593 3167 4619 ,
3217 4555 3409 4615 horum
3454 4554 3645 4618 tinent,
3688 4549 3764 4620 qui

954 4641 1181 4701 CAPUT
1214 4646 1276 4699 VI
1308 4645 1458 4719 [Rec.
1490 4642 1619 4720 IV].
1708 4669 1718 4678 -
2127 4641 2167 4661 ”
2193 4652 2417 4708 omnino
2461 4650 2634 4715 deest,
2668 4663 2773 4703 non
2820 4645 3358 4717 comprehendimus;
3392 4659 3579 4705 eorum
3608 4650 3768 4699 tamen

568 4733 735 4790 Vens.
762 4733 856 4792 26.
886 4766 959 4779 —
988 4734 1119 4790 Ecce
1161 4737 1297 4792 Deus
1328 4753 1547 4810 magnus
1583 4739 1788 4795 vincens
1820 4740 2087 4796 scientiam
2195 4743 2344 4798 initia
2361 4740 2655 4807 cernimus,
2672 4754 2792 4794 cum
2810 4748 3041 4793 mentem
3060 4746 3205 4793 retro
3228 4752 3572 4804 revocamus;
3593 4736 3765 4791 etdum

496 4841 744 4895 nostram.
2195 4837 2250 4891 in
2284 4836 2364 4891 eis
2389 4834 2525 4889 infra
2554 4848 2825 4903 supraque
2854 4833 3089 4886 animum
3122 4832 3388 4898 ducimus,
3412 4847 3518 4886 non
3545 4831 3766 4901 capimus

565 4924 621 4979 9.
661 4922 741 4980 De
766 4925 877 4982 Deo
907 4935 1025 4983 tunc
1043 4937 1241 4983 tantum
1264 4929 1461 5001 aliquid
1481 4930 1763 5001 intelligere
1783 4930 2085 4999 incipimus,
2194 4927 2416 4984 omnino
2443 4940 2728 4997 quousque
2773 4935 2933 4989 sunt,
2960 4925 3058 4981 sed
3099 4925 3344 4981 videmus
3373 4940 3437 4980 ex
3482 4941 3609 4995 quo.
3642 4923 3767 4979 Dens

496 5032 616 5071 cum
645 5032 761 5075 eum
792 5033 884 5073 nos
914 5019 1067 5092 digne
1090 5037 1392 5093 cognoscere
1429 5038 1528 5075 non
1558 5038 1703 5091 posse
1725 5022 1984 5074 sentimus.
2016 5044 2088 5057 ——
2197 5030 2375 5086 autem
2421 5017 2541 5087 quia
2586 5017 2737 5086 quasi
2781 5016 3036 5087 quiddam
3081 5016 3137 5071 in
3176 5030 3244 5071 eo
3292 5031 3388 5087 per
3433 5007 3767 5071 :eter‘nitatctn

496 5108 754 5179 Superius
794 5110 1008 5166 dixerat
1037 5130 1050 5165 :
1082 5109 1217 5169 Ecce
1262 5112 1401 5167 Deus
1433 5113 1703 5172 excelsus.‘
1735 5128 1874 5167 nunc
1901 5113 2095 5177 iterum
2199 5115 2417 5183 longum
2460 5120 2563 5179 est,
2608 5110 2753 5180 quod
2784 5124 2888 5169 nec
2914 5109 3065 5165 initio
3092 5109 3282 5174 oritur,
3317 5122 3417 5165 nec
3448 5108 3558 5164 line
3606 5104 3765 5161 termi-

2189 3826 2432 3883 int‘eriori
2462 3825 2567 3885 tine
2597 3822 2900 3893 cinguntur.
2928 3818 3072 3889 Lege
3099 3816 3243 3873 enim
3271 3830 3390 3884 sua,
3412 3824 3439 3863 κ
3470 3814 3591 3885 quia
3622 3826 3652 3869 a
3676 3821 3766 3870 non

2270 5236 2294 5265 ο
2321 5223 2488 5289 Editi,
2514 5223 2631 5279 ideo
2659 5240 2841 5290 annos,
2864 5230 2970 5293 pro
2994 5225 3048 5277 in
3099 5222 3208 5277 Deo
3225 5240 3245 5287 ;
3270 5221 3554 5291 legendum
3586 5220 3765 5293 essein

2192 5297 2305 5352 Deo
2329 5305 2711 5363 persuaserunt
2732 5294 2857 5349 Mss.
2877 5291 3066 5356 'Coib.,
3097 5294 3305 5357 Baluz.,
3334 5293 3547 5361 Anglic.
3570 5302 3622 5346 et
3647 5291 3764 5363 Nor-

2192 5361 2361 5431 msn.,
2407 5379 2613 5421 necnon
2657 5365 2886 5421 Codices
2929 5381 2956 5417 a
3007 5365 3270 5419 Gussanv.
3314 5363 3430 5426 visi,
3478 5377 3547 5417 ex
3591 5361 3764 5431 quibus

2191 5440 2566 5507 depromptum
2606 5437 2890 5491 lectionem
2921 5435 3058 5489 hanc
3091 5435 3309 5507 margini
3342 5432 3633 5507 inscripsit.

2270 5510 2289 5551 ι
2321 5505 2571 5580 Longip.,
2599 5517 2646 5561 et
2688 5523 2937 5580 nusquam
2960 5506 3355 5580 invenitur/iiiis
3381 5505 3617 5580 superior
3693 5569 3721 5580 η

2267 5591 2291 5629 ε
2321 5570 2634 5642 *γἐιῘΙιξάίι..
2662 5580 2781 5647 quia
2798 5570 2931 5630 'dum
2959 5593 3063 5630 esse
3086 5570 3355 5646 incipiunt.
3391 5570 3555 5628 thot.
3584 5570 3764 5647 eratin

2230 5653 2547 5711 osteriores,
2575 5640 2684 5717 qua'
2705 5661 2823 5703 ante
2853 5666 2960 5723 esse
2988 5640 3260 5723 incipiunt.
3286 5648 3618 5723 gorruptum
3636 5640 3763 5723 hunc

2212 5738 2368 5778 ocuni
2399 5715 2705 5775 sanavimus
2730 5736 2833 5791 ope
2854 5718 3006 5785 Mss.,
3033 5715 3265 5773 maxime
3286 5715 3537 5783 Vindoc.,
3562 5715 3758 5769 Ebroic.

2192 5803 2248 5849 et
2275 5793 2503 5847 aliorum
2529 5792 2784 5847 Norman.

532 5228 785 5356 1μΝῡεεςιι
823 5227 1176 5301 ratiocinaudo
1218 5228 1271 5283 in
1304 5228 1484 5291 Baluz.
1509 5268 1524 5294 ,
1574 5226 1712 5293 Utic.
1741 5266 1759 5295 ,
1794 5226 2091 5289 Pratel..ac

556 5336 571 5351 .
643 5314 783 5355 orm.

497 5314 571 5352 2|.
596 5314 783 5355 norm.

572 5370 594 5405 δ
630 5370 907 5441 ﬁliroicet
933 5368 1097 5441 plur.,
1122 5388 1211 5441 per
1236 5387 1451 5429 acumen
1478 5370 1623 5425 illius
1655 5370 1869 5431 intimis.

577 5450 600 5477 ο
633 5432 778 5497 Edit.
819 5432 1135 5497 vetfParisI
1163 5432 1216 5496 et
1259 5442 1445 5506 Basil.,
1474 5442 1699 5511 aliaeque
1742 5440 2085 5509 posteriores,

501 5510 652 5581 queui
674 5521 814 5564 tanto
842 5512 1011 5565 adhuc
1038 5511 1213 5581 procul
1245 5514 1518 5575 cernimus,
1549 5510 1735 5581 quanto
1758 5512 1818 5569 ab
1848 5513 1959 5581 ejus
1982 5512 2087 5580 for-

500 5583 742 5647 titudine,
782 5592 887 5637 etc.
921 5582 1228 5643 Lectiuuetn
1261 5592 1500 5645 nostram
1530 5599 1689 5652 quam
1714 5584 1989 5645 \Gussuttv.
2034 5581 2086 5635 in

505 5668 676 5723 tuarg.
705 5654 1001 5716 annotavit,
1040 5656 1448 5723 suppeditarunt
1478 5653 1604 5708 Mss.
1634 5656 1819 5707 Baluz.
1844 5694 1861 5720 ,
1886 5653 2038 5708 σου).
2070 5691 2088 5720 ,

503 5719 756 5794 "indue,
801 5725 1051 5793 Longip.,
1084 5719 1323 5791 Ebroie.,
1356 5725 1550 5794 aliique
1579 5724 1834 5783 Normau.

575 5790 604 5829 ἀ
634 5792 867 5858 Turon.,
894 5790 1299 5867 innumerabilis.
