4036 6348
291 289 396 348 ιοῦ

1039 291 1401 351 MORALIUM
1441 292 1571 349 LIB.
1614 286 1830 345 XXVII.
1872 316 1947 328 -ιο
1981 286 2046 341 ιΝ
2086 285 2317 343 CAPUT
2357 286 2577 343 XXXVI
2617 287 2678 342 Β.
2718 280 2864 345 JOB.

3455 283 3564 339 406

290 421 469 483 natur,
501 427 604 469 nec
648 427 714 471 ex
754 426 860 484 quo
903 410 958 467 in
1008 410 1300 481 semetipso
1343 408 1557 479 recipit,
1598 420 1698 461 nec
1745 417 1876 474 quo-
1902 410 1957 468 Α
1981 411 2161 457 menta
2192 402 2502 461 tacuissent.
2548 401 2748 458 Stellas
2787 414 2918 473 ergo
2956 400 3149 470 pluvia:
3176 399 3476 467 abscondit,
3509 410 3567 457 et

292 520 484 575 usque,
518 505 734 561 dicatur
761 518 923 575 ergo:
950 502 1215 559 Numerus
1243 518 1500 557 annorum
1527 501 1639 571 ejus
1677 497 1876 552 intesti-

1981 493 2045 547 ad
2070 493 2238 549 instar
2262 493 2529 563 gurgitum
2552 492 2756 555 imbres
2782 492 2937 560 ludit,
2953 492 3077 563 quia
3099 492 3226 547 dum
3248 490 3568 562 praedicato-

292 597 516 652 mobilis.
547 595 652 652 Per
689 596 791 653 boc
819 611 947 667 ergo
974 596 1117 668 quod
1155 609 1416 649 annorum
1454 592 1597 649 illius
1625 604 1881 646 numerus
1982 597 2071 639 res
2113 582 2246 652 legis
2289 582 2357 638 ad
2387 591 2596 638 secreta
2632 592 2688 639 et
2714 583 2899 638 intima
2940 583 3154 649 retulit,
3186 597 3281 653 per
3307 582 3452 639 dicta
3477 580 3569 639 3e-

290 690 514 757 dicitur,
542 690 807 747 diutinum
832 690 950 760 ejus
975 704 1096 746 esse
1123 688 1448 745 ostenditur.
1482 686 1584 741 Per
1614 685 1714 739 hoc
1755 696 1884 738 vero
1984 674 2260 746 (Ιυθηῑίυῖη
2292 674 2509 730 uberior
2537 673 2623 729 νίε
2651 673 3041 744 Ρτέεάίοδιίοηίε
3065 675 3355 737 θωθηθνίί·

294 782 440 851 quod
472 781 859 837 inzcstimabilis
885 790 1234 847 memoratur,
1264 779 1368 833 hoc
1407 779 1580 848 ipsum
1610 789 1735 832 esse
1766 773 1877 828 inll~
1904 768 1911 777 ’

295 877 464 930 nilum
495 884 551 931 et
582 874 1123 943 incomprehensibile
1166 874 1586 930 demonstratur.
1624 869 1730 926 Sed
1762 867 1885 939 quia

300 966 547 1021 Immanis
574 967 843 1025 mentibus
866 968 1166 1023 innotescat
1189 966 1524 1036 agnovimus,
1544 964 1670 1020 dum
1697 977 1887 1023 omnes

299 1052 545 1111 homines
574 1058 759 1113 vident
780 1073 938 1125 eum;
964 1067 1019 1113 et
1039 1058 1164 1129 quia
1192 1057 1310 1129 ejus
1336 1056 1760 1128 magnitudinem
1786 1054 1884 1110 ad-

300 1150 558 1205 mirantes
603 1151 908 1217 cernimus,
931 1150 1059 1206 dum
1088 1165 1349 1206 annorum
1381 1150 1497 1221 ejus
1526 1162 1783 1207 numerus
1808 1146 1890 1203 in-

298 1238 639 1294 :cstimabilis
684 1240 911 1297 habetur
933 1281 950 1309 ,
984 1249 1155 1301 restat
1177 1240 1288 1313 jam
1316 1250 1374 1296 ut
1398 1241 1557 1297 etiam
1606 1240 1736 1312 quid
1771 1246 1895 1310 agat

299 1330 602 1388 audiamus.
634 1332 889 1402 Sequitur
913 1350 930 1387 :

583 1421 813 1483 CAPUT
853 1424 967 1481 vnt
996 1424 1144 1499 [γει.
1191 1422 1301 1491 1v,
1342 1425 1471 1480 Rea.
1518 1422 1607 1497 v1.
1692 1434 1697 1443 ν
1753 1406 1761 1413 ’

378 1512 541 1570 Vens.
562 1514 657 1571 27.
681 1546 753 1556 —
783 1516 885 1581 Qui
904 1517 1073 1588 aufert
1097 1517 1278 1573 stellas
1320 1517 1510 1586 pluvia:
1539 1525 1588 1583 ι,
1607 1523 1657 1572 et
1677 1513 1895 1585 eiundit

303 1605 490 1660 imbres
510 1606 579 1660 ad
603 1608 768 1662 instar
789 1610 1071 1680 gurgitum.
1176 1612 1177 1619 ‘

380 1698 466 1753 12.
518 1698 697 1755 Sancti
747 1701 1061 1770 patriarchas
1086 1709 1135 1756 et
1170 1701 1433 1772 propheta:
1474 1700 1641 1757 stella:
1690 1700 1899 1771 fuerunt

2058 766 2201 840 [Vet.
2243 764 2333 840 V.]
2360 766 2447 825 H.
2482 765 2609 822 Post
2637 767 2929 838 apostolos,
2958 769 3126 829 sancti
3166 767 3351 823 Patres
3378 766 3573 824 doctri-

1989 876 2108 913 nam
2136 875 2334 914 sacram
2371 869 2646 913 auxerunt.
2666 888 2739 899 —-
2760 858 2990 915 Possunt
3018 874 3231 930 quoque
3260 874 3357 931 per
3391 860 3576 916 stellas

1989 952 2204 1022 pluviae,
2232 952 2403 1006 sancti
2448 951 2674 1020 apostoli
2702 950 3009 1023 designari,
3041 952 3109 1009 de
3138 951 3332 1022 quibus
3375 951 3577 1007 Judazae

1991 1044 2293 1116 reprobatae
2341 1058 2437 1114 per
2484 1042 2774 1113 Ieremiam
2825 1043 3073 1099 dicitur:
3119 1044 3406 1099 Prohibitw
3460 1050 3580 1098 sunt

1991 1138 2153 1192 stellis
2173 1136 2462 1209 pluviarum
2508 1133 2559 1205 ι’,
2598 1143 2647 1189 et
2693 1134 2946 1189 serotinus
2979 1145 3001 1174 ε
3030 1134 3188 1189 imber
3215 1150 3317 1189 non
3345 1134 3444 1203 fuit
3466 1130 3579 1204 (Je-

1993 1246 2121 1287 rem.
2146 1245 2228 1296 ιιι,
2251 1229 2331 1301 5).
2352 1228 2555 1285 Stellas
2581 1243 2710 1299 ergo
2735 1228 2931 1299 pluviae
2962 1228 3217 1285 Dominus
3241 1224 3266 1263 ἀ
3294 1226 3582 1294 abstraxit,
3618 1258 3625 1265 -

1994 1329 2156 1391 atque
2184 1321 2250 1375 ad
2278 1323 2444 1375 instar
2485 1319 2753 1390 gurgitum
2800 1319 3001 1375 imbres
3029 1317 3186 1387 ludit,
3217 1318 3340 1389 quia
3369 1332 3491 1374 cum
3516 1316 3585 1374 de

1996 1409 2180 1465 Judaea
2211 1410 2562 1480 prmdicautes
2586 1409 2859 1480 apostolos
2880 1410 3122 1475 abstulit,
3152 1408 3395 1465 doctrina
3425 1423 3581 1464 novae

1998 1502 2182 1574 gratia:
2210 1500 2469 1555 mundum
2512 1500 2723 1570 rigavit.
2763 1499 2917 1569 Quod
2964 1508 3255 1570 utrumque
3296 1498 3492 1555 factum
3532 1498 3588 1554 in

2001 1591 2240 1647 Ecclesia
2286 1599 2461 1659 potest
2510 1604 2616 1644 non
2657 1590 3107 1646 inconvenienter
3152 1589 3415 1661 intelligi,
3467 1590 3589 1659 quia

2001 1697 2124 1738 cum
2152 1681 2341 1737 solutis
2368 1681 2692 1751 corporibus
2710 1680 2775 1735 ad
2794 1690 3033 1737 secretos
3055 1696 3410 1750 supernorum
3440 1682 3592 1736 sinus

306 1791 531 1860 ρίηυίαηι
557 1766 875 1863 generum“.
898 1824 969 1835 _
994 1794 1114 1850 Duo
1145 1766 1198 1850 ii,
1239 1766 1337 1851 h'ac
1379 1794 1489 1850 vim
1535 1802 1658 1849 sum
1690 1766 1896 1862 hedera
1924 1796 1976 1869 Β
2004 1773 2367 1843 apostolorum
2390 1766 2596 1826 animas
2631 1772 2832 1838 retulit,
2859 1774 3009 1842 quasi
3041 1789 3069 1827 a
3099 1772 3220 1828 caeli
3248 1772 3384 1829 facie
3406 1772 3593 1828 stellas

307 1882 604 1954 iustorum:
635 1902 801 1941 unum
833 1887 1091 1943 videlicet
1121 1887 1258 1943 bene
1288 1886 1611 1952 viventium,
1636 1884 1729 1942 sed
1755 1884 1900 1938 nulla

309 1974 646 2043 docentium;
693 1978 832 2033 aliud
880 1993 1011 2034 vero
1051 1987 1201 2035 recte
1237 1977 1529 2034 viventium
1558 2020 1575 2045 ,
1605 1984 1664 2032 et
1712 1975 1901 2031 eadem

308 2077 455 2122 recta
486 2067 815 2135 docentium,
849 2070 989 2125 sicut
1030 2075 1085 2125 et
1135 2069 1190 2124 in
1237 2067 1359 2124 coeli
1402 2067 1538 2123 facie
1582 2066 1701 2120 aliae
1732 2064 1904 2119 stellae

308 2160 571 2231 prodeunt
598 2175 732 2230 quas
763 2148 923 2216 nullae
953 2160 1147 2232 pluvia:
1177 2160 1597 2229 subsequuntur,
1621 2156 1745 2211 alia:
1776 2171 1903 2227 pro-

309 2251 476 2307 deunt
504 2268 621 2325 quae
650 2262 890 2308 arentem
934 2260 1136 2308 terram
1167 2252 1379 2319 magnis
1425 2250 1688 2306 imbribus
1719 2249 1903 2305 inlun-

309 2341 465 2397 dunt.
496 2342 662 2415 Igitur
688 2344 902 2412 quoties
934 2342 987 2397 in
1020 2350 1205 2397 sancta
1237 2342 1479 2397 Ecclesia
1509 2352 1655 2396 recte
1686 2339 1901 2411 quidam

310 2436 520 2502 vivunt,
551 2437 645 2492 sed
680 2444 856 2491 tamen
900 2436 1197 2506 praedicare
1240 2436 1486 2491 eamdem
1530 2436 1903 2492 rectitudinem

310 2529 580 2597 nesciunt,
607 2528 779 2584 stellae
810 2529 1025 2599 quidem
1056 2536 1201 2595 sunt,
1230 2528 1327 2583 sed
1376 2528 1427 2581 in
1474 2528 1716 2583 siccitate
1758 2527 1903 2582 aeris

310 2629 483 2687 natae;
515 2621 637 2689 quia
665 2634 759 2690 per
785 2619 1090 2688 exemplum
1124 2620 1259 2674 bene
1290 2617 1509 2672 vivendi
1541 2618 1724 2672 lucere
1744 2627 1903 2672 caete-

311 2710 388 2764 ris
436 2719 693 2779 possunt,
721 2707 816 2764 sed
859 2724 953 2779 per
996 2708 1397 2778 praedicationis
1440 2709 1664 2764 verbum
1714 2709 1901 2783 pluere

313 2810 606 2872 nequeunt.
630 2802 761 2857 Cum
786 2816 913 2856 vero
944 2801 995 2855 in
1028 2816 1089 2855 ea
1122 2800 1337 2871 quidam
1364 2808 1422 2855 et
1452 2808 1597 2854 recte
1624 2799 1829 2866 vivunt,
1856 2808 1911 2854 et

312 2894 437 2949 aliis
475 2893 718 2948 eamdem
762 2891 1137 2948 rectitudinem
1174 2891 1353 2947 verbis
1395 2891 1795 2962 praedicationis
1825 2891 1910 2946 in-

313 2986 507 3052 ﬂuunt,
542 2985 692 3056 quasi
723 2985 789 3038 ad
835 2985 1187 3056 prolerendas
1219 2984 1428 3063 pluvias
1456 2983 1511 3038 in
1553 2983 1693 3053 coelo
1736 2983 1908 3039 stella:

316 3080 702 3149 producuntur,
733 3094 850 3149 qua:
890 3081 970 3133 sic
1000 3078 1123 3132 vitae
1168 3091 1280 3132 suae
1327 3076 1534 3132 meritis
1580 3077 1819 3143 luceant,
1852 3083 1911 3131 ut

2007 1867 2199 1935 pluvia:
2228 1865 2531 1921 abscondit.
2578 1865 2686 1922 Sed
2729 1866 2922 1921 ablatis
2950 1865 3119 1921 stellis
3150 1866 3361 1937 pluviae,
3392 1866 3450 1922 in
3479 1881 3595 1922 mo-

2006 1976 2119 2015 rem
2142 1962 2411 2030 gurgitum
2435 1968 2461 2017 ίέ
2493 1959 2693 2015 imbres
2721 1960 2891 2027 dedit,
2920 1961 3046 2031 quia
3075 1960 3239 2015 etiam
3268 1960 3503 2014 reductis
3525 1960 3595 2015 ad

2005 2067 2237 2123 superna
2286 2051 2566 2122 apostolis,
2594 2067 2692 2123 per
2719 2054 3092 2120 expositorum
3122 2051 3463 2123 sequentium
3493 2051 3597 2106 lin-

2006 2162 2158 2216 guas,
2184 2146 2380 2202 divinas
2419 2146 2620 2201 ﬂuenta
2649 2146 2890 2202 scientiae
2915 2146 3005 2201 diu
3034 2145 3348 2201 abscondita
3377 2145 3597 2215 largiori

2008 2237 2272 2293 eﬂusione
2298 2237 2570 2306 patefecit.
2598 2238 2729 2292 Nam
2758 2237 2901 2308 quod
2925 2238 3000 2292 illi
3022 2238 3122 2293 sub
3143 2238 3404 2294 brevitate
3434 2238 3598 2294 locuti

2007 2332 2271 2398 sunt,boc
2301 2332 2619 2401 exponendo
2641 2333 2728 2388 isti
2752 2332 3117 2403 multipliciter
3133 2342 3416 2389 auxerunt.
3441 2333 3615 2390 Unde

2010 2434 2066 2480 et
2093 2439 2201 2479 non
2231 2424 2501 2481 immerito
2533 2426 2646 2495 ipsa
2679 2428 3051 2496 expositorum
3083 2426 3392 2496 praedicatio
3420 2427 3599 2496 gurgi-

2012 2517 2155 2573 tibus
2199 2519 2733 2588 comparaturzquia
2784 2519 2912 2574 dum
2960 2519 3249 2574 multorum
3295 2519 3601 2588 przeceden-

2011 2612 2143 2665 tium
2174 2611 2318 2665 dicta
2342 2611 2621 2682 colligunt,
2652 2611 2755 2681 ipsi
2779 2611 2830 2666 in
2855 2626 2921 2667 eo
2944 2612 3084 2682 quod
3108 2619 3356 2666 astruunt
3384 2611 3604 2682 profun-

2012 2704 2133 2777 dius
2182 2702 2492 2757 dilatantur.
2548 2704 2681 2757 Nam
2737 2703 2863 2758 dum
2924 2706 3233 2758 testimonia
3282 2703 3606 2758 testimoniis

2009 2792 2261 2865 jungunt,
2293 2795 2443 2863 quasi
2495 2807 2559 2847 ex
2596 2796 2762 2863 guttis
2811 2794 3049 2865 gurgites
3086 2792 3309 2848 faciunt.
3366 2794 3605 2859 Quorum

2016 2885 2195 2938 verbis
2224 2885 2352 2939 dum
2381 2883 2620 2956 quotidie
2664 2885 2936 2955 gentilitas
2964 2884 3188 2940 docetur
3213 2930 3227 2954 ,
3257 2885 3380 2955 quia
3411 2899 3605 2954 pecca-

2016 2985 2192 3032 torum
2235 2991 2387 3032 mens
2422 2979 2697 3033 cmlestem
2728 2978 3004 3033 scientiam
3037 2978 3252 3047 accipit,
3277 2976 3429 3048 quasi
3458 2988 3608 3033 stans

2016 3074 2072 3124 in
2106 3080 2247 3125 terra
2276 3085 2412 3141 aqua
2456 3073 2697 3142 gurgites
2729 3070 2987 3125 ostendit.
3031 3070 3135 3126 Sed
3180 3084 3514 3138 nequaquam
3546 3084 3607 3124 se

315 3171 484 3225 etiam
514 3184 763 3225 sermone
795 3169 1192 3239 praedicationis
1221 3169 1428 3240 pluant.
1472 3167 1553 3222 An
1584 3182 1692 3222 non
1722 3168 1776 3223 in
1807 3167 1911 3224 hoc
1936 3175 1987 3242 α
2017 3160 2222 3217 eisdem
2260 3161 2517 3231 apostolis
2560 3176 2622 3216 ex
2634 3162 2898 3231 positores
2937 3161 2990 3215 in
3023 3159 3244 3215 scientia
3292 3158 3603 3229 prmt'erant,

316 3261 460 3319 cmlo
506 3270 705 3315 astrum
738 3261 933 3329 pluviae
965 3261 1175 3332 Moyses
1206 3259 1445 3326 exstitit,
1471 3259 1639 3335 858
1665 3258 1755 3329 qui
1785 3272 1909 3313 cum

317 3355 389 3409 de
417 3354 667 3424 supernis
694 3352 933 3420 emicuit,
964 3352 1128 3407 corda
1180 3350 1513 3422 peccantium
1560 3350 1713 3420 quasi
1755 3364 1913 3405 aren-

320 3453 431 3500 tem
478 3446 695 3500 interius
727 3456 920 3500 terram
953 3452 1151 3499 sanctae
1202 3443 1595 3500 exhortationis
1626 3443 1806 3512 pluvia
1838 3442 1907 3499 ad

320 3538 621 3593 ubertatem
651 3537 904 3607 germinis
936 3536 1164 3591 infudit?
1215 3540 1295 3592 An
1347 3552 1453 3591 non
1496 3535 1661 3590 Isaias
1706 3544 1915 3591 astrum

322 3631 519 3701 pluviae
565 3636 814 3683 ostensus
842 3635 946 3695 est,
974 3628 1065 3698 qui
1108 3627 1161 3681 in
1191 3642 1257 3683 eo
1300 3627 1438 3697 quod
1468 3626 1640 3680 lucem
1671 3625 1916 3681 veritatis

323 3723 633 3793 praevidens
653 3722 823 3777 tenuit
847 3760 862 3787 ,
894 3720 1188 3776 siccitatem
1220 3717 1510 3773 inﬁdelium
1542 3715 1916 3787 prophetando

321 3792 646 3873 annuntians
695 3816 921 3887 rigavit?
968 3816 1049 3869 An
1103 3828 1208 3868 non
1248 3811 1510 3868 Jeremias
1540 3820 1597 3866 et
1640 3809 1916 3880 prophetae

323 3908 530 3976 caeteri,
560 3907 703 3962 velut
731 3907 785 3960 in
816 3905 955 3961 cado
982 3904 1143 3976 positi
1175 3913 1321 3959 astra
1348 3902 1539 3972 pluviae
1566 3903 1798 3965 luerunt,
1826 3901 1916 3969 qui

324 4004 379 4057 in
403 4000 795 4072 praedicationis
816 3999 1050 4053 culmine
1071 3996 1257 4064 erecti,
1280 3996 1408 4051 dum
1438 3995 1760 4065 pravitatem
1790 4007 1915 4062 pec-

323 4094 562 4147 cantium
597 4092 768 4146 libere
812 4092 1090 4159 increpare
1118 4090 1233 4143 ausi
1262 4096 1406 4154 sunt,
1439 4086 1595 4158 quasi
1626 4085 1917 4141 verborum

325 4184 492 4255 guttis
520 4182 904 4237 obcaecationis
936 4181 1185 4235 humanae
1212 4179 1488 4250 pulverem
1520 4176 1745 4249 rigando
1770 4190 1921 4247 pres-

326 4273 553 4328 serunt?
581 4273 817 4339 Quorum
850 4272 1104 4327 videlicet
1136 4272 1341 4326 animas
1364 4270 1429 4325 ab
1460 4270 1561 4323 hac
1584 4267 1921 4338 corruptibili

326 4381 493 4422 carne
522 4378 821 4435 susceptas,
851 4367 972 4435 quia
998 4380 1064 4420 ex
1096 4368 1348 4435 praesenti
1380 4364 1487 4418 vita
1519 4378 1752 4432 superna
1779 4362 1921 4431 judi-

329 4459 411 4512 cia
439 4456 704 4523 auferunt,
738 4452 889 4526 quasi
914 4470 941 4507 a
969 4456 1091 4510 cmli
1120 4454 1253 4509 facie
1280 4454 1454 4509 stellae
1484 4454 1677 4523 pluviae
1707 4453 1953 4531 ευιιιτατ

2019 3270 2143 3311 cum
2190 3256 2512 3325 exponendo
2545 3256 2705 3311 latius
2736 3256 3047 3326 loquuntur.
3082 3253 3389 3310 Meminisse
3414 3252 3611 3323 quippe

2018 3349 2352 3404 incessanter
2378 3349 2597 3414 debent,
2618 3364 2710 3419 per
2732 3365 2867 3417 quos
2887 3350 3129 3418 ejusdem
3158 3349 3394 3403 scientiae
3422 3347 3607 3403 inven-
3640 3398 3645 3405 .

2021 3435 2197 3493 tiones
2226 3436 2577 3507 acceperunt.
2605 3437 2756 3493 Unde
2780 3447 2833 3492 et
2862 3449 2986 3507 apte
3016 3438 3393 3522 subjungitur:

2652 3526 2878 3583 CAPUT
2916 3526 3005 3583 IX.

2096 3618 2259 3673 Vens.
2282 3617 2375 3673 28.
2399 3648 2468 3658 -—
2494 3619 2596 3686 Qui
2618 3620 2680 3673 de
2709 3621 2924 3674 nubibus
2947 3624 3139 3692 fluunt.

2096 3708 2187 3763 15.
2220 3710 2333 3764 Nec
2358 3720 2525 3763 tamen
2554 3712 2801 3774 apostolis
2829 3713 2984 3784 hujus
3013 3714 3263 3769 doctrina:
3287 3715 3467 3786 primis
3507 3724 3615 3770 tra-

2022 3802 2273 3857 ditoribus
2300 3803 2630 3881 prwferendi.
2645 3834 2716 3844 ——
2737 3804 2802 3859 Hi
2822 3805 3020 3877 quippe
3040 3806 3106 3862 de
3126 3808 3357 3863 nubibus
3378 3810 3618 3879 gurgites

2023 3891 2235 3960 ﬂuunt,
2268 3892 2389 3965 quia
2420 3894 2463 3948 si
2493 3909 2563 3949 ex
2592 3895 2792 3950 sanctis
2838 3897 3096 3966 apostolis
3125 3898 3208 3954 vis
3248 3899 3619 3970 intelligentia

2026 4002 2133 4040 non
2174 3986 2457 4057 inciperet,
2487 3974 2824 4059 nequaquam
2860 4005 2956 4060 per
2978 3989 3259 4046 doctorum
3290 4007 3380 4048 ora
3413 3994 3614 4063 largior

2025 4092 2291 4137 manaret.
2324 4081 2381 4136 ln
2414 4081 2690 4152 Scriptura
2718 4084 2866 4139 enim
2895 4098 3049 4139 sacra
3072 4085 3362 4157 aliquando
3391 4100 3485 4157 per
3514 4101 3617 4141 nu-

2027 4176 2145 4245 bes,
2172 4176 2342 4249 859
2370 4176 2597 4232 mobiles
2633 4177 2836 4248 quique
2882 4178 3144 4244 homines,
3176 4178 3467 4249 aliquando
3497 4193 3620 4249 pro-

2027 4270 2226 4339 phetae,
2260 4270 2545 4340 aliquando
2588 4279 2766 4327 autem
2822 4272 3053 4343 apostoli
3095 4272 3464 4347 designantur.
3515 4272 3620 4328 Per

2030 4364 2200 4420 nubes
2229 4365 2428 4435 quippe
2470 4364 2742 4420 mobilitas
2774 4365 3023 4421 humana:
3054 4367 3252 4422 mentis
3282 4367 3624 4438 exprimitur,

2030 4458 2169 4513 sicut
2193 4457 2449 4513 Salomon
2476 4456 2587 4512 ait:
2616 4458 2719 4525 Qui
2743 4467 2945 4513 ventum
2964 4460 3215 4526 obseruat,
3238 4476 3344 4515 non
3369 4462 3622 4530 seminat;

330 4549 551 4615 buntur,
580 4557 632 4602 et
662 4546 727 4600 ad
758 4545 1027 4601 occultum
1068 4551 1211 4599 astra
1250 4544 1503 4609 redeunt,
1530 4544 1657 4599 dum
1691 4544 1926 4615 peractis
1951 4558 2009 4622 ι)
2031 4558 2079 4603 et
2106 4549 2195 4619 qui
2229 4548 2519 4603 considerat
2552 4551 2733 4614 nubes,
2761 4565 3021 4617 nunquam
3049 4552 3189 4605 metit
3218 4548 3416 4624 (Eccle.
3443 4566 3515 4619 xt,
3541 4552 3625 4623 4).

332 4640 446 4695 suis
474 4639 719 4693 cursibus
762 4646 1068 4693 sanctorum
1100 4634 1293 4690 anima:
1319 4634 1371 4688 in
1405 4634 1671 4690 thesauris
1695 4635 1927 4705 disposi-

331 4737 494 4792 tionis
521 4736 725 4791 intimae
753 4733 1139 4789 reconduntur.

408 4827 494 4881 15.
529 4824 629 4880 His
675 4824 962 4887 subductis,
994 4822 1138 4876 missi
1178 4820 1421 4893 apostoli,
1449 4820 1537 4889 qui
1584 4818 1770 4873 imbres
1809 4829 1929 4873 tan-

330 4933 490 4990 quam
518 4918 746 4990 gurgites
777 4914 1093 4982 e/Iuderunt.
1124 4942 1194 4953 —
1214 4911 1323 4968 Sed
1346 4911 1467 4981 quia
1494 4923 1633 4967 terra
1658 4920 1929 4966 aresceret

332 5010 382 5064 si
415 5008 690 5063 subductis
720 5006 890 5061 stellis
929 5005 1121 5076 pluviae
1167 5017 1401 5074 superna
1446 5001 1683 5058 funditus
1724 5002 1926 5056 ﬂuenta

332 5109 653 5165 cessarent,
678 5106 826 5153 recte
854 5097 1049 5153 dicitur
1075 5114 1087 5151 :
1116 5095 1218 5161 Qui
1246 5101 1413 5166 aufert
1439 5097 1614 5150 stellas
1642 5096 1852 5166 pluviae,
1882 5102 1932 5149 et

334 5194 561 5263 eﬁ'undit
581 5190 768 5247 imbres
794 5191 862 5245 ad
893 5192 1056 5244 instar
1084 5191 1366 5261 gurgitum.
1391 5190 1522 5244 Nam
1545 5205 1667 5246 cum
1696 5192 1929 5260 prophe-

337 5297 423 5342 tas
470 5286 710 5351 abstulit,
738 5299 927 5340 eoruin
973 5282 1088 5336 vice
1136 5283 1395 5337 Dominus
1438 5282 1714 5351 apostolus
1763 5281 1928 5348 misit,

336 5380 432 5450 qui
476 5379 528 5434 in
575 5377 976 5433 similitudinem
1030 5374 1299 5444 gurgitum
1346 5376 1613 5446 pluerent,
1648 5384 1931 5445 postquam

338 5470 629 5526 subductis
672 5471 904 5537 antiquis
930 5467 1177 5523 Patribus
1215 5468 1480 5523 exteriora
1508 5468 1640 5535 legis
1675 5468 1936 5536 praedica-

419 5598 445 5626 ⁸
478 5588 607 5643 Vide
632 5589 740 5643 col.
767 5585 875 5641 295
914 5586 1079 5657 (inter
1104 5600 1343 5640 numeros
1372 5585 1618 5641 crassiori
1646 5584 1943 5642 charactere

337 5658 637 5731 expressoﬂ
668 5657 723 5712 in
747 5659 908 5714 notis.

422 5732 697 5868 zgligﬁm
731 5798 895 5864 Editi,
922 5797 1083 5852 imber
1110 5814 1211 5853 non
1242 5798 1363 5852 ruit.

2037 4640 2267 4696 Ventum
2320 4640 2507 4709 procul
2551 4640 2716 4696 dubio
2766 4639 3104 4701 immundum
3153 4643 3423 4712 spiritum,
3454 4645 3627 4702 nubes

2035 4749 2167 4789 vero
2194 4731 2467 4804 subjectos
2495 4733 2542 4788 ei
2573 4733 2815 4787 homines
2857 4734 3122 4804 appellat;
3155 4722 3289 4805 quos
3328 4738 3489 4793 toties
3523 4737 3628 4793 huc

2037 4828 2271 4899 illucque
2312 4826 2539 4897 impellit
2568 4835 2621 4881 et
2646 4836 2887 4894 revocat,
2916 4827 3127 4898 quoties
3160 4831 3483 4887 tentationes
3509 4832 3627 4901 ejus

2041 4916 2062 4956 ί
2094 4919 2149 4973 in
2179 4932 2364 4974 eorum
2396 4917 2645 4972 cordibus
2666 4919 3065 4991 suggestionum
3096 4918 3311 4977 ﬂatibus
3335 4922 3629 4977 alternant.

2039 5006 2139 5077 Qui
2186 5008 2347 5078 igitur
2391 5015 2608 5071 ventum
2651 5007 2924 5076 observat,
2956 5022 3065 5065 non
3101 5010 3353 5078 seminat,
3386 5011 3509 5080 quia
3535 5009 3629 5080 qui

2045 5101 2379 5169 tentationes,
2400 5110 2655 5158 venturas
2682 5102 2870 5159 metuit
2892 5141 2910 5166 ,
2940 5117 3036 5159 cor
3064 5102 3133 5159 ad
3162 5103 3303 5158 bona
3330 5117 3495 5172 opera
3521 5118 3630 5161 non

2047 5193 2314 5264 proponit.
2353 5192 2417 5249 Et
2457 5194 2546 5267 qui
2579 5194 2891 5251 considerat
2917 5195 3113 5261 nubes,
3143 5209 3253 5249 non
3284 5196 3463 5262 metit,
3506 5197 3631 5265 quia

2046 5288 2091 5342 is
2113 5286 2203 5355 qui
2242 5295 2368 5340 ante
2400 5284 2649 5341 humanae
2687 5285 3061 5342 mutabilitatis
3088 5293 3349 5341 terrorem
3377 5286 3630 5357 trepidat,
3720 5331 3735 5345 .

1978 5423 1999 5436 .
2048 5386 2073 5424 ε
2103 5377 2365 5435 mercedis
2390 5387 2607 5435 aeternae
2634 5377 2988 5434 retributione
3013 5391 3074 5433 se
3104 5373 3297 5445 privat.
3337 5377 3439 5433 Per
3463 5380 3635 5436 nubes

2042 5469 2323 5540 prophetae
2369 5470 2669 5538 ﬁgurantur
2689 5508 2705 5533 ,
2736 5468 2874 5523 sicut
2900 5482 2998 5537 per
3026 5466 3364 5523 Psalmistam
3395 5470 3631 5527 dicitur:

2121 5586 2149 5623 ά
2174 5587 2285 5652 AL,
2308 5587 2531 5639 abstulit.

2126 5667 2150 5695 ε
2183 5657 2405 5711 Ebroic.
2433 5665 2485 5710 et
2512 5655 2620 5717 alii,
2652 5654 2833 5709 imbres
2862 5654 3017 5722 tulit.
3290 5712 3311 5717 _

2131 5725 2150 5765 ί
2180 5727 2429 5791 Vindoc.,
2464 5726 2659 5779 Pratel.
2694 5736 2747 5781 et
2775 5729 2870 5789 aL,
2900 5728 2951 5778 in
2978 5741 3151 5780 eorum
3181 5732 3427 5787 mentibus

2123 5808 2149 5846 ε
2181 5796 2404 5864 Pratel.,
2437 5795 2667 5852 mercede
2691 5804 2897 5854 interna:
2920 5797 3284 5853 retributionis.
