4036 6348
522 327 624 387 607

1701 321 1948 379 SANCTI
1986 318 2320 378 GREGORH
2358 322 2574 379 MAGNI
3668 328 3752 383 308

514 444 804 501 Tenebrosa
846 457 985 513 aqua
1019 439 1076 496 in
1114 440 1329 495 nubibus
1356 442 1491 495 aeris
1520 438 1692 508 (Psal.
1726 456 1859 505 xvu,
1892 439 2016 507 12);
2049 437 2101 492 id
2132 439 2185 501 Α
2208 438 2456 493 sideralis
2488 440 2827 509 antiquorum
2854 444 3063 508 patrum
3093 434 3329 507 vestigiis
3357 435 3613 505 juvamur.
3632 437 3751 507 Quid

510 547 612 604 est,
646 535 854 591 occulta
884 534 1105 589 scientia
1132 532 1185 587 in
1219 531 1509 600 prophetis.
1535 530 1680 603 [νει.
1710 531 1838 605 VL]
1869 533 1969 586 Per
1994 546 2093 585 nu-

510 627 607 685 bes
648 642 859 698 quoque
903 626 1130 694 apostoli
1175 624 1541 694 designantur,
1575 626 1713 679 sicut
1760 630 1852 692 p‘er
1901 623 2091 677 Isaiam

509 721 706 778 dicitur
736 737 750 775 :
775 718 1037 773 Mandabo
1082 717 1297 770 nubibus
1319 757 1333 781 ,
1368 733 1430 770 ne
1456 717 1636 783 pluunt
1666 731 1819 778 super
1855 729 1964 767 eam
1991 714 2092 765 im-

508 816 647 870 brem
677 810 833 884 (Isai.
857 826 909 876 v,
940 810 1019 880 6).
1047 808 1152 878 Ipsi
1181 808 1340 878 igitur
1368 808 1561 871 stellae,
1593 808 1713 876 quia
1738 808 1858 861 vitai
1884 807 2090 861 meritis

508 908 719 974 lucent;
746 908 845 977 ipsi
867 907 1059 972 nubes,
1090 905 1214 974 quia
1242 913 1483 960 arentem
1516 906 1682 960 nostri
1719 904 1950 973 pectoris
1977 912 2089 958 ter-

504 1016 618 1059 ram
665 998 904 1057 caelestis
946 997 1315 1066 intelligentia:
1359 996 1574 1052 liuentis
1617 998 1809 1065 rigant.
1858 995 1913 1049 Si
1942 996 2088 1050 enim

486 1096 676 1150 anubes
704 1109 808 1148 non
841 1100 1021 1147 essent
1043 1131 1058 1156 ,
1088 1092 1435 1159 nequaquam
1458 1103 1551 1143 eos
1580 1088 1792 1142 intuens
1823 1087 2087 1157 propheta

500 1189 761 1241 dixisset:
790 1185 889 1251 Qui
917 1193 1037 1238 sunt
1065 1183 1185 1248 isti,
1214 1182 1299 1252 qui
1329 1190 1386 1235 ut
1416 1181 1572 1235 nubes
1610 1178 1781 1234 volant
1811 1179 1963 1249 (Isai.
1993 1195 2083 1247 1.x,

497 1278 599 1345 8)?
629 1275 881 1331 Imbrium
913 1275 1091 1343 itaque
1120 1274 1356 1344 gurgites
1384 1272 1451 1327 de
1482 1273 1709 1325 nubibus
1742 1274 1928 1335 fluunt,
1962 1272 2085 1341 quia

498 1373 779 1445 profundae
805 1371 1214 1441 praedicationes
1232 1369 1566 1440 sequentium
1593 1368 1956 1438 intelligentia:
1980 1368 2089 1421 ori-

497 1467 674 1535 ginem
698 1479 728 1518 a
748 1465 947 1519 sanctis
965 1463 1218 1531 apostolis
1238 1471 1580 1533 acceperunt.
1605 1464 1679 1517 De
1701 1461 1892 1532 quibus
1914 1460 2088 1516 adhuc

496 1558 727 1615 nubibus
754 1566 876 1627 apte
902 1555 1245 1627 subjungitur
1268 1572 1282 1607 :

1126 1647 1353 1703 CAPUT
1391 1646 1459 1701 X.

575 1740 704 1797 lato.
727 1770 799 1782 —
817 1742 941 1807 Quae
967 1748 1254 1813 prtetexuut
1280 1748 1464 1793 cuncta
1493 1739 1727 1807 desuper.

2201 531 2346 586 enim
2377 530 2645 587 Abraham
2675 530 3045 596 obedientius,
3079 530 3165 600 qui
3190 530 3253 582 ad
3286 544 3440 582 uuam
3470 545 3641 585 vocem
3669 534 3753 586 do-

2198 624 2446 678 minicam
2479 634 2735 693 cognatos
2783 640 2845 677 ac
2892 625 3116 692 patriam
3166 623 3387 688 deserit,
3420 633 3473 677 et
3513 638 3604 693 pro
3652 626 3750 680 adi-

2200 716 2451 787 piscenda
2474 728 2674 771 aeterna
2701 716 3013 772 haereditate
3043 719 3214 786 ipsum
3246 717 3404 771 ferire
3428 731 3531 771 u0n
3555 718 3754 786 trepidat

2196 826 2353 879 quem
2390 826 2554 866 senex
2583 812 2693 880 jam
2738 822 2789 865 et
2822 828 2955 881 pene
2985 788 3274 866 moriturus
3300 824 3575 880 acceperat
3605 812 3752 869 hare-

2197 903 2318 959 dem
2352 903 2557 975 (Cenes.
2588 910 2681 970 xit,
2703 902 2796 975 4)?
2835 904 2968 959 Cum
2994 905 3267 975 patientia:
3314 904 3561 959 virtutem
3588 920 3752 972 appre~

2198 996 2437 1051 hendere
2470 1012 2747 1060 conamur,
2781 996 3195 1065 praicedentium
3227 998 3471 1060 exempla
3518 999 3755 1067 conspici-

2192 1106 2333 1145 mus.
2367 1089 2503 1155 Quid
2528 1089 2670 1144 enim
2705 1089 2850 1143 Isaac
2872 1089 3184 1157 patientius,
3214 1090 3301 1157 qui
3328 1088 3466 1159 ligna
3493 1099 3676 1158 portat,
3697 1091 3752 1147 de

2194 1166 2506 1237 Iiolocausto
2550 1182 2864 1250 interrogat,
2893 1194 3055 1251 atque
3099 1189 3218 1250 post
3250 1182 3519 1249 paululum
3564 1182 3749 1251 ligatur,

2192 1285 2246 1330 et
2277 1289 2382 1328 non
2412 1274 2682 1344 loquitur;
2712 1288 2818 1327 arae
2850 1272 3231 1342 superponitur
3255 1284 3307 1327 et
3338 1289 3445 1326 nun
3493 1272 3755 1328 reluctatur

2193 1365 2400 1438 (Genes.
2432 1381 2565 1431 xxtt,
2606 1364 2701 1435 7)?
2730 1365 2864 1432 Quid
2902 1379 3031 1433 ergo
3064 1366 3165 1418 iato
3197 1364 3311 1418 viro
3342 1365 3447 1418 dici
3495 1364 3754 1433 patientius

2191 1464 2389 1526 potest,
2421 1455 2509 1525 qui
2538 1455 2689 1524 quasi
2712 1455 2777 1509 ad
2809 1456 3060 1508 Solatium
3092 1454 3323 1522 ducitur,
3346 1463 3400 1507 et
3431 1456 3677 1522 requirit;
3701 1455 3756 1509 ad

2148 1588 2153 1594 .
2190 1545 2488 1603 feriendum
2522 1548 2733 1617 ligatur,
2775 1554 2829 1601 et
2856 1548 3209 1613 conticescit;
3241 1555 3297 1601 et
3324 1546 3597 1599 oblaturus
3624 1547 3755 1609 holo-

2192 1654 2434 1698 caustum
2454 1644 2766 1712 interrogat,
2784 1642 3090 1697 nilerendus
3117 1642 3168 1695 in
3200 1641 3566 1696 holocaustum
3598 1640 3756 1694 tacet?

2192 1735 2324 1790 Cum
2354 1735 2559 1804 accingi
2588 1735 2654 1789 ad
2686 1735 2923 1789 laborum
2958 1735 3296 1789 tolerantiam
3329 1734 3569 1798 nitimur,
3597 1748 3755 1787 eremo

568 1834 866 1915 16.'Nubes
891 1809 983 1888 cur
1008 1834 1228 1903 apostoli
1259 1834 1517 1887 dicantur.
1539 1860 1607 1871 --
1630 1829 1808 1885 Nubes
1839 1845 1959 1883 cum
1989 1828 2083 1885 de-
2107 1809 2161 1886 ’Β
2191 1827 2287 1897 plis
2332 1814 2814 1897 praecedentibus"
2849 1829 3213 1882 sublevantur.
3269 1828 3405 1895 Quid
3438 1829 3580 1882 enim
3616 1828 3756 1882 Jacob

494 1939 656 1995 super
702 1940 879 1981 aerem
912 1934 1245 1995 praetexunt,
1272 1925 1316 1979 si
1360 1926 1415 1979 in
1443 1924 1635 1979 coelum
1667 1923 1851 1978 oculos
1882 1923 2083 1977 attolli~

491 2030 635 2088 mus,
687 2034 795 2074 non
843 2019 1059 2081 caelum,
1108 2018 1203 2075 sed
1256 2018 1750 2091 ipsasgintucmur;
1786 2033 1884 2073 nec
1935 2018 2081 2073 \isus

489 2121 674 2168 noster
718 2112 980 2167 aethereas
1026 2111 1212 2180 plagas
1258 2119 1523 2179 penetrat,
1556 2111 1678 2180 quia
1722 2111 1769 2164 ei
1814 2110 1932 2164 illas
1965 2111 2081 2178 ipsa

488 2217 585 2258 sua
631 2185 913 2257 infirmitas
961 2202 1219 2266 occultat;
1252 2209 1455 2255 etcum
1485 2200 1553 2254 de
1596 2200 1735 2255 cmlo
1764 2200 1843 2254 sol
1878 2200 2077 2264 rutilat,

486 2293 640 2362 prius
688 2294 948 2348 interluso
994 2307 1118 2348 aere
1169 2292 1427 2361 pascitur,
1455 2302 1515 2345 ut
1545 2300 1665 2360 post
1691 2293 1743 2346 in
1774 2292 1910 2346 crelo
1953 2292 2081 2346 solis

489 2388 671 2443 radios
716 2385 1126 2454 contempletur.
1188 2384 1323 2450 Quia
1369 2400 1498 2455 ergo
1543 2385 1788 2439 carnales
1835 2385 2081 2439 homines

488 2493 699 2544 sumus,
758 2491 881 2533 cum
940 2492 1169 2546 superna
1229 2487 1481 2547 appetere
1534 2477 1775 2541 nitimur,
1820 2480 1967 2548 quasi
2028 2479 2079 2531 in

489 2569 689 2627 caelum
728 2569 915 2624 oculos
955 2564 1231 2635 levamus,
1274 2580 1329 2625 et
1367 2570 1512 2624 velut
1552 2569 1603 2623 in
1644 2571 1835 2624 malum
1908 2571 2076 2625 aciem

489 2659 856 2725 intendimus,
922 2660 1087 2731 quia,
1142 2659 1315 2729 pressi
1388 2675 1483 2714 usu
1566 2676 1743 2715 rerum
1824 2676 2079 2730 corpora-

486 2753 643 2818 lium,
670 2761 697 2790 α
719 2752 916 2807 docere
965 2742 1245 2821 spiritalia“
1273 2766 1551 2807 conamur.
1598 2752 1703 2806 Sed
1754 2752 1877 2823 quia
1907 2763 2079 2807 trans-

485 2845 569 2901 irc
626 2844 933 2899 intellectus
990 2851 1174 2900 noster
1229 2844 1295 2897 ad
1341 2843 1515 2897 divina
1560 2858 1666 2898 non
1712 2844 1942 2907 sinitur,
1976 2844 2077 2897 nisi

484 2937 635 3013 prius
668 2951 761 3003 per
792 2944 1101 2991 sanctorum
1158 2934 1573 3003 praecedentium
1604 2924 1847 3003 exempla
1878 2935 2080 2990 forme-

484 3045 594 3098 tur,
619 3048 771 3103 quasr
792 3034 902 3102 jam
928 3045 1127 3089 emtum
1154 3041 1341 3086 noster
1361 3032 1546 3086 oculus
1576 3032 1821 3101 suspicit,
1853 3030 1948 3085 sed
1977 3048 2077 3084 ιιιι-

482 3125 581 3182 bes
614 3126 794 3192 videt,
821 3123 851 3163 ι’
897 3125 1020 3193 quia
1063 3124 1521 3193 comprehendere
1560 3139 1623 3177 ea
1660 3140 1778 3193 quae
1820 3124 1914 3178 Dei
1953 3132 2080 3178 sunt

2186 1920 2526 1985 laboriosius,
2557 1920 2646 1990 qui
2679 1921 2816 1989 apud
2844 1919 3023 1974 Labau
3055 1931 3162 1974 tam
3193 1920 3353 1990 longo
3383 1926 3621 1989 tempore
3648 1934 3755 1988 pro-

2185 2014 2411 2083 pinquus
2450 2012 2574 2082 jure
2621 2013 2990 2082 cognationis,
3024 2028 3185 2083 opera
3215 2014 3460 2067 exercuit
3487 2012 3755 2078 servitutis,
3783 1995 3786 1999 ’

2185 2114 2238 2161 et
2272 2106 2389 2159 vice
2417 2106 2707 2160 obsecutus
2729 2117 2811 2161 est
2842 2106 3044 2171 famuli,
3070 2115 3127 2160 ut
3160 2108 3528 2175 perlrueretur
3552 2106 3756 2174 praemiis

2184 2196 2413 2252 licercdis
2443 2196 2649 2268 (Cenes.
2686 2215 2811 2266 xxx,
2834 2198 2966 2267 26)?
2995 2198 3123 2252 Cum
3153 2214 3332 2254 arcem
3355 2200 3689 2252 continentia:
3709 2205 3755 2252 ct

2184 2292 2445 2344 castitatis
2470 2291 2761 2346 ascendere
2794 2292 3038 2360 nitimur,
3067 2294 3330 2363 exemplis
3359 2294 3753 2363 pnecedentium

2184 2386 2552 2440 sublevamur.
2600 2386 2736 2452 Quid
2766 2386 2906 2439 enim
2940 2385 3138 2457 .Ioseph
3170 2388 3395 2449 castius,
3427 2386 3517 2455 qui
3548 2387 3609 2439 ad
3637 2383 3757 2439 desi-

2184 2477 2392 2532 derium
2425 2478 2713 2547 petu'aulis
2760 2478 2993 2532 dominae
3020 2520 3032 2543 ,
3063 2481 3189 2548 jugo
3220 2480 3446 2533 luxuria:
3481 2480 3639 2545 premi
3668 2494 3756 2533 non

2183 2570 2549 2643 potuit'ctiam
2581 2570 2860 2638 captivus?
2892 2571 2955 2624 Et
2985 2572 3198 2641 quidem
3237 2570 3550 2625 hominibus
3578 2571 3757 2626 exstitit

2182 2646 2390 2726 servus,
2425 2662 2519 2715 sed
2551 2671 2738 2715 contra
2768 2662 3137 2719 dominantem
3169 2665 3461 2732 nequitiam
3493 2673 3552 2719 et
3584 2664 3632 2719 iu
3655 2679 3757 2718 ser-

2181 2755 2314 2808 vitio
2342 2754 2473 2808 liber
2505 2754 2599 2807 fuit
2624 2754 2833 2825 (Gener.
2863 2772 3046 2829 xxxix,
3079 2756 3189 2825 12).
3216 2757 3346 2811 Cum
3369 2756 3758 2813 mansuetudine

2183 2846 2381 2913 repleri
2430 2847 2885 2910 concuitiseimus,
2917 2849 3331 2916 praecedentium
3374 2852 3638 2917 exemplis
3677 2849 3758 2904 ad-

2181 2936 2449 3005 juvimur.
2472 2936 2609 3003 Quid
2639 2938 2780 2991 enim
2806 2939 2989 3008 Meyse
3014 2939 3473 3011 mansuetius,qui
3506 2940 3759 2996 commissi
3795 2923 3799 2926 ’

2184 3028 2285 3080 sibi
2329 3027 2508 3096 populi
2539 3028 2854 3082 seditionem
2885 3030 3099 3091 tolerat.
3129 3039 3185 3085 et
3230 3030 3405 3086 tamen
3461 3034 3756 3087 irascentem

2186 3117 2468 3172 Dominum
2494 3132 2592 3187 pro
2611 3119 2816 3173 eisdem
2841 3120 2950 3173 suis
2969 3124 3401 3189 persecutoribus
3429 3132 3758 3193 rogat,seque

485 3217 714 3286 appetit,
743 3216 838 3271 sed
891 3215 980 3269 vix
1029 3216 1209 3269 mirari
1254 3231 1314 3270 ea
1363 3229 1481 3277 qua:
1534 3214 1841 3268 hominibus
1883 3214 2078 3269 collata
2107 3196 2153 3261 C
2186 3226 2282 3280 pro
2332 3211 2442 3265 illis
2489 3211 2671 3266 divino
2718 3212 2887 3283 furori
2933 3214 3136 3282 objicit,
3182 3214 3305 3283 quia
3347 3214 3399 3267 in
3434 3226 3618 3269 sancto
3659 3216 3758 3284 ejus

484 3318 611 3365 sunt
637 3318 832 3379 potest.
867 3309 1022 3365 Unde
1047 3318 1100 3363 et
1129 3309 1262 3362 alias
1287 3309 1481 3363 dicitur
1545 3308 1861 3362 Illuminaus
1894 3319 1945 3361 tu
1975 3310 2075 3363 mi-

484 3398 717 3457 rabiliter
745 3418 779 3455 a
802 3402 1056 3457 montibus
1085 3403 1288 3455 wternis
1318 3400 1487 3471 (Psal.
1514 3418 1670 3466 Lxxv,
1700 3401 1773 3472 5).
1806 3403 1905 3469 Qui
1934 3403 2074 3456 enim

483 3495 748 3552 orientem
794 3495 963 3551 solem
1014 3495 1371 3564 contemplari
1414 3510 1519 3549 non
1574 3496 1753 3560 valet,
1787 3496 2073 3550 irradiatos

481 3595 694 3643 montes
722 3584 936 3656 aspicit,
961 3592 1016 3641 et
1043 3586 1167 3656 quia
1191 3586 1273 3641 sol
1299 3596 1449 3641 ortus
1477 3587 1546 3641 sit
1589 3586 1961 3656 deprehendit.
1997 3588 2074 3641 Ex

483 3680 701 3734 aeternis
730 3693 859 3749 ergo
890 3678 1163 3733 montibus
1192 3692 1290 3735 nos
1320 3677 1461 3733 Deus
1488 3678 1753 3732 illuminat
1779 3719 1793 3744 ,
1827 3680 1948 3748 quia
1984 3694 2078 3747 per

481 3768 806 3825 admiratatn
850 3770 1017 3823 vitam
1062 3768 1281 3822 Patrum
1315 3768 1768 3836 praicedentium,
1799 3767 1951 3821 radio
1980 3783 2077 3823 nos

482 3874 595 3916 sua:
618 3860 876 3917 claritatis
906 3862 1161 3916 illustrat.
1190 3857 1331 3914 Ecce
1362 3859 1414 3913 in
1451 3858 1628 3913 studio
1650 3859 1951 3915 devotionis
1982 3861 2080 3913 do-

480 3952 696 4008 minica:
742 3962 796 4007 et
842 3950 1118 4006 charitatis
1163 3949 1503 4005 accendimur
1525 3992 1539 4016 ,
1576 3949 1671 4004 sed
1703 3950 1756 4004 in
1785 3950 1881 4003 hac
1910 3952 2079 4004 devo-

482 4041 633 4097 tione
658 4051 820 4109 atque
846 4041 1110 4096 charitate
1140 4042 1333 4096 melius
1357 4040 1543 4095 harum
1576 4040 1799 4095 nubium
1836 4052 2080 4097 contem-

481 4133 720 4204 platione
737 4132 1053 4187 formamur.
1078 4132 1220 4199 Quid
1243 4133 1383 4185 enim
1406 4131 1650 4187 devotius
1680 4132 1837 4185 Petro
1859 4124 2072 4203 (Matth.

483 4240 598 4281 xrv.
629 4223 758 4296 29)?
789 4223 927 4290 Quid
954 4222 1171 4277 charius
1211 4221 1417 4287 Joanne
1463 4224 1643 4291 (Joan.
1679 4238 1797 4287 xm,
1829 4223 1959 4292 25)?
1986 4225 2077 4280 Ille

482 4332 583 4389 per
602 4316 944 4372 devotionem
968 4313 1130 4367 fluida
1155 4312 1318 4367 maris
1343 4313 1498 4367 dorsa
1521 4315 1729 4368 calcare
1748 4329 1851 4367 non
1879 4315 2074 4383 timuit,

481 4410 586 4465 iste
613 4422 706 4478 per
733 4421 970 4462 amorem
1006 4406 1060 4460 in
1087 4405 1204 4473 ipso
1241 4406 1476 4459 auctoris
1523 4408 1689 4460 nostri
1725 4416 1942 4475 pectore
1993 4423 2075 4463 re-

483 4501 721 4571 quievit;
752 4507 807 4555 et
827 4501 915 4569 qui
938 4498 1003 4554 ad
1030 4497 1324 4567 corporalis
1353 4512 1521 4554 creua:
1550 4499 1896 4555 refectionem
1915 4516 2076 4557 vene-

2183 3315 2399 3374 pectore
2420 3305 2577 3359 etiam
2602 3321 2664 3359 ex
2691 3307 3068 3375 persecutione
3090 3306 3324 3362 Charitas
3342 3307 3756 3379 ignescit(E:wd.

2179 3412 2346 3461 xxxii,
2377 3395 2517 3466 52)?
2566 3396 2698 3450 Cum
2752 3408 2937 3453 contra
2989 3398 3212 3452 adversa
3264 3400 3448 3453 mundi
3488 3397 3513 3435 τί
3546 3401 3756 3454 formare

2181 3489 2377 3544 mentis
2405 3478 2763 3543 constantiam
2805 3490 3049 3555 nitimur,
3084 3490 3503 3559 praecedentium
3536 3490 3757 3545 conside-

2181 3581 2386 3634 ratione
2416 3580 2687 3634 fulcimur.
2730 3581 2866 3646 Quid
2910 3582 3052 3636 enim
3100 3580 3267 3637 Josue
3298 3586 3653 3651 constantius,
3678 3583 3756 3654 qui

2179 3672 2247 3726 ad
2298 3673 2687 3739 explorandam
2738 3676 2976 3743 gentium
3028 3676 3336 3745 qualitatem
3387 3677 3615 3743 missus,
3663 3689 3749 3730 nec

2182 3766 2519 3835 proceritatis
2551 3768 3002 3837 magnitudinem,
3036 3783 3136 3822 nec
3182 3769 3588 3822 nmnerositatis
3634 3768 3755 3821 mul-

2182 3858 2461 3913 titudinem
2507 3861 2744 3929 expavit.
2800 3860 2950 3915 Unde
2998 3869 3054 3914 et
3104 3861 3319 3915 easdem
3370 3870 3602 3929 gentes,
3641 3873 3755 3929 quas

2179 3950 2510 4018 explorando
2559 3967 2664 4005 nou
2710 3951 2927 4017 timuit,
2958 3952 3119 4006 etiam
3154 3952 3450 4022 prmliando
3494 3949 3757 4020 prostravit

2180 4039 2363 4111 (Iosue
2386 4059 2439 4106 χ,
2473 4044 2550 4113 7).
2584 4042 2716 4098 Cum
2746 4043 3092 4113 benignitatis
3122 4032 3334 4100 culmen
3370 4044 3757 4113 apprehendere

2180 4148 2460 4199 conamur,
2494 4135 2915 4203 praecedentium
2960 4137 3222 4206 exemplis
3250 4139 3589 4190 instruimnr.
3634 4135 3754 4203 Quid

2179 4226 2322 4279 enim
2369 4225 2621 4280 Samuele
2650 4227 2934 4295 benignius
2956 4272 2970 4294 ,
3003 4230 3090 4298 qui
3124 4231 3192 4282 de
3224 4230 3525 4298 principatu
3555 4227 3753 4301 regendi

2183 4316 2367 4384 pOpuli
2394 4317 2659 4385 dejectus,
2696 4334 3064 4375 successorem
3094 4321 3193 4375 sibi
3224 4306 3501 4377 humiliter
3528 4323 3751 4392 requirit,

2180 4407 2562 4479 inventumque
2592 4411 2740 4480 ungit
2767 4411 2820 4466 in
2851 4429 3051 4481 regem,
3101 4426 3316 4468 unctum
3354 4431 3479 4471 mox
3511 4425 3537 4452 θ
3574 4416 3755 4485 patitur

2180 4513 2581 4568 persecutorem
2616 4501 2669 4572 (1
2704 4502 2922 4573 [ἔερςἰκ
2951 4520 3047 4571 xu,
3079 4504 3153 4571 1).
3190 4508 3229 4560 Α
3260 4521 3365 4575 quo
3393 4522 3460 4561 ne
3484 4507 3750 4572 moriatur,
3844 4510 3849 4513 ’

483 4604 592 4660 rat,
626 4593 870 4664 spiritale
900 4591 1154 4662 pabulum
1186 4591 1253 4645 de
1272 4591 1391 4645 sinu
1420 4591 1794 4669 Redemptoris
1824 4594 2071 4661 sumpsit.
2106 4575 2160 4638 Ῑ)
2186 4595 2441 4663 trepidat;
2477 4608 2530 4649 et
2575 4606 2752 4650 tamen
2784 4612 2851 4651 ne
2892 4598 2942 4652 ei
2983 4598 3241 4653 Dominus
3290 4601 3568 4665 irascatur,
3597 4604 3751 4669 rogat.

559 4683 677 4740 νει.
709 4684 785 4739 Vl
795 4682 874 4755 1.]
899 4686 987 4738 17.
1010 4684 1113 4739 Cur
1134 4685 1391 4754 prapheta:
1405 4668 1451 4736 et
1474 4671 1671 4753 antiqui
1704 4683 1889 4738 Patres
1912 4686 2072 4741 nubes

480 4793 683 4849 quoque
730 4777 986 4831 dicantur.
1056 4775 1317 4830 Abraham
1366 4775 1707 4830 obedientiam
1756 4794 1848 4830 nos
1894 4778 2075 4845 docet;

482 4866 637 4924 Isaac
665 4868 998 4939 patientiam;
1025 4865 1189 4920 Iacob
1216 4867 1524 4921 laboriosam
1555 4869 1738 4933 vitam;
1770 4868 1963 4939 Joseph
1988 4888 2076 4925 ca-

480 4960 743 5025 stitatem;
772 4958 979 5030 Moyses
1004 4961 1482 5025 mansuetudinem;
1513 4959 1675 5014 Josue
1705 4965 2075 5029 constantiam;

420 5098 427 5101 _
479 5049 697 5106 Samuel
736 5051 1132 5121 benignitatem;
1162 5048 1331 5104 David
1369 5052 1609 5121 pietatem
1638 5061 1683 5105 et
1710 5032 2069 5109 humilitatem.

478 5171 549 5183 —
574 5142 678 5198 Sed
715 5143 838 5212 quia
867 5142 1065 5212 signari
1094 5157 1187 5211 per
1218 5145 1386 5197 nubes
1415 5145 1575 5197 etiam
1596 5147 1901 5213 prophetas
1926 5147 2070 5202 dixi-

478 5247 631 5300 mus,
661 5247 885 5289 necesse
912 5242 996 5289 est
1024 5241 1083 5289 ut
1123 5234 1296 5288 adhuc
1334 5234 1403 5288 ad
1446 5235 1681 5289 medium
1731 5240 2071 5306 superiorum

480 5324 697 5381 Patrum
746 5328 991 5396 exempla
1035 5326 1383 5381 deducamus.
1438 5326 1579 5381 Ecce
1617 5342 1738 5382 cum
1789 5332 2072 5399 prmceptis

479 5416 792 5473 cmlestibus
813 5418 971 5475 subdi
995 5433 1093 5488 per
1115 5418 1473 5475 obedientiam
1496 5419 1759 5488 cupimus,
1778 5422 1941 5493 860
1952 5439 2073 5480 con-

552 5544 579 5603 !
616 5536 811 5591 Pratel.
836 5545 891 5592 et
916 5536 1084 5603 Utic.,
1108 5535 1303 5593 doceri.

552 5602 581 5645 ιδ
613 5605 797 5677 Iidem,
832 5608 953 5674 quia
980 5602 1379 5677 apprehendere.

559 5684 583 5752 ξε
613 5676 953 5752 Aliqui_M_ss.
976 5689 1030 5735 et
1060 5679 1216 5744 Editi,
1240 5680 1599 5748 iuformamur.
1633 5679 1922 5752 Sequimur
1942 5684 2065 5743 Mss.

485 5746 670 5806 Baluz.
702 5755 757 5801 et
779 5747 931 5801 Coll).

557 5816 584 5857 ά
616 5816 692 5875 Ita
723 5816 951 5886 Turon.,
977 5819 1226 5889 Vindoc.,
1257 5822 1465 5893 Baluz.,
1489 5823 1669 5896 Colb.,
1701 5825 1914 5884 Ebroic.
1947 5829 2067 5887 alii.

2182 4687 2298 4758 Ipse
2344 4690 2541 4758 quippe
2567 4703 2687 4743 cum
2721 4691 3044 4756 mitteretur,
3077 4692 3150 4745 ait
3175 4710 3188 4743 :
3213 4692 3400 4746 Audiet
3431 4691 3586 4761 Saut,
3620 4700 3663 4744 et
3687 4691 3754 4743 in-

2180 4780 2390 4847 terﬁciet
2418 4798 2499 4834 me
2521 4780 2570 4849 (Ι
2602 4781 2726 4851 Reg.
2761 4797 2869 4850 xvr,
2896 4782 2975 4853 Ξ).
3004 4785 3067 4837 Et
3093 4784 3140 4838 ei
3170 4800 3267 4854 per
3290 4788 3631 4855 semetipsum
3662 4782 3753 4837 Ve-

2179 4871 2312 4925 ritas
2337 4872 2465 4927 dicit
2489 4889 2505 4928 :
2533 4873 2809 4945 Quousque
2841 4884 2894 4927 tu
2924 4875 3063 4946 luges
3096 4876 3331 4944 Saulem,
3363 4894 3479 4932 cum
3510 4895 3601 4950 ego
3630 4876 3754 4948 obje-

2181 4965 2335 5017 cerint
2365 4980 2481 5017 eum
2512 4963 2674 5034 (Ibid.
2694 5004 2710 5031 ,
2750 4965 2842 5033 1)?
2882 4966 3019 5032 Quid
3049 4983 3175 5037 ergo
3207 4969 3308 5023 isto
3349 4970 3461 5023 viro
3488 4970 3751 5038 benignius

2180 5057 2285 5111 dici
2320 5067 2515 5126 potest,
2549 5061 2638 5128 qui
2669 5068 2722 5113 et
2752 5058 2897 5114 hunc
2940 5075 3044 5114 non
3078 5060 3193 5114 vult
3226 5060 3479 5117 divinitus
3511 5059 3703 5130 percuti
3725 5072 3751 5111 a

2179 5166 2286 5220 quo
2316 5150 2564 5205 formidat
2612 5152 2824 5207 occidi?
2852 5152 2984 5206 Cum
3015 5152 3081 5207 ad
3119 5154 3334 5223 pietatis
3363 5165 3523 5223 atque
3555 5149 3751 5208 humili-

2178 5242 2307 5296 tatis
2335 5242 2705 5298 celsitudinem
2738 5245 3032 5310 tendimus,
3059 5245 3472 5313 praecedentium
3504 5240 3747 5310 exemplis

2177 5335 2437 5391 levamur.
2465 5338 2601 5404 Quid
2646 5338 2789 5393 enim
2840 5337 3003 5392 David
3050 5338 3475 5404 misericordius,
3507 5337 3630 5408 quid
3660 5334 3746 5387 hu-

2183 5430 2363 5485 milius
2394 5431 2500 5487 dici
2534 5440 2748 5504 potest,
2780 5432 2870 5503 qui
2900 5448 2929 5486 a
2977 5447 3100 5502 rege
3132 5432 3362 5502 reprobo
3394 5447 3490 5503 pro
3533 5426 3749 5485 victoriis

2186 5565 2291 5619 que
2314 5551 2498 5607 Norm.
2534 5552 2654 5607 νει.
2686 5553 2786 5607 Ed.
2813 5561 2867 5607 et
2887 5552 3049 5608 Gilot.
3081 5532 3297 5613 habent,
3322 5550 3528 5617 ﬁrmare
3552 5553 3746 5602 mental

2186 5638 2275 5693 per
2304 5625 2664 5677 constantiam.
2694 5624 2844 5685 Alia},
2875 5626 3084 5690 ﬁrmare
3109 5622 3287 5693 utentis
3310 5621 3668 5693 constantiam.

2257 5703 2279 5730 ο
2314 5694 2389 5747 Ita
2426 5695 2669 5759 \‘indoc.,
2702 5687 2897 5748 Pratel.
2946 5701 3001 5748 et
3050 5692 3138 5745 alii
3181 5693 3366 5746 Norm.
3417 5690 3534 5746 νει.
3577 5687 3671 5749 Ed.
3698 5691 3742 5741 et

2180 5762 2447 5821 Gussanv.
2479 5766 2694 5832 habent,
2724 5767 2905 5829 tolerat
2943 5772 3335 5837 persecutorem.
