4036 6348
255 243 350 300 ιοθ

994 228 1359 290 MORALIUM
1396 228 1523 285 LIB.
1568 228 1783 287 XXVII.
1822 257 1896 271 —
1932 227 1999 285 IN
2037 227 2265 288 CAPUT
2303 226 2527 290 XXXVI
2563 233 2627 290 Β.
2667 233 2809 291 JOB.

3374 190 3377 193 γ
3407 238 3517 295 M0

253 355 591 414 contumelias
612 352 833 423 recepit,
862 350 952 419 qui
974 348 1043 406 de
1070 364 1232 405 manu
1261 347 1446 405 hostili
1473 346 1818 403 lsraeliticam
1851 345 1900 409 Α
1925 345 2183 416 queritur,
2234 347 2423 404 dicens
2454 367 2470 404 :
2506 348 2631 405 Non
2660 357 2734 406 est
2764 351 2854 423 qui
2897 352 3137 408 extendat
3162 354 3306 410 ultra
3347 363 3512 410 tento-

251 460 451 522 gentem
502 447 655 502 fortis
700 444 930 511 eripuit,
960 450 1018 499 et
1062 450 1242 497 tamen
1288 443 1405 510 ipse
1453 455 1520 495 ne
1566 440 1825 495 moriatur

251 543 390 615 quasi
419 541 611 595 debilis
639 536 843 611 fugit(l
870 539 996 609 Reg.
1018 536 1253 625 xvttJD,
1285 534 1409 607 l9);
1434 535 1524 605 qui
1547 544 1601 589 et
1626 549 1685 590 se
1708 535 1822 590 ele-

249 650 380 697 ctum
409 637 591 693 divino
612 626 832 707 judicio,
854 644 908 689 et
937 641 1329 711 persecutorem
1352 646 1501 685 suum
1534 630 1822 698 reprobum

249 731 504 802 agnoscit,
532 741 583 783 et
615 728 803 783 tamen
820 726 995 781 eidem
1027 724 1351 796 persecutori
1383 737 1480 778 suo
1502 724 1705 779 crebra:
1737 738 1825 777 sa-

247 821 553 876 tisfactionis
592 817 889 872 humilitate
932 831 991 871 se
1042 814 1291 885 subjicit,
1324 816 1412 885 qui
1467 813 1823 882 persecutoris

247 910 476 969 lanceam
526 909 694 977 tollit,
722 923 870 964 oram
903 907 1202 979 chlamydis
1236 907 1535 972 detruncat,
1565 916 1725 977 atque
1756 890 1823 960 ad

246 1020 490 1061 cacumen
516 984 714 1057 montis
744 1000 986 1070 protinus
1011 1008 1279 1067 prouerat,
1307 1008 1361 1054 et
1392 1012 1495 1052 uno
1521 998 1823 1067 eodemque

244 1106 479 1170 tempore
527 1097 647 1165 quia
693 1096 854 1166 861
897 1091 1175 1150 occidendi
1227 1100 1545 1161 potestatem
1577 1090 1824 1146 habuerit

242 1197 488 1252 05tentat,
519 1196 573 1242 et
600 1202 665 1241 ne
693 1187 970 1241 occidatur
998 1184 1185 1253 rogat?

314 1280 398 1334 18.
449 1276 596 1332 More
626 1277 833 1329 nubium
875 1285 1081 1329 extensa
1126 1290 1279 1345 super
1307 1290 1401 1328 nos
1446 1274 1654 1327 illorum
1702 1289 1824 1328 san-

240 1383 434 1427 ctorum
462 1372 568 1424 vita
616 1371 855 1439 tegimur.
902 1396 973 1409 —-
1019 1367 1150 1433 Quia
1174 1378 1331 1435 'ergo
1366 1365 1418 1419 in
1450 1367 1657 1420 cunctis
1702 1379 1822 1437 quae

239 1466 546 1537 spiritaliter
578 1464 884 1533 appetimus
908 1460 1172 1527 exemplis
1194 1458 1625 1528 praecedentibus
1651 1458 1821 1513 infor-

240 1574 464 1623 mamus,
520 1558 657 1612 bene
707 1556 774 1609 de
821 1554 905 1607 his
950 1553 1181 1607 nubibus
1210 1551 1405 1606 dicitur
1452 1568 1466 1605 :
1507 1550 1635 1617 Qua:
1686 1565 1821 1618 pra:-

237 1659 409 1705 texunt
458 1657 641 1701 cuncta
688 1648 927 1715 desuper.
984 1644 1132 1699 More
1162 1644 1306 1697 enim
1341 1642 1561 1696 nubium
1591 1650 1817 1696 extensa

1925 440 2059 494 rium
2086 458 2272 508 meum,
2304 453 2355 499 et
2380 446 2541 517 erigat
2561 444 2719 517 pelles
2740 463 2881 503 meas
2907 446 3122 518 (Jerem.
3152 466 3207 517 ι,
3234 451 3350 521 20).
3374 451 3513 511 llinc

1925 547 2137 587 rursum
2187 534 2256 588 de
2302 538 2747 593 exterminatione
2786 538 2905 608 ejus
2949 540 3189 596 dicitur:
3236 541 3514 603 Dissipavit

1924 626 2072 695 quasi
2101 625 2305 679 hortum
2350 629 2623 695 tentorium
2652 646 2821 696 suum,
2866 632 3137 686 demolitus
3177 643 3247 686 est
3279 637 3513 690 taberna-

1924 717 2099 769 culum
2126 732 2278 771 suum
2315 715 2527 787 (Thren.
2560 734 2619 785 ιι,
2650 708 2741 789 6).’
2760 719 2790 759 δ
2819 719 2954 787 Quia
2982 721 3126 777 enim
3155 724 3209 778 in
3238 725 3392 799 unius
3417 739 3514 794 po-

1925 808 2032 877 puli
2063 809 2208 868 cultu
2241 816 2367 864 tunc
2403 810 2661 866 Dominus
2692 812 2833 869 inter
2875 812 3121 870 homines
3150 815 3322 883 latuit,
3354 833 3509 874 eum-

1926 892 2045 955 dem
2078 900 2179 955 sibi
2211 902 2465 971 populum
2500 904 2788 958 tentorium
2819 907 3060 960 'vocavit.
3100 906 3250 963 Unde
3280 918 3335 964 et
3364 916 3513 965 recte

1925 1010 2068 1077 nunc
2100 997 2268 1051 nubes
2318 997 2433 1052 ista:
2483 999 2600 1067 ejus
2629 997 2918 1054 tentorium
2948 1000 3218 1066 dicuntur,
3272 1002 3395 1071 quia
3442 1003 3508 1057 ad
3545 1034 3573 1093 ,ᾧ

1925 1102 2023 1142 nos
2072 1088 2212 1141 Deus
2246 1104 2339 1156 per
2363 1090 2588 1159 gratiam
2637 1090 2880 1159 veniens,
2914 1092 3052 1146 intra
3101 1092 3513 1162 prmdicatorum

1924 1196 2142 1237 suorum
2173 1191 2381 1237 mentes
2409 1184 2667 1252 operitur.
2700 1185 2783 1239 An
2832 1184 3028 1239 Paulus
3074 1185 3191 1255 ejus
3222 1186 3511 1241 tentorium

1925 1288 2032 1327 non
2061 1283 2197 1344 erat,
2234 1287 2353 1330 cum
2396 1290 2425 1327 a
2456 1274 2752 1331 Jerusalem
2786 1290 2882 1346 per
2920 1276 3202 1332 circuitum
3230 1291 3400 1346 usque
3439 1277 3509 1333 ad

1924 1363 2193 1435 Illyricum
2223 1365 2291 1420 ad
2321 1366 2483 1421 corda
2510 1367 2814 1423 mortalium
2836 1369 3078 1437 veniens,
3110 1369 3163 1423 in
3192 1368 3309 1437 ejus
3334 1379 3513 1426 mente

1928 1457 2183 1513 Dominus
2232 1459 2546 1526 quiescebat
2576 1461 2754 1532 (liam.
2805 1477 2893 1527 xv,
2939 1461 3071 1533 I9)?
3111 1463 3287 1520 Nubes
3317 1467 3515 1535 quippe

1924 1560 2039 1606 erat
2070 1551 2394 1616 hominibus.
2431 1557 2717 1608 tentorium
2771 1556 2904 1625 Deo,
2933 1557 3056 1627 quia
3106 1573 3267 1628 quem
3321 1559 3515 1628 prtedi~

1924 1645 2118 1709 cando,
2151 1642 2466 1700 infundebat
2493 1647 2855 1712 audientibus,
2900 1650 3041 1705 hunc
3068 1649 3407 1708 invisibiliter
3456 1653 3513 1710 in

238 1756 393 1809 super
438 1755 535 1794 nos
579 1748 785 1807 patrum
818 1737 923 1791 vita
958 1732 1207 1803 tegimur,
1241 1741 1299 1787 ιιι
1350 1733 1415 1786 ad
1470 1733 1699 1787 fructum
1733 1732 1815 1788 fe-
1852 1734 1903 1795 B
1929 1743 2109 1791 mente
2157 1736 2437 1791 retinebat.
2490 1737 2635 1793 Idem
2668 1754 2853 1793 rursus
2894 1741 3019 1795 dum
3065 1744 3275 1798 catenis
3306 1746 3517 1803 vinctus

239 1830 391 1889 eundi
418 1828 671 1900 germinis
704 1824 1065 1881 infundantur.
1104 1822 1348 1891 Et‘quasi
1385 1822 1655 1877 intuentes
1705 1837 1821 1878 coe-

236 1926 345 1981 lum
377 1925 521 1994 prius
554 1925 721 1977 nubes
751 1919 1064 1987 aspicimus,
1098 1915 1221 1988 quia
1272 1926 1397 1971 ante
1444 1916 1711 1972 bonorum
1744 1916 1824 1971 fa-

237 2027 320 2076 cta
347 2016 657 2069 admirando
688 2014 980 2073 cernimus,
1014 2022 1069 2067 et
1114 2020 1235 2080 pust
1265 2010 1355 2065 illa
1403 2025 1524 2080 qua:
1553 2018 1677 2063 sunt
1707 2024 1820 2065 cm-

236 2110 384 2173 lestia
413 2108 737 2177 experiendo
772 2117 1131 2174 pcnetramus.
1166 2102 1271 2158 Sed
1314 2101 1437 2171 quia
1485 2117 1822 2172 nequaquam

237 2205 420 2261 barum
451 2203 690 2263 nubium,
722 2200 772 2253 id
805 2208 886 2252 est
916 2198 1254 2266 antiquorum
1287 2206 1522 2264 patrum,
1565 2196 1673 2249 vita
1719 2209 1821 2250 no-

245 2296 326 2351 bis
352 2296 625 2364 virtusque
654 2300 969 2361 patesceret,
1004 2290 1104 2344 nisi
1132 2303 1247 2343 eam
1282 2289 1451 2342 nubes
1479 2288 1618 2352 alim,
1660 2287 1709 2341 id
1744 2296 1829 2342 est

236 2389 406 2446 sancti
434 2386 659 2456 apostoli
692 2385 891 2439 lumine
923 2399 1032 2436 sua:
1072 2380 1471 2450 prmdicationis
1503 2380 1817 2449 aperirent,

236 2483 301 2535 ad
335 2481 429 2533 has
459 2478 626 2531 nubes
656 2491 777 2547 quac
811 2472 1151 2544 praedicando
1182 2472 1441 2525 mundum
1474 2472 1823 2525 circumeunt

237 2586 415 2627 sermo
445 2569 649 2634 redeat,
700 2577 753 2621 et
804 2567 926 2636 quid
959 2582 1052 2635 per
1103 2566 1222 2620 illas
1252 2564 1511 2620 Dominus
1542 2564 1596 2620 in
1628 2565 1828 2621 mundo

236 2663 407 2735 egerit
436 2662 699 2716 ostendat.
733 2659 991 2727 Sequitur
1020 2676 1033 2711 :
1228 2694 1231 2695 ν

702 2750 928 2807 CAPUT
968 2750 1037 2804 χι
1076 2750 1226 2823 [Rem
1259 2748 1379 2821 VI].

308 2844 473 2901 Vens.
506 2844 597 2911 9.9,
630 2845 721 2898 '50.
752 2874 823 2884 —
850 2842 912 2898 Si
940 2842 1153 2897 voluerit
1183 2842 1455 2895 extendere
1485 2842 1641 2894 nubes
1682 2840 1830 2908 quasi

239 2941 510 2996 tentorium
539 2954 711 2999 suum,
742 2945 788 2989 et
813 2936 1082 3005 fulgurare
1110 2934 1301 2989 lumine
1324 2949 1417 2988 suo
1440 2935 1676 3003 desuper,
1711 2946 1829 2985 car-

239 3036 380 3089 dines
409 3047 604 3099 quoque
634 3030 793 3082 maris
822 3029 1033 3096 aperiet.

1924 1828 2154 1883 Romam
2187 1838 2396 1898 peteret
2426 1830 2624 1885 Paulus
2653 1842 3006 1902 occupaturus
3037 1835 3314 1901 mundum,
3344 1836 3518 1893 latens

1924 1919 1978 1976 in
2027 1922 2143 1990 cjus
2175 1930 2389 1990 pectore
2420 1924 2573 1991 quasi
2621 1924 2723 1979 sub
2774 1926 3002 1981 tentorio
3035 1927 3143 1981 ibat
3195 1929 3334 1983 Deus
3377 1922 3516 2000 (Act.

1925 2028 2112 2081 xxvrn,
2143 2015 2256 2083 l5),
2284 2015 2407 2084 quia
2454 2024 2509 2070 et
2553 2016 2795 2070 occultus
2826 2012 2997 2073 videri
3031 2033 3137 2072 non
3184 2027 3415 2088 poterat,
3462 2028 3518 2075 et

1929 2123 2024 2177 per
2050 2107 2211 2163 verba
2244 2108 2643 2177 praedicationis
2674 2109 2913 2178 proditus
2959 2109 3066 2166 iter
3094 2111 3357 2167 inchoata:
3398 2127 3520 2183 gra-

1929 2199 2017 2254 tiae
2067 2201 2195 2281 sine
2230 2200 2533 2256 cessatione
2583 2203 2894 2274 peragebat.
2946 2202 3125 2259 Nubes
3153 2203 3268 2273 ejus
3310 2205 3521 2276 Moyses

1930 2293 2158 2357 exstitit,
2191 2308 2310 2348 cum
2361 2294 2667 2364 priusquam
2722 2297 2863 2365 plebi
2915 2297 3219 2353 Israeliticae
3265 2298 3518 2357 ducatum

1933 2384 2216 2453 praeberet,
2261 2385 2611 2455 quadraginta
2644 2389 2799 2441 annis
2849 2388 2903 2441 in
2934 2389 3154 2443 deserto
3199 2391 3362 2462 862
3393 2406 3520 2461 per-

1930 2488 2174 2537 manens,
2206 2484 2259 2528 et
2287 2475 2534 2530 sublimia
2565 2489 2846 2546 appetens,
2868 2494 2924 2545 7a
2972 2483 3385 2537 conversatione
3425 2497 3522 2550 po-

1932 2568 2041 2637 puli
2069 2581 2380 2640 segrcgatus
2421 2571 2577 2625 vixit.
2611 2570 2717 2628 Sed
2750 2574 3040 2629 tentorium
3092 2575 3184 2630 Dei
3216 2575 3388 2631 factus
3414 2588 3520 2642 est.

1930 2674 2055 2714 cum
2078 2660 2151 2713 ad
2202 2664 2557 2715 revocandum
2607 2664 2859 2731 populum
2901 2663 2954 2718 in
3000 2664 3293 2737 Egyptum
3327 2670 3521 2725 missus

1932 2750 2044 2805 ibat
2070 2749 2269 2822 (Exod.
2296 2767 2374 2817 ιιι,
2409 2751 2524 2823 10),
2558 2763 2775 2823 portans
2804 2755 3124 2811 invisibilem
3154 2759 3210 2811 in
3241 2760 3402 2815 corde
3428 2775 3521 2815 ve-

1934 2843 2167 2912 ritatem,
2202 2859 2323 2898 cum
2372 2847 2711 2914 omnipotens
2770 2847 2927 2912 Deus,
2976 2846 3067 2918 qui
3117 2852 3421 2918 patescebat
3466 2853 3521 2909 in

1933 2949 2123 3001 opere,-
2172 2937 2369 2990 latebat
2416 2938 2466 2991 in
2498 2938 2686 2993 corde.
2721 2939 2787 2994 Et
2830 2942 3025 3011 ubique
3056 2957 3295 3011 prmsens
3340 2945 3521 2999 omnia

1934 3028 2235 3093 continens,
2269 3028 2370 3083 iter
2401 3029 2453 3083 in
2504 3044 2601 3084 suo
2629 3028 2829 3085 famqu
2861 3034 2913 3087 iu
2960 3033 3252 3104 Egyptum
3300 3038 3523 3094 veniens

315 3123 401 3178 l9.
433 3123 615 3178 Sancti
668 3121 760 3175 Dei
808 3120 1027 3174 tentoria
1073 3127 1215 3183 sunt,
1248 3118 1300 3171 in
1347 3118 1528 3187 quibus
1558 3118 1699 3191 apud
1730 3112 1831 3172 nos
1860 3130 1909 3195 ο
1940 3120 2186 3176 faciebat.
2218 3122 2368 3178 Unde
2392 3124 2647 3193 scriptum
2678 3135 2759 3180 est
2787 3142 2800 3179 :
2828 3124 2930 3199 Ivit
2953 3125 3095 3182 Deus
3126 3114 3179 3182 in
3208 3127 3521 3202 .Egyptum,

241 3217 433 3271 habitat
490 3225 537 3269 et
590 3212 841 3267 ambulat.
907 3211 1078 3265 Paulo
1157 3211 1378 3265 Romam
1436 3219 1679 3277 petente,
1756 3211 1833 3264 la-

241 3316 351 3362 tens
396 3309 449 3359 in
505 3309 615 3365 eius
663 3314 866 3376 pectore
911 3306 1058 3373 quasi
1108 3302 1199 3356 sub
1238 3304 1454 3377 tentorio
1501 3302 1606 3355 ibat
1670 3300 1832 3358 Deus.

239 3427 315 3442 —-
358 3396 609 3453 Extendit
659 3396 827 3449 nubes
892 3395 1189 3457 Dominus,
1237 3394 1363 3447 dum
1413 3393 1671 3448 ministris
1721 3393 1835 3449 suis

240 3491 382 3546 viam
437 3488 830 3558 praedicationis
882 3486 1313 3567 aperiensfieos
1370 3486 1422 3537 iu
1480 3484 1663 3549 mundi
1713 3484 1833 3538 lati-

242 3582 480 3638 tudinem
523 3575 943 3649 circumquaque
991 3576 1262 3632 diffundit.
1321 3578 1467 3630 B’ene
1513 3586 1691 3630 autem
1750 3575 1836 3629 di-

241 3684 388 3731 ctum
417 3682 498 3727 est
526 3689 540 3726 :
577 3672 738 3736 Quasi
769 3672 1048 3723 tentorium
1077 3685 1251 3724 suum.
1280 3667 1324 3722 Τ
1329 3669 1596 3721 eutorium
1628 3667 1830 3737 quippe

240 3767 299 3823 in
354 3765 546 3819 itinere
578 3763 702 3833 poni
755 3764 913 3817 solet.
947 3761 1013 3815 Et
1059 3776 1179 3815 cum
1232 3759 1614 3829 praedicatores
1661 3760 1833 3814 sancti

239 3869 296 3924 in
328 3866 586 3921 mundum
617 3864 917 3927 mittuntur,
953 3862 1057 3915 iter
1106 3861 1216 3914 Deo
1244 3859 1467 3913 faciunt.
1500 3858 1654 3915 Unde
1693 3860 1832 3913 scri-

238 3968 392 4030 ptum
425 3966 553 4011 est:
618 3953 752 4009 Ecce
796 3956 942 4008 mitto
989 3952 1230 4023 angelum
1274 3968 1444 4005 meum
1486 3963 1603 4006 ante
1648 3953 1832 4022 [aciem

238 4058 412 4117 tuam,
440 4048 528 4117 qui
554 4050 861 4117 preparavit
891 4044 1024 4099 viam
1056 4054 1194 4096 tuam
1223 4052 1249 4079 ⁸
1278 4053 1397 4096 ante
1422 4052 1470 4097 te
1499 4041 1715 4110 (Malac.
1744 4058 1817 4097 ut

240 4141 319 4213 I).
349 4141 414 4195 Et
431 4138 571 4194 unde
593 4154 801 4193 rursum
830 4152 922 4205 per
936 4136 1273 4191 Psitlmistam
1291 4135 1485 4190 dicitur
1505 4151 1522 4188 ε
1542 4133 1831 4205 Ιιενταεὶιε

234 4233 388 4303 eiqui
418 4231 648 4285 ascendit
672 4245 827 4301 super
851 4244 1092 4283 occasum
1112 4226 1279 4297 (Psal.
1313 4242 1478 4291 vau,
1510 4226 1589 4298 5).
1625 4227 1692 4281 Et
1715 4242 1832 4280 rur-

237 4343 363 4383 sum
395 4343 409 4378 :
450 4323 611 4390 Deus,
643 4341 758 4377 cum
786 4322 1098 4393 egredereris
1128 4337 1300 4374 coram
1330 4320 1520 4389 populo
1549 4329 1660 4384 tuo,
1707 4320 1831 4393 dum

231 4418 664 4489 transgredereris
694 4431 784 4486 per
813 4417 1087 4479 desertum,
1118 4422 1255 4466 terra
1283 4422 1419 4465 mota
1435 4421 1509 4465 est
1529 4410 1719 4484 (Ibid.,
1744 4414 1826 4479 8).

1938 3224 1994 3270 ut
2021 3216 2284 3270 redimeret
2314 3218 2412 3271 sibi
2434 3219 2679 3290 pupulum
2710 3218 2905 3290 (Exod.
2946 3236 3032 3281 xv.
3068 3223 3165 3288 15,
3199 3240 3300 3278 sec.
3330 3222 3525 3296 LXX).

1940 3306 2081 3363 Ecce
2111 3310 2189 3363 ire
2226 3308 2443 3376 dicitur,
2499 3325 2594 3378 per
2624 3311 2781 3380 cujus
2812 3313 3329 3382 incircumscriptam
3378 3332 3526 3385 prtu-

1937 3401 2167 3456 sentiam
2213 3411 2405 3455 cuncta
2435 3404 2800 3469 continentur,
2851 3405 2973 3473 quia
3022 3405 3069 3459 is
3096 3406 3185 3474 qui
3218 3407 3414 3476 ubique
3457 3424 3525 3465 ex

1938 3494 2219 3562 majestate
2229 3493 2475 3564 estquasi
2490 3496 2540 3547 in
2558 3496 2638 3549 via
2651 3509 2866 3565 gressus
2884 3497 3029 3565 ponit
3043 3512 3108 3551 ex
3127 3499 3525 3566 praedicatione.

2008 3584 2099 3640 20.
2134 3586 2271 3651 Deus
2299 3601 2389 3656 per
2416 3594 2620 3640 sanctos
2666 3585 2919 3656 fulgurat,
2953 3603 3070 3641 cum
3106 3589 3209 3642 edit
3252 3592 3523 3646 miracula.

1939 3674 2071 3729 ch
2122 3676 2175 3729 in
2219 3675 2635 3745 praedicatoribus
2681 3678 2987 3731 necessaria.
3039 3706 3108 3721 —-
3161 3679 3266 3734 Sed
3320 3679 3525 3736 eisdem

1937 3767 2136 3822 sanctis
2185 3766 2626 3837 praedicatoribus
2687 3782 3019 3837 nequaquam
3073 3767 3140 3823 ad
3190 3769 3527 3839 persuaden-

1937 3858 2063 3914 dum
2118 3859 2281 3913 vetba
2336 3848 2630 3926 su’fliciunt,
2686 3859 2789 3913 nisi
2841 3860 3001 3913 etiam
3037 3860 3294 3915 miracula
3322 3861 3528 3917 addan-

1937 3960 2042 4005 tur.
2094 3949 2247 4006 Unde
2293 3964 2415 4004 cum
2457 3950 2658 4004 dictum
2701 3950 2771 4004 sit
2818 3967 2831 4002 :
2884 3950 2957 4019 Si,
2987 3952 3201 4005 voluerit
3260 3954 3528 4008 extendere

1937 4043 2093 4096 nubes
2133 4042 2282 4112 quasi
2310 4041 2586 4095 tentorium
2640 4058 2813 4107 suum,
2847 4050 2993 4097 recte
3032 4043 3368 4113 subjungitur
3408 4062 3423 4099 :
3456 4045 3529 4101 Et

1936 4133 2206 4204 fulgurare
2234 4134 2426 4187 lumine
2444 4149 2537 4187 suo
2560 4134 2797 4205 desuper.
2829 4135 2966 4200 Quid
3009 4136 3153 4190 enim
3197 4137 3397 4194 sentire
3429 4139 3529 4194 ful-

1935 4241 2088 4296 gura,
2119 4226 2219 4280 nisi
2243 4226 2500 4280 miracula
2532 4226 2827 4282 debemus?
2860 4228 2927 4281 de
2956 4228 3150 4297 quibus
3182 4244 3276 4298 per
3305 4230 3529 4286 Psalmi-

1935 4329 2073 4375 stam
2101 4320 2294 4375 dicitur
2337 4319 2625 4391 :Fulgura
2675 4320 3061 4392 multiplicabis,
3108 4333 3154 4376 et
3201 4325 3527 4381 conturbabis

1936 4429 2020 4468 eos
2042 4412 2211 4483 (Psal.
2255 4426 2438 4477 cxutt,
2469 4411 2538 4476 6,
2567 4427 2671 4465 sec.
2723 4410 2909 4481 LXX).
2944 4411 3045 4466 Per
3075 4410 3171 4466 bas
3200 4427 3328 4482 ergo
3358 4414 3528 4471 nubes

230 4515 383 4570 Deus
412 4518 577 4579 enim,
602 4510 693 4579 qui
722 4525 816 4579 per
846 4506 1197 4575 semetipsum
1227 4521 1333 4559 non
1365 4506 1608 4560 localiter
1630 4507 1825 4575 ubique
1844 4521 1911 4583 Ἰ)
1935 4505 2134 4560 lumine
2182 4518 2280 4559 suo
2309 4504 2540 4572 desuper
2578 4501 2836 4572 fulgurat,
2870 4504 2991 4573 quia
3025 4518 3122 4573 per
3151 4505 3530 4573 pru'dicatores

226 4617 339 4675 est,
375 4620 470 4674 per
500 4602 877 4671 praedicatores
906 4615 1034 4654 suos
1066 4602 1119 4663 in
1150 4596 1340 4653 mundi
1372 4606 1554 4667 partes
1585 4597 1831 4652 localiter
1940 4603 2156 4652 sanctos
2199 4594 2624 4651 insensibilitatis
2661 4595 3144 4651 nostrae'tenebras
3172 4594 3332 4652 etiam
3368 4601 3531 4665 mira.

225 4698 497 4755 ambulat.
534 4695 684 4750 Unde
712 4695 871 4748 etiam
905 4707 1000 4761 per
1027 4690 1343 4761 prophetam
1376 4689 1575 4744 dicitur
1604 4706 1619 4743 :
1652 4688 1723 4742 Et
1748 4689 1832 4743 in-
1939 4690 2071 4747 culis
2101 4689 2350 4743 illustrat.

219 4791 507 4847 ambulabo
554 4790 607 4842 in
654 4787 725 4841 eis
758 4784 943 4855 (Lavit.
995 4800 1151 4851 sxw,
1203 4783 1301 4849 1‘2;
1350 4780 1414 4835 ΙΙ
1457 4781 1578 4837 Cor.
1605 4796 1680 4848 vt,
1713 4780 1827 4853 16).
2007 4779 2100 4836 21.
2156 4778 2518 4834 Extremorum
2584 4779 2737 4833 etiam
2786 4778 3118 4834 terminorum
3164 4780 3347 4834 mundi
3404 4797 3530 4837 con-

220 4886 340 4939 ltcr
370 4882 572 4951 quippe
600 4894 698 4949 per
724 4892 818 4932 eos
844 4878 974 4944 agit,
1006 4875 1134 4931 dum
1165 4875 1413 4930 humanis
1445 4871 1701 4929 cordibus
1724 4887 1823 4928 eo-
1937 4872 2120 4927 persia.
2172 4868 2447 4924 Britannia
2494 4868 2617 4938 ﬁdei
2660 4868 2887 4924 subdita.
2936 4898 3008 4911 —-
3057 4869 3310 4943 Cumque
3356 4874 3527 4929 nubes

215 4992 351 5031 rum
385 4990 448 5029 se
478 4972 694 5041 eloquio
742 4969 994 5023 infundit.
1026 4971 1202 5037 Atque
1231 4967 1285 5021 in
1321 4966 1426 5022 hoc
1472 4966 1666 5021 itinere
1706 4973 1827 5018 ten-
1938 4961 2056 5017 isne
2127 4961 2305 5017 verbis
2360 4961 2584 5030 pluunt,
2645 4976 2876 5030 cumque
2931 4962 3206 5018 miraculis
3270 4964 3377 5019 vim
3437 4978 3531 5020 co-

216 5068 373 5120 toria
407 5065 502 5118 Dei
528 5071 655 5117 sunt
701 5061 817 5115 haec
840 5060 1028 5115 eadem
1059 5059 1223 5113 corda
1249 5066 1584 5122 sanctorum,
1618 5056 1828 5125 'quibus
1936 5057 2286 5114 ruscaavlucis
2330 5055 2614 5126 aperiunt,
2677 5066 2951 5112 extremos
2993 5058 3155 5112 etiam
3188 5058 3373 5113 mundi
3424 5066 3531 5113 ter-

210 5155 385 5223 quasi
439 5153 605 5208 invia
656 5149 984 5222 quiescendo
1037 5150 1254 5219 tegitur,
1301 5148 1427 5202 dum
1471 5162 1569 5217 per
1598 5146 1715 5202 haec
1757 5146 1827 5202 ad
1935 5151 2111 5205 minos
2162 5149 2219 5205 in
2264 5148 2507 5203 divinum
2562 5163 2805 5203 amorem
2858 5157 3201 5204 convertunt.
3259 5147 3413 5204 Unde
3438 5163 3523 5203 re-

211 5255 447 5301 tuentes
497 5244 776 5298 hominum
827 5242 1077 5305 veniens,
1127 5242 1237 5311 agit
1276 5255 1393 5310 qua:
1440 5238 1728 5309 disposuit,
1773 5247 1830 5294 et
1936 5254 2024 5301 cte
2076 5244 2323 5299 subditur
2368 5261 2383 5298 :
2441 5242 2692 5299 Cardine;
2751 5258 2953 5314 quoque
3012 5242 3170 5296 mari;
3232 5241 3447 5312 ορετξεε,
3499 5252 3525 5283 ο

208 5355 335 5397 non
392 5338 629 5394 videtur.
679 5335 827 5411 [Vet.
896 5332 1093 5406 Vlll.]
1144 5334 1278 5388 Hinc
1330 5341 1413 5388 est
1464 5331 1610 5402 quod
1664 5332 1828 5388 simul
1934 5334 2090 5405 Quod
2145 5333 2449 5390 faciendum
2506 5333 2720 5404 quidem
2769 5333 2888 5387 Eliu
2922 5332 3147 5387 vocibus
3195 5332 3522 5407 audivimus,

206 5431 409 5488 ontuis
460 5444 732 5502 synagoga
763 5428 1052 5484 tentorium
1102 5434 1361 5493 vocatur,
1411 5439 1534 5479 cum
1581 5438 1828 5481 cessasse
1935 5427 2031 5484 sed
2085 5438 2306 5482 auctore
2365 5426 2477 5480 Deo
2530 5425 2640 5493 jam
2695 5423 2896 5478 factum
2964 5422 3260 5478 cernimus.
3334 5424 3526 5483 Omni-

204 5539 242 5580 a
273 5523 697 5596 praedicatione
746 5521 1053 5577 sacerdotes
1087 5519 1344 5574 Dominus
1403 5532 1498 5587 per
1530 5516 1821 5574 Jeremiam
1933 5529 2125 5590 potens
2150 5519 2295 5575 enim
2318 5516 2576 5573 Dominus
2597 5515 3005 5572 coruscantibus
3026 5514 3254 5573 nubibus
3278 5518 3523 5577 cardines

1864 5699 1881 5712 κ
1947 5660 2196 5717 Dominus
2223 5661 2358 5714 inter
2385 5658 2613 5713 homines
2642 5658 2944 5717 ambulavit.

285 5673 321 5705 ⁸
350 5664 416 5721 In
449 5661 917 5726 Vindoc.,“CoIb.,
952 5661 1159 5725 Baluz.,
1192 5661 1459 5714 omittitur
1486 5669 1602 5714 ante
1633 5670 1698 5717 te.
1864 5699 1881 5712 κ
1947 5661 2196 5717 Dominus
2223 5661 2358 5714 inter
2385 5661 2613 5713 homines
2642 5661 2944 5717 ambulavit.

285 5734 321 5776 1³
347 5736 610 5805 Longip.,
633 5735 758 5805 quia
804 5734 940 5789 enim
963 5735 1017 5790 in
1056 5732 1203 5789 illius
1234 5730 1414 5803 papuli
1443 5728 1661 5804 cultum,
1708 5742 1827 5788 tunc
2010 5743 2035 5776 ο
2062 5731 2312 5802 Vindoc.,
2344 5729 2543 5786 Pratel.
2576 5739 2632 5787 et
2659 5729 2733 5802 al,
2765 5732 2901 5804 quod
2930 5732 3164 5804 futurum
3188 5729 3415 5805 quidem,

284 5734 321 5776 ¹³
347 5736 610 5809 Longip.,
633 5735 758 5806 quia
804 5734 940 5789 enim
963 5735 1017 5790 in
1056 5732 1203 5789 illius
1234 5730 1414 5803 populi
1443 5728 1661 5804 cultum,
1708 5742 1827 5788 tunc
