4004 6350
562 205 660 269 ιιι

1777 208 2024 267 SANCTI
2066 209 2398 267 GREGORII
2438 208 2656 269 MAGNI
3700 223 3785 281 ΗΞ

565 337 731 378 ιιιιτιε
784 286 1022 393 operuit,
1050 322 1174 394 quia
1217 320 1574 379 emicantibus
1614 320 2025 391 praedicatorum
2056 322 2154 377 mi-
2179 325 2234 395 Α
2257 324 2416 379 corda
2466 332 2650 378 nostra
2701 321 2843 379 male
2877 320 3063 393 jejuna
3090 321 3392 383 satientur?
3416 320 3563 393 Quid
3584 328 3783 402 Paulus,

558 417 781 495 raculis,
809 417 878 471 ad
925 416 1087 489 ﬁdem
1137 416 1300 475 etiam
1332 415 1593 471 terminos
1642 416 1829 473 mundi
1874 416 2145 487 perduxit.

558 509 705 579 Ecce
725 511 869 567 enim
896 526 1031 581 pene
1058 518 1369 567 cunctarum
1390 509 1505 580 jam
1531 511 1773 579 gentium
1796 510 1960 566 corda
1986 525 2149 580 pene-

559 603 756 671 travit;
803 618 931 660 ecce
982 604 1033 659 in
1063 618 1171 659 una
1202 604 1307 661 ﬁde
1360 604 1597 661 Orientis
1626 603 1851 660 limitem
1881 604 2147 662 Occiden-

558 696 730 763 tisque
760 693 1074 764 conjunxit;
1142 708 1271 751 ecce
1294 704 1321 733 ι
1354 682 1534 766 lingua
1573 694 1885 763 Britannias,
1914 711 2033 766 qua:
2076 694 2149 751 nil

557 786 699 841 aliud
730 794 972 854 noverat,
994 801 1154 855 quam
1185 788 1473 845 barbarum
1505 787 1777 854 frendere,
1808 788 1918 858 jam
1942 787 2144 844 dudum

555 875 611 934 in
660 876 859 935 divinis
892 875 1142 933 laudibus
1174 877 1458 934 Hebraeum
1502 879 1668 949 erepit
1720 878 1951 935 Alleluia
1999 891 2148 935 resoc

555 978 706 1029 nare.
756 966 895 1033 Ecce
925 968 1193 1037 quondam
1235 970 1492 1039 tumidus,
1523 970 1634 1041 jam
1684 971 1984 1026 substratus
2011 984 2147 1026 san-

553 1065 759 1117 ctorum
811 1060 1037 1131 pedibus
1078 1063 1249 1119 servit
1294 1066 1559 1129 Oceanus,
1617 1062 1842 1134 ejusque
1885 1065 2146 1121 barbaros

553 1164 753 1221 motus,
785 1169 921 1223 quos
949 1157 1151 1211 terreni
1182 1158 1455 1226 principes
1485 1158 1740 1214 edomare
1769 1157 1917 1215 ferro
1946 1162 2143 1226 nequi-

554 1257 764 1313 verant,
815 1246 915 1302 hos
964 1262 1061 1317 pro
1091 1248 1273 1305 divina
1326 1247 1620 1305 formidine
1667 1249 2006 1304 sacerdotum
2049 1264 2144 1305 ora

554 1338 893 1407 simplicibus
942 1340 1121 1396 verbis
1168 1340 1371 1411 ligant;
1404 1350 1459 1398 et
1504 1342 1595 1412 qui
1624 1351 1869 1398 catervas
1901 1357 2143 1411 pugnan-

552 1432 685 1486 tium
719 1431 957 1487 inlidelis
987 1448 1324 1504 nequaquam
1373 1443 1658 1499 metuerat,
1687 1434 1798 1504 jam
1840 1449 1981 1490 nunc
2010 1435 2143 1490 tide-

552 1519 621 1575 lis
651 1523 929 1578 humilium
960 1523 1167 1595 linguas
1192 1524 1366 1580 timet.
1399 1526 1532 1592 Quia
1560 1526 1704 1582 enim
1738 1527 2006 1595 perceptis
2031 1540 2145 1581 cm-

551 1610 781 1683 lestibus
834 1616 1032 1685 verbis,
1084 1618 1512 1676 clarescentibus
1560 1634 1775 1691 quoque
1823 1620 2140 1687 miraculis,

2252 414 2384 486 quid
2410 413 2642 471 Joannes
2671 429 2767 484 per
2791 414 3048 485 epistolas
3079 414 3363 485 loquentes
3401 428 3685 495 operantur,
3704 426 3787 482 nisi

2252 518 2311 561 ut
2343 514 2551 561 mentes
2603 517 2802 561 nostrte
2849 505 3090 562 caelestia
3122 507 3377 579 alimenta
3413 511 3703 580 percipiant,
3743 533 3785 575 ei.

2250 594 2448 661 inediae
2480 612 2592 652 suze
2639 596 2911 653 fastidium
2942 612 3048 669 quo
3094 598 3458 656 moriebantur
3482 601 3790 662 vincantlDi-

2248 700 2402 747 catur
2427 704 2556 760 ergo
2587 708 2599 743 :
2634 689 2696 746 Si
2739 688 2960 745 uoluerit
3001 692 3271 746 extendere
3300 692 3454 747 nubes
3474 696 3610 763 quasi
3648 706 3783 750 tento-

2248 783 2384 847 rium
2408 797 2577 849 suum,
2608 791 2655 836 et
2680 782 2944 852 fulgurare
2980 782 3172 838 lumine
3203 799 3296 839 suo
3325 784 3559 853 desuper,
3597 790 3794 842 cardines

2247 890 2447 946 quoque
2491 874 2649 928 maris
2693 874 2902 945 aperiet.
2939 873 3045 928 Per
3079 874 3189 931 hac
3212 876 3567 946 enim’judicat
3594 879 3792 950 populos,

2248 977 2296 1022 et
2336 968 2426 1022 dat
2456 982 2595 1020 escas
2622 965 2799 1019 multis
2826 966 3156 1022 mortalibus.
3185 966 3262 1022 Ac
3290 966 3336 1020 si
3370 977 3550 1034 aperte
3584 966 3796 1023 diceret:

2248 1058 2305 1116 Si
2338 1068 2554 1114 sanctos
2584 1071 2712 1112 suos
2742 1057 2794 1112 in
2826 1056 3187 1115 ministerium
3222 1056 3616 1129 praedicationis
3644 1066 3796 1125 esten-

2251 1149 2352 1214 dit,
2388 1135 2684 1217 eorumque
2708 1147 2871 1201 verba
2901 1147 3172 1203 miraculis
3203 1148 3441 1217 adjuvat,
3471 1148 3624 1201 totius
3642 1147 3797 1203 mundi

2247 1238 2458 1303 limites
2489 1237 2554 1292 ad
2586 1234 2746 1292 fidem
2775 1246 2964 1307 vocat,
2998 1253 3093 1309 per
3122 1254 3239 1309 quae
3268 1247 3324 1295 et
3356 1238 3497 1307 prius
3525 1238 3802 1308 superbien-

2247 1338 2330 1386 tes
2370 1329 2599 1400 judicat,
2632 1327 2660 1367 ιι
2689 1337 2744 1383 et
2772 1337 2892 1399 post
2916 1343 3012 1399 per
3057 1330 3285 1386 verbum
3314 1327 3688 1387 consolationis
3712 1344 3796 1382 nu-

2249 1427 2417 1483 triens
2445 1429 2501 1481 in
2533 1442 2628 1497 spe
2658 1427 2888 1484 humiles
2917 1429 3155 1485 roborat.

2319 1516 2466 1590 [Vet.
2496 1517 2581 1573 1X
2610 1517 2649 1591 .]
2680 1519 2770 1575 Q3.
2823 1518 3234 1604 NonJomuibus
3274 1518 3403 1587 ﬁdes
3434 1517 3604 1571 datur.
3626 1546 3688 1554 —
3711 1514 3797 1569 Sed

2247 1623 2370 1664 cum
2399 1624 2551 1665 escas
2584 1609 2711 1665 dare
2743 1603 3060 1687 mortalibus
3104 1610 3327 1675 diceret,
3366 1606 3653 1662 notandum
3681 1603 3798 1677 quod

552 1707 719 1761 Virtus
758 1708 807 1763 ei
837 1708 1030 1763 divinae
1059 1710 1380 1781 cognitionis
1412 1711 1730 1779 infunditur,
1779 1709 2023 1781 ejusdem
2054 1710 2143 1765 di-
2175 1717 2224 1781 B
2250 1715 2355 1756 non
2405 1702 2501 1768 ait.
2532 1704 2802 1770 omnibus.
2834 1703 2930 1758 sed
2962 1702 3167 1769 ωυιῑίεο
3228 1703 3351 1771 (illi:l
3404 1700 3493 1755 νίά
3533 1699 3648 1755 licet
3690 1697 3802 1751 sui“

536 1799 787 1877 ginitatis
814 1809 1018 1875 terrore
1034 1802 1354 1872 refrenatur,
1376 1811 1434 1858 ut
1456 1818 1620 1874 prava
1649 1817 1810 1873 agere
1834 1810 2058 1869 metuat,
2082 1816 2145 1859 ac

555 1893 675 1948 totis
708 1893 988 1951 desideriis
1009 1894 1073 1950 ad
1104 1896 1422 1953 aeternitatis
1456 1896 1681 1967 gratiam
1702 1894 1981 1964 pervenire
2014 1909 2145 1951 con-

552 1985 815 2055 cupiscat.
856 1985 1005 2043 Unde
1033 1987 1121 2043 hic
1151 2004 1365 2059 quoque
1385 1988 1765 2068 convenienter
1794 1986 2100 2059 adjungitur
2127 2004 2141 2040 :

1056 2072 1062 2079 ’
1151 2077 1379 2136 CAPUT
1417 2078 1534 2135 ΧΙΙ.
1824 2096 1827 2101 ‘

620 2165 784 2223 Vens.
816 2169 905 2225 51.
939 2199 1010 2212 —-
1049 2168 1156 2224 Per
1183 2171 1293 2226 lucc
1322 2172 1457 2226 enim
1484 2172 1683 2242 iudicat
1707 2171 1952 2242 papulas,
1982 2180 2030 2227 et
2053 2173 2145 2227 dat

548 2273 684 2313 escas
717 2260 889 2314 multis
917 2261 1242 2317 mortalibus.
1740 2274 1743 2281 '
1864 2268 1875 2279 “

614 2346 705 2402 22.
743 2348 847 2404 Per
875 2352 1078 2407 eosdem
1106 2352 1471 2423 prwdicatores
1503 2353 1723 2409 nubibus
1750 2354 2070 2427 designatos,
2095 2367 2143 2412 et

546 2444 712 2493 terror
738 2440 989 2512 inﬂigitur
1009 2483 1023 2510 ,
1068 2451 1116 2498 et
1143 2460 1258 2498 esca
1283 2445 1453 2499 datur.
1486 2474 1557 2485 —
1604 2445 1709 2501 Per
1740 2445 1855 2502 haec
1888 2447 2138 2504 nimirum

546 2531 709 2587 verba
742 2534 1174 2605 praedicatorum,
1206 2536 1258 2592 id
1289 2547 1372 2593 est
1402 2547 1581 2608 guttas
1612 2539 1855 2604 nubium,
1901 2554 1995 2610 per
2026 2540 2142 2595 haec

544 2623 755 2699 fulgura
785 2626 1165 2684 miraculorum
1200 2628 1342 2684 Deus
1370 2630 1596 2700 populos
1635 2629 1864 2711 judicat,
1894 2632 2016 2701 quia
2046 2646 2141 2689 eo-

544 2718 663 2771 ru‘m
695 2717 855 2774 corda
889 2720 1075 2776 territa
1112 2722 1177 2777 ad
1210 2722 1582 2793 paenitentiam
1614 2732 1789 2779 vocat.
1838 2725 1968 2779 Nam
2010 2725 2137 2787 dum

542 2818 775 2875 superna
804 2808 1061 2877 audiunt,
1117 2811 1243 2867 dum
1276 2812 1410 2871 mira
1460 2828 1626 2885 opera
1656 2814 1958 2883 attendunt,
2009 2804 2143 2872 mos

542 2897 610 2951 ad
642 2899 804 2953 corda
836 2916 931 2958 sua
958 2903 1210 2971 redeunt,
1242 2913 1296 2959 et
1322 2919 1382 2959 se
1408 2905 1475 2961 de
1502 2908 1762 2962 anteactis
1785 2907 2135 2977 pravitatibus

544 2985 867 3058 afﬂigentes,
900 3002 1100 3049 aeterna
1145 2998 1411 3051 termeuta
1454 2998 1862 3066 pertimescunt.
1892 2998 1998 3055 Sed
2039 3014 2137 3070 per

2250 1804 2398 1864 ptum
2426 1806 2508 1851 est
2539 1814 2553 1852 :
2584 1795 2706 1851 Non
2737 1798 2965 1853 omnium
2990 1806 3062 1852 est
3088 1796 3217 1866 ﬁdes
3242 1794 3329 1871 (11
3344 1795 3526 1850 Thess.
3557 1810 3635 1864 tu,
3659 1792 3728 1864 2).
3755 1792 3806 1848 Et

2249 1887 2567 1958 quibusdam
2594 1889 2819 1945 dicitur:
2847 1888 3131 1960 Propterea
3155 1906 3241 1944 uos
3271 1906 3376 1944 non
3397 1889 3607 1954 auditis,
3636 1888 3741 1957 quia
3758 1901 3805 1939 es

2252 1977 2360 2053 lico
2386 1997 2487 2035 non
2513 1981 2630 2035 estis
2660 1979 2842 2053 (Joan,
2876 1997 2993 2047 vni,
3017 1980 3132 2052 47).
3155 1981 3223 2036 Ει
3250 1996 3467 2037 rursum
3493 1996 3509 2035 :
3544 1978 3700 2034 Nemo
3718 1987 3808 2048 pot-

2248 2078 2320 2124 est
2365 2071 2530 2127 uenire
2558 2071 2627 2125 ad
2656 2088 2751 2137 me,
2788 2072 2888 2127 nisi
2936 2070 3115 2141 Pater,
3146 2073 3237 2143 qui
3285 2072 3426 2126 misit
3471 2086 3574 2136 me,
3627 2068 3807 2122 traxerit

2246 2176 2360 2215 eum
2401 2161 2579 2233 (Joan.
2610 2178 2683 2229 vr,
2716 2161 2832 2233 45).
2864 2162 2932 2219 Et
2983 2180 3195 2219 rursum
3224 2182 3237 2219 :
3275 2162 3437 2219 Novit
3469 2162 3707 2217 Dominus
3732 2159 3804 2229 qui

2244 2261 2364 2307 sunt
2393 2256 2501 2323 ejus
2534 2252 2620 2324 (II
2656 2252 2789 2308 Tim.
2824 2271 2881 2321 it,
2915 2255 3026 2326 19).
3062 2255 3218 2311 Unde
3244 2255 3299 2311 in
3328 2254 3446 2325 ipsa
3470 2265 3679 2324 quoque
3710 2264 3806 2303 san-

2245 2354 2334 2401 eta
2361 2346 2599 2402 Ecclesia
2631 2346 2844 2416 plurimi
2877 2332 3033 2403 fidem
3062 2356 3264 2418 tenent,
3301 2351 3357 2404 et
3384 2348 3550 2421 vitam
3582 2343 3698 2399 fidei
3725 2357 3809 2396 non

2246 2444 2465 2504 tenent;
2500 2438 2817 2493 humilitatis
2837 2438 3121 2496 dominica:
3150 2448 3491 2496 sacramenta
3518 2433 3806 2507 percipiunt,

2242 2526 2341 2583 sed
2406 2527 2678 2585 humiliari
2740 2526 3009 2583 dominica
3088 2530 3391 2585 imitatione
3455 2535 3810 2587 contemnunt;

2241 2618 2435 2673 blanda
2466 2618 2635 2673 divini
2681 2620 2878 2691 eloquii
2931 2620 3347 2690 praedicamenta
3397 2617 3807 2695 communicant,

2241 2710 2338 2765 sed
2370 2711 2509 2780 apud
2539 2727 2597 2766 se
2626 2710 2891 2768 immanes
2920 2712 2974 2768 in
3021 2724 3234 2770 tumore
3262 2720 3637 2783 perseverant.
3682 2705 3809 2765 Unde

2242 2800 2333 2856 hic
2360 2814 2594 2872 quoque,
2627 2812 2906 2873 postquam
2940 2818 3037 2873 per
3064 2803 3312 2877 cardines
3341 2803 3514 2859 maris
3541 2807 3811 2873 aggrcgatae

2241 2888 2500 2946 Ecclesia:
2530 2892 2755 2948 latitudo
2783 2892 2991 2963 signata
3024 2903 3127 2960 est,
3157 2902 3283 2964 apte
3315 2893 3702 2964 subjungitur:

2258 2984 2261 2991 “
2648 2973 2877 3038 CAPUT
2920 2983 3035 3039 Xlll
3077 2984 3226 3057 [Rea
3277 2983 3442 3057 VII].

546 3079 762 3135 easdem
797 3082 963 3137 nubes
994 3100 1089 3153 per
1118 3100 1250 3155 quas
1277 3094 1451 3141 terror
1495 3086 1780 3156 infligitur,
1812 3089 1975 3145 etiam
2006 3104 2130 3147 esca

2315 3072 2474 3130 Vnus.
2511 3074 2600 3129 32.
2624 3105 2679 3116 —
2729 3087 2752 3115 ο
2783 3075 3105 3134 lmmanibus
3135 3079 3405 3133 abscondit
3434 3080 3619 3133 lucem.

544 3168 723 3238 datur,
753 3175 877 3243 quia
906 3189 1097 3245 magna
1129 3175 1539 3245 praedicatorum
1569 3180 1900 3249 dispensatio
1929 3190 2032 3247 est,
2073 3191 2135 3238 ut

545 3263 625 3317 sic
669 3264 843 3319 sciant
876 3266 1299 3335 superbientium
1347 3280 1556 3324 mentes
1596 3270 1856 3341 afﬂigere,
1883 3280 1942 3328 ut
1968 3273 2130 3330 etiam

545 3352 771 3412 afﬂictas
801 3360 1055 3413 noverint
1083 3360 1469 3416 consolationis
1498 3362 1712 3433 eloquio
1745 3364 1968 3432 nutrire,
2003 3380 2135 3436 qua-

543 3450 701 3499 tenus
732 3457 786 3501 et
822 3457 1105 3515 peccantes
1134 3450 1200 3505 de
1226 3451 1445 3507 aeternis
1473 3453 1751 3522 suppliciis
1778 3462 2035 3521 terreant,
2064 3463 2134 3510 et

544 3538 871 3607 poenitentes
902 3539 971 3596 de
1012 3542 1233 3611 superni
1262 3543 1413 3613 regni
1442 3544 1653 3614 gaudiis
1684 3558 1925 3616 pascant.
1978 3547 2133 3604 Unde

540 3626 680 3682 bene
711 3630 824 3699 ipse
852 3631 1016 3703 863
1048 3633 1466 3703 dispensationis
1497 3636 1628 3691 ordo
1661 3648 1905 3694 servatus
1932 3647 2045 3707 est,
2074 3647 2133 3695 ut

542 3721 786 3777 ordinate
816 3723 935 3781 Eliu
966 3724 1172 3781 diceret
1194 3727 1335 3796 quod
1361 3741 1451 3796 per
1482 3727 1578 3783 has
1608 3728 1777 3785 nubes
1808 3731 1957 3799 prius
1980 3730 2128 3799 judi-

543 3821 627 3866 cat
655 3813 899 3881 populos,
927 3824 982 3870 et
1011 3817 1351 3886 postmodum
1382 3833 1534 3875 escas
1564 3820 1792 3890 praebet,
1822 3823 1946 3892 quia
1976 3823 2135 3878 nimi-

551 3918 669 3958 rum
716 3907 1056 3975 omnipotens
1097 3909 1238 3995 Deus
1287 3926 1381 3979 per
1412 3912 1792 3980 praedicatores
1821 3929 1950 3969 suos
1981 3916 2131 3984 prius

541 4011 643 4051 nos
670 3997 737 4052 de
785 4013 951 4068 prava
997 4002 1208 4058 actione
1237 4005 1535 4073 corripiens
1583 4008 1851 4074 concutit,
1883 4017 1937 4064 et
1985 4019 2128 4078 post-

542 4086 760 4153 modum
807 4104 901 4158 per
930 4106 1081 4159 Spem
1135 4095 1423 4150 consolans
1454 4098 1642 4151 nutrit.
1682 4096 1738 4154 Si
1774 4099 1916 4153 enim
1946 4099 2128 4155 divina

541 4180 870 4253 dispensatio
902 4198 997 4253 per
1041 4183 1343 4257 lias‘nubes
1377 4187 1636 4257 judicium
1685 4190 1845 4245 modo
1869 4206 1973 4245 non
2004 4205 2128 4260 age-

540 4283 644 4343 ret,
678 4291 1013 4347 nequaquam
1062 4278 1265 4335 eisdem
1309 4282 1539 4337 nubibus
1577 4282 1800 4339 dixisset
1843 4301 1856 4336 :
1902 4284 2129 4354 Accipite

540 4366 791 4437 Spiritum
820 4380 1084 4437 sanctum;
1117 4362 1339 4441 quorum
1366 4375 1661 4431 remisei'itis
1690 4386 1923 4446 peccata,
1950 4380 2129 4433 remit-

2309 3166 2400 3222 24.
2434 3168 2853 3238 Superbientibus
2898 3174 3127 3227 veritatis
3169 3173 3396 3242 cognitio
3427 3174 3724 3244 denegatur.
3759 3195 3815 3209 --

2237 3259 2502 3318 lmmanes
2544 3261 2740 3333 quippe
2788 3273 2948 3330 sunt,
2979 3265 3069 3335 qui
3098 3279 3158 3320 se
3206 3264 3363 3320 elatis
3422 3261 3816 3334 cegitationibus

2237 3355 2527 3413 extollunt.
2557 3356 2704 3424 Quos
2730 3368 2915 3414 contra
2948 3374 3043 3429 per
3092 3360 3280 3437 Isaiam
3322 3361 3527 3416 dicitur
3571 3377 3585 3414 :
3621 3360 3705 3414 Va:
3746 3358 3817 3429 qui

2236 3448 2492 3519 sapientes
2520 3451 2639 3503 estis
2672 3451 2725 3504 in
2772 3452 2934 3505 oculis
2965 3453 3162 3519 uestris,
3189 3461 3235 3506 et
3267 3469 3446 3508 coram
3479 3450 3818 3520 nobismetipsis

2234 3542 2509 3611 prudentes
2560 3542 2713 3613 (Isai.
2752 3558 2806 3608 v,
2857 3544 2973 3616 2i).
3025 3546 3173 3612 Quos
3211 3556 3404 3602 eontra
3436 3550 3605 3605 etiam
3650 3545 3820 3600 Paulus

2236 3634 2312 3689 ait
2335 3649 2351 3689 :
2387 3633 2562 3688 Nolite
2586 3635 2860 3705 prudentes
2884 3622 3153 3707 esse,apud
3183 3639 3524 3708 vosmetipsos
3552 3637 3816 3710 (Bonum,

2238 3724 2354 3797 16).
2383 3725 2489 3782 Sed
2517 3727 2598 3782 his
2625 3716 2951 3785 immanibus
2982 3731 3077 3786 lux
3111 3731 3493 3800 absconditur,
3526 3733 3651 3803 quia
3684 3729 3818 3786 nitui-

2235 3830 2354 3869 rum
2422 3818 2854 3886 superbientibus
2911 3820 3170 3876 veritatis
3217 3824 3461 3893 cognitio
3520 3823 3813 3892 denegatur.

2234 3904 2393 3961 Unde
2433 3924 2525 3977 per
2563 3911 2909 3980 semetipsum
2965 3912 3176 3969 Veritas
3220 3914 3393 3990 dicit:
3434 3915 3700 3985 Conﬁteor
3727 3912 3818 3975 tibi,

2239 3997 2394 4052 Pater
2428 3999 2646 4055 Domine
2679 4002 2794 4056 caeli
2826 4012 2871 4056 et
2902 4012 3076 4070 terrm,
3114 4001 3141 4041 ἀ
3173 4007 3299 4075 quia
3332 4007 3659 4061 abscondisti
3684 4005 3820 4057 [iteca

2232 4094 2548 4162 sapientibus
2593 4105 2639 4149 et
2682 4097 3053 4166 prudentibus,
3117 4107 3164 4152 et
3209 4102 3453 4156 revelasti
3502 4118 3567 4155 ea
3620 4095 3822 4169 porculis

2231 4184 2444 4256 (Matth.
2477 4200 2551 4251 ιι,
2582 4185 2711 4256 25)ε
2740 4189 3013 4258 sapientes
3044 4199 3100 4246 et
3132 4193 3436 4261 prudentes
3476 4192 3722 4248 videlicet
3748 4202 3820 4241 su-

2233 4279 2546 4348 perbientes
2573 4295 2792 4336 vocans.
2838 4282 2937 4349 Qui
2985 4284 3127 4339 enim
3160 4300 3267 4338 non
3306 4286 3598 4356 subjunxit
3631 4301 3644 4337 :
3674 4282 3823 4336 lleve-

2235 4371 2355 4427 lasti
2385 4386 2446 4427 ea
2484 4372 2685 4440 stultis,
2715 4374 2810 4429 sed
2840 4376 3095 4444 parvulis,
3129 4385 3399 4432 tumorem
3433 4391 3498 4433 se
3552 4376 3822 4432 damnasse

539 4469 716 4515 tantur
743 4463 846 4527 eis;
877 4470 922 4517 et
948 4479 1164 4534 quorum
1191 4466 1524 4530 retinueritis,
1552 4476 1745 4523 retenta
1780 4478 1899 4523 sunt
1941 4468 2125 4539 (Joan.
2154 4484 2208 4546 ι)
2234 4462 2484 4529 innotuit,
2517 4479 2619 4518 ll0ll
2650 4480 2900 4522 acumen.
2936 4464 3088 4521 Unde
3118 4476 3173 4522 et
3197 4468 3333 4523 alias
3362 4468 3579 4524 dicitur
3605 4484 3619 4521 :
3653 4464 3823 4521 Custo-

538 4568 630 4618 xx,
661 4553 773 4623 2'2).
806 4553 873 4609 Et
903 4570 1136 4623 rursum,
1183 4556 1229 4613 si
1262 4572 1355 4627 per
1386 4572 1478 4615 eas
1505 4559 1691 4629 jejuna
1723 4567 1907 4614 nostra
1959 4561 2126 4615 corda

541 4661 646 4699 non
696 4657 958 4714 pasceret,
1011 4663 1343 4719 nequaquam
1393 4649 1459 4705 de
1504 4652 1866 4707 esurientibus
1915 4652 2125 4721 populis

537 4738 812 4804 discipulis
845 4739 1102 4794 Dominus
1128 4740 1331 4797 diceret
1359 4758 1372 4794 :
1404 4741 1536 4797 Date
1557 4744 1661 4798 illis
1692 4760 1776 4799 ros
1807 4744 2123 4798 manducare

536 4827 751 4899 (Matth.
782 4844 889 4896 xiv,
924 4830 1036 4901 16).
1069 4830 1225 4899 Quod
1273 4834 1353 4890 sic
1385 4843 1509 4893 tunc
1538 4849 1727 4892 eorum
1757 4837 2005 4891 manibus
2045 4836 2122 4893 fa-

535 4932 679 4980 ctum
709 4923 1002 4995 credimus,
1028 4934 1087 4983 ut
1131 4926 1236 4983 hoc
1259 4941 1468 5008 ‘eorum
1505 4926 1682 4983 verbis
1724 4928 1962 4997 quotidie
2003 4928 2122 4986 fieri

535 5017 652 5073 sine
698 5019 1000 5076 cessatione
1046 5020 1343 5077 videamus.
1397 5021 1530 5088 Quid
1576 5022 1718 5077 enim
1747 5022 1873 5091 agit,
1904 5021 2116 5091 Petrus,

536 5124 659 5169 cum
703 5127 799 5182 per
840 5112 1095 5184 epistolas
1147 5096 1407 5182 loquitur,
1456 5113 1565 5168 nisi
1604 5121 1661 5167 ut
1718 5112 1867 5168 verbi
1926 5114 2121 5182 pabulo

608 5282 634 5310 ει
661 5271 784 5327 Πεεο
827 5269 1006 5325 addita
1039 5277 1163 5325 sunt
1201 5267 1291 5323 diu
1326 5279 1447 5339 post
1476 5268 1719 5338 vulgatos
1750 5269 2028 5325 Moralium
2058 5270 2121 5325 1i-

532 5342 680 5407 bros,
714 5357 835 5395 cum
864 5341 1020 5410 Angli
1043 5340 1112 5396 de
1138 5356 1366 5407 quorum
1406 5340 1760 5410 conversione
1808 5341 1893 5395 hic
1921 5344 2117 5410 agitur,

532 5430 641 5471 non
674 5413 775 5468 nisi
810 5408 1094 5466 transactis
1124 5412 1377 5479 plurimis
1409 5408 1721 5479 Gregoriani
1775 5408 2119 5481 pontificatus

535 5484 711 5549 annis,
760 5482 920 5538 fidem
964 5484 1323 5536 Christianam
1377 5485 1705 5549 receperint.
1746 5484 2013 5539 Caeterum
2054 5483 2122 5539 de

537 5556 830 5621 Anglorum
858 5553 1209 5607 conversione
1232 5550 1455 5606 consule
1478 5557 1773 5622 praesertim
1806 5557 1965 5624 epist.
1994 5554 2120 5609 olim

536 5625 607 5678 ευ
637 5625 756 5677 libri
789 5637 883 5687 vlt,
920 5624 1029 5676 ind.
1063 5625 1116 5677 1.

612 5692 639 5731 δ
662 5692 935 5751 Omittitur
957 5708 1049 5757 per
1082 5694 1134 5748 in
1164 5690 1428 5748 Gussanv.

2231 4559 2375 4612 diens
2401 4559 2639 4623 paruulos
2655 4558 2903 4613 Dominus
2929 4557 3098 4628 (Psal.
3118 4575 3260 4626 cxrv,
3285 4560 3366 4629 6).
3392 4563 3581 4630 Atque
3597 4567 3824 4615 utosten-

2227 4650 2385 4705 datur
2414 4652 2525 4705 haec
2553 4651 2739 4706 eadem
2768 4652 3000 4722 parvitas
3029 4650 3156 4719 quid
3184 4660 3433 4719 vocatur,
3470 4647 3785 4721 adjungitur
3809 4661 3822 4700 :

2228 4742 2550 4801 Humiliatus
2579 4759 2712 4809 sum,
2745 4753 2793 4796 et
2824 4742 3057 4797 liberavit
3080 4760 3159 4803 me
3189 4742 3383 4811 (lbid.,
3410 4745 3498 4814 6).
3531 4743 3667 4810 Quia
3711 4754 3825 4809 ergo

2227 4845 2353 4890 sunt
2383 4835 2535 4891 multi
2559 4835 2610 4890 in
2645 4833 2904 4898 Ecclesia,
2935 4834 3025 4905 qui
3054 4833 3220 4907 864.
3248 4834 3470 4905 parvuli
3497 4848 3628 4891 esse
3662 4830 3823 4900 deSpi-

2231 4927 2401 4995 ciunt,
2453 4927 2615 4982 etiam
2667 4926 2719 4981 in
2770 4926 3085 5001 humilitatis
3116 4928 3235 4983 loco
3282 4927 3564 4983 immanes
3601 4924 3735 4996 apud
3774 4935 3824 4974 se

2235 5033 2359 5077 esse
2384 5018 2606 5074 minime
2633 5016 2924 5074 desidunt.
2958 5017 3067 5079 llos
3092 5019 3416 5090 plerumque
3448 5020 3636 5075 videas
3669 5018 3820 5071 Itono-

2232 5112 2378 5169 ribus
2405 5108 2613 5175 extolli,
2654 5107 3023 5179 voluptatibus
3063 5110 3290 5182 perfrui,
3340 5125 3537 5166 rerum
3586 5106 3824 5177 multipli~

2300 5278 2323 5308 ε
2354 5267 2446 5323 Sic
2498 5266 2627 5339 legit
2654 5266 2989 5339 _Gregorius.
3048 5284 3169 5325 cum
3215 5273 3267 5325 in
3310 5266 3486 5326 fonte
3530 5268 3818 5339 llebraico,

2226 5340 2451 5415 Vulgata
2482 5348 2539 5415 et
2561 5337 2703 5393 'aliis
2749 5337 3089 5415 versiouibus
3122 5342 3421 5415 legatariis
3456 5341 3719 5405 manibus,
3750 5337 3823 5415 vel

2229 5413 2357 5482 quid
2384 5411 2559 5466 simile
2589 5427 2601 5462 :
2632 5425 2681 5463 ν.
2710 5425 2789 5479 g.,
2821 5412 2874 5464 in
2902 5413 3089 5481 palmis
3112 5452 3130 5477 ,
3170 5416 3223 5467 in
3256 5413 3410 5477 velis,
3473 5415 3687 5473 scilicet
3722 5412 3821 5482 ιιιᾳέ

2231 5480 2395 5538 iiuutn
2445 5492 2560 5545 aut,
2622 5496 2718 5551 per
2750 5480 3130 5549 metaphoram
3163 5523 3177 5546 ,
3221 5483 3499 5549 nubium;
3546 5498 3647 5541 vox
3700 5480 3819 5537 Heb.

2229 5553 2509 5619 chappaim
2541 5592 2557 5617 ,
2604 5552 2865 5617 significat
2898 5553 3112 5621 proprie
3145 5570 3346 5607 manus.
3390 5553 3663 5609 Vitiosum
3696 5552 3821 5607 hanc

2231 5624 2401 5694 sancti
2430 5622 2990 5694 Gregoriilectionem
3014 5624 3264 5694 sequitur
3295 5625 3578 5694 Lyranus.

2299 5690 2328 5729 ⁸
2369 5692 2584 5758 Pratel.,
2609 5692 2695 5762 qui
2718 5692 3044 5749 abscondisti.
