4036 6348
233 311 330 373 H5

962 311 1323 370 MORALIUM
1362 311 1492 377 LIB.
1526 310 1743 370 XXVII.
1785 336 1852 349 --
1893 307 1957 371 1N
2002 307 2231 379 CAPUT
2271 310 2493 381 XXXVI
2535 313 2593 367 Β.
2635 310 2781 370 JOB.

3401 302 3508 360 did

221 430 380 487 citate
397 427 717 493 dilatari.fii
737 443 883 505 saepe
907 430 983 485 nil
1014 431 1286 507 praecipue
1314 430 1417 489 nisi
1446 444 1678 501 praeesse
1700 442 1807 484 cze-
1832 431 1884 507 ᾼ
1915 427 2215 509 pascendos
2260 438 2284 467 °
2336 430 2499 484 variis
2556 429 2841 486 desideriis
2898 426 3293 483 irrationabiles
3340 422 3508 481 animi

223 521 349 577 teris
398 530 680 597 appetunt,
731 535 764 575 a
812 521 995 577 multis
1027 522 1200 579 timeri
1248 522 1623 595 gratulantur;
1658 530 1806 577 recte

218 615 401 670 vivere
428 612 729 687 negligunt,
760 622 814 670 et
840 624 1002 673 reetae
1032 616 1152 673 vitae
1184 614 1383 671 famam
1429 614 1631 673 habere
1670 628 1805 668 con-

217 705 501 774 cupiscnnt
534 721 550 771 ;
582 703 941 783 adulationes
986 714 1235 780 quaerunt
1267 746 1283 774 ,
1340 704 1613 760 favoribus
1669 704 1809 759 intu-

216 803 484 851 inescunt.
533 794 599 861 Et
627 795 749 869 quia
778 796 832 850 in
862 797 1020 855 rebus
1050 797 1156 854 sibi
1193 798 1412 868 copiose
1446 796 1805 867 praisentibus

216 888 454 961 prompti
476 896 621 954 sunt,
639 895 863 961 ventura
886 888 1077 961 gaudia
1109 905 1215 945 non
1246 890 1543 962 requirunt.
1565 887 1805 959 Cumque

212 994 311 1041 eos
340 979 620 1052 multiplex
659 982 799 1037 actio
828 992 1078 1055 occupat,
1105 985 1269 1041 etiam
1295 999 1325 1039 a
1354 982 1657 1053 semetipsis
1682 983 1805 1037 alie-

210 1088 313 1127 nos
342 1072 673 1130 demonstrat
703 1073 848 1151 [Vet.
880 1074 979 1148 X].
1012 1076 1079 1147 Et
1121 1085 1299 1132 tamen
1323 1076 1369 1131 si
1400 1091 1501 1149 qua
1531 1074 1654 1131 fidei
1686 1085 1802 1129 ten-

209 1166 344 1220 tatio
372 1175 646 1235 exsurgat,
687 1170 809 1239 quia
841 1169 893 1225 in
923 1184 985 1225 ea
1029 1170 1219 1225 saltem
1266 1171 1446 1240 specie
1490 1177 1645 1224 tenus
1673 1184 1803 1225 cou-

210 1258 477 1327 tinentur,
507 1259 649 1314 hanc
676 1260 888 1328 verbis,
922 1261 1060 1316 hanc
1092 1262 1367 1317 laboribus
1393 1261 1716 1327 defendunt,
1749 1269 1803 1329 et

209 1348 441 1419 patriam
476 1350 757 1423 cmlestem
788 1352 1085 1422 vindicant,
1120 1367 1219 1423 nec
1250 1360 1429 1406 tamen
1459 1359 1663 1410 amant.

212 1426 219 1433 ”
275 1439 372 1496 25.
408 1440 564 1495 Multi
593 1459 688 1513 pro
733 1444 1147 1517 repromissionis
1173 1454 1311 1498 terra
1340 1453 1593 1516 pugnant,
1644 1458 1801 1515 quam

207 1533 423 1586 minime
479 1520 652 1587 tamen
704 1536 948 1607 diligunt.
1014 1534 1326 1604 Exemplum
1378 1534 1685 1590 Caditarum
1753 1520 1802 1589 ei

202 1622 609 1680 Rubenitarum.
639 1654 709 1665 —
730 1625 876 1695 Quos
904 1626 1039 1681 bene
1068 1626 1207 1696 apud
1236 1626 1455 1697 Moysen
1487 1626 1580 1681 ﬁlii
1610 1626 1797 1681 Ruben

197 1722 256 1767 et
288 1712 428 1778 Gad,
482 1723 533 1768 et
562 1713 780 1769 dimidia
815 1715 984 1770 tribus
1040 1717 1285 1772 Manasse
1328 1718 1657 1789 exprimunt,
1707 1718 1797 1789 qui

1912 528 2089 575 motus
2119 519 2419 589 elaborant,
2444 523 2568 594 quia
2595 534 2813 578 αξιοι-μω
2832 536 2835 549 '
2856 522 2987 576 lucis
3012 530 3208 589 quanta
3245 522 3315 575 sit
3344 520 3508 575 clari-

1911 621 1993 666 tas
2022 613 2269 668 nesciunt
2312 614 2404 685 qui
2450 614 2775 671 transitoriis
2829 614 3275 685 occupationibus
3324 602 3504 669 obcae-

1914 712 2138 770 cantur;
2171 713 2227 759 et
2250 704 2376 758 dum
2420 705 2489 760 de
2520 707 2749 762 terrenis
2779 706 2942 761 rebus
2969 704 3307 776 superbiant,
3338 705 3503 762 cmic-

1908 793 2006 845 stis
2050 792 2153 846 sibi
2200 792 2419 851 luminis
2459 794 2665 850 aditum
2718 795 2883 869 865
2913 795 3188 852 claudunt.

1976 883 2125 957 [νεεδ
2166 881 2297 956 XL]
2332 884 2483 942 Unde
2528 897 2674 942 recte
2714 904 2855 942 nunc
2902 887 3099 942 dicitur
3130 904 3145 941 :
3174 883 3500 941 Immanibus

1906 973 2174 1027 abscondit
2198 973 2383 1029 lucem.
2436 974 2543 1032 Sed
2574 983 2750 1032 tamen
2780 976 3067 1049 aliquando
3095 976 3193 1031 hos
3235 978 3501 1033 immanes

1908 1081 2143 1140 superna
2178 1070 2349 1140 gratia
2380 1069 2621 1138 respicit,
2651 1079 2812 1141 atque
2845 1070 2974 1140 ipsis
3004 1086 3183 1126 rerum
3214 1071 3498 1125 abundan-

1906 1148 2504 1227 tium’occupationibus
2536 1159 2750 1231 afﬂigit,
2808 1175 3104 1232 eorumque
3136 1160 3500 1232 prosperitati-

1904 1250 2003 1305 bus
2033 1250 2286 1306 adversas
2310 1251 2547 1321 quidem,
2573 1253 2669 1307 sed
2702 1253 2863 1307 utiles
2913 1253 3289 1329 tribulationes
3331 1252 3498 1329 inter-

1906 1344 2053 1410 serit,
2083 1354 2140 1398 ut
2160 1344 2459 1399 contristati
2488 1344 2553 1398 ad
2588 1359 2679 1399 cor
2702 1344 2946 1411 redeant,
2977 1355 3138 1414 atque
3162 1342 3213 1397 in
3245 1342 3496 1412 perituris

1902 1435 2062 1491 rebus
2093 1452 2252 1506 quam
2298 1437 2529 1491 inaniter
2582 1447 2916 1506 occupentur
2971 1444 3288 1507 agnoscant.
3341 1434 3496 1490 Unde

1903 1525 1990 1581 hic
2012 1542 2223 1597 quoque
2248 1538 2528 1601 postquam
2561 1529 2834 1585 subtracta
2861 1530 2951 1584 lux
2980 1528 3194 1596 dicitur,
3224 1536 3349 1598 apte
3369 1526 3496 1582 sub-

1898 1619 2135 1692 iungitur
2163 1637 2177 1674 :

2487 1713 2715 1771 CAPUT
2752 1713 2893 1770 XIV.

197 1805 372 1859 multa
403 1820 595 1875 pecora
626 1814 679 1861 et
700 1805 938 1877 jumenta
966 1807 1327 1878 possidentes,
1349 1808 1474 1864 dum
1500 1820 1648 1863 extra
1673 1808 1794 1865 Jor-
1970 1805 2098 1860 iam.
2133 1834 2202 1847 —
2228 1802 2296 1859 Et
2328 1807 2558 1875 prazcipit
2587 1806 2635 1859 ei
2662 1814 2718 1860 ut
2744 1820 2923 1859 rursus
2950 1803 3205 1859 adveniat.

195 1898 398 1955 danem
444 1911 505 1952 ea
559 1913 679 1973 qua:
723 1897 971 1953 viderant
1012 1902 1335 1970 campestria
1384 1901 1791 1973 concupiscunt,

194 1988 252 2043 in
284 1972 723 2057 repromissionis
774 1998 921 2044 terra
953 1989 1321 2047 haereditatem
1364 1989 1563 2047 habere
1610 1993 1795 2047 nolue-

190 2091 345 2151 runt,
398 2082 639 2139 dicentes
686 2099 701 2137 :
749 2081 914 2139 Terra
961 2101 1115 2154 quam
1147 2085 1393 2158 percussit
1443 2083 1697 2140 Dominus
1738 2086 1792 2139 in

194 2184 480 2247 conspectu
506 2175 735 2247 ﬁliorum
765 2176 956 2248 Israel,
1002 2186 1029 2217 ει
1063 2180 1286 2249 regionis
1314 2178 1586 2235 uberrima:
1614 2190 1686 2234 est
1725 2180 1794 2235 ad

191 2252 406 2340 pastum
436 2271 777 2338 animalium;
807 2280 853 2325 et
880 2287 971 2326 nos
1027 2273 1160 2326 servi
1190 2272 1265 2326 tui
1293 2273 1535 2327 habemus
1549 2275 1793 2347 jumenta

188 2360 423 2432 plurim
472 2378 859 2435 precamurque,
893 2364 937 2416 si
964 2363 1245 2417 invenimus
1290 2362 1316 2402 δ
1362 2365 1583 2435 gratiam
1618 2381 1791 2421 coram

187 2464 261 2520 te,
292 2462 349 2507 ut
380 2451 470 2507 des
498 2453 642 2507 nobis
672 2454 884 2524 fontalis
909 2454 1009 2507 tuis
1040 2471 1151 2508 eam
1179 2457 1234 2509 in
1273 2456 1662 2525 possessionem,
1700 2472 1791 2509 nec

186 2546 361 2617 facias
404 2563 495 2600 nos
543 2547 761 2599 transire
790 2544 1071 2600 Iordanem
1105 2546 1295 2618 (Num.
1355 2564 1521 2616 xxxii,
1557 2548 1636 2619 ι).
1689 2549 1790 2619 Qui

182 2637 358 2706 igitur
381 2636 620 2713 jumenta
655 2638 879 2706 plurima
914 2638 1211 2709 possident,
1242 2639 1531 2701 Jordanem
1558 2641 1789 2697 transire

181 2727 485 2799 refugiunt,
516 2730 638 2801 quia
668 2746 803 2800 quos
852 2730 1015 2785 multa
1046 2732 1229 2786 mundi
1264 2732 1659 2802 implicamenta
1688 2748 1787 2788 oc-

184 2827 417 2888 cupant,
456 2818 845 2875 habitationem
872 2818 1106 2877 cmlestis
1138 2824 1323 2892 patriae
1350 2840 1453 2878 non
1482 2824 1782 2897 requirunt.

180 2912 298 2969 Sed
328 2912 445 2981 ipsa
476 2927 569 2991 eos
596 2927 754 2981 quam
797 2914 976 2984 specie
1012 2922 1166 2969 tenus
1198 2925 1402 2983 tenent,
1437 2914 1570 2973 fides
1611 2916 1787 2972 incre-

184 3012 300 3073 pat,
331 3018 402 3058 ne
442 3002 535 3057 otii
560 3003 917 3060 delectatione
964 3013 1309 3076 torpescant,
1353 3016 1513 3078 atque
1539 3009 1787 3079 exemplo

180 3108 288 3149 suo
318 3094 457 3149 alios
492 3108 521 3147 a
554 3095 749 3149 laboris
799 3096 1100 3161 tolerantia,
1148 3107 1201 3153 et
1230 3098 1408 3153 studio
1457 3099 1786 3170 longanimi-

1969 1895 2060 1952 26.
2106 1897 2339 1952 Veritatis
2370 1898 2562 1963 lumen,
2592 1898 2729 1968 quod
2747 1897 2897 1951 elatis
2925 1896 3283 1966 occupatisque
3310 1895 3492 1948 menti-

1899 1991 1992 2046 bus
2031 1990 2395 2056 absconditur,
2446 1990 2657 2061 afﬂictis
2703 2000 2750 2044 et
2797 1988 3082 2043 humilialis
3124 1986 3491 2041 revelatur.—

1896 2085 2027 2153 Quia
2058 2084 2300 2140 veritatis
2332 2084 2536 2151 lumen,
2571 2083 2713 2154 quod
2739 2084 2895 2137 elatis
2917 2080 3304 2151 occupatisque
3332 2092 3488 2133 men-

1898 2178 2039 2233 tibus
2069 2177 2441 2243 absconditur,
2492 2175 2707 2231 afﬂictis
2748 2174 3149 2243 humiliatisque
3200 2171 3487 2227 revelatur.

1893 2267 2005 2323 Lex
2038 2256 2234 2337 quippe
2261 2267 2495 2336 advenit,
2528 2282 2653 2323 cum
2684 2267 2887 2322 afﬂicta
2918 2280 3068 2320 mens
3095 2264 3236 2332 ipsas
3264 2277 3394 2332 quas
3418 2261 3488 2317 de

1893 2361 2148 2430 perituris
2174 2360 2337 2416 rebus
2371 2361 2772 2416 tribulationum
2823 2359 3075 2437 tenebras
3107 2358 3298 2413 tolerat
3322 2369 3488 2426 agno-

1893 2454 2014 2519 scit,
2061 2452 2186 2524 quia
2216 2453 2317 2509 nisi
2352 2453 2560 2525 aliquid
2589 2468 2655 2510 ex
2684 2452 2890 2508 lumine
2921 2453 3135 2507 interno
3164 2448 3485 2519 perciperet,

1891 2558 1992 2598 nec
2022 2543 2121 2599 hoc
2145 2544 2319 2614 ipsum
2350 2544 2471 2615 quia
2493 2545 2677 2600 lumen
2709 2543 3017 2615 perdiderat
3046 2542 3271 2598 videret.
3327 2540 3483 2607 Quod

1890 2638 2117 2710 intelligi
2167 2641 2475 2709 specialiter
2506 2642 2669 2697 etiam
2712 2641 2779 2697 de
2804 2628 3004 2697 Judzeis
3035 2649 3229 2710 potest,
3287 2640 3375 2709 qui
3406 2639 3486 2695 ida
3530 2672 3551 2682 -

1889 2731 2041 2786 circo
2069 2731 2420 2802 Redemptori
2453 2742 2637 2787 nostro
2668 2732 2719 2787 in
2761 2747 2924 2787 carne
2952 2732 3187 2786 venienti
3210 2729 3485 2785 contradi-

1890 2835 2019 2877 cere
2046 2822 2160 2876 ausi
2185 2832 2337 2891 sunt,
2366 2824 2493 2894 quia
2521 2821 2663 2893 apud
2687 2821 3011 2892 semetipsos
3042 2820 3302 2875 immanes
3323 2821 3483 2875 exsti~

1887 2921 2092 2970 terunt.
2124 2915 2228 2971 Sed
2257 2915 2342 2970 his
2362 2900 3090 2971 immanibus‘luxabscousa
3119 2923 3219 2979 est,
3250 2912 3370 2983 quia
3393 2928 3483 2967 su-

1888 3005 2043 3078 perbi
2074 3006 2253 3063 lumen
2276 3007 2517 3063 veritatis
2548 3009 2673 3062 dum
2704 3015 3123 3078 persequuntur,
3164 3005 3481 3059 amiserunt.

1887 3099 1995 3156 Sed
2024 3101 2147 3170 quia
2177 3101 2229 3155 in
2261 3099 2366 3155 fine
2398 3100 2584 3155 mundi
2609 3101 2674 3155 ad
2702 3098 2863 3155 fidem
2897 3088 3196 3168 recipiendi
3222 3106 3365 3163 sunt,
3399 3109 3483 3152 re-

184 3188 314 3241 tatis
364 3186 628 3258 frangant.
672 3188 824 3244 Unde
857 3191 936 3245 eis
966 3207 1059 3259 per
1100 3192 1319 3264 Moysen
1350 3194 1585 3248 dicitur:
1623 3194 1779 3249 Nun-
1805 3186 1856 3253 ϐ
1887 3203 1973 3249 cte
1999 3192 2346 3266 subiungitur
2378 3214 2390 3249 :
2439 3194 2508 3249 Et
2550 3195 2779 3266 prwcipit
2824 3194 2872 3248 ei
2900 3201 2955 3248 ut
3004 3188 3183 3248 r'ursus
3224 3192 3481 3247 adveniat.

181 3280 314 3350 quid
349 3283 534 3350 fratres
561 3282 712 3335 vestri
739 3282 881 3339 ibunt
898 3288 977 3336 ad
1014 3302 1259 3355 pugnam,
1294 3301 1343 3341 et
1362 3304 1447 3342 t'os
1484 3289 1564 3342 hic
1587 3289 1783 3343 sedebi-

180 3373 296 3426 tis.’
326 3370 432 3428 Cur
451 3368 738 3427 subvertitis
768 3384 789 3412 ο
816 3384 1003 3429 mentes
1022 3375 1249 3446 ﬁliorum
1286 3377 1661 3447 Israel.(lbid.,
1686 3381 1783 3450 7)?

179 3464 296 3523 Sed
319 3465 443 3535 quia
466 3468 791 3522 erubescunt
818 3484 923 3523 non
949 3469 1240 3527 defendere
1266 3473 1407 3543 quod
1431 3473 1778 3545 confitentur,

180 3573 290 3629 pro
318 3557 507 3613 eadem
537 3556 646 3613 fide
666 3574 822 3629 quam
852 3562 1079 3631 professi
1108 3574 1251 3627 sunt,
1276 3564 1343 3617 ad
1360 3575 1633 3620 certamen
1660 3582 1783 3636 pro-

180 3658 401 3725 perant,
448 3664 672 3721 eamque
705 3665 809 3705 non
855 3652 993 3719 sibi,
1041 3655 1133 3708 sed
1182 3656 1436 3723 proximis
1485 3658 1779 3713 vindicant.

179 3739 346 3796 Unde
375 3749 430 3795 et
455 3740 522 3795 ad
555 3740 770 3811 Moysen
810 3740 1034 3798 dicunt:
1068 3743 1259 3799 Caulas
1304 3748 1470 3801 ovium
1505 3749 1780 3820 fabricabi-

180 3847 328 3899 mus,
348 3840 395 3885 et
422 3831 627 3887 stabula
652 3837 1034 3905 jumentorum,
1059 3837 1387 3910 parvulisque
1416 3841 1604 3894 nostris
1634 3841 1782 3896 urbes

180 3924 453 3989 munitas;
481 3940 573 3978 nos
597 3922 762 3979 a'utem
789 3927 887 3997 ipsi
913 3930 1101 3982 armati
1122 3937 1168 3982 et
1189 3931 1404 3983 accincti
1422 3948 1689 4002 pergemus
1712 3934 1781 3987 ad

181 4018 429 4093 praelium
452 4028 568 4073 ante
591 4018 728 4088 ﬁlios
755 4018 927 4076 Israel
956 4022 1147 4095 (Ibid.,
1184 4024 1297 4096 16).
1327 4026 1426 4091 Qui
1460 4044 1581 4083 mox
1612 4029 1778 4087 fortes

182 4126 286 4185 pro
314 4111 431 4167 aliis
461 4115 703 4180 veniunt,
736 4123 792 4169 et
821 4119 1254 4185 repromissionis
1289 4128 1486 4176 terram
1518 4122 1585 4177 ab
1609 4121 1779 4178 hosti-

180 4204 288 4260 bus
331 4204 581 4274 liberant,
614 4216 670 4262 et
713 4208 1053 4279 relinquunt;
1086 4219 1247 4281 atque
1277 4211 1345 4271 ad
1390 4214 1659 4282 pascenda
1686 4231 1775 4271 ar-

180 4308 366 4354 menta
395 4308 546 4355 extra
573 4299 861 4357 Iordanem
904 4303 1149 4367 redeunt.
1182 4305 1332 4359 Multi
1364 4308 1560 4379 quippe
1586 4324 1779 4377 quam-

183 4396 265 4450 vis
286 4393 500 4460 ﬂdeles,
524 4396 667 4450 curis
689 4397 1045 4465 praesentibus
1067 4399 1335 4470 occupati,
1364 4402 1512 4468 quasi
1535 4414 1780 4458 armenta

78 4508 93 4513 ·
184 4498 339 4546 extra
390 4489 679 4547 Iordanem
731 4500 977 4560 pascunt,
1006 4489 1033 4527 τι
1065 4490 1189 4561 quia
1237 4504 1422 4548 contra
1476 4496 1633 4550 fidem
1678 4496 1775 4551 bas

1886 3286 2039 3342 Unde
2070 3287 2231 3341 etiam
2275 3300 2371 3356 per
2401 3286 2593 3353 lsaiam
2633 3286 2832 3341 dicitur
2866 3303 2880 3341 :
2922 3285 2996 3341 Si
3025 3286 3193 3356 ‘fuerit
3240 3301 3482 3338 numerus

1886 3378 2115 3448 ﬁliorum
2138 3375 2307 3431 Israel
2345 3379 2494 3448 quasi
2521 3394 2678 3433 arena
2703 3378 2882 3444 maris,
2921 3377 3152 3445 reliquid:
3179 3376 3334 3431 salva:
3362 3377 3482 3445 ﬁent

1887 3467 2046 3540 (Isai.
2080 3467 2285 3538 x,,22).
2304 3470 2455 3524 Tunc
2474 3470 2672 3539 quippe
2698 3470 2763 3523 ad
2788 3484 2881 3525 eos
2909 3468 2998 3523 lux
3022 3468 3328 3533 revertitur,
3360 3482 3481 3522 cum

1886 3562 1985 3628 ipsi
2039 3560 2103 3613 ad
2152 3560 2510 3616 confitendam
2557 3559 2934 3631 Redemptoris
2984 3560 3154 3616 nostri
3186 3561 3478 3629 potentiam

1892 3650 1914 3691 ί
1955 3660 2317 3707 revertuntur.

1956 3766 2047 3819 27.
2072 3765 2234 3834 Deus,
2270 3774 2324 3820 ut
2352 3766 2493 3833 vult,
2521 3766 2691 3820 lumen
2717 3772 2809 3817 aut
2837 3764 3123 3834 abscondit,
3156 3773 3245 3818 aut
3267 3765 3476 3821 revelat.

1884 3856 2039 3915 —Si
2095 3866 2274 3913 autem
2304 3857 2359 3912 in
2388 3857 2647 3924 manibus,
2706 3871 3039 3928 nequaquam
3093 3872 3188 3927 per
3233 3856 3477 3925 dativum

1884 3965 2073 4007 casum
2107 3967 2271 4006 unum
2302 3966 2518 4019 nomen,
2553 3950 2646 4005 sed
2674 3950 2807 4005 duas
2840 3960 3017 4019 partes
3044 3948 3305 4005 orationis
3334 3949 3477 4004 acci-

1884 4048 2090 4117 pimus;
2116 4054 2292 4125 potest
2318 4043 2565 4116 intelligi,
2595 4046 2717 4117 quia
2767 4044 2820 4098 in
2849 4042 3095 4098 manibus
3127 4042 3219 4096 lux‘
3247 4042 3475 4097 abscon-

1830 4202 1839 4207 η
1883 4138 2050 4202 ditur,
2091 4152 2216 4193 cum
2246 4138 2388 4207 apud
2432 4146 2639 4192 rectum
2663 4136 2900 4208 judicem
2955 4135 3120 4207 iniqui
3180 4135 3376 4207 quique
3420 4136 3474 4190 in

1882 4231 1993 4285 suis
2039 4228 2291 4299 operibus
2340 4238 2631 4284 cmeantur.
2678 4229 2776 4285 Cui
2830 4237 3005 4284 tamen
3061 4227 3368 4299 praecipitur
3419 4235 3476 4283 ut

1882 4335 2069 4377 rursus
2089 4319 2355 4387 adveniat,
2395 4322 2520 4393 quia
2545 4320 2671 4375 dum
2704 4330 3012 4392 peccatores
3043 4336 3101 4376 se
3132 4320 3240 4375 suis
3271 4320 3473 4375 viribus

1882 4411 2079 4466 salvui
2112 4426 2220 4466 non
2253 4425 2412 4480 posse
2453 4410 2821 4482 cognoverint,
2869 4411 3055 4482 gratia:
3100 4412 3279 4465 lumen
3331 4410 3473 4466 acci-

1885 4505 2058 4575 piunt,
2092 4513 2148 4559 et
2193 4503 2544 4573 protectionis
2575 4504 2780 4558 intimae
2808 4502 2975 4559 radiis
3008 4504 3362 4572 illustrantur,
3417 4510 3474 4559 ut

183 4583 456 4652 ptismatis
503 4591 614 4637 tota
646 4591 828 4639 mente
858 4584 1113 4654 omnique
1142 4584 1411 4641 desiderio
1440 4587 1605 4641 rebus
1636 4589 1779 4656 peri-
1886 4574 2088 4666 majore
2110 4586 2304 4651 ardore
2330 4595 2668 4664 postmodum
2683 4595 2957 4651 caelestem
2985 4598 3211 4666 patriam
3228 4596 3473 4667 diligant,

184 4674 331 4728 turis
360 4671 685 4727 inserviunt.
736 4672 835 4741 Qui
868 4683 1047 4728 tamen
1081 4683 1156 4739 ut,
1195 4673 1446 4741 diximus,
1477 4690 1599 4730 cum
1651 4679 1775 4734 fidei

185 4769 414 4826 tentath
439 4769 635 4835 oritur,
661 4768 1032 4825 defensionum
1065 4770 1229 4825 armis
1264 4771 1644 4841 accinguntur.
1669 4770 1779 4826 lio-

186 4869 302 4917 stes
325 4860 451 4917 fidei
480 4861 785 4931 superando
817 4862 1106 4930 trucidant,
1141 4872 1194 4918 et
1225 4861 1596 4919 hzereditatem
1620 4870 1780 4924 terras

186 4953 643 5025 repromissionis,
678 4952 730 5008 id
757 4963 840 5009 est
868 4953 1098 5009 fructum
1134 4955 1256 5011 lidei
1290 4969 1396 5010 non
1441 4963 1658 5021 amant;
1683 4956 1782 5010 sic-

128 5064 149 5077 ’
184 5061 293 5116 que
320 5060 419 5115 pro
449 5045 538 5099 illa
572 5054 826 5115 pugnant,
855 5054 915 5099 ut
942 5054 1121 5101 tamen
1152 5061 1246 5101 sua
1278 5046 1499 5117 pignora
1528 5054 1677 5101 extra
1712 5045 1780 5099 il-

185 5138 294 5192 lam
321 5137 614 5207 deponant.
646 5138 783 5205 Quia
811 5138 954 5192 enim
984 5139 1237 5207 parvulos
1267 5139 1397 5193 foris
1441 5139 1659 5205 habent,
1693 5138 1776 5194 af-
1834 5130 1837 5131 ⁷

186 5228 388 5283 fectum
432 5229 486 5283 in
534 5227 656 5299 ejus
702 5227 1028 5285 habitatione
1076 5244 1182 5286 non
1233 5230 1449 5287 habent.
1502 5230 1655 5288 Unde
1710 5232 1777 5287 ad

185 5320 512 5390 campestria
544 5321 789 5389 redeunt,
823 5321 944 5388 quia
980 5320 1047 5376 ab
1076 5322 1200 5378 altis
1232 5320 1604 5379 cacuminibus
1629 5339 1778 5379 mon-

185 5411 321 5477 tium
349 5412 503 5482 quasi
527 5426 560 5471 a
584 5427 682 5483 spe
712 5414 1015 5473 ctelestium
1045 5415 1381 5484 dilabuntur,
1421 5424 1481 5473 ut
1509 5426 1661 5477 extra
1689 5433 1776 5474 re-

184 5505 564 5576 promissionis
583 5515 781 5563 terram
809 5508 965 5562 bruta
990 5508 1243 5563 animalia
1269 5509 1530 5577 nutriant,
1558 5511 1683 5579 quia
1705 5510 1773 5566 ad

260 5630 289 5660 ⁸
316 5622 391 5677 lta
422 5622 652 5687 Turon.,
677 5622 882 5690 Balus.,
903 5619 1059 5677 Colb.
1088 5621 1144 5677 ln
1169 5620 1367 5678 Pratel.
1394 5632 1449 5681 et
1473 5625 1767 5693 nonnullis,

188 5695 336 5805 1'2in
369 5693 646 5747 uberrima.
683 5693 791 5774 llos
816 5703 1113 5764 sequuntur
1138 5694 1299 5749 Editi.

317 5765 523 5805 Turnus
581 5774 797 5805 nrnlmm
828 5776 986 5805 ternm,

317 5765 550 5835 Turou.,
580 5767 798 5835 gratiam
828 5776 988 5819 tuam.

264 5846 286 5871 ε
318 5834 801 5902 νίηάοοηΡωιθι.
844 5842 900 5890 et
924 5836 1035 5905 alii,
1060 5835 1216 5892 corda
1242 5836 1491 5907 filiorum.

1883 4703 2044 4759 quam
2077 4688 2225 4759 prius
2252 4686 2306 4740 in
2338 4696 2547 4741 terrena
2602 4687 2958 4742 delectatione
2990 4687 3306 4758 ﬂagrabant.
3365 4687 3474 4746 Sed

1884 4782 2001 4837 haec
2022 4796 2142 4836 cum
2171 4781 2240 4836 de
2268 4781 2473 4836 coeleSIi
2504 4781 2669 4853 patria
2704 4780 2992 4851 loquimur,
3024 4782 3109 4835 cui
3132 4782 3307 4838 inesse
3336 4784 3474 4841 mira

1884 4872 2129 4928 claritate
2150 4872 2373 4944 praedita
2405 4872 2716 4941 angelorum
2739 4874 2950 4945 agmina
2977 4873 3243 4941 audimus,
3274 4873 3363 4930 cui
3382 4890 3470 4931 re-

1883 4978 2001 5018 rum
2026 4963 2271 5018 omnium
2301 4965 2549 5020 conditor
2580 4965 2855 5033 praesidet,
2909 4982 3071 5037 quam
3117 4968 3327 5024 visione
3373 4982 3471 5025 sua

1858 5056 2137 5111 'reliciens
2168 5056 2362 5125 replet,
2411 5055 2497 5110 cui
2528 5070 2650 5111 vera
2702 5056 2988 5111 haereditas
3018 5058 3109 5112 lux
3136 5068 3213 5113 est
3246 5067 3299 5111 et
3324 5057 3471 5111 defe-

1888 5157 2006 5203 ctus
2034 5146 2274 5217 ejusdem
2308 5134 2526 5201 luminis
2548 5147 2723 5202 nullus
2741 5148 2925 5215 est,ad
2956 5148 3310 5218 nosmetipsos
3332 5160 3469 5201 men-

1889 5249 1994 5295 tem
2030 5240 2357 5306 reducimus,
2405 5239 2629 5311 etquod
2662 5250 2871 5296 terrena
2902 5248 3173 5310 gestemus
3226 5238 3469 5298 membra

1884 5331 2202 5401 cogitamus,
2228 5345 2515 5401 pensamus
2542 5331 2704 5401 quod,
2734 5331 2842 5385 nati
2894 5328 2948 5384 in
2989 5330 3225 5386 tenebris
3253 5338 3412 5399 atque
3434 5346 3466 5386 a

1884 5422 2051 5483 radiis
2094 5421 2294 5481 intime
2351 5423 2486 5479 lucis
2530 5422 2712 5486 alieni,
2771 5428 2924 5475 tanto
2965 5422 3193 5491 nequius
3243 5419 3469 5477 viximus

1882 5521 2105 5583 quanto,
2160 5513 2326 5569 rebus
2377 5511 2750 5582 corporalibus
2795 5510 2984 5575 dediti,
3044 5525 3075 5564 a
3103 5509 3469 5579 spiritualibus

1951 5623 1976 5662 δ
2007 5627 2234 5693 Turon.,
2260 5629 2380 5755 (bula
2410 5641 2526 5679 cum
2549 5625 2655 5706 [ide
2683 5624 3026 5705 baptismatis.

1953 5705 1977 5734 ⁸
2000 5699 2241 5755 Ebroic..
2318 5700 2407 5753 tic.
2431 5704 2483 5749 et
2511 5696 2622 5755 alu,
2648 5711 2795 5749 vanis
2823 5696 3026 5753 desider

2225 5739 2241 5763 9

1953 5705 1977 5734 ⁸
2000 5699 2241 5760 Ebroic.,
2266 5694 2407 5755 Utic.
2431 5704 2483 5749 et
2511 5694 2622 5760 alii,
2648 5696 2795 5749 vanis
2823 5696 3111 5759 desideriis.

1953 5765 1973 5805 ί
2016 5769 2231 5826 Ebroic.
2255 5779 2309 5825 et
2333 5768 2495 5838 plur.,
2524 5776 2904 5824 convertuntur.
