4004 6350
566 338 673 397 M5
726 386 740 410 ,

1746 337 1995 398 SANCTI
2032 340 2368 403 GREGORII
2404 346 2617 406 MAGNI

3737 357 3841 418 ιω

566 453 775 525 .ongius
804 453 1149 524 degebamus.
1204 453 1321 521 Qua
1367 454 1804 513 consideratione
1846 468 2147 526 perunctum
2174 458 2229 520 Α
2253 458 2489 528 adorari,
2519 472 2638 533 post
2665 464 2734 520 ab
2757 465 2977 524 homine
3005 466 3179 539 angeli
3230 479 3502 537 recusant,
3550 471 3654 527 nisi
3695 474 3835 543 quod

564 560 661 603 cor
688 561 752 602 ac
778 548 915 601 male
946 546 1045 601 sibi
1094 547 1373 601 conscium
1428 548 1680 616 trepidat,
1724 557 1779 603 et
1825 552 2151 607 tantaetllius

565 654 725 710 quam
768 640 913 695 audit
942 640 1127 710 patrias
1156 641 1333 695 civem
1390 655 1449 695 se
1500 640 1617 696 ﬁeri
1667 656 1826 711 posse
1879 642 2147 712 desperat.

569 732 719 790 Unde
747 733 832 787 hic
853 748 1063 803 quoque
1092 742 1214 801 apte
1237 733 1603 803 subjungitur,
1654 751 1760 803 quo
1787 751 1939 792 meus
1961 738 2150 807 pavida

564 827 631 883 ad
667 825 910 881 ﬁduciam
934 824 1243 881 reducatur.
1293 827 1423 882 Nam
1476 828 1542 883 de
1569 826 1670 883 hac
1720 828 1843 885 luce
1872 844 1996 885 mox
2023 830 2152 887 sub-

564 915 738 975 ditur:

970 1010 1324 1067 CAPUT-xv
1353 1010 1504 1084 [Rec.
1544 1011 1732 1084 VIII].

635 1101 800 1159 Vens.
832 1100 923 1157 '55.
952 1132 1023 1144 ——
1050 1103 1334 1157 Annuntiat
1365 1104 1429 1157 de
1454 1121 1513 1157 ea
1536 1105 1703 1158 amico
1729 1121 1822 1160 suo
1848 1122 1986 1177 quoa
2024 1124 2148 1178 pos-

560 1198 714 1252 sessio
739 1198 851 1265 ejus
880 1198 965 1263 sit,
988 1206 1037 1251 et
1060 1198 1128 1251 ad
1157 1214 1271 1251 eam
1296 1200 1453 1269 possit
1475 1200 1765 1255 ascendere.

630 1290 720 1346 ι28.
755 1290 1056 1345 Hominibus
1088 1309 1212 1361 pene
1240 1294 1621 1364 desperantibus
1649 1297 1900 1351 cceleslem
1928 1296 2149 1369 gloriam

559 1382 807 1447 promittit
832 1381 995 1437 Deus.
1024 1413 1095 1427 ρ-
1122 1384 1342 1438 Amicus
1372 1384 1607 1439 veritatis
1636 1397 1719 1440 est
1748 1398 1908 1442 rectae
1938 1399 2147 1444 amator

556 1472 807 1527 actionis.
861 1471 1012 1529 Unde
1041 1485 1096 1529 et
1124 1475 1238 1543 ipsa
1270 1476 1481 1530 Veritas
1509 1478 1786 1547 discipulis
1826 1479 1960 1534 dicit
1989 1498 2002 1534 :
2041 1480 2147 1537 Vos

556 1565 708 1618 amici
737 1567 834 1619 mei
862 1568 1003 1633 estis,
1053 1568 1097 1621 si
1151 1569 1372 1634 feceritis
1418 1587 1533 1637 quin
1584 1588 1677 1641 ego
1718 1574 1958 1644 prcecipio
2004 1575 2146 1630 vobis

2257 550 2406 620 prius
2443 552 2713 611 hominem
2756 559 3059 614 carnalibus
3103 563 3537 631 corruptionibus
3576 563 3837 636 deditum,

2253 656 2355 697 nec
2398 643 2465 699 ab
2519 645 2724 704 eisdem
2773 652 3078 706 carnalibus
3128 655 3565 723 corruptionibus
3629 658 3842 714 redem-

2254 746 2426 805 ptum,
2458 754 2564 808 quo
2593 740 2940 815 abjectiorem
2964 755 3246 813 novennt,
3290 746 3489 817 justius
3531 759 3842 807 contemne-

2252 825 2415 895 bant;
2468 833 2809 899 postmodum
2864 850 2994 891 vero
3052 837 3340 893 humanam
3368 842 3841 911 naturameojam

2252 920 2546 989 subiectam
2577 923 2778 983 habere
2806 918 2913 983 non
2945 938 3212 998 poterant,
3246 946 3353 1002 quo
3377 933 3513 989 hanc
3545 935 3597 989 in
3624 944 3843 991 auctore

2252 1027 2355 1069 suo
2378 1015 2539 1070 etiam
2566 1032 2728 1088 super
2780 1022 3103 1091 semetipsos
3130 1022 3347 1079 ductam
3376 1025 3667 1081 videbant?
3689 1024 3716 1063 ά
3742 1025 3846 1081 Ne-

2253 1121 2360 1177 que
2380 1109 2524 1163 euim
2549 1109 2659 1179 jam
2684 1111 2914 1169 debebat
2944 1117 2998 1170 in
3030 1116 3286 1173 membris
3334 1118 3574 1189 subjecta
3601 1119 3839 1190 despici,

2252 1211 2373 1266 qum
2402 1198 2455 1253 in
2510 1200 2627 1270 ipso
2656 1204 3024 1261 membrorum
3074 1210 3249 1277 capite
3305 1211 3503 1265 meruit
3543 1212 3766 1281 praelata
3816 1222 3839 1250 ο

2249 1293 2518 1347 venerari.
2552 1293 2601 1347 ls
2623 1308 2749 1363 ergo
2770 1298 2859 1366 qui
2892 1308 3109 1368 propter
3130 1316 3228 1356 nos
3250 1304 3424 1359 minor
3444 1307 3649 1375 angelis
3667 1305 3841 1361 exsti-

2252 1380 2317 1434 tit
2346 1383 2579 1451 tequales
2603 1402 2707 1440 non
2737 1389 2941 1458 angelis
2966 1391 3165 1448 virtute
3191 1406 3303 1449 sua:
3344 1396 3717 1454 minorationis
3766 1398 3844 1453 fe-

2252 1473 2344 1530 cit.
2383 1476 2535 1533 Unde
2558 1488 2612 1534 et
2635 1482 2918 1539 moriendo
2939 1485 3122 1541 docuit
3154 1500 3382 1545 mortem
3410 1507 3517 1547 non
3542 1493 3733 1561 metui,
3760 1509 3847 1551 re-

2250 1571 2517 1638 surgendo
2565 1571 2634 1628 de
2671 1575 2778 1629 vita
2830 1577 3049 1645 conlidi,
3105 1562 3453 1638 ascendendti
3494 1584 3563 1639 de
3604 1586 3846 1643 caelestis

560 1657 742 1729 (Joan.
774 1675 863 1725 xv,
897 1660 1009 1727 14).
1038 1659 1255 1723 Amicus
1286 1664 1481 1733 quippe
1515 1673 1541 1702 ι
1572 1666 1767 1721 anima:
1793 1678 1974 1724 custos
2013 1669 2133 1725 dici-

2251 1663 2438 1731 patria:
2468 1665 2785 1724 haereditate
2808 1670 3048 1738 gloriari,
3077 1681 3135 1727 ut
3154 1689 3259 1744 quo
3284 1668 3688 1747 caput‘praaissc
3714 1693 3846 1733 con-

557 1757 664 1805 tur.
722 1749 874 1806 Unde
926 1766 1032 1806 non
1076 1753 1348 1808 immerito
1392 1756 1480 1824 qui
1503 1757 1772 1813 custodire
1816 1758 2142 1815 voluntatem

2249 1755 2502 1825 spiciunt,
2527 1758 2650 1813 illuc
2676 1774 2736 1815 se
2764 1762 3014 1833 subsequi
3033 1773 3086 1819 et
3105 1766 3343 1821 membra
3360 1768 3717 1838 gratulentur.
3737 1769 3846 1826 Un-

532 1838 653 1896 -Dei
675 1841 727 1895 in
755 1843 1034 1910 praeceptis
1070 1844 1211 1899 illius
1244 1845 1466 1914 nititur,
1507 1845 1625 1917 ejus
1663 1850 1869 1905 amicus
1897 1861 2136 1909 vocatur.
2175 1835 2223 1894 Β
2249 1848 2317 1903 de
2347 1848 2486 1906 bene
2513 1851 2582 1905 ab
2612 1852 2800 1909 eodem
2833 1867 3020 1912 nostro
3045 1860 3221 1925 capite
3249 1860 3446 1917 dicitur
3488 1880 3501 1915 :
3539 1862 3844 1934 Ubicunque

556 1930 694 1989 Hinc
720 1943 803 1987 est
848 1934 987 2003 quod
1018 1950 1226 1990 rursum
1257 1938 1460 1993 eisdem
1492 1940 1770 2010 discipulis
1800 1942 2009 1998 Veritas
2061 1944 2144 1998 di—

549 2024 623 2079 cit
656 2043 670 2080 :
709 2024 812 2079 Vos
842 2034 1007 2079 autem
1033 2027 1143 2080 dixi
1169 2028 1381 2093 amicos,
1435 2031 1557 2099 quia
1606 2033 1780 2086 omnia
1828 2051 2144 2105 quiscunque

549 2119 724 2176 audivi
753 2135 785 2172 a
834 2117 990 2173 Patre
1012 2136 1152 2188 meo,
1215 2132 1336 2176 nota
1366 2124 1465 2193 feci
1493 2124 1631 2178 vobis
1679 2126 1869 2197 (Ibid.,
1896 2127 2009 2193 15).
2068 2132 2142 2187 De

550 2206 656 2265 bac
685 2209 843 2278 igitur
867 2210 986 2265 luce
1011 2219 1227 2266 aeternae
1255 2215 1439 2281 patriai
1491 2216 1665 2270 amico
1694 2232 1789 2271 suo
1809 2220 1975 2291 866
2002 2221 2141 2278 Deus

548 2302 831 2356 annuntiat
858 2303 998 2372 quod
1031 2305 1299 2372 possessio
1341 2306 1457 2373 ejus
1504 2308 1596 2373 sit,
1623 2306 1650 2345 δ
1703 2320 1761 2364 ut
1802 2326 2138 2381 nequaquam

547 2408 611 2451 se
642 2396 965 2450 inﬁrmitatis
992 2412 1102 2451 suae
1144 2398 1257 2469 frag
1281 2398 1429 2454 litate
1478 2400 1752 2470 desperet,
1806 2418 2138 2476 nequaquam

546 2491 656 2549 hoc
682 2494 824 2563 quod
846 2504 1078 2562 creatus,
1102 2496 1195 2551 sed
1226 2496 1365 2566 quod
1388 2510 1659 2554 recreatus
1688 2511 1767 2563 est
1794 2511 2010 2571 penset,
2042 2504 2137 2559 sed

546 2590 696 2640 tanto
725 2584 922 2640 certius
952 2586 1089 2642 sciat
1127 2588 1251 2654 quia
1301 2588 1440 2642 illius
1481 2590 1616 2645 lucis
1644 2593 1939 2649 claritatem
1972 2597 2139 2665 possi-

545 2675 693 2741 deat,
719 2689 919 2746 quanto
948 2690 1091 2733 nunc
1122 2679 1370 2735 vitiorum
1404 2682 1733 2751 pulsantium
1765 2686 2016 2742 tenebras
2046 2704 2138 2745 ve-

543 2770 659 2828 rius
684 2771 873 2829 calcat.
906 2772 1050 2827 Bene
1076 2782 1255 2828 autem
1281 2773 1332 2828 in
1362 2777 1718 2845 promissione
1754 2781 2133 2850 subjungitur:

542 2860 617 2918 Et
664 2864 734 2917 ad
785 2880 898 2919 eam
940 2867 1098 2936 possit
1127 2869 1421 2924 ascendere.
1480 2871 1617 2938 Quid
1671 2875 1814 2928 enim
1867 2876 2136 2933 difﬁcilius

542 2966 702 3025 quam
733 2952 935 3008 homini
958 2955 1011 3009 in
1036 2963 1177 3010 terra
1207 2959 1352 3013 edito
1399 2968 1615 3015 terrena
1645 2971 1699 3017 et
1729 2963 1934 3034 fragilia
1964 2984 2135 3023 mom-

476 3074 487 3081 -
541 3042 641 3103 bra
667 3048 916 3116 gestanti,
941 3050 1199 3104 cmlorutu
1231 3054 1338 3105 alta
1362 3055 1751 3123 conscendere,
1779 3064 2132 3128 supernorum

541 3141 822 3210 spirituum
854 3157 1047 3197 arcana
1077 3149 1407 3212 penetrare?

2247 1955 2433 2011 corpus
2458 1944 2632 2009 fuerit,
2670 1945 2794 2000 illuc
2819 1951 3263 2021 congregabantur
3307 1962 3355 2006 et
3383 1955 3573 2025 aquilte
3624 1955 3845 2026 (Matth.

2246 2047 2389 2098 xstv,
2430 2033 2545 2104 28).
2581 2035 2732 2093 Unde
2764 2038 2951 2095 Petrus
2977 2043 3053 2096 ait
3087 2060 3100 2097 :
3133 2041 3202 2098 In
3230 2044 3575 2101 ha-reditatem
3603 2049 3843 2103 incorru-

2246 2125 2496 2195 ptibilem,
2528 2139 2573 2182 et
2602 2132 3081 2202 incontaminatam,
3112 2146 3159 2191 et
3179 2138 3670 2208 immarcescibilem,
3716 2160 3843 2198 con-

2245 2227 2496 2271 servatam
2517 2220 2570 2272 in
2600 2222 2739 2275 cmlis
2771 2220 2827 2291 (Ι
2858 2221 2975 2278 Pet.
3006 2240 3044 2289 ι,
3068 2225 3147 2297 4).
3200 2224 3354 2283 Unde
3407 2229 3610 2286 Paulus
3663 2232 3844 2290 dicit:

2244 2307 2453 2365 Scimus
2481 2314 2724 2383 quoniam
2752 2316 2810 2391 γίςὶ
2849 2319 3097 2373 terrestris
3127 2321 3309 2375 domus
3337 2332 3514 2377 nostra
3550 2323 3717 2397 hujus
3752 2328 3844 2381 ha-

2247 2400 2509 2455 bitationis
2532 2403 2862 2476 dissolvatur,
2920 2409 3056 2475 quod
3086 2412 3480 2480 wdiﬁcationem
3505 2432 3569 2470 ea:
3596 2418 3709 2471 Deo
3746 2419 3840 2473 Ita-

2244 2490 2419 2545 bemus
2469 2495 2677 2549 domum
2722 2513 2824 2552 non
2856 2501 3239 2571 manufactam,
3289 2516 3533 2561 wternam
3588 2508 3645 2564 in
3703 2513 3845 2566 catis

2241 2581 2335 2655 (II
2362 2583 2482 2639 Cor.
2515 2601 2572 2653 v,
2608 2588 2681 2652 1).

2245 2727 2253 2736 ,
2314 2673 2404 2731 '50.
2436 2677 2597 2732 Solus
2622 2680 2856 2737 Christus
2882 2684 3065 2739 caelum
3086 2690 3338 2758 ascendit,
3398 2694 3540 2764 quod
3576 2697 3710 2751 solis
3732 2699 3843 2769 ejus

2243 2770 2484 2824 membris
2508 2782 2666 2838 patet.
2714 2806 2787 2817 —
2840 2776 2944 2832 Sed
2981 2779 3027 2832 si
3058 2795 3155 2835 nos
3195 2798 3434 2854 quoque,
3488 2787 3577 2855 qui
3621 2788 3758 2844 editi
3792 2793 3841 2847 in

2242 2871 2385 2917 terra
2412 2879 2618 2931 sumus,
2673 2868 2869 2921 coelum
2926 2873 3373 2942 conscendimus,
3431 2876 3520 2931 ubi
3568 2889 3655 2935 est
3694 2883 3842 2952 quod

2242 2970 2453 3010 rursum
2481 2956 2691 3011 Veritas
2722 2958 2851 3013 dicit
2880 2976 2893 3014 :
2925 2960 3092 3017 Nemo
3118 2967 3351 3020 ascendit
3399 2969 3453 3022 in
3492 2969 3704 3039 calum,
3744 2976 3843 3030 nisi

2240 3050 2327 3118 qui
2360 3049 2422 3103 de
2444 3050 2568 3104 caelo
2600 3052 2878 3119 descendit,
2914 3052 3083 3110 Filius
3123 3057 3343 3114 hominis
3383 3062 3473 3130 qui
3510 3074 3584 3118 est
3611 3066 3664 3119 in
3715 3070 3841 3123 celo

2241 3138 2421 3209 (Joan.
2456 3156 2536 3205 tn,
2563 3142 2695 3212 l5)?
2730 3143 2827 3197 Cui
2856 3138 3106 3200 nimirum
3140 3149 3418 3204 Sententia:
3441 3153 3623 3207 statim
3652 3155 3842 3214 obviat

614 3232 707 3288 29.
740 3235 971 3289 Christus
1002 3252 1180 3307 pacem
1206 3238 1335 3291 inter
1360 3240 1569 3310 angelos
1590 3248 1636 3294 et
1666 3242 1897 3299 homines
1924 3262 2133 3314 compo-

2242 3233 2385 3301 quod
2415 3234 2531 3289 haec
2557 3236 2747 3290 eadem
2802 3236 3008 3293 Veritas
3068 3240 3197 3295 dicit
3230 3258 3245 3297 :
3281 3241 3461 3311 Pater,
3503 3246 3621 3301 volo
3661 3262 3723 3303 ut
3757 3252 3841 3306 ubi

542 3330 663 3385 suit.
700 3326 954 3399 aEquales
999 3346 1094 3384 nos
1135 3330 1328 3404 angelis
1360 3331 1496 3399 fecit.
1545 3366 1619 3377 —-
1670 3334 1775 3389 Sed
1820 3339 2132 3394 eoluutdcm

540 3419 823 3487 spirituum
870 3421 937 3475 ad
987 3436 1085 3477 nos
1135 3423 1383 3478 conditor
1422 3425 1589 3488 venit,
1642 3442 1808 3496 seque
1857 3429 2128 3486 hominem

541 3513 704 3568 etiam
730 3512 831 3571 sub
862 3513 992 3577 ipsis
1017 3513 1287 3581 exhibuit,
1318 3516 1460 3571 sicut
1482 3516 1549 3571 de
1571 3518 1665 3573 illo
1698 3518 1839 3573 Patri
1872 3536 1966 3590 per
1994 3523 2129 3578 Pro-

542 3604 758 3675 phetam
790 3606 981 3661 dicitur
1012 3625 1027 3660 :
1078 3607 1317 3663 Minuisti
1364 3627 1480 3665 eum
1509 3613 1666 3682 paulo
1689 3613 1859 3669 minus
1887 3617 1949 3670 ab
1977 3633 2134 3689 ange-

537 3696 603 3753 lis
632 3697 807 3770 (Psal.
840 3716 954 3767 \‘lll,
981 3700 1059 3771 6).
1120 3703 1184 3758 Et
1213 3704 1335 3772 quia
1366 3704 1504 3760 inter
1530 3720 1628 3763 nos
1658 3717 1713 3762 et
1733 3710 1951 3765 eosdem
1974 3712 2132 3780 Spiri-

536 3798 625 3844 tus
651 3791 1007 3848 discordantis
1038 3795 1161 3849 vitae
1208 3796 1519 3852 scandalum
1572 3801 1794 3868 reperit,
1854 3802 1986 3856 mira
2039 3819 2133 3873 po-

537 3882 702 3937 tentia
732 3924 747 3949 ,
808 3886 1125 3942 mirabiliori
1168 3888 1328 3943 etiam
1384 3890 1583 3959 pietate
1628 3908 1839 3948 summa
1888 3911 2079 3953 creaus
2113 3942 2129 3967 ,

543 3983 569 4013 ο
595 3974 700 4028 ima
745 3978 1070 4047 suscipiens,
1114 3981 1219 4035 ima
1248 3996 1370 4036 cum
1403 3983 1629 4038 summis
1654 3984 1852 4052 junxit.
1884 3986 2018 4043 llinc
2048 4001 2131 4046 est

535 4067 681 4139 quod
709 4068 897 4122 eodem
921 4068 1068 4138 Rege
1092 4081 1238 4137 nato,
1292 4075 1604 4142 angelorum
1636 4076 1785 4133 chori
1809 4080 1861 4134 in
1893 4080 2008 4150 ejus
2038 4099 2132 4138 an-

536 4158 875 4215 nuntiatiune
930 4161 1213 4230 prodeunt,
1271 4163 1528 4234 hymnum
1580 4166 1797 4235 dicunt,‘
1835 4181 1889 4226 et
1916 4174 2129 4230 devicta

536 4264 719 4323 pravae
742 4252 867 4305 vita:
892 4252 1185 4321 discordia,
1215 4254 1313 4311 hos
1346 4274 1480 4328 quos
1508 4261 1707 4316 dudum
1742 4264 2124 4337 despexeram,

536 4339 686 4394 cives
707 4352 1025 4409 agnoscunt,
1049 4359 1288 4401 consono
1310 4363 1403 4402 ore
1432 4351 1786 4418 praedicantes
1813 4372 1828 4411 :
1859 4356 2045 4414 Gloria
2074 4361 2127 4416 in

537 4436 749 4490 excelsis
780 4434 906 4502 Dea,
938 4447 985 4491 et
1014 4438 1069 4492 in
1102 4448 1236 4494 terra
1264 4458 1371 4512 pax
1399 4443 1688 4500 hominibus
1726 4447 1872 4504 bona:
1892 4454 2128 4510 volunta-

538 4528 605 4581 tis
634 4525 782 4601 (Luc.
815 4543 881 4597 tt,
908 4528 1023 4598 14).
1078 4535 1154 4587 Ac
1180 4532 1225 4587 si
1255 4543 1439 4602 aperte
1463 4535 1644 4592 dicant
1683 4554 1698 4593 :
1742 4540 1888 4607 Quos
1911 4559 1939 4597 a
1972 4547 2126 4602 nobis

537 4622 738 4678 malitia
768 4623 1122 4694 disjunxerat,
1162 4627 1276 4696 jam
1320 4644 1459 4684 nunc
1512 4630 1565 4685 in
1600 4639 1737 4688 terra
1767 4645 1890 4691 nata
1918 4637 2127 4697 bonitas

534 4715 740 4784 jungat.
791 4716 928 4772 Hinc
955 4725 1040 4773 est
1088 4720 1225 4788 quod
1256 4731 1384 4776 ante
1438 4720 1860 4782 incarnationem
1903 4728 2021 4799 ejus
2072 4733 2127 4787 in

537 4804 886 4861 Testamento
916 4808 1089 4863 veteri
1121 4811 1375 4868 adorasse
1405 4812 1567 4869 homo
1614 4818 1864 4888 angelum
1907 4820 2123 4890 legitur,

534 4911 636 4952 nec
665 4907 840 4952 tamen
868 4899 1095 4955 adorare
1127 4903 1443 4969 prohibetur
1487 4906 1696 4976 (Cenes.
1722 4925 1871 4981 xvnt,
1904 4911 1993 4981 2);
2028 4914 2125 4969 sed

533 4999 659 5064 post
680 4992 990 5050 Mediatoris
1019 4996 1332 5068 adventum,
1358 5016 1479 5057 cum
1503 5019 1562 5059 se
1589 5005 1820 5064 Joannes
1847 5009 2124 5067 adorando

531 5084 721 5154 angelo
743 5090 1138 5159 prostravisset,
1159 5093 1390 5148 audivit:
1418 5093 1546 5149 Vide
1558 5113 1621 5150 ne
1633 5098 1832 5167 feceris,
1851 5117 2123 5159 conservus

529 5185 650 5232 tuus
699 5196 809 5233 sum
841 5192 887 5235 et
915 5187 1139 5253 fratrum
1167 5168 1369 5242 tuorum
1385 5189 1570 5261 (Apoc.
1597 5209 1717 5261 χιχ,
1752 5195 1851 5261 10;
1884 5214 2015 5261 xx",
2041 5198 2121 5271 9).

534 5270 671 5338 Quid
690 5282 772 5328 est
786 5275 928 5330 enim
947 5279 1086 5347 quod
1109 5279 1253 5348 prius
1282 5284 1657 5353 mquanimiter
1673 5304 1732 5343 se
1753 5270 2123 5351 concedebant

602 5417 629 5483 ξι
670 5409 896 5483 Ρωιρις.
925 5411 1176 5480 Vindoc.,
1208 5415 1388 5483 Colb.,
1430 5420 1593 5473 animi
1615 5432 1783 5475 custos
1813 5434 2044 5479 vocatur.

599 5479 629 5520 ι’
669 5480 957 5554 Sic_Utic.,
989 5484 1211 5551 Pratel.,
1243 5479 1417 5554 (ΣοΙΙθζ,
1452 5490 1632 5547 Baluz.
1687 5493 1873 5549 Modus
1924 5509 2007 5550 est
2036 5495 2119 5550 lo-

526 5550 1013 5629 quendiGregprio
1042 5573 1142 5609 non
1187 5550 1443 5623 insolens,
1488 5564 1651 5629 paulo
1676 5566 1818 5619 enim
1859 5566 1997 5621 infra
2043 5567 2117 5622 le-

524 5625 723 5699 gimus,
756 5638 813 5676 tt.
846 5625 935 5699 30,
965 5642 1066 5680 non
1094 5645 1215 5699 ergo
1243 5648 1296 5685 se
1323 5625 1572 5698 desperet.

605 5706 628 5778 ξ
667 5692 855 5778 ξος-αξ.
892 5697 1047 5777 plen,
1075 5692 1358 5778 suscipiens
1386 5692 1511 5769 ima,
1541 5721 1658 5778 cum
1687 5707 1898 5759 summis
1917 5708 2118 5778 junxit.

599 5762 624 5801 ο
667 5762 1042 5841 §upplevimus
1063 5762 1351 5841 jam,'qu:n
1374 5762 1632 5841 particula
1680 5778 1835 5831 deest
1862 5762 2043 5832 iu'Ed.

604 5842 631 5871 ο
671 5831 911 5889 Sutnitur
940 5835 1028 5894 hic
1054 5831 1109 5893 i'n
1137 5831 1528 5907 significatione
1573 5848 1805 5915 passiva,
1837 5849 1993 5916 quasi
2032 5831 2115 5906 di-

2247 3338 2338 3393 ego
2366 3340 2500 3387 sum,
2533 3334 2581 3378 et
2607 3325 2685 3379 illi
2713 3327 2813 3380 sint
2840 3344 3033 3383 mecum
3056 3330 3235 3401 (Joan.
3270 3350 3397 3404 Mill,
3429 3334 3544 3408 24).
3573 3340 3712 3407 Qua:
3740 3345 3839 3401 sibi

2238 3415 2295 3470 in
2323 3416 2502 3487 verbis
2529 3419 2640 3474 suis
2680 3434 2786 3473 non
2817 3420 3108 3494 discrepat,
3143 3427 3239 3483 sed
3281 3429 3347 3484 ad
3375 3430 3694 3502 inquirenda
3722 3437 3839 3495 haec

2238 3509 2393 3580 quasi
2424 3509 2787 3566 discordantia
2808 3515 3041 3569 studium
3062 3528 3262 3573 nostrae
3286 3524 3481 3577 mentis
3513 3526 3836 3588 inﬂammat.

2237 3604 2438 3661 Omnes
2467 3610 2610 3663 enim
2641 3626 2739 3665 nos
2761 3613 2846 3681 qui
2878 3612 2934 3667 in
2974 3614 3092 3683 ejus
3117 3615 3223 3670 fide
3251 3618 3360 3671 nati
3402 3634 3609 3690 sumus,
3666 3626 3837 3699 867

2236 3696 2355 3767 ejus
2386 3701 2568 3768 procul
2596 3702 2758 3757 dubio
2788 3719 2983 3774 corpus
3013 3707 3316 3765 existimus.
3348 3711 3481 3778 Quia
3509 3714 3673 3785 igitur
3702 3696 3837 3776 mira

2237 3786 2643 3862 dispensatione
2674 3796 2891 3867 pietatis
2923 3800 3284 3857 membrorum
3309 3818 3529 3862 suorum
3569 3808 3837 3867 Dominus

2239 3894 2401 3951 caput
2444 3886 2614 3940 lactus
2657 3897 2758 3955 cst,
2818 3878 3032 3959 repulsa
3058 3896 3409 3963 reproborum
3460 3902 3836 3973 multitudine,

2236 3977 2383 4033 solus
2413 3986 2497 4033 est
2548 3978 2711 4034 etiam
2760 3983 3064 4051 nobiscum.
3126 3986 3295 4043 Nemo
3322 3991 3484 4062 igitur
3520 3999 3757 4051 asccttdit
3785 4000 3838 4053 in

2236 4070 2438 4139 coelum,
2476 4074 2574 4127 nisi
2601 4074 2690 4143 qui
2721 4076 2978 4130 descendit
3000 4079 3063 4132 de
3087 4081 3234 4148 ctelo,
3269 4080 3440 4139 Filius
3489 4089 3723 4146 hominis
3748 4096 3836 4162 qui

2234 4173 2310 4229 est
2332 4167 2384 4219 in
2406 4167 2533 4220 caelo
2562 4165 2739 4237 (Joan.
2771 4184 2848 4234 tu,
2886 4170 2999 4240 15),
3050 4174 3172 4242 quia
3222 4175 3347 4229 dum
3380 4192 3478 4233 nos
3510 4195 3677 4236 unum
3711 4199 3835 4240 cum

2234 4260 2329 4317 illo
2355 4262 2463 4330 jam
2495 4263 2617 4318 facti
2640 4277 2847 4331 sumus,
2880 4267 3019 4321 unde
3050 4268 3194 4324 solus
3218 4274 3363 4325 venit
3383 4272 3438 4326 in
3463 4289 3543 4340 se,
3583 4277 3717 4334 illuc
3746 4294 3833 4337 sa:

2235 4353 2319 4407 lus
2342 4354 2479 4408 redit
2500 4356 2659 4409 etiam
2705 4355 2759 4410 in
2811 4358 2998 4423 nobis;
3040 4369 3093 4414 ct
3135 4362 3180 4415 is
3232 4362 3321 4431 qui
3346 4364 3397 4418 in
3441 4369 3583 4423 caelo
3613 4385 3834 4441 semper

2232 4452 2336 4517 est,
2367 4453 2435 4507 ad
2459 4454 2654 4510 omium
2683 4456 2924 4525 quotidie
2955 4459 3218 4526 ascendit,
3272 4461 3393 4530 quia
3422 4465 3513 4534 qui
3543 4466 3832 4528 divinitate

2230 4560 2392 4614 super
2416 4546 2597 4600 omnia
2654 4558 2953 4617 permanet,
3005 4549 3350 4609 humanitatis
3400 4569 3513 4611 sua:
3567 4574 3835 4634 compage

2301 4611 2310 4614 _
2654 4611 2669 4617 ,
2944 4611 2947 4612 ν
3576 4611 3833 4634 --ωπον

2155 4611 2207 4673 Ῑ)
2232 4655 2355 4696 sese
2385 4641 2630 4711 quotidie
2665 4641 2729 4696 ad
2760 4644 2927 4699 caslos
2950 4645 3131 4700 trahit.
3154 4644 3173 4684 ῐ
3199 4647 3315 4703 Non
3341 4664 3470 4722 ergo
3491 4666 3554 4708 se
3574 4655 3833 4725 desperet

2232 4735 2465 4790 hutnana
2496 4736 2781 4808 fragilitas,
2834 4738 3094 4810 unigeniti
3133 4744 3448 4812 sanguinem
3491 4751 3828 4819 consideret,

2229 4837 2286 4885 et
2316 4829 2369 4883 in
2410 4830 2581 4897 pretio
2624 4844 2725 4884 suo
2773 4831 3070 4900 Conspiciat
3117 4849 3277 4905 quam
3322 4852 3514 4909 magna
3572 4852 3658 4898 est
3707 4862 3830 4916 qua:

2235 4921 2370 4977 tanti
2392 4921 2552 4976 valet.
2589 4921 2886 4991 Perpendat
2916 4924 3146 4980 sollicite
3167 4934 3273 4997 quo
3300 4938 3461 4993 caput
3520 4940 3831 5007 praecessit,

2231 5025 2286 5074 et
2311 5031 2431 5087 quas
2457 5014 2525 5071 ad
2568 5015 2854 5071 vivendum
2883 5020 3162 5088 praeceptis
3207 5023 3546 5094 astringitur,
3597 5029 3666 5083 ad
3706 5045 3830 5100 spes

2232 5105 2461 5163 randum
2503 5107 2752 5178 exemplo
2799 5109 3114 5176 roboretur;
3149 5112 3382 5167 coulidat
3410 5116 3611 5187 caelos,
3644 5132 3828 5189 speret

2228 5215 2515 5272 supernam
2548 5200 2797 5271 patriam,
2827 5203 3135 5272 angelorum
3163 5220 3221 5264 se
3249 5208 3449 5263 sociam
3478 5211 3636 5279 sciat,
3661 5222 3823 5284 atque

2227 5294 2283 5349 in
2313 5307 2411 5349 suo
2442 5296 2617 5364 capite
2660 5295 2939 5378 prmlatam
2991 5311 3050 5353 se
3105 5298 3264 5354 etiam
3310 5304 3521 5373 angelis
3567 5310 3821 5378 gaudeat.

2228 5408 2378 5510 ceret
2407 5442 2447 5510 ε.
2486 5429 2666 5482 meruit
2708 5438 2896 5483 natura
2940 5429 3164 5510 humana
3220 5448 3254 5485 a
3296 5432 3505 5510 Christo
3556 5454 3825 5510 assumpta

2227 5501 2348 5585 coli.
2407 5495 2708 5585 Ususpatur
2752 5516 2897 5572 sirpe
2944 5504 3176 5572 passive,
3226 5514 3284 5559 ut
3328 5508 3364 5559 Ι.
3414 5523 3569 5579 xvtn,
3612 5495 3673 5568 n.
3709 5495 3813 5583 ὥς

2225 5568 2279 5725 1;
2292 5568 2717 5725 iuungam?
2741 5642 2787 5725 si
2815 5645 3064 5725 desperet.
3096 5632 3344 5725 Noslram
3374 5649 3701 5725 lcct.,_rqutc
3735 5665 3823 5712 est

2227 5710 2357 5798 yss.
2385 5797 2389 5798 γ
2416 5712 2624 5798 Bait-IL,
2654 5710 2848 5798 'Colb"
2903 5710 3149 5798 Vindoc.,
3219 5718 3490 5798 bongipn
3517 5710 3821 5798 :Ndrritan;,

2229 5778 2652 5907 saginanam
2700 5785 2768 5843 ad
2820 5778 3113 5860 marginem
3135 5778 3407 5862 'rejecitv."
3427 5778 3575 5853 Vide
3590 5778 3601 5781 ἡ
3618 5778 3819 5870 ἷιῖρἰξ

2229 5867 2280 5907 n.
2389 5890 2403 5907 .

2224 5867 2280 5907 ll.
2313 5867 2403 5907 26.
