4036 6348
203 352 303 413 417

904 338 1293 408 "uenantum
1331 346 1464 405 LIB.
1503 326 1806 407 xxv":—

1910 347 1942 404 Ν
1979 345 2209 404 CAPUT
2250 346 2496 404 XXXVII
2534 348 2594 406 Β.
2634 348 2778 406 JOB.

3368 352 3477 419 418

204 471 418 527 Dicatur
469 467 629 540 igitur
662 476 811 525 recte
859 467 927 524 de
978 470 1077 525 hac
1115 470 1237 526 luce
1288 477 1505 526 aeternas
1555 467 1780 539 patriai:
1811 469 1871 535 Α
1896 466 2094 522 divinae
2150 468 2335 536 gratia:
2365 469 2691 538 aspiratione
2722 468 2984 539 pulsetur.
3017 469 3072 527 in
3104 473 3215 530 suis
3244 474 3483 534 delecta-

204 562 485 619 Annatntiat
510 562 574 615 de
599 578 659 616 ea
682 561 847 615 amico
876 577 968 615 suo
996 563 1131 630 quod
1160 563 1408 630 possessio
1450 562 1561 632 ejus
1602 561 1687 625 sit,
1736 571 1786 616 et

203 654 269 709 ad
296 669 412 708 una
438 653 597 733 possit
624 654 915 708 ascendere.
953 651 1095 725 [γει.
1127 650 1295 725 111.]
1338 652 1443 709 Sed
1464 652 1621 707 valde
1647 651 1786 707 mira

206 755 333 802 sunt
363 748 483 812 ista,
537 745 691 801 valde
732 745 1017 809 terribilia,
1058 745 1199 813 quod
1230 746 1390 799 homo
1418 744 1471 799 in
1496 752 1641 799 terra
1670 742 1785 799 edi-

209 848 314 910 tus,
343 848 551 908 atque:
577 838 781 893 caelesti
812 837 980 905 patria
1023 837 1361 907 exigentibus
1390 837 1599 893 meritis
1630 837 1789 907 longe

202 932 507 997 damnatus,
540 945 646 985 non
696 929 872 984 solum
903 929 968 983 ad
995 938 1193 984 statum
1222 929 1547 984 conditionis
1569 927 1787 984 reducic

203 1034 310 1088 tur,
340 1022 437 1078 sed
462 1022 624 1077 etiam
653 1020 939 1091 gloriosius
960 1021 1245 1088 exaltatur,
1268 1032 1324 1076 ut
1353 1023 1442 1090 qui
1476 1010 1795 1091 paradisum’

204 1114 442 1183 perdidit
467 1113 663 1170 omium
711 1114 962 1182 recipiat;
1006 1125 1062 1169 et
1111 1128 1217 1168 non
1259 1115 1431 1168 solum
1454 1113 1594 1167 hunc
1622 1111 1790 1183 debiti

202 1207 290 1261 sui
320 1213 501 1261 reatus
527 1221 633 1260 non
657 1212 858 1271 teneat,
905 1204 1001 1259 sed
1051 1204 1174 1259 huic
1219 1212 1338 1273 post
1388 1202 1598 1273 culpam
1648 1202 1789 1257 dona

201 1297 531 1354 Cumulatius
558 1306 900 1364 excrescant,
941 1305 998 1351 ut
1044 1296 1135 1351 ille
1181 1305 1521 1367 contemptor
1549 1297 1667 1359 Dei,
1698 1294 1793 1352 ille

206 1388 454 1443 imitator
478 1388 702 1454 diaboli,
744 1388 792 1443 si
835 1387 903 1441 ad
945 1386 1173 1442 fructum
1222 1389 1556 1458 paenitentiae
1583 1387 1789 1455 redeat,

204 1490 377 1549 usque
418 1479 486 1536 ad
539 1479 910 1535 celsitudinem
956 1480 1386 1550 contemplandas
1433 1481 1634 1535 intima:
1660 1480 1793 1536 lucis

202 1571 483 1627 ascendat.
507 1569 673 1642 Cujus
703 1573 883 1641 itaque
911 1586 1006 1627 cor
1033 1588 1141 1628 non
1172 1574 1225 1627 in
1258 1572 1415 1642 hujus
1444 1572 1655 1640 pietatis
1693 1572 1794 1627 ad-

203 1663 494 1719 miratione
524 1664 769 1719 exsiliat?
790 1663 954 1733 Cujus
993 1674 1179 1733 torpor
1207 1679 1313 1719 non
1344 1664 1397 1718 in
1425 1665 1795 1720 sublevatione

204 1763 374 1809 tautae
401 1755 850 1811 eonsiderationis
879 1755 1234 1825 expavescat?
1264 1754 1419 1812 Unde
1439 1764 1636 1826 etapte
1665 1754 1795 1811 sub-

205 1846 450 1917 iungitur
479 1862 495 1901 :
1044 1906 1047 1917 _

637 1937 862 1995 CAPUT
888 1939 1009 1995 xvi
1040 1941 1197 2012 1Rec.
1229 1939 1361 2010 IX].

279 2028 416 2085 CAP.
447 2026 658 2096 xxxvtt',
706 2029 870 2085 Vsus.
899 2029 953 2085 i.
1002 2062 1076 2074 —
1120 2030 1294 2102 Super
1335 2032 1432 2086 hoc
1477 2033 1681 2102 expavit
1709 2046 1800 2087 cor

212 2141 405 2191 meum,
430 2135 477 2178 et
500 2136 693 2179 motum
713 2134 783 2179 est
814 2126 877 2180 de
907 2127 1018 2180 loco
1041 2143 1155 2181 suo.

280 2219 375 2273 3|.
408 2215 746 2271 Considerata
769 2227 971 2271 aeternae
989 2219 1178 2289 patriae
1207 2218 1347 2284 luce,
1384 2233 1528 2273 mens
1554 2219 1608 2273 in
1635 2226 1801 2273 ecsta-

207 2312 307 2367 siin
333 2312 656 2383 rapitur.—
701 2311 836 2379 Quia
880 2314 1046 2381 pavor
1089 2311 1217 2367 dum
1264 2322 1499 2367 mentem
1547 2313 1797 2382 percutit,

206 2404 355 2460 hanc
380 2418 410 2458 a
437 2403 724 2472 semetipsa
744 2404 974 2458 alienam
1002 2404 1212 2472 reddit,
1244 2420 1629 2475 nonnunquam
1656 2406 1803 2461 Lati-

208 2500 271 2554 ni
301 2500 623 2567 interpretes
672 2498 925 2553 cestasim
957 2512 1210 2567 pavorem
1260 2508 1474 2565 vocant,
1524 2500 1662 2553 sicut
1706 2512 1804 2567 per

208 2588 556 2645 Psalmistam
582 2587 779 2643 dicitur
804 2605 817 2642 :
878 2586 988 2658 Ego
1017 2589 1127 2643 dixi
1167 2589 1222 2642 in
1253 2604 1443 2657 pavore
1462 2604 1598 2656 meo,
1629 2590 1804 2659 proje-

208 2691 327 2735 ctus
352 2696 468 2735 sum
492 2696 525 2734 a
568 2682 712 2734 uultu
757 2679 1025 2734 oculorum
1071 2690 1275 2734 tuorum
1323 2678 1496 2751 (Psal.
1525 2695 1655 2744 xxx,
1683 2678 1799 2749 23).

215 2769 321 2826 Ubi
346 2768 599 2825 videlicet
646 2785 754 2825 non
777 2785 965 2840 pavor,
993 2770 1088 2825 sed
1117 2785 1372 2827 excessus
1420 2771 1524 2825 dici
1561 2782 1799 2840 poterat;

210 2862 311 2917 sed
347 2876 511 2930 pavor
539 2862 645 2918 illic
689 2877 788 2933 pro
812 2876 1043 2918 excessu
1091 2864 1327 2933 ponitur,
1387 2862 1511 2933 quia
1569 2866 1710 2917 sicut
1748 2848 1803 2918 in

210 2968 467 3021 excessu,
498 2954 570 3010 ita
607 2954 660 3009 in
692 2969 890 3023 pavore
917 2955 1181 3011 alienatur
1233 2958 1465 3010 animus.
1524 2952 1674 3010 Unde
1718 2953 1804 3010 hic

209 3060 435 3116 quoque
460 3046 795 3103 considerata
825 3047 946 3103 luce
992 3058 1208 3103 internae
1240 3049 1445 3117 patriae,
1496 3057 1643 3103 recte
1672 3050 1804 3102 sub-

212 3136 458 3211 [ungitur
490 3156 503 3191 :
554 3137 722 3208 Super
755 3139 850 3193 hac
875 3140 1077 3211 expavit
1107 3156 1195 3194 cor
1216 3157 1401 3195 meum.
1430 3143 1508 3196 Ac
1543 3140 1587 3194 si
1618 3140 1802 3213 dicat:

1890 558 2125 613 tionibus
2149 556 2341 628 frigida
2392 561 2823 632 insensibilisque
2846 565 3117 631 torpescit,
3149 581 3371 623 necesse
3392 576 3483 627 est

1889 658 1950 704 ut
1970 649 2239 719 quomodo
2262 650 2468 704 interna
2490 652 2810 721 cogitatione
2844 662 3106 722 tangatur,
3133 658 3217 709 vel
3244 657 3479 727 qualiter

1890 739 1956 793 ad
1978 739 2240 809 Spiritalia
2260 737 2286 775 ἀ
2310 740 2665 809 seusilicetur,
2696 744 2969 814 adjuugat.
2998 747 3252 816 Sequitur
3282 767 3293 801 :

2123 829 2349 887 CAPUT
2386 828 2524 886 xvn
2564 832 2717 906 [Vet.
2756 834 2930 903 XIII,
2976 840 3097 893 Rec.
3139 838 3246 911 x1.

1969 924 2130 979 Vsus.
2163 924 2218 979 2.
2251 957 2325 968 -
2344 926 2530 978 Audiet
2554 928 2870 981 auditionem
2891 931 2943 983 in
2974 939 3165 986 terrore
3186 933 3319 987 vocis
3344 935 3480 1005 ejus,

1893 1023 1940 1067 et
1962 1030 2142 1069 sonum
2172 1015 2237 1068 de
2265 1031 2353 1069 ore
2374 1015 2519 1068 illius
2552 1020 2926 1085 procedentem.

1964 1113 2054 1167 55.
2101 1112 2240 1167 Deus
2269 1115 2412 1184 prius
2440 1115 2623 1168 timore
2644 1116 2836 1185 judicii
2882 1132 2976 1171 nos
3024 1100 3264 1190 castigat,
3309 1131 3487 1190 postea

1893 1207 2106 1261 caelestis
2134 1206 2419 1261 dulcedinis
2470 1206 2820 1261 consolatione
2860 1209 3043 1276 reﬁcit.
3089 1242 3156 1251 —
3203 1210 3316 1265 Mos
3343 1212 3487 1267 sacri

1895 1296 2094 1367 eloquii
2123 1306 2204 1351 est
2233 1307 2289 1351 ut
2315 1312 2436 1351 cum
2468 1298 2654 1353 audire
2691 1298 2888 1368 aliquid
2941 1314 3035 1367 per
3062 1300 3298 1354 auditum
3349 1300 3491 1355 insi-

1897 1396 2048 1452 nuat,
2081 1387 2251 1443 audiri
2282 1388 2531 1443 eumdem
2584 1389 2827 1444 auditum
2859 1389 3022 1455 dicat,
3054 1391 3190 1444 sicut
3238 1391 3489 1447 llahncuc

1898 1478 1973 1532 ait
2004 1495 2016 1530 :
2052 1475 2291 1543 Domine,
2318 1479 2494 1533 audiui
2522 1481 2757 1534 auditum
2786 1490 2950 1547 tuum,
2976 1490 3022 1536 et
3061 1483 3209 1535 timui
3258 1483 3486 1552 (Hebae.

1899 1584 1980 1634 ιιι,
2012 1568 2088 1640 1).
2119 1568 2269 1625 Unde
2300 1570 2385 1625 hic
2417 1585 2629 1641 quoque
2664 1572 2862 1627 dicitur
2894 1590 2909 1627 :
2962 1574 3147 1629 Audiet
3176 1575 3491 1631 auditionem

1898 1660 1953 1714 in
1980 1669 2180 1715 terrore
2204 1662 2340 1715 cocis
2377 1665 2513 1733 ejus.
2569 1652 2869 1731 Notandum
2919 1678 3050 1718 vero
3078 1674 3161 1719 est
3211 1665 3354 1736 quod
3387 1680 3492 1722 vox

1902 1748 1996 1804 Dei
2025 1766 2130 1805 non
2162 1752 2214 1804 in
2238 1750 2455 1820 gaudio,
2485 1751 2579 1806 sed
2610 1752 2661 1805 in
2695 1762 2899 1808 terrore
2928 1754 3097 1808 audiri
3146 1756 3484 1826 perhibetur,

1820 1839 1872 1902 B
1897 1840 2018 1909 quia
2045 1841 2300 1895 nimirum
2334 1850 2586 1910 peccator
2611 1843 2839 1912 quisque
2865 1842 2990 1897 dum
3021 1844 3133 1897 sola
3158 1860 3278 1913 quae
3309 1855 3491 1902 terre-

1903 1946 1971 1986 na
1997 1941 2127 1986 sunt
2165 1933 2381 2002 cogitat,
2418 1933 2543 1987 dum
2573 1948 2665 1987 cur
2694 1947 3007 2002 oppressum
3041 1935 3241 1989 inlimis
3289 1938 3494 2006 cogita-

1906 2020 2143 2075 tionibus
2165 2031 2362 2091 gestat,
2395 2022 2438 2075 si
2468 2031 2688 2090 repente
2736 2022 2930 2077 divina:
2954 2023 3138 2093 gratia:
3166 2025 3495 2095 aspiratione

1903 2113 2163 2181 tangitur,
2188 2115 2292 2167 hoc
2316 2122 2441 2168 ante
2465 2116 2643 2167 omnia
2667 2112 2936 2183 intelligit,
2967 2114 3108 2184 quod
3136 2123 3324 2169 cuncta
3373 2130 3496 2185 qua:

1901 2205 2013 2275 agit
2037 2206 2277 2260 districta
2308 2204 2492 2259 :eterni
2544 2204 2740 2274 judicis
2768 2205 3237 2259 animadversione
3266 2206 3515 2279 puniam-~

1904 2306 2011 2352 tur.
2040 2296 2258 2351 Auditio
2285 2297 2448 2366 igitur
2477 2298 2623 2351 vocis
2658 2296 2751 2350 Dei
2785 2296 2929 2364 prius
2980 2296 3033 2349 in
3065 2304 3271 2351 terrore
3297 2296 3378 2362 fit,
3436 2303 3496 2352 ut

1905 2400 2091 2459 postea
2115 2397 2355 2442 vertatur
2381 2388 2433 2440 in
2465 2385 2830 2451 dulcedinem,
2882 2384 3005 2455 quia
3033 2394 3157 2439 aute
3182 2398 3280 2440 nos
3305 2385 3495 2441 distri-

1904 2479 1978 2534 cti
2004 2479 2190 2548 judicii
2223 2480 2415 2532 timore
2444 2477 2692 2547 castigat,
2720 2486 2776 2530 ut
2800 2476 2911 2542 jam
2933 2475 3219 2545 castigatos
3243 2489 3496 2546 superna

1910 2570 2215 2626 dulcedinis
2241 2569 2609 2624 consolatione
2637 2568 2861 2622 reliciat.
2906 2567 3040 2621 Nam
3070 2582 3192 2622 cum
3241 2582 3341 2622 nos
3380 2567 3498 2622 vio-

1907 2664 2052 2719 lenta
2103 2678 2282 2718 rerum
2326 2661 2703 2730 temporalium
2759 2661 3045 2716 delectatio
3099 2661 3382 2729 possidet,
3442 2667 3500 2717 et

1907 2765 2107 2812 mentis
2138 2769 2338 2811 nostrae
2362 2770 2551 2810 OCUIOS
2581 2756 2634 2808 in
2663 2769 2853 2809 somno
2884 2755 3113 2822 torporis
3143 2755 3358 2823 premit,
3394 2763 3418 2792 ε
3450 2754 3500 2811 si

1907 2864 2071 2903 manu
2091 2847 2267 2903 subita
2294 2848 2514 2917 superni
2545 2856 2821 2916 respectus
2855 2847 3173 2913 excitamur,
3234 2847 3324 2901 diu
3351 2847 3501 2902 clau-

1908 2952 1998 2992 sos
2027 2952 2150 2991 mox
2179 2938 2399 2993 eosdem
2455 2936 2523 2990 ad
2578 2936 2819 2992 veritatis
2856 2937 3042 2991 'lucem
3073 2939 3260 2993 oculos
3301 2939 3500 2995 mentis

1910 3029 2206 3097 aperimus,
2260 3043 2383 3097 qua:
2412 3029 2619 3098 egimus
2647 3029 2784 3082 mala
2831 3029 3193 3095 meminimus,
3229 3046 3387 3099 quam
3417 3032 3500 3086 (ιὶ-

1912 3120 2134 3173 strictus
2179 3118 2345 3188 judex
2370 3129 2557 3174 contra
2590 3120 2706 3174 hinc
2729 3120 2907 3175 veniat
2929 3121 3170 3176 videmus
3203 3138 3217 3174 :
3252 3120 3272 3161 ι
3320 3137 3501 3179 versa-

224 3230 286 3284 ιη
314 3229 684 3284 “minuam:
712 3210 949 3285 excessu
975 3245 1036 3287 se
1064 3233 1355 3300 transtulit,
1412 3242 1468 3286 et
1494 3233 1616 3302 quia
1651 3210 1802 3287 "om
1835 3230 1881 3292 ρ
1915 3220 1998 3266 tur
2041 3226 2076 3265 n
2103 3222 2283 3265 mente
2311 3210 2539 3281 quantus
2565 3212 2653 3266 ille
2680 3211 2749 3266 sit
2791 3212 2924 3265 tanti
2964 3212 3158 3279 judicis
3216 3214 3499 3285 adventus,

223 3319 348 3391 spei
375 3320 563 3389 spiritu
590 3336 741 3377 mens
780 3321 958 3377 amata
988 3333 1091 3393 est,
1138 3327 1481 3394 semetipsam
1531 3324 1704 3395 qualis
1754 3325 1809 3379 in
1855 3390 1863 3399 α

222 3422 440 3471 vetusta
478 3415 800 3484 cogitatione
827 3410 1001 3471 fuerat
1025 3416 1260 3486 reliquit.

293 3509 387 3565 5‘2.
416 3511 539 3577 Cor,
564 3510 773 3564 terrenis
798 3512 1073 3577 despectis,
1088 3511 1157 3564 ad
1170 3509 1284 3565 sola
1313 3510 1538 3564 mlestia
1561 3509 1808 3579 suspirat.

218 3603 449 3658 —Bene
470 3612 645 3658 autem
668 3603 862 3658 dicitur
879 3621 891 3656 :
911 3603 973 3656 Et
988 3613 1178 3658 motum
1190 3610 1266 3656 est
1289 3603 1476 3656 deloco
1496 3616 1609 3655 suo.
1637 3602 1811 3657 Locus

223 3698 429 3768 quippe
460 3696 679 3750 humani
708 3696 889 3750 cordis
918 3703 1003 3751 est
1028 3694 1313 3751 delectatio
1345 3695 1470 3749 vitae
1502 3694 1807 3762 prtesentis.

226 3788 339 3844 Sed
369 3802 491 3843 cum
533 3786 714 3842 divina
756 3788 1084 3857 aspiratione
1148 3786 1383 3857 tangitur
1435 3786 1583 3841 locus
1641 3785 1811 3840 nostri

223 3881 429 3949 cordis,
464 3882 525 3935 lit
569 3881 1102 3936 amoraternitatis.
1156 3878 1594 3935 Consideratioue
1649 3877 1814 3948 igitur

226 3982 452 4029 aeterna:
494 3975 681 4042 patria:
722 3972 790 4028 dc
842 3972 962 4027 loco
1003 3987 1104 4028 suo
1131 3971 1344 4028 animus
1372 3981 1639 4036 movetur,
1687 3971 1812 4040 quia

225 4064 502 4121 tle'relictis
530 4062 748 4127 inlimis,
775 4065 828 4119 iu
857 4066 1108 4134 supernis
1135 4063 1547 4134 cogitationibus
1574 4063 1808 4133 ponitur.

227 4154 389 4212 Prius
416 4156 557 4209 enim
587 4170 706 4223 qua:
728 4163 910 4210 essent
932 4165 1128 4212 aeterna
1154 4157 1449 4225 nesciebat,
1503 4158 1557 4211 in
1582 4170 1818 4226 praesen-

227 4248 364 4302 tium
395 4247 750 4303 delectatione
777 4256 1071 4317 torpuerat,
1100 4247 1370 4319 simulque
1400 4249 1517 4319 ip‘se
1548 4251 1813 4306 transiens

227 4356 418 4397 amore
446 4342 778 4397 transeuntia
808 4340 1043 4397 tenebat.
1074 4340 1182 4396 Sed
1228 4351 1507 4412 postquam
1557 4358 1678 4412 qua
1725 4356 1817 4398 es-

231 4441 358 4491 sent
379 4446 578 4490 aeterna
607 4435 878 4504 cognovit,
903 4441 1184 4503 postquam
1201 4446 1448 4502 supernae
1473 4433 1610 4489 lucis
1636 4436 1815 4501 radios

228 4530 427 4600 raptim
458 4529 874 4599 contemplanda
915 4529 1160 4598 contigit,
1215 4535 1241 4564 ἰ
1272 4526 1629 4595 admiratione
1670 4545 1816 4584 sum-

1913 3316 2035 3372 qua:
2063 3312 2188 3356 tunc
2218 3301 2307 3356 illa
2329 3302 2401 3357 sit
2427 3302 2701 3357 hominum
2727 3302 3151 3373 angelorumque
3175 3303 3512 3375 frequentia;

1913 3404 2111 3467 quanta
2140 3398 2192 3452 vi
2221 3408 2408 3452 contra
2458 3400 2718 3466 reprobus
2742 3410 2796 3453 et
2825 3398 3068 3453 ardentia
3112 3410 3350 3469 pugnent
3396 3401 3502 3457 ele-

1914 3501 2118 3556 menta,
2150 3506 2311 3560 quam
2345 3492 2656 3547 terribiliter
2684 3500 2883 3546 teterna
2916 3493 3136 3560 prodeat
3167 3494 3235 3549 de
3274 3495 3503 3552 disuicti

1910 3582 2101 3651 judicis
2130 3597 2227 3638 ore
2250 3586 2537 3647 sententia,
2592 3598 2693 3650 qua
2725 3584 2968 3652 reprobis
2992 3593 3017 3631 ὅ
3045 3584 3243 3640 dicitur
3269 3601 3285 3645 ;
3320 3585 3504 3642 Disce-

1915 3674 2018 3727 dite
2046 3690 2078 3726 a
2104 3689 2202 3736 me,
2230 3673 2512 3737 maledicti,
2545 3673 2599 3726 in
2622 3674 2791 3743 ignem
2816 3683 3082 3742 internum,
3121 3676 3209 3744 qui
3233 3690 3504 3747 prepara-

1916 3772 1998 3817 tus
2027 3774 2098 3816 est
2125 3763 2330 3817 diabolo
2353 3773 2402 3817 et
2421 3764 2622 3833 angelis
2646 3765 2759 3835 ejus
2818 3764 3033 3834 (Matth.
3064 3781 3189 3831 xxv,
3221 3766 3337 3836 41).
3396 3767 3504 3823 Eo-

1915 3855 2161 3912 rumdem
2193 3872 2349 3926 paena
2377 3856 2728 3927 reproborum
2772 3867 2898 3912 ante
2928 3860 3111 3913 oculos
3137 3858 3387 3926 volvitur,
3446 3868 3506 3915 et

1914 3964 2036 4019 qua:
2064 3950 2173 4004 sint
2199 3951 2459 4019 gehennae
2486 3950 2744 4017 tenebrae,
2777 3963 2899 4004 cum
2931 3950 3077 4019 gravi
3127 3950 3505 4006 amaritudinis

1916 4043 2249 4098 obscuritate
2276 4051 2554 4110 pensatur.
2580 4041 2711 4109 Quia
2751 4056 2878 4111 ergo
2914 4041 3199 4111 superbum
3230 4056 3324 4097 cor
3356 4043 3505 4109 prius

1915 4144 2127 4192 terrore
2146 4136 2473 4199 concutitur,
2507 4143 2566 4188 ut
2593 4148 2912 4189 concussum
2938 4134 2990 4187 in
3011 4149 3194 4189 amore
3216 4134 3503 4200 solidetur,

1917 4238 2065 4284 recte
2090 4244 2230 4283 nunc
2256 4228 2453 4283 dicitur
2480 4244 2492 4280 :
2528 4228 2711 4281 Audiet
2740 4228 3054 4281 auditionem
3074 4229 3126 4281 in
3148 4237 3339 4283 terrore
3369 4229 3505 4283 vocis

1917 4322 2049 4393 eius.
2106 4319 2206 4375 Ubi
2251 4327 2306 4374 et
2334 4319 2472 4374 bene
2514 4317 2898 4389 subjungitur:
2940 4317 3010 4372 Et
3033 4335 3217 4373 sonum
3244 4319 3308 4373 de
3328 4334 3414 4373 ore
3441 4319 3506 4375 il-

1918 4415 2016 4469 lius
2046 4417 2398 4485 procedentem

1993 4523 2082 4578 34.
2119 4523 2408 4595 Utrumque
2435 4532 2640 4595 prazstat
2664 4524 2876 4593 spiritus
2923 4532 3131 4578 sanctus
3171 4524 3234 4577 de
3283 4539 3369 4578 ore
3400 4523 3507 4578 Do-

231 4638 446 4682 morum
472 4637 592 4679 sese
620 4624 689 4678 ab
718 4621 914 4678 inﬁmis
941 4621 1228 4676 suscitatus
1257 4618 1507 4687 elevavit,
1560 4628 1622 4675 ιιι
1670 4621 1815 4677 nulla
1843 4601 1899 4662 Β
1923 4612 2048 4668 mini
2072 4615 2371 4683 procedens.
2421 4647 2495 4659 —
2534 4614 2712 4670 SOIIUS
2742 4614 2809 4668 de
2837 4629 2930 4669 ore
2955 4613 3049 4669 Dei
3076 4622 3158 4668 est
3186 4614 3265 4667 vis
3296 4613 3509 4669 timoris

230 4717 346 4788 jam
375 4715 426 4770 ei
472 4713 578 4769 nisi
606 4729 725 4785 qua:
773 4721 971 4769 aeterna
997 4722 1122 4767 sunt
1148 4712 1367 4778 libeant,
1421 4720 1497 4779 et,
1550 4712 1818 4784 despectis

231 4804 659 4871 transeuntibus,
701 4804 812 4859 sola
841 4818 962 4872 qua:
1010 4811 1342 4873 permanent,
1372 4803 1627 4873 requirat.
1676 4804 1821 4861 Bene

231 4906 362 4970 ergo
388 4900 621 4957 dicitur:
654 4899 822 4959 Super
849 4902 942 4957 hoc
972 4900 1176 4973 expauit
1198 4900 1366 4971 868
1415 4913 1505 4951 cor
1531 4911 1719 4962 meum,
1769 4905 1819 4951 et

188 4998 193 5005 ‘
232 5004 429 5048 motum
448 4993 603 5047 estde
630 4993 742 5063 loco
766 5007 884 5061 suo,
945 4990 1067 5061 quia
1103 4992 1311 5060 pigrum
1343 5002 1460 5052 cor,
1508 4995 1564 5041 et
1591 4987 1821 5042 terrenis

234 5086 438 5143 dudum
463 5084 874 5157 cogitationibus
899 5083 1167 5147 deditum,
1205 5094 1327 5135 cum
1355 5086 1577 5147 repente
1603 5093 1697 5145 per
1724 5092 1821 5133 ex-

235 5194 451 5235 cessum
469 5176 497 5217 ι)
525 5192 587 5234 se
609 5176 679 5232 ad
702 5190 910 5232 summa
935 5170 1236 5241 suspendit,
1264 5169 1605 5241 cogitationis
1623 5164 1820 5223 iiilimze

231 5269 412 5326 locum
444 5267 687 5324 mutavit.
720 5277 744 5308 ο
775 5266 880 5323 Sed
910 5265 1033 5335 quia
1060 5277 1155 5333 per
1182 5262 1523 5330 semetipsum
1556 5260 1608 5315 in
1638 5274 1823 5316 amore

235 5359 522 5427 praesentis
575 5357 758 5414 saeculi
801 5363 1066 5415 prostrata
1117 5366 1270 5407 mens
1298 5351 1574 5415 dormitat,
1618 5360 1673 5405 et
1720 5350 1824 5408 nisi

313 5506 341 5535 ⁸
381 5497 608 5561 Pratel.,
629 5495 748 5552 Utic
768 5502 822 5550 et
841 5492 954 5560 alii,
979 5493 1096 5561 ipsa
1125 5493 1487 5545 aamiratione.

312 5566 342 5608 ¹⁵
381 5565 637 5633 Vindoc.,
668 5567 906 5633 Ebroic.,
938 5574 1065 5628 etc.,
1089 5580 1144 5618 se
1168 5565 1235 5615 ad
1265 5578 1505 5629 superna.

321 5649 346 5680 ο
389 5630 643 5703 Vindoe.,
674 5630 899 5702 Pratel.,
932 5635 1099 5698 Utic.,
1124 5636 1210 5689 sed
1236 5633 1358 5685 dum
1390 5649 1477 5696 per
1508 5630 1827 5701 semetipsum

236 5710 298 5766 in
326 5728 502 5766 amore
534 5710 793 5777 prasentis
817 5724 1007 5762 sua...
1063 5722 1205 5760 mens
1243 5706 1485 5777 dormiat,
1508 5774 1517 5777 _
1544 5713 1590 5755 et
1623 5704 1720 5754 nisi
1747 5704 1829 5756 di-

238 5783 372 5839 cina:
394 5774 576 5858 gratia!
603 5781 918 5849 aspiratione
947 5779 1181 5851 pulsetur
1212 5777 1265 5831 in
1290 5777 1396 5831 suis
1432 5774 1693 5830 delect....
1719 5784 1829 5828 tor-

240 5867 444 5925 pescat,
474 5868 674 5919 necesse
697 5860 793 5918 est,
818 5860 923 5906 etc.

1923 4704 1990 4760 de
2017 4721 2245 4776 superna
2284 4708 2494 4762 irruens
2524 4708 2865 4776 aspiratione,
2914 4707 3040 4777 quia
3100 4721 3219 4762 cum
3279 4721 3381 4763 nos
3435 4706 3506 4764 de
3585 4700 3609 4771 ξ

1923 4796 2165 4854 venturis
2212 4796 2473 4853 Dominus
2522 4798 2809 4868 aspirando
2856 4799 3049 4868 replet,
3102 4799 3291 4869 procul
3348 4800 3512 4855 dubio
3550 4828 3551 4831 η

1926 4889 1995 4945 de
2021 4889 2161 4943 male
2185 4889 2349 4958 gestis
2388 4889 2675 4958 prasteritis
2731 4897 2914 4945 terret.
2973 4886 3160 4945 Potest
3204 4898 3381 4944 autem
3414 4903 3516 4959 per

1924 4997 1987 5039 os
2039 4983 2151 5050 Dei,
2202 4983 2503 5053 unigenitus
2545 4982 2811 5052 designari
2846 4982 3034 5050 Filius,
3084 4983 3172 5053 qui
3217 4984 3356 5036 sicut
3390 4994 3513 5035 ura-

1927 5074 2105 5128 chium
2155 5072 2274 5142 ejus
2327 5072 2541 5138 dicitur,
2593 5072 2713 5142 quia
2761 5086 2856 5141 per
2904 5086 3028 5126 eum
3095 5080 3286 5125 cuncta
3353 5069 3515 5121 Pater

1929 5173 2204 5235 operatur,
2237 5163 2304 5218 de
2333 5178 2441 5233 quo
2463 5165 2721 5232 pr0plieta
2748 5164 2859 5217 ait:
2922 5161 2989 5215 Et
3017 5160 3278 5213 brachium
3305 5155 3516 5210 Domini

1933 5261 2014 5310 cui
2040 5254 2315 5309 revelatum
2341 5263 2418 5307 est
2455 5251 2611 5325 (Isai.
2648 5269 2762 5320 ιιιι,
2796 5251 2887 5321 i)?
2934 5251 3003 5306 de
3032 5265 3137 5319 quo
3163 5249 3397 5303 Joannes
3423 5246 3511 5300 di-

1931 5348 2047 5404 cit:
2082 5347 2270 5401 Omnia
2320 5362 2409 5413 per
2447 5346 2619 5415 ipsum
2658 5346 2795 5416 facta
2845 5350 2962 5397 sunt
3009 5341 3194 5411 (Joan.
3225 5354 3265 5406 ι,
3297 5339 3389 5408 5);
3440 5337 3515 5394 ita

2001 5481 2031 5520 ά
2073 5482 2253 5537 Baluz.
2278 5491 2330 5537 et
2356 5482 2531 5543 Colb.,
2563 5479 2897 5548 signiﬁcetur.

2004 5564 2029 5591 θ
2070 5555 2266 5608 Pratel.
2298 5561 2354 5607 et
2384 5546 2651 5613 nonnulli,
2677 5546 2719 5602 si
2750 5563 2904 5601 manu
2931 5546 3115 5600 subite.

2008 5623 2026 5661 ί
2070 5625 2321 5694 Longin.,
2362 5612 2718 5694 versamus’in
2744 5691 2752 5694 Α
2779 5627 2960 5694 mente.
3020 5616 3178 5682 i‘bid.,
3234 5612 3415 5673 Baluz.
3459 5627 3516 5679 es

1931 5695 2114 5754 Colb..
2138 5688 2234 5763 pr'o
2256 5694 2474 5762 judicis,
2507 5688 2935 5763 habentjudicii.

2008 5776 2032 5815 κ
2072 5757 2183 5829 All,
2211 5757 2355 5833 dicit,
2385 5771 2444 5819 ut
2471 5762 2671 5817 habent
2696 5758 2850 5816 Colb.
2890 5768 2946 5817 et
2973 5757 3151 5816 Balus.
