4004 6350
606 304 706 361 H9

1590 356 1601 361 -
1695 344 1717 358 .
1772 302 2014 359 SANCTI
2057 297 2390 356 GREGORII
2429 290 2647 356 unum
2856 292 2859 295 ‘
3718 304 3797 365 uo

607 416 760 471 etiam
789 429 851 469 os
871 413 1089 470 dicitur.
1137 411 1276 470 Hinc
1302 423 1389 470 est
1430 412 1575 468 enim
1603 413 1748 483 quod
1789 413 2046 484 propheta
2073 413 2184 468 ait:
2212 413 2269 475 Α
2292 409 2452 465 etiam
2474 409 2526 463 in
2550 406 2903 463 dissimilibus
2921 406 3025 463 sibi
3054 405 3154 477 ipsi
3180 406 3454 465 dissimilis
3472 418 3568 467 nun
3592 423 3681 471 est.
3723 419 3801 476 ι.

607 504 679 560 Os
706 506 839 560 enim
872 505 1081 560 Domini
1103 505 1330 559 locutum
1346 514 1420 559 est
1444 503 1552 559 haec
1574 500 1732 576 (Isai.
1762 518 1910 573 Lvm,
1943 501 2057 574 M).
2082 502 2185 559 Per

604 584 765 669 quem
794 596 950 652 nobis
981 597 1158 652 omnia
1188 596 1444 666 loquitur,
1483 610 1548 651 ac
1591 596 1639 651 si
1683 596 1793 652 oris
1841 596 2059 651 nomine
2086 609 2185 664 pa-

605 696 780 745 tenter
827 690 1097 745 diceretur
1154 689 1415 756 verbum,
1467 689 1604 745 sicut
1668 704 1768 745 nos
1817 703 2033 760 quoque
2088 702 2186 758 pro

605 780 782 838 verbis
811 781 1043 853 linguam
1093 781 1274 839 dicere
1324 783 1582 849 solemus,
1632 791 1695 837 ut
1741 795 1861 838 cum
1916 781 2183 847 Graecam,

603 874 688 930 vel
746 874 1015 930 Latinam.
1046 873 1278 944 linguam
1325 873 1574 939 dicimus,
1632 873 1824 928 Latina
1877 870 1963 926 vel
1999 870 2185 926 Grzeca

603 968 767 1025 verba
796 979 1175 1025 monstramus.
1221 968 1294 1026 Os
1337 984 1467 1039 ergo
1510 968 1721 1024 Domini
1763 981 1871 1023 non
1920 965 2187 1021 immerito

582 1060 775 1129 ipsum
837 1061 1149 1130 accipimus.
1217 1059 1384 1131 869
1428 1056 1586 1115 Unde
1645 1057 1796 1115 etei
1869 1071 2065 1128 sponsa
2130 1056 2185 1111 in

601 1147 832 1204 Canticis
872 1150 1199 1204 canticorum
1226 1148 1356 1204 dicit
1389 1165 1404 1203 :
1463 1147 1730 1203 Osculetur
1774 1164 1852 1203 me
1881 1147 2056 1202 osculo
2083 1146 2188 1202 oris

601 1226 683 1296 sui
734 1242 905 1314 (Cant.
966 1259 1014 1309 ι,
1082 1242 1159 1313 ι).
1211 1243 1290 1299 Ac
1335 1246 1378 1301 si
1427 1243 1571 1299 dicat
1611 1262 1627 1299 ε
1672 1243 1877 1313 Tangat
1931 1257 2019 1298 me
2069 1241 2188 1297 dul-

602 1334 795 1403 cedine
825 1333 1126 1403 praesentiae
1173 1333 1432 1403 unigeniti
1480 1333 1604 1389 Filii
1653 1332 2005 1401 redemptoris
2058 1330 2184 1386 mei.

602 1423 748 1498 [Vet.
785 1424 975 1498 XIV.)
1012 1425 1115 1481 Per
1147 1440 1343 1480 sonum
1388 1440 1519 1480 vero
1566 1424 1676 1481 oris
1725 1433 1902 1493 potest
1947 1422 2187 1492 ejusdem

601 1515 815 1571 Domini
855 1526 1075 1573 sanctus
1118 1516 1351 1586 Spiritus
1375 1515 1667 1586 designari.
1709 1514 1863 1572 Unde
1890 1523 1945 1570 et
1972 1515 2107 1570 alias
2132 1514 2187 1569 in

602 1605 847 1675 ejusdem
875 1608 1107 1676 Spiritus
1128 1609 1525 1678 signiﬁcatione
1552 1609 1813 1676 scriptum
1842 1614 1960 1661 est:
1992 1603 2187 1660 Factus

601 1704 673 1751 est
699 1706 903 1766 repente
930 1699 991 1750 de
1013 1696 1136 1751 cmlo
1174 1712 1333 1751 sonus
1362 1706 1609 1767 tanquam
1636 1696 1948 1750 advenientis
1976 1696 2187 1765 spiritus

2285 516 2391 572 que
2418 517 2547 572 ergo
2566 502 2750 556 omnia
2774 501 3015 571 respicit,
3043 516 3196 573 mque
3215 512 3406 559 cuncta
3427 504 3802 583 disponit,qsitn

2284 596 2534 652 omnibus
2577 595 2713 653 locis
2742 608 3000 665 praesens,
3033 610 3161 651 nec~
3179 596 3421 652 localiter
3447 607 3703 671 Henetus,
3727 622 3804 663 nec

2285 688 2434 742 varia
2459 687 2698 743 curando
2725 686 2986 742 variatur.
3009 686 3067 743 Si
3095 696 3274 744 autem
3303 690 3469 746 caslos
3487 702 3679 750 sanctos
3697 710 3800 766 pm.

2285 781 2552 837 dicatores
2602 780 2933 851 accipimus,
2970 780 3245 851 Propheta
3300 792 3575 842 attestante
3614 790 3693 858 qui
3719 792 3803 845 ait:

2287 871 2414 928 Cati
2449 882 2693 928 enarrunt
2742 873 2961 945 gloriam
2992 872 3087 955 Dei
3107 873 3282 942 (Psal.
3306 890 3455 939 xvtu,
3483 878 3555 945 i),
3576 890 3805 950 postquam

2285 980 2382 1035 per
2405 982 2597 1022 sonum
2627 966 2739 1023 oris
2770 966 3030 1022 adventus
3056 966 3290 1037 Spiritus
3323 970 3490 1024 sancti
3526 969 3806 1043 designatur,

2284 1066 2433 1111 recte
2458 1057 2798 1127 subjungitur
2829 1074 2843 1111 :
2877 1056 3068 1111 Subter
3098 1073 3273 1112 omnes
3302 1060 3452 1113 celes
3485 1061 3588 1130 ipse
3611 1066 3805 1120 conside-

2284 1157 2388 1213 rat,
2417 1158 2463 1201 et
2486 1150 2660 1203 lumen
2683 1150 2824 1204 illius
2843 1154 2999 1217 super
3025 1151 3272 1204 terminos
3291 1161 3457 1206 terris.
3720 1174 3721 1177 η

2356 1237 2447 1294 '56.
2478 1239 2737 1294 Miracula
2764 1256 2856 1295 cur
2875 1241 2930 1294 in
2977 1239 3225 1299 Ecclesia:
3266 1241 3488 1296 exordiis
3507 1258 3736 1301 concessa.
3759 1274 3811 1288 -

2286 1330 2425 1386 Sunt
2473 1346 2704 1400 namque
2746 1331 2987 1388 nonnulli
3016 1333 3107 1402 qui
3151 1346 3273 1388 cum
3323 1332 3454 1389 mira
3500 1318 3833 1404 apostolorum

2285 1434 2450 1489 Opera
2491 1422 2736 1485 audiunt,
2762 1424 2903 1491 quod
2925 1431 3147 1492 accepto
3190 1422 3399 1492 Spiritu
3422 1432 3601 1478 sancto
3621 1434 3812 1482 mortuos

2288 1512 2452 1568 verbo
2498 1513 2846 1578 suscitarent,
2876 1515 2945 1569 ab
3000 1515 3255 1579 obsessis,
3294 1514 3555 1570 daemonia
3577 1515 3811 1585 pellerent,

2287 1602 2478 1658 umbra
2504 1603 2837 1660 inﬁrmitates
2866 1616 3179 1660 amoverent
3202 1605 3410 1676 (AcM,
3441 1607 3527 1671 12,
3546 1608 3688 1678 αφ),
3708 1622 3812 1664 ven-

2288 1702 2406 1749 tura
2428 1710 2657 1765 quaeque
2678 1698 3048 1766 prophetando
3071 1699 3445 1764 praedicerent,
3466 1708 3520 1755 et
3538 1700 3815 1769 unigenitum

602 1788 901 1841 vehementis
929 1788 1064 1857 (Act.
1095 1803 1156 1853 ιι,
1187 1787 1270 1858 2).
1318 1790 1497 1842 Sonus
1547 1789 1708 1858 igitur
1757 1788 1826 1842 de
1856 1802 1952 1843 ore
1977 1787 2184 1842 Domini
2215 1784 2263 1845 B
2291 1783 2524 1841 Verbqu
2550 1787 2920 1854 Dei,omnium
2943 1789 3179 1858 gentium
3207 1789 3486 1869 loquentes
3511 1790 3693 1859 lingua,
3714 1805 3816 1858 prte-

604 1878 866 1948 procedit,
920 1892 1041 1933 cum
1087 1877 1564 1933 consubstantialis
1596 1878 1649 1933 ei
1701 1877 1935 1947 Spiritus
1981 1877 2050 1932 ad
2086 1891 2185 1933 nos

600 1986 698 2043 per
726 1970 920 2025 Filium
938 1971 1203 2037 veniens,
1231 1970 1548 2026 surditatem
1577 1979 1775 2025 nostrae
1805 1969 2188 2025 insensibilita-

601 2065 671 2119 tis
697 2064 919 2133 rumpit,
933 2064 1075 2119 sicut
1096 2064 1164 2119 de
1180 2063 1369 2119 eodem
1386 2077 1522 2118 Suno
1541 2063 2005 2131 incircumscripto
2028 2069 2188 2131 atque

600 2159 920 2227 incorporeo
949 2171 1011 2212 os
1032 2156 1243 2211 Domini
1268 2155 1524 2227 loquitur,
1554 2157 1741 2213 dicens
1771 2174 1785 2211 :
1820 2156 1898 2212 De
1922 2173 2034 2211 meo
2052 2156 2188 2210 acci-

602 2246 724 2318 piet,
762 2255 811 2301 et
838 2247 1164 2301 annuntiabit
1190 2248 1330 2301 vobis
1353 2245 1536 2317 (Joan.
1566 2263 1680 2315 xvi,
1711 2246 1824 2319 15).
1853 2248 2038 2305 Potest
2056 2263 2187 2319 ergo

502 2380 512 2393 ι
604 2355 663 2402 et
681 2360 778 2416 per
795 2355 1059 2402 terrorem
1104 2346 1251 2401 vocis
1296 2346 1379 2401 vis
1422 2329 1738 2411 formidinis,
1790 2354 1846 2399 et
1871 2359 1968 2415 per
1995 2359 2187 2400 sonum

602 2437 715 2494 oris
738 2437 970 2493 dulcedo
994 2437 1384 2492 consolationis
1411 2436 1660 2507 intelligi,
1710 2437 1832 2507 quia
1862 2450 1996 2505 quos
2020 2436 2189 2506 Spiri-

502 2582 505 2589 ,
603 2541 689 2587 tus
712 2540 930 2586 sanctus
959 2530 1153 2603 replet,
1203 2530 1360 2601 prius
1384 2543 1480 2585 eos
1502 2528 1573 2584 de
1600 2536 1814 2585 terrena
1839 2528 2055 2583 actione
2079 2537 2189 2583 ter-

602 2626 799 2694 rificat,
826 2634 882 2681 et
913 2624 1251 2695 postmodum
1281 2639 1379 2695 spe
1401 2623 1702 2681 cmicstium
1749 2620 2079 2691 consolatur,
2130 2633 2188 2680 ut

602 2726 751 2773 tanto
782 2725 903 2787 post
931 2727 957 2755 α
985 2716 1307 2772 conﬁdendo
1332 2716 1403 2772 de
1429 2716 1665 2785 praemiis
1692 2716 1961 2788 gaudeant
1986 2726 2189 2788 quanto

600 2811 754 2881 prius
809 2811 925 2866 sola
974 2809 1236 2880 supplicia
1264 2808 1645 2879 conspiciendo
1675 2808 2009 2865 metuebant.
2055 2809 2188 2864 Hinc

601 2908 687 2956 est
709 2892 853 2970 quod
882 2900 952 2955 de
979 2898 1242 2969 unigeniti
1291 2899 1493 2968 Spiritu
1518 2898 1669 2967 quasi
1696 2899 1766 2954 de
1788 2900 1890 2953 hoc
1917 2892 2027 2954 oris
2052 2913 2187 2955 sono

600 2990 800 3051 Paulus
829 2991 960 3047 dicit
1001 3008 1016 3045 :
1073 2990 1199 3045 Non
1226 2992 1363 3046 enim
1388 2991 1651 3061 accepistis
1674 2991 1913 3061 spiritum
1938 2992 2189 3046 servitutis

600 3083 783 3139 iterum
803 3083 857 3136 in
876 3083 1131 3150 timorem,
1180 3082 1271 3137 sed
1294 3082 1565 3152 accepistis
1614 3084 1854 3151 spiritum
1896 3083 2187 3154 adoptionis

2289 1877 2528 1931 dicerent
2547 1879 2687 1949 (Act.
2716 1892 2774 1943 ιι,
2804 1878 2884 1951 Δ),
2911 1880 3033 1949 quia
3063 1880 3160 1935 bas
3190 1879 3421 1935 virtutes
3448 1895 3582 1934 nunc
3604 1881 3649 1933 in
3670 1880 3817 1935 Eccle-

2288 1969 2367 2025 sia
2392 1986 2499 2025 non
2521 1970 2725 2036 Vident,
2747 1971 3073 2026 subtractam
3094 1971 3205 2042 jam
3227 1973 3295 2027 ab
3321 1972 3561 2027 Ecclesia
3583 1986 3818 2042 supernam

2289 2063 2513 2130 gratiam
2544 2063 2927 2132 ‘suspicantur,
2950 2065 3251 2120 nescientes
3281 2080 3514 2133 pensare
3540 2065 3669 2135 quod
3687 2066 3819 2131 scrip

2290 2160 2402 2208 tum
2441 2164 2564 2208 est:
2596 2154 2820 2224 Adjutor
2858 2155 2913 2209 in
2960 2157 3445 2227 opportunitatibus,
3473 2160 3526 2210 in
3550 2158 3820 2212 tribulatiom

2293 2241 2468 2330 (Paul.
2494 2259 2570 2308 ix,
2594 2240 2707 2313 10).
2732 2246 2883 2301 Tunc
2918 2248 3115 2317 quippe
3141 2256 3323 2304 sancta
3368 2248 3606 2305 Ecclesia
3632 2250 3819 2303 miracu-

2290 2332 2463 2391 lorum
2490 2337 2655 2407 επ)
2706 2337 2987 2407 adjutoriis
3026 2338 3280 2410 indiguit,
3303 2355 3430 2396 cum
3455 2355 3571 2397 eam
3600 2341 3821 2397 tribulatio

2289 2412 2687 2496 persecutionis
2710 2428 2923 2498 pressit.
2946 2430 3081 2484 Nam
3109 2439 3398 2500 postquam
3444 2433 3728 2502 superbiam
3764 2433 3822 2486 in-

2289 2518 2567 2575 ﬁdelitatis
2592 2522 2851 2589 edomuit,
2873 2538 2979 2579 non
3003 2522 3115 2592 jam
3141 2525 3398 2580 virtutum
3448 2528 3615 2597 signa,
3637 2526 3721 2581 sed
3738 2525 3823 2584 sola

2289 2614 2480 2667 merita
2500 2627 2718 2683 operum
2745 2614 3003 2684 requirit,
3026 2618 3271 2686 quamvis
3309 2627 3369 2672 et
3388 2618 3481 2672 illa
3528 2633 3625 2687 per
3665 2619 3822 2671 multos

2291 2716 2414 2758 ctun
2469 2706 2840 2774 opportunitas
2868 2705 3037 2776 exigit
3064 2707 3330 2763 ostendat.
3372 2707 3637 2779 Scriptum
3674 2708 3826 2778 quippe

2290 2807 2373 2851 εει
2404 2812 2421 2850 :
2447 2796 2663 2867 Linguis
2701 2798 2756 2852 in
2777 2798 2983 2870 signum
3005 2808 3123 2854 sunt
3163 2816 3265 2856 non
3293 2803 3555 2871 ﬁdelibus,
3580 2803 3665 2857 sed
3686 2802 3826 2870 inﬁde

2289 2890 2421 2944 libus
2449 2887 2507 2959 (ζ
2553 2888 2676 2944 Cor.
2715 2905 2827 2958 nv,
2857 2891 2973 2961 22).
3001 2892 3101 2949 Ubi
3141 2907 3271 2962 ergo
3295 2908 3487 2950 omnes
3520 2894 3695 2950 ﬁdeles
3715 2903 3828 2957 sunt,

2288 2996 2407 3052 quae
2428 2996 2590 3038 causa
2620 2984 2783 3053 exigit
2811 2992 2871 3038 ut
2914 2984 3067 3057 signa
3099 2989 3509 3042 monstrenturt
3538 2987 3679 3043 Unde
3708 2987 3829 3041 cities

2289 3074 2533 3132 fortasse'
2563 3076 2940 3147 satisfacimus,
2963 3078 3010 3133 si
3039 3080 3164 3149 quid
3192 3078 3262 3135 de
3305 3080 3425 3150 ipsa
3454 3081 3726 3151 apostolica
3747 3078 3830 3134 dis-

602 3178 859 3247 ﬁliorum,
904 3178 959 3231 in
1003 3192 1104 3247 quo
1148 3174 1449 3244 clamamus,
1488 3176 1631 3231 Abba
1656 3187 1802 3246 pater
1853 3176 2031 3248 (Rom.
2069 3188 2187 3245 vni,
2212 3177 2262 3243 ο
2291 3168 2607 3236 wisatione
2629 3184 3014 3225 memoremus.

601 3271 718 3342 15).
770 3271 906 3326 Hinc
953 3285 1051 3340 per
1099 3271 1449 3340 semetipsum
1502 3268 1716 3325 Veritas
1739 3269 1907 3325 dicit:
1960 3269 2187 3339 Accipite

600 3362 856 3433 Spiritum
884 3372 1119 3418 sanctum
1137 3402 1153 3429 ,
1181 3378 1398 3432 quorum
1426 3363 1719 3417 remiseritis
1744 3370 1975 3432 peccata,
2008 3362 2186 3416 remit-

600 3463 781 3508 tuntur
803 3455 909 3520 eis;
931 3462 978 3508 et
1013 3468 1233 3523 quorum
1256 3452 1588 3519 retinueritis,
1615 3460 1814 3507 retenta
1838 3458 1958 3506 sunt
1999 3449 2184 3521 (Joan.

601 3561 695 3615 xx,
726 3543 847 3616 22).
876 3545 1015 3602 Ecce
1044 3559 1428 3601 converson
1454 3553 1630 3602 terror
1674 3545 1905 3600 vertitur
1950 3545 2006 3600 in
2036 3555 2189 3616 pote-

598 3644 818 3703 statem,
866 3635 993 3705 quia
1033 3636 1163 3692 dum
1216 3637 1355 3691 mala
1404 3651 1503 3692 sua
1545 3637 1858 3707 paenitendo
1911 3640 2183 3710 puniunt,

599 3742 773 3799 usque
797 3728 865 3783 ad
885 3729 1255 3784 exercendum
1273 3728 1537 3800 judicium
1565 3730 1896 3797 ascendunt;
1922 3739 1981 3786 ut
2000 3730 2103 3787 hoe
2130 3732 2185 3787 in

599 3819 717 3876 Deo
741 3821 1207 3891 posseaccipiant,
1234 3820 1377 3891 quod
1399 3823 1550 3891 prius
1574 3820 1647 3878 de
1675 3822 1787 3878 Deo
1833 3824 1933 3894 ipsi
1980 3832 2187 3879 metue-

597 3908 995 3965 bantJudices
1031 3911 1230 3981 quippe
1276 3912 1411 3968 ﬁunt
1448 3912 1541 3982 qui
1585 3926 1878 3982 supernum
1922 3914 2185 3984 judicium

598 4001 837 4072 perfecte
860 4001 1173 4068 timuerunt,
1217 4011 1273 4058 et
1316 4004 1495 4059 aliena
1516 4004 1629 4073 jam
1656 4014 1876 4075 peccata
1916 4006 2184 4076 incipiunt

600 4092 876 4149 dimittere
915 4093 1011 4162 qui
1039 4094 1193 4163 prius
1239 4094 1658 4151 iormidaverant
1702 4111 1770 4151 ne
1821 4099 2183 4157 retinerentur

597 4201 722 4243 sua.
744 4186 852 4242 Sed
877 4188 1002 4257 quia
1047 4188 1153 4244 hoc
1179 4188 1351 4257 ipsum
1387 4187 1650 4259 judicium
1702 4192 1843 4259 quod
1871 4194 2187 4261 spiritaliter

598 4280 775 4350 agitur
796 4280 961 4335 modo
980 4295 1011 4333 a
1034 4278 1336 4335 carnalibus
1358 4296 1465 4335 non
1496 4280 1728 4346 videtur,
1766 4291 1895 4337 sunt
1941 4285 2183 4342 nonnulli

596 4372 690 4443 qui
722 4371 889 4427 Deum
923 4387 1010 4427 res
1055 4371 1317 4429 humanas
1359 4388 1550 4429 curare
1579 4391 1684 4430 non
1713 4377 2002 4445 aestimant,
2047 4378 2076 4418 ι’
2132 4390 2188 4438 et

598 4481 692 4523 eas
722 4468 847 4523 ferri
875 4468 1110 4524 fortuitis
1132 4467 1367 4527 motibus
1392 4477 1600 4540 putant.
1632 4468 1830 4528 Contra
1863 4487 2000 4544 quos
2031 4484 2181 4533 recte

596 4560 840 4617 subditur
863 4578 878 4615 :

982 4651 1209 4709 CAPUT
1256 4653 1421 4710 XVIII
1475 4655 1627 4731 [Rec.
1657 4656 1788 4729 XI].

671 4741 833 4800 Vens.
861 4744 916 4800 3.
940 4775 1012 4786 ——
1033 4746 1224 4801 Subter
1269 4765 1442 4805 omnes
1469 4752 1621 4806 calas
1659 4752 1768 4822 ipse
1795 4753 2183 4825 considerat,“

595 4835 769 4890 lumen
793 4834 935 4890 illius
962 4854 1119 4906 super
1140 4840 1379 4895 terminos
1408 4849 1576 4897 teme.

666 4928 757 4983 55.
788 4927 886 4983 Det
916 4945 1035 5001 erga
1058 4945 1257 4985 summa
1279 4941 1328 4987 et
1350 4933 1557 5002 inﬁrma
1577 4938 2004 5005 providentiu.—
2028 4942 2106 4997 Ac
2135 4943 2180 4998 si

593 5031 778 5091 aperte
808 5020 1076 5077 diceretur
1106 5038 1123 5076 :
1154 5022 1256 5091 Qui
1305 5039 1513 5079 summa
1544 5027 1703 5097 regit,
1728 5030 1889 5085 etiam
1933 5042 2172 5091 extrema

593 5127 702 5166 non
729 5110 953 5178 deserit,
982 5111 1106 5183 quia
1149 5114 1228 5168 sic
1274 5114 1598 5183 impenditur
1625 5120 1893 5185 maximis,
1921 5130 1980 5177 ut
1998 5130 2175 5180 tamen

594 5204 710 5260 haec
729 5206 919 5261 eadem
947 5220 1073 5261 cura
1101 5205 1377 5275 regiminis
1398 5222 1504 5263 non
1536 5194 1896 5281 prapediatur
1917 5229 1947 5269 a
1973 5219 2173 5286 parvis.

586 5298 695 5365 Qui
733 5297 875 5354 enim
909 5300 1106 5369 ubique
1160 5312 1429 5368 presens,
1451 5308 1508 5355 et
1555 5301 1754 5373 ubique
1806 5308 2025 5383 aequalis
2072 5320 2174 5377 est,

671 5421 697 5449 ι
729 5412 806 5467 Ita
860 5412 1067 5488 Belum,
1096 5413 1277 5488 Cglb.,
1317 5416 1670 5488 LongiponL,
1717 5420 1934 5480 Ebroic.
1979 5434 2035 5481 et
2083 5426 2173 5482 alii

592 5483 801 5561 Ijorm.,
828 5483 978 5552 cujus
1003 5485 1118 5561 loco
1142 5484 1282 5561 E_diti
1316 5483 1533 5556 habe—ni,
1554 5483 1867 5561 conﬁtendo.
1886 5499 2177 5553 Annotavit

593 5553 880 5637 ﬁnissent,
908 5555 1240 5637 conﬁdendo,
1272 5572 1369 5637 pro
1400 5553 1795 5637 variante'lect.
1826 5565 1882 5619 in
1914 5568 2193 5637 margine,-

593 5623 823 5694 Codices
850 5625 988 5680 unde
1018 5634 1228 5694 sumpta
1254 5623 1325 5682 sit
1346 5645 1450 5686 non
1479 5632 1743 5690 indicans.

664 5693 691 5731 ι)
723 5693 976 5770 I_._(_)ng_ip.,
998 5708 1050 5770 et
1077 5693 1160 5765 eas
1186 5697 1299 5770 ﬁeri
1327 5703 1571 5770 fortuitis.

668 5773 691 5801 ε
727 5763 939 5819 Ebroic.
964 5763 1161 5834 aliique
1187 5763 1390 5824 ’Norr'n.
1414 5781 1467 5825 et
1500 5771 1749 5843 Longip.,
1772 5791 1865 5830 nec
1903 5774 2176 5847 loqualiter

2359 3280 2451 3339 57.
2474 3282 2640 3355 Signa
2669 3300 2770 3338 non
2796 3284 3053 3353 ﬁdelibus,
3080 3286 3172 3341 sed
3195 3284 3494 3356 infidelibus
3523 3278 3832 3341 datm—Pau-

2287 3370 2372 3426 Ius
2403 3368 2635 3441 namque
2675 3375 2921 3443 egregius
2958 3375 3277 3445 praedicator
3305 3374 3335 3414 ⁸
3365 3377 3596 3433 Melitem
3633 3376 3829 3435 veniens.

2287 3473 2344 3517 et
2372 3463 2581 3532 plenam
2634 3456 2940 3521 inﬁdelibus
2977 3468 3202 3522 insciam
3231 3470 3433 3535 sciens,
3473 3479 3670 3540 patrem
3699 3465 3833 3522 Publii

2298 3551 2603 3623 dysenteria
2626 3552 2968 3625 febribusque
2979 3568 3250 3626 vexatum,
3265 3560 3473 3616 drando
3493 3559 3706 3616 salvavit
3720 3558 3829 3628 (Act.

2288 3658 2476 3711 xxviii,
2508 3641 2586 3714 8),
2621 3654 2676 3700 et
2724 3656 2901 3701 tamen
2948 3650 3225 3719 aegrotanti
3272 3650 3562 3708 Timotheo
3602 3646 3833 3721 praecepit,

2286 3736 2511 3792 dicens:
2543 3736 2755 3793 Modico
2784 3739 2902 3793 uiuo
2954 3751 3096 3795 utere
3138 3753 3350 3813 propter
3376 3744 3687 3800 stomachum
3724 3750 3835 3795 tum

2286 3836 2335 3882 et
2362 3831 2649 3898 frequentes
2670 3838 2787 3884 tuas
2809 3830 3133 3897 inﬁrmitates
3160 3830 3213 3902 (1
3227 3831 3365 3888 Tim.
3390 3851 3447 3902 v,
3474 3834 3588 3905 25).
3608 3830 3731 3901 Quid
3752 3836 3833 3895 est,

2287 3917 2474 3985 Paule,
2503 3918 2646 3988 quod
2673 3934 2873 3988 aegrum
2896 3920 3164 3977 inﬁdelem
3193 3925 3399 3991 orando
3420 3925 3490 3981 ad
3514 3928 3726 3981 salutem
3769 3932 3837 3976 re-

2288 4025 2467 4077 vocas,
2498 4022 2556 4068 et
2575 4023 2779 4069 tantum
2807 4015 3106 4085 adjutorem
3152 4017 3435 4089 Evangelii
3487 4024 3635 4077 more
3678 4013 3835 4074 medici

2287 4119 2385 4175 per
2432 4105 2687 4161 alimenta
2732 4122 2908 4175 curas,
2960 4110 3063 4164 nisi
3111 4111 3253 4180 quod
3300 4112 3504 4168 idcirco
3559 4112 3684 4167 ﬁunt
3714 4116 3836 4165 este.

2290 4198 2434 4256 riora
2466 4201 2725 4283 miracula
2751 4211 2811 4257 ut
2835 4213 3045 4260 mentes
3075 4204 3355 4261 hominum
3384 4207 3455 4262 ad
3478 4206 3716 4262 interiora
3742 4215 3836 4274 pcr-

2287 4291 2532 4361 ducatur,
2564 4300 2828 4365 quatenus
2885 4312 2978 4367 per
3033 4297 3133 4355 hoc
3159 4302 3301 4371 quod
3361 4303 3557 4358 mirum
3596 4298 3837 4357 visibiiiter

2289 4388 2669 4445 ostenditurea
2706 4404 2826 4459 qua:
2873 4389 3270 4448 adnuabiliora
3293 4400 3423 4449 sunt
3454 4391 3726 4449 invisibilia
3744 4398 3836 4443 crec

2291 4478 2528 4534 dantur?
2553 4478 2719 4551 Signo
2745 4481 2940 4552 quippe
2971 4483 3180 4541 virtutis
3209 4494 3363 4556 pater
3391 4486 3565 4543 Publii
3605 4480 3837 4541 sanandus

2206 4560 2261 4625 Ι)
2287 4571 2482 4638 fuerat,
2531 4580 2591 4626 ut
2613 4582 2794 4628 mente
2842 4574 3207 4642 revivisceret,
3237 4576 3364 4633 dum
3394 4576 3653 4633 miraculo
3685 4573 3744 4629 ad
3771 4576 3838 4625 sa-

2286 4664 2452 4721 lutem
2499 4664 2735 4733 rediret;
2781 4665 3066 4723 Timotheo
3118 4676 3299 4724 autem
3329 4669 3686 4725 adhibendum
3733 4662 3838 4719 foris

2286 4756 2604 4812 miraculum
2638 4771 2743 4813 non
2792 4767 2930 4826 erat,
2960 4762 3086 4830 quia
3122 4761 3237 4830 jam
3281 4769 3423 4817 totus
3466 4763 3611 4817 intus
3639 4758 3836 4814 vivebat.

2282 4851 2422 4919 Quid
2443 4861 2524 4908 est
2549 4867 2679 4923 ergo
2709 4852 2901 4915 mirum
2931 4854 3306 4927 si,propagsta
3336 4856 3462 4924 ﬁde,
3490 4850 3680 4914 crebro
3708 4850 3838 4909 mira-

2284 4946 2403 5000 cula
2449 4960 2557 5002 non
2592 4948 2747 5014 iiunt,
2780 4948 2994 5017 quando
3043 4948 3159 5005 haec
3188 4950 3289 5020 ipsi
3319 4964 3537 5022 quoque
3559 4946 3768 5021 apoSto‘ii
3793 4944 3835 4999 in

2284 5037 2602 5107 quibusdam
2644 5037 2753 5108 jam
2810 5038 3056 5095 ﬁdelibus
3106 5054 3213 5097 non
3241 5043 3519 5099 iecerunt?
3540 5041 3681 5117 [Ven
3707 5030 3835 5105 XM

2285 5128 2516 5183 Elevatis
2541 5142 2673 5199 ergo
2717 5131 2894 5196 cuslis,
2921 5129 3180 5189 Dominus
3227 5133 3483 5191 interiora
3539 5131 3833 5194 considml.

2285 5222 2413 5290 quia
2446 5231 2502 5278 et
2539 5221 2730 5277 ablatis
2774 5224 2999 5278 summis
3043 5223 3505 5296 praedicatoribus,
3540 5224 3835 5281 ineema‘ntet‘

2286 5314 2448 5373 etiam
2492 5313 2672 5369 intima
2696 5323 2895 5371 noetm‘
2924 5313 3249 5372 inﬁrmitatis
3276 5324 3447 5373 curat.
3471 5316 3541 5373 Et
3565 5314 3707 5387 quasi
3728 5309 3834 5366 sub-

2283 5430 2527 5485 tenditur.

2353 5498 2379 5573 εί
2412 5501 2669 5557 Baluz.et
2693 5500 2843 5573 Golb.
2869 5501 3067 5559 habent
3090 5502 3345 5560 Metilius.
3365 5498 3832 5573 νίιιάοανΡιιθῐεΙςς

2282 5571 2447 5636 Utic.,
2472 5582 2682 5628 veteres
2716 5572 2859 5628 Edit.
2888 5573 3054 5638 Basil,
3081 5573 3221 5630 15θὸ
3268 5586 3325 5631 et
3350 5576 3517 5640 1514,
3544 5571 3834 5640 Parisiensis

2279 5642 2443 5706 1518,
2471 5641 2780 5708 Mitilenem,
2807 5652 2903 5698 aut
2923 5642 3177 5712 Mitilens,
3209 5646 3378 5702 Paris.
3413 5638 3557 5705 uss
3586 5638 3834 5703 bubuli-

2277 5712 2463 5779 letum,
2483 5730 2591 5770 non
2616 5714 2802 5771 leviori
2831 5729 3043 5771 errore.
3124 5786 3125 5791 η
