4036 6348
242 336 343 396 421

969 332 1331 391 MORALIUM
1371 331 1503 389 LIB.
1544 328 1758 387 XXVII.
1795 358 1867 371 —-
1903 326 1969 384 IN
2010 328 2237 385 CAPUT
2275 327 2518 386 XXXVII
2557 330 2621 389 Β.
2659 330 2801 387 JOB.

3419 326 3527 385 422

242 467 329 513 ter
364 453 538 511 ctelos
565 450 746 508 lumen
768 446 935 518 illius,
958 457 1116 505 terra:
1138 449 1402 505 terminos
1431 448 1673 518 respicit,
1707 447 1830 517 quia
1858 449 1908 508 A
1936 428 2104 516 rugiet
2159 446 2375 515 sonitus,
2407 448 2529 518 quia
2577 462 2699 505 cum
2756 457 2990 507 mentem
3038 448 3181 508 Deus
3210 449 3526 523 ingredittsr,

241 554 366 619 post
382 538 670 601 sublimem
682 542 846 598 vitam
868 540 1284 612 prmeedentium
1307 541 1469 597 etiam
1494 549 1835 611 peccatorum

178 610 215 715 ἒ
242 610 423 693 inores
436 645 695 706 actusque
707 610 894 707 gratite
908 648 1019 689 suae
1031 634 1393 691 illustratione
1406 610 1836 703 comprehendit.

242 730 343 797 Qui
372 730 470 784 etsi
502 728 757 783 virtutum
787 728 938 799 signa
960 742 1101 783 nunc
1126 742 1223 799 per
1243 728 1406 783 vitam
1448 726 1690 783 ﬂdelium
1719 742 1838 782 rre-

242 823 343 880 hro
364 824 469 879 non
500 825 699 887 exerit,
732 821 799 877 ab
819 822 1020 877 eisdem
1055 830 1235 877 tamen
1268 812 1512 876 tidelibus
1543 835 1638 891 per
1667 820 1839 875 virtu-

241 925 351 973 tem
382 930 605 985 operum
637 929 906 985 nunquam
930 913 1153 969 recedit.
1177 912 1360 968 Potest
1382 913 1542 968 etiam
1568 913 1748 968 lumen
1774 913 1839 967 il-

238 1010 346 1066 lius
366 1024 527 1078 super
555 1009 815 1065 terminos
848 1017 1003 1063 terrae
1032 1008 1105 1063 ita
1129 1005 1376 1077 intelligi,
1408 1006 1548 1076 quod
1579 1005 1838 1075 praedica-

240 1104 317 1158 tio
337 1116 584 1171 superna:
612 1100 799 1173 gratiae
840 1099 966 1154 dum
1008 1105 1194 1170 gentes
1219 1098 1285 1153 ad
1319 1097 1479 1154 [idem
1511 1097 1729 1168 colligit,
1755 1097 1839 1153 in-

240 1203 325 1247 tra
358 1193 701 1262 semetipsam
728 1190 917 1245 mundi
946 1189 1145 1245 limites
1174 1188 1393 1245 clausit.

312 1281 402 1335 38.
454 1274 655 1337 Divina:
680 1281 864 1352 gratia:
888 1268 1194 1334 miraculum
1219 1280 1274 1334 in
1300 1280 1625 1337 conversione
1656 1295 1837 1350 pecca-

240 1380 413 1423 torum
442 1371 495 1423 in
523 1371 763 1424 extremis
789 1370 1095 1442 positorum.
1114 1399 1186 1410 —
1210 1368 1302 1433 Vel
1324 1378 1470 1426 certe
1494 1368 1705 1426 termini
1728 1378 1836 1426 ter-

213 1474 338 1514 ‘rae.
369 1470 493 1514 sunt
520 1461 656 1515 lines
714 1460 989 1515 hominum
1036 1469 1402 1530 peccatorum.
1436 1461 1502 1514 Et
1526 1475 1672 1530 saepe
1699 1472 1834 1516 con-

237 1550 401 1620 tingit
421 1558 483 1605 ut
499 1551 740 1620 plerique
763 1548 929 1607 Deum
947 1550 1217 1613 deserant,
1235 1559 1293 1607 et
1313 1550 1436 1605 vitm
1459 1564 1571 1605 suae
1592 1560 1834 1621 tempore

244 1640 303 1694 in
354 1640 639 1696 desideriis
695 1643 997 1697 carnalibus
1025 1643 1369 1711 expendant;
1399 1642 1495 1698 sed
1530 1650 1709 1697 tamen
1737 1659 1831 1698 su-

238 1746 409 1801 perna
436 1732 607 1802 gratia
657 1734 887 1803 respecti
929 1733 982 1787 in
1009 1735 1265 1788 extremis
1313 1732 1424 1788 suis
1446 1732 1511 1787 ad
1547 1733 1716 1789 Deum
1742 1748 1830 1790 re-

1940 545 2151 592 constat
2204 538 2551 606 proculdubio
2580 541 2720 611 quod
2750 556 2876 597 mox
2907 541 3237 612 paenitentia:
3288 544 3523 613 gemitus

1940 638 2220 699 sequatur,
2252 638 2312 683 ut
2340 631 2390 685 ei
2408 629 2520 701 jam
2544 631 2832 688 salubriter
2859 632 2991 689 ﬂere
3020 633 3202 703 libeat,
3233 649 3353 703 qua:
3380 634 3529 703 prius

1940 718 2008 773 de
2056 718 2427 789 iniquitatibus
2477 721 2654 777 ﬂenda
2682 723 3015 793 jucunditate
3062 724 3348 794 gaudebat.
3381 725 3528 799 [γει.

1940 808 2128 880 λη]
2157 809 2262 866 Sed
2293 825 2399 879 quo
2427 810 2646 867 uberius
2672 814 2826 883 culpa
2870 814 3048 880 ﬂetur,
3079 814 3109 853 δ
3149 831 3218 873 eo
3250 817 3411 872 altius
3440 833 3532 875 co-

1938 903 2107 972 gnitio
2133 902 2377 957 veritatis
2396 904 2691 973 attingitur,
2715 907 2837 975 quia
2859 906 2924 961 ad
2943 908 3231 963 videndum
3259 908 3531 965 internum

1939 994 2118 1049 lumen
2142 993 2344 1063 polluta
2384 994 2586 1049 dudum
2608 996 2936 1051 conscientia
2962 998 3217 1071 lacrymis
3264 1001 3531 1070 baptizata

1939 1096 2247 1143 renovatur.
2279 1084 2435 1144 Unde
2465 1099 2587 1160 post
2611 1090 2946 1160 paenitentiae
2974 1093 3209 1164 rugitum
3242 1103 3366 1166 apte
3401 1095 3529 1151 sub-

1935 1177 2177 1250 jungitur
2200 1194 2216 1233 :
2874 1176 2883 1181 ’

2361 1268 2589 1328 CAPUT
2604 1272 2702 1328 xx
2732 1272 2877 1345 [κω.
2901 1273 3099 1348 XIII].

2010 1359 2138 1415 Isin.
2161 1389 2247 1431 -ι
2265 1360 2483 1419 Tonabit
2505 1381 2624 1420 voce
2649 1369 3019 1437 magnitudinis
3047 1386 3178 1426 sure.

2010 1449 2100 1507 40.
2130 1452 2248 1508 Vo:
2279 1452 2375 1508 Dei
2419 1464 2701 1527 torpentem
2750 1466 3070 1529 peceatorem
3117 1462 3366 1528 excitans,
3394 1463 3552 1517 tonics

1938 1544 2482 1601 truisimilis.—Voce
2507 1550 2649 1603 enim
2670 1551 3051 1622 magnitudinis
3070 1568 3181 1608 sua:
3205 1555 3342 1609 Deus
3361 1563 3529 1623 tonat,

1937 1651 2058 1690 cum
2081 1651 2139 1691 se
2172 1637 2325 1693 nobis
2354 1639 2490 1694 bene
2506 1639 2617 1709 jam
2646 1655 2740 1709 per
2772 1640 3006 1698 lamenta
3038 1647 3352 1714 praeparatis
3369 1662 3530 1716 quam

1937 1731 2006 1784 sit
2022 1744 2245 1799 magnus
2260 1731 2310 1783 in
2326 1733 2572 1800 supernis
2588 1731 2843 1797 insinuat.
2860 1735 3020 1802 Quasi
3044 1734 3184 1791 enim
3202 1736 3269 1793 de
3289 1737 3426 1794 caelo
3444 1748 3530 1793 to-

239 1822 429 1890 deunt,
454 1839 574 1893 qua:
620 1825 731 1879 sint
750 1824 947 1893 judicia
993 1833 1197 1881 aeterna
1227 1834 1583 1895 cognoscunt,
1614 1805 1836 1881 cuncta-
1862 1820 1912 1893 Β
1941 1822 2361 1891 nitrusprocedit
2383 1836 2503 1877 cum
2523 1838 2620 1879 nos
2646 1824 2850 1880 incuria
2866 1827 3292 1898 negligentiaque
3313 1838 3529 1900 torpen-

237 1929 343 1984 que
394 1929 512 1984 qua:
559 1929 618 1970 se
666 1929 915 1985 perverse
961 1918 1136 1988 egisse
1191 1914 1565 1981 meminerint,
1611 1915 1827 1972 ﬂetibus

236 2004 487 2076 puniunt,
520 2016 682 2077 atque
726 2006 841 2063 haec
872 2022 1001 2063 vere
1029 2023 1089 2063 se
1133 2008 1342 2078 insequi
1385 2008 1545 2063 rectis
1574 2009 1829 2077 operibus

237 2099 553 2153 ostendunt.
578 2098 781 2166 Quibus
813 2099 1173 2169 subsequente
1218 2100 1446 2172 justitia,
1479 2100 1718 2170 profecto
1747 2110 1829 2158 to-

240 2199 349 2245 tum
375 2189 660 2245 dimittitur
684 2192 827 2261 quod
849 2201 974 2250 ante
997 2193 1356 2264 deliquerunt.
1391 2192 1522 2248 Hinc
1546 2192 1691 2249 enim
1731 2204 1829 2264 per

234 2282 535 2354 prophetia:
561 2284 806 2353 spiritum
838 2286 996 2341 Anna
1022 2286 1153 2341 dicit
1180 2304 1192 2340 :
1222 2284 1476 2341 Dominus
1491 2287 1743 2355 judicabit
1765 2287 1829 2356 ﬁ-

233 2394 321 2431 nes
362 2383 517 2431 teme
570 2375 623 2448 (I
649 2364 779 2450 Reg.
807 2394 866 2443 ll,
894 2378 1016 2450 10),
1048 2380 1172 2450 quia
1222 2380 1477 2435 nimirum
1526 2388 1827 2453 anteactam

232 2471 399 2525 vitam
427 2470 569 2527 Deus
598 2487 704 2527 non
744 2470 971 2541 judicat,
999 2473 1213 2543 quando
1248 2474 1543 2541 posteriora
1574 2481 1827 2536 peccato-

234 2578 352 2617 rum
386 2573 631 2633 respecm
661 2577 911 2633 superna:
940 2562 1152 2632 pietatis
1179 2562 1428 2617 illustrat.
1456 2562 1589 2619 Hinc
1617 2562 1830 2634 Moyses

231 2653 308 2710 ait
342 2671 356 2707 :
389 2651 746 2726 Primogenita
793 2654 929 2708 asini
971 2654 1191 2708 mutabis
1234 2670 1322 2708 ove
1350 2652 1547 2724 (Exod.
1571 2669 1685 2719 xtu,
1716 2655 1825 2724 I5).

231 2746 336 2803 Per
360 2744 569 2800 asinum
594 2744 791 2815 quippe
817 2745 1175 2811 immunditia,
1212 2760 1307 2814 per
1328 2760 1484 2800 ovem
1509 2761 1635 2799 vero
1670 2745 1830 2800 inno-

231 2835 406 2892 centia
435 2834 766 2907 designatur.
786 2832 937 2890 Asini
956 2852 1082 2906 ergo
1100 2834 1451 2906 primogenita
1472 2852 1575 2891 ove
1596 2824 1826 2903 mutare,

231 2933 316 2983 est
344 2926 636 2981 immundae
668 2926 795 2980 vita:
817 2926 1109 2997 primordia
1142 2915 1194 2982 in
1223 2927 1544 2982 innocentia:
1565 2926 1828 2996 simplici-

231 3028 397 3075 tatem
446 3026 785 3087 convertere,
818 3027 875 3073 ut
917 3028 1198 3089 postquam
1257 3019 1345 3074 illa
1402 3031 1652 3089 peccator
1693 3020 1827 3090 egit:

232 3126 354 3183 quae
403 3120 462 3166 ut
508 3110 783 3166 immunda
836 3111 1095 3167 Dominus
1126 3112 1352 3183 respuit,
1383 3126 1444 3167 ea
1470 3115 1579 3181 jam
1620 3111 1828 3182 agendo

1930 1926 2010 1972 tes
2032 1925 2054 1954 ε
2072 1925 2349 1985 respectus
2375 1916 2561 1989 gratiae
2592 1932 2793 1987 pavore
2814 1919 2993 1976 subito
3027 1922 3447 1991 percutit,atqne
3469 1921 3527 1979 in

1930 2018 2069 2063 terra
2092 2009 2249 2079 positi
2266 2025 2457 2065 sonum
2488 2009 2552 2064 de
2574 2011 2942 2080 superioribus
2974 2010 3246 2078 audimus,
3266 2013 3387 2082 quia
3418 2021 3527 2068 ter-

1882 2173 1893 2185 ἢ
1928 2115 2055 2155 rena
2089 2101 2389 2171 cogitantes
2418 2102 2639 2173 superni
2672 2102 2898 2158 terroris
2938 2105 3260 2158 sententiam
3300 2113 3525 2173 repente

1929 2194 2377 2265 pertimescimus,
2400 2204 2455 2249 et
2478 2209 2628 2249 mens
2651 2194 2789 2249 bene
2805 2196 2916 2262 jam
2939 2192 3007 2249 de
3036 2196 3262 2249 summis
3292 2194 3521 2250 sollicita

1930 2284 2186 2353 trepidat,
2209 2300 2329 2354 quae
2354 2285 2500 2355 prius
2524 2286 2575 2340 in
2604 2283 2804 2339 intimis
2835 2276 2975 2341 male
3017 2301 3207 2342 secura
3255 2287 3520 2356 torpebat.

1928 2376 1958 2412 ά
1989 2374 2096 2437 Sed
2143 2376 2299 2431 istius
2330 2375 2654 2431 visitationis
2702 2377 2928 2431 occultae
2984 2376 3178 2447 quibus
3236 2378 3409 2434 modis
3457 2386 3523 2435 se

1932 2463 2086 2519 nobis
2113 2465 2342 2519 insinuet
2375 2473 2549 2519 terror
2579 2466 2887 2535 ignoratur;
2918 2481 3093 2536 neque
3122 2467 3291 2536 ipsius
3328 2467 3524 2524 mentis

1932 2556 2047 2612 acie
2059 2555 2551 2625 comprehenditur,
2568 2556 2719 2627 cujus
2742 2560 2807 2612 ad
2827 2558 3017 2614 melius
3042 2557 3268 2615 intentio
3281 2573 3525 2617 commu¢

1932 2648 2266 2703 tatur.U'nde
2295 2657 2420 2718 apte
2448 2647 2791 2719 subjtmgitur
2819 2666 2834 2703 :

2506 2740 2737 2800 CAPUT
2808 2740 2951 2797 XXI.

2006 2832 2135 2888 lntn.
2160 2831 2301 2885 —Et
2327 2847 2428 2885 non
2456 2832 2856 2901 inuestigabitur,
2888 2848 3005 2886 cum
3040 2832 3219 2888 audita
3248 2837 3404 2905 fuerit
3425 2850 3526 2892 vos

1935 2925 2068 2995 ejus.

2006 3013 2095 3069 41.
2126 3014 2321 3082 Quibus
2349 3013 2520 3069 modis
2550 3015 2657 3069 [nec
2691 3030 2789 3069 vos:
2838 3031 2895 3070 se
2920 3016 2973 3070 in
3002 3016 3155 3071 aures
3194 3019 3363 3073 cordis
3390 3019 3523 3074 insi.

1936 3114 2054 3162 nuet
2083 3106 2569 3180 ignoratum—Vox
2598 3106 2809 3162 Domini
2832 3106 3045 3163 audltur
3060 3122 3179 3163 cum
3201 3108 3385 3179 gratim
3404 3110 3525 3181 ejus

233 3202 494 3274 proferat,
528 3220 645 3277 quae
670 3203 761 3260 Dei
783 3205 1050 3261 sacriﬁcio
1080 3204 1339 3276 imponat.
1363 3205 1499 3274 Quia
1544 3222 1673 3277 ergo
1709 3213 1829 3277 post
1856 3210 1902 3277 ο
1935 3200 2192 3270 aSpiratio
2224 3208 2403 3254 mente
2428 3198 2751 3268 concipitur,
2782 3213 2903 3255 cum
2926 3200 3314 3257 insensibilitas
3342 3203 3525 3259 occul-‘

234 3305 397 3361 prava
442 3309 603 3363 opera
657 3304 907 3364 peccator
958 3299 1308 3363 convertitur,
1342 3306 1396 3351 et
1436 3297 1503 3350 ab
1549 3297 1821 3353 actionum

232 3395 448 3436 suarum
480 3383 722 3439 tenebris
757 3382 908 3453 juxta
960 3386 1118 3439 tinem
1168 3378 1458 3455 aliquando
1514 3394 1821 3453 revocatur,

230 3460 380 3525 i‘ecte
410 3486 553 3526 nunc
582 3472 819 3527 dicitur:
846 3474 1007 3545 871
1039 3472 1109 3528 Et
1154 3462 1325 3551 lumen
1356 3474 1499 3529 illius
1542 3491 1692 3543 super
1725 3484 1827 3529 ter-

232 3563 402 3616 minos
425 3573 592 3618 terrar.
620 3562 727 3620 Sed
757 3567 905 3635 gravi
934 3565 1079 3620 luctu
1107 3566 1273 3620 aflicit
1292 3568 1478 3621 eadem
1504 3567 1825 3635 gratia,qu:e

230 3659 359 3723 post
385 3652 614 3707 facinora
657 3663 892 3709 mentem
920 3655 1113 3725 replet.
1135 3655 1268 3711 Nam
1292 3655 1430 3711 male
1449 3665 1598 3725 gesta
1616 3657 1682 3711 ad
1714 3671 1827 3712 me-

231 3745 462 3801 moriam
509 3746 752 3814 reducit,
782 3749 991 3819 sibique
1046 3747 1319 3804 hominem
1374 3763 1532 3819 quam
1581 3750 1651 3805 sit
1684 3748 1827 3819 juste

231 3834 572 3893 damnandus
616 3840 870 3895 05tendit.
922 3840 1076 3897 Unde
1129 3841 1188 3896 ﬂt
1229 3851 1287 3896 ut
1343 3836 1623 3911 peccatum
1669 3856 1829 3899 omne

234 3929 378 4001 quod
404 3944 463 3985 se
510 3931 686 4001 egisse
717 3931 1100 3999 reminiscitur,
1134 3931 1455 4002 quOtidianis
1487 3933 1699 3989 ﬂetibus
1747 3934 1828 3989 in-

236 4032 529 4094 sequatur;
560 4034 614 4080 et
662 4040 769 4095 quo
821 4028 991 4097 magis
1022 4027 1167 4082 valet
1215 4029 1323 4096 jam
1351 4026 1493 4098 quod
1513 4027 1718 4097 justum
1748 4037 1833 4083 est

235 4132 484 4187 cernere,
501 4134 565 4175 eo
583 4120 861 4177 ardentius
889 4124 1091 4193 appetit
1113 4123 1373 4195 injustum
1401 4138 1520 4181 sese
1541 4126 1829 4198 gemitibus

234 4212 451 4284 punire.
486 4209 641 4270 Unde
664 4224 787 4285 apte
812 4215 1153 4286 subjungitur
1181 4235 1196 4271 :
1584 4230 1595 4237 '

667 4304 893 4362 CAPUT
935 4307 1057 4363 xix
1077 4308 1223 4381 (nec.
1242 4306 1408 4382 XII].

305 4397 476 4452 Vens.
506 4395 636 4454 4.-
654 4395 783 4453 Post
810 4414 926 4452 eum
952 4400 1119 4469 rugiet
1150 4400 1372 4454 sonitus.

302 4484 395 4542 39.
428 4487 657 4558 Afﬂante
678 4496 725 4543 et
747 4488 948 4542 lucente
974 4489 1169 4561 gratia,
1200 4491 1511 4557 paenitentiae
1537 4491 1757 4561 gemitus
1789 4498 1839 4545 et

1933 3299 1999 3345 tre
2051 3289 2327 3345 surditatis
2367 3289 2666 3360 rumpitur,
2696 3300 2751 3345 et
2797 3305 2895 3346 cor
2924 3289 2992 3347 ad
3036 3292 3274 3348 Studium
3325 3290 3527 3351 summi

1929 3382 2131 3437 amoris
2159 3382 2455 3437 excitarum
2472 3382 2681 3437 virtutis
2704 3383 2904 3437 intima:
2926 3384 3161 3438 clamore
3184 3395 3516 3453 penetratur.

1928 3471 2035 3529 Sed
2084 3475 2241 3528 istam
2272 3487 2459 3528 vocem
2498 3472 2930 3542 supervenientis
2984 3475 3256 3543 Spiritus,
3287 3490 3406 3544 qua:
3458 3488 3521 3532 se

1930 3563 1985 3619 in
2012 3579 2178 3619 aures
2206 3565 2386 3619 cordis
2417 3564 2793 3632 insinuat,nec
2820 3566 2931 3635 ipsa
2963 3580 3115 3622 mens
3134 3582 3253 3636 quae
3272 3584 3368 3638 per
3383 3569 3521 3641 hanc

1932 3644 2197 3710 illustrata
2229 3656 2394 3710 fuerit
2418 3657 2727 3727 investigat.
2761 3656 2999 3714 Pensare
3044 3660 3189 3715 enim
3243 3676 3348 3715 non
3378 3662 3524 3718 valet

1934 3746 2217 3802 invisibilis
2241 3748 2412 3802 virtus
2435 3748 2630 3816 quibus
2661 3749 2766 3803 sibi
2793 3751 3060 3805 meatibus
3098 3749 3303 3818 inﬂuat,
3328 3754 3523 3823 quibus

1933 3837 2001 3893 ad
2049 3853 2109 3894 se
2163 3840 2337 3895 modis
2386 3840 2588 3909 veniat,
2619 3841 2813 3911 quibus
2858 3843 3093 3897 recedat.
3126 3840 3278 3899 Unde
3306 3854 3359 3900 et
3386 3845 3526 3903 bene

1933 3944 2028 4000 per
2054 3931 2315 3986 Joannem
2339 3931 2567 3987 dicitur:
2587 3940 2610 3968 °
2643 3931 2876 4002 Spiritus
2896 3932 2981 3985 ubi
3006 3933 3115 3988 uult
3136 3934 3335 4005 spirat;
3360 3947 3410 3990 et
3434 3952 3526 3990 vo-

1934 4041 2040 4079 cem
2089 4026 2199 4096 ejus
2226 4026 2407 4094 audis,
2432 4025 2523 4079 sed
2579 4026 2742 4080 nescis
2784 4027 2922 4081 unde
2944 4028 3143 4093 veniat,
3171 4037 3217 4081 et
3242 4044 3343 4099 quo
3373 4029 3524 4084 vadat

1938 4114 2221 4187 (Joan.m,
2252 4118 2327 4188 8).
2362 4116 2558 4173 Vocem
2610 4118 2753 4172 enim
2805 4119 3027 4186 spiritus
3073 4118 3262 4175 audire
3289 4160 3304 4187 ,
3350 4129 3433 4176 est
3470 4120 3526 4177 vi

1936 4210 2586 4277 compunctionisintima:
2610 4210 2664 4264 in
2705 4222 2943 4264 amorem
2976 4210 3260 4266 invisibilis
3283 4212 3529 4269 condito-
3580 4196 3589 4199 ’

1934 4302 2010 4371 ris
2033 4312 2339 4371 assurgere.
2365 4300 2473 4357 Sed
2500 4316 2660 4355 nemo
2688 4300 2790 4356 scit
2819 4301 2965 4357 unde
2992 4302 3194 4370 veniat,
3216 4304 3342 4373 quia
3368 4305 3526 4375 igno-

1937 4403 2087 4446 ratur
2134 4408 2229 4461 per
2256 4406 2355 4447 ora
2398 4393 2805 4462 praedicantium
2834 4393 3029 4461 quibus
3055 4408 3116 4449 se
3144 4394 3211 4448 ad
3245 4411 3342 4451 nos
3367 4411 3529 4452 occa-

1943 4482 2189 4538 sionibus
2228 4483 2440 4539 fundat.
2471 4483 2539 4538 Et
2584 4498 2743 4539 nemo
2773 4484 2876 4539 scit
2903 4498 3010 4553 quo
3041 4483 3219 4550 vadat,
3253 4488 3375 4557 quia
3404 4502 3529 4545 cum

230 4578 439 4649 rugitus
466 4578 774 4635 audiuntur.
796 4580 1039 4648 —Quem
1068 4580 1211 4634 enim
1233 4580 1491 4635 Dominus
1521 4570 1918 4649 inusti-auaui)
1944 4591 2104 4630 unam
2134 4576 2573 4647 przedicationem
2603 4576 2753 4632 multi
2784 4578 3038 4644 audiunt,
3067 4579 3291 4651 intelligi
3317 4583 3533 4650 procul-

232 4670 551 4741 repleverit,
576 4670 694 4741 ejus
718 4673 880 4727 vitam
912 4672 1275 4755 proculdubio.
1310 4672 1363 4727 in
1394 4673 1685 4729 lamentum
1712 4690 1833 4731 ver-

232 4764 341 4832 tit;
368 4775 530 4837 atque
580 4767 895 4823 illuminataa
936 4768 1103 4825 menti
1135 4784 1243 4839 quo
1280 4770 1449 4839 magis
1479 4777 1678 4826 aeterna
1705 4785 1835 4842 sup-

233 4856 402 4928 plicia
437 4858 701 4927 insinuat,
731 4873 797 4917 eo
825 4859 962 4916 hanc
990 4868 1016 4898 ι
1048 4860 1233 4916 durius
1261 4860 1328 4916 de
1350 4868 1615 4916 transacta
1645 4861 1836 4931 nequi-

232 4952 316 5007 tia
356 4950 648 5023 gemitibus
676 4952 896 5024 fatigat;
933 4963 987 5009 et
1012 4954 1161 5011 dolet
1212 4954 1373 5011 homo
1403 4954 1543 5024 quod
1569 4954 1688 5021 fuit,
1712 4955 1838 5024 quia

204 5112 207 5115 ν
234 5043 445 5099 bonum
470 5043 582 5114 jam
608 5045 799 5116 incipit
821 5045 1000 5102 videre
1027 5046 1170 5117 quod
1201 5062 1308 5102 non
1336 5045 1463 5112 fuit;
1488 5047 1599 5102 odit
1623 5049 1836 5117 qualern

236 5150 305 5208 se
346 5126 511 5191 fuisse
531 5138 796 5207 meminit,
826 5147 970 5193 amat
994 5140 1203 5208 qualem
1235 5154 1295 5196 se
1316 5154 1438 5196 esse
1469 5140 1723 5196 debuisse
1746 5154 1839 5197 co-

237 5206 473 5296 gnoscit,
498 5235 555 5282 et
572 5230 741 5284 solam
761 5206 871 5298 jam
902 5206 1230 5299 pceniteutiae
1275 5231 1685 5287 amaritudinem
1717 5231 1837 5287 dili-

238 5315 346 5386 git,
376 5319 501 5384 quia
529 5330 684 5376 caute
710 5320 1091 5377 consideratin
1110 5321 1322 5393 quantis
1350 5322 1717 5393 voluptatibus
1736 5338 1833 5379 sua

234 5398 605 5467 deie'etatione
646 5410 907 5481 peccavit.
948 5414 1092 5471 Bene
1137 5410 1268 5485 ergo
1301 5413 1543 5471 dicitur:
1572 5413 1701 5471 Post
1722 5431 1837 5470 eum

242 5562 251 5567 ‘
324 5538 631 5625 animo,
663 5538 875 5625 clarius.

324 5623 603 5691 λιιι-διά,
635 5641 693 5679 eo
716 5624 894 5680 altior.

323 5692 353 5735 δ
374 5693 585 5763 nam,
604 5694 760 5751 Colb.
789 5703 845 5751 et
869 5694 1121 5767 Longtp.,
1148 5704 1411 5767 respectus
1440 5710 1679 5767 superna:
1720 5712 1843 5767 φνα-

239 5776 351 5879 “ad.
367 5836 629 5903 Vindoc.,
650 5836 848 5894 Pratel.
869 5844 924 5894 et
951 5838 1063 5906 alii,
1086 5837 1351 5892 καὶαι...
1380 5847 1557 5893 terror.

1941 4667 2107 4722 dubio
2136 4667 2302 4738 872
2348 4682 2455 4722 non
2484 4676 2659 4737 potest
2681 4682 2840 4738 quem
2887 4669 3144 4724 deserens
3174 4671 3410 4740 abjiciat,
3442 4682 3535 4731 aut

1939 4758 2096 4828 cujus
2120 4759 2426 4830 ingrediens
2452 4760 2509 4815 in
2536 4758 2698 4816 corde
2723 4761 3043 4831 requiescat.
3076 4758 3191 4818 Una
3214 4765 3411 4836 quippe
3445 4782 3533 4824 res

1940 4851 2071 4907 foris
2103 4854 2299 4924 agitur,
2329 4853 2423 4908 sed
2460 4870 2562 4909 non
2587 4869 2683 4925 per
2709 4855 2848 4911 hanc
2887 4871 2994 4912 uno
3020 4857 3179 4914 modo
3212 4860 3531 4917 intuentium

1941 4953 2103 5009 corda
2136 4932 2509 5018 peneirautur,
2535 4948 2658 5020 quia
2681 4949 2773 5020 qui
2799 4950 3138 5008 invisibiliter
3157 4953 3392 5009 visibilia
3422 4971 3532 5010 mo-

1941 5043 2144 5110 dilicat,
2161 5041 2213 5096 in
2248 5041 2493 5096 humanis
2522 5041 2774 5098 cordibus
2794 5056 3074 5099 causarum
3098 5047 3303 5100 semina
3326 5046 3533 5101 inconi-

1941 5134 2376 5207 prehensibiliter
2405 5131 2630 5204 plantat.
2662 5134 2793 5189 Hinc
2812 5132 2898 5191 est
2919 5136 3063 5205 quod
3090 5141 3408 5194 resuscitato
3430 5138 3530 5192 La-

1938 5214 2107 5286 naro‘
2132 5228 2348 5299 quidam
2380 5227 2747 5297 crediderunt,
2762 5229 2856 5284 sed
2882 5237 3058 5285 tamen
3088 5230 3394 5287 Judzeorum
3416 5230 3531 5299 plu-

1940 5321 2061 5376 rimi
2093 5322 2157 5376 ad
2191 5321 2581 5392 persecutionis
2618 5320 2793 5376 zelum
2822 5336 2891 5376 ex
2912 5320 3014 5375 hac
3037 5323 3153 5390 ipsa
3184 5332 3207 5368 ις
3242 5323 3529 5393 resuscita-

1940 5413 2091 5470 tione
2113 5411 2367 5469 commoti
2398 5420 2521 5469 sunt
2540 5408 2723 5483 (Joan.
2756 5423 2836 5476 xi,
2866 5410 2981 5482 45).
3010 5411 3186 5468 Unum
3211 5428 3338 5482 ergo
3362 5413 3530 5471 idem-

2024 5560 2049 5589 °
2077 5549 2302 5614 Pratel.,
2332 5548 2546 5617 spiritus
2569 5548 2702 5617 enim
2725 5547 2811 5600 ubi
2836 5546 2961 5611 uult,
2993 5557 3095 5603 etc.

2027 5619 2046 5659 t
2081 5620 2330 5695 Vineam,
2362 5615 2606 5683 'Pratel.,
2631 5615 2793 5695 Urio"
2807 5624 2954 5695 εφη
2984 5619 3055 5672 ita
3102 5618 3337 5689 habent;
3382 5622 3529 5695 quod

1947 5693 2126 5749 minus
2147 5691 2410 5760 signiﬁcat
2428 5703 2585 5760 quant
2616 5688 2781 5760 multi.
2807 5687 3104 5745 Editorum.

2025 5773 2051 5812 ες
2081 5758 2283 5819 Pratel.
2312 5768 2368 5815 et
2390 5759 2486 5827 al.,
2514 5758 2904 5813 resurrectione.
