4004 6350
600 281 701 341 193

1802 282 2046 341 SANCTI
2084 282 2411 342 GREGORII
2448 283 2660 342 MAGNI

3728 279 3813 335 12}

596 421 699 477 que
723 399 1036 459 miraculum
1063 364 1204 469 quod
1235 398 1356 454 aliis
1382 396 1562 454 lumen
1595 396 1717 454 ﬁdei
1768 400 2015 470 praebuit,
2042 399 2176 455 alios
2203 405 2257 464 Α
2281 403 2326 454 si
2356 401 2676 469 perscrutari
2707 399 3025 472 potuissent.
3054 392 3209 450 Facit
3233 407 3354 465 ergo
3376 408 3555 463 magna
3578 400 3620 446 et
3645 393 3812 449 inscr-s-

595 493 914 565 perinvidia:
936 489 1187 546 tenebras
1206 491 1245 541 a'
1259 489 1463 544 lumine
1490 490 1685 544 mentis
1712 492 2023 545 exemcavit.
2044 490 2177 545 llinc

593 597 677 644 est
697 586 837 656 quod
871 594 1095 653 uterque
1122 590 1148 618 ι
1172 581 1308 635 latro
1339 592 1391 636 et
1411 581 1654 636 eamdem
1688 591 1743 647 et
1767 599 1879 637 sua:
1911 582 2065 637 morti
2099 583 2176 636 si-

592 679 774 732 milem
820 685 1044 731 mortem
1076 672 1446 743 Redemptoris
1493 673 1624 729 vidit
1672 674 1827 745 (Luc.
1862 690 2014 743 l'erll,
2047 674 2175 745 59);

591 768 734 825 bsetl
763 783 882 824 eum
933 765 1292 835 superbiendo
1346 766 1484 821 alter
1521 767 1879 823 contumeliis
1913 767 2177 822 lacessere

590 880 697 920 non
726 860 923 927 timuit,
953 875 1109 929 quem
1156 859 1391 915 timendo
1414 860 1547 915 alter
1570 860 1881 926 honoravit;
1914 869 2075 927 atque
2122 861 2175 915 in

589 968 691 1009 una
720 968 778 1007 re
808 967 909 1006 una
940 952 1211 1019 utriusque
1233 951 1484 1019 cogitatio
1511 968 1614 1006 non
1641 951 1757 1018 fuit,
1788 953 1910 1021 quia
1936 952 2072 1008 hanc
2095 954 2177 1007 iti-

587 1057 770 1102 ternus
789 1045 990 1100 arbiter
1021 1045 1366 1100 invisibiliter
1394 1045 1756 1101 modiﬁcando
1786 1046 2173 1102 distiuxit.Sed

587 1140 640 1195 hi
687 1139 911 1196 occulta:
964 1137 1308 1205 aspirationis
1358 1136 1540 1200 modi,
1572 1147 1593 1175 ο
1626 1137 1745 1207 quia
1792 1137 2176 1207 comprehendi

584 1241 767 1287 nostra
812 1230 1133 1300 cogitatione
1184 1239 1480 1297 nequeunt,
1507 1228 1761 1281 nimirum
1788 1229 1988 1283 divinae
2025 1230 2174 1283 vocis

584 1325 806 1394 vestigia
831 1321 1160 1377 nesciuntur.
1188 1320 1334 1374 Bene
1356 1334 1482 1388 ergo
1508 1316 1813 1373 dicitur:Et
1838 1336 1940 1373 non
1971 1320 2176 1373 investi-

580 1418 801 1489 gabitur,
832 1430 949 1468 cum
1003 1413 1179 1468 audita
1234 1414 1389 1483 fuerit
1421 1427 1516 1466 vox
1542 1412 1674 1482 ejus.
1700 1410 1853 1468 Unde
1899 1420 1954 1468 et
1997 1410 2174 1468 adhuc

580 1510 914 1579 subjungitur
944 1525 960 1563 :
1182 1577 1204 1579 _
1229 1575 1237 1579 _
1266 1524 1335 1579 __'

1167 1572 1396 1631 CAPUT
1417 1573 1581 1629 XXII.

654 1671 814 1726 Vens.
839 1670 892 1724 5.
920 1699 991 1709 -
1012 1667 1230 1723 Tonabit
1259 1667 1397 1721 Deus
1425 1682 1543 1721 voce
1565 1682 1660 1720 sua
1681 1665 2003 1722 mirabiliter.

2282 490 2481 555 tabilia,
2508 491 2628 560 quia
2659 489 2892 545 ostendit
2943 487 3076 545 foris
3126 487 3509 559 perfectionem
3535 492 3713 562 operis,
3736 497 3813 553 sed

2278 582 2409 637 latet
2439 582 2580 636 intus
2611 582 2722 650 ipsa
2764 583 2989 652 qualitas
3018 581 3366 649 operationis.
3394 581 3533 638 Voce
3581 598 3665 639 sua
3709 586 3812 643 loris

2278 675 2438 728 etiam
2491 688 2585 744 per
2613 678 2887 745 apostolos
2915 675 3266 742 insonat,sed
3326 674 3485 729 curda
3527 675 3811 734 audientium

2277 780 2373 836 per
2399 766 2636 834 seipsum
2666 768 2888 823 interius
2913 768 3163 833 illustrat,
3189 767 3352 837 873
3387 767 3545 821 Paulo
3572 778 3813 825 atlestante

2277 858 2363 926 qui
2396 859 2469 912 ait
2498 877 2511 910 :
2548 858 2658 929 Ego
2681 858 2931 927 plantavi,
2966 859 3148 928 Apollo
3182 858 3385 929 rigavit,
3419 856 3551 910 Deus
3579 869 3726 911 autent
3748 861 3813 912 in-

2277 960 2589 1004 crementum
2619 951 2778 1005 dedit.
2809 950 2988 1021 Neque
3014 950 3103 1021 qui
3132 951 3328 1021 plantat
3358 959 3430 1002 est
3450 950 3664 1019 aliquid,
3686 968 3811 1020 neque

2276 1043 2363 1112 qtti
2387 1045 2646 1114 rigal,sed
2668 1046 2753 1114 qui
2776 1046 3137 1099 incrementum
3161 1045 3251 1097 dat
3274 1043 3412 1098 Deus
3442 1042 3492 1114 (ι
3524 1042 3637 1096 Cor.
3663 1058 3728 1105 nt,
3751 1043 3811 1113 6).

2277 1136 2531 1202 Quamvis
2580 1152 2707 1206 ergo
2738 1138 2937 1191 nostris
2969 1138 3237 1191 mentibus
3258 1150 3505 1203 superna:
3529 1135 3663 1189 vocis
3690 1136 3808 1186 audi:

2279 1238 2390 1283 tum
2425 1245 2530 1284 nou
2565 1230 2664 1300 ipsi
2694 1232 2989 1300 prmbcant,
3016 1230 3166 1284 tnissi
3198 1242 3375 1284 tamen
3415 1238 3555 1294 sunt,
3584 1236 3636 1280 ut
3672 1225 3813 1278 vehis

2276 1323 2431 1376 nobis
2459 1325 2813 1380 exterioribus
2836 1324 3292 1391 condesceudaut.
3320 1320 3471 1379 Unde
3494 1326 3613 1388 apte
3632 1316 3812 1386 subjun-

2271 1414 2433 1484 gitur.

2624 1508 2855 1566 CAPUT
2895 1508 3065 1565 xxw
3105 1510 3253 1582 inec.
3296 1505 3483 1578 xm.

2344 1646 2509 1704 Vens.
2534 1649 2588 1705 6.
2604 1649 2787 1716 —'Qui
2816 1649 3047 1719 praecipit
3071 1648 3176 1703 nivi
3196 1654 3250 1701 ut
3275 1644 3549 1701 descendat
3573 1644 3623 1697 tu
3640 1650 3814 1707 terrain,

647 1764 738 1816 4'2.
771 1762 1081 1816 Mirabiliter
1110 1768 1257 1814 sonat
1287 1757 1447 1827 Deus,
1472 1760 1594 1829 quia
1633 1759 1841 1813 silenter
1888 1768 1933 1813 et
1964 1757 2160 1812 occulta

2272 1750 2319 1798 et
2346 1741 2524 1797 hiemis
2549 1743 2756 1812 pluviis,
2789 1750 2835 1796 et
2863 1743 3012 1796 imbri
3040 1740 3357 1812 fortitudinis
3385 1754 3514 1794 suta.

575 1856 623 1911 vi
664 1855 847 1909 caelesti
888 1855 1039 1907 simul
1081 1853 1192 1905 cibo
1219 1851 1475 1919 reﬁcit.-——
1501 1849 1642 1905 Voce
1673 1865 1767 1905 sua
1815 1849 1958 1904 Deus
2003 1849 2165 1905 mira.

574 1947 753 2002 biliter
782 1955 971 2011 tonat,
1000 1945 1127 2014 quia
1177 1942 1384 1997 occulta
1428 1941 1482 1996 vi
1528 1939 1689 1996 corda
1724 1950 1906 1994 nostra
1960 1939 2166 1993 incom-

571 2038 1012 2110 prehensibilitcr
1038 2045 1301 2106 penetrat.
1322 2034 1450 2101 Qum
1474 2034 1600 2088 dum
1620 2033 1907 2088 latentibus
1933 2032 2164 2089 motibus

571 2128 769 2200 premit
798 2129 852 2182 in
884 2128 1097 2193 timore,
1118 2137 1171 2181 et
1197 2124 1392 2181 format
1422 2126 1473 2179 in
1506 2139 1714 2191 amore,
1741 2133 1943 2195 quanto
1969 2125 2163 2181 ardore

572 2221 884 2291 sequendus
916 2222 986 2274 sit
1010 2220 1190 2288 aliquo
1218 2218 1377 2273 modo
1400 2217 1623 2271 silcnter
1645 2217 1857 2281 clamat,
1887 2225 1943 2271 et
1982 2216 2038 2270 ﬁt
2070 2231 2165 2271 cu-

567 2296 776 2387 jusdam
841 2314 1180 2383 itnpulsionis
1236 2314 1485 2368 nimietas
1534 2312 1586 2367 in
1636 2323 1838 2379 mente,
1871 2330 1991 2368 eum
2026 2314 2160 2369 nihil

571 2419 728 2469 sonet
760 2411 813 2462 in
843 2423 993 2463 voce.
1019 2408 1149 2472 Quae
1168 2415 1317 2463 tanto
1345 2408 1484 2477 apud
1506 2422 1602 2463 nos
1630 2408 1891 2463 valentius
1920 2417 2164 2477 perstre-

567 2502 669 2572 pit,
701 2509 903 2571 quanto
931 2510 985 2555 et
1022 2501 1091 2555 ab
1120 2501 1263 2554 omni
1315 2500 1568 2555 exteriori
1600 2502 1823 2569 strepitu
1855 2516 2039 2555 aurem
2064 2517 2160 2557 no-

567 2594 666 2648 stri
708 2593 1026 2649 surdescere
1079 2593 1255 2649 cordis
1308 2592 1452 2648 facit.
1489 2591 1632 2665 |Vet.
1661 2592 1885 2666 XVII.]
1916 2591 2074 2651 Unde
2105 2605 2161 2652 et

566 2687 744 2741 anima
773 2686 841 2742 ad
891 2686 1240 2756 semetipsam
1293 2701 1415 2740 mox
1444 2686 1547 2741 hoc
1570 2686 1758 2741 intimo
1780 2687 2016 2743 clamore
2045 2688 2160 2742 col-

562 2776 701 2834 lecta
742 2777 967 2831 miratur
994 2777 1136 2855 quod
1184 2775 1358 2845 audit,
1395 2775 1518 2845 quia
1569 2776 1677 2831 vim
1727 2778 2159 2845 compunctionis

562 2868 844 2938 incognita:
878 2867 1126 2938 percipit.
1165 2866 1331 2936 Cujus
1360 2867 1477 2935 ipsa
1523 2866 1805 2921 admiratio
1837 2868 1972 2921 bene
2017 2865 2159 2933 apud

561 2956 777 3029 Moysen
803 2971 997 3011 manna
1023 2956 1255 3024 desuper
1280 2956 1532 3011 veniente
1551 2958 1790 3022 signatur
1817 2955 2014 3029 (Exod.
2042 2971 2154 3021 va,

560 3050 872 3118 15).Dulcis
889 3049 1033 3103 enim
1064 3049 1214 3104 cibus
1242 3050 1330 3116 qui
1358 3049 1423 3101 de
1451 3050 1696 3119 supernis
1724 3050 1983 3117 accipitur
2002 3064 2160 3103 man-

2339 1856 2431 1911 44.
2474 1857 2654 1911 Sancti
2674 1858 3035 1927 pradicatores
3067 1870 3281 1924 quorum
3305 1850 3614 1905 conversatio
3641 1849 3687 1901 in
3712 1847 3817 1901 caelis

2265 1955 2343 2001 est
2356 1988 2370 2011 ,
2388 1947 2607 2016 inﬁrmis
2622 1957 2790 2001 tamen
2806 1947 3049 2016 fratribus
3061 1942 3690 2009 condescendunt.—Quia
3707 1938 3817 1992 Psalv

2266 2041 2545 2105 mistaait:
2566 2039 2781 2099 Lavabis
2809 2056 2906 2103 me,
2936 2048 2984 2092 et
3006 2053 3155 2109 super
3182 2038 3347 2090 ttivem
3382 2035 3649 2088 dealbabor
3675 2032 3813 2099 (Psal.

2267 2147 2318 2195 ι..
2333 2131 2410 2200 8),
2435 2131 2561 2200 quid
2586 2131 2684 2185 hoc
2709 2130 2825 2184 loco
2844 2130 3040 2194 nivem,
3064 2128 3161 2182 nisi
3187 2142 3279 2197 per
3300 2129 3475 2181 lucem
3494 2125 3699 2195 iustitiae
3718 2137 3816 2176 can-

2264 2220 2389 2275 dida
2413 2220 2701 2288 accipimus
2726 2219 2885 2273 corda
2911 2218 3255 2273 sanctorum?
3287 2219 3456 2285 Aqua!
3483 2223 3649 2269 autem
3679 2215 3817 2266 ducta:

2266 2312 2319 2366 in
2352 2311 2716 2380 superioribus
2742 2310 3130 2379 constipantur,
3164 2320 3220 2363 ut
3253 2308 3403 2362 nives
3437 2307 3584 2360 fiant.
3608 2303 3703 2359 Sed
3723 2315 3815 2355 cum

2265 2401 2351 2458 ha:
2399 2404 2525 2473 ipsa:
2587 2405 2737 2458 nives
2796 2402 2867 2457 ad
2923 2411 3118 2456 terrain
3171 2403 3430 2465 veniunt,
3491 2398 3544 2453 in
3601 2410 3817 2465 aquarum

2265 2496 2456 2551 iterum
2490 2494 2753 2563 liquorem
2796 2502 3097 2549 vertuntur.
3152 2496 3317 2561 Aqua:
3368 2492 3532 2559 igitur
3568 2499 3682 2543 sunt
3712 2501 3817 2555 pra:-

2266 2586 2567 2640 dicatorum
2616 2595 2823 2640 mentes
2852 2601 2866 2639 :
2895 2599 3013 2654 quae
3049 2584 3175 2637 dum
3213 2583 3279 2637 ad
3310 2580 3706 2651 contemplanda
3744 2593 3817 2631 su-

2263 2695 2431 2752 perna
2470 2695 2527 2734 se
2567 2680 2804 2745 erigunt,
2838 2678 3014 2731 altiori
3048 2677 3323 2731 intellectu
3354 2676 3665 2730 solidantur.
3692 2670 3819 2725 Cum.

2264 2787 2371 2841 que
2404 2770 2458 2825 in
2486 2786 2692 2826 summa
2734 2752 3168 2825 consideratione
3213 2769 3522 2839 rapiuntur,
3554 2776 3575 2804 °
3606 2767 3817 2819 virtutem

2264 2863 2686 2917 conﬁrmationis
2728 2862 3020 2930 accipiunt.
3065 2861 3170 2915 Sed
3223 2862 3345 2929 quia
3375 2860 3554 2913 adhuc
3603 2859 3652 2912 in
3693 2854 3817 2910 terris

2267 2955 2507 3011 fraterna
2550 2954 2841 3009 dilectione
2888 2954 3219 3017 retinentur,
3270 2953 3590 3021 sentietipsas
3635 2950 3695 3004 ab
3732 2948 3817 3003 alto

2265 3048 2535 3103 intellectu
2560 3048 2890 3113 modiﬁcant,
2922 3056 2978 3101 et
3010 3045 3237 3100 infirmis
3261 3046 3543 3099 ltumilitcr
3566 3042 3816 3111 pradican-

560 3139 635 3196 hu
687 3150 930 3194 vocatur.
982 3138 1174 3193 Manhu
1226 3138 1367 3193 enim
1419 3138 1617 3193 dicitur
1649 3139 1787 3203 Quid
1814 3147 1886 3191 est
1918 3140 2060 3192 lioc?
2093 3139 2156 3193 Et
2184 3161 2231 3223 ο
2265 3151 2346 3197 tes
2367 3158 2516 3196 more
2540 3142 2742 3195 nivium
2769 3139 2784 3177 ί
2813 3141 2976 3194 corda
2998 3124 3203 3194 arentia
3232 3139 3449 3208 liquata:
3481 3139 3668 3207 rigant.
3688 3135 3816 3191 Nivcs

564 3231 694 3302 quid
719 3231 925 3287 esthoc
945 3230 1201 3298 dicimus,
1225 3230 1438 3300 quando
1463 3232 1564 3285 hoc
1593 3230 1733 3299 quod
1750 3231 2031 3309 ‘cernimus
2062 3246 2157 3286 ne-

562 3324 798 3379 scientes
827 3321 1177 3376 admiramur.
1204 3321 1505 3389 Supernum
1534 3320 1694 3390 igitur
1743 3335 1937 3374 manna
1980 3321 2159 3376 anima

560 3416 811 3486 percipit.
843 3429 966 3469 cum
1025 3429 1122 3481 per
1149 3428 1336 3471 vocem
1366 3413 1799 3482 compunctionis
1831 3413 2039 3467 elevata
2062 3428 2161 3469 no-

510 3580 515 3583 _
559 3524 682 3565 vam
732 3508 966 3578 speciem
993 3508 1218 3561 internae
1246 3506 1555 3562 refectionis
1586 3506 1939 3575 obstupescit,
1969 3517 2027 3559 ut
2074 3504 2158 3560 di-

558 3600 681 3657 vina
711 3600 997 3655 dulcedine
1026 3600 1227 3669 repleta
1252 3598 1375 3669 jure
1396 3593 1740 3668 respondeat,
1760 3599 1899 3665 Quid
1917 3607 1991 3653 est
2018 3598 2115 3651 Itoc
2131 3599 2159 3654 2

558 3695 679 3764 quia
708 3694 835 3748 dum
867 3693 934 3748 ab
972 3692 1153 3748 inﬁma
1190 3692 1514 3762 cogitatione
1543 3693 1910 3761 suspenditur,
1948 3707 2008 3745 ea
2036 3704 2157 3759 quae

558 3783 625 3839 de
653 3785 898 3855 supernis
945 3784 1207 3852 conSpicit
1251 3783 1463 3837 insolite
1495 3776 1742 3836 miratur.
1774 3781 1840 3835 Et
1880 3781 2003 3851 quia
2034 3794 2157 3834 cum

560 3876 661 3929 hac
691 3890 821 3930 voce
852 3876 1084 3943 torporis
1106 3874 1275 3930 nostri
1306 3876 1541 3929 surditas
1588 3875 1872 3943 rumpitur,
1905 3871 1933 3910 ά
1963 3880 2147 3928 vetus-

568 3975 639 4021 ta:
668 3965 793 4021 vita:
821 3969 1063 4034 prOtinus
1111 3980 1242 4021 usus
1285 3974 1519 4021 mutatur
1542 4007 1556 4031 ,
1591 3974 1651 4019 ut
1689 3968 1870 4020 anima
1919 3980 2155 4035 superno

558 4056 749 4127 spiritu
772 4056 973 4122 alﬁata,
1002 4067 1050 4112 et
1086 4058 1139 4112 in
1167 4058 1391 4112 summis
1428 4065 1775 4127 appetatqute
1802 4067 2149 4127 contempse-

556 4157 661 4213 rat,
697 4157 751 4202 et
801 4157 1118 4204 contemnat
1154 4149 1210 4204 in
1260 4148 1455 4203 inlimis
1484 4164 1603 4218 quae
1648 4149 1956 4221 appetebat,
2002 4157 2151 4205 recte

558 4238 899 4311 subjungitur
931 4258 946 4295 :
1791 4228 1796 4239 ’

1123 4334 1350 4391 CAPUT
1382 4334 1571 4391 XXIII.

631 4424 763 4479 leto.
794 4454 863 4466 -—
890 4425 991 4492 Qui
1019 4427 1145 4497 facit
1169 4444 1359 4498 magna
1384 4438 1431 4483 et
1460 4428 1835 4484 ittscrutabilia.

2263 3250 2390 3305 ergo
2420 3236 2484 3289 ad
2520 3243 2716 3289 terram
2763 3234 2830 3289 de
2867 3234 3187 3290 coelestibus
3230 3234 3478 3301 veniunt,
3530 3247 3644 3287 cum
3681 3227 3817 3285 subli-

2263 3326 2368 3381 mia
2412 3327 2574 3380 cm'da
2614 3335 2922 3381 sanctarum
2972 3341 3090 3395 qua:
3136 3326 3243 3395 jam
3297 3326 3471 3379 solida
3520 3321 3815 3392 contempla-

2262 3418 2409 3472 tione
2438 3427 2733 3486 pascuntur
2760 3432 2859 3488 pro
2895 3415 3132 3472 fraterna
3178 3415 3444 3472 eharitate
3472 3424 3499 3464 κ
3528 3416 3591 3470 ad
3634 3417 3742 3467 hum
3764 3413 3816 3465 lis

2262 3510 2663 3579 prmdicationis
2725 3511 2888 3565 verba
2958 3510 3312 3581 descendunt.
3368 3509 3539 3581 [νει.
3582 3501 3814 3575 Χν111.]

2261 3602 2413 3657 Sicut
2452 3603 2593 3658 enim
2641 3603 2729 3657 nix
2772 3613 2973 3658 terram
3020 3618 3142 3657 cum
3170 3604 3314 3670 jacet
3343 3604 3542 3671 operit,
3572 3616 3683 3655 cum
3712 3610 3814 3651 vero

2260 3696 2496 3767 liquatur
2522 3699 2683 3768 rigat,
2714 3697 2784 3750 ita
2812 3705 3118 3751 sanctorum
3152 3696 3317 3749 virtus
3338 3705 3391 3749 et
3420 3710 3517 3765 per
3546 3692 3814 3747 ﬁrmitatem

2242 3803 2411 3843 .suam
2441 3790 2581 3857 apud
2618 3792 2784 3843 Deum
2826 3788 2990 3843 vitam
3023 3798 3364 3859 peccatorum
3395 3785 3643 3855 protegit,
3672 3794 3717 3838 et
3739 3793 3815 3849 per

2259 3882 2769 3938 condescensionem
2795 3897 2942 3937 suam
2973 3881 3126 3952 quasi
3158 3882 3438 3950 liquefacta
3470 3886 3697 3935 arentem
3727 3882 3813 3928 ter-

2258 3988 2373 4029 ram
2411 3982 2466 4027 ut
2495 3972 2701 4029 fructus
2730 3973 2970 4044 proferat
3000 3973 3257 4039 infundit.
3291 3974 3359 4028 Et
3385 3973 3511 4042 quia
3534 3984 3665 4040 aqua
3693 3967 3811 4037 prius

2258 4068 2327 4123 ab
2371 4067 2571 4122 inﬁmis
2615 4067 2868 4151 trahitur,
2919 4075 2979 4122 ut
3017 4076 3139 4136 post
3180 4081 3209 4119 a
3258 4066 3629 4134 superioribus
3658 4069 3813 4131 sparsa

2259 4162 2543 4229 reddatur,
2576 4162 2745 4217 sancti
2773 4163 2968 4231 quique
3005 4162 3168 4215 etiam
3196 4174 3317 4216 cum
3342 4159 3394 4213 in
3418 4159 3670 4213 virtutum
3713 4162 3814 4206 arce

2258 4256 2585 4323 consistunt,
2615 4255 2761 4309 unde
2787 4253 2982 4309 elevati
3012 4260 3138 4307 sunt
3166 4250 3529 4315 considerant,
3562 4263 3627 4303 ne
3652 4246 3812 4300 aliene

2259 4347 2586 4403 inﬁrmitatis
2615 4347 2826 4415 abjecta
2855 4354 3223 4400 contemnant.
3254 4344 3416 4410 Quasi
3445 4358 3573 4413 ergo
3599 4353 3738 4410 aqua:
3760 4331 3813 4387 ad

2258 4448 2433 4494 terras
2459 4440 2526 4493 de
2552 4438 2746 4507 quibus
2787 4438 3081 4492 sublevatus
3123 4445 3249 4491 sunt
3276 4436 3525 4497 redeunt,
3555 4432 3674 4485 dum
3702 4440 3812 4482 con-

630 4518 721 4573 45.
755 4516 895 4572 Mira
916 4528 961 4573 et
986 4521 1239 4590 stupenda
1270 4521 1322 4573 in
1355 4523 1635 4592 peccatoris
1659 4522 1985 4577 conversione
2008 4523 2149 4577 Deus
2176 4541 2233 4603 Β
2258 4528 2657 4583 descendentes
2695 4527 2823 4594 justi
2866 4524 3238 4595 peccatoribus
3268 4522 3539 4577 reminisci
3564 4534 3664 4573 nou
3692 4509 3812 4570 desi-

561 4622 824 4683 Operatur.
846 4644 915 4654 —
940 4614 1006 4669 Ut
1033 4615 1176 4670 enim
1209 4613 1369 4683 homo
1409 4614 1639 4670 terrenis
1681 4616 1868 4670 usibus
1911 4614 2141 4683 deditus,

556 4703 757 4775 iniquis
787 4707 1070 4762 desideriis
1099 4722 1338 4777 pressus,
1371 4708 1547 4763 subito
1574 4708 1641 4763 ad
1691 4723 1827 4765 nova
1868 4708 2149 4777 eﬁ'erveat,

558 4808 718 4870 atque
749 4798 816 4853 ad
832 4808 1087 4857 consueta
1114 4800 1382 4871 frigescat,
1398 4801 1760 4857 exterioribus
1783 4802 1927 4857 curis
1949 4817 2149 4857 renun-

554 4893 675 4958 tiet,
707 4893 759 4947 in
790 4894 1014 4950 internis
1040 4896 1580 4965 contemplationibus
1601 4896 1982 4965 anhelet,quis
2014 4896 2149 4949 hanc

557 4985 807 5041 virtutem
837 5000 1083 5057 superna:
1124 4987 1269 5043 vocis
1325 4988 1672 5044 considerare
1718 4987 1990 5043 sulﬁciat?
2030 4988 2149 5057 quis

556 5080 948 5136 considerando
1002 5082 1458 5151 comprehendat?
1517 5083 1703 5151 Magna
1743 5092 1867 5137 sunt
1897 5097 2016 5152 quae
2057 5096 2155 5151 per

555 5185 741 5228 vocem
772 5188 922 5229 suam
954 5170 1225 5230 Dominus'
1239 5174 1385 5242 facit,
1419 5174 1515 5231 sed
1546 5174 1725 5230 minus
1748 5189 1940 5245 magna
1970 5182 2155 5231 essent

630 5379 656 5409 ι
688 5370 1031 5441 Longipont.,
1061 5371 1193 5424 latro
1222 5368 1327 5424 suis
1345 5370 1591 5424 mortibus
1609 5368 1844 5424 similem.
1875 5369 1950 5423 lta
1982 5368 2144 5425 etiam

554 5437 779 5523 Turou.,
807 5437 904 5565 nisi
926 5442 1090 5512 quod,
1111 5459 1205 5512 pro
1233 5444 1339 5496 suis
1366 5441 1634 5507 mortibus,
1662 5442 1921 5497 mendose
1946 5441 2141 5512 legitur

555 5527 660 5565 81418
708 5529 832 5565 mort
873 5530 951 5565 ηε.

555 5527 660 5565 Iuli
708 5527 951 5567 mortuus.

626 5581 653 5620 δ
686 5583 908 5655 Pratel.,
930 5584 1020 5638 sed
1042 5601 1154 5638 eam
1182 5584 1455 5655 (mortem)
1485 5583 2061 5655 superbiendo...quam
2085 5583 2146 5637 ti-

554 5653 759 5716 mendo,
785 5662 889 5707 etc.

634 5734 657 5795 ξ
688 5721 958 5795 9mittitur
984 5726 1106 5795 quia
1125 5726 1176 5779 in
1208 5727 1428 5793 Pratel.,
1452 5727 1593 5786 Utic.
1615 5737 1669 5782 et
1693 5729 1834 5785 aliis.

631 5789 661 5828 ά
696 5791 891 5846 Pratel.
922 5803 975 5848 et
995 5789 1092 5861 aL,
1119 5808 1363 5852 vetustate
1380 5789 1495 5854 vita!
1516 5802 1766 5867 protinus.

2254 4629 2390 4673 nunt
2424 4619 2568 4689 quod
2618 4618 2854 4673 fuerunt.
2904 4616 3063 4671 Certe
3110 4614 3137 4652 δ
3176 4630 3310 4686 aqua
3362 4614 3415 4668 in
3466 4612 3623 4668 terris
3664 4606 3813 4662 adhuc

2257 4713 2451 4768 Paulus
2499 4713 2699 4779 fuerat,
2736 4727 2858 4767 cum
2902 4712 3072 4780 legem
3112 4709 3399 4765 carnaliter
3427 4706 3701 4776 sapiebat;
3735 4695 3813 4753 sed

2253 4804 2443 4860 ductus
2491 4804 2558 4858 ad
2606 4804 2869 4868 etelestia,
2899 4804 2951 4857 in
2981 4802 3154 4856 nivem
3180 4815 3369 4855 versus
3402 4807 3521 4862 est;
3552 4795 3669 4865 quia
3696 4785 3811 4859 quod

2253 4894 2404 4966 prius
2452 4895 2722 4950 inﬁrmum
2769 4894 2947 4964 sapuit
2974 4893 3041 4947 ad
3080 4892 3404 4947 soliditatem
3448 4902 3593 4943 vera:
3639 4878 3811 4938 intelli-

2258 4989 2451 5056 gentiae
2495 4990 2848 5043 commutavit
2873 5004 2887 5053 ;
2916 4996 2967 5041 et
2996 4999 3174 5041 tamen
3204 4982 3639 5040 condescendens
3661 4971 3811 5031 fratri-

2260 5079 2361 5135 bus
2400 5080 2552 5150 quasi
2590 5079 2681 5133 nix
2709 5080 2814 5133 ima
2862 5078 3103 5147 repetiit,
3155 5078 3278 5149 quia
3320 5085 3375 5131 et
3420 5082 3544 5145 post
3590 5071 3810 5145 virtutum

2222 5242 2227 5247 Α
2259 5172 2495 5230 culmina
2538 5187 2699 5244 quam
2729 5172 2893 5228 fuerit
2919 5170 3166 5243 indiguus
3180 5169 3452 5242 agnoscit,
3480 5164 3695 5221 dicens:
3722 5150 3807 5220 Οκί

2334 5369 2639 5451 e.\'indoc.,
2670 5367 2881 5424 Ebroic.
2909 5365 3106 5437 aliique
3131 5365 3340 5433 Norm.,
3374 5365 3615 5419 virtutum
3639 5353 3805 5424 conﬁr-

2252 5452 2639 5578 mafmigliibic”
2682 5510 2883 5567 Pratel.
2923 5518 2977 5567 et
3020 5508 3263 5565 nonnulli
3311 5508 3434 5577 alii,
3485 5503 3642 5561 corda
3675 5510 3801 5555 ares-

2249 5582 2396 5636 tium.

2324 5653 2612 5778 Bd'l'u‘ron.,
2651 5653 2721 5708 ad
2746 5653 3084 5708 humilitatem
3112 5649 3492 5723 praedicationis
3531 5644 3675 5705 verba
3699 5639 3799 5697 ὀιο-

2324 5741 2345 5777 ll
2385 5741 2448 5777 ειη
2483 5765 2497 5778 .

2253 5740 2497 5780 cenauttt.

2325 5792 2353 5832 ιι
2380 5794 2540 5867 Deest
2564 5810 2702 5867 aqua
2718 5793 2777 5854 in
2796 5794 3017 5854 Pratell.

3832 5608 3843 5617 ι
