4036 6348
260 422 369 479 825

994 423 1352 484 IIORALIUM
1392 422 1519 484 LIB.
1563 421 1774 484 XXVII.
1814 456 1882 468 —
1917 426 1982 483 IN
2020 425 2245 483 CAPUT
2288 426 2528 482 XXXVII
2553 426 2614 481 Β.
2652 423 2794 481 «1011.

3422 425 3520 478 126

257 536 403 605 prius
425 534 500 604 fui
522 534 957 606 blasphemus‘et
975 547 1270 607 persecutor
1294 538 1346 611 (ι
1364 538 1502 594 Tim.
1527 554 1566 608 ι,
1595 538 1710 610 15),
1729 547 1834 595 etc.
1865 543 2182 607 Aprzcsens
2231 539 2525 608 peragitur,
2575 554 2630 593 In
2679 545 2784 608 qua
2824 548 2925 591 nos
2972 533 3287 605 Ignorantia:
3338 535 3522 590 nubilo

257 627 402 684 Ecce
424 643 583 699 quam
607 630 901 687 clementer
922 646 1031 687 suae
1053 631 1437 688 imbecillitatis
1453 631 1841 700 reminiscitur,

258 727 322 772 ut
347 719 576 776 aliorum
603 721 970 792 aequanimiter
998 722 1205 778 infirma
1239 723 1490 793 patiatur.
1516 721 1677 789 Quasi
1702 721 1845 776 enim

257 811 327 865 ad
373 821 569 868 terram
613 813 679 869 de
719 828 822 883 qua
871 823 1082 884 sumpta
1123 814 1295 870 fuerat
1322 824 1442 885 post
1485 815 1678 872 coelum
1708 829 1844 884 aqua

257 900 444 969 rediit,
487 903 612 957 dum
655 913 773 974 post
816 912 960 960 tanta
990 918 1101 960 suae
1140 905 1606 976 contemplationis
1643 919 1842 962 arcana

258 1002 598 1061 peccatorem
625 1009 685 1051 se
714 995 908 1052 Paulus
936 997 1201 1062 meminit,
1243 1005 1305 1051 ut
1332 997 1590 1068 prodesse
1619 995 1840 1051 humili-

259 1093 344 1141 ter
389 1087 770 1156 peccatoribus
799 1087 987 1158 possit.
1012 1087 1298 1143 Videamus
1340 1087 1516 1158 itaque
1557 1101 1692 1155 aqna
1732 1086 1846 1141 haec

257 1175 318 1232 in
367 1177 503 1233 nivis
547 1178 873 1235 soliditatem
920 1179 1176 1235 vertenda
1229 1180 1458 1250 qualiter
1509 1180 1751 1234 trahatur
1778 1177 1844 1233 ad

257 1279 491 1322 summa.
533 1266 622 1322 Ait
649 1283 664 1322 :
696 1267 816 1323 Sive
845 1277 1008 1324 mente
1037 1268 1348 1335 excedimus,
1382 1269 1491 1324 Deo
1519 1267 1609 1340 (II
1639 1268 1758 1324 Cor.
1789 1284 1842 1338 v,

259 1357 377 1428 15).
431 1358 718 1414 Videamus
759 1360 986 1429 qualiter
1015 1361 1082 1416 ad
1111 1360 1216 1415 ima
1246 1362 1333 1416 nix
1366 1361 1572 1429 redeat,
1620 1369 1678 1415 ut
1717 1360 1846 1416 dum

259 1448 495 1519 liquatur
515 1448 777 1506 infundat.
800 1451 916 1507 Ait:
934 1453 1055 1508 Sive
1079 1454 1237 1508 sobrii
1251 1471 1450 1520 sumus,
1468 1454 1605 1507 vobis
1630 1452 1684 1524 (1
1689 1452 1840 1524 bid.).

259 1539 553 1598 Videamus
580 1557 686 1613 qua
725 1558 884 1599 manu
931 1544 1166 1612 ducitur,
1223 1556 1280 1600 ut
1326 1555 1382 1601 et
1427 1545 1613 1615 iacens
1651 1546 1846 1602 elevari

259 1631 475 1701 valeat,
533 1641 588 1688 et
637 1634 912 1691 sublevata
962 1637 1226 1692 revocari.
1281 1637 1410 1691 Ait:
1439 1635 1674 1692 Charitas
1718 1639 1850 1693 enim

260 1722 460 1778 Christi
503 1735 647 1796 urget
693 1743 784 1781 nos
825 1726 1024 1796 (Ibid.,
1059 1728 1183 1799 14).
1226 1727 1360 1795 Quia
1409 1729 1570 1799 igitur
1619 1729 1850 1784 charitas

259 1816 481 1888 Christi,
515 1833 632 1888 quae
669 1830 976 1875 sanctorum
1020 1827 1228 1875 mentes
1274 1819 1342 1873 ad
1387 1833 1620 1888 superna
1670 1820 1852 1876 suble-

1946 629 2125 684 carnis
2167 629 2530 696 corruptibilis
2570 637 2753 697 torpor
2801 626 3142 693 astrinxerat,
3175 641 3335 682 omne
3364 627 3525 681 mini-

1944 720 2162 775 sterium
2188 719 2579 789 praadicationis
2607 729 2804 776 cessat.
2836 718 3043 775 Clarius
3075 719 3276 789 quippe
3305 734 3399 788 per
3429 736 3526 774 nos

1948 821 2072 866 tunc
2100 809 2400 866 videbimus
2449 810 2553 866 hoc
2595 810 2738 880 quod
2786 819 3098 866 sanctorum
3129 811 3348 866 vocibus
3386 827 3527 866 nunc

1945 900 2229 958 obscurius
2255 899 2525 956 audimus.
2552 901 2800 972 Praecipit
2829 903 2994 973 igitur
3025 905 3282 960 Dominus
3314 905 3442 970 nivi,
3477 918 3529 958 ct

1943 989 2139 1046 hiemis
2168 991 2378 1060 pluviis,
2415 999 2474 1047 ut
2503 991 2557 1046 in
2599 1000 2795 1047 terram
2838 992 3189 1061 descendant,
3220 995 3346 1050 dum
3379 998 3526 1063 aspi-

1945 1081 2155 1137 ratione
2202 1081 2376 1137 sancti
2419 1082 2640 1152 spiritus
2666 1097 2766 1152 pro
2796 1083 3124 1154 corrigendis
3157 1085 3529 1155 peccatoribus
3569 1157 3574 1160 _

1945 1175 2106 1230 corda
2147 1184 2464 1232 sanctorum
2505 1176 2573 1231 ad
2611 1177 2967 1233 ministerium
3007 1178 3399 1248 praedicationis
3429 1177 3530 1234 hu-

1945 1266 2136 1321 miliat.
2200 1259 2318 1322 Ubi'
2360 1275 2506 1324 recte
2563 1267 2776 1324 additur
2824 1285 2839 1324 :
2888 1269 2954 1323 Et
3009 1269 3158 1324 imbri
3209 1271 3530 1340 fortitudinis

1946 1371 2071 1411 suae.

2023 1447 2168 1522 [-Rec.
2210 1446 2365 1520 χι]
2403 1450 2492 1506 16.
2533 1480 2605 1495 —-
2629 1450 2805 1507 Imber
2851 1449 3192 1522 fortitudinis,
3233 1454 3530 1524 prwdicatio

1950 1539 2260 1606 divinitatis;
2291 1541 2452 1595 imber
2489 1543 2825 1612 inﬁrmitatis,
2860 1546 3163 1612 praedicatio
3195 1545 3530 1600 humanitatis

1949 1630 2158 1686 Christi.
2193 1662 2263 1673 —
2291 1632 2466 1690 Imber
2505 1636 2704 1706 quippe
2746 1635 3078 1691 fortitudinis
3107 1638 3198 1692 Dei
3224 1645 3305 1692 est
3335 1637 3531 1706 praedi-

1951 1726 2094 1780 catio
2123 1724 2442 1782 divinitatis.
2484 1726 2617 1781 Nam
2659 1727 2831 1783 imber
2868 1728 3194 1784 infirmitatis
3224 1739 3307 1784 est
3341 1727 3533 1798 praedi-

1953 1817 2092 1873 catio
2114 1817 2231 1888 ejus
2258 1818 2669 1887 incarnationis,
2699 1820 2765 1875 de
2793 1835 2893 1890 qua
2929 1836 3022 1891 per
3052 1821 3275 1876 Paulum
3307 1821 3531 1877 dicitur:

261 1922 392 1980 vat,
442 1927 535 1969 eas
581 1915 669 1984 pio
707 1915 1073 1972 moderamine
1133 1931 1228 1986 pro
1280 1918 1514 1972 fraterna
1563 1916 1846 1972 dilectione

1962 1910 2104 1977 Quod
2124 1912 2389 1982 inﬁrmum
2411 1922 2484 1968 est
2507 1912 2622 1980 Dei,
2650 1917 2832 1984 fortius
2861 1927 2932 1970 est
2959 1917 3250 1971 hominibus
3269 1915 3324 1988 (1
3346 1918 3465 1972 Cor.
3491 1935 3530 1985 ι,

261 2005 428 2061 etiam
459 2005 523 2061 ad
556 2007 906 2064 humilitatem
945 2007 1417 2064 condescensionis
1449 2009 1663 2074 format,
1696 2016 1847 2064 recte

263 2095 498 2152 dicitur:
543 2097 643 2163 Qui
689 2099 917 2169 prwcipit
964 2100 1068 2153 niui
1114 2109 1168 2153 ut
1218 2099 1489 2153 descendat
1533 2096 1589 2153 in
1641 2110 1846 2153 terram.

264 2186 372 2244 Uhi
398 2199 453 2244 et
482 2198 604 2259 apte
646 2189 1023 2261 subiungitur:
1056 2189 1123 2245 Et
1149 2190 1327 2246 hiemis
1367 2191 1554 2262 pluviis
1602 2189 1770 2262 875
1803 2200 1851 2245 et

266 2279 418 2334 imbri
446 2279 766 2350 fortitudinis
795 2297 922 2336 suta.

339 2372 438 2428 15.
475 2371 658 2428 Hiems
683 2383 754 2428 est
780 2373 882 2426 vita
907 2388 1150 2443 praesens,
1188 2372 1243 2426 in
1266 2389 1367 2442 qua
1397 2380 1690 2428 sanctorum
1713 2387 1850 2442 prae—

268 2465 561 2519 dicatorum
585 2463 846 2518 abundant
876 2462 1084 2535 pluviae.
1111 2490 1181 2504 —
1207 2462 1395 2520 Hiems
1423 2463 1620 2534 quippe
1642 2471 1726 2518 est
1745 2461 1851 2516 vita

269 2574 532 2631 praesens,
565 2559 619 2615 in
643 2574 746 2629 qua
777 2573 875 2614 nos
897 2560 1002 2615 etsi
1027 2559 1138 2629 iam
1167 2573 1292 2629 spes
1319 2559 1387 2614 ad
1417 2573 1648 2630 superna
1675 2557 1848 2628 erigit,

269 2651 448 2706 adhuc
499 2659 679 2707 tamen
728 2650 1074 2706 mortalitatis
1129 2660 1328 2706 nostra:
1387 2649 1615 2720 frigidus
1674 2658 1856 2720 torpor

270 2739 543 2813 astringit,
586 2741 708 2810 quia
749 2741 1009 2810 scriptum
1029 2749 1150 2796 est:
1181 2740 1379 2810 Corpus
1398 2741 1535 2811 quod
1565 2739 1856 2809 corrumpi-

270 2841 356 2888 tur
393 2840 638 2904 aggravat
686 2833 943 2899 animum,
991 2841 1040 2886 et
1085 2831 1326 2904 deprimit
1373 2842 1574 2886 terrena
1612 2831 1858 2885 habitatio

273 2939 483 2980 sensum
516 2923 684 2978 multa
708 2925 1016 2997 cogitantem
1043 2922 1195 2995 (Sap.
1229 2938 1306 2990 ιι,
1339 2923 1452 2993 15).
1486 2922 1657 2978 Habet
1679 2932 1858 2978 autem

275 3018 398 3087 haec
426 3018 600 3075 hiems
636 3017 866 3088 pluvias,
898 3025 1166 3074 rectorum
1197 3017 1382 3086 procul
1410 3015 1572 3072 dubio
1602 3015 1861 3084 praedica-

275 3111 474 3168 tiones.
507 3111 582 3166 De
609 3110 800 3182 quibus
839 3110 1090 3166 videlicet
1134 3110 1328 3180 pluviis
1355 3125 1449 3180 per
1476 3110 1702 3181 Moysen
1729 3109 1862 3165 dici-

276 3210 366 3258 tur
404 3218 420 3256 :
469 3200 804 3272 Exspectatur
855 3202 986 3256 sicut
1023 3201 1198 3272 pluvia
1248 3201 1509 3270 eloquium
1566 3217 1753 3269 meum,
1813 3208 1862 3254 et

281 3296 596 3352 descendant
626 3296 755 3351 sicut
802 3311 887 3350 ros
931 3295 1078 3351 verba
1107 3311 1219 3350 mea
1251 3294 1424 3367 (Deut.
1458 3311 1625 3361 χχιιι,
1648 3293 1727 3366 2).
1768 3294 1864 3348 Ha:
1891 3297 1938 3362 C
1967 3297 2278 3365 descendat,
2308 3299 2427 3367 quia
2459 3306 2772 3354 sanctorum
2800 3313 3020 3354 suorum
3049 3297 3270 3355 vocibus
3295 3300 3375 3355 sic
3395 3301 3548 3355 nobis
3633 3295 3640 3304 ’

282 3389 538 3445 nimirum
569 3388 760 3459 pluvia:
788 3387 951 3444 hiemi
984 3395 1306 3458 congruunt,
1339 3395 1525 3443 aestate
1555 3387 1864 3451 cessabunt,

280 3480 412 3551 quia
442 3495 562 3536 cum
589 3494 731 3536 nunc
782 3480 1075 3537 carnalium
1123 3480 1293 3536 oculis
1336 3480 1446 3535 vita
1483 3480 1718 3536 caelestis
1745 3479 1869 3535 abs-

280 3574 552 3641 conditur,
589 3588 812 3631 necesse
848 3582 932 3630 est
984 3582 1044 3628 ut
1071 3582 1377 3628 sanctorum
1407 3571 1566 3628 nobis
1600 3571 1866 3641 praedica-

283 3665 524 3724 tionibus
552 3665 580 3704 ι’
616 3667 894 3742 ἱττοτθιυν.
925 3664 1059 3720 Cum
1092 3679 1222 3720 vero
1254 3663 1444 3720 aeterni
1484 3662 1672 3732 iudicii
1702 3673 1868 3720 aestus

284 3757 650 3826 ineanduerit,
692 3757 870 3814 nullus
913 3756 1078 3814 verba
1123 3755 1526 3826 prtedicantium
1565 3755 1868 3812 necessaria

288 3858 421 3908 tunc
467 3849 710 3918 habebit,
750 3849 903 3921 quia,
953 3849 1202 3906 veniente
1226 3847 1427 3919 judice,
1469 3848 1538 3904 ad
1579 3863 1672 3906 cor
1714 3863 1869 3905 suum

287 3944 518 4015 quisque
545 3942 836 4009 reducitur,
877 3951 934 3996 ut
959 3951 1140 3998 sancta
1163 3941 1272 4012 iam
1304 3955 1425 3997 cum
1451 3955 1614 4012 agere
1641 3954 1745 3996 non
1773 3955 1869 3996 va-

287 4035 365 4092 let
391 4035 607 4104 sentiat,
637 4043 691 4091 et
711 4043 915 4091 rectum
959 4034 1100 4106 quod
1143 4035 1292 4106 sequi
1323 4033 1510 4090 debuit
1552 4049 1617 4091 ex
1660 4033 1872 4090 tortitu-

288 4127 432 4184 dinis
453 4139 566 4184 sua:
591 4141 749 4197 pmna
771 4135 1075 4196 cognoscat.
1100 4123 1254 4181 Unde
1275 4126 1413 4182 bene
1436 4139 1534 4196 per
1553 4124 1870 4196 prophetam

288 4219 520 4277 dicitur:
557 4218 822 4292 Congrega
860 4235 944 4274 eos
982 4219 1127 4288 quasi
1163 4235 1367 4290 gregem
1407 4221 1475 4273 ad
1511 4219 1788 4284 victimam,
1826 4226 1874 4272 et

290 4313 562 4382 sanctiﬁca
591 4327 676 4366 eos
711 4312 765 4365 in
794 4312 878 4366 die
914 4311 1179 4365 occisionis
1215 4309 1432 4382 (Jerem.
1461 4326 1558 4378 xu,
1588 4309 1668 4381 5).
1702 4311 1761 4366 In
1786 4309 1873 4366 die

291 4405 440 4462 enim
482 4403 766 4462 occisionis
825 4402 1224 4458 sanctilicantur
1270 4401 1525 4472 reprobi,
1571 4403 1696 4472 quia
1749 4412 1876 4460 tunc

293 4505 481 4554 sancta
521 4511 641 4567 qua:
683 4494 985 4553 debuerunt
1026 4509 1186 4564 agere
1232 4494 1496 4562 sentiunt,
1548 4509 1669 4550 cum
1714 4495 1874 4566 digna

294 4591 575 4663 pravitatis
611 4605 722 4646 sum
751 4588 1011 4660 supplicia
1047 4588 1155 4657 iam
1185 4587 1456 4644 declinare
1485 4602 1592 4644 non
1623 4599 1869 4658 possunt.

1948 2002 2067 2076 25).
2115 2005 2183 2061 Et
2220 2021 2434 2063 rursum
2461 2026 2476 2064 :
2500 2007 2563 2064 Si
2591 2009 2870 2078 cruciﬁxus
2900 2020 2974 2065 est
3001 2028 3064 2066 ea:
3086 2012 3404 2078 inﬁrmitate,
3443 2012 3536 2066 sed

1949 2096 2072 2151 trivit
2097 2111 2161 2151 ea:
2179 2097 2367 2153 virtute
2387 2098 2486 2154 Dei
2509 2098 2594 2170 (II
2629 2099 2749 2154 Cor.
2781 2115 2896 2166 xui,
2928 2100 3006 2172 4).
3035 2102 3126 2157 Sic
3161 2111 3337 2158 autem
3367 2105 3536 2158 sancti

1951 2189 2056 2245 viri
2082 2190 2434 2246 humanitatis
2474 2191 2591 2262 eius
2631 2191 2841 2247 inﬁrma
2894 2191 3212 2262 praedicant,
3239 2205 3296 2248 ut
3324 2194 3535 2248 audito-

1951 2300 2070 2342 rum
2111 2301 2329 2342 suorum
2353 2287 2606 2342 cordibus
2635 2289 2797 2342 etiam
2841 2288 3135 2344 divinitatis
3173 2288 3330 2344 fortia
3363 2289 3536 2343 infun-

1953 2375 2101 2432 dant.
2128 2377 2424 2433 Audiamus
2469 2391 2566 2447 per
2600 2376 2895 2434 tonitruum
2924 2379 3102 2444 nubis,
3135 2380 3360 2435 imbrem
3389 2378 3540 2434 forti-

1954 2470 2200 2526 tudinis:
2230 2469 2298 2525 In
2342 2471 2599 2542 principio
2638 2482 2748 2526 erat
2797 2471 3042 2543 Verbum,
3084 2482 3131 2528 et
3175 2473 3396 2528 Verbum
3432 2485 3541 2529 erat

1954 2563 2097 2632 apud
2136 2561 2325 2632 Deum,
2359 2572 2408 2619 et
2438 2563 2580 2619 Deus
2605 2574 2716 2618 erat
2747 2563 2974 2620 Verbum
3022 2566 3206 2638 (Joan.
3247 2583 3284 2633 ι,
3315 2566 3390 2635 1).
3438 2570 3542 2621 Au-

1955 2659 2164 2714 diamus
2200 2659 2360 2716 etiam
2392 2659 2622 2716 imbrem
2667 2659 3027 2715 inﬁrmitatis:
3063 2659 3286 2715 Verbum
3316 2677 3435 2713 caro
3465 2662 3543 2730 fa-

1957 2760 2093 2804 ctum
2131 2759 2226 2816 est,
2271 2761 2318 2804 et
2341 2751 2583 2805 habitauit
2609 2751 2665 2804 in
2703 2751 2846 2804 nobis
2879 2748 3068 2819 (Ibid.,
3103 2748 3214 2820 14).
3245 2750 3542 2806 Audiamus

1959 2842 2187 2898 imbrem
2226 2841 2556 2899 fortitudinis
2583 2861 2595 2895 :
2635 2842 2822 2897 Omnia
2853 2859 2943 2912 per
2969 2843 3136 2914 ipsum
3163 2844 3301 2913 facta
3328 2853 3467 2908 sunt,
3493 2853 3544 2898 et

1959 2935 2070 2988 sine
2090 2934 2204 3004 ipso
2225 2937 2418 3004 factum
2443 2944 2516 2989 est
2535 2933 2686 2989 nihil.
2713 2935 2863 3002 Quod
2887 2935 3080 3004 factum
3103 2947 3196 3004 est,
3226 2937 3280 2990 in
3303 2937 3414 3006 ipso
3441 2938 3544 2991 vita

1961 3037 2066 3081 erat
2095 3023 2285 3096 (Ibid.,
2313 3025 2392 3096 5).
2411 3026 2706 3082 Audiamus
2731 3027 2893 3082 etiam
2917 3026 3142 3082 lmbrem
3173 3027 3500 3084 infirmitatis
3530 3047 3544 3084 :

1966 3117 2033 3174 In
2054 3120 2264 3192 propria
2289 3121 2443 3187 venit,
2467 3128 2515 3176 et
2536 3121 2616 3176 sui
2636 3137 2751 3176 eum
2774 3137 2875 3176 non
2900 3132 3195 3193 receperunt
3219 3120 3408 3193 (Ibid.,
3431 3124 3544 3194 11).

1961 3206 2123 3262 Imbri
2175 3222 2302 3278 ergo
2346 3206 2672 3264 fortitudinis
2720 3222 2830 3263 sua:
2875 3208 3117 3278 praecipit
3156 3217 3216 3264 ut
3245 3209 3299 3264 in
3346 3217 3545 3265 terram

1971 3392 2314 3448 humanitatis
2364 3407 2477 3448 sua:
2526 3385 2742 3447 lnﬁrma’
2785 3393 3062 3462 praedicat,
3104 3402 3161 3447 ut
3200 3392 3355 3449 nobis
3393 3393 3549 3449 etiam

1968 3487 2105 3541 mira
2133 3495 2187 3542 et
2214 3485 2376 3542 fortia
2421 3500 2535 3541 sua:
2575 3486 2877 3542 divinitatis
2927 3487 3244 3543 innotescat.
3285 3487 3392 3543 Sed
3431 3504 3550 3542 cum

1971 3578 2225 3632 virtutem
2271 3577 2440 3631 nostri
2469 3575 2765 3631 conditoris
2793 3576 3062 3645 audimus,
3089 3576 3269 3632 statim
3295 3577 3360 3631 ad
3390 3576 3551 3634 corda

1970 3678 2153 3724 nostra
2174 3667 2198 3705 α
2227 3667 2511 3724 formidine
2532 3669 2890 3739 compellente
2911 3669 3238 3737 reducimur,
3265 3662 3323 3724 'et
3344 3678 3547 3726 tantum

1970 3773 2133 3830 super
2164 3775 2262 3816 nos
2283 3759 2518 3829 iudicem
2547 3760 2957 3830 perpendentes,
2981 3762 3144 3833 875
3172 3770 3196 3798 ο
3219 3777 3338 3832 quas
3365 3762 3549 3834 digne,

1971 3867 2157 3923 quasve
2205 3853 2410 3923 egimus
2457 3851 2698 3923 indigne,
2751 3868 3058 3923 pensamus.
3119 3854 3271 3912 Unde
3313 3865 3368 3912 et
3413 3856 3553 3918 bene

1973 3943 2306 4015 subiungitur
2325 3959 2340 3997 :

2343 4039 2572 4096 CAPUT
2612 4038 2756 4095 xxv
2805 4040 2951 4113 [fietu
2981 4038 3165 4112 XVI].

2056 4130 2210 4186 Vens.
2241 4130 2296 4185 7.
2320 4159 2392 4171 —
2415 4130 2516 4197 Qui
2542 4131 2596 4185 in
2625 4147 2778 4184 manu
2815 4130 3040 4185 omnium
3066 4130 3326 4187 hominum
3360 4133 3552 4203 signat,

1975 4233 2030 4276 ut
2061 4223 2286 4278 noverint
2309 4221 2498 4293 singuli
2522 4237 2678 4291 opera
2706 4238 2817 4276 sua.

2047 4311 2137 4367 47.
2179 4311 2542 4386 Cognoscendo
2584 4313 2748 4367 Deum
2790 4321 2984 4366 nosmet
3020 4311 3367 4383 agnoscimus,
3399 4324 3445 4370 et
3475 4332 3554 4372 se-

1975 4405 2140 4460 verius
2173 4405 2495 4476 judicamus.
2519 4433 2590 4446 -—
2615 4403 2748 4459 Mala
2776 4404 2917 4459 enim
2950 4420 3067 4473 quae
3091 4415 3254 4475 agunt
3287 4407 3551 4475 homines,

1979 4511 2206 4569 pensare
2251 4506 2621 4552 contemnunt.
2679 4495 2786 4552 Sed
2841 4510 2962 4550 cum
3010 4498 3260 4552 virtutem
3309 4511 3555 4567 supernae

1981 4588 2332 4648 districtionis
2359 4590 2598 4654 audiunt,
2633 4602 2916 4657 pravorum
2943 4602 3164 4655 operum
3197 4588 3298 4643 hoc
3325 4591 3465 4658 quod
3495 4605 3555 4645 se

296 4685 433 4754 Quia
457 4692 632 4741 autem
654 4681 1068 4756 praedicationes
1096 4689 1296 4738 sancta:
1323 4695 1442 4736 cum
1464 4681 1573 4736 vita
1599 4681 1874 4752 praesenti,
1902 4673 1956 4734 D
1981 4679 2238 4751 deprimit
2293 4680 2502 4746 pondus
2547 4686 2861 4748 agnoscunt.
2918 4675 3319 4733 Prmdicationis
3363 4679 3558 4750 quippe

295 4775 353 4833 id
381 4786 465 4834 eSt
510 4776 706 4847 pluviae
745 4791 865 4832 cum
911 4774 1089 4832 hieme
1135 4773 1446 4841 cessabunt,
1487 4781 1634 4830 recte
1657 4772 1877 4830 exeunti

296 4871 516 4937 animae,
546 4878 570 4907 α
596 4877 753 4940 atque
791 4869 859 4924 ad
911 4877 1124 4946 aeterna
1174 4866 1442 4923 felicitatis
1470 4866 1654 4922 aestiva
1686 4881 1879 4937 prope-

298 4963 463 5028 ranti,
487 4961 669 5032 sponsi
695 4973 831 5015 voce
853 4959 1126 5016 suadentis
1150 4958 1350 5014 dicitur
1375 4975 1387 5011 :
1416 4958 1604 5030 Surge,
1635 4973 1875 5029 propera,

300 5057 469 5112 amica
496 5070 626 5121 mea,
659 5054 886 5124 formosa
929 5068 1065 5118 mea,
1114 5060 1160 5105 et
1202 5050 1349 5116 ueni;
1384 5051 1498 5121 jam
1539 5051 1674 5105 enim
1719 5049 1880 5106 hiems

300 5147 522 5214 transiit,
555 5145 713 5200 imber
737 5144 863 5199 abiit
907 5150 953 5196 et
997 5141 1202 5196 recessit
1244 5139 1426 5211 (Cant.
1450 5155 1508 5208 ll,
1543 5140 1650 5212 10).
1683 5141 1882 5198 Trans-

302 5247 466 5298 eunte
501 5239 699 5309 quippe
739 5236 942 5304 hieme,
992 5232 1166 5290 imber
1213 5233 1438 5302 recedit,
1469 5234 1593 5304 quia
1619 5249 1744 5290 cum
1769 5235 1878 5291 vita

375 5408 404 5438 ι
430 5397 679 5468 Vindoc.,
702 5408 752 5454 et
772 5404 1081 5470 persecutor,
1108 5403 1156 5450 et
1183 5395 1612 5470 contumeliosus;
1650 5397 1740 5470 sed
1775 5397 1871 5470 mi-

300 5471 630 5528 sericordiam
663 5466 958 5525 consecutus
996 5482 1130 5534 sum,
1155 5466 1276 5539 quia
1305 5467 1551 5537 ignorans
1587 5467 1685 5538 feci
1708 5467 1764 5522 in
1790 5468 1872 5522 in-

299 5541 622 5598 credulitate.
1031 5571 1034 5574 -

373 5611 403 5652 b
430 5612 681 5682 Longip.,
712 5612 1078 5682 ntanifestetur.
1107 5677 1148 5682 __
1511 5675 1526 5682 _.

378 5693 402 5723 ε
438 5677 812 5748 Ehr’oicenses,
852 5677 1058 5750 ialiique
1105 5677 1362 5734 Norman.
1410 5684 1464 5734 et
1511 5677 1762 5750 Vindoc.,
1807 5677 1876 5735 ad

301 5756 481 5812 aestiva
506 5762 692 5809 artemo
719 5752 1032 5816 properanti.

380 5770 481 5808 uva
506 5770 692 5809 eterna
784 5770 1032 5816 operanu.

375 5823 402 5862 ά
432 5825 657 5881 Becent.
683 5770 863 5892 ὥρη
892 5821 1192 5893 fortitudine
1218 5820 1570 5893 compellente.
1603 5822 1659 5877 In
1687 5822 1881 5893 veteri-

305 5897 409 5956 bus
441 5895 613 5958 .Paris.
643 5903 696 5953 et
727 5892 899 5950 Basil.’
920 5892 1114 5962 legitur
1138 5899 1196 5948 ut
1225 5895 1277 5946 in
1305 5892 1432 5950 Mss.
1460 5893 1708 5962 Vindoc.,
1739 5892 1878 5952 Lon-

749 5985 1017 6051 Ρηιιοι..
1055 5986 1337 6048 LXXVI.

1981 4773 2161 4829 verbis
2199 4773 2392 4842 pulsati
2421 4772 2696 4841 evigilant,
2726 4779 2784 4826 ut
2810 4780 3032 4841 pensent
3057 4768 3122 4826 ad
3153 4786 3270 4841 quae
3299 4773 3556 4843 supplicia

1981 4878 2103 4920 sese
2151 4862 2381 4934 antiquae
2430 4864 2654 4920 actionis
2712 4863 2963 4918 meritum
3005 4863 3200 4918 trahat.
3248 4863 3382 4920 Dum
3431 4876 3556 4934 ergo

1983 4956 2155 5012 imber
2208 4956 2536 5012 fortitudinis
2589 4957 2644 5011 in
2692 4964 2886 5012 terram
2934 4955 3232 5023 descendit,
3285 4955 3342 5011 in
3398 4969 3558 5011 manu

1985 5047 2406 5120 uniuscuiusque
2454 5049 2724 5118 signatur,
2768 5056 2829 5104 ut
2873 5063 2970 5104 sua
3009 5063 3174 5120 opera
3221 5045 3383 5112 sciat,
3433 5044 3560 5116 quia

1987 5142 2114 5200 dum
2141 5142 2308 5198 virtus
2331 5143 2888 5214 incomprehensibilis
2914 5142 3210 5213 maiestatis
3228 5137 3558 5212 agnoscitur,

1982 5238 2052 5294 ab
2083 5251 2404 5308 unoquoque
2439 5234 2684 5293 subtilius
2707 5251 2804 5294 sua
2832 5237 2940 5293 vita
2971 5244 3223 5307 pensatur

1977 5396 2208 5521 gippnté,
2241 5397 2458 5455 Ebroic.
2490 5404 2546 5456 et
2571 5397 2694 5454 aliis
2718 5394 3080 5461 Normannize,
3115 5391 3390 5463 formidine
3417 5405 3563 5447 com-

1978 5485 2040 5521 ne
2085 5485 2146 5521 en
2203 5507 2218 5521 .

2013 5471 2218 5525 euente.

1978 5487 2320 5614 “‘{e'iifirqr
2369 5548 2423 5594 et
2466 5537 2556 5614 alii
2607 5537 2886 5614 Norman._,
2932 5533 3282 5614 qum-egimus
3331 5533 3563 5606 indigne.

1983 5609 2182 5665 omisso
2229 5609 2288 5665 τό
2323 5625 2437 5678 qua:
2462 5609 2667 5678 digne;
2719 5618 2818 5678 nec
2860 5607 3148 5678 immerito,
3185 5619 3307 5659 nam
3339 5616 3566 5676 urgente

1989 5680 2182 5734 timore
2208 5676 2431 5733 extremi
2451 5677 2636 5746 iudicii
2666 5677 2804 5733 mala
2831 5689 2994 5746 opera
3024 5676 3201 5744 potius
3225 5691 3381 5745 quam
3417 5687 3566 5731 recte

1987 5749 2126 5807 facta
2159 5749 2323 5802 menti
2353 5745 2661 5812 occurrunt,
2691 5755 2798 5802 etc.
2827 5745 3166 5804 Retinuitnus
3209 5756 3388 5806 tamen
3428 5748 3568 5803 hanc

1990 5821 2115 5877 lect.
2143 5833 2260 5889 qua:
2283 5828 2365 5876 est
2394 5817 2724 5875 Excusorum
2747 5817 3004 5876 omnium.

3097 5979 3168 6038 ιι
