4036 6348
266 340 360 409 129
1000 342 1353 408 MORALIUM
1396 351 1522 408 LIB.
1570 353 1780 410 XXVII.
1822 385 1893 396 —
1933 354 1994 409 IN
2034 342 2261 409 CAPUT
2303 352 2544 407 XXXVII
2587 352 2645 407 Β.
2691 350 2828 407 JOB.
3425 344 3528 396 150

261 468 547 538 praevalere
565 458 822 537 divinitus
842 467 1237 536 permittantur.
1263 467 1362 524 Ubi
1389 479 1441 523 et
1466 478 1588 538 apte
1618 470 1848 539 subjun—
1873 475 1927 533 Α
1952 471 2267 536 insanirent,
2293 481 2423 541 quot
2449 471 2667 540 explere
2686 478 2871 527 contra
2901 466 3048 522 illum
3074 479 3233 532 prava
3263 463 3530 518 desideria

259 556 431 632 gitur:
463 561 622 617 Ortus
649 572 725 621 est
752 561 850 627 sol,
879 570 929 614 et
957 563 1251 634 congregati
1280 572 1418 629 sunt,
1443 573 1487 617 et
1516 565 1569 616 in
1589 564 1838 622 cubilibus

258 655 361 707 suis
392 669 448 715 se
484 655 860 714 collocaverunt
907 652 1079 725 (Psal.
1112 666 1230 720 cui,
1258 652 1375 723 20).
1431 657 1563 722 Quia
1597 658 1838 713 veritatis

264 744 457 801 lumine
478 754 573 815 per
600 759 815 800 carnem
836 753 1161 815 apparente,
1210 760 1240 799 a
1285 745 1521 801 ﬁdelium
1569 749 1839 804 mentibus

256 837 484 901 excussi,
513 838 663 906 quasi
692 836 762 891 ad
788 837 981 892 cubilia
1015 834 1351 897 sua‘reversi
1391 850 1537 906 sunt,
1570 844 1697 897 dum
1726 845 1839 900 sola

262 925 553 982 inﬁdelium
583 926 748 981 corda
779 937 1084 982 tenuerunt.
1113 929 1277 1001 877
1323 928 1474 998 Quod
1527 932 1689 1003 igitur
1731 934 1841 989 illic

257 1017 469 1073 leonum
501 1018 704 1087 cubile,
736 1018 822 1073 hic
849 1026 1064 1073 antrum
1096 1020 1281 1075 bestiae
1303 1022 1517 1079 dicitur.
1644 1020 1647 1023 ’

321 1110 411 1167 50.
435 1109 698 1166 Bonorum
726 1122 918 1167 metues
946 1114 1183 1171 diabolus
1225 1117 1509 1186 aliquando
1536 1120 1839 1190 ingreditur,

255 1204 338 1257 sed
362 1204 419 1265 in
444 1203 520 1258 eis
547 1219 653 1258 non
680 1206 1331 1264 moratum—Notandum
1362 1227 1491 1266 vero
1522 1228 1844 1282 magnopere
1876 1236 1909 1245 -ν

252 1295 460 1352 aestimo
484 1298 627 1367 quod
661 1299 828 1354 bestia
861 1300 977 1355 hzec
1005 1316 1114 1356 non
1138 1305 1311 1358 solum
1346 1314 1558 1362 antrutn
1589 1323 1744 1363 suum
1763 1309 1845 1364 in-

248 1384 420 1456 gredi",
445 1388 541 1444 sed
570 1388 624 1443 in
646 1402 713 1445 eo
750 1390 913 1447 etiam
946 1394 1145 1448 morari
1179 1396 1510 1463 perhibetur.
1543 1384 1844 1468 Aliquando

249 1492 481 1549 namque
503 1490 530 1520 α
552 1478 717 1537 etiam
761 1483 1027 1540 bonorum
1058 1480 1269 1541 mentes
1301 1486 1622 1557 ingreditur,
1654 1490 1841 1547 illicita

248 1574 507 1644 suggerit,
561 1568 948 1649 tentatiopibus
978 1578 1183 1649 fatigat,
1214 1581 1595 1638 rectit‘udinem
1623 1584 1844 1654 spiritus

249 1665 313 1721 ad
340 1662 752 1723 delectationem
784 1670 970 1725 carnis
1002 1671 1290 1728 deﬂectere
1332 1676 1577 1741 eonatur,
1610 1675 1827 1731 delecta

240 1762 443 1816 tionem
466 1774 676 1831 quoque
703 1761 774 1817 ad
810 1752 1139 1819 censeitsum
1166 1765 1461 1832 perducere
1493 1767 1704 1835 nititur,
1749 1767 1841 1822 sed

1944 565 2201 621 ardenter
2230 562 2565 631 vellent,sed
2602 572 2777 617 tamen
2801 560 3052 629 populum
3078 554 3527 620 timerent(.loan.

1943 673 2017 724 χι,
2040 655 2137 724 es,
2161 655 2288 725 t9);
2313 664 2441 727 quot
2461 655 2776 710 occasiones
2816 650 3096 713 occidendi
3121 656 3447 720 quaererent,
3474 654 3531 703 et

1948 742 2193 805 invenire
2222 762 2328 803 non
2360 753 2578 817 possent
2622 744 2836 817 (Matth.
2888 757 3041 808 xxvi,
3070 741 3126 809 3,
3159 741 3254 807 4);
3284 748 3413 808 Quot
3461 736 3529 793 ad

1944 855 2127 900 votum
2151 859 2262 899 suat
2285 842 2505 899 saevitia:
2527 822 2946 909 alienigenarum
2977 836 3225 891 manibus
3271 834 3351 889 usi
3381 839 3530 900 sunt,

1944 938 2069 1007 quia
2094 928 2420 1006 cumquem
2472 933 2714 1003 legaliter
2745 932 3052 985 interimere
3096 927 3198 996 ipsi
3230 942 3333 981 non
3381 932 3535 992 pote-

1947 1037 2071 1085 rant
2095 1028 2388 1083 ferieudum
2416 1027 2663 1097 gentibus
2707 1022 3062 1088 tradiderunt,
3092 1030 3150 1075 ut
3178 1034 3245 1085 ex
3295 1018 3406 1073 sola
3438 1032 3535 1087 po-

1949 1108 2142 1180 testate
2176 1123 2448 1177 Romauus
2489 1134 2689 1191 praeses
2728 1125 2912 1187 ageret
2938 1115 3077 1184 quod
3108 1128 3173 1169 ex
3222 1113 3338 1173 sola
3379 1111 3536 1166 mali-

1948 1216 2021 1270 tia
2050 1223 2109 1270 ut
2130 1215 2213 1285 agi
2239 1212 2521 1269 debuisset
2542 1211 2641 1280 ipsi
2674 1208 2990 1263 anhelarent
3018 1203 3204 1276 (Joan.
3236 1216 3388 1270 xvtu,
3418 1201 3536 1273 28).

1951 1306 2102 1362 Unde
2130 1313 2184 1360 et
2205 1313 2330 1373 apte
2357 1302 2722 1373 subiungitur.

2020 1398 2025 1399 ί
2230 1394 2489 1451 εοΑρυτ
2531 1394 2722 1450 xxvu
2763 1384 2911 1465 [Rec.
2948 1386 3207 1462 nun.

2023 1492 2185 1545 Vens.
2215 1490 2269 1543 9.
2297 1515 2367 1530 -
2392 1487 2467 1540 Ab
2484 1485 2809 1541 interioribus
2837 1476 3126 1556 egredietur
3157 1488 3454 1553 tempestas,
3490 1490 3541 1538 et

1947 1586 2017 1639 ab
2037 1585 2255 1639 Arcturo
2294 1584 2481 1654 frigus.

2021 1679 2083 1731 51
2097 1720 2109 1734 .
2124 1677 2358 1731 Christus
2370 1693 2401 1745 ρ
2412 1672 2612 1727 Iudaeis
2627 1682 2673 1727 et
2689 1670 2959 1744 gentilibus
2990 1670 3390 1740 persecutionem
3418 1684 3540 1737 pas-

1948 1786 2058 1825 sus.
2086 1766 2448 1835 —_Scriptura
2495 1766 2645 1818 sacra
2694 1768 2815 1817 eum
2847 1761 3037 1815 eontra
3082 1762 3372 1815 Arcturum
3405 1757 3544 1813 inte-

251 1864 425 1909 tamen
460 1855 756 1911 resistente
793 1850 1031 1931 superno
1063 1858 1335 1927 adiutorio
1377 1860 1674 1929 prtevalere
1722 1874 1847 1930 pro—
1873 1872 1923 1931 Β
1950 1846 2097 1913 ὀίω-η’
2124 1860 2408 1920 memorat,
2439 1856 2707 1910 diversam
2760 1851 3041 1920 Aquilonis
3074 1838 3317 1918 partibus
3359 1848 3544 1904 Austri

248 1946 480 2001 hibetur.
514 1946 721 2002 Intrare
741 1962 872 2017 ergo
904 1948 956 2002 in
978 1938 1189 2005 mentes
1214 1950 1475 2005 bonorum
1520 1951 1716 2019 poteSt,
1745 1951 1840 2006 sed
1874 1966 1877 1973 ’

248 2054 298 2091 ιιι
322 2040 405 2093 eis
435 2040 631 2094 morari
656 2056 763 2095 non
789 2030 1131 2111 potest,qui§i
1163 2058 1256 2097 cor
1286 2043 1415 2112 justi
1450 2044 1608 2113 hujus
1657 2045 1843 2100 bestia:

249 2141 463 2185 antrum
498 2146 603 2187 non
646 2142 751 2189 est.
785 2132 932 2200 Quos
960 2136 1104 2190 enim
1135 2138 1289 2206 quasi
1321 2120 1595 2205 proprium
1626 2116 1842 2193 antrum

244 2218 507 2291 possidet,
539 2239 727 2279 eorum
760 2218 970 2282 utentes
1000 2226 1188 2296 procul
1220 2229 1385 2283 dubio
1416 2212 1711 2284 im'mo‘rans
1760 2240 1842 2286 te-

244 2325 358 2383 net,
381 2316 505 2385 quia
536 2326 592 2371 et
640 2317 788 2387 prius
819 2318 871 2371 in
900 2319 978 2373 eis
1002 2319 1384 2388 'cogitationes
1415 2334 1585 2390 usque
1615 2321 1681 2375 ad
1740 2321 1843 2376 ini-

247 2425 346 2479 qua
374 2408 637 2467 desideria
659 2418 716 2467 et
753 2422 875 2483 post
915 2406 1097 2483 iniqua
1127 2412 1393 2470 desideria
1427 2429 1595 2484 usque
1626 2414 1692 2468 ad
1740 2431 1837 2470 ne-

246 2498 499 2573 quissima
525 2518 690 2573 opera
717 2504 1181 2576 perducit.Neque
1221 2504 1367 2561 enim
1384 2507 1602 2561 student
1628 2506 1845 2575 reprobi

247 2596 612 2669 suggestione:
631 2598 749 2668 ejus
775 2607 915 2654 recta
942 2599 1128 2668 judicli
1159 2615 1321 2655 manu
1351 2600 1621 2669 repellere
1643 2643 1657 2668 ,
1687 2600 1716 2639 δ
1752 2602 1847 2655 cu-

248 2689 328 2755 ius
368 2688 729 2744 voluntatibus
761 2698 1021 2759 appetunt
1052 2690 1266 2746 subdita
1309 2690 1674 2748 delectatione
1731 2694 1846 2747 ser-

248 2780 380 2861 viro.
408 2777 651 2851 Cumque
679 2781 733 2836 in
756 2777 943 2837 eorum
962 2776 1229 2838 cordibus
1257 2797 1481 2853 pravum
1504 2784 1630 2853 quid
1655 2786 1846 2851 oritur,

244 2888 376 2931 mox
398 2888 496 2944 per
518 2873 756 2927 studium
778 2870 1155 2928 delectationis
1182 2875 1488 2936 enutritur;
1520 2882 1575 2928 et
1601 2884 1721 2927 cum
1744 2875 1845 2928 sibi

252 2967 479 3021 minime
511 2964 1079 3035 resistitur,'protinus
1108 2980 1171 3021 ex
1221 2968 1486 3021 consensu
1537 2968 1842 3033 roboratur,

257 3057 550 3127 statimque
592 3070 889 3112 consensus
919 3057 984 3111 ad
1015 3071 1150 3125 opus
1177 3056 1510 3126 perducitur,
1552 3052 1687 3125 opus
1719 3072 1845 3110 vero

246 3149 413 3206 etiam
462 3151 853 3206 consuetudine
901 3159 1179 3219 gravatur.
1213 3150 1381 3205 Recte
1422 3164 1553 3221 ergo
1584 3154 1636 3205 in
1689 3160 1845 3204 antro

1946 1951 2154 2018 plagam
2186 1947 2449 2015 designat.
2475 1932 2709 1999 Undein
2733 1943 2832 1995 hoc
2851 1940 3042 1997 eodem
3072 1938 3209 1993 libro
3240 1939 3493 1995 scribitur
3526 1950 3543 1994 ε

1946 2041 2049 2106 Qui
2090 2039 2215 2111 facit
2244 2039 2558 2102 Arcturum,
2617 2047 2664 2089 et
2689 2034 2945 2097 Urionas,
2994 2039 3042 2086 el
3085 2030 3334 2084 interiora
3376 2030 3545 2102 878

1947 2134 2120 2187 Austri
2154 2128 2295 2203 (Job.
2326 2147 2377 2183 ix
2405 2173 2419 2194 ,
2444 2128 2528 2198 9).
2561 2128 2713 2196 Quia
2746 2128 2907 2193 igitur
2954 2122 3209 2178 interiora
3254 2121 3544 2175 Austri'sol

1948 2214 2244 2278 ferventior
2301 2212 2467 2286 t’euet’,
2500 2217 2527 2257 ἀ
2567 2221 2620 2272 in
2669 2204 2898 2272 Arcturo
2938 2227 3068 2268 vero
3117 2226 3336 2266 cursum
3367 2211 3545 2264 omni-

1948 2314 2112 2369 modo
2141 2328 2249 2366 non
2280 2312 2459 2375 habet,
2512 2310 2823 2363 interiorum
2854 2304 3072 2358 nomine
3106 2300 3252 2370 plebs
3299 2300 3540 2365 iudaica,

1952 2404 2169 2461 Arcturi
2202 2413 2378 2458 autem
2411 2400 2674 2455 vocabulo
2703 2398 2805 2451 hoc
2835 2398 2887 2450 in
2918 2393 3038 2448 loco
3071 2394 3296 2461 populus
3323 2389 3538 2458 gentilis

1948 2490 2283 2562 exprimitur.
2336 2495 2396 2547 lli
2445 2494 2586 2547 enim
2639 2489 2729 2554 qui
2787 2488 2947 2542 unum
2990 2494 3153 2553 atque
3212 2482 3538 2537 invisibilem

1948 2588 2118 2649 Deum
2168 2582 2447 2652 noverant,
2502 2580 3005 2653 ejusdemque‘legi
3060 2578 3253 2632 saltem
3314 2573 3548 2628 carnali-

1950 2692 2031 2736 ter
2079 2680 2409 2741 serviebant,
2460 2677 2613 2743 quasi
2667 2675 2768 2729 sub
2820 2670 3119 2726 meridiano
3175 2668 3290 2723 sole
3334 2669 3547 2721 terven-

1952 2785 2034 2828 tes
2062 2775 2115 2825 in
2148 2771 2268 2825 ﬁdei
2304 2768 2486 2823 calore
2533 2765 2869 2820 tenebantur.
2918 2761 3155 2816 Gentiles
3186 2769 3364 2812 autem
3418 2758 3544 2825 quia

1952 2862 2150 2921 nullam
2181 2862 2462 2918 scientiam
2493 2870 2741 2925 supernae
2764 2853 3083 2921 cognitionis
3104 2850 3425 2919 attigerant,
3448 2862 3544 2902 ve-

1951 2957 2029 3010 lut
2065 2954 2328 3009 sinesole
2352 2950 2522 3021 frigidi
2566 2949 2666 3002 sub
2706 2946 2969 3014 Aquilone
3001 2945 3369 2997 remanebant.
3405 2938 3541 3008 Quia

1950 3061 2081 3102 vero
2114 3048 2405 3113 tempestas
2437 3041 2688 3111 impellit,
2716 3039 2884 3110 frigus
2914 3045 3090 3091 autem
3117 3046 3333 3101 torpore
3364 3033 3549 3100 oppri-

1924 3140 2072 3202 .mit,
2130 3148 2277 3193 recte
2329 3149 2468 3189 nunc
2514 3133 2709 3187 dicitur
2757 3147 2770 3181 ε
2816 3129 2889 3181 Ab
2940 3126 3271 3195 interioribus
3320 3122 3550 3195 egredie-

247 3240 346 3302 suo
363 3249 557 3301 morari
575 3246 693 3302 haec
711 3247 883 3302 bestia
904 3247 1128 3311 dicitur,
1144 3261 1264 3314 qua;
1287 3246 1473 3301 tandiu
1488 3218 1845 3316 cogitationes

1961 3242 2037 3284 tur
2090 3237 2390 3293 tempestas,
2423 3237 2471 3291 et
2526 3226 2588 3277 ab
2642 3225 2866 3278 Arcturo
2910 3221 3098 3290 frigus.
3156 3218 3232 3272 Ac
3276 3218 3319 3269 si
3367 3221 3551 3283 aperte

251 3336 600 3409 repr'oborum
628 3347 797 3406 tenet,
819 3338 1103 3407 quousque
1125 3348 1314 3393 eorum
1338 3339 1500 3392 vitam
1527 3338 1689 3392 etiam
1718 3350 1846 3389 acu-

242 3438 341 3488 leo
368 3433 520 3502 pravi
566 3433 749 3502 operis
784 3430 1054 3502 perforet.
1108 3432 1259 3485 Unde
1312 3432 1448 3484 bene
1483 3429 1550 3484 ad
1606 3424 1848 3483 Judaaam

246 3524 517 3583 Dominus
558 3539 655 3595 per
686 3524 1006 3595 prophetam
1046 3522 1215 3577 dicit:
1248 3521 1523 3590 Quousque
1572 3522 1851 3574 morabun-

247 3623 341 3673 tur
367 3633 422 3671 ut
462 3626 512 3671 te
539 3615 880 3687 cogitationes
912 3616 1083 3669 noxiae
1119 3613 1333 3681 (Jerem.
1379 3625 1458 3678 tv,
1503 3611 1635 3678 14)?
1667 3606 1854 3679 Neque

250 3711 403 3768 enim
438 3708 789 3778 reprehendit
811 3702 905 3762 eur
935 3708 1175 3774 veniant,
1208 3709 1300 3760 sed
1329 3721 1426 3760 cur
1458 3712 1754 3759 morentur.
1790 3704 1855 3758 Et

251 3804 306 3859 in
328 3802 469 3857 bona
491 3804 634 3857 enim
656 3801 815 3856 corda
841 3800 1198 3870 cogitationes
1225 3798 1424 3853 illicita:
1466 3798 1715 3860 veniunt,
1759 3797 1853 3851 sed

243 3903 435 3950 tamen
457 3894 650 3949 morari
679 3889 1058 3963 prohibentur,
1077 3891 1200 3960 quia
1218 3888 1563 3959 rec’tiquique
1586 3903 1656 3942 ne
1677 3888 1853 3957 capti-

252 3988 485 4042 vandam
508 3988 728 4041 domum
757 3986 1103 4039 conscientiae
1133 3986 1445 4054 praebeant,
1491 3982 1560 4036 ab
1595 3984 1712 4050 ipso
1734 3994 1855 4035 cor-

242 4080 341 4135 dis
366 4072 553 4135 limine
573 4080 781 4133 hostem
814 4066 1214 4146 fugant.Qniet
1233 4077 1274 4130 si
1306 4074 1519 4147 quando
1550 4073 1853 4143 repentinis

259 4172 703 4245 suggestionibus
731 4162 998 4240 usquead
1045 4170 1278 4239 primum
1326 4169 1649 4224 vestibulum
1683 4168 1856 4221 subri-

252 4271 476 4335 puertt,
507 4264 574 4319 ad
624 4277 921 4318 consensus
974 4252 1153 4316 tamen
1199 4263 1418 4331 januam
1448 4275 1550 4314 non
1582 4259 1853 4331 pertingit.

257 4358 400 4412 Huic
450 4357 703 4411 nimirum
754 4358 982 4423 bestias,
1038 4356 1269 4425 impulsu
1328 4356 1519 4409 subita:
1564 4355 1860 4409 formidinis

254 4448 455 4516 victus,
484 4446 703 4517 januam
734 4438 916 4502 cordis
953 4446 1144 4502 Petrus
1194 4447 1442 4514 negando
1478 4442 1706 4513 aperuit,
1757 4446 1852 4501 sed

255 4541 443 4597 citius
470 4539 847 4609 cognoscendo
900 4526 1122 4604 restitit,
1171 4526 1350 4592 ﬂendo
1385 4540 1576 4591 clausit
1630 4538 1859 4610 (Matth.

260 4642 402 4693 xxvi
424 4676 437 4702 ,
471 4634 587 4703 70).
616 4632 762 4705 [νει.
793 4630 945 4705 XX.]
970 4624 1103 4698 Quia
1122 4644 1250 4685 vero
1272 4633 1516 4699 antiquus
1538 4630 1714 4683 hostis
1747 4646 1865 4698 per«
1894 4644 1948 4704 1)

256 4732 573 4785 secutorum
624 4728 786 4781 corda
818 4730 925 4779 nan
982 4725 1156 4779 solum
1208 4720 1459 4778 intrando
1503 4722 1733 4785 tenuit,
1767 4712 1887 4777 sed»

167 4873 177 4879 .
256 4824 429 4880 etiam
455 4819 715 4875 'tenendo
766 4816 1023 4887 possedit,
1059 4817 1265 4871 dicatur
1312 4825 1501 4871 recte:
1540 4813 1865 4886 Ingredietur

260 4914 433 4970 bestia
452 4912 721 4967 latibulum
742 4916 907 4976 suum,
930 4920 977 4964 et
999 4911 1053 4964 in
1074 4918 1224 4964 antro
1245 4926 1337 4962 suo
1359 4909 1664 4962 morabitur.
1689 4907 1861 4974 Quah-

242 5015 383 5063 tum
428 5007 661 5075 namque
689 5013 711 5042 ο
740 5004 792 5058 in
822 4998 1127 5057 Judaeorum
1180 4988 1448 5056 mentibus
1495 5001 1768 5054 demorata
1799 4999 1867 5052 sit

244 5086 556 5164 discimus,
588 5108 709 5151 eum
742 5096 957 5149 illarum
990 5080 1215 5149 consilia
1273 5082 1613 5147 attestati'one
1644 5094 1868 5160 evange-

263 5190 391 5247 licm
424 5178 746 5243 narrationis
766 5172 1033 5241 audl’ntus;
1060 5172 1116 5240 lu
1139 5184 1229 5239 illa
1259 5198 1491 5252 namque
1520 5182 1861 5246 describitur,

263 5295 399 5337 cum
428 5279 847 5348 Reder‘hptorem
880 5280 1125 5331 nostrtim
1161 5260 1449 5329 viviﬁcare’
1481 5286 1721 5329 mortuos
1750 5286 1869 5329 cer-

266 5360 493 5440 nei‘ent,
508 5373 587 5427 ’ln’
607 5366 834 5427 mortem
863 5356 980 5437 ejus
1006 5354 1204 5437 quanta
1235 5364 1519 5421 anxietate]
1537 5365 1870 5421 crudelitatis

350 5569 381 5596 σι
409 5555 664 5617 Vindoc.,
699 5551 912 5607 Ebroic.
943 5558 998 5605 et
1018 5547 1133 5614 alii,
1152 5548 1305 5601 etiam
1329 5545 1625 5617 electorum.

354 5631 385 5669 ι’
414 5628 505 5684 Sic
534 5614 730 5681 laudati
771 5622 1031 5685 Codices;
1079 5628 1132 5673 et
1178 5618 1409 5685 quidem,
1438 5614 1641 5685 optimo
1689 5626 1869 5685 sensu.

272 5682 511 5760 Veteres
545 5709 720 5752 tamen
746 5693 891 5746 Edit.
920 5682 1088 5759 Paris.
1121 5682 1481 5760 14358.1493,
1523 5682 1680 5760 l5l8_,
1708 5682 1869 5760 uasti.

246 5772 247 5777 “
282 5754 473 5840 ἱέύξξ
497 5760 653 5840 15M,
699 5762 864 5840 Qilot.
894 5754 1055 5837 1⁷571,
1085 5768 1137 5816 et
1178 5756 1463 5840 Gussanv.,
1493 5766 1619 5827 etc.,
1655 5754 1874 5818 habent,

278 5834 826 5913 cujus'uoluptatibus.
900 5834 905 5837 “
940 5838 941 5841 ‘
1296 5834 1307 5851 .

1876 3334 1891 3357 ι
1956 3325 2231 3378 diceretur
2261 3338 2275 3374 :
2304 3321 2351 3376 A
2377 3319 2578 3375 ludatis
2603 3317 2776 3385 surgit
2816 3311 3017 3369 malitia
3050 3324 3397 3380 persequens,
3442 3316 3499 3361 et
3521 3320 3551 3358 a

1960 3412 2251 3484 gentilibus
2302 3418 2544 3479 potestas
2592 3420 2864 3475 premens.
2912 3402 3097 3471 Neque
3121 3415 3263 3455 enim
3296 3396 3552 3452 miracula

1961 3507 2077 3561 ﬁeri
2118 3505 2253 3574 legis
2288 3509 2551 3570 prtecepta
2586 3503 2901 3559 vetuerant,
2933 3504 2990 3550 et
3018 3503 3201 3548 tamen
3250 3491 3421 3545 Judaei
3458 3502 3553 3555 pro

1959 3600 2165 3655 eisdem
2219 3594 2495 3661 tmraculis
2544 3591 2855 3647 interimere
2900 3584 3117 3642 humani
3176 3585 3391 3652 generis
3447 3582 3553 3634 lle-

1959 3691 2297 3758 demptorem
2328 3684 2648 3754 obterebant
2668 3681 2853 3752 (Joan.
2879 3690 2953 3741 ιι,
2991 3675 3108 3744 48).
3157 3672 3310 3731 Unde
3338 3673 3554 3737 explere

1964 3782 2066 3836 hoc
2093 3781 2233 3850 quod
2250 3785 2531 3847 coeperant
2548 3792 2654 3830 non
2678 3774 2939 3835 valentes,
2968 3771 3031 3823 ad
3057 3768 3210 3823 Pilati
3242 3766 3554 3834 praetorium

1962 3878 2386 3936 concurrerunt,
2426 3879 2484 3924 ut
2512 3871 2627 3937 ipse
2658 3867 2803 3920 hunc
2846 3863 3132 3932 perimeret
3162 3875 3323 3926 quem
3356 3857 3557 3926 injuste

1966 3976 1989 4005 θ
2022 3967 2372 4035 perimentem
2404 3963 2487 4033 lex
2527 3960 2670 4014 nulla
2713 3959 2989 4014 cohiberet
3032 3953 3211 4024 (Joan.
3242 3968 3406 4017 xvm,
3436 3949 3557 4031 38).

1962 4061 2045 4117 Ab
2077 4056 2430 4113 interioribus
2459 4068 2589 4122 ergo
2612 4062 2901 4120 tempestas
2930 4060 3092 4118 atque
3116 4047 3186 4101 ab
3214 4048 3443 4100 Arcturo
3463 4041 3559 4096 fri-

1963 4157 2063 4227 gujs
2104 4153 2321 4222 prodiit,
2354 4151 2480 4206 dum
2508 4148 2650 4218 quod
2681 4147 2866 4203 inuata
2913 4161 2980 4201 ex
3012 4141 3213 4199 invidia
3258 4140 3425 4221 petiit,
3455 4138 3559 4193 hoc

1964 4248 2182 4317 gentilis
2219 4245 2383 4314 judex
2425 4260 2490 4297 cx
2528 4242 2773 4317 Romana
2830 4238 3151 4294 auctaritate
3202 4229 3555 4305 perpetravit.

1966 4342 2120 4398 Unde
2172 4341 2307 4394 bene
2354 4346 2541 4393 contra
2591 4338 2727 4389 hanc
2758 4333 3021 4388 eamdem
3079 4329 3330 4384 invidiam
3383 4326 3560 4381 adhuc

1966 4432 2215 4489 subditur
2244 4430 2255 4485 ξ
2446 4430 2453 4431 “
2532 4428 2537 4433 “
2676 4424 2681 4425 ί

2325 4518 2551 4576 CAPUT
2589 4516 2802 4573 XXVIII
2841 4515 2985 4588 [νει.
3018 4512 3202 4586 XXI].

1996 4616 2000 4624 “
2048 4616 2316 4670 VensJU.
2346 4637 2409 4653 -ι
2437 4610 2626 4664 Flante
2658 4611 2763 4663 Deo
2787 4609 3071 4671 concrescit
3093 4608 3232 4677 gelu.

2045 4708 2135 4761 52.
2180 4705 2481 4759 Italicorum
2529 4702 2688 4755 corda
2741 4701 2948 4753 invidia:
3015 4699 3135 4768 gelu
3189 4698 3559 4753 obduruerunt.

1975 4833 2042 4843 -
2070 4798 2203 4869 Quia
2228 4814 2335 4868 quo
2364 4792 2598 4851 lidelimn
2623 4795 2878 4849 cordibus
2902 4794 3137 4862 Spiritus
3165 4804 3382 4863 sanctus
3422 4795 3563 4861 aspi-

1976 4896 2139 4960 ravit,
2173 4906 2277 4958 quo
2318 4891 2519 4959 majora
2559 4889 2812 4943 virtutum
2845 4888 3103 4941 miracula
3138 4888 3392 4951 contulit,
3428 4883 3449 4923 τ
3496 4900 3562 4940 eo

1977 4988 2030 5042 in
2072 4985 2364 5040 inﬁdelium
2422 4982 2693 5038 mentibus
2745 4982 3079 5049 gravioribus
3122 4981 3334 5035 invidiae
3381 4987 3564 5046 torpor

1978 5081 2250 5143 excrevit,
2299 5085 2460 5145 atque
2502 5076 2635 5129 inde
2686 5083 2875 5129 contra
2920 5074 3083 5129 Deum
3131 5075 3283 5141 plebs
3340 5069 3566 5124 inlidelis

1979 5171 2252 5237 obduruit,
2280 5170 2421 5225 unde
2462 5168 2680 5223 humilis
2710 5169 2937 5237 populus
2970 5176 3267 5220 anteactam
3291 5162 3565 5225 duritiam,

1978 5272 2083 5336 qua
2108 5279 2168 5320 se
2191 5265 2512 5319 astrinxerat
2540 5260 2818 5315 em’ollivit'.
2852 5260 2961 5313 Deo
2989 5257 3131 5311 enim
3155 5255 3318 5309 ﬂante
3363 5252 3416 5306 in
3445 5250 3566 5319 gelu

1988 5359 2127 5425 versi
2160 5356 2368 5413 fuerant
2396 5398 2410 5421 ,
2450 5354 2539 5423 qui
2585 5354 2710 5408 visis
2765 5351 3038 5408 miraculis
3079 5346 3385 5401 invidentes
3424 5341 3567 5397 dice-

2057 5548 2079 5577 ε
2110 5533 2353 5597 Vindoc.,
2388 5533 2662 5595 ineorum,
2698 5542 2773 5580 sc.
2800 5532 3221 5595 persecutorum.

2056 5606 2081 5644 ά
2111 5605 2330 5665 Pratel.,
2364 5602 2414 5654 in
2444 5610 2724 5653 arcturum.
3212 5618 3215 5621 ι

2060 5689 2082 5713 θ
2110 5662 2634 5739 Βαοείιιξ,μεκὶηιενε,
2666 5675 2867 5723 mutata
2913 5666 3140 5741 lectione
3171 5673 3278 5717 tum
3308 5662 3432 5717 Mss.
3456 5668 3568 5713 lout

1990 5760 2232 5805 veterum
2264 5760 2322 5797 ex
2332 5756 2581 5797 CUSOI‘UIII
2591 5779 2603 5792 .

2069 5802 2376 5881 {Particula
2400 5813 2451 5864 in
2481 5810 2629 5866 deest
2659 5810 2714 5865 in
2744 5804 3005 5873 Excusis.‘
3020 5822 3126 5864 non
3161 5819 3337 5862 autem
3365 5804 3419 5861 in
3443 5802 3568 5862 Mss.
