4004 6350
561 458 650 512 151
1212 400 1215 403 .
1737 437 1980 495 SANCTI
2019 437 2349 493 GREGORII
2389 434 2603 492 MAGNI

3699 421 3800 476 432

455 611 457 614 .
556 566 725 621 bant:
759 561 889 616 Ecce
918 567 1048 613 totus
1080 557 1298 610 mundus
1328 564 1350 592 ο
1377 561 1488 624 post
1513 569 1627 609 eum
1666 553 1789 607 abiit
1829 549 2009 620 (Joan.
2037 565 2129 614 xu,
2159 561 2211 620 Α
2237 566 2378 604 reum
2428 565 2599 616 suum,
2627 545 2801 618 paleas
2827 551 2995 598 autem
3029 537 3282 596 comburet
3316 535 3427 608 igni
3468 533 3799 606 inexstingui-

556 657 666 726 l9).
704 651 1116 723 Conspiciebant
1157 650 1325 720 signa,
1380 647 1672 704 cernebant
1714 659 1810 716 per
1860 642 2134 699 ministros

553 746 674 821 ejus
718 743 998 810 miracula,
1030 750 1196 797 totum
1241 740 1355 812 jam
1395 739 1650 795 mundum
1679 746 1980 792 secuturum
2010 731 2134 787 ﬁdei

447 859 450 862 ν
553 836 967 908 praedicamenta
1023 831 1418 902 praevidebant;
1450 839 1503 885 et
1554 838 1730 883 tamen
1761 840 1870 896 quo
1918 831 2135 878 sanctus

552 924 784 996 Spiritus
839 923 1094 978 mundum
1147 922 1449 991 repleverat
1499 919 1672 991 (Sap.
1705 933 1751 985 ι,
1779 916 1858 985 7),
1905 929 1969 970 eo
2016 913 2137 969 illo-

555 1033 674 1072 rum
725 1026 933 1072 mentes
971 1016 1170 1072 arctius
1226 1014 1440 1069 invidia:
1477 1011 1678 1068 malitia
1729 1008 1946 1080 ligabat.
1981 1005 2134 1074 Aqua

551 1122 678 1176 ergo
708 1108 762 1162 in
794 1107 916 1177 gelu
955 1121 1110 1162 versa
1158 1105 1333 1159 fuerat
1387 1104 1534 1168 dum,
1593 1108 1753 1156 eunte
1801 1105 1922 1166 post
1969 1096 2134 1150 Deum

554 1197 797 1264 mundo,
850 1196 1032 1252 Judaza
1073 1195 1128 1248 in
1177 1193 1375 1248 invidia
1430 1193 1577 1262 pigra
1641 1187 1974 1244 remanebat.
2027 1183 2134 1240 Sed

551 1291 674 1359 quia
721 1304 968 1360 superna:
1019 1288 1268 1358 potestati
1314 1285 1568 1356 suppetiit
1617 1285 1778 1338 etiam
1829 1289 1988 1336 tanta:
2023 1292 2136 1334 cru-

550 1379 788 1435 delitatis
839 1380 1092 1436 duritiam
1149 1379 1358 1433 solvere
1412 1385 1572 1445 atque
1622 1375 1689 1429 ad
1745 1372 2030 1431 amandum
2073 1385 2135 1427 se

550 1470 712 1525 corda
769 1470 1065 1528 infidelium
1115 1471 1340 1539 liquare,
1396 1477 1516 1538 post
1545 1468 1648 1523 hoc
1678 1467 1799 1537 gelu
1829 1480 1953 1520 mox
1996 1463 2135 1520 bene

550 1561 794 1618 subditur
817 1579 830 1615 :

1115 1652 1341 1708 CAPUT
1372 1651 1564 1707 XXIX.

621 1743 750 1798 IBID.
779 1771 849 1784 —-
880 1743 946 1796 Et
972 1759 1176 1798 rursum
1197 1744 1460 1797 latissima:
1484 1743 1773 1814 funduntur
1800 1759 1964 1814 aqum.

621 1833 710 1889 55.
744 1834 1094 1899 Quorumdam
1144 1845 1319 1904 postea
1346 1835 1604 1902 emollita,
1631 1836 1678 1888 et
1716 1836 1769 1889 in
1816 1838 2042 1906 pluviam
2068 1837 2130 1892 li-

2237 642 2324 696 bili
2353 640 2566 713 (Matth.
2586 656 2663 706 ιιι,
2692 636 2927 710 12).Sed
2951 636 3052 692 hoc
3082 633 3404 689 frumentum
3433 643 3712 700 quousque
3736 628 3798 683 ad

2235 731 2614 802 perfectionem
2645 729 2910 785 fructuum
2958 726 3158 794 veniat,
3204 725 3425 781 nubium
3474 721 3683 794 pluvias
3710 736 3803 778 ex-

2235 829 2530 890 spectat‘ut
2556 828 2784 887 crescat,
2827 819 2952 890 quia
2997 817 3262 874 bonorum
3305 830 3458 872 mens
3503 814 3798 884 praedican-

2233 914 2365 971 tium
2396 915 2573 970 verbis
2601 913 2916 979 infunditur,
2959 927 3028 969 ne
3051 911 3119 967 ab
3155 910 3381 967 humore
3408 909 3686 965 charitatis
3715 907 3805 963 de-

2236 1006 2554 1063 sideriorum
2583 1005 2876 1062 carnalium
2906 1002 3019 1059 sole
3049 1002 3299 1058 siccetur.
3327 1000 3440 1056 Hoc
3478 999 3804 1058 frumentum

2235 1112 2496 1169 supernus
2523 1098 2755 1169 agricola
2778 1099 2831 1152 in
2861 1095 3060 1152 mundo
3088 1108 3314 1165 surgere
3347 1107 3410 1149 ac
3449 1091 3623 1148 nubes
3671 1090 3809 1147 desi-

2237 1191 2424 1245 derare
2465 1198 3020 1270 conspexerat,‘cum
3071 1185 3327 1242 dicebat:
3374 1184 3556 1238 Hessis
3609 1183 3810 1252 quidem

2235 1281 2416 1345 multa,
2447 1280 2667 1349 operarii
2700 1288 2866 1333 autem
2896 1277 3068 1347 pauci.
3100 1276 3296 1347 Rogate
3321 1283 3492 1329 autem
3533 1273 3810 1328 Dominum

2234 1373 2430 1438 messis,
2462 1382 2518 1425 ut
2562 1372 2731 1425 mittat
2778 1370 3045 1440 operarios
3082 1371 3136 1421 in
3177 1383 3388 1422 messem
3417 1382 3561 1421 suam
3593 1364 3809 1437 (Matth.

2234 1479 2310 1532 Ix,
2333 1463 2448 1533 57).
2479 1463 2580 1531 Qui
2611 1462 2772 1532 igitur
2820 1461 2911 1516 hic
2957 1461 3307 1527 frumentum,
3336 1457 3447 1513 illic
3486 1456 3704 1523 messis,
3729 1455 3812 1525 qui

2234 1570 2361 1612 vero
2390 1555 2478 1610 hic
2515 1555 2706 1622 nubes,
2733 1554 2844 1608 illic
2871 1551 3101 1623 operarii
3146 1559 3429 1618 vocantur,
3461 1549 3581 1621 quia
3610 1546 3805 1619 praedi-

2234 1657 2447 1704 catores
2476 1647 2650 1704 sancti
2678 1654 2732 1702 et
2762 1645 2931 1701 nubes
2960 1651 3105 1709 sunt,
3145 1651 3201 1698 et
3225 1641 3494 1714 operarii;
3535 1639 3710 1695 nubes
3740 1635 3811 1692 vi-

2233 1727 2429 1796 delicet
2481 1754 2576 1809 per
2627 1738 2946 1803 doctrinam,
2979 1734 3210 1807 operarii
3262 1749 3359 1807 per
3405 1732 3613 1799 vitam;
3646 1730 3812 1787 nubes

2232 1832 2355 1902 quia
2403 1831 2579 1888 verbis
2637 1830 2887 1895 inﬂuunt,
2939 1829 3170 1901 operarii
3227 1828 3349 1899 quia
3409 1842 3514 1884 non
3561 1823 3811 1881 desinunt

550 1933 726 1994 quata.
745 1954 814 1965 —
841 1923 972 1981 Post
994 1927 1114 1996 gelu
1144 1926 1341 1997 quippe
1372 1925 1628 1980 Dominus
1655 1919 1943 1983 latissimas
1964 1943 2129 1999 aquas
2155 1943 2207 2006 Β
2233 1935 2391 1992 agere
2411 1921 2553 1992 quod
2574 1923 2881 1992 loquuntur.
2915 1919 3068 1978 Unde
3093 1927 3149 1976 et
3176 1919 3454 1979 subditur;

550 2016 707 2082 fudit,
738 2018 866 2086 quia
907 2027 1191 2087 postquam
1231 2018 1538 2074 Judaaorum
1565 2018 1823 2073 saivitiam
1854 2035 2022 2090 usque
2061 2020 2128 2075 ad

549 2118 775 2167 mortem
805 2113 1037 2182 pertulit,
1089 2127 1276 2168 eorum
1319 2111 1481 2166 corda
1512 2111 1753 2180 protinus
1793 2113 1860 2166 ab
1887 2111 2120 2168 infideli-

549 2203 671 2257 tatis
702 2201 895 2258 duritia
941 2204 1139 2259 amoris
1189 2204 1271 2258 sui
1318 2203 1647 2272 aspiratione
1703 2204 2005 2275 quuefecit;
2065 2215 2124 2262 ut

550 2300 697 2348 tanto
727 2303 846 2363 poet
875 2293 1280 2349 desiderabilius
1321 2293 1386 2348 ad
1427 2293 1784 2348 obediendum
1826 2283 2127 2365 currerent,

550 2394 747 2452 quanto
775 2387 1052 2455 praeceptis
1073 2385 1218 2441 illius
1253 2384 1398 2455 prius
1427 2384 1751 2440 obstinatius
1779 2387 2126 2444 restitissent.

552 2476 703 2533 Unde
723 2477 860 2532 bene
878 2493 971 2548 per
991 2477 1272 2549 quemdam
1295 2478 1588 2549 sapientem
1620 2479 1840 2534 dicitur:
1860 2480 2010 2535 Sicut
2026 2482 2131 2552 gla-

549 2574 647 2627 cies
661 2573 714 2626 in
740 2589 934 2638 sereno,
952 2573 1025 2628 sic
1045 2573 1356 2628 resolventur
1382 2584 1588 2644 peccata
1604 2583 1688 2628 tua
1701 2573 1892 2646 (Eccli.
1914 2576 2127 2646 1",").

551 2666 631 2722 Ab
667 2668 770 2722 hoc
805 2666 981 2738 frigidi
1023 2667 1252 2738 torporis
1279 2666 1401 2738 gelu
1440 2667 1574 2722 solvi
1607 2667 1875 2738 Propheta
1917 2667 2132 2724 deside-

551 2767 780 2826 raverat,
805 2774 926 2814 cum
948 2758 1160 2816 dicebat
1184 2777 1197 2814 :
1241 2759 1504 2828 Converte,
1531 2759 1767 2828 Domine,
1792 2761 2134 2830 captivitatem

551 2860 796 2919 nostram,
819 2852 952 2908 sicut
973 2862 1170 2908 torrens
1188 2854 1241 2906 in
1263 2853 1450 2908 Austro
1476 2851 1649 2924 (Psal.
1675 2869 1830 2920 cxxv,
1854 2853 2024 2925 4).De
2051 2854 2133 2912 bis

549 2946 722 3016 aquis,
756 2946 809 3002 id
852 2957 936 3004 est
975 2948 1041 3003 ad
1082 2947 1250 3004 Deum
1281 2948 1726 3004 concurrentibus
1763 2949 1991 3019 populis,
2015 2964 2135 3004 rur-

548 3052 665 3093 sum
704 3038 897 3095 dicitur
927 3058 942 3095 :
971 3039 1141 3094 Mittet
1178 3040 1384 3095 verbum
1423 3058 1596 3109 suum,
1624 3050 1672 3096 et
1717 3041 2008 3111 liquefaciet
2049 3057 2127 3110 ea,

549 3124 575 3166 δ
606 3129 751 3198 ﬂabit
775 3130 984 3201 spiritus
1011 3133 1147 3200 ejus,
1180 3139 1226 3185 et
1249 3134 1411 3201 ﬂuent
1437 3147 1583 3202 aqua:
1599 3131 1774 3203 (Psal.
1799 3147 1997 3199 cxnvn,
2017 3133 2130 3204 18).

553 3220 715 3289 Aquae
737 3218 806 3274 de
842 3219 964 3289 gelu
1001 3229 1241 3287 currunt,
1270 3222 1397 3291 quia
1425 3220 1668 3292 plerique
1690 3237 1756 3278 ex
1784 3221 1933 3278 duris
1954 3238 2132 3294 perse-

2785 2012 3010 2070 CAPUT
3051 2011 3245 2068 XXXI.

2303 2103 2453 2174 Imm,
2483 2109 2536 2162 6.
2565 2137 2636 2148 —
2672 2104 2741 2161 Et
2769 2107 2924 2170 nubes
2945 2112 3192 2176 spargunt
3222 2104 3393 2161 lumen
3425 2119 3598 2162 suum.

2303 2199 2392 2256 55.
2441 2199 2622 2255 Nubes
2658 2209 2778 2255 sunt
2817 2201 2982 2256 sancti
3028 2198 3408 2272 praedicatores.
3456 2225 3524 2241 —-
3566 2197 3596 2235 εί
3634 2195 3809 2254 Nubes

2232 2293 2376 2349 enim
2400 2294 2580 2349 lumen
2611 2308 2862 2365 spargere
2878 2301 2958 2350 est
2980 2293 3356 2363 praedicatores
3383 2299 3597 2348 sanctos
3623 2306 3808 2348 exem-

2233 2385 2318 2457 pla
2340 2387 2461 2442 vita:
2484 2397 2538 2440 et
2557 2386 2824 2457 loquendo
2855 2395 2911 2443 et
2940 2386 3144 2457 agendo
3171 2384 3413 2441 dilatare.
3439 2383 3544 2441 Sed
3565 2382 3809 2452 quamvis

2231 2479 2650 2535 annuntiationis
2676 2480 2876 2535 intimas
2899 2479 3076 2534 lumen
3105 2487 3373 2550 spargant,
3403 2492 3508 2532 non
3535 2486 3722 2532 tamen
3743 2475 3808 2529 ad

2231 2574 2586 2630 convertenda
2638 2574 2874 2631 omnium
2903 2589 3023 2644 quae
3078 2579 3334 2643 appetunt
3387 2571 3553 2628 corda
3609 2583 3805 2641 perve-

2232 2667 2406 2724 niunt.
2432 2666 2564 2722 Nam
2592 2667 2838 2739 sequitur
2870 2683 2884 2720 :

2726 2823 2728 2826 ,
2773 2759 2998 2817 CAPUT
3050 2759 3264 2817 XXXII.

2307 2853 2470 2910 Vsus.
2496 2854 2582 2910 I2.
2613 2884 2683 2896 -
2714 2855 2842 2922 Quae
2882 2853 3099 2908 lustrant
3142 2861 3326 2907 cuncta
3354 2868 3441 2924 per
3495 2850 3767 2906 circuitum
3790 2889 3808 2918 ,

2231 2965 2532 3020 quocunque
2552 2965 2636 3003 eas
2661 2948 2894 3003 voluntas
2933 2947 3262 3018 gubernantis
3294 2947 3517 3002 duxerit.

2303 3039 2392 3096 56.
2430 3039 2676 3095 Universa
2734 3039 2975 3107 lustrant,
3010 3036 3118 3092 Deo
3165 3054 3340 3093 eorum
3388 3055 3570 3094 cursus
3631 3039 3805 3110 guber-

2233 3143 2406 3188 nante.
2437 3163 2505 3173 --
2531 3132 2686 3202 Saepe
2712 3131 2853 3188 enim
2897 3130 3277 3200 praedicatores
3320 3131 3490 3187 sancti
3533 3129 3806 3186 exhortari

2232 3225 2488 3296 quosdam
2517 3226 2723 3291 volunt,
2760 3225 2856 3282 sed
2887 3232 3178 3295 nequeunt.
3227 3222 3380 3293 Saepe
3427 3222 3689 3293 quosdam
3719 3219 3808 3278 de-

551 3315 825 3370 cutoribus
880 3317 1059 3388 magni
1090 3316 1472 3388 praedicatores
1510 3320 1666 3374 fiunt.
1699 3319 1835 3376 Gelu
1874 3321 2034 3391 igitur
2073 3320 2128 3378 in
2157 3320 2204 3385 C
2234 3319 2434 3376 clinare
2483 3328 2758 3391 appetunt,
2807 3319 2902 3374 sed
2950 3326 3128 3376 tamen
3178 3316 3401 3371 internae
3454 3313 3810 3385 instigationis

552 3420 687 3475 aqua
727 3406 978 3476 liquatur,
1017 3422 1140 3463 cum
1172 3417 1357 3479 torpor
1383 3410 1581 3466 interni
1611 3409 1824 3482 frigoris
1845 3413 1913 3468 ad
1941 3412 2130 3486 irriga-

552 3498 753 3554 tionem
778 3499 946 3570 879
963 3501 1187 3556 vertitur
1219 3501 1632 3570 praedicationis.
1675 3505 1757 3560 An
1785 3505 1980 3562 Paulus
2011 3507 2130 3578 gelu

549 3604 655 3645 non
687 3599 822 3656 erat,
863 3592 955 3661 qui
985 3593 1221 3664 acceptis
1251 3594 1493 3664 epistolis
1537 3595 1854 3654 Damascum
1905 3613 2130 3669 pergens

549 3683 685 3751 (Act.
712 3699 785 3748 rx,
815 3683 897 3755 2),
928 3685 980 3739 in
1011 3685 1179 3742 corde
1199 3685 1448 3758 fidelium
1490 3669 1641 3759 quasi
1667 3688 1718 3744 in
1760 3698 1905 3746 terra
1929 3690 2131 3760 iactata

551 3773 698 3828 verbi
719 3773 817 3828 Dei
849 3774 1076 3842 semina,
1119 3790 1187 3832 ne
1227 3777 1294 3832 ad
1330 3777 1714 3847 perfectionem
1763 3796 1985 3851 operum
2012 3796 2132 3838 sur-

553 3871 761 3930 gerent,
793 3865 1119 3936 restringere
1139 3868 1449 3936 quaerebat?
1468 3869 1573 3927 Sed
1595 3873 1714 3942 gelu
1745 3872 1846 3928 hoc
1862 3874 1916 3928 in
1937 3888 2128 3944 aquam

552 3955 729 4022 rediit,
753 3957 872 4026 quia
892 3973 1028 4028 quos
1057 3963 1432 4032 persequendo
1461 3964 1610 4034 prius
1630 3979 1878 4036 premere
1907 3965 2126 4032 studuit,

553 4045 649 4102 hos
667 4049 1004 4114 postmodum
1023 4051 1237 4112 ﬂuentis
1259 4063 1460 4111 sancta
1474 4056 1870 4114 exhortationis
1899 4058 2092 4114 infudit
2112 4076 2128 4127 ;

556 4147 612 4190 ut
635 4147 785 4194 tanto
806 4140 1027 4197 uberior
1048 4143 1340 4200 electorum
1363 4149 1556 4204 messis
1577 4160 1908 4222 exsurgeret,
1931 4161 2132 4222 quanto

556 4228 876 4285 hancimber
906 4232 997 4286 Dei
1027 4233 1184 4289 etiam
1213 4236 1280 4291 ab
1316 4251 1410 4294 ore
1446 4242 1804 4308 persecutoris
1845 4243 2117 4312 irrigaret.

556 4317 708 4376 Unde
748 4331 801 4377 et
822 4321 959 4379 bene
985 4324 1233 4382 subditur

766 4410 990 4469 CAPUT
1019 4415 1165 4472 xxx
1188 4417 1330 4490 [γει.
1360 4419 1556 4489 XXII,
1590 4423 1715 4478 Rec.
1737 4422 1917 4496 XIX].

633 4501 791 4557 Vsus.
816 4503 899 4559 Il.
926 4535 996 4546 --
1027 4503 1365 4565 Frumentum
1391 4513 1644 4568 desiderat
1674 4513 1848 4568 nubes.

627 4591 716 4647 54.
746 4591 909 4649 Electi
944 4601 1255 4666 frumentum
1299 4612 1436 4667 sunt,
1466 4605 1548 4658 cui
1598 4603 1752 4660 Verbi
1783 4606 1943 4660 divini
1977 4606 2136 4661 imber

2234 3411 2464 3480 impulsu
2511 3411 2785 3466 exhortari
2814 3423 2908 3466 eos
2955 3407 3342 3464 instantissime
3391 3405 3807 3476 compelluntur.

2232 3501 2521 3559 Videamus
2551 3503 2742 3559 nubem
2779 3501 2873 3558 Dei
2920 3499 3189 3572 quomodo
3232 3500 3582 3571 gubernantis
3626 3513 3806 3566 manu,

2231 3602 2286 3650 et
2309 3594 2376 3650 ad
2401 3609 2463 3650 ea
2489 3610 2607 3664 qua:
2648 3609 2752 3649 non
2777 3591 3000 3664 appetit,
3041 3592 3274 3659 ducitur,
3296 3599 3454 3661 atque
3481 3591 3548 3646 ab
3572 3591 3810 3660 impulsu

2231 3700 2329 3743 suo
2354 3688 2548 3743 iterum
2576 3683 2925 3756 gubernantis
2946 3699 3107 3738 manu
3130 3683 3408 3740 retinetur.
3432 3682 3593 3739 Certe
3620 3681 3812 3739 Paulus

2233 3793 2352 3837 cum
2378 3781 2696 3836 vestimenta
2725 3793 2820 3835 sua
2851 3777 3126 3834 excutiens
3153 3794 3184 3831 a
3213 3776 3504 3832 Corinthiis
3526 3776 3809 3834 discedere

2233 3871 2410 3939 vellet,
2445 3871 2642 3926 audivit
2673 3886 2685 3924 ε
2721 3870 2848 3925 Noli
2899 3861 3090 3935 timere,
3122 3873 3210 3924 sed
3264 3869 3488 3941 loquere,
3545 3878 3596 3922 et
3644 3886 3708 3923 ne
3739 3877 3813 3922 ta-

2232 3981 2346 4020 ceas
2363 4004 2380 4030 ,
2407 3971 2430 4000 θ
2462 3972 2669 4034 propter
2693 3963 2831 4032 quod
2857 3977 2949 4030 ego
2969 3971 3134 4018 tecum
3156 3977 3302 4028 sum,
3329 3970 3376 4015 et
3403 3977 3549 4016 nemo
3572 3976 3812 4032 .Oppone-

2235 4066 2317 4110 tur
2345 4055 2435 4110 tibi
2459 4064 2512 4109 ut
2543 4062 2719 4110 noceat
2749 4063 2817 4123 te,
2848 4055 3089 4124 quoniam
3117 4051 3312 4107 multus
3341 4061 3413 4107 est
3437 4051 3566 4106 mihi
3591 4053 3815 4123 populus

2234 4148 2289 4202 in
2318 4149 2412 4202 hac
2439 4148 2634 4202 civitate
2674 4147 2814 4219 (Act.
2837 4161 3000 4212 xvm,
3029 4145 3108 4217 9).
3141 4145 3372 4200 Rursum
3400 4158 3520 4200 cum
3551 4144 3620 4199 ad
3650 4143 3814 4198 Thes-

2235 4239 2596 4295 salonicenses
2621 4237 2877 4292 voluisset
2899 4237 3000 4306 ire,
3027 4243 3268 4292 retentus
3294 4235 3627 4301 est,dicens:
3654 4233 3673 4272 ί
3713 4233 3814 4287 Vo-

2237 4335 2313 4388 lui
2341 4333 2509 4387 υεηίνέ
2536 4332 2605 4386 ad
2632 4348 2717 4387 vos
2754 4347 2846 4402 ego
2885 4331 3091 4401 quidem
3119 4327 3354 4395 Paulus,
3392 4339 3439 4382 et
3465 4329 3623 4383 semel
3653 4337 3701 4382 et
3731 4328 3816 4381 ite-

2235 4443 2374 4494 rum,
2405 4426 2494 4481 sed
2519 4424 2776 4496 impedivit
2805 4439 2883 4478 me
2926 4421 3149 4478 Satanas
3187 4419 3240 4491 (I
3271 4420 3449 4475 Thess.
3477 4434 3536 4485 ll,
3569 4417 3686 4490 18).
3713 4418 3816 4475 Ne-

2237 4534 2342 4588 que
2390 4516 2532 4573 enim
2584 4529 2681 4587 per
2724 4514 3071 4584 semetipsum
3126 4513 3290 4570 Satan
3335 4511 3634 4583 praepedire
3690 4512 3818 4566 tanti

2243 4609 2472 4679 apostoli
2516 4608 2630 4663 vias
2659 4607 2851 4677 potuit,
2884 4606 2977 4663 sed
3008 4605 3233 4662 occultae
3263 4604 3685 4675 dispensationis
3717 4604 3818 4659 usi-

559 4684 889 4740 neeessarius.
920 4716 988 4727 —
1017 4689 1155 4756 Quid
1204 4693 1348 4747 enim
1391 4694 1546 4750 electi
1593 4696 1791 4766 quique
1836 4707 1993 4761 sunt,
2037 4698 2137 4754 nisi
2162 4701 2364 4769 Dbus,
2393 4702 2560 4773 880
2597 4701 2721 4756 dum
2763 4699 3096 4765 adversatur,
3131 4697 3378 4754 nesciens
3416 4696 3742 4761 deservivit;
3769 4703 3820 4750 ut

565 4777 832 4832 frumenta
863 4777 958 4834 Dei
1001 4782 1310 4840 cmlestibus
1357 4785 1566 4843 horreis
1604 4789 1980 4846 recondenda?
2007 4790 2138 4859 Quae

569 4863 712 4920 nunc
741 4868 792 4921 in
826 4870 1016 4926 tritura
1055 4889 1194 4929 area:
1221 4877 1398 4944 paleas
1446 4877 1713 4947 tolerant,
1750 4873 1886 4949 ‘quia
1936 4883 1990 4936 in
2038 4882 2139 4939 hac

567 4960 882 5028 purgatione
905 4975 1100 5020 sanctae
1133 4965 1384 5024 Ecclesia:
1424 4985 1602 5028 mores
1630 4974 1927 5028 contrarios
1950 4989 2136 5044 repro-

563 5049 752 5102 borum
798 5061 1028 5121 portant,
1071 5066 1093 5095 ο
1125 5073 1404 5129 quousque
1451 5061 1565 5117 haec
1616 5064 1857 5119 internus
1904 5067 2135 5136 agricola

560 5142 858 5199 ventilabro
880 5144 1067 5214 judicii
1093 5148 1328 5217 dirimat,
1362 5162 1416 5207 et
1465 5154 1517 5207 in
1565 5169 1794 5225 superna
1833 5155 2131 5214 habitacula

559 5233 762 5290 electos
787 5251 934 5302 suos,
951 5241 1102 5307 quasi
1119 5243 1317 5296 munda
1339 5242 1444 5312 iam
1461 5259 1628 5313 grana
1646 5247 1964 5316 suscipiens,
1989 5257 2137 5306 aeter-

561 5324 643 5378 nis
674 5326 853 5392 paleas
885 5327 1094 5396 ignibus
1125 5331 1318 5386 tradat.
1376 5331 1524 5387 Unde
1559 5334 1695 5390 bene
1742 5351 1839 5406 per
1875 5338 2134 5397 Joannem

559 5412 791 5469 dicitur:
831 5417 994 5490 Cujus
1027 5422 1361 5476 ventilabrum
1386 5423 1440 5476 in
1469 5440 1626 5479 manu
1653 5442 1782 5494 sua,
1814 5438 1862 5484 et
1897 5446 2136 5498 permun-

558 5503 698 5558 dabit
739 5522 912 5562 aream
968 5529 1143 5579 suam,
1187 5523 1234 5569 et
1277 5517 1601 5586 congregabit
1647 5519 1868 5574 triticum
1903 5522 1969 5586 ‘in
2013 5523 2136 5577 hor-

631 5621 658 5698 :
687 5613 914 5698 “Pratelu
934 5620 1071 5698 U_t_ic.
1114 5632 1166 5680 et
1194 5625 1359 5696 plur.,
1387 5635 1500 5698 post
1522 5642 1636 5681 eum
1662 5630 1821 5684 vadit.

629 5680 659 5765 ἓ
687 5680 1120 5765 iidem-Win27».
1143 5680 1308 5765 [ιᾶυίιο

635 5753 876 5838 :{iilotn
904 5753 1417 5838 Vati_c.,'Gus_sanv.,
1459 5785 1719 5838 quousque
1738 5771 1890 5837 hanc,
1922 5785 1996 5826 sc.
2028 5774 2131 5828 Ec-

563 5817 800 5908 clesiam.
829 5817 1162 5908 xetustiores
1218 5817 1417 5908 Editg,’
1440 5817 2124 5908 56s}:'Hgsl',"'3}£s'ériiﬁl

567 5887 796 5952 Turou..
829 5894 1078 5953 Vindocu
1110 5887 1808 5976 l’ratel.,UtiEi,vq—uovu;g-ue

2247 4797 2495 4853 nimirum
2527 4795 2723 4850 Paulus
2753 4794 2882 4850 dum
2911 4794 2976 4850 ad
3022 4794 3156 4850 alios
3185 4793 3348 4850 vellet
3393 4793 3677 4857 accedere,
3727 4807 3822 4849 nec

2241 4886 2468 4949 valeret,
2497 4885 2574 4941 eis
2613 4900 2642 4938 a
2687 4883 2878 4955 quibus
2931 4882 3183 4941 recedere
3231 4898 3338 4940 non
3384 4892 3597 4956 poterat
3649 4883 3820 4954 aptius

2243 4974 2546 5044 prodesset.
2580 4973 2755 5029 Nubes
2803 4972 2965 5040 igitur
3003 4973 3099 5029 Dei
3153 4983 3344 5031 cuncta
3399 4989 3495 5043 per
3537 4975 3820 5029 circuitum

2243 5065 2490 5132 lustrant,
2521 5063 2643 5133 quia
2684 5061 3080 5132 prtedicationis
3135 5063 3255 5120 luce
3307 5063 3491 5119 mundi
3525 5064 3663 5121 ﬁnes
3692 5064 3819 5120 illu-

2243 5155 2469 5211 minant.
2501 5155 2604 5212 Sed
2635 5154 2759 5224 quia
2807 5153 2999 5210 divinis
3028 5156 3245 5212 nutibus
3290 5156 3517 5213 subditae
3548 5166 3816 5229 nequeunt

2239 5249 2459 5316 explere
2488 5247 2631 5316 quod
2658 5244 2862 5310 volunt,
2892 5245 2969 5302 ire
2998 5261 3103 5302 non
3148 5257 3393 5316 possunt,
3443 5247 3547 5302 nisi
3576 5262 3685 5318 quo
3732 5261 3815 5302 eas

2239 5339 2486 5394 voluntas
2504 5336 2852 5408 gubernantis
2866 5336 3104 5397 duxerit.
3132 5337 3286 5395 Unde
3312 5347 3366 5395 et
3389 5337 3569 5397 adhuc
3593 5339 3812 5409 subivn-

2239 5431 2383 5504 gitur
2408 5450 2422 5487 :

2244 5645 2359 5687 rum
2383 5631 2669 5688 frumenta.

2315 5700 2340 5739 ά
2375 5701 2575 5776 Eadem
2601 5702 2716 5757 fere
2743 5701 2986 5776 leguntur
3016 5702 3174 5776 intra,
3205 5704 3274 5776 ad
3286 5718 3554 5776 _versum,
3586 5701 3810 5776 nunquid

2238 5775 2335 5828 scis
2363 5773 2572 5844 quando
2601 5776 2894 5844 praeceperit
2925 5773 3062 5828 Deus
3088 5775 3224 5842 pluv.
3258 5774 3414 5831 Num.
3445 5776 3538 5832 60.

2309 5854 2335 5882 ο
2363 5844 2583 5912 Pratel.,
2610 5844 2848 5912 quoniam
2869 5855 3030 5898 tecum
3051 5859 3183 5900 sum.

2312 5914 2330 5952 ι
2367 5911 2838 5978 νὶηάοοηΡτειθΙ.
2865 5924 2917 5972 et
2945 5915 3032 5972 alii
3055 5915 3329 5987 Norman.,
3360 5920 3634 5974 voluimus.
