4036 6348
264 411 354 470 ιῦδ

792 519 1021 580 CAPUT
1068 522 1306 580 XXXIII.

321 617 448 674 Isto.
477 645 547 661 -—
571 613 654 672 Ad
679 630 827 670 omne
852 614 990 687 quod
1024 617 1322 686 praeceperit
1349 617 1422 670 eis
1457 631 1610 686 super
1647 615 1830 686 faciem

255 709 390 765 orbis
410 718 580 764 terrae.

322 803 412 859 57.
448 801 517 856 Et
547 803 773 858 internas
828 811 995 858 motus
1039 803 1353 858 moderante.
1390 831 1459 846 -
1489 803 1642 873 Sape
1690 803 1832 858 enim

251 911 370 953 cum
399 895 751 967 gubernantis
776 896 1048 953 voluntate
1076 898 1462 967 perducuntur;
1489 896 1644 953 aliter
1675 911 1834 968 agere

255 998 529 1061 appetunt,
570 990 665 1046 sed
695 990 852 1046 aliter
909 991 1286 1062 disponuntur.
1339 991 1470 1048 Nam
1523 993 1834 1064 plerumque

250 1083 509 1153 quosdam
539 1082 812 1139 auditores
835 1099 964 1139 suos
995 1084 1216 1142 student
1246 1085 1440 1141 blande
1469 1085 1758 1155 corrigere,
1779 1093 1834 1140 et

249 1183 427 1230 tamen
453 1189 640 1230 eorum
671 1190 846 1231 sermo
874 1177 927 1231 in
957 1178 1302 1247 asperitatem
1331 1177 1564 1233 ducitur.
1591 1175 1834 1232 Plerum-

247 1282 354 1338 que
391 1268 652 1338 quosdam
703 1283 955 1326 resecare
985 1285 1175 1340 aspere
1203 1278 1484 1340 appetunt,
1529 1270 1622 1325 sed
1655 1279 1831 1324 tamen

245 1373 435 1414 eorum
471 1369 498 1397 ι
526 1360 675 1430 vigor
701 1375 799 1430 per
850 1362 1272 1417 mansuetudinis
1318 1361 1565 1431 spiritum
1599 1359 1834 1416 refrena-

246 1463 356 1509 tur.
385 1454 537 1510 Sicut
556 1468 685 1524 ergo
724 1469 828 1510 non
857 1465 1078 1526 possunt
1109 1457 1187 1524 ire
1214 1469 1321 1525 quo
1341 1455 1547 1523 volunt,
1571 1455 1643 1510 ita
1671 1454 1831 1510 etiam

243 1553 522 1614 nequeunt
551 1559 711 1613 agere
741 1544 882 1600 sicut
924 1546 1132 1602 volunt.
1165 1546 1298 1613 Quia
1331 1545 1472 1600 enim
1522 1561 1620 1601 eos
1670 1546 1834 1600 inter-

241 1651 349 1693 uus
371 1636 571 1693 arbiter
610 1646 758 1694 tenet
784 1653 905 1693 cum
937 1639 1117 1704 mittit,
1147 1641 1219 1694 ita
1253 1639 1372 1695 illos
1414 1639 1576 1695 etiam
1623 1639 1832 1695 modiﬁ-

241 1742 376 1783 cans
405 1729 631 1798 suscipit
657 1744 778 1784 cum
808 1731 1076 1800 perducit,
1111 1741 1168 1788 ut
1213 1733 1502 1801 aliquando
1533 1734 1585 1788 in
1624 1733 1830 1804 cogita-

244 1819 396 1874 tione
415 1819 520 1874 alia
543 1821 853 1890 disponant,
877 1823 971 1878 sed
1000 1823 1105 1878 alia
1134 1824 1184 1878 in
1209 1839 1372 1894 opere
1399 1835 1686 1896 peragant;
1730 1825 1832 1880 ali-

1005 406 1367 467 MORALIUH
1406 406 1539 467 LIB.
1576 407 1794 466 XXVII.
1828 438 1897 451 -
1939 407 2001 464 IN
2041 407 2268 466 CAPUT
2308 407 2550 466 XXXVII
2592 409 2649 464 Β.
2681 407 2822 467 JOB.

3419 413 3525 470 ΔΜ

1856 530 1908 589 Α
1935 526 2184 597 gentibus
2204 526 2454 581 virtutum
2479 526 2736 583 miracula
2766 527 3020 595 ostendit,
3050 536 3109 584 ut
3149 528 3266 586 sola
3306 529 3518 587 miseri-

1936 617 2118 671 cordia
2149 630 2177 670 a
2201 616 2331 685 iugo
2359 619 2558 672 erroris
2587 619 2914 688 absolveret,
2949 634 3082 688 quos
3116 621 3366 690 ingenitae
3398 637 3523 690 per-

1935 710 2078 767 ﬁdite
2114 712 2194 766 ira
2216 710 2566 780 deprimebat.
2598 713 2741 786 [Vet.
2773 714 3026 788 ΧΧΙΙΙ.]
3079 717 3182 774 Sed
3205 719 3366 790 881
3396 733 3526 776 ecce

1939 803 2081 872 Elin,
2111 804 2234 872 quia
2267 805 2438 860 futura
2473 822 2566 876 per
2599 809 2966 878 propheticum
3020 811 3273 881 spiritum
3324 812 3522 879 sensit,

1936 896 2054 966 quia
2082 897 2244 952 multa
2267 899 2574 954 sublimiter
2600 901 2840 970 protulit,
2870 902 2952 958 vir
2991 917 3252 974 arrogans
3277 904 3524 961 elationis

1935 1003 2046 1045 sua;
2093 991 2332 1060 pondere
2372 991 2601 1048 lassatus
2632 1009 2739 1048 non
2784 995 2928 1051 valet
2975 1005 3188 1065 portare
3217 1011 3337 1068 qua:
3367 997 3520 1053 dicit.

1934 1083 2066 1139 Nam
2099 1099 2195 1155 per
2220 1085 2536 1155 iactantiam
2563 1088 2805 1156 protinus
2831 1088 3071 1158 adiungit
3105 1108 3116 1145 :

2488 1180 2714 1236 CAPUT
2753 1181 2971 1238 XXXV.

2009 1270 2171 1328 Vens.
2206 1271 2294 1328 14.
2353 1302 2418 1312 --
2443 1273 2690 1328 Ausculta
2714 1274 2845 1342 hinc,
2870 1272 3006 1341 Job;
3059 1283 3158 1344 sta,
3191 1284 3237 1332 et
3257 1276 3526 1332 considera

1911 1337 2185 1420 .miracula
2217 1365 2332 1420 Dei.

2007 1455 2092 1509 59.
2129 1455 2267 1522 Quid
2285 1457 2350 1512 sit
2373 1456 2470 1512 Dei
2502 1459 2753 1514 miracula
2769 1460 2972 1527 stando,
2996 1462 3119 1531 quid
3141 1463 3365 1530 iacendo
3394 1480 3522 1519 con-

1933 1546 2182 1602 siderare.
2237 1548 2495 1616 —Quasi
2553 1550 2606 1605 in
2645 1552 3048 1620 comparatione
3118 1554 3200 1608 sui
3253 1553 3523 1623 iacentem

1935 1640 2084 1707 vidit,
2116 1656 2273 1711 quem
2304 1642 2371 1698 ad
2424 1643 2585 1698 verba
2621 1653 2781 1700 tantae
2813 1646 3206 1714 przedicationis
3255 1655 3313 1702 ut
3359 1655 3528 1704 staret

1935 1731 2231 1788 admonuit.
2276 1733 2532 1802 Quamvis
2560 1745 2613 1791 et
2645 1751 2742 1805 per
2782 1737 2885 1791 hoc
2913 1737 3053 1806 quod
3083 1737 3213 1793 dicit
3247 1739 3525 1810 Ausculta,

1935 1836 2148 1892 gravem
2179 1824 2334 1880 beato
2364 1825 2464 1880 Job
2513 1828 2892 1884 contumeliam
2937 1828 3142 1900 irrogat
3162 1871 3177 1896 ,
3211 1830 3358 1900 quia,
3390 1831 3528 1888 sicut

246 1911 472 1980 quando
494 1913 654 1969 aliter
674 1913 948 1980 inchoent,
974 1916 1067 1970 sed
1096 1916 1252 1972 aliter
1277 1926 1669 1975 consumment.
1698 1917 1833 1986 Quia

1940 1911 2044 1984 iam
2075 1915 2143 1970 de
2188 1915 2281 1971 illo
2308 1926 2362 1973 et
2411 1918 2656 1987 superius
2703 1919 2934 1975 diximus
2964 1919 3112 1992 (Lib.
3141 1938 3246 1988 xu,
3274 1939 3328 1977 n.
3363 1922 3451 1989 38,
3477 1931 3529 1980 et

247 2001 409 2071 igitur
433 2001 581 2072 iuxta
615 2005 716 2060 hoc
736 2005 879 2076 quod
909 2005 1013 2062 sibi
1045 2007 1350 2076 praecipitur
1379 2007 1655 2079 serviunt,
1694 2007 1835 2064 dica-

249 2103 337 2149 tur
365 2104 511 2152 recte
544 2113 557 2150 :
593 2096 910 2168 Quocunque
935 2115 1019 2153 eas
1045 2101 1281 2155 voluntas
1307 2101 1632 2172 gubernantis
1673 2101 1836 2157 duxe-

249 2186 338 2253 rit,
368 2188 435 2240 ad
471 2203 620 2243 omne
654 2191 788 2259 quod
826 2191 1123 2265 praeceperit
1162 2192 1268 2246 illis
1307 2209 1459 2261 super
1479 2193 1662 2264 faciem
1699 2193 1837 2249 orbis

253 2289 422 2337 terra.
456 2283 529 2338 Eo
557 2283 700 2338 enim
725 2284 1047 2355 apertiorem
1090 2285 1225 2340 viam
1258 2285 1654 2354 praedicationis
1686 2286 1836 2342 inve-

263 2378 433 2442 niunt,
465 2392 571 2446 quo
607 2376 674 2432 ad
729 2376 872 2432 hanc
903 2393 1007 2433 non
1057 2378 1190 2446 suis,
1225 2378 1320 2434 sed
1367 2379 1714 2450 praeceptoris
1755 2380 1836 2437 sui

255 2467 470 2523 nutibus
497 2469 785 2525 ducuntur.
820 2468 973 2526 Unde
995 2470 1171 2526 adhuc
1201 2471 1451 2526 subditur
1482 2489 1498 2526 :

603 2563 832 2646 pAPU'I‘
872 2564 1089 2622 XXXIV
1139 2565 1289 2639 [Rec.
1318 2565 1469 2638 XX].

329 2656 489 2713 Vens.
514 2656 603 2711 15.
627 2690 694 2699 -
715 2658 834 2715 Sive
855 2661 908 2714 in
931 2677 1033 2714 una
1054 2661 1211 2729 tribu,
1235 2661 1337 2716 sive
1357 2663 1410 2716 in
1445 2670 1580 2716 terra
1599 2679 1712 2727 sua,
1735 2663 1839 2718 sive

257 2749 306 2803 in
326 2765 627 2820 quocunque
666 2751 777 2807 loco
810 2753 1171 2809 misericordia:
1211 2769 1318 2810 sua
1342 2769 1428 2809 eas
1457 2756 1672 2826 jusserit
1701 2756 1838 2811 inve-

260 2857 381 2896 nm.

327 2929 417 2987 58.
451 2931 575 2988 Non
609 2932 807 2989 Iudicis
839 2944 1066 3002 tantum,
1096 2936 1188 2992 sed
1213 2939 1368 2992 etiam
1405 2939 1676 3011 gentilibus
1714 2955 1838 2993 con-

258 3040 395 3080 cessa
443 3023 704 3098 Evangelii
742 3030 1059 3099 praedicatio.
1094 3059 1164 3071 —
1194 3028 1307 3086 Una
1357 3032 1526 3087 tribus
1582 3032 1826 3102 profecto

259 3113 388 3172 Juda
427 3117 756 3189 intelligitur,
807 3135 927 3189 qua:
973 3120 1024 3174 in
1072 3120 1347 3191 Scriptura
1392 3137 1543 3179 sacra
1593 3126 1735 3181 clara
1767 3141 1830 3182 ac

261 3212 527 3282 multiplex
556 3227 666 3284 prae
694 3217 904 3271 caeteris
933 3226 1278 3273 memoratur.
1311 3219 1439 3286 Quae
1471 3219 1522 3275 in
1558 3227 1659 3276 hoc
1687 3222 1830 3292 quod

1936 2021 2074 2075 sape
2096 2005 2393 2078 deinceps),
2425 2012 2726 2082 arrogantia
2771 2013 2994 2069 minoris
3016 2022 3100 2069 est
3137 2015 3376 2070 auditum
3421 2015 3524 2072 sibi

1938 2097 2077 2152 velle
2121 2106 2440 2169 extorquere
2469 2101 2709 2170 maioris.
2758 2103 2862 2160 Sed
2893 2105 3018 2160 licet
3048 2105 3167 2161 Eliu
3206 2106 3344 2161 bona
3400 2121 3523 2177 qua:

1939 2189 2067 2246 dicit
2097 2193 2302 2247 nesciat
2332 2208 2557 2263 pensare
2580 2197 2665 2250 cui
2697 2196 2875 2263 dicat,
2904 2213 3004 2253 nos
3034 2199 3123 2269 qui
3175 2198 3379 2254 erudiri
3415 2197 3433 2236 τ
3460 2200 3526 2254 ah

1939 2281 2188 2338 omnibus
2239 2287 2552 2352 quaerimus,
2603 2286 2858 2357 indagare
2906 2289 3067 2344 verba
3099 2290 3358 2344 doctrinae
3388 2289 3524 2345 illius

1938 2374 2204 2429 subtiliter
2232 2375 2506 2431 debemus.
2537 2377 2667 2432 Nam
2697 2394 2884 2448 magna
2910 2379 3150 2436 fortassis
3171 2381 3384 2436 virtutis
3410 2390 3526 2437 arte

1939 2465 2132 2522 dicitur
2162 2482 2180 2521 :
2211 2467 2329 2532 Sta,
2360 2479 2408 2522 et
2453 2470 2723 2524 considera
2773 2472 3022 2526 miracula
3053 2472 3167 2527 Dei.
3212 2473 3346 2529 Sunt
3389 2487 3526 2529 non-

1940 2561 2070 2616 nulli
2097 2561 2292 2631 quippe
2322 2561 2411 2632 qui
2455 2563 2544 2618 Dei
2576 2564 2834 2619 miracula
2856 2565 3096 2633 iacentes
3135 2567 3478 2622 considerant
3501 2609 3519 2634 ,

1939 2653 2061 2722 quia
2078 2654 2406 2722 operationis
2431 2655 2548 2723 eius
2581 2656 2873 2724 potentiam
2905 2671 3009 2711 non
3041 2669 3328 2726 sequentes
3355 2659 3526 2715 admi-

1939 2753 2145 2799 rantur.
2189 2744 2343 2801 Stare
2371 2747 2568 2816 quippe
2597 2755 2682 2802 est
2710 2756 2856 2802 recte
2910 2763 3092 2818 agere.
3140 2746 3292 2804 Unde
3337 2757 3393 2804 et
3433 2763 3526 2819 per

1941 2837 2164 2893 Paulqu
2187 2838 2384 2894 dicitur
2414 2855 2428 2892 :
2462 2840 2564 2905 Qui
2579 2855 2633 2894 se
2657 2839 2915 2894 existimat
2936 2851 3093 2906 stare,
3119 2840 3286 2894 videat
3300 2857 3362 2895 ne
3377 2840 3526 2894 cadat

1941 2927 1996 3000 (ι
2030 2931 2150 2985 Cor.
2182 2945 2234 2995 x,
2266 2929 2377 3000 12).
2423 2928 2489 2984 Et
2511 2945 2655 3000 saepe
2683 2931 2898 3001 quidem
2930 2945 3164 3001 superna
3199 2929 3397 2999 iudicia
3427 2931 3524 2984 mi-

1941 3032 2146 3090 rantur,
2195 3023 2601 3093 prtedicamenta
2628 3014 2864 3080 caelestis
2909 3024 3093 3093 patriae
3136 3038 3257 3077 cum
3303 3021 3525 3077 audiunt

1942 3116 2187 3188 diligunt,
2218 3119 2351 3172 mira
2381 3131 2545 3188 opera
2593 3118 2820 3174 internae
2861 3117 3227 3187 dispositionis
3270 3116 3525 3186 obstupe-

1944 3221 2121 3280 scunt,
2151 3210 2245 3266 sed
2291 3217 2466 3266 tamen
2507 3211 2739 3266 amando
2760 3221 2815 3266 et
2845 3210 3070 3266 vivendo
3098 3209 3162 3264 ad
3197 3211 3310 3265 haec
3338 3209 3526 3266 eadem

259 3320 321 3362 ex
359 3319 418 3361 se
445 3303 821 3377 Redemptoris
849 3309 1018 3362 nostri
1056 3323 1273 3364 carnem
1324 3312 1562 3379 protulit,
1592 3315 1833 3381 speciale

1943 3317 2105 3372 opera
2137 3317 2420 3372 assurgere
2466 3305 2760 3373 negligunt.
2785 3303 3034 3360 Jacentes
3063 3317 3190 3372 ergo
3231 3303 3324 3357 Dei
3367 3304 3524 3358 mira-

259 3412 366 3471 pra:
387 3399 634 3455 omnibus
658 3414 851 3454 munus
881 3399 1107 3470 accepit.
1131 3401 1295 3457 Terra
1319 3411 1496 3458 autem
1547 3403 1638 3458 Dei
1673 3405 1833 3460 simul

257 3492 430 3548 omnis
457 3491 642 3548 Iudaea
665 3493 989 3559 nominatur,
1021 3493 1146 3563 quia
1173 3507 1292 3563 quae
1321 3503 1445 3549 tunc
1475 3496 1523 3549 ei
1556 3495 1676 3551 ﬁdei
1720 3512 1833 3552 Siue
1862 3533 1874 3538 -

257 3585 482 3640 fructum
527 3584 767 3654 protulit,
797 3599 916 3639 cum
949 3593 1091 3640 totus
1120 3586 1219 3640 sub
1247 3584 1512 3640 idolorum
1559 3587 1707 3642 cultu
1737 3589 1834 3645 de-

256 3676 415 3745 lapsis
441 3674 684 3746 gentibus
728 3676 956 3732 mundus
986 3677 1210 3732 erravit.
1264 3675 1436 3732 Locus
1475 3688 1650 3733 autem
1683 3679 1838 3734 mise-

256 3768 498 3823 ricordia:
523 3768 613 3822 Dei
645 3778 725 3823 est
757 3769 866 3838 ipsa
899 3768 1189 3838 gentilitas,
1219 3767 1374 3838 cuius
1401 3771 1586 3838 culpas
1619 3770 1832 3825 distric-

255 3871 337 3915 tus
378 3860 542 3931 iudex
590 3860 635 3917 si
679 3860 824 3932 iuste
869 3861 1340 3924 animadverteret.
1389 3863 1455 3918 ad
1519 3862 1832 3919 reconcilia-

254 3953 448 4007 tionem
479 3954 662 4023 gratia:
703 3968 972 4022 nunquam
1015 3951 1244 4010 veniret.
1277 3951 1306 3992 δ
1347 3954 1476 4021 Qua:
1507 3969 1628 4010 cum
1680 3955 1827 4010 nulla

253 4046 391 4116 apud
437 4045 601 4100 Deum
651 4046 838 4102 merita
889 4045 1098 4116 habuit,
1148 4046 1602 4102 reconciliationis
1650 4055 1826 4102 tamen

253 4138 474 4208 gratiam
507 4152 570 4192 ex
599 4138 710 4192 sola
733 4136 1102 4194 misericordia
1132 4138 1362 4207 accepit.
1388 4136 1538 4193 Unde
1566 4138 1702 4193 bene
1735 4152 1833 4206 per

251 4230 471 4286 Paulum
499 4230 697 4285 dicitur
729 4248 743 4287 :
781 4229 964 4285 Gentes
996 4241 1163 4286 autem
1192 4249 1344 4304 super
1365 4232 1716 4288 misericordia
1739 4234 1833 4287 Ito-

252 4337 435 4379 norare
455 4322 619 4378 Deum
641 4322 817 4393 (Rom.
845 4339 933 4388 xv,
961 4324 1043 4394 9).
1059 4325 1212 4380 Unde
1229 4340 1414 4382 rursus
1441 4325 1695 4394 scriptum
1713 4334 1796 4381 est
1816 4344 1829 4380 :

223 4433 234 4442 ί
252 4424 277 4454 ε
295 4414 397 4479 Qui
409 4416 668 4485 quondam
685 4430 786 4470 non
804 4418 1058 4472 consecuti
1075 4419 1494 4486 misericordiam,
1509 4435 1644 4474 nunc
1666 4429 1833 4474 autem

248 4507 655 4562 misericordiam
684 4509 938 4563 consecuti
985 4508 1046 4578 (Ι
1080 4509 1195 4564 Pet.
1230 4526 1289 4577 tt,
1339 4512 1449 4580 ID).
1487 4511 1666 4569 Nubes
1707 4527 1834 4583 ergo

1939 3396 2054 3450 cula
2083 3396 2446 3463 considerant,
2470 3396 2562 3468 qui
2583 3395 2697 3466 eius
2720 3396 3010 3465 potentiam
3037 3393 3258 3450 sciendo
3279 3403 3524 3463 pensant,

1937 3489 2029 3544 sed
2062 3489 2287 3544 vivendo
2319 3503 2425 3544 non
2450 3498 2649 3543 amant.
2701 3489 2802 3543 Per
2831 3488 3335 3556 contemplationem
3383 3487 3510 3553 qui-

1937 3583 2056 3638 dem
2086 3584 2140 3638 in
2190 3583 2620 3639 consideratione
2650 3583 2836 3638 oculos
2883 3582 3144 3648 tendunt,
3194 3580 3289 3636 sed
3340 3590 3520 3635 tamen

1939 3692 2032 3748 per
2065 3678 2413 3732 intentionem
2445 3691 2563 3732 sese
2593 3692 2622 3731 a
2651 3686 2793 3731 terra
2820 3692 2924 3731 non
2950 3676 3179 3744 erigunt.
3206 3673 3358 3730 Unde
3389 3675 3526 3729 bene

1941 3767 1994 3822 in
2016 3768 2228 3822 Balaam
2253 3768 2722 3839 exprobrationem
2739 3769 2933 3824 dicitur
2956 3784 2969 3821 :
2998 3767 3099 3835 Qui
3116 3766 3305 3820 cadens
3322 3773 3525 3834 apertos

1943 3862 2093 3916 habet
2121 3864 2296 3918 oculos
2331 3861 2518 3933 (Num.
2547 3877 2677 3927 xxu,
2711 3861 2825 3931 16).
2856 3861 3014 3915 Multa
3045 3872 3274 3929 namque
3320 3857 3386 3912 de
3426 3855 3520 3910 ad-

1941 3964 2102 4011 ventu
2126 3955 2500 4026 Redemptoris
2522 3955 2749 4020 dixerat,
2776 3966 2828 4010 et
2858 3969 2977 4025 qua:
2998 3954 3051 4008 in
3069 3951 3374 4008 novissimis
3393 3960 3525 4005 tem-

1946 4050 2169 4119 poribus
2195 4061 2350 4106 erant
2384 4059 2606 4106 ventura
2638 4049 2985 4120 przcvidehat,
3014 4049 3108 4104 sed
3156 4057 3330 4103 tamen
3359 4051 3405 4102 ei
3442 4047 3525 4102 vi-

1941 4141 2114 4196 vendo
2155 4157 2436 4212 assurgere
2452 4143 2640 4206 noluit,
2659 4158 2814 4212 quem
2829 4141 3176 4212 praevidendo
3191 4139 3522 4210 prartlicavit.

1935 4233 2130 4290 Jacens
2149 4250 2275 4305 ergo
2296 4245 2508 4304 apertos
2530 4236 2715 4292 oculos
2734 4235 2942 4302 habuit,
2959 4249 3079 4289 cum
3096 4234 3213 4304 eius
3227 4241 3458 4290 mentem
3473 4240 3526 4288 et

1940 4327 2220 4398 prephetia
2267 4329 2331 4382 ad
2372 4327 2608 4384 cmlestia
2657 4329 2918 4395 tenderet,
2965 4334 3019 4381 et
3047 4325 3266 4380 avaritia
3291 4325 3344 4379 in
3385 4332 3526 4378 terra

1939 4421 2218 4477 retineret.
2252 4420 2449 4476 Jacens
2474 4430 2686 4490 apertos
2709 4424 2894 4474 oculos
2923 4419 3126 4487 habuit,
3153 4417 3275 4486 quia
3303 4431 3426 4471 emn
3446 4415 3526 4469 vi-

1938 4512 2067 4568 dere
2097 4513 2163 4568 de
2187 4515 2556 4582 superioribus
2607 4513 2806 4582 potuit,
2839 4526 2996 4582 quem
3028 4519 3323 4580 prostratus
3353 4512 3404 4563 iu
3447 4509 3527 4564 in-

250 4613 380 4654 suas
406 4598 545 4653 Deus
576 4598 743 4667 ducit,
767 4600 880 4656 sive
909 4600 962 4656 in
995 4615 1098 4655 una
1128 4602 1293 4670 tribu,
1317 4602 1432 4656 sive
1461 4603 1513 4658 in
1548 4613 1687 4658 terra
1712 4620 1831 4671 sua,
1867 4659 1902 4672 _.
1940 4605 2078 4658 limis
2119 4618 2222 4658 non
2265 4605 2481 4658 amavit.
2535 4604 2654 4658 Eliu
2686 4603 2890 4672 itaque,
2916 4602 3004 4671 qui
3037 4603 3250 4656 beatum
3282 4602 3384 4657 Joh
3434 4617 3528 4656 ue-

251 4707 351 4747 seu
376 4694 428 4747 in
456 4707 773 4764 quocunque
802 4695 920 4750 loco
965 4695 1353 4751 misericordiae
1383 4711 1492 4751 sum
1539 4712 1633 4752 eas
1659 4697 1836 4767 iusse-
1865 4667 1914 4728 Β
1949 4711 2210 4766 quaquam
2239 4695 2466 4750 credidit
2492 4694 2720 4750 vivendo
2753 4695 2990 4749 tenuisse
3019 4694 3160 4764 quod
3189 4693 3342 4758 dixit,
3378 4695 3527 4762 quasi

251 4789 323 4843 rit
351 4787 598 4855 inveniri,
621 4788 742 4857 quia
768 4788 1146 4856 praedicatores
1160 4789 1366 4846 Veteris
1391 4789 1629 4860 Novique
1641 4791 1833 4846 Testa-

251 4880 422 4934 tuenti
454 4879 740 4949 aliquando
769 4880 868 4936 soli
903 4881 1062 4936 tribui
1114 4881 1267 4936 ludas
1297 4881 1555 4948 contulit,
1591 4890 1645 4936 et
1674 4880 1834 4938 Israel

249 4986 390 5041 pene
434 4980 603 5026 totum
635 4986 700 5027 ex
729 4985 891 5042 prava
929 4986 1110 5042 regum
1149 4973 1534 5042 gubernatione
1581 4972 1835 5041 reproba-

249 5065 348 5120 vit.
381 5064 684 5134 Aliquando
713 5073 768 5121 et
799 5066 852 5120 in
884 5073 1022 5122 terra
1050 5080 1144 5120 sua
1165 5065 1261 5121 bas
1285 5067 1469 5135 pluere
1491 5065 1662 5122 nubes
1686 5066 1828 5132 facit,

245 5157 378 5225 q‘uia
426 5155 674 5212 eumdem
731 5156 1076 5213 Israeliticum
1132 5159 1389 5228 populum
1441 5157 1506 5212 ad
1561 5158 1833 5227 antiquam

245 5249 480 5322 gratiam
507 5248 533 5288 ἀ
558 5260 678 5321 post
712 5251 1107 5321 correptionem
1155 5251 1628 5321 captivitatemque
1676 5265 1834 5306 revo-

243 5344 412 5400 cavit.
457 5351 481 5381 ο
529 5345 829 5416 Aliquando
877 5346 946 5402 de
996 5345 1116 5401 loco
1159 5361 1270 5402 suae
1315 5346 1704 5402 misericordia:
1743 5360 1836 5401 cas

241 5439 552 5494 clarescere
571 5437 757 5508 voluit,
771 5438 1006 5511 quiajper
1033 5436 1410 5507 praadicatores
1430 5447 1646 5493 sanctos
1671 5436 1831 5492 etiam

321 5564 349 5592 ⁸
378 5555 468 5612 Sic
489 5556 714 5623 Turon.,
741 5555 984 5620 Vindoc.,
1017 5555 1214 5611 Pratel.
1239 5564 1290 5610 et
1312 5556 1398 5610 alii
1428 5555 1556 5609 Mss.
1581 5555 1636 5609 In
1661 5555 1831 5610 Excu-

237 5629 320 5682 sis
344 5629 543 5699 legitur
561 5629 718 5699 rigor.

320 5699 350 5736 ι’
379 5695 666 5769 Ιῖηιοιηδι
695 5697 856 5763 Utic.,
897 5705 946 5752 et
964 5713 1082 5769 qua:
1108 5713 1221 5751 cum
1249 5695 1414 5752 nulla.

319 5779 345 5807 ε
382 5770 542 5824 Iidem
574 5768 831 5834 Codices,
877 5779 922 5823 et
961 5768 1228 5840 quur...“
1274 5784 1375 5840 non
1424 5778 1687 5822 consecuta
1733 5769 1828 5822 mi-

232 5857 351 5896 ser.
400 5856 537 5894 uunc
575 5850 774 5896 autem.
795 5877 809 5893 .
945 5837 1235 5895 consecuta.
1268 5837 1618 5894 Consentium
1656 5851 1823 5894 vcter.

232 5914 397 5968 Edit.
423 5911 614 5968 Nostra
649 5912 808 5966 lectio
838 5912 1007 5978 magis
1045 5912 1287 5967 convenit
1310 5926 1426 5963 cum
1459 5919 1603 5965 testu
1639 5910 1825 5963 Cra-co

1945 4787 2238 4842 admonens
2289 4786 2414 4841 dicit
2452 4805 2463 4839 :
2497 4786 2628 4852 Sta,
2689 4795 2738 4840 et
2791 4786 3056 4840 considera
3102 4785 3352 4840 miracula
3409 4784 3526 4839 Dei.

1945 4882 2111 4948 Quem
2141 4879 2315 4934 adhuc
2361 4879 2428 4935 de
2472 4880 2709 4934 venturis
2739 4877 2985 4945 discutit,
3027 4886 3080 4934 et
3109 4879 3259 4948 quasi
3289 4877 3354 4933 de
3383 4879 3527 4946 igno-

1945 4973 2115 5028 rantia
2145 4971 2430 5027 humilians
2457 4971 2695 5041 adiungit
2730 4990 2744 5026 :
3141 5005 3152 5016 κ

2264 5062 2496 5120 CAPUT
2548 5063 2768 5120 xxxw
2809 5063 2968 5136 [Rec.
3009 5061 3207 5134 XXI].

2018 5158 2144 5211 IBID.
2172 5157 2261 5212 I5.
2289 5189 2362 5202 —
2388 5156 2639 5228 Nunquid
2664 5159 2762 5212 scis
2804 5158 3009 5227 quando
3050 5155 3346 5226 pra’ceperit
3389 5151 3528 5206 Deus

1943 5250 2126 5320 pluviis
2145 5290 2160 5315 ,
2187 5258 2244 5303 ut
2273 5250 2595 5305 ostenderent
2618 5251 2778 5304 lucem
2808 5251 3021 5303 nubium
3044 5249 3203 5319 ejus?

2017 5341 2106 5397 60.
2141 5342 2249 5399 Deo
2271 5345 2443 5416 afﬂati
2469 5344 2826 5413 praedicatores
2848 5343 3066 5412 irrigant
3089 5350 3134 5393 et
3159 5341 3344 5394 lucent.
3371 5368 3440 5380 —
3471 5337 3529 5393 Si

1943 5436 2115 5492 nubes
2143 5436 2312 5490 sancti
2345 5435 2720 5506 praedicatores
2740 5442 2884 5499 sunt,
2935 5432 3129 5502 pluvia:
3151 5428 3371 5484 nubium
3401 5436 3528 5486 sunt

1941 5562 1994 5608 et
2035 5554 2278 5622 Vulgata.

2011 5621 2038 5661 ά
2069 5621 2315 5690 Vindoc.,
2357 5630 2468 5689 post
2499 5624 2894 5692 corruptionem.

2014 5705 2036 5732 ο
2067 5693 2575 5763 Pratel.,aliquando
2601 5690 2902 5760 loco,deest
2918 5692 2997 5758 de,
3018 5690 3159 5762 quod
3182 5703 3398 5752 sensum
3422 5691 3525 5749 im-

1937 5775 2131 5891 "Hi‘iié
2164 5833 2414 5904 νίκησα,
2445 5834 2654 5894 Ehroic.
2686 5845 2742 5893 et
2788 5834 2898 5892 alii.
2935 5833 2990 5892 In
3035 5834 3226 5901 Editis,
3259 5833 3421 5898 male,
3451 5833 3519 5888 ab

1933 5908 2238 5961 hominibus.
