4004 6350
569 448 663 511 iss
1778 416 2019 510 ssnon
2057 418 2379 510 caecam:
2420 434 2627 511 iiAcu'i
3691 444 3789 509 iss

566 570 723 623 verba
774 568 1222 634 praedicationum.
1283 569 1384 622 Sed
1434 571 1601 623 nubes
1651 583 1769 622 cum
1841 584 1935 636 per
2006 572 2127 649 acra
2156 560 2405 651 Alantes
2431 554 3405 657 deSpicere,‘despicientesiionorare,
3434 568 3570 620 mala
3600 581 3791 657 negen-

498 660 501 661 ⁷
566 661 913 721 transvolant,
943 668 968 697 ι
989 660 1089 713 nisi
1120 661 1307 728 pluvia:
1335 661 1583 714 deorsum
1607 652 1855 725 veniant,
1899 659 2131 735 nescitur

565 759 816 817 quantam
845 763 1096 815 aquarum
1136 740 1546 803 immensitatem
1596 761 1826 817 portant.
1874 748 1985 802 Nisi
2035 746 2129 803 eo-

565 855 751 894 ruscus
779 839 857 893 sol
884 826 1019 892 inter
1044 838 1244 907 pluvias
1273 847 1534 905 erumpat.
1587 830 1806 905 intelligi
1855 854 1959 915 non
1991 839 2133 891 valet

564 931 686 999 quid
714 932 761 983 in
790 930 867 983 eis
895 928 1053 985 etiam
1080 930 1339 984 claritatis
1360 926 1541 993 lateat,
1571 924 1691 995 quia
1725 916 1971 981 nimirum
1996 940 2133 995 prae-

564 1023 823 1077 dicatores
852 1021 1018 1075 sancti
1048 1022 1091 1075 si
1122 1029 1362 1085 taceant,
1396 1027 1449 1074 et
1474 1034 1800 1087 nequaquam
1853 1020 2132 1087 loquentes

564 1114 863 1178 ostendant,
890 1120 1085 1181 quanta
1112 1113 1180 1164 sit
1206 1110 1445 1165 cmlestis
1471 1108 1581 1176 spei
1623 1109 1856 1173 claritas,
1889 1102 2045 1176 quain
2077 1107 2130 1161 in

462 1238 473 1243 α
562 1204 811 1257 cordibus
838 1213 1067 1271 gestant,
1098 1211 1188 1255 aut
1208 1202 1424 1268 reliquis
1456 1201 1757 1255 hominibus
1782 1199 2012 1265 similes,
2040 1205 2133 1253 aut
2216 1198 2217 1203 “

565 1292 717 1363 longe
740 1292 818 1347 bis
841 1280 1199 1361 despectiores
1226 1290 1497 1346 videntur.
1539 1288 1672 1344 Cum
1713 1280 2132 1358 autem'aperire

566 1400 656 1452 per
686 1385 1115 1465 praedicationem
1141 1384 1400 1451 coeperint
1438 1396 1556 1451 quae
1581 1382 1652 1435 sit
1677 1376 1923 1448 superlito
1948 1383 2132 1448 patria:

566 1479 920 1533 remuneratio
945 1493 1101 1545 quam
1132 1478 1449 1532 intrinsecus
1473 1472 1655 1531 tenent
1675 1494 1690 1543 ;
1714 1474 1843 1529 ‘cum
1871 1472 2134 1544 persecu-

566 1574 710 1625 tione
740 1571 906 1638 pressi
935 1569 963 1610 b
989 1572 1041 1624 in
1070 1583 1171 1639 qua
1203 1570 1412 1623 virtutis
1462 1582 1584 1624 arce
1629 1568 1951 1637 profecerim
1978 1568 2132 1621 inno-

566 1664 793 1729 tescunt,
846 1674 967 1715 cum
998 1661 1197 1715 visione
1241 1659 1477 1729 despecti
1527 1659 1787 1727 loquendo
1847 1650 2136 1713 insinuant

568 1744 704 1805 unde
731 1753 1033 1813 timeantur,
1061 1751 1188 1819 ipsa:
1212 1764 1329 1819 quae
1342 1749 1409 1805 de
1436 1750 1662 1805 nubibus
1691 1731 1916 1804 influunt
1936 1749 2131 1818 pluviae

568 1840 734 1896 lucem
766 1841 919 1896 nobis
945 1842 1249 1896 earumdem
1282 1841 1500 1896 nubium
1528 1838 1834 1897 ostendunt.
1867 1841 1971 1895 Per
2018 1836 2131 1891 vei--

2236 642 2365 711 tium
2392 672 2456 712 es
2483 640 2646 713 corde
2674 640 2964 725 dimitiere,
2991 646 3042 714 et
3073 640 3194 727 éEga
3225 675 3317 715 eos
3347 644 3645 713 dilectionis
3670 640 3790 743 gra-

2224 748 2364 801 tiam
2407 749 2737 827 immobilem
2767 753 2819 827 in
2867 752 3030 821 corde
3069 752 3337 827 retinere?
3388 740 3517 817 Quae
3558 734 3797 802 videlicet

2235 837 2417 889 Omnia
2448 830 2653 893 semitae
2682 824 2831 917 sunt,
2850 828 2939 895 sed
2968 824 3169 917 magna:
3189 883 3201 899 .
3231 836 3350 910 quia
3375 832 3570 909 quanto
3594 836 3644 892 in
3669 855 3797 906 prie-

2234 929 2369 981 senti
2414 914 2518 981 vita
2555 945 2649 995 pro
2679 931 2789 999 ipsa
2820 912 3027 986 vivendi
3077 934 3317 987 eust'odia
3369 918 3606 1002 angusta!
3655 938 3793 995 sunt,

2218 1025 2381 1073 tanto
2430 1019 2655 1086 amplius
2697 1025 2794 1076 εἰη
2850 1008 3048 1078 aeterna
3102 1024 3447 1078 retributione
3491 1008 3795 1078 dilatantur.

2233 1108 2383 1164 Unde
2409 1120 2461 1185 e't
2491 1110 2625 1165 bene
2651 1102 2895 1168 subditur
2918 1131 2930 1168 :
2956 1112 3025 1168 Et
3053 1119 3300 1185 perfectas
3330 1108 3591 1170 scientias.

2304 1202 2392 1256 6'2.
2420 1170 2653 1273 berfecla
2682 1207 2887 1260 scientia
2917 1218 3010 1271 est,
3035 1212 3164 1262 scire
3188 1226 3239 1263 se
3264 1210 3391 1263 nihil
3425 1210 3548 1264 esse.
3579 1242 3655 1253 —
3676 1192 3800 1265 Per-

2234 1280 2364 1345 leCta
2385 1297 2577 1363 quippe
2590 1286 2811 1351 scientia
2834 1307 2935 1362 est,
2962 1306 3016 1353 et
3038 1308 3223 1377 cuncta
3250 1300 3361 1355 llaec
3374 1301 3599 1355 Sollicito
3620 1314 3799 1369 agere.

2234 1392 2284 1434 et
2326 1396 2383 1436 se
2426 1384 2491 1437 de
2518 1386 2627 1439 suis
2658 1386 2860 1441 meritis
2888 1384 3025 1443 scire
3068 1390 3195 1443 nihil
3224 1382 3360 1446 esse.
3416 1380 3565 1446 Unde
3596 1400 3650 1446 et
3674 1390 3803 1459 ipsa:

2236 1471 2401 1526 nubes
2443 1472 2510 1527 de
2553 1473 2649 1529 hac
2682 1476 2913 1541 perfecta
2962 1476 3179 1533 scientia
3228 1466 3508 1544 docentur,
3558 1495 3679 1534 cum
3724 1474 3802 1533 eis

2235 1576 2362 1617 voce
2390 1562 2633 1620 Veritatis
2662 1564 2857 1621 dicitur
2888 1585 2901 1621 :
2928 1568 3053 1621 Cum
3074 1570 3293 1638 feceritis
3328 1572 3499 1624 omnia
3528 1586 3643 1639 quae
3674 1587 3807 1639 pra:-

2236 1654 2376 1720 cepla
2396 1656 2681 1721 sunlvobis,
2707 1654 2896 1711 dicite:
2924 1656 3068 1714 S‘ervi
3088 1654 3473 1714 inutilessum'us
3498 1652 3647 1731 (Luc.
3670 1676 3802 1724 nn,

2220 1741 2350 1811 '10).
2375 1744 2609 1800 Perfecta
2639 1748 2856 1801 scientia
2880 1758 2960 1803 est
2985 1746 3122 1804 Scire
3150 1744 3347 1816 omnia,
3380 1736 3433 1806 ei
3455 1752 3631 1805 tanien
3652 1748 3804 1821 iuxta

2236 1836 2515 1902 quemdam
2566 1837 2777 1892 modum
2826 1838 3081 1895 scientem
3120 1834 3178 1896 se
3206 1855 3323 1897 esse
3377 1832 3622 1907 nescire,
3674 1843 3795 1911 quia

568 1934 628 1985 ba
656 1933 796 1987 enim
822 1931 1222 1999 praedicatorum
1248 1933 1618 2000 cognoscimus
1646 1940 1703 1986 ut
1733 1932 1786 1986 in
1813 1926 1891 1987 'eis
1919 1922 2133 1985 clarita-
2162 1927 2211 1988 B
2239 1927 2338 1983 etsi
2385 1926 2492 1994 iam
2548 1926 2639 1982 Dei
2671 1928 2935 1997 praecepta
2973 1932 3243 1997 novimus,
3273 1928 3370 1988 etsi
3400 1924 3527 2003 iam
3555 1922 3808 1988 virtutem

568 2035 673 2079 tem
700 2025 821 2079 vitae
849 2040 1005 2093 quam
1038 2033 1292 2092 appetunt
1313 2037 1431 2080 cum
1478 2036 1666 2095 magna
1708 2016 2005 2077 humilitate
2032 2018 2135 2076 ie-

568 2132 836 2173 neremnr.
866 2108 1029 2187 882
1061 2117 1205 2172 Hanc
1255 2116 1500 2171 nimii-um
1533 2118 1704 2172 lucem
1759 2116 1946 2171 Paulus
1976 2116 2136 2171 disci-

522 2222 527 2227 ‘
570 2206 709 2274 pulis
733 2208 1067 2272 ostendebat,
1096 2221 1215 2262 cum
1243 2206 1473 2262 diceret:
1495 2205 1560 2261 Ut
1583 2208 1756 2261 sciatis
1784 2212 1897 2274 quae
1927 2208 1989 2261 sit
2021 2223 2136 2272 spes

568 2296 848 2350 vocationis
871 2299 1000 2367 ejus,
1040 2312 1153 2365 qua:
1175 2296 1365 2350 divitiis
1402 2297 1579 2367 gloria
1605 2294 1915 2350 hereditatis
1946 2284 2058 2367 ejus
2084 2296 2139 2350 in

568 2388 779 2451 sanctis,
804 2397 847 2441 et
864 2403 978 2456 qua:
1003 2389 1067 2441 sit
1095 2388 1471 2457 supereminens
1493 2386 1790 2456 magnitudo
1809 2387 2009 2441 virtutis
2030 2386 2139 2458 ejus

570 2477 625 2527 in
652 2490 742 2529 nos
770 2478 857 2545 qui
878 2478 1124 2531 credimus
1167 2474 1389 2546 (Ep/tes.
1416 2490 1463 2540 t,
1494 2477 1560 2529 18
1578 2477 1618 2542 ).
1661 2474 1810 2529 Hanc
1839 2478 2011 2531 lucem
2037 2476 2139 2531 Co-

573 2564 757 2618 rinthii
788 2579 880 2633 per
910 2566 1223 2634 scriptorum
1252 2567 1411 2621 verba
1439 2564 1591 2633 quasi
1614 2576 1708 2633 per
1738 2567 1931 2634 pluviae
1960 2570 2138 2636 guttas

571 2667 930 2725 agnoverant,
960 2671 1077 2711 cum
1123 2658 1369 2712 dicebant
1395 2674 1407 2709 :
1436 2655 1687 2726 Episton
1721 2668 1897 2728 graves
1944 2666 2063 2713 sunt
2094 2670 2140 2715 et

574 2752 762 2815 fortes,
804 2748 1076 2818 prtesentia
1120 2758 1288 2802 autem
1329 2750 1559 2815 corporis
1592 2750 1835 2817 inﬁrma,
1882 2758 1930 2804 el
1978 2748 2142 2805 sermo

575 2841 961 2909 contemptibilis
985 2840 1077 2909 (lt
1106 2841 1224 2895 dor.
1262 2857 1314 2906 x,
1344 2841 1462 2909 t0).
1494 2841 1600 2895 Sed
1647 2844 1963 2911 plerumque
2008 2852 2143 2911 pra:-

575 2934 835 2989 dicatores
894 2935 1063 2988 sancti
1132 2935 1412 2989 ostendere
1460 2936 1781 3001 semetipsos
1841 2946 1897 2989 ut
1940 2935 2144 3003 prosint

576 3027 823 3094 cupiunt,
875 3042 973 3080 nec
1021 3034 1196 3081 tamen
1244 3034 1499 3094 possunt;
1539 3029 1848 3097 plerumque
1894 3029 2058 3080 latere
2089 3036 2145 3081 ut

524 3136 527 3141 ·
577 3119 741 3184 quieti
766 3118 871 3172 sint
897 3127 1149 3186 appetunt
1174 3157 1189 3183 ,
1226 3133 1322 3172 nec
1348 3124 1524 3172 tamen
1554 3121 1942 3186 permittuntur.
1977 3117 2144 3173 Nemo

578 3212 737 3278 igitur
762 3207 861 3263 scit
901 3210 1113 3277 quando
1158 3209 1327 3263 lucem
1359 3210 1576 3264 nubium
1610 3210 1799 3277 pluviae
1827 3209 2142 3274 ostendant,

579 3391 861 3445 dicationis
888 3393 1143 3460 praebeat,
1176 3398 1234 3443 ut
1261 3390 1656 3459 praedicandum
1674 3390 1839 3457 gloria
1860 3389 2141 3444 clarescat.

580 3484 861 3552 Dicitergo
891 3498 906 3535 :
939 3481 1186 3551 Nunquid
1208 3483 1307 3536 scis
1325 3483 1525 3543 quando
1548 3482 1841 3552 praceperit
1867 3482 2003 3534 Deus
2031 3481 2147 3549 plu-

577 3576 672 3629 viis
697 3584 750 3628 ut
791 3576 1109 3628 ostenderent
1147 3575 1307 3628 lucem
1335 3574 1544 3628 nubium
1581 3575 1694 3644 ejus
1713 3575 1738 3627 ?
1783 3574 1861 3628 Ac
1889 3575 1933 3627 si
1963 3585 2146 3642 aperte

579 3666 722 3720 dicat
750 3684 763 3720 :
788 3664 1033 3733 Nunquid
1068 3668 1111 3720 si
1146 3676 1395 3720 venturos
1425 3666 1477 3719 in
1526 3667 1723 3721 mundo
1773 3666 2147 3734 praedicatores

574 3757 684 3826 iam
715 3758 997 3824 conspicis,
1031 3758 1242 3825 quando
1263 3771 1356 3812 eos
1385 3757 1450 3811 ad
1474 3756 1866 3826 praedicandum
1892 3758 2146 3813 Dominus

579 3848 874 3915 repletione
900 3848 1070 3903 sancti
1101 3850 1331 3917 Spiritus
1358 3848 1627 3916 impellat,
1673 3848 1934 3915 quibusve
1974 3848 2145 3903 modis

579 3953 766 3992 eorum
779 3941 827 3991 vi
837 3947 901 3992 tae
919 3939 1212 3993 claritatem
1233 3942 1429 3995 mundo
1447 3938 1745 3993 innotescat
1758 3928 2145 4006 apprehendis?

581 4029 734 4084 Unde
760 4029 933 4083 adhuc
951 4022 1072 4097 apte
1091 4029 1445 4098 subiungitur.

892 4138 1115 4194 CAPUT
1142 4138 1378 4195 xxxvu
1410 4140 1573 4211 Hice.
1599 4137 1825 4210 XXII].

654 4229 816 4284 Vsus.
851 4230 939 4284 16.
970 4262 1041 4276 -
1068 4228 1310 4299 Nunquid
1348 4232 1481 4284 nosti
1522 4232 1726 4285 semitas
1773 4231 1984 4286 nubium
2033 4246 2142 4286 man

579 4337 726 4391 gnos,
745 4329 796 4395 et
822 4325 1076 4390 perfectas
1099 4321 1375 4373 scientius?

647 4411 735 4463 lii.
770 4411 1051 4479 Arctabette'
1062 4411 1256 4463 vivendi
1269 4412 1517 4472 doctrina,
1539 4428 1641 4481 non
1654 4423 1725 4467 est
1739 4415 1915 4481 ampla
1933 4415 2034 4479 via,
2056 4415 2143 4468 sed

578 4501 772 4555 semita.
801 4528 874 4544 --
896 4501 1102 4556 Habent
1129 4501 1246 4556 istae
1277 4502 1444 4557 nubes
1468 4478 1685 4557 semitas
1726 4478 2100 4559 subtilissimas
2122 4543 2138 4569 ,

519 4622 523 4626 ι
576 4590 779 4646 scilicet
826 4601 1022 4647 sanctae
1052 4592 1447 4659 praedicationis
1478 4594 1611 4646 tias.
1660 4596 1895 4663 Angusta
1943 4597 2139 4663 quippe

2241 2008 2521 2070 verborum
2552 2016 2692 2070 illius
2748 2016 2776 2055 ά
2802 2016 3025 2074 sollieita
3047 2020 3339 2077 intentiOne
3368 2032 3681 2091 pensamus,
3714 2012 3809 2078 eisi

2233 2098 2343 2177 iam
2392 2120 2508 2179 qua:
2534 2110 2858 2167 intellexisse
2906 2122 3000 2167 nos
3029 2112 3296 2169 credimus
3348 2110 3572 2185 agimus,
3639 2116 3815 2170 adhuc

2242 2204 2415 2253 tamen
2467 2202 2585 2254 a’cta
2642 2202 2825 2257 eadem
2873 2218 2976 2272 qua
3027 2202 3357 2262 diatrictione
3400 2206 3665 2262 exattiinis'
3714 2198 3815 2260 sint

2240 2292 2562 2347 diseutienda
2595 2294 2883 2359 nescimus,
2916 2295 3141 2352 necdum
3174 2296 3267 2352 De‘i
3294 2292 3485 2355 faciein‘
3514 2288 3810 2362 cernimus,

2244 2392 2267 2422 ο
2290 2384 2523 2457 necddni
2546 2376 2751 2442 Occitltit‘
2780 2387 2895 2457 eius
2925 2388 3143 2445 censilia
3167 2388 3425 2447 videmus.
3450 2391 3661 2458 Quanta
3692 2394 3819 2458 ergo

2241 2482 2323 2529 est
2349 2484 2526 2529 nostra
2557 2477 2808 2541 scientia,
2841 2493 2959 2548 qua:
2999 2484 3276 2549 qubusque
3315 2476 3655 2536 mortalitatis
3688 2484 3819 2550 pott-

2232 2566 2368 2620 dere
2399 2562 2674 2635 premitur,
2724 2570 2837 2637 ipso
2869 2560 2977 2624 sua:
3010 2556 3405 2628 inceititudinis
3434 2573 3621 2628 nubilo
3647 2587 3821 2628 caca-

2246 2656 2367 2713 tur?
2398 2659 2472 2713 De
2497 2670 2598 2728 qua
2627 2660 2762 2715 bene
2787 2674 2883 2729 per
2909 2658 3129 2717 Paulum
3158 2654 3353 2718 dicitur
3386 2679 3401 2718 :
3433 2650 3533 2729 Qui
3560 2668 3617 2717 se‘
3637 2664 3816 2719 existi-

2243 2761 2344 2804 mat
2392 2753 2531 2806 scire
2566 2752 2799 2821 aliquid,
2833 2753 3056 2806 nondum
3104 2758 3334 2824 cognovit
3384 2756 3821 2823 qtttmuduto‘dum

2243 2850 2468 2912 aporleat
2494 2859 2606 2895 eum
2631 2840 2839 2911 scire(l
2856 2841 2972 2897 Cor.
3003 2858 3119 2910 vui,
3148 2843 3225 2914 2).
3252 2844 3306 2898 In
3333 2844 3432 2900 hoc
3460 2847 3641 2915 itaque
3666 2854 3821 2899 n'tunc

2210 2932 2313 2987 ldu
2367 2932 2492 2986 dum
2524 2934 2766 2998 vivimus,
2820 2943 2930 2989 tum
2987 2936 3216 3003 perfecte
3264 2938 3383 3005 quae
3420 2936 3639 2992 scientia
3696 2948 3821 2992 sunt

2243 3025 2468 3088 scimus,
2517 3040 2636 3079 cum
2690 3026 3023 3092 proliciente!
3072 3040 3168 3096 per
3194 3020 3629 3099 intelligentiam,
3684 3029 3823 3083 nihil

2246 3130 2343 3168 nos
2387 3116 2549 3186 883
2581 3116 2811 3182 perfecte
2839 3120 2978 3172 scire
3008 3119 3397 3187 cognoscimus.
3428 3118 3564 3173 Dicit
3595 3120 3775 3189 igitur
3806 3138 3817 3171 :

2246 3204 2497 3272 Nunquid
2523 3207 2659 3259 nosti
2687 3210 2891 3261 semitas
2933 3210 3139 3263 nubium
3186 3222 3418 3279 magnas,
3471 3220 3518 3263 et
3564 3214 3826 3281 perfectas

523 3320 527 3327 ’
578 3298 701 3367 quia
731 3312 883 3353 nemo
910 3298 1313 3366 comprehendit
1336 3299 1547 3367 quando
1573 3299 1714 3354 Deus
1739 3298 1987 3363 virtutem
2011 3313 2145 3366 βιω-
2171 3298 2219 3362 0
2249 3296 2520 3350 scientias?
2563 3301 2639 3350 Ac
2670 3297 2712 3350 si
2742 3308 2924 3366 aperte
2970 3300 3111 3354 dicat
3138 3317 3150 3352 :
3183 3299 3428 3367 Nunquid
3470 3301 3580 3369 iam
3612 3315 3825 3355 summa

2251 3395 2366 3439 acta
2390 3385 2788 3453 prtedicantium
2810 3389 3093 3455 conSpicis,
3119 3390 3207 3459 qui
3224 3394 3501 3460 postquam
3522 3406 3619 3458 per
3649 3394 3825 3447 scien—

2249 3478 2372 3531 tiam
2404 3476 2469 3530 ad
2496 3479 2597 3532 alta
2614 3492 2672 3532 se
2689 3479 2916 3541 elevant,
2942 3466 3189 3535 deorsum
3216 3497 3274 3535 se
3301 3480 3576 3537 humiliter
3593 3484 3695 3553 per
3715 3499 3812 3538 co.

2249 3568 2537 3637 gnitiouem
2569 3583 2678 3623 sua:
2707 3570 3019 3637 ignorantiae
3049 3572 3339 3629 inclinant?
3385 3574 3539 3641 Quod
3580 3576 3710 3643 quia
3742 3590 3826 3628 su-

2251 3662 2351 3713 lius
2381 3660 2549 3713 sancti
2602 3658 2832 3727 Spiritus
2859 3659 3003 3714 dono
3047 3663 3241 3730 agitur,
3296 3671 3353 3718 ut
3388 3666 3684 3718 humanum
3736 3680 3827 3719 cor

2252 3764 2354 3804 non
2383 3750 2553 3804 solum
2586 3751 2653 3805 de
2678 3751 2921 3817 scientia,
2968 3752 3062 3807 sed
3107 3754 3267 3809 etiam
3300 3756 3366 3809 de
3386 3753 3500 3823 ipsa
3527 3768 3625 3809 sua
3673 3756 3830 3825 igno-

2251 3844 2421 3895 rantia
2453 3840 2685 3908 perfecte
2712 3842 2987 3909 doceatur,
3014 3854 3068 3898 et
3091 3847 3269 3901 calore
3284 3848 3482 3902 amoris
3498 3850 3564 3901 ad
3590 3848 3827 3915 superna

2249 3930 2469 3996 ferveat,
2524 3930 2649 3983 dum
2680 3930 2884 3986 minora
2913 3922 3033 3988 esse
3059 3950 3177 4004 quae
3204 3940 3458 4007 cognovit
3503 3938 3557 3992 in
3613 3938 3822 3992 intimis

2250 4034 2455 4095 pensat,
2488 4033 2631 4079 recte
2660 4026 2992 4096 subiungitur
3019 4045 3030 4079 :

2528 4139 2750 4196 CAPUT
2770 4200 2773 4203 λ
2793 4136 3055 4196 xxxvut
3095 4133 3249 4215 ['nec.
3283 4140 3537 4214 muti.

2320 4228 2585 4285 Vans.17.
2614 4261 2681 4272 -
2701 4231 2890 4287 Nonne
2908 4235 3201 4289 vestimenta
3223 4240 3309 4290 tua’
3330 4234 3500 4289 calida
3526 4245 3647 4290 sunt
3668 4279 3685 4304 ,
3718 4254 3828 4291 cum

2243 4314 2460 4393 perﬂatu
2488 4321 2639 4389 fuerit
2670 4332 2804 4377 terra
2827 4326 3049 4380 Austro?

2317 4416 2406 4470 65.
2450 4415 2547 4479 Qui
2570 4415 2813 4470 Ecclesia:
2854 4417 3137 4481 iri/iterent,
3175 4418 3361 4487 afﬂatu
3384 4418 3551 4473 sancti
3598 4406 3829 4485 Spiritus

2245 4508 2576 4561 incalescunt.
2597 4538 2668 4550 —
2689 4508 2843 4575 Stepe
2875 4509 3085 4562 beatum
3116 4509 3217 4563 Job
3246 4509 3467 4578 ﬁguram
3490 4512 3703 4565 sanctae
3725 4498 3853 4573 Ec-_

2249 4600 2425 4653 etesia:
2453 4608 2635 4652 tenere
2648 4599 2758 4668 iant
2781 4600 3031 4654 diximus.
3057 4599 3385 4656 Vestimenta
3406 4606 3537 4656 vero
3567 4600 3830 4659 Scelesta:

574 4688 725 4749 porta
754 4688 863 4747 est,
894 4670 1011 4751 quae
1037 4684 1180 4738 ducit
1205 4684 1269 4738 ad
1301 4684 1458 4738 vitam
1481 4684 1693 4754 (Matth.
1734 4662 1826 4751 vn,
1882 4662 1993 4756 Mi.
2041 4690 2142 4742 tios
2175 4662 2225 4721 D
2248 4701 2376 4745 sunt
2403 4705 2589 4745 omnes
2621 4662 2710 4759 qui
2750 4694 2801 4747 ei
2851 4692 2977 4746 tidei
3025 4694 3350 4749 adunatione
3373 4695 3692 4765 junguntur.
3761 4698 3830 4751 lle

572 4786 700 4841 ergo
729 4787 823 4840 per
843 4774 1060 4828 semitas
1078 4774 1396 4843 astringunt,
1420 4776 1510 4844 qui
1528 4776 1595 4831 ab
1623 4776 1933 4832 intentionis
1954 4792 2140 4833 eorum

522 4894 525 4899 -
575 4865 787 4919 tramite
799 4880 892 4933 per
912 4866 1013 4920 lata
1032 4868 1212 4922 mundi
1236 4868 1498 4923 desideria
1518 4870 1787 4937 evagando
1803 4876 1906 4923 non
1921 4882 2137 4925 exeunt.

572 4959 729 5011 Arcta
747 4958 887 5010 enim
912 4957 1045 5012 bene
1062 4956 1270 5011 vivendi
1287 4972 1510 5012 censura
1524 4972 1629 5012 non
1643 4961 1905 5025 estampla
1923 4962 2027 5025 via,
2042 4961 2138 5015 sed

567 5049 777 5115 semita,
807 5047 861 5102 in
891 5054 996 5118 qda
1025 5050 1343 5118 praedicator
1365 5048 1587 5118 quisque
1610 5052 1846 5105 studiose
1877 5053 2142 5105 constrin—

517 5164 522 5169 ι
564 5139 727 5208 gitur,
751 5140 876 5208 quia
901 5140 1002 5195 sub
1029 5152 1415 5209 praeceptorum
1447 5140 1689 5194 custodia
1712 5141 1937 5195 sollicite
1977 5156 2137 5198 eoau-

562 5239 824 5299 gustatur.
855 5233 937 5286 An
969 5246 1075 5285 non
1104 5232 1254 5299 quasi
1284 5230 1526 5300 quasdam
1540 5234 1875 5300 angustiaest
1904 5234 2133 5306 itineris,

563 5319 616 5373 in
632 5323 731 5375 boc
742 5321 957 5389 quidem
975 5320 1175 5375 mundo
1189 5321 1397 5386 vivere,
1406 5322 1502 5376 sed
1516 5321 1584 5377 de
1613 5322 1768 5390 huius
1796 5326 1976 5381 mundi
2000 5340 2127 5381 cono

561 5413 812 5477 cupiscen
823 5411 892 5465 tia
913 5411 1045 5465 nihil
1061 5409 1126 5464 ita
1135 5411 1280 5473 bere.
1303 5411 1476 5466 aliena
1491 5426 1598 5465 non
1613 5422 1889 5481 appetere,
1909 5417 2127 5484 propria

558 5512 668 5553 non
692 5508 877 5554 tenere
892 5542 907 5566 ,
932 5500 1113 5553 laudes
1130 5499 1313 5553 mundi
1327 5499 1625 5567 despicere,
1643 5507 1698 5554 et
1712 5515 1805 5567 pro
1822 5501 1935 5556 Deo
1948 5518 2137 5573 oppro-

565 5586 677 5642 bria
705 5602 917 5654 amare,
941 5589 1170 5657 gloriam
1199 5588 1413 5658 fugere,
1447 5590 1759 5658 despectum
1793 5592 1974 5660 sequi,
2005 5596 2133 5649 adu-

630 5728 655 5758 ⁶
681 5721 907 5788 Pratel.,
939 5725 1037 5776 nisi
1061 5723 1306 5788 pluvia...
1335 5727 1528 5776 veniat.

633 5788 659 5826 δ
690 5790 829 5845 Utic.
847 5800 904 5858 et
935 5792 1023 5845 alii
1049 5793 1325 5855 Norman.,
1356 5793 1408 5843 in
1438 5807 1589 5858 quam
1616 5793 1815 5847 virtutis
1843 5810 2008 5849 arcem

637 5866 659 5895 ο
687 5856 909 5925 Pratel.,
939 5859 991 5911 in
1016 5869 1255 5912 aeternam
1281 5856 1679 5916 retributionem.

2245 4785 2438 4851 quibus
2484 4784 2655 4839 eidem
2714 4785 2969 4839 Ecclesia:
3039 4798 3134 4855 per
3193 4791 3508 4856 prophetam
3568 4790 3831 4845 meinus

2244 4875 2413 4930 dicit:
2452 4874 2576 4927 Vivo
2623 4890 2736 4943 ego,
2786 4877 2905 4943 quia
2951 4876 3181 4931 omnibus
3216 4878 3297 4931 his
3338 4880 3473 4933 velut
3521 4888 3827 4934 ornamento

2244 4964 2468 5017 vestieris
2498 4960 2653 5033 (ικαὶ.
2688 4977 2831 5030 sus,
2868 4966 2980 5034 18).
3024 4966 3124 5021 Per
3154 4971 3406 5022 Austrum
3435 4978 3605 5036 vero,
3629 4972 3725 5039 qui
3751 4972 3827 5024 ni-

2246 5054 2436 5108 mirum
2482 5056 2683 5109 calidus
2731 5058 2920 5111 ventus
2969 5069 3070 5122 est,
3119 5073 3223 5112 non
3270 5060 3541 5115 immerito
3589 5056 3825 5126 Spiritus

2245 5156 2461 5196 sanctus
2516 5143 2841 5211 designatur,
2893 5162 3000 5214 quo
3045 5148 3271 5217 quisque
3295 5149 3425 5203 dum
3470 5153 3828 5219 tangitur,~sb

2242 5230 2535 5301 iniquitatis
2560 5248 2671 5288 sua
2698 5244 2915 5303 torpore
2941 5237 3219 5293 liberatur.
3248 5238 3405 5296 Unde
3428 5240 3577 5298 bene
3599 5244 3655 5297 in
3686 5244 3827 5298 Gate

2234 5324 2362 5378 vticis
2412 5324 2737 5381 canticorum
2790 5326 3025 5383 dicitur:
3062 5330 3274 5401 Surge,
3318 5334 3542 5403 Aquilo,
3598 5346 3644 5390 et
3677 5340 3825 5397 seni,

2241 5417 2447 5483 Auster,
2490 5417 2650 5485 per/la
2672 5417 2876 5472 hortum
2901 5435 3097 5484 meum,
3124 5431 3171 5475 et
3199 5422 3370 5492 ﬂuant
3411 5435 3652 5480 aromate
3683 5427 3825 5479 illius

2240 5506 2414 5576 (Cant.
2445 5522 2517 5573 tv,
2555 5506 2667 5575 t6).
2693 5509 2881 5576 Aquilo
2911 5511 3052 5565 enim
3078 5510 3296 5579 iubetur
3325 5522 3384 5568 ut
3407 5524 3617 5584 surgat.
3649 5525 3707 5570 ut
3735 5518 3819 5568 ni-

2243 5597 2433 5651 mirum
2466 5597 2510 5651 is
2540 5598 2628 5664 qui
2662 5597 2966 5653 mortalium
2998 5602 3157 5655 corda
3187 5586 3462 5674 restringit
3483 5605 3826 5662 adversarius

2312 5723 2339 5761 ιι
2368 5725 2613 5796 Vindoc.,
2651 5726 2847 5782 Pratel.
2893 5737 2947 5783 et
2990 5731 3103 5796 alii,
3147 5732 3369 5791 sollicita
3409 5737 3824 5792 consideratione

2244 5795 2605 5865 ponderamus.

2318 5872 2342 5899 θ
2366 5864 2590 5937 Turon.,
2622 5869 2840 5924 necdum
2860 5878 3089 5932 angusta.
