4036 6348
570 370 672 423 ως)

1770 361 2014 419 ssnon
2056 353 2383 414 assensu
2415 353 2629 412 llAGNl
2829 360 2842 372 ε
3321 309 3326 312 ’
3699 357 3776 409 μυ

570 491 652 538 ιιι-Ι
689 495 966 555 postquam
993 477 1219 537 audierit
1246 476 1454 548 potest?
1479 477 1582 532 Sed
1605 478 1724 547 quia
1755 491 1874 530 cum
1906 475 2145 530 doctrina
2174 475 2222 533 Α
2252 478 2483 534 soerent,
2514 482 2577 523 ac
2606 481 2754 524 more
2785 467 3000 524 nubium
3027 479 3191 537 aquas
3220 465 3457 521 scientia
3478 479 3716 536 caperem,
3741 481 3777 525 ct

566 588 624 630 et
664 576 964 647 arrogantia
991 573 1042 628 in
1072 573 1226 626 unius
1255 571 1447 626 mentis
1479 569 1802 624 habitatione
1830 569 2087 639 conﬂigit,
2113 582 2144 622 a

568 671 838 741 loquentis
870 683 961 723 ore
1007 681 1108 722 non
1147 666 1319 721 solum
1351 673 1503 721 sonat
1533 663 1744 720 vivendi
1790 663 1997 728 levitas,
2051 661 2144 718 sed

569 763 728 817 etiam
757 762 987 832 gravitas
1015 758 1299 825 sentiendi,
1325 767 1601 828 postquam
1628 757 1747 813 Eliu
1777 771 1872 827 per
1897 769 2144 825 arrogan-

568 856 694 910 tiam
736 855 925 910 leviter
953 853 1220 916 intumuit,
1269 853 1489 908 dicens:
1523 851 1650 918 Quis
1678 851 1904 906 narrabit
1941 849 1988 903 ei
2029 862 2146 919 qua:

566 947 777 1017 loquor?
806 960 927 1000 mox
960 960 1055 1015 per
1083 943 1375 1000 doctrinam
1401 943 1636 998 subdidit
1667 961 1679 995 :
1758 991 1778 1010 ,

762 1036 986 1092 CAPUT
1023 1035 1115 1091 χι,
1154 1035 1292 1108 [γει.
1326 1033 1540 1104 XXVI,
1583 1034 1707 1090 Rec.
1737 1033 1939 1105 XXV].

633 1129 758 1186 lstn.
782 1158 852 1172 --
874 1127 1048 1182 Etiam
1077 1129 1120 1182 si
1150 1128 1348 1181 locutus
1378 1127 1529 1196 fuerit
1560 1126 1730 1194 homo,
1765 1126 2102 1182 devorabitur.

634 1219 722 1276 67.
763 1219 1040 1274 Hominem
1071 1222 1134 1274 de
1164 1218 1272 1274 Deo
1303 1219 1477 1288 loqui,
1519 1227 1591 1272 est
1621 1233 1809 1273 meum
1848 1219 1909 1272 de
1953 1219 2141 1274 lumine

560 1317 829 1370 disserere.
851 1345 920 1355 —-—
941 1315 1111 1370 Omne
1140 1311 1280 1384 quod
1309 1311 1505 1381 aliquid
1535 1312 1776 1377 devorat,
1809 1313 1908 1368 hoc
1945 1313 2139 1368 intror-

559 1421 654 1462 sus
695 1407 936 1474 trahens,
983 1407 1050 1461 ab
1088 1405 1404 1461 intuentium
1449 1405 1620 1460 oculis
1659 1407 1906 1470 occultat,
1938 1415 1992 1462 et
2027 1421 2140 1462 rem

558 1515 680 1569 quae
709 1499 878 1554 videri
918 1500 971 1554 in
1012 1499 1293 1568 superficie
1331 1499 1500 1568 potuit
1538 1499 1592 1553 in
1623 1498 1938 1568 profundum
1981 1499 2141 1570 rapit.

567 1591 740 1646 Homo
775 1592 934 1661 igitur
960 1607 1080 1646 cum
1112 1592 1180 1646 de
1205 1591 1314 1646 Deo
1346 1600 1509 1658 tacet,
1541 1607 1636 1662 per
1665 1592 1921 1647 rationem
1955 1594 2008 1648 in
2038 1607 2141 1662 qua

560 1692 646 1736 est
695 1683 938 1738 conditus
969 1696 1088 1738 esse
1113 1682 1311 1752 aliquid
1335 1683 1562 1738 videtur.
1596 1685 1665 1738 At
1694 1685 1737 1739 si
1770 1685 1913 1752 loqui
1939 1685 2005 1740 de
2033 1685 2142 1740 Deo

562 1776 803 1843 coeperit,
834 1775 975 1831 illico
1001 1779 1158 1845 quam
1189 1775 1416 1832 sitnihil
1442 1778 1758 1845 ostenditur,
1783 1778 1906 1848 quia
1939 1777 2141 1850 magni-

2247 566 2434 621 subter
2456 565 2723 633 jacentem
2754 573 2950 618 terram
2988 561 3165 617 verbis
3209 559 3593 630 praedicationis
3632 563 3778 633 irriga-

2246 667 2384 725 rent,
2413 672 2518 728 quo
2545 667 2762 728 peracto
2790 657 3112 721 ministerio,
3139 654 3206 710 ad
3243 654 3367 710 cceli
3409 664 3604 709 secreta
3637 671 3780 711 recur-

2243 757 2446 816 rerent,
2479 759 2641 816 atque
2671 751 2737 804 ad
2767 759 3020 804 aeternam
3046 748 3282 817 requiem
3311 744 3461 800 ﬁnito
3501 745 3663 803 labore
3686 763 3781 818 per-

2243 841 2509 898 venirent.
2544 841 2695 897 Unde
2723 842 2889 913 386
2914 849 2967 896 et
2994 840 3129 894 bene
3157 851 3280 894 mox
3301 835 3579 894 subditur:
3641 905 3644 908 π

2818 953 3046 1012 CAPUT
3088 953 3246 1010 XLII.

2315 1046 2444 1102 lam.
2477 1075 2544 1087 ο-
2569 1045 2639 1101 Et
2660 1056 2835 1101 ventus
2865 1047 3114 1100 transiens
3143 1045 3338 1116 iugabit
3366 1061 3471 1101 eas.

2314 1136 2404 1191 70.
2436 1135 2663 1210 Irrigato
2702 1138 3061 1208 pra’dicatione
3110 1137 3375 1206 Evangelii
3413 1135 3616 1206 mundo,
3661 1140 3784 1196 nubes

2242 1225 2349 1282 illa
2375 1243 2406 1280 a
2435 1229 2620 1283 nostris
2663 1227 2823 1283 oculis
2872 1230 3078 1300 fugata}.
3102 1257 3174 1270 —
3201 1227 3402 1285 Ventus
3429 1228 3613 1297 quippe
3644 1239 3784 1285 trans-

2243 1318 2357 1373 iens
2389 1327 2469 1374 est
2505 1319 2610 1374 vita
2640 1334 2894 1389 presens.
2926 1321 3128 1375 Ventus
3178 1334 3307 1388 ergo
3348 1320 3612 1376 transiens
3649 1322 3784 1376 nubes

2243 1407 2428 1479 fugat,
2473 1412 2600 1481 quia
2656 1411 2896 1468 mortalis
2944 1412 3048 1467 vita
3090 1424 3405 1481 percurrens
3454 1410 3784 1479 praedicatores

2243 1508 2459 1555 sanctos
2485 1515 2514 1555 a
2545 1504 2745 1556 nostris
2772 1503 2941 1558 oculis
2966 1501 3318 1574 corporaliter
3346 1500 3594 1555 occultat.
3621 1498 3786 1554 Ventus

2244 1589 2508 1646 transiens
2539 1590 2703 1646 nubes
2736 1591 2898 1661 fugat,
2929 1593 3051 1660 quia
3076 1591 3204 1646 vitae
3237 1589 3546 1659 temporalis
3571 1601 3786 1644 excursus

2243 1693 2272 1732 a
2297 1694 2458 1735 carne
2481 1682 2753 1748 apuStolos
2780 1682 3064 1749 subtrahit,
3094 1691 3147 1736 et
3189 1695 3284 1736 eos
3312 1695 3342 1733 a
3369 1689 3525 1734 terra:
3548 1678 3787 1747 superﬁcie

2243 1772 2297 1827 in
2327 1783 2533 1830 secreta
2563 1774 2748 1842 requie
2789 1775 2938 1844 quasi
2970 1775 3022 1828 in
3069 1772 3325 1828 cmlorum
3351 1769 3568 1824 cardine
3593 1767 3786 1824 abscon-

561 1867 756 1923 tudinis
799 1868 935 1922 illius
965 1867 1319 1923 immensitate
1345 1868 1652 1935 devoratur,
1680 1878 1733 1925 et
1763 1871 1910 1939 quasi
1936 1871 1986 1924 in
2015 1885 2138 1940 pro—
2165 1861 2214 1923 Β
2241 1864 2337 1918 dit.
2365 1864 2472 1920 Sed
2499 1866 2618 1934 quia
2643 1879 2810 1934 usque
2839 1864 2904 1918 ad
2935 1873 3158 1919 mortem
3210 1863 3501 1934 praedicare
3546 1876 3642 1916 non
3677 1861 3789 1916 desi-

549 1960 775 2028 ‘tunduni
817 1966 997 2028 raptus
1025 1958 1390 2025 absconditur,
1421 1961 1541 2030 quia
1571 1959 1668 2015 fari
1701 1960 2018 2018 ineffabilem
2045 1977 2137 2017 cu-

559 2051 730 2123 piens,
777 2051 888 2120 ipsa
920 2065 1032 2105 suae
1073 2051 1388 2121 ignorantia:
1416 2053 1656 2121 angustia
1686 2052 1991 2122 deglutitur.
2036 2053 2138 2109 Lo-

557 2149 735 2217 quitur
773 2149 914 2204 enim
948 2164 1072 2205 caro
1113 2149 1179 2204 de
1206 2149 1416 2219 spiritu,
1462 2150 1894 2218 circumscriptus
1921 2151 2137 2220 spiritus

557 2246 626 2299 tte
659 2243 1135 2314 incircumscriplo,
1169 2255 1410 2300 creatura
1436 2244 1503 2300 de
1535 2253 1797 2310 creatore,
1832 2247 2137 2316 temporalis

558 2335 627 2390 tle
651 2345 872 2399 aeterno,
899 2333 1164 2388 mutabilis
1191 2334 1257 2389 de
1284 2334 1620 2405 immutabili,
1650 2336 1888 2389 mortalis
1912 2335 1979 2391 de
2007 2336 2136 2390 vivi-

564 2426 792 2491 licante;
823 2436 875 2479 et
904 2440 1024 2481 cum
1066 2426 1117 2480 in
1153 2425 1386 2482 tenebris
1429 2428 1630 2496 positus
1659 2426 1923 2480 internum
1957 2427 2135 2483 lumen

556 2519 696 2574 sicut
739 2528 819 2572 est
847 2517 1069 2583 nesciat,
1089 2517 1287 2586 'ltomo,
1317 2519 1384 2573 de
1421 2519 1716 2573 mternitate
1744 2518 2008 2573 disserere
2039 2533 2133 2572 cu-

561 2610 734 2679 piens,
765 2625 936 2666 ctecus
965 2611 1033 2667 de
1061 2611 1178 2666 luce
1202 2611 1454 2682 loquitur.
1491 2610 1552 2666 Si
1594 2627 1712 2682 ergo
1741 2612 1937 2665 locutus
1985 2613 2138 2682 fuerit

557 2704 732 2769 homo,
765 2703 1107 2769 derorabitur,
1141 2702 1262 2773 quia
1308 2704 1352 2759 si
1395 2702 1545 2758 effari
1584 2703 1744 2758 homo
1782 2704 2135 2762 aeternitatem

555 2797 697 2851 sicut
736 2805 816 2852 est
848 2798 1066 2867 appetit,
1097 2796 1255 2853 etiam
1305 2797 1405 2853 hoc
1453 2795 1553 2852 sibi
1600 2798 1864 2854 subtrahit
1891 2799 2032 2869 quod
2068 2800 2136 2856 de

557 2889 644 2945 illa
691 2890 773 2946 vel
803 2891 990 2947 tacitus
1033 2894 1214 2947 sentit.
1263 2891 1367 2948 Sed
1407 2905 1532 2947 ecce
1560 2893 1831 2948 aeternitas
1873 2902 1997 2948 tunc
2040 2894 2136 2951 ho-

560 2985 789 3041 minibus
822 3001 945 3042 vere
973 2988 1220 3053 innotuit,
1254 3002 1374 3043 cum
1412 3002 1471 3044 se
1497 2988 1574 3046 eis
1598 2988 1927 3046 humanitate
1955 3007 2135 3049 susce-

561 3089 646 3146 pta
690 3082 1021 3136 monstravit.
1059 3082 1188 3151 Quae
1229 3083 1352 3153 quia
1397 3084 1619 3139 necdum
1663 3087 1898 3141 revelata
1939 3085 2130 3156 fuerat,

559 3171 625 3229 de
655 3170 853 3231 eisdem
890 3173 1189 3230 hominibus
1236 3185 1383 3234 recte
1425 3177 1804 3248 subiungitur:

1156 3265 1380 3325 CAPUT
1412 3267 1540 3324 XLI.

630 3354 793 3411 Vens.
831 3356 920 3413 21.
942 3386 1005 3397 -
1030 3358 1093 3411 At
1123 3373 1259 3414 nunc
1288 3375 1386 3413 non
1413 3361 1582 3414 vident
1608 3361 1787 3416 lucem.

625 3445 716 3504 68.
751 3447 854 3503 Per
880 3448 1131 3504 Christum
1160 3450 1252 3505 tua:
1280 3451 1568 3506 hominibus
1597 3453 1813 3522 affulsit.
1837 3483 1903 3494 —
1933 3453 2005 3509 De
2034 3467 2136 3523 qua

558 3537 806 3594 nimirum
832 3541 948 3596 luce
981 3541 1140 3598 etiam
1177 3558 1270 3612 per
1295 3543 1607 3613 l’ropbetam
1626 3545 1818 3601 dicitur
1851 3564 1864 3600 ε
1902 3546 2137 3614 Populus

557 3640 582 3668 ιι
614 3632 700 3702 qui
731 3632 934 3687 sedebat
963 3634 1015 3687 in
1047 3634 1282 3699 tenebris,
1314 3636 1436 3690 vidit
1464 3636 1624 3690 lucem
1650 3652 1888 3708 magnam
1916 3636 2130 3707 (Matth.

557 3738 628 3791 tv,
665 3724 758 3794 16;
793 3725 921 3782 Isai.
954 3743 1028 3796 Ix,
1058 3728 1137 3799 2).
1170 3728 1274 3785 Sed
1322 3728 1435 3784 haec
1463 3730 1648 3786 eadem
1679 3731 1766 3785 lux
1815 3731 2043 3802 qualiter
2068 3731 2137 3787 ab

556 3817 859 3876 hominibus
889 3822 1158 3891 videatur,
1183 3823 1444 3890 insinuat,
1470 3839 1589 3879 cum
1633 3825 1870 3894 protinus
1912 3825 2086 3881 subdit
2117 3843 2134 3883 :

628 3912 757 3968 Istu.
779 3942 848 3953 —
871 3913 1052 3970 Subito
1081 3932 1168 3970 aer
1197 3926 1400 3988 cogetur
1425 3918 1478 3972 in
1500 3917 1677 3972 nubes.

627 4005 732 4059 Aer
757 4006 949 4076 quippe
973 4006 1042 4062 ita
1071 4008 1184 4078 ipsa
1206 4023 1298 4065 sua
1322 4011 1574 4065 tenuitate
1594 4009 1881 4079 spargitur,
1911 4018 1968 4064 ut
1994 4010 2138 4067 nulla

559 4099 808 4156 ﬁrmitate
831 4099 1110 4157 solidetur.
1139 4101 1318 4158 Nubes
1341 4112 1517 4159 autem
1547 4112 1696 4158 tanto
1726 4104 1988 4162 ﬁrmiores
2012 4116 2138 4161 sunt

556 4199 760 4258 quanto
791 4189 1084 4246 densiores.
1115 4192 1249 4259 Quid
1277 4209 1406 4263 ergo
1438 4209 1536 4264 per
1561 4209 1738 4250 aerem
1782 4194 1880 4250 nisi
1929 4204 2138 4253 mentes

556 4283 890 4339 saecularium
918 4284 1290 4356 designantur,
1321 4301 1462 4357 qua),
1497 4287 1794 4344 innumeris
1835 4287 1991 4358 hujus
2015 4288 2138 4345 vitae

556 4373 836 4430 desideriis
861 4375 1077 4445 deditae,
1109 4376 1210 4434 huc
1236 4378 1468 4450 illucque
1505 4393 1654 4435 more
1683 4381 1825 4437 aeris
1849 4379 2027 4436 ﬂuidae
2058 4381 2139 4435 di-

559 4467 1043 4537 sperguntur?Sed
1090 4484 1183 4526 aer
1231 4472 1284 4525 in
1330 4472 1498 4528 nubes
1545 4473 1771 4543 cogitur,
1815 4488 1934 4528 cum
1982 4472 2138 4532 ﬂuxze

559 4567 764 4613 mentes
792 4573 886 4628 per
914 4560 1132 4629 superni
1159 4572 1431 4632 respectus
1459 4565 1685 4635 gratiam
1718 4565 1927 4621 virtutis
1951 4566 2138 4621 solidi-

2241 1964 2401 2019 nunt,
2434 1963 2488 2009 et
2514 1955 2792 2025 praesentis
2834 1955 2958 2008 vitae
2989 1956 3217 2023 spatium
3250 1966 3396 2008 more
3442 1949 3654 2005 nubium
3691 1963 3790 2005 cum

2237 2044 2522 2100 verborum
2551 2045 2724 2115 pluvia
2750 2053 3059 2110 excurrunt,
3087 2044 3212 2113 quid
3254 2058 3438 2098 eorum
3475 2040 3722 2096 laboribus
3747 2040 3790 2095 in

2239 2145 2421 2191 sancta
2449 2136 2691 2194 Ecclesia
2713 2147 2898 2206 agatur
2919 2135 3179 2204 adiungit,
3203 2149 3324 2190 cum
3349 2133 3591 2203 protinus
3610 2128 3786 2185 subdit:

2590 2244 2816 2301 CAPUT
2857 2245 3012 2299 XLIII
3038 2244 3184 2318 [Rec.
3211 2241 3446 2314 XXVI].

2312 2335 2476 2393 Vnus.
2501 2335 2593 2393 9.2.
2610 2366 2681 2382 -—
2698 2338 2772 2391 Ab
2803 2338 3054 2406 Aquilone
3082 2353 3263 2390 aurum
3290 2335 3471 2390 reniet.

2309 2431 2398 2485 7t.
2429 2430 2472 2486 Α
2497 2430 2770 2501 gentilibus
2800 2428 3091 2482 Christiana
3117 2427 3297 2495 religio
3342 2425 3652 2496 potissimum
3692 2438 3791 2492 pro-

2239 2531 2449 2590 pagata.
2476 2549 2545 2560 -—
2571 2519 2707 2587 Quid
2754 2535 2847 2589 per
2885 2521 3222 2589 Aquilonem,
3257 2517 3357 2573 nisi
3398 2518 3600 2585 peccati
3627 2516 3792 2586 lrigore

2238 2613 2528 2669 constricta
2559 2611 2827 2682 gentilitas
2857 2610 3211 2680 designatur?
3238 2624 3396 2679 quam
3426 2610 3518 2664 ille
3565 2608 3657 2664 sub
3688 2593 3794 2677 jugo

2239 2719 2350 2760 sua:
2382 2703 2674 2775 tyrannidis
2714 2703 2881 2758 tenuit
2922 2702 3011 2772 qui
3041 2701 3353 2771 superbigns
3420 2700 3560 2754 dixit
3589 2716 3601 2752 :
3628 2699 3794 2755 Sedebo

2239 2798 2293 2851 in
2324 2808 2494 2852 monte
2529 2797 2833 2859 testamenti,
2861 2797 2914 2850 in
2946 2796 3183 2849 lateribus
3214 2793 3504 2865 Aquilonis,
3557 2793 3796 2847 ascendant

2243 2907 2396 2958 super
2429 2891 2750 2945 altitudinem
2781 2889 3013 2953 nubium,
3044 2888 3226 2943 similis
3254 2903 3338 2941 ero
3368 2886 3628 2941 Altissimo
3655 2883 3794 2954 (Isai.

2243 2996 2354 3049 xtv,
2382 2979 2470 3046 l5,
2493 2979 2604 3049 14).
2631 2980 2766 3046 Quid
2793 2993 2922 3034 vero
2951 2977 3066 3033 auri
3097 2978 3332 3043 nomine,
3363 2979 3465 3032 nisi
3497 2977 3677 3032 animae
3697 2975 3795 3030 lide-

2241 3075 2317 3129 les
2347 3072 2762 3142 exprimuntur?
2798 3071 2870 3127 De
2899 3071 3092 3142 quibus
3136 3085 3232 3141 per
3260 3071 3545 3126 Jeremiam
3585 3070 3795 3124 dicitur:

2246 3166 2512 3234 Quomodo
2543 3167 2864 3220 obscuratunt
2892 3175 2962 3220 est
2984 3181 3187 3232 aurum,
3216 3173 3442 3219 mutatus
3469 3173 3540 3219 est
3569 3165 3696 3218 color
3719 3179 3796 3228 op-

2165 3265 2210 3329 C
2243 3258 2394 3312 timus
2417 3256 2632 3327 (Tltren.
2667 3271 2739 3323 tv,
2768 3255 2861 3326 l)?
2893 3257 3094 3310 Aurum
3137 3256 3330 3326 quippe
3359 3255 3692 3310 obscuratum
3715 3251 3795 3306 do-

2244 3350 2360 3416 luit,
2391 3349 2513 3418 quia
2540 3348 2595 3403 in
2617 3347 2930 3418 quibusdam
2955 3347 3247 3402 claritatem
3271 3347 3592 3402 innocentia:
3616 3355 3796 3400 versant

2245 3441 2295 3494 in
2327 3439 2500 3509 culpa:
2529 3439 2861 3508 nigredinem
2895 3437 3038 3493 vidit.
3071 3438 3154 3494 Ab
3180 3439 3445 3506 Aquilone
3475 3453 3602 3508 ergo
3637 3447 3796 3489 aurum

2241 3533 2422 3587 venire
2452 3531 2668 3596 dicitur,
2698 3531 2822 3602 quia
2845 3546 2942 3601 per
2963 3540 3264 3601 respectum
3289 3531 3474 3602 gratia:
3499 3530 3798 3596 Redemptus

2241 3625 2315 3680 ris
2343 3641 2372 3681 a
2402 3627 2700 3698 gentilitate
2729 3625 2929 3680 dudum
2957 3623 3192 3694 perﬁdia
3221 3632 3438 3693 torpore
3468 3623 3652 3693 frigida
3681 3621 3796 3673 intra

2240 3726 2480 3774 sanctam
2512 3717 2807 3774 Ecclesiatn
2837 3718 3068 3788 pretiosa
3099 3717 3208 3773 Deo
3236 3717 3343 3771 vita
3375 3715 3608 3771 ﬁdelium
3639 3711 3795 3768 multi--

2243 3810 2489 3880 plicatur.
2523 3811 2605 3864 Ab
2633 3809 2895 3879 Aquilone
2917 3809 3114 3866 etenim
3157 3822 3347 3862 aurum
3399 3806 3542 3862 venit
3588 3820 3699 3860 cum
3743 3801 3796 3855 ab

2241 3901 2370 3971 ipsis
2401 3901 2666 3956 idolorum
2704 3899 2996 3955 cultoribus
3023 3913 3150 3955 vera
3179 3899 3230 3953 in
3265 3897 3492 3953 Domino
3541 3897 3665 3951 ﬁdes
3706 3894 3795 3948 cla-

2239 3993 2426 4047 rescit.
2467 3992 2573 4047 Sed
2604 3991 2882 4047 conversis
2910 3990 2977 4044 ad
3008 3990 3162 4045 ﬁdem
3193 3988 3462 4058 gentibus,
3490 3987 3666 4043 .ludzea
3691 4000 3794 4038 con-

2242 4084 2473 4150 tradicit,
2505 4082 2532 4120 δ
2554 4092 2608 4138 et
2632 4082 2699 4138 ad
2726 4083 3064 4153 praemiorum
3093 4082 3501 4137 retributionem
3525 4077 3792 4135 caelestium

2239 4179 2558 4249 dedignatur
2588 4179 2859 4247 suscipere
2887 4193 2980 4233 eos
3010 4178 3096 4247 qui
3129 4176 3324 4231 dudum
3357 4175 3566 4229 fuerant
3595 4174 3796 4229 cultores

2241 4270 2526 4324 idolorum.
2569 4268 2721 4324 Unde
2765 4278 2882 4338 post
2927 4265 3333 4325 conversionem
3380 4266 3617 4332 gentium
3662 4263 3794 4316 Petro

2240 4363 2434 4418 dicitur
2461 4380 2474 4418 :
2507 4366 2682 4429 Quare
2720 4363 2941 4416 introisti
2978 4363 3045 4414 ad
3075 4362 3204 4414 viros
3236 4361 3541 4429 praeputium
3565 4357 3794 4415 habentes,

2241 4463 2286 4510 et
2319 4455 2584 4509 comedisti
2624 4471 2740 4508 cum
2788 4455 2859 4508 eis
2907 4453 3044 4523 (Act.
3075 4468 3147 4518 st,
3180 4451 3277 4520 5)?
3305 4452 3418 4519 Quo
3447 4458 3632 4505 contra
3675 4455 3795 4501 recte

2241 4559 2339 4616 per
2366 4545 2554 4600 ἰειιὶίιηι
2598 4544 2853 4600 Dominus
2891 4546 3018 4600 dicit
3048 4562 3059 4597 :
3093 4542 3272 4596 Dicam
3306 4544 3546 4611 Aquiloni
3574 4558 3593 4597 :
3624 4541 3726 4600 Da;
3759 4545 3796 4589 rt

559 4660 668 4706 tate
691 4653 1032 4721 roborantur,
1053 4664 1109 4710 ut
1130 4657 1266 4711 intra
1288 4657 1460 4712 sinum
1487 4658 1664 4714 cordis
1688 4668 1830 4714 recta
1855 4658 2136 4716 sentiendo

2243 4638 2430 4691 Austro
2463 4654 2481 4691 :
2513 4635 2639 4692 Noli
2684 4636 2948 4708 prohibere
2982 4634 3143 4708 (Isai.
3179 4650 3340 4701 xutt,
3373 4634 3456 4703 6).
3502 4634 3648 4688 Sicut
3674 4628 3795 4684 enim

559 4756 616 4797 se
636 4745 909 4814 colligant,
937 4755 990 4802 et
1011 4747 1062 4801 in
1087 4748 1233 4803 vanis
1258 4749 1666 4821 cogitationibus
1687 4766 1790 4807 non
1815 4751 2132 4822 liquescant.

631 4835 720 4895 69.
759 4838 940 4895 Petrus
965 4849 1015 4895 et
1043 4844 1212 4897 ceteri
1239 4846 1459 4913 apostoli
1493 4862 1583 4915 per
1623 4848 1841 4917 gratiam
1881 4849 1933 4903 in
1980 4849 2136 4903 nubes

557 4930 792 4987 solidati.
815 4961 883 4973 —
908 4933 1014 4990 Aer
1042 4935 1228 4991 Petrus
1258 4935 1447 5002 fuerat,
1479 4953 1598 4994 cum
1631 4954 1727 5008 per
1758 4948 1966 4996 terrena
1996 4941 2138 4998 desi-

565 5021 714 5079 deria
739 5036 976 5092 sparsus,
1004 5039 1126 5080 eum
1150 5026 1300 5096 quasi
1321 5041 1449 5083 aura
1473 5029 1736 5085 transiens
1766 5045 1863 5100 pro
1892 5033 1996 5086 vita
2026 5047 2138 5088 car-

558 5115 640 5170 nis
678 5130 800 5171 cura
861 5115 1168 5186 piscationis
1213 5120 1443 5188 agitabat
1490 5121 1704 5194 (Matth.
1751 5139 1822 5191 tv,
1868 5123 1978 5188 l8).
2032 5127 2138 5181 Aer

558 5208 718 5263 etiam
750 5208 975 5279 apostoli
1003 5224 1190 5267 omnes
1217 5213 1553 5283 exstiterant,
1585 5215 1674 5286 qui
1702 5217 1809 5287 jam
1840 5232 1930 5287 per
1964 5217 2136 5289 legem

558 5298 665 5352 alta
691 5298 1018 5366 didicerant,
1047 5301 1141 5357 sed
1184 5303 1411 5362 necdum
1446 5321 1538 5375 per
1570 5307 1724 5364 ﬁdem
1759 5308 1908 5362 ﬁrma
1958 5310 2136 5378 sapie-

557 5383 686 5444 bant
716 5389 926 5462 (lbid.).
952 5393 1140 5451 Subito
1171 5405 1346 5452 autem
1370 5413 1464 5453 aer
1505 5399 1558 5454 in
1599 5400 1764 5456 nubes
1791 5410 2006 5458 coactus
2031 5411 2135 5472 est,

559 5482 682 5550 quia
711 5498 803 5552 per
837 5497 1137 5558 respectum
1185 5505 1431 5560 superna.-
1469 5493 1652 5562 gratim
1683 5493 1822 5548 ﬂuxa
1858 5495 2019 5550 corda
2050 5497 2135 5564 pi-

559 5576 820 5630 scantium
857 5579 910 5634 in
939 5581 1262 5653 soliditatem
1292 5597 1447 5639 versa
1477 5594 1600 5639 sunt
1631 5586 2052 5654 pradicatorum,
2079 5595 2137 5641 ut

558 5677 746 5721 eorum
797 5668 1022 5726 inﬁrma:
1054 5672 1402 5742 cogitationes
1441 5675 1592 5730 fortis
1634 5676 1914 5733 sentiendo
1942 5677 2138 5733 dense-

627 5787 653 5858 ξ
673 5777 815 5858 ἔδει.
837 5764 1267 5858 Basil._i5_l‘,qui
1283 5788 1593 5843 ambulabat.
1613 5789 1762 5854 Alite,
1780 5791 1867 5858 qui
1882 5789 2124 5844 ambulat.

628 5847 655 5880 ἰ
685 5848 877 5903 Pratel.
911 5863 962 5906 ct
991 5847 1246 5916 Utic.,'ad
1270 5860 1482 5916 pueritia
1512 5847 1916 5914 retributionum.

2248 4745 2342 4800 per
2370 4729 2688 4800 Aquilonem
2719 4728 3006 4799 gentilitas,
3041 4729 3116 4781 sic
3141 4742 3234 4796 per
3266 4727 3512 4781 Austrum
3543 4724 3718 4779 Judtea
3740 4720 3796 4771 si-

2243 4832 2456 4894 gnatur,
2489 4837 2605 4892 quae
2633 4822 2784 4891 quasi
2817 4820 3109 4874 meridiano
3136 4820 3248 4874 sole
3274 4819 3508 4884 incaluit,
3541 4817 3681 4888 quia,
3711 4811 3796 4864 Re-

2244 4914 2522 4983 demptore
2551 4912 2604 4967 in
2633 4927 2792 4966 carne
2826 4918 3143 4981 apparente,
3180 4912 3440 4964 fervorem
3487 4907 3607 4961 ﬁdei
3651 4904 3797 4974 prima

2244 5007 2499 5077 suscepit.
2534 5004 2785 5076 Aquiloni
2829 5019 2955 5074 ergo
2996 5003 3060 5056 da
3088 5001 3279 5057 dicitur
3307 5015 3427 5055 cum
3473 4999 3664 5055 offerre
3707 4995 3796 5046 Deo

2247 5113 2358 5152 sua:
2389 5098 2510 5154 ﬁdei
2541 5113 2760 5153 munera
2792 5097 3056 5168 gentilitas
3080 5095 3392 5164 imperatur.
3423 5097 3617 5147 Austro
3644 5097 3795 5142 aute

2239 5189 2460 5260 jubetur
2484 5203 2553 5245 ne
2579 5188 2878 5258 prohibeat,
2904 5188 3023 5257 quia
3054 5187 3290 5240 Hebraeis
3315 5186 3368 5240 in
3397 5183 3498 5238 ﬁde
3529 5182 3795 5237 consisten-

2245 5283 2387 5338 tibus
2418 5282 2724 5351 praecipitur
2757 5291 2779 5320 ε
2809 5295 2875 5335 ne
2901 5279 3061 5334 vitam
3098 5279 3331 5346 gentium
3359 5275 3664 5345 repellendo
3689 5284 3795 5327 cou-

2243 5375 2514 5430 demnent.
2563 5372 2716 5428 Unde
2757 5371 2843 5426 hic
2887 5384 3097 5441 quoque
3144 5369 3267 5439 quia
3312 5369 3511 5424 dictum
3558 5375 3640 5424 est
3680 5381 3694 5419 :
3735 5359 3792 5415 Al

2242 5468 2490 5533 Aquilone
2509 5480 2692 5519 aurum
2723 5467 2904 5528 veniet,
2935 5471 3057 5523 apte
3079 5460 3412 5527 subiungitur
3443 5476 3459 5516 :

2316 5585 2445 5640 leln.
2468 5612 2539 5624 —
2557 5582 2626 5638 Et
2652 5599 2684 5636 a
2714 5580 2821 5638 Deo
2849 5581 3182 5653 formidolosa
3208 5581 3456 5636 laudatio.

2312 5676 2403 5731 72.
2429 5675 2507 5730 De
2527 5676 2753 5745 gentium
2782 5676 3104 5730 conversione
3128 5674 3348 5744 apostoli
3390 5683 3437 5730 et
3477 5674 3572 5729 alii
3620 5687 3680 5726 es
3715 5668 3793 5722 cir-

2311 5791 2612 5915 °‘Vindoc.,
2653 5810 2717 5849 ne
2761 5795 2913 5849 vitam
2953 5794 3218 5864 gentilium
3260 5792 3549 5863 repellenda
3596 5799 3790 5845 contem-

2311 5878 2340 5913 η
2369 5899 2382 5914 ο

2238 5878 2382 5914 nam.
