4036 6348
254 382 353 438 ιιι

1001 373 1363 432 MORALIUM
1400 374 1530 432 LIB.
1573 373 1786 431 XXVII.
1828 401 1898 417 --
1936 372 2002 431 ΙΝ
2044 370 2271 430 CAPUT
2312 371 2557 430 XXXVII
2599 374 2657 428 Β.
2703 373 2843 432 JOB.

3430 376 3538 435 ΜΞ

255 495 562 548 cumcisione
591 490 770 560 ﬁdeles
799 488 964 545 Deum
985 489 1346 546 laudauerunt.
1367 477 1441 531 —'
1458 491 1544 548 Sic
1573 491 1714 546 enim
1741 491 1842 546 for-
1869 495 1922 554 Α
1949 489 2001 543 in
2030 488 2124 544 illo
2151 499 2412 545 sentimus
2441 505 2506 545 ex
2538 489 2641 546 fide
2670 499 2776 555 est,
2812 487 2832 528 τ
2860 497 2915 546 et
2952 504 3058 547 non
3087 505 3154 549 ex
3178 491 3378 562 specie.
3421 490 3538 550 lloc

255 587 519 644 midolosa
551 585 783 641 laudatio
812 599 841 637 a
875 583 984 639 Deo
1007 592 1033 620 ἰ
1061 585 1242 641 venire
1269 584 1483 650 dicitur,
1505 599 1566 639 ac
1593 585 1638 640 si
1671 585 1738 640 ab
1761 583 1842 639 bis

255 682 344 753 qui
371 683 427 736 in
454 687 604 752 parte
635 681 723 735 Dei
756 688 878 734 sunt
908 678 959 733 id
988 687 1069 734 est
1098 694 1127 734 a
1163 680 1406 736 fidelibus
1434 678 1463 718 ιι
1494 680 1673 736 venire
1699 680 1845 735 dice-

255 783 428 831 retur.
455 775 600 828 Auro
627 771 788 843 igitur
813 771 881 826 ab
906 771 1167 842 Aquilone
1197 774 1476 840 veniente,
1505 788 1533 827 a
1579 773 1690 830 Deo
1729 772 1842 828 for-

256 863 517 922 midolosa
557 863 790 920 laudatio
819 865 1035 934 prodiit,
1069 864 1189 933 quia
1236 865 1362 920 dum
1393 865 1686 926 claritatem
1731 879 1845 919 suae

258 957 384 1012 fidei
436 955 704 1028 gentilitas
732 956 944 1024 obtulit,
993 957 1276 1013 multitudo
1326 957 1672 1013 Hebraeorum
1717 957 1843 1012 fide-

258 1051 389 1106 lium
418 1050 597 1106 divina
618 1050 814 1120 judicia
838 1051 1269 1121 pertimescenda
1296 1050 1547 1106 laudavit.
1583 1051 1687 1107 Sed
1716 1067 1845 1121 quo-

258 1143 422 1198 modo
468 1143 535 1196 ab
565 1143 828 1214 Aquilone
864 1143 1042 1199 veniat
1087 1160 1296 1214 aurum,
1334 1145 1601 1216 quomodo
1646 1147 1713 1202 ab
1762 1147 1846 1202 his

257 1236 348 1306 qui
378 1235 480 1292 sub
510 1236 618 1291 Deo
646 1246 771 1291 sunt
800 1236 1146 1292 formidolosa
1177 1238 1409 1293 laudatio
1437 1250 1701 1308 erumpat,
1731 1240 1846 1308 ipsa

256 1327 411 1382 nobis
440 1326 662 1382 historia
693 1328 830 1382 sacri
860 1327 1056 1398 eloquii
1083 1329 1334 1385 ostendit.
1355 1328 1624 1399 Scriptum
1651 1331 1848 1399 quippe

255 1426 342 1474 est
376 1416 704 1474 :Cernelius.
729 1421 958 1473 centurio
987 1421 1208 1475 cohortis
1253 1436 1365 1486 qua:
1403 1422 1592 1475 dicitur
1631 1422 1843 1488 Italica,

256 1508 528 1578 religiosus
553 1518 600 1564 et
630 1512 806 1566 timens
832 1510 1011 1578 Deum,
1038 1528 1154 1566 cum
1180 1514 1318 1566 omni
1342 1513 1492 1566 domo
1515 1529 1628 1579 sua,
1657 1514 1847 1583 faciens

257 1604 601 1674 eleemosynas
643 1607 830 1658 multas
856 1607 1018 1676 plebi,
1050 1617 1096 1660 et
1123 1607 1404 1675 deprecans
1435 1606 1600 1662 Deum
1630 1624 1846 1676 semper,

255 1696 382 1749 vidit
404 1696 460 1749 in
488 1697 597 1750 uisu
639 1699 930 1768 manifeste,
961 1700 1107 1766 quasi
1134 1700 1260 1752 liora
1293 1700 1394 1752 diei
1423 1716 1579 1766 nona,
1612 1702 1850 1770 angelum

259 1786 362 1841 Dei
402 1789 734 1844 introeuntem
776 1789 844 1844 ad
879 1807 952 1858 se,
981 1801 1030 1846 et
1060 1793 1310 1846 dicentem
1353 1793 1450 1847 sibi
1479 1793 1742 1848 :Corneli.
1785 1795 1851 1848 At

1949 592 2125 637 tamen
2158 582 2298 652 quod
2322 583 2430 651 jam
2458 597 2517 639 se
2546 583 2812 640 invenisse
2833 583 3138 640 considerat
3166 583 3427 656 adiungit,
3449 583 3533 641 di-

1947 689 2075 731 CCIIS
2096 690 2111 728 τ

2021 765 2146 820 luto.
2178 795 2246 808 —
2268 765 2492 837 Magnus
2517 768 2816 840 fortitudine
2845 777 2892 823 et
2910 769 3114 842 judicio
3144 777 3191 825 et
3211 769 3420 841 justitia
3444 811 3459 840 ,
3486 777 3539 826 et

1949 859 2183 912 enarrari
2199 874 2298 912 non
2321 867 2502 928 potest.

2025 950 2244 1020 Magnus
2271 949 2469 1020 quippe
2497 958 2579 1007 est
2606 951 2937 1022 fortitudine,
2962 953 3083 1024 quia
3115 953 3306 1009 fortem
3350 953 3542 1010 adver-

1949 1043 2150 1099 sarium
2178 1052 2415 1111 superat,
2448 1052 2502 1100 et
2530 1043 2600 1099 de
2645 1044 2805 1100 domo
2837 1045 2980 1099 illius
3027 1061 3152 1101 vasa
3199 1047 3543 1103 contumeliae

1951 1138 2201 1195 auferens
2230 1139 2282 1194 in
2312 1139 2695 1195 misericordiae
2727 1155 2849 1194 vasa
2881 1149 3164 1210 permutat.
3200 1142 3418 1214 Magnus
3441 1143 3531 1212 ju-

1951 1233 2118 1300 dicio,
2141 1233 2266 1303 quia
2290 1232 2391 1288 etsi
2415 1232 2502 1287 hic
2528 1232 2729 1289 electos
2751 1248 2879 1288 suos
2901 1248 2997 1303 per
3017 1232 3237 1289 adversa
3267 1233 3542 1304 deprimit,

1955 1341 2048 1382 eos
2085 1325 2404 1397 quandoque
2433 1326 2486 1380 in
2515 1325 2685 1396 gloria
2715 1335 2930 1381 aeternae
2961 1325 3327 1395 prosperitatis
3371 1327 3544 1382 extol-

1954 1418 2034 1474 lit.
2063 1419 2282 1491 Magnus
2323 1418 2548 1488 justitia,
2581 1419 2704 1488 quia
2733 1418 2835 1474 etsi
2869 1418 2956 1472 hic
2996 1417 3086 1472 diu
3119 1418 3340 1484 tolerat,
3372 1433 3546 1488 quan-

1955 1512 2130 1582 doque
2175 1520 2352 1565 tamen
2379 1511 2639 1579 reprobos
2671 1510 2786 1564 sine
2837 1509 3067 1564 termino
3111 1508 3346 1563 damnat.
3403 1509 3546 1564 Bene

1957 1613 2136 1660 autem
2167 1603 2412 1658 subditur
2444 1620 2456 1658 :
2491 1601 2557 1657 Et
2588 1604 2818 1656 enarrari
2849 1619 2949 1656 non
2987 1611 3166 1673 potest.
3204 1611 3228 1650 Β
3256 1601 3355 1670 Qui
3401 1602 3546 1656 enim

1955 1697 2145 1752 sentiri
2175 1696 2334 1766 digne
2363 1710 2468 1750 non
2499 1697 2660 1762 valet,
2687 1706 2886 1766 quanto
2917 1699 3094 1751 minus
3121 1696 3264 1752 dici?
3294 1695 3397 1750 Sed
3429 1709 3545 1750 me-

1954 1791 2057 1845 lius
2101 1791 2243 1846 buuc
2271 1800 2537 1860 utcunque
2582 1789 2830 1856 dicimus,
2859 1789 2904 1844 si
2955 1791 3054 1846 sub
3104 1789 3549 1847 consideratiouis

255 1879 348 1933 ille
379 1889 400 1917 ε
433 1879 633 1935 intuens
664 1898 800 1948 eum,
829 1883 1012 1937 timore
1037 1895 1300 1954 correptus
1325 1886 1455 1938 dixit
1483 1901 1500 1939 :
1529 1886 1656 1951 Quis
1682 1888 1846 1958 887
1877 1893 1927 1954 Β
1953 1884 2072 1955 ejus
2101 1881 2387 1939 formidine
2415 1883 2728 1938 admirando
2759 1894 3048 1938 taceamus.
3080 1883 3368 1952 Sequitur:

256 1985 332 2035 es,
365 1967 620 2024 Domine?
642 1969 784 2025 Dixit
807 1980 974 2026 autem
997 1973 1077 2026 illi
1107 1989 1124 2026 :
1157 1973 1422 2029 Orationes
1443 1985 1542 2029 tute
1561 1985 1606 2030 et
1632 1977 1848 2031 eleente-

254 2079 400 2135 syria:
427 2073 526 2118 tute
566 2066 896 2120 ascenderunt
926 2068 979 2119 in
1010 2067 1311 2121 memoriam
1338 2069 1393 2121 in
1434 2079 1709 2139 conspectu
1752 2067 1850 2124 Dei

257 2157 402 2225 (Act.
431 2175 485 2222 ι,
517 2159 541 2214 1
571 2159 723 2228 seq.).
755 2160 957 2215 Aurum
989 2176 1117 2230 ergo
1144 2162 1211 2215 ab
1240 2161 1504 2233 Aquilone
1535 2165 1696 2230 venit,
1722 2163 1850 2219 dum

255 2254 313 2308 in
336 2265 630 2324 conspectu
655 2255 748 2310 Dei
775 2269 840 2312 ex
870 2257 1130 2330 gentibus,
1149 2272 1270 2314 cum
1293 2259 1652 2331 eleemosynis
1681 2271 1852 2316 oratio

256 2345 520 2401 ascendit.
550 2347 700 2415 Quod
731 2362 852 2403 cum
879 2349 1064 2405 Petrus
1086 2350 1336 2406 fratribus
1365 2351 1634 2406 retulisset
1662 2350 1848 2421 (Ibid,

259 2437 378 2511 12),
399 2439 666 2508 quomodo
688 2441 1067 2499 velCornelius
1086 2444 1354 2514 angelum,
1379 2445 1464 2500 vel
1493 2445 1604 2512 ipse
1626 2445 1694 2500 de
1716 2445 1854 2501 cmlo

260 2531 505 2587 submitti
549 2533 614 2587 ad
643 2547 705 2589 se
740 2533 960 2590 linteum
994 2549 1114 2590 cum
1146 2536 1332 2591 bestiis
1364 2535 1642 2605 reptilibus
1671 2539 1857 2590 ac‘vo—

263 2624 502 2681 latilibus
531 2625 770 2694 vidisset,
795 2627 878 2683 vel
900 2628 1168 2698 quomodo
1195 2628 1424 2698 Spiritus
1446 2637 1662 2682 sanctus
1693 2630 1856 2683 etiam

265 2730 392 2775 ante
441 2719 700 2790 baptisma
745 2722 1020 2792 gentilium
1051 2723 1212 2778 corda
1241 2720 1569 2792 perfuderit,
1604 2722 1693 2792 qui
1725 2738 1860 2776 nun-

263 2828 424 2884 quam
453 2813 505 2870 in
533 2812 842 2870 Iudaeorum
886 2815 1155 2871 mentibus
1184 2817 1284 2870 nisi
1316 2825 1433 2884 post
1459 2831 1648 2885 aquam
1681 2816 1858 2885 bapti-

261 2905 454 2962 smatis
495 2907 660 2972 venit,
694 2907 936 2974 protinus
966 2907 1222 2975 scriptum
1252 2915 1334 2961 est
1360 2925 1373 2960 :
1403 2906 1504 2961 llis
1546 2906 1736 2960 auditis
1783 2918 1860 2958 la-

263 3005 506 3062 eserunt,
542 3007 587 3051 et
626 2997 1042 3068 gloriﬁcaverunt
1086 2997 1274 3063 Deum,
1323 2999 1548 3053 dicentes
1581 3015 1599 3052 :
1631 2997 1770 3070 Ergo
1814 3004 1860 3052 et

262 3089 500 3161 gentibus
522 3088 660 3144 Deus
684 3090 1026 3159 panitentiam
1048 3092 1116 3145 ad
1137 3092 1289 3145 vitam
1314 3091 1453 3146 dedit
1476 3092 1611 3162 (Act.
1635 3108 1710 3156 ιι,
1741 3090 1850 3162 l8).

263 3181 550 3237 Multitudo
589 3196 720 3254 ergo
749 3183 986 3238 fidelium
1009 3180 1037 3222 ἀ
1069 3184 1465 3240 formidolosam
1499 3185 1609 3240 Deo
1640 3186 1849 3242 Iaudem

2308 1974 2530 2032 CAPUT
2572 1976 2729 2031 XLVI
2758 1976 2905 2048 tneo.
2934 1975 3208 2048 XXVII].

2029 2069 2190 2124 VIBS.
2213 2067 2307 2126 24.
2324 2099 2392 2110 ——
2412 2068 2541 2124 Ideo
2559 2068 2804 2123 timebunt
2824 2084 2942 2122 eum
2959 2069 3074 2133 uiri,
3101 2077 3147 2122 et
3165 2083 3268 2122 non
3292 2068 3552 2124 audebunt

1954 2165 2290 2235 contemplari
2312 2181 2484 2219 omnes
2504 2165 2590 2233 qui
2617 2164 2713 2219 sibi
2742 2164 2976 2218 uidentur
3003 2179 3109 2217 esse
3129 2163 3402 2231 sapientes.

2026 2255 2115 2310 75.
2145 2257 2244 2323 Qui
2263 2267 2396 2312 recte
2422 2257 2723 2328 praedicant,
2749 2257 2838 2312 sed
2869 2274 2970 2311 non
2990 2257 3184 2322 uiuunt,
3210 2254 3552 2313 damnationis

1913 2370 1919 2378 ο
1955 2365 2062 2404 sua:
2093 2364 2347 2420 ρνιεεοιιεε
2369 2350 2520 2419 ﬁunt.
2552 2379 2620 2390 —
2643 2350 2755 2404 lloc
2785 2349 2905 2404 loco
2930 2349 3050 2404 Elin
3077 2350 3220 2404 viros
3256 2363 3349 2405 eos
3368 2350 3459 2420 qui
3481 2348 3551 2404 ad

1959 2445 2366 2516 intelligentiam
2388 2453 2515 2499 sunt
2535 2446 2703 2500 fortes
2730 2445 2983 2515 appellat.
3011 2445 3076 2500 Et
3099 2445 3388 2500 notandum
3409 2445 3552 2515 quod

1959 2550 2066 2591 non
2099 2537 2220 2592 ait:
2267 2537 2332 2590 Et
2377 2552 2482 2592 non
2530 2537 2802 2598 audebunt
2850 2538 3202 2607 contemplari
3249 2539 3552 2608 sapientes;

1959 2628 2077 2698 sed,
2117 2627 2216 2695 Qui
2243 2627 2338 2681 sibi
2368 2629 2601 2681 ridentur
2629 2645 2736 2683 esse
2765 2629 3039 2700 sapientes.
3070 2628 3272 2697 Quibus
3303 2627 3553 2685 videlicet

1959 2720 2137 2775 verbis
2179 2720 2380 2788 peritos
2409 2719 2646 2789 quidem,
2676 2720 2772 2775 sed
2802 2731 3115 2792 arrogantes
3144 2721 3399 2776 insinuat.
3435 2720 3553 2775 Eliu

1961 2828 2091 2885 ergo
2118 2813 2250 2868 dum
2272 2814 2437 2867 multa
2470 2813 2680 2870 fortiter
2711 2815 2894 2881 sentit,
2928 2815 2979 2868 in
3002 2814 3288 2870 locutionis
3311 2829 3424 2870 suae
3447 2813 3552 2870 fine

1962 2921 2022 2962 se
2049 2906 2240 2976 tetigit.
2274 2905 2386 2960 Viri
2410 2922 2642 2978 namque
2663 2918 2973 2977 arrogantes
3003 2915 3058 2962 et
3082 2907 3222 2964 docti
3253 2922 3374 2962 cum
3405 2912 3554 2963 recte

1962 3011 2070 3052 non
2096 2997 2298 3065 vivunt,
2335 2998 2431 3055 sed
2459 3006 2638 3054 tamen
2664 3007 2808 3054 recta
2837 2999 3018 3055 dicere
3056 2999 3314 3054 doctrina:
3355 2998 3552 3070 impul-

1959 3091 2200 3146 sionibus
2228 3091 2626 3162 compelluntur
2645 3134 2662 3161 ,
2695 3093 2794 3162 ipsi
2818 3091 3178 3148 damnationis
3207 3107 3321 3149 suae
3343 3076 3551 3163 aliquo-

1963 3185 2123 3240 modo
2163 3200 2442 3256 praecones
2488 3186 2642 3258 fiunt,
2687 3187 2808 3256 quia
2839 3187 2965 3242 dum
3009 3201 3070 3241 ea
3099 3201 3220 3257 quae
3266 3200 3428 3257 agere
3474 3201 3555 3242 re-

262 3275 480 3344 obtulit,
516 3291 657 3346 quae,
688 3277 910 3333 salvatis
935 3279 1204 3348 gentibus,
1236 3294 1265 3332 a
1305 3293 1404 3333 suo
1435 3295 1494 3334 se
1544 3295 1817 3334 murmuro
1837 3318 1854 3347 ,
1881 3285 1928 3346 c
1961 3287 2158 3349 spuunt
2182 3278 2530 3349 praedicantes
2553 3278 2846 3345 insinuant,
2872 3276 3031 3334 hsuis
3056 3278 3224 3350 888
3247 3291 3307 3333 se
3338 3277 3555 3334 vocibus

264 3370 406 3424 dona
445 3368 681 3424 cmlestis
730 3369 917 3440 gratiae
947 3369 1284 3437 admirando,
1317 3372 1658 3439 compressit.
1709 3370 1862 3427 Unde

263 3462 380 3530 ipse
411 3474 620 3531 quoque
643 3460 830 3516 Petrus
863 3461 1106 3526 miratur,
1140 3462 1325 3517 dicens
1352 3479 1369 3519 :
1398 3461 1466 3516 In
1491 3464 1698 3517 veritate
1718 3479 1861 3515 com-
1897 3524 1908 3540 ‘

263 3553 374 3622 peri
418 3551 556 3623 quod
600 3568 704 3607 non
731 3560 807 3608 est
858 3568 1194 3623 personarum
1240 3564 1473 3625 acceptor
1518 3555 1656 3609 Deus
1705 3555 1862 3626 (Act.

267 3663 326 3714 ι,
353 3645 469 3717 54).

313 3735 316 3738 ’
341 3739 429 3795 75.
463 3738 529 3795 Et
557 3740 620 3795 de
641 3739 946 3796 Iudaeorum
966 3743 1320 3812 reprobatione
1347 3744 1642 3799 timuerunt.
1663 3771 1735 3786 —
1757 3742 1864 3800 Sed

267 3845 393 3886 cum
416 3842 604 3901 gentes
631 3833 785 3889 fidem
813 3835 1132 3906 suscipiunt,
1160 3851 1258 3890 cur
1282 3836 1348 3890 ab
1370 3836 1448 3890 eis
1474 3834 1565 3905 qui
1593 3837 1699 3904 jam
1731 3835 1866 3892 ﬁde-

268 3924 352 3978 les
373 3931 496 3977 sunt
523 3917 866 3981 formidolosa
890 3927 1072 3982 venire
1099 3926 1331 3981 laudatio
1357 3927 1573 3991 dicitur,
1596 3941 1716 3982 eum
1743 3926 1865 3981 laata

266 4015 458 4072 venire
490 4018 666 4086 potius
701 4032 861 4094 quam
913 4019 1263 4077 formidolosa
1288 4018 1596 4074 debuisset?
1625 4019 1732 4075 Sed
1783 4019 1866 4074 id-

269 4107 420 4163 circo
468 4111 740 4165 conversis
765 4111 1011 4180 gentibus
1035 4153 1049 4178 ,
1084 4113 1150 4166 ab
1198 4110 1435 4167 Hebraeis
1462 4112 1570 4181 jam
1619 4111 1866 4167 fidelibus

268 4199 620 4255 formidolosa
652 4201 889 4256 laudatio
916 4203 1133 4273 prodiit,
1161 4205 1285 4274 quia
1324 4203 1575 4260 nimirum
1598 4205 1745 4274 juste
1771 4205 1866 4260 Ju-

269 4291 389 4347 daea
430 4291 642 4361 repulsa
666 4301 770 4361 est,
801 4294 926 4348 dum
972 4297 1056 4363 pie
1097 4297 1498 4376 est".gentilitas
1543 4307 1759 4366 vocata;
1809 4307 1867 4355 et

269 4387 469 4442 damna
499 4402 611 4445 suae
639 4389 958 4458 repulsionis
990 4389 1195 4456 timuit,
1222 4391 1348 4446 dum
1377 4391 1524 4447 lucra
1552 4393 1740 4448 alienae
1770 4407 1865 4448 v0-

273 4480 504 4537 cationis
529 4481 678 4536 vidit.
721 4481 874 4537 Unde
902 4497 1002 4536 nos
1049 4497 1260 4552 quoque
1288 4485 1545 4555 quotidie,
1587 4485 1715 4540 dum
1766 4486 1868 4542 ini-

274 4584 414 4641 quos
439 4586 678 4642 quosque
709 4571 774 4626 ad
807 4573 1135 4641 inopinatam
1169 4575 1291 4628 vitae
1331 4575 1703 4631 celsitudinem
1744 4592 1868 4647 pro-

1969 3371 2248 3426 damnatos
2271 3371 2524 3426 clamant.
2553 3370 2750 3428 Contra
2781 3384 2914 3441 quos
2934 3369 3070 3426 bene
3096 3386 3190 3440 per
3220 3370 3556 3427 Psalmistam

1968 3463 2162 3519 dicitur
2209 3481 2221 3517 :
2270 3462 2509 3519 Conversi
2556 3472 2675 3518 sunt
2710 3465 2764 3517 in
2807 3478 2985 3517 arcum
3027 3478 3316 3531 perversum
3365 3459 3554 3533 (Psal.

1968 3571 2168 3623 uxxvn,
2200 3555 2314 3626 57).
2344 3559 2510 3611 Arcus
2542 3557 2739 3626 quippe
2766 3569 3048 3627 perversus
3074 3559 3245 3625 ipsum
3274 3570 3304 3608 a
3335 3569 3438 3623 quo
3474 3554 3555 3608 in-

1969 3649 2204 3703 tenditur
2236 3647 2484 3717 percutit.
2518 3646 2573 3702 ln
2615 3647 2770 3702 dictis
2809 3656 2986 3702 autem
3035 3647 3145 3701 suis
3189 3647 3556 3718 arrogantium

1970 3742 2166 3812 linguae
2197 3743 2343 3797 arcui
2371 3756 2625 3812 perverso
2653 3749 2778 3796 sunt
2806 3740 3029 3808 similes,
3061 3740 3182 3811 quia
3214 3740 3337 3795 dum
3369 3748 3556 3795 contra

1966 3835 2249 3892 elationem
2279 3835 2440 3890 verba
2487 3835 2688 3891 faciunt
2728 3836 2782 3890 in
2829 3836 2938 3890 suis
2985 3836 3290 3891 auctoribus
3333 3835 3554 3904 sagittas

1967 3927 2152 3997 figunt.
2176 3927 2330 3984 Unde
2352 3943 2559 3984 summa
2582 3943 2706 3983 cura
2737 3928 3121 3999 providendum
3138 3936 3219 3983 est
3247 3943 3314 3984 ne
3338 3935 3556 3996 accepta

1970 4021 2257 4092 sapientia,
2288 4036 2410 4078 cum
2441 4021 2754 4090 ignorantiae
2784 4021 3031 4078 tenebras
3058 4021 3338 4085 illuminat,
3373 4019 3554 4074 lumen

1963 4115 2290 4170 humilitatis
2339 4113 2531 4181 tollat,
2578 4123 2632 4169 et
2672 4112 2781 4182 jam
2826 4112 3087 4183 sapientia
3137 4125 3256 4167 esse
3301 4120 3552 4180 nequeat.

1967 4207 2100 4276 Quae
2126 4207 2225 4263 etsi
2267 4207 2467 4262 virtute
2509 4206 2792 4262 locutionis
2822 4206 3040 4277 fulgeat,
3089 4203 3333 4260 elationis
3378 4213 3555 4258 tamen

1971 4302 2239 4358 velamine
2268 4316 2363 4356 cor
2391 4300 2661 4370 loquentis
2688 4299 2962 4355 obscurat.

2041 4395 2132 4450 76.
2165 4393 2282 4449 Alia
2310 4394 2444 4449 bona
2477 4410 2676 4448 summa
2697 4433 2712 4460 ,
2736 4393 2844 4446 alia
2869 4392 3055 4446 media.
3077 4420 3146 4432 —
3169 4389 3285 4446 Alia
3327 4403 3557 4460 namque

1970 4495 2093 4542 sunt
2121 4486 2260 4541 bona
2290 4498 2520 4551 summa,
2551 4485 2654 4541 alia
2685 4485 2822 4539 bona
2848 4483 3045 4538 media.
3068 4483 3212 4538 Bona
3234 4482 3379 4536 enim
3407 4495 3557 4535 sum-

1973 4592 2056 4632 ma
2088 4587 2236 4642 sunt,
2269 4577 2434 4644 fides,
2461 4590 2618 4648 spes,
2656 4575 2902 4630 Charitas.
2946 4573 3077 4641 Quae
3121 4586 3243 4627 cum
3295 4572 3556 4626 veraciter

273 4660 403 4716 vehi
443 4671 661 4730 repente
689 4662 1081 4731 conspicimus,
1107 4664 1208 4718 sub
1255 4665 1474 4722 occultis
1515 4666 1606 4722 Dei
1650 4667 1865 4736 judieiis
1893 4670 1943 4728 D
1969 4670 2253 4734 habentur,
2279 4669 2332 4723 in
2357 4667 2558 4723 malum
2580 4667 2778 4722 inflecti
2798 4680 2904 4720 non
2935 4672 3178 4736 possunt.
3212 4663 3355 4717 Bona
3375 4669 3556 4719 autem

281 4753 521 4808 timendo
549 4755 862 4825 gaudemus,
893 4769 961 4810 ne
991 4770 1087 4825 per
1123 4755 1330 4811 occulta
1373 4757 1573 4827 judicia
1604 4759 1864 4829 quosdam

280 4845 425 4900 Deus
452 4847 540 4914 qui
587 4846 732 4916 digni
762 4856 1018 4916 putantur
1047 4848 1280 4918 deserat,
1311 4851 1402 4920 qui
1431 4865 1525 4919 per
1555 4851 1670 4906 haec
1699 4852 1763 4906 ad
1808 4866 1868 4911 se

278 4955 377 5006 eos
400 4941 485 5011 qui
513 4939 714 5012 indigni
745 4943 1078 4998 aestimantur
1107 4952 1282 5001 vocat.
1313 4945 1566 5016 Sequitur
1594 4965 1610 5002 :

867 5035 1091 5093 CAPUT
1129 5037 1288 5094 XLV.

354 5125 516 5184 Vnus.
547 5128 638 5184 25.
660 5157 732 5169 —
752 5127 920 5200 Digne
940 5147 1055 5184 eum
1081 5133 1306 5189 invenire
1325 5152 1428 5189 non
1459 5152 1752 5206 possumus.

354 5219 442 5273 74.
477 5217 554 5273 De
597 5218 706 5275 Deo
747 5222 836 5290 qui
874 5237 1084 5292 magnus
1111 5233 1184 5279 est
1215 5227 1534 5295 fortitudine,
1565 5231 1767 5301 judicio
1817 5240 1864 5286 et

271 5313 502 5387 justitia,
545 5315 696 5384 digne
725 5315 911 5370 sentire
937 5332 1041 5370 non
1070 5334 1355 5388 possumus.
1373 5351 1444 5361 —
1464 5322 1532 5377 Et
1555 5322 1599 5377 si
1629 5324 1866 5381 invenire

281 5421 305 5448 ο
338 5411 444 5478 iam
467 5424 589 5465 eum
612 5411 899 5480 possimus,
923 5425 1029 5467 non
1056 5419 1232 5466 tamen
1253 5412 1432 5483 digne,
1463 5416 1586 5486 quia
1611 5417 1866 5488 quidquid

327 5559 382 5630 ,ξι
411 5553 769 5630 ρρεβιλυεηὶνε
797 5556 848 5630 in
878 5553 1102 5630 Yindoc.

353 5621 379 5659 δ
410 5625 685 5680 Omittitur
709 5627 876 5680 venire
905 5626 957 5679 in
987 5626 1209 5694 Pratcl.,
1243 5626 1381 5684 Utic.
1412 5634 1467 5684 et
1496 5625 1717 5683 Vindoc.

356 5702 378 5731 ε
412 5695 658 5760 Vinduc.,
688 5699 886 5750 intuens
909 5699 962 5750 in
990 5713 1125 5751 eum.

351 5762 378 5802 ει
406 5764 735 5833 Gussanvil.,
767 5769 1099 5837 formidolosa
1127 5767 1224 5823 Dei
1252 5767 1475 5823 laudem.
1513 5769 1709 5825 Errore
1754 5785 1860 5826 non

274 5839 456 5910 solum
479 5837 722 5907 ests”
753 5847 878 5910 etc.,
911 5840 1028 5893 aliis
1055 5843 1307 5910 exaratis,
1335 5840 1428 5896 sed
1458 5842 1618 5896 etiam
1650 5856 1714 5897 ex
1745 5855 1861 5900 ser-

277 5909 464 5966 monis
499 5911 641 5965 serie
665 5909 1097 5966 manifestissimo

1966 4773 2092 4820 sunt
2122 4762 2318 4828 media,
2349 4759 2626 4831 prophetia
2647 4803 2663 4829 ,
2700 4758 2966 4823 doctrina,
2996 4758 3331 4811 curationum
3359 4755 3555 4821 virtus,

1964 4869 2018 4915 et
2059 4867 2254 4913 caetera
2295 4856 2345 4929 (ι
2392 4855 2511 4912 Cor.
2545 4870 2644 4922 xu,
2678 4855 2941 4926 l0),qute
2984 4854 3056 4908 ita
3101 4853 3238 4908 inter
3270 4861 3556 4921 utrumque

1970 4961 2092 5009 sunt
2118 4949 2312 5020 posita,
2336 4957 2394 5004 ut
2414 4948 2699 5018 aliquando
2725 4962 2819 5017 per
2847 4947 2961 5002 lianc
2989 4946 3100 5000 sola
3129 4955 3331 4999 aeterna
3360 4943 3552 5012 patria,

1967 5046 2254 5118 aliquando
2276 5061 2402 5102 vero
2424 5045 2592 5117 gloria
2615 5053 2826 5100 terrena
2857 5044 3179 5114 requiratur.
3209 5039 3406 5095 Medias
3427 5049 3557 5106 ergo

1973 5140 2070 5198 bas
2095 5141 2317 5196 virtutes
2347 5137 2595 5206 dicimus,
2628 5152 2760 5208 quas
2787 5137 2850 5191 ad
2881 5135 3236 5209 quodcunque
3275 5144 3429 5187 mens
3455 5142 3553 5197 ap-

1974 5235 2104 5301 petit
2125 5231 2462 5289 inclinamus.
2481 5229 2686 5298 Quibus
2709 5232 2974 5302 perceptis
2997 5231 3066 5284 ita
3090 5228 3163 5283 uti
3187 5225 3397 5280 animus
3417 5220 3554 5275 sicut

1973 5328 2202 5384 terrenis
2229 5325 2436 5384 divitiis
2465 5335 2660 5396 potest.
2683 5325 2786 5380 Per
2816 5334 3058 5379 terrenas
3087 5330 3318 5386 namque
3343 5312 3553 5370 divitias

1972 5421 2065 5476 alii
2093 5421 2146 5476 in
2173 5420 2358 5491 glorias
2385 5419 2740 5475 ostentatione
2765 5411 3205 5485 superbiunt,alii
3222 5423 3348 5482 erga
3366 5408 3551 5480 proxi-

2041 5568 2064 5630 f
2095 5558 2479 5630 Vindoeqjam
2509 5556 2696 5630 Deum.

2041 5627 2062 5666 ί
2089 5629 2280 5684 Pratel.
2312 5622 2634 5693 et'Vindoc.,
2657 5623 2883 5680 nondum
2907 5639 2970 5676 ea:
2986 5622 3194 5692 specie.‘

2038 5708 2065 5746 Β
2110 5699 2303 5754 Pratcl.
2338 5691 2557 5752 etUtic.
2585 5738 2601 5763 ,
2650 5693 2827 5748 sentiri
2859 5696 2994 5748 enim
3036 5695 3186 5768 digne
3231 5708 3332 5750 non
3373 5691 3548 5759 valet;

1964 5780 2154 5842 quanto
2186 5771 2352 5822 minus
2380 5768 2483 5822 dici
2500 5769 2524 5822 ?

2037 5838 2062 5877 ‘I
2089 5841 2288 5895 Turon.
2310 5877 2326 5904 ,
2359 5841 2464 5893 suis
2492 5857 2546 5897 se
2571 5838 2773 5899 vocibus
2802 5838 3118 5893 rimantes.
