  <div class='ocr_page' id='page_1' title='image "/cluster/home/n/w/nwhite01/storage/ocr_20150623/76/hvd.32044011229333/231.png"; bbox 0 0 4004 6350; ppageno 0'>
   <div class='ocr_carea' id='block_1_1' title="bbox 462 390 555 445">
    <p class='ocr_par' dir='ltr' id='par_1_1' title="bbox 462 390 555 445">
     <span class='ocr_line' id='line_1_1' title="bbox 462 390 555 445; baseline 0.022 -2"><span class='ocrx_word' id='word_1_1' title='bbox 462 390 555 445; x_wconf 76' lang='lat' dir='ltr'><strong>M7</strong></span> 
     </span>
    </p>
   </div>
   <div class='ocr_carea' id='block_1_2' title="bbox 1652 377 2516 442">
    <p class='ocr_par' dir='ltr' id='par_1_2' title="bbox 1652 377 2516 442">
     <span class='ocr_line' id='line_1_2' title="bbox 1652 377 2516 442; baseline -0.009 0"><span class='ocrx_word' id='word_1_2' title='bbox 1652 383 1898 442; x_wconf 78' lang='lat' dir='ltr'><strong>SANCTI</strong></span> <span class='ocrx_word' id='word_1_3' title='bbox 1938 378 2266 438; x_wconf 78' lang='lat' dir='ltr'><strong>GREGORII</strong></span> <span class='ocrx_word' id='word_1_4' title='bbox 2307 377 2516 436; x_wconf 81' lang='lat' dir='ltr'><strong>MAGNI</strong></span> 
     </span>
    </p>
   </div>
   <div class='ocr_carea' id='block_1_3' title="bbox 3615 377 3718 433">
    <p class='ocr_par' dir='ltr' id='par_1_3' title="bbox 3615 377 3718 433">
     <span class='ocr_line' id='line_1_3' title="bbox 3615 377 3718 433; baseline 0.019 -2"><span class='ocrx_word' id='word_1_5' title='bbox 3615 377 3718 433; x_wconf 70' lang='grc'><strong>448</strong></span> 
     </span>
    </p>
   </div>
   <div class='ocr_carea' id='block_1_4' title="bbox 461 489 3717 570">
    <p class='ocr_par' dir='ltr' id='par_1_4' title="bbox 461 489 3717 570">
     <span class='ocr_line' id='line_1_4' title="bbox 461 489 3717 570; baseline -0.004 -7"><span class='ocrx_word' id='word_1_6' title='bbox 461 510 680 563; x_wconf 70' lang='lat' dir='ltr'><strong>obscura</strong></span> <span class='ocrx_word' id='word_1_7' title='bbox 724 505 884 561; x_wconf 91' lang='lat' dir='ltr'><strong>nimis</strong></span> <span class='ocrx_word' id='word_1_8' title='bbox 909 503 1216 561; x_wconf 88' lang='lat' dir='ltr'><strong>disserenda</strong></span> <span class='ocrx_word' id='word_1_9' title='bbox 1242 502 1507 567; x_wconf 84' lang='lat' dir='ltr'><strong>ducimur,</strong></span> <span class='ocrx_word' id='word_1_10' title='bbox 1538 499 1604 556; x_wconf 91' lang='lat' dir='ltr'><strong>ad</strong></span> <span class='ocrx_word' id='word_1_11' title='bbox 1643 499 1885 570; x_wconf 84' lang='lat' dir='ltr'><strong>ejusdem</strong></span> <span class='ocrx_word' id='word_1_12' title='bbox 1926 507 2041 553; x_wconf 85' lang='lat' dir='ltr'><strong>tex-</strong></span> <span class='ocrx_word' id='word_1_13' title='bbox 2068 499 2122 559; x_wconf 77' lang='grc' dir='ltr'><strong>Δ</strong></span> <span class='ocrx_word' id='word_1_14' title='bbox 2147 493 2274 558; x_wconf 92' lang='lat' dir='ltr'><strong>ruit,</strong></span> <span class='ocrx_word' id='word_1_15' title='bbox 2305 493 2398 548; x_wconf 89' lang='lat' dir='ltr'><strong>sed</strong></span> <span class='ocrx_word' id='word_1_16' title='bbox 2431 508 2525 563; x_wconf 91' lang='lat' dir='ltr'><strong>per</strong></span> <span class='ocrx_word' id='word_1_17' title='bbox 2549 495 2893 564; x_wconf 78' lang='lat' dir='ltr'><strong>semetipsum</strong></span> <span class='ocrx_word' id='word_1_18' title='bbox 2923 490 3249 548; x_wconf 85' lang='lat' dir='ltr'><strong>locutionem</strong></span> <span class='ocrx_word' id='word_1_19' title='bbox 3300 490 3524 547; x_wconf 86' lang='lat' dir='ltr'><strong>interius</strong></span> <span class='ocrx_word' id='word_1_20' title='bbox 3571 489 3717 550; x_wconf 81' lang='lat' dir='ltr'><strong>fecit.</strong></span> 
     </span>
    </p>
   </div>
   <div class='ocr_carea' id='block_1_5' title="bbox 463 598 1203 670">
    <p class='ocr_par' dir='ltr' id='par_1_5' title="bbox 463 598 1203 670">
     <span class='ocr_line' id='line_1_5' title="bbox 463 598 1203 670; baseline -0.011 -15"><span class='ocrx_word' id='word_1_21' title='bbox 463 609 540 655; x_wconf 91' lang='lat' dir='ltr'><strong>tus</strong></span> <span class='ocrx_word' id='word_1_22' title='bbox 565 599 674 670; x_wconf 91' lang='lat' dir='ltr'><strong>jam</strong></span> <span class='ocrx_word' id='word_1_23' title='bbox 702 598 864 654; x_wconf 87' lang='lat' dir='ltr'><strong>verba</strong></span> <span class='ocrx_word' id='word_1_24' title='bbox 894 598 1203 650; x_wconf 81' lang='lat' dir='ltr'><strong>veniamus:</strong></span> 
     </span>
    </p>
   </div>
   <div class='ocr_carea' id='block_1_6' title="bbox 707 682 1901 758">
    <p class='ocr_par' dir='ltr' id='par_1_6' title="bbox 707 682 1901 758">
     <span class='ocr_line' id='line_1_6' title="bbox 707 682 1901 758; baseline -0.008 -12"><span class='ocrx_word' id='word_1_25' title='bbox 707 689 930 746; x_wconf 81' lang='lat' dir='ltr'><strong>CAPUT</strong></span> <span class='ocrx_word' id='word_1_26' title='bbox 970 687 1234 743; x_wconf 77' lang='lat' dir='ltr'><strong>PRIMUM</strong></span> <span class='ocrx_word' id='word_1_27' title='bbox 1273 685 1417 758; x_wconf 86' lang='lat' dir='ltr'><strong>[Vet.</strong></span> <span class='ocrx_word' id='word_1_28' title='bbox 1447 693 1494 739; x_wconf 87' lang='lat' dir='ltr'><strong>et</strong></span> <span class='ocrx_word' id='word_1_29' title='bbox 1523 683 1647 738; x_wconf 83' lang='lat' dir='ltr'><strong>Ree.</strong></span> <span class='ocrx_word' id='word_1_30' title='bbox 1681 682 1790 754; x_wconf 82' lang='grc'><strong>11].</strong></span> <span class='ocrx_word' id='word_1_31' title='bbox 1887 701 1901 710; x_wconf 72' lang='grc' dir='ltr'><strong><em>ο</em></strong></span> 
     </span>
    </p>
   </div>
   <div class='ocr_carea' id='block_1_7' title="bbox 530 771 2042 848">
    <p class='ocr_par' dir='ltr' id='par_1_7' title="bbox 530 771 2042 848">
     <span class='ocr_line' id='line_1_7' title="bbox 530 771 2042 848; baseline -0.01 -9"><span class='ocrx_word' id='word_1_32' title='bbox 530 785 656 839; x_wconf 80' lang='lat' dir='ltr'><strong>CAP.</strong></span> <span class='ocrx_word' id='word_1_33' title='bbox 688 795 906 847; x_wconf 80' lang='lat' dir='ltr'><strong>xxxvnt,</strong></span> <span class='ocrx_word' id='word_1_34' title='bbox 933 779 1092 834; x_wconf 73' lang='lat' dir='ltr'><strong>Vens.</strong></span> <span class='ocrx_word' id='word_1_35' title='bbox 1123 777 1584 848; x_wconf 78' lang='lat' dir='ltr'><strong>i.—-Respondens</strong></span> <span class='ocrx_word' id='word_1_36' title='bbox 1603 784 1773 830; x_wconf 90' lang='lat' dir='ltr'><strong>autem</strong></span> <span class='ocrx_word' id='word_1_37' title='bbox 1791 771 2042 827; x_wconf 88' lang='lat' dir='ltr'><strong>Dominus</strong></span> 
     </span>
    </p>
   </div>
   <div class='ocr_carea' id='block_1_8' title="bbox 466 871 1054 931">
    <p class='ocr_par' dir='ltr' id='par_1_8' title="bbox 466 871 1054 931">
     <span class='ocr_line' id='line_1_8' title="bbox 466 871 1054 931; baseline -0.012 0"><span class='ocrx_word' id='word_1_38' title='bbox 466 872 560 931; x_wconf 76' lang='lat' dir='ltr'><strong>Iob</strong></span> <span class='ocrx_word' id='word_1_39' title='bbox 589 876 651 929; x_wconf 82' lang='lat' dir='ltr'><strong>de</strong></span> <span class='ocrx_word' id='word_1_40' title='bbox 679 872 876 927; x_wconf 77' lang='lat' dir='ltr'><strong>turbine</strong></span> <span class='ocrx_word' id='word_1_41' title='bbox 906 871 1054 925; x_wconf 69' lang='lat' dir='ltr'><strong>dixit.</strong></span> 
     </span>
    </p>
   </div>
   <div class='ocr_carea' id='block_1_9' title="bbox 536 956 2041 1034">
    <p class='ocr_par' dir='ltr' id='par_1_9' title="bbox 536 956 2041 1034">
     <span class='ocr_line' id='line_1_9' title="bbox 536 956 2041 1034; baseline -0.009 -12"><span class='ocrx_word' id='word_1_42' title='bbox 536 972 584 1022; x_wconf 85' lang='grc'><strong>1.</strong></span> <span class='ocrx_word' id='word_1_43' title='bbox 630 967 762 1031; x_wconf 85' lang='lat' dir='ltr'><strong>Quot</strong></span> <span class='ocrx_word' id='word_1_44' title='bbox 796 967 1036 1034; x_wconf 72' lang='lat' dir='ltr'><strong>quibusve</strong></span> <span class='ocrx_word' id='word_1_45' title='bbox 1072 963 1239 1018; x_wconf 90' lang='lat' dir='ltr'><strong>modis</strong></span> <span class='ocrx_word' id='word_1_46' title='bbox 1263 962 1330 1016; x_wconf 87' lang='lat' dir='ltr'><strong>ad</strong></span> <span class='ocrx_word' id='word_1_47' title='bbox 1360 961 1586 1016; x_wconf 76' lang='lat' dir='ltr'><strong>homines</strong></span> <span class='ocrx_word' id='word_1_48' title='bbox 1619 959 1854 1029; x_wconf 75' lang='lat' dir='ltr'><strong>loquatur</strong></span> <span class='ocrx_word' id='word_1_49' title='bbox 1880 956 2041 1010; x_wconf 92' lang='lat' dir='ltr'><strong>Deus.</strong></span> 
     </span>
    </p>
   </div>
   <div class='ocr_carea' id='block_1_10' title="bbox 467 1049 2044 1126">
    <p class='ocr_par' dir='ltr' id='par_1_10' title="bbox 467 1049 2044 1126">
     <span class='ocr_line' id='line_1_10' title="bbox 467 1049 2044 1126; baseline -0.008 -10"><span class='ocrx_word' id='word_1_50' title='bbox 467 1060 855 1116; x_wconf 83' lang='lat' dir='ltr'><strong>-——Notandum</strong></span> <span class='ocrx_word' id='word_1_51' title='bbox 901 1057 1056 1112; x_wconf 88' lang='lat' dir='ltr'><strong>video</strong></span> <span class='ocrx_word' id='word_1_52' title='bbox 1086 1065 1111 1094; x_wconf 76' lang='grc' dir='ltr'>ι</span> <span class='ocrx_word' id='word_1_53' title='bbox 1142 1056 1268 1126; x_wconf 86' lang='lat' dir='ltr'><strong>quia</strong></span> <span class='ocrx_word' id='word_1_54' title='bbox 1317 1056 1363 1109; x_wconf 92' lang='lat' dir='ltr'><strong>si</strong></span> <span class='ocrx_word' id='word_1_55' title='bbox 1408 1071 1538 1110; x_wconf 88' lang='lat' dir='ltr'><strong>sano</strong></span> <span class='ocrx_word' id='word_1_56' title='bbox 1583 1063 1741 1124; x_wconf 85' lang='lat' dir='ltr'><strong>atque</strong></span> <span class='ocrx_word' id='word_1_57' title='bbox 1790 1049 2044 1106; x_wconf 87' lang='lat' dir='ltr'><strong>incolumi</strong></span> 
     </span>
    </p>
   </div>
   <div class='ocr_carea' id='block_1_11' title="bbox 467 1143 2044 1217">
    <p class='ocr_par' dir='ltr' id='par_1_11' title="bbox 467 1143 2044 1217">
     <span class='ocr_line' id='line_1_11' title="bbox 467 1143 2044 1217; baseline -0.009 -8"><span class='ocrx_word' id='word_1_58' title='bbox 467 1154 661 1210; x_wconf 90' lang='lat' dir='ltr'><strong>locutio</strong></span> <span class='ocrx_word' id='word_1_59' title='bbox 707 1152 844 1206; x_wconf 78' lang='lat' dir='ltr'><strong>facta</strong></span> <span class='ocrx_word' id='word_1_60' title='bbox 883 1150 1176 1213; x_wconf 78' lang='lat' dir='ltr'><strong>diceretur,</strong></span> <span class='ocrx_word' id='word_1_61' title='bbox 1210 1153 1546 1217; x_wconf 83' lang='lat' dir='ltr'><strong>nequaquam</strong></span> <span class='ocrx_word' id='word_1_62' title='bbox 1595 1145 1660 1200; x_wconf 91' lang='lat' dir='ltr'><strong>de</strong></span> <span class='ocrx_word' id='word_1_63' title='bbox 1704 1144 1916 1198; x_wconf 86' lang='lat' dir='ltr'><strong>turbine</strong></span> <span class='ocrx_word' id='word_1_64' title='bbox 1943 1143 2044 1196; x_wconf 89' lang='lat' dir='ltr'><strong>Do-</strong></span> 
     </span>
    </p>
   </div>
   <div class='ocr_carea' id='block_1_12' title="bbox 467 1239 2047 1311">
    <p class='ocr_par' dir='ltr' id='par_1_12' title="bbox 467 1239 2047 1311">
     <span class='ocr_line' id='line_1_12' title="bbox 467 1239 2047 1311; baseline -0.005 -9"><span class='ocrx_word' id='word_1_65' title='bbox 467 1250 641 1303; x_wconf 90' lang='lat' dir='ltr'><strong>minus</strong></span> <span class='ocrx_word' id='word_1_66' title='bbox 673 1246 884 1301; x_wconf 88' lang='lat' dir='ltr'><strong>locutus</strong></span> <span class='ocrx_word' id='word_1_67' title='bbox 914 1245 1075 1299; x_wconf 80' lang='lat' dir='ltr'><strong>fuisse</strong></span> <span class='ocrx_word' id='word_1_68' title='bbox 1104 1244 1448 1298; x_wconf 87' lang='lat' dir='ltr'><strong>scriberetur.</strong></span> <span class='ocrx_word' id='word_1_69' title='bbox 1493 1242 1596 1297; x_wconf 91' lang='lat' dir='ltr'><strong>Sed</strong></span> <span class='ocrx_word' id='word_1_70' title='bbox 1625 1241 1744 1310; x_wconf 84' lang='lat' dir='ltr'><strong>quia</strong></span> <span class='ocrx_word' id='word_1_71' title='bbox 1776 1239 2047 1311; x_wconf 83' lang='lat' dir='ltr'><strong>ﬂagellato</strong></span> 
     </span>
    </p>
   </div>
   <div class='ocr_carea' id='block_1_13' title="bbox 467 1331 2095 1409">
    <p class='ocr_par' dir='ltr' id='par_1_13' title="bbox 467 1331 2095 1409">
     <span class='ocr_line' id='line_1_13' title="bbox 467 1331 2095 1409; baseline -0.005 -15"><span class='ocrx_word' id='word_1_72' title='bbox 467 1340 724 1409; x_wconf 90' lang='lat' dir='ltr'><strong>loquitur,</strong></span> <span class='ocrx_word' id='word_1_73' title='bbox 797 1337 864 1392; x_wconf 89' lang='lat' dir='ltr'><strong>de</strong></span> <span class='ocrx_word' id='word_1_74' title='bbox 931 1331 1143 1390; x_wconf 86' lang='lat' dir='ltr'><strong>turbine</strong></span> <span class='ocrx_word' id='word_1_75' title='bbox 1211 1337 1418 1389; x_wconf 87' lang='lat' dir='ltr'><strong>loeutus</strong></span> <span class='ocrx_word' id='word_1_76' title='bbox 1482 1334 1645 1388; x_wconf 82' lang='lat' dir='ltr'><strong>inisse</strong></span> <span class='ocrx_word' id='word_1_77' title='bbox 1706 1331 2095 1396; x_wconf 48' lang='lat' dir='ltr'><strong>describitur.,</strong></span> 
     </span>
    </p>
   </div>
   <div class='ocr_carea' id='block_1_14' title="bbox 470 1424 2049 1494">
    <p class='ocr_par' dir='ltr' id='par_1_14' title="bbox 470 1424 2049 1494">
     <span class='ocr_line' id='line_1_14' title="bbox 470 1424 2049 1494; baseline -0.004 -10"><span class='ocrx_word' id='word_1_78' title='bbox 470 1431 638 1485; x_wconf 81' lang='lat' dir='ltr'><strong>Aliter</strong></span> <span class='ocrx_word' id='word_1_79' title='bbox 679 1429 818 1483; x_wconf 88' lang='lat' dir='ltr'><strong>enim</strong></span> <span class='ocrx_word' id='word_1_80' title='bbox 849 1427 1110 1482; x_wconf 90' lang='lat' dir='ltr'><strong>Dominus</strong></span> <span class='ocrx_word' id='word_1_81' title='bbox 1153 1425 1325 1480; x_wconf 80' lang='lat' dir='ltr'><strong>servis</strong></span> <span class='ocrx_word' id='word_1_82' title='bbox 1365 1425 1473 1479; x_wconf 88' lang='lat' dir='ltr'><strong>suis</strong></span> <span class='ocrx_word' id='word_1_83' title='bbox 1521 1424 1772 1494; x_wconf 88' lang='lat' dir='ltr'><strong>loquitur,</strong></span> <span class='ocrx_word' id='word_1_84' title='bbox 1805 1437 1923 1477; x_wconf 91' lang='lat' dir='ltr'><strong>cum</strong></span> <span class='ocrx_word' id='word_1_85' title='bbox 1955 1436 2049 1478; x_wconf 85' lang='lat' dir='ltr'><strong>eos</strong></span> 
     </span>
    </p>
   </div>
   <div class='ocr_carea' id='block_1_15' title="bbox 473 1515 2050 1588">
    <p class='ocr_par' dir='ltr' id='par_1_15' title="bbox 473 1515 2050 1588">
     <span class='ocr_line' id='line_1_15' title="bbox 473 1515 2050 1588; baseline -0.004 -13"><span class='ocrx_word' id='word_1_86' title='bbox 473 1521 790 1575; x_wconf 84' lang='lat' dir='ltr'><strong>intrinsecus</strong></span> <span class='ocrx_word' id='word_1_87' title='bbox 818 1534 912 1588; x_wconf 90' lang='lat' dir='ltr'><strong>per</strong></span> <span class='ocrx_word' id='word_1_88' title='bbox 942 1517 1404 1586; x_wconf 89' lang='lat' dir='ltr'><strong>compunctionem</strong></span> <span class='ocrx_word' id='word_1_89' title='bbox 1446 1515 1710 1584; x_wconf 76' lang='lat' dir='ltr'><strong>provehit,</strong></span> <span class='ocrx_word' id='word_1_90' title='bbox 1744 1515 1898 1568; x_wconf 87' lang='lat' dir='ltr'><strong>aliter</strong></span> <span class='ocrx_word' id='word_1_91' title='bbox 1927 1528 2050 1569; x_wconf 91' lang='lat' dir='ltr'><strong>cum</strong></span> 
     </span>
    </p>
   </div>
   <div class='ocr_carea' id='block_1_16' title="bbox 472 1607 2053 1683">
    <p class='ocr_par' dir='ltr' id='par_1_16' title="bbox 472 1607 2053 1683">
     <span class='ocr_line' id='line_1_16' title="bbox 472 1607 2053 1683; baseline -0.004 -16"><span class='ocrx_word' id='word_1_92' title='bbox 472 1627 569 1682; x_wconf 82' lang='lat' dir='ltr'><strong>per</strong></span> <span class='ocrx_word' id='word_1_93' title='bbox 611 1611 995 1666; x_wconf 90' lang='lat' dir='ltr'><strong>districtionem</strong></span> <span class='ocrx_word' id='word_1_94' title='bbox 1039 1625 1105 1664; x_wconf 89' lang='lat' dir='ltr'><strong>ne</strong></span> <span class='ocrx_word' id='word_1_95' title='bbox 1150 1610 1470 1683; x_wconf 65' lang='lat' dir='ltr'><strong>extollantur</strong></span> <span class='ocrx_word' id='word_1_96' title='bbox 1518 1609 1728 1676; x_wconf 91' lang='lat' dir='ltr'><strong>premit.</strong></span> <span class='ocrx_word' id='word_1_97' title='bbox 1764 1608 1864 1663; x_wconf 86' lang='lat' dir='ltr'><strong>Per</strong></span> <span class='ocrx_word' id='word_1_98' title='bbox 1903 1607 2053 1662; x_wconf 92' lang='lat' dir='ltr'><strong>blan-</strong></span> 
     </span>
    </p>
   </div>
   <div class='ocr_carea' id='block_1_17' title="bbox 475 1697 2052 1767">
    <p class='ocr_par' dir='ltr' id='par_1_17' title="bbox 475 1697 2052 1767">
     <span class='ocr_line' id='line_1_17' title="bbox 475 1697 2052 1767; baseline -0.004 -9"><span class='ocrx_word' id='word_1_99' title='bbox 475 1705 594 1758; x_wconf 89' lang='lat' dir='ltr'><strong>dam</strong></span> <span class='ocrx_word' id='word_1_100' title='bbox 625 1702 766 1758; x_wconf 91' lang='lat' dir='ltr'><strong>enim</strong></span> <span class='ocrx_word' id='word_1_101' title='bbox 816 1702 1139 1757; x_wconf 89' lang='lat' dir='ltr'><strong>locutionem</strong></span> <span class='ocrx_word' id='word_1_102' title='bbox 1169 1701 1380 1755; x_wconf 92' lang='lat' dir='ltr'><strong>Domini</strong></span> <span class='ocrx_word' id='word_1_103' title='bbox 1410 1699 1633 1753; x_wconf 87' lang='lat' dir='ltr'><strong>amanda</strong></span> <span class='ocrx_word' id='word_1_104' title='bbox 1665 1699 1890 1754; x_wconf 91' lang='lat' dir='ltr'><strong>dulcedo</strong></span> <span class='ocrx_word' id='word_1_105' title='bbox 1935 1697 2052 1767; x_wconf 83' lang='lat' dir='ltr'><strong>ejus</strong></span> 
     </span>
    </p>
   </div>
   <div class='ocr_carea' id='block_1_18' title="bbox 472 1791 2051 1864">
    <p class='ocr_par' dir='ltr' id='par_1_18' title="bbox 472 1791 2051 1864">
     <span class='ocr_line' id='line_1_18' title="bbox 472 1791 2051 1864; baseline -0.003 -14"><span class='ocrx_word' id='word_1_106' title='bbox 472 1795 498 1834; x_wconf 74' lang='grc' dir='ltr'>δ</span> <span class='ocrx_word' id='word_1_107' title='bbox 531 1796 860 1860; x_wconf 81' lang='lat' dir='ltr'><strong>ostenditur;</strong></span> <span class='ocrx_word' id='word_1_108' title='bbox 893 1810 988 1864; x_wconf 90' lang='lat' dir='ltr'><strong>per</strong></span> <span class='ocrx_word' id='word_1_109' title='bbox 1028 1794 1312 1849; x_wconf 87' lang='lat' dir='ltr'><strong>terribilem</strong></span> <span class='ocrx_word' id='word_1_110' title='bbox 1345 1808 1472 1847; x_wconf 84' lang='lat' dir='ltr'><strong>vero</strong></span> <span class='ocrx_word' id='word_1_111' title='bbox 1511 1801 1744 1861; x_wconf 82' lang='lat' dir='ltr'><strong>potestas</strong></span> <span class='ocrx_word' id='word_1_112' title='bbox 1781 1791 1898 1859; x_wconf 87' lang='lat' dir='ltr'><strong>ejus</strong></span> <span class='ocrx_word' id='word_1_113' title='bbox 1935 1807 2051 1847; x_wconf 79' lang='lat' dir='ltr'><strong>nte-</strong></span> 
     </span>
    </p>
   </div>
   <div class='ocr_carea' id='block_1_19' title="bbox 2146 580 3723 653">
    <p class='ocr_par' dir='ltr' id='par_1_19' title="bbox 2146 580 3723 653">
     <span class='ocr_line' id='line_1_19' title="bbox 2146 580 3723 653; baseline 0.001 -15"><span class='ocrx_word' id='word_1_114' title='bbox 2146 583 2212 638; x_wconf 86' lang='lat' dir='ltr'><strong>Et</strong></span> <span class='ocrx_word' id='word_1_115' title='bbox 2241 597 2416 651; x_wconf 87' lang='lat' dir='ltr'><strong>neque</strong></span> <span class='ocrx_word' id='word_1_116' title='bbox 2445 583 2583 653; x_wconf 89' lang='lat' dir='ltr'><strong>ignis</strong></span> <span class='ocrx_word' id='word_1_117' title='bbox 2611 582 2772 647; x_wconf 90' lang='lat' dir='ltr'><strong>Deus,</strong></span> <span class='ocrx_word' id='word_1_118' title='bbox 2805 597 2976 652; x_wconf 90' lang='lat' dir='ltr'><strong>neque</strong></span> <span class='ocrx_word' id='word_1_119' title='bbox 3001 582 3090 638; x_wconf 88' lang='lat' dir='ltr'><strong>ille</strong></span> <span class='ocrx_word' id='word_1_120' title='bbox 3119 582 3323 638; x_wconf 88' lang='lat' dir='ltr'><strong>sonitus</strong></span> <span class='ocrx_word' id='word_1_121' title='bbox 3349 580 3470 649; x_wconf 82' lang='lat' dir='ltr'><strong>fuit,</strong></span> <span class='ocrx_word' id='word_1_122' title='bbox 3501 584 3598 638; x_wconf 90' lang='lat' dir='ltr'><strong>sed</strong></span> <span class='ocrx_word' id='word_1_123' title='bbox 3630 599 3723 653; x_wconf 89' lang='lat' dir='ltr'><strong>per</strong></span> 
     </span>
    </p>
   </div>
   <div class='ocr_carea' id='block_1_20' title="bbox 2145 672 3720 745">
    <p class='ocr_par' dir='ltr' id='par_1_20' title="bbox 2145 672 3720 745">
     <span class='ocr_line' id='line_1_20' title="bbox 2145 672 3720 745; baseline 0.001 -16"><span class='ocrx_word' id='word_1_124' title='bbox 2145 675 2248 730; x_wconf 88' lang='lat' dir='ltr'><strong>hoc</strong></span> <span class='ocrx_word' id='word_1_125' title='bbox 2267 673 2408 744; x_wconf 87' lang='lat' dir='ltr'><strong>quod</strong></span> <span class='ocrx_word' id='word_1_126' title='bbox 2434 675 2669 730; x_wconf 84' lang='lat' dir='ltr'><strong>exterius</strong></span> <span class='ocrx_word' id='word_1_127' title='bbox 2695 673 2954 740; x_wconf 82' lang='lat' dir='ltr'><strong>exhibuit,</strong></span> <span class='ocrx_word' id='word_1_128' title='bbox 2983 673 3247 742; x_wconf 81' lang='lat' dir='ltr'><strong>expressit</strong></span> <span class='ocrx_word' id='word_1_129' title='bbox 3271 672 3371 730; x_wconf 90' lang='lat' dir='ltr'><strong>hoc</strong></span> <span class='ocrx_word' id='word_1_130' title='bbox 3400 674 3545 745; x_wconf 92' lang='lat' dir='ltr'><strong>quod</strong></span> <span class='ocrx_word' id='word_1_131' title='bbox 3574 673 3720 730; x_wconf 84' lang='lat' dir='ltr'><strong>inte-</strong></span> 
     </span>
    </p>
   </div>
   <div class='ocr_carea' id='block_1_21' title="bbox 2144 765 3724 839">
    <p class='ocr_par' dir='ltr' id='par_1_21' title="bbox 2144 765 3724 839">
     <span class='ocr_line' id='line_1_21' title="bbox 2144 765 3724 839; baseline 0.003 -17"><span class='ocrx_word' id='word_1_132' title='bbox 2144 767 2254 822; x_wconf 90' lang='lat' dir='ltr'><strong>rius</strong></span> <span class='ocrx_word' id='word_1_133' title='bbox 2275 766 2459 837; x_wconf 80' lang='lat' dir='ltr'><strong>gessit.</strong></span> <span class='ocrx_word' id='word_1_134' title='bbox 2484 765 2614 834; x_wconf 84' lang='lat' dir='ltr'><strong>Quia</strong></span> <span class='ocrx_word' id='word_1_135' title='bbox 2645 767 2785 822; x_wconf 92' lang='lat' dir='ltr'><strong>enim</strong></span> <span class='ocrx_word' id='word_1_136' title='bbox 2814 767 3104 836; x_wconf 86' lang='lat' dir='ltr'><strong>discipulos</strong></span> <span class='ocrx_word' id='word_1_137' title='bbox 3137 773 3193 824; x_wconf 89' lang='lat' dir='ltr'><strong>et</strong></span> <span class='ocrx_word' id='word_1_138' title='bbox 3228 767 3348 823; x_wconf 82' lang='lat' dir='ltr'><strong>zelo</strong></span> <span class='ocrx_word' id='word_1_139' title='bbox 3391 782 3724 839; x_wconf 84' lang='lat' dir='ltr'><strong>succenses,</strong></span> 
     </span>
    </p>
   </div>
   <div class='ocr_carea' id='block_1_22' title="bbox 2144 857 3727 932">
    <p class='ocr_par' dir='ltr' id='par_1_22' title="bbox 2144 857 3727 932">
     <span class='ocr_line' id='line_1_22' title="bbox 2144 857 3727 932; baseline 0.004 -20"><span class='ocrx_word' id='word_1_140' title='bbox 2144 865 2199 912; x_wconf 91' lang='lat' dir='ltr'><strong>et</strong></span> <span class='ocrx_word' id='word_1_141' title='bbox 2231 857 2395 912; x_wconf 78' lang='lat' dir='ltr'><strong>verbo</strong></span> <span class='ocrx_word' id='word_1_142' title='bbox 2426 858 2662 914; x_wconf 87' lang='lat' dir='ltr'><strong>eruditos</strong></span> <span class='ocrx_word' id='word_1_143' title='bbox 2691 858 2833 914; x_wconf 89' lang='lat' dir='ltr'><strong>intus</strong></span> <span class='ocrx_word' id='word_1_144' title='bbox 2864 858 3117 926; x_wconf 88' lang='lat' dir='ltr'><strong>reddidit,</strong></span> <span class='ocrx_word' id='word_1_145' title='bbox 3148 858 3278 914; x_wconf 82' lang='lat' dir='ltr'><strong>l‘oris</strong></span> <span class='ocrx_word' id='word_1_146' title='bbox 3301 859 3509 932; x_wconf 83' lang='lat' dir='ltr'><strong>linguas</strong></span> <span class='ocrx_word' id='word_1_147' title='bbox 3541 862 3727 932; x_wconf 84' lang='lat' dir='ltr'><strong>igneas</strong></span> 
     </span>
    </p>
   </div>
   <div class='ocr_carea' id='block_1_23' title="bbox 2144 949 3728 1023">
    <p class='ocr_par' dir='ltr' id='par_1_23' title="bbox 2144 949 3728 1023">
     <span class='ocr_line' id='line_1_23' title="bbox 2144 949 3728 1023; baseline 0.003 -18"><span class='ocrx_word' id='word_1_148' title='bbox 2144 949 2394 1005; x_wconf 89' lang='lat' dir='ltr'><strong>ostendit.</strong></span> <span class='ocrx_word' id='word_1_149' title='bbox 2442 949 2498 1005; x_wconf 91' lang='lat' dir='ltr'><strong>ln</strong></span> <span class='ocrx_word' id='word_1_150' title='bbox 2540 950 2931 1023; x_wconf 81' lang='lat' dir='ltr'><strong>signiﬁcatione</strong></span> <span class='ocrx_word' id='word_1_151' title='bbox 2970 951 3133 1022; x_wconf 91' lang='lat' dir='ltr'><strong>igitur</strong></span> <span class='ocrx_word' id='word_1_152' title='bbox 3178 950 3391 1008; x_wconf 86' lang='lat' dir='ltr'><strong>admota</strong></span> <span class='ocrx_word' id='word_1_153' title='bbox 3435 963 3561 1009; x_wconf 89' lang='lat' dir='ltr'><strong>sunt</strong></span> <span class='ocrx_word' id='word_1_154' title='bbox 3612 955 3728 1010; x_wconf 84' lang='lat' dir='ltr'><strong>ele-</strong></span> 
     </span>
    </p>
   </div>
   <div class='ocr_carea' id='block_1_24' title="bbox 2147 1044 3729 1118">
    <p class='ocr_par' dir='ltr' id='par_1_24' title="bbox 2147 1044 3729 1118">
     <span class='ocr_line' id='line_1_24' title="bbox 2147 1044 3729 1118; baseline 0.004 -20"><span class='ocrx_word' id='word_1_155' title='bbox 2147 1052 2348 1113; x_wconf 91' lang='lat' dir='ltr'><strong>menta,</strong></span> <span class='ocrx_word' id='word_1_156' title='bbox 2382 1052 2437 1099; x_wconf 89' lang='lat' dir='ltr'><strong>ut</strong></span> <span class='ocrx_word' id='word_1_157' title='bbox 2465 1044 2640 1114; x_wconf 87' lang='lat' dir='ltr'><strong>ignem</strong></span> <span class='ocrx_word' id='word_1_158' title='bbox 2665 1053 2718 1100; x_wconf 88' lang='lat' dir='ltr'><strong>et</strong></span> <span class='ocrx_word' id='word_1_159' title='bbox 2740 1046 2975 1100; x_wconf 89' lang='lat' dir='ltr'><strong>sonitum</strong></span> <span class='ocrx_word' id='word_1_160' title='bbox 3007 1046 3270 1101; x_wconf 86' lang='lat' dir='ltr'><strong>sentirent</strong></span> <span class='ocrx_word' id='word_1_161' title='bbox 3307 1059 3569 1117; x_wconf 89' lang='lat' dir='ltr'><strong>corpora,</strong></span> <span class='ocrx_word' id='word_1_162' title='bbox 3602 1047 3729 1118; x_wconf 83' lang='lat' dir='ltr'><strong>igne</strong></span> 
     </span>
    </p>
   </div>
   <div class='ocr_carea' id='block_1_25' title="bbox 2148 1125 3730 1218">
    <p class='ocr_par' dir='ltr' id='par_1_25' title="bbox 2148 1125 3730 1218">
     <span class='ocr_line' id='line_1_25' title="bbox 2148 1125 3730 1218; baseline 0.004 -30"><span class='ocrx_word' id='word_1_163' title='bbox 2148 1125 2274 1188; x_wconf 79' lang='lat' dir='ltr'><strong>vero</strong></span> <span class='ocrx_word' id='word_1_164' title='bbox 2303 1133 2565 1218; x_wconf 33' lang='lat' dir='ltr'><strong>invisibili.</strong></span> <span class='ocrx_word' id='word_1_165' title='bbox 2589 1146 2642 1190; x_wconf 88' lang='lat' dir='ltr'><strong>et</strong></span> <span class='ocrx_word' id='word_1_166' title='bbox 2681 1149 2812 1191; x_wconf 91' lang='lat' dir='ltr'><strong>voce</strong></span> <span class='ocrx_word' id='word_1_167' title='bbox 2842 1134 2959 1191; x_wconf 88' lang='lat' dir='ltr'><strong>sine</strong></span> <span class='ocrx_word' id='word_1_168' title='bbox 2990 1136 3170 1190; x_wconf 92' lang='lat' dir='ltr'><strong>sonitu</strong></span> <span class='ocrx_word' id='word_1_169' title='bbox 3191 1137 3514 1193; x_wconf 85' lang='lat' dir='ltr'><strong>docerentur</strong></span> <span class='ocrx_word' id='word_1_170' title='bbox 3537 1138 3730 1194; x_wconf 86' lang='lat' dir='ltr'><strong>corda.</strong></span> 
     </span>
    </p>
   </div>
   <div class='ocr_carea' id='block_1_26' title="bbox 2150 1225 3734 1300">
    <p class='ocr_par' dir='ltr' id='par_1_26' title="bbox 2150 1225 3734 1300">
     <span class='ocr_line' id='line_1_26' title="bbox 2150 1225 3734 1300; baseline 0.004 -20"><span class='ocrx_word' id='word_1_171' title='bbox 2150 1225 2300 1281; x_wconf 85' lang='lat' dir='ltr'><strong>Foris</strong></span> <span class='ocrx_word' id='word_1_172' title='bbox 2344 1241 2470 1296; x_wconf 90' lang='lat' dir='ltr'><strong>ergo</strong></span> <span class='ocrx_word' id='word_1_173' title='bbox 2515 1225 2612 1281; x_wconf 82' lang='lat' dir='ltr'><strong>fuit</strong></span> <span class='ocrx_word' id='word_1_174' title='bbox 2656 1227 2798 1297; x_wconf 89' lang='lat' dir='ltr'><strong>ignis</strong></span> <span class='ocrx_word' id='word_1_175' title='bbox 2845 1228 2936 1299; x_wconf 90' lang='lat' dir='ltr'><strong>qui</strong></span> <span class='ocrx_word' id='word_1_176' title='bbox 2981 1228 3256 1297; x_wconf 89' lang='lat' dir='ltr'><strong>apparuit,</strong></span> <span class='ocrx_word' id='word_1_177' title='bbox 3310 1229 3405 1284; x_wconf 89' lang='lat' dir='ltr'><strong>sed</strong></span> <span class='ocrx_word' id='word_1_178' title='bbox 3446 1231 3590 1286; x_wconf 90' lang='lat' dir='ltr'><strong>intus</strong></span> <span class='ocrx_word' id='word_1_179' title='bbox 3637 1231 3734 1300; x_wconf 86' lang='lat' dir='ltr'><strong>qui</strong></span> 
     </span>
    </p>
   </div>
   <div class='ocr_carea' id='block_1_27' title="bbox 2148 1317 3733 1389">
    <p class='ocr_par' dir='ltr' id='par_1_27' title="bbox 2148 1317 3733 1389">
     <span class='ocr_line' id='line_1_27' title="bbox 2148 1317 3733 1389; baseline 0.003 -15"><span class='ocrx_word' id='word_1_180' title='bbox 2148 1319 2422 1374; x_wconf 86' lang='lat' dir='ltr'><strong>scientiam</strong></span> <span class='ocrx_word' id='word_1_181' title='bbox 2452 1317 2616 1374; x_wconf 91' lang='lat' dir='ltr'><strong>dedit.</strong></span> <span class='ocrx_word' id='word_1_182' title='bbox 2653 1317 2866 1373; x_wconf 87' lang='lat' dir='ltr'><strong>Etcum</strong></span> <span class='ocrx_word' id='word_1_183' title='bbox 2897 1320 3092 1389; x_wconf 71' lang='lat' dir='ltr'><strong>reginae</strong></span> <span class='ocrx_word' id='word_1_184' title='bbox 3134 1319 3398 1375; x_wconf 88' lang='lat' dir='ltr'><strong>Candacis</strong></span> <span class='ocrx_word' id='word_1_185' title='bbox 3443 1321 3733 1378; x_wconf 82' lang='lat' dir='ltr'><strong>eunuchus</strong></span> 
     </span>
    </p>
   </div>
   <div class='ocr_carea' id='block_1_28' title="bbox 2150 1411 3738 1482">
    <p class='ocr_par' dir='ltr' id='par_1_28' title="bbox 2150 1411 3738 1482">
     <span class='ocr_line' id='line_1_28' title="bbox 2150 1411 3738 1482; baseline 0.003 -15"><span class='ocrx_word' id='word_1_186' title='bbox 2150 1412 2326 1468; x_wconf 87' lang='lat' dir='ltr'><strong>currtti</strong></span> <span class='ocrx_word' id='word_1_187' title='bbox 2360 1411 2650 1481; x_wconf 71' lang='lat' dir='ltr'><strong>praesidens</strong></span> <span class='ocrx_word' id='word_1_188' title='bbox 2680 1411 2778 1466; x_wconf 89' lang='lat' dir='ltr'><strong>iter</strong></span> <span class='ocrx_word' id='word_1_189' title='bbox 2803 1421 3038 1480; x_wconf 88' lang='lat' dir='ltr'><strong>caperet,</strong></span> <span class='ocrx_word' id='word_1_190' title='bbox 3062 1414 3254 1482; x_wconf 87' lang='lat' dir='ltr'><strong>atquei</strong></span> <span class='ocrx_word' id='word_1_191' title='bbox 3288 1413 3477 1470; x_wconf 88' lang='lat' dir='ltr'><strong>Isaiam</strong></span> <span class='ocrx_word' id='word_1_192' title='bbox 3510 1430 3619 1470; x_wconf 90' lang='lat' dir='ltr'><strong>non</strong></span> <span class='ocrx_word' id='word_1_193' title='bbox 3653 1416 3738 1471; x_wconf 85' lang='lat' dir='ltr'><strong>itt-</strong></span> 
     </span>
    </p>
   </div>
   <div class='ocr_carea' id='block_1_29' title="bbox 2153 1505 3737 1578">
    <p class='ocr_par' dir='ltr' id='par_1_29' title="bbox 2153 1505 3737 1578">
     <span class='ocr_line' id='line_1_29' title="bbox 2153 1505 3737 1578; baseline 0.004 -20"><span class='ocrx_word' id='word_1_194' title='bbox 2153 1505 2398 1575; x_wconf 89' lang='lat' dir='ltr'><strong>telligens</strong></span> <span class='ocrx_word' id='word_1_195' title='bbox 2435 1505 2487 1559; x_wconf 92' lang='lat' dir='ltr'><strong>in</strong></span> <span class='ocrx_word' id='word_1_196' title='bbox 2517 1505 2761 1562; x_wconf 87' lang='lat' dir='ltr'><strong>manibus</strong></span> <span class='ocrx_word' id='word_1_197' title='bbox 2787 1505 3035 1571; x_wconf 88' lang='lat' dir='ltr'><strong>haberet,</strong></span> <span class='ocrx_word' id='word_1_198' title='bbox 3059 1505 3112 1560; x_wconf 90' lang='lat' dir='ltr'><strong>in</strong></span> <span class='ocrx_word' id='word_1_199' title='bbox 3140 1506 3304 1562; x_wconf 91' lang='lat' dir='ltr'><strong>corde</strong></span> <span class='ocrx_word' id='word_1_200' title='bbox 3333 1507 3588 1563; x_wconf 87' lang='lat' dir='ltr'><strong>nimirum</strong></span> <span class='ocrx_word' id='word_1_201' title='bbox 3620 1509 3737 1578; x_wconf 89' lang='lat' dir='ltr'><strong>spi-</strong></span> 
     </span>
    </p>
   </div>
   <div class='ocr_carea' id='block_1_30' title="bbox 2151 1597 3736 1672">
    <p class='ocr_par' dir='ltr' id='par_1_30' title="bbox 2151 1597 3736 1672">
     <span class='ocr_line' id='line_1_30' title="bbox 2151 1597 3736 1672; baseline 0.003 -21"><span class='ocrx_word' id='word_1_202' title='bbox 2151 1598 2286 1652; x_wconf 89' lang='lat' dir='ltr'><strong>ritus</strong></span> <span class='ocrx_word' id='word_1_203' title='bbox 2311 1597 2556 1667; x_wconf 87' lang='lat' dir='ltr'><strong>Phitippo</strong></span> <span class='ocrx_word' id='word_1_204' title='bbox 2590 1599 2838 1655; x_wconf 80' lang='lat' dir='ltr'><strong>dixerat:</strong></span> <span class='ocrx_word' id='word_1_205' title='bbox 2877 1600 3114 1672; x_wconf 81' lang='lat' dir='ltr'><strong>Adjunge</strong></span> <span class='ocrx_word' id='word_1_206' title='bbox 3152 1609 3199 1654; x_wconf 88' lang='lat' dir='ltr'><strong>te</strong></span> <span class='ocrx_word' id='word_1_207' title='bbox 3246 1600 3314 1654; x_wconf 91' lang='lat' dir='ltr'><strong>ad</strong></span> <span class='ocrx_word' id='word_1_208' title='bbox 3358 1617 3568 1655; x_wconf 88' lang='lat' dir='ltr'><strong>currum</strong></span> <span class='ocrx_word' id='word_1_209' title='bbox 3593 1603 3736 1672; x_wconf 85' lang='lat' dir='ltr'><strong>(Act.</strong></span> 
     </span>
    </p>
   </div>
   <div class='ocr_carea' id='block_1_31' title="bbox 2153 1690 3740 1762">
    <p class='ocr_par' dir='ltr' id='par_1_31' title="bbox 2153 1690 3740 1762">
     <span class='ocr_line' id='line_1_31' title="bbox 2153 1690 3740 1762; baseline 0.003 -16"><span class='ocrx_word' id='word_1_210' title='bbox 2153 1708 2267 1758; x_wconf 89' lang='lat' dir='ltr'><strong>vm,</strong></span> <span class='ocrx_word' id='word_1_211' title='bbox 2298 1690 2412 1762; x_wconf 76' lang='lat'><strong>29).</strong></span> <span class='ocrx_word' id='word_1_212' title='bbox 2456 1692 2522 1746; x_wconf 86' lang='lat' dir='ltr'><strong>Et</strong></span> <span class='ocrx_word' id='word_1_213' title='bbox 2560 1707 2678 1748; x_wconf 92' lang='lat' dir='ltr'><strong>cum</strong></span> <span class='ocrx_word' id='word_1_214' title='bbox 2711 1694 2776 1748; x_wconf 87' lang='lat' dir='ltr'><strong>ad</strong></span> <span class='ocrx_word' id='word_1_215' title='bbox 2825 1694 3157 1749; x_wconf 83' lang='lat' dir='ltr'><strong>evocandum</strong></span> <span class='ocrx_word' id='word_1_216' title='bbox 3204 1694 3422 1750; x_wconf 88' lang='lat' dir='ltr'><strong>Petrum</strong></span> <span class='ocrx_word' id='word_1_217' title='bbox 3475 1696 3740 1752; x_wconf 90' lang='lat' dir='ltr'><strong>timentes</strong></span> 
     </span>
    </p>
   </div>
   <div class='ocr_carea' id='block_1_32' title="bbox 2158 1784 3744 1860">
    <p class='ocr_par' dir='ltr' id='par_1_32' title="bbox 2158 1784 3744 1860">
     <span class='ocr_line' id='line_1_32' title="bbox 2158 1784 3744 1860; baseline 0.003 -21"><span class='ocrx_word' id='word_1_218' title='bbox 2158 1785 2323 1839; x_wconf 90' lang='lat' dir='ltr'><strong>Deum</strong></span> <span class='ocrx_word' id='word_1_219' title='bbox 2355 1784 2551 1842; x_wconf 90' lang='lat' dir='ltr'><strong>milites</strong></span> <span class='ocrx_word' id='word_1_220' title='bbox 2579 1785 2862 1841; x_wconf 86' lang='lat' dir='ltr'><strong>Cornelius</strong></span> <span class='ocrx_word' id='word_1_221' title='bbox 2893 1786 3175 1842; x_wconf 77' lang='lat' dir='ltr'><strong>direxisset</strong></span> <span class='ocrx_word' id='word_1_222' title='bbox 3199 1827 3214 1851; x_wconf 96' lang='lat'><strong>,</strong></span> <span class='ocrx_word' id='word_1_223' title='bbox 3247 1787 3302 1842; x_wconf 87' lang='lat' dir='ltr'><strong>itt</strong></span> <span class='ocrx_word' id='word_1_224' title='bbox 3331 1796 3511 1844; x_wconf 86' lang='lat' dir='ltr'><strong>mente</strong></span> <span class='ocrx_word' id='word_1_225' title='bbox 3549 1789 3744 1860; x_wconf 88' lang='lat' dir='ltr'><strong>procul</strong></span> 
     </span>
    </p>
   </div>
   <div class='ocr_carea' id='block_1_33' title="bbox 471 1875 3744 1953">
    <p class='ocr_par' dir='ltr' id='par_1_33' title="bbox 471 1875 3744 1953">
     <span class='ocr_line' id='line_1_33' title="bbox 471 1875 3744 1953; baseline -0.002 -13"><span class='ocrx_word' id='word_1_226' title='bbox 471 1888 664 1942; x_wconf 90' lang='lat' dir='ltr'><strong>tuenda</strong></span> <span class='ocrx_word' id='word_1_227' title='bbox 714 1895 1057 1940; x_wconf 85' lang='lat' dir='ltr'><strong>monstratur.</strong></span> <span class='ocrx_word' id='word_1_228' title='bbox 1110 1885 1165 1939; x_wconf 92' lang='lat' dir='ltr'><strong>ln</strong></span> <span class='ocrx_word' id='word_1_229' title='bbox 1198 1885 1284 1938; x_wconf 88' lang='lat' dir='ltr'><strong>illa</strong></span> <span class='ocrx_word' id='word_1_230' title='bbox 1337 1883 1686 1953; x_wconf 68' lang='lat' dir='ltr'><strong>persuadetur</strong></span> <span class='ocrx_word' id='word_1_231' title='bbox 1728 1893 1749 1920; x_wconf 77' lang='grc' dir='ltr'><strong>ο</strong></span> <span class='ocrx_word' id='word_1_232' title='bbox 1779 1884 1970 1936; x_wconf 64' lang='lat' dir='ltr'><strong>anima:</strong></span> <span class='ocrx_word' id='word_1_233' title='bbox 1997 1888 2054 1936; x_wconf 92' lang='lat' dir='ltr'><strong>ut</strong></span> <span class='ocrx_word' id='word_1_234' title='bbox 2085 1875 2132 1935; x_wconf 91' lang='lat' dir='ltr'><strong>B</strong></span> <span class='ocrx_word' id='word_1_235' title='bbox 2158 1877 2321 1932; x_wconf 89' lang='lat' dir='ltr'><strong>dubio</strong></span> <span class='ocrx_word' id='word_1_236' title='bbox 2349 1892 2379 1932; x_wconf 91' lang='lat' dir='ltr'><strong>a</strong></span> <span class='ocrx_word' id='word_1_237' title='bbox 2409 1878 2599 1947; x_wconf 91' lang='lat' dir='ltr'><strong>spiritu</strong></span> <span class='ocrx_word' id='word_1_238' title='bbox 2642 1878 2830 1935; x_wconf 89' lang='lat' dir='ltr'><strong>Petrus</strong></span> <span class='ocrx_word' id='word_1_239' title='bbox 2871 1878 3107 1934; x_wconf 87' lang='lat' dir='ltr'><strong>audivit:</strong></span> <span class='ocrx_word' id='word_1_240' title='bbox 3142 1879 3274 1934; x_wconf 85' lang='lat' dir='ltr'><strong>Ecce</strong></span> <span class='ocrx_word' id='word_1_241' title='bbox 3316 1889 3416 1936; x_wconf 89' lang='lat' dir='ltr'><strong>tres</strong></span> <span class='ocrx_word' id='word_1_242' title='bbox 3454 1881 3568 1950; x_wconf 68' lang='lat' dir='ltr'><strong>viri}</strong></span> <span class='ocrx_word' id='word_1_243' title='bbox 3596 1897 3744 1950; x_wconf 56' lang='lat' dir='ltr'><strong>quae-</strong></span> 
     </span>
    </p>
   </div>
   <div class='ocr_carea' id='block_1_34' title="bbox 473 1973 2047 2047">
    <p class='ocr_par' dir='ltr' id='par_1_34' title="bbox 473 1973 2047 2047">
     <span class='ocr_line' id='line_1_34' title="bbox 473 1973 2047 2047; baseline 0 -21"><span class='ocrx_word' id='word_1_244' title='bbox 473 1978 745 2047; x_wconf 82' lang='lat' dir='ltr'><strong>proﬁciat,</strong></span> <span class='ocrx_word' id='word_1_245' title='bbox 803 1977 853 2032; x_wconf 92' lang='lat' dir='ltr'><strong>in</strong></span> <span class='ocrx_word' id='word_1_246' title='bbox 903 1978 1000 2032; x_wconf 91' lang='lat' dir='ltr'><strong>ista</strong></span> <span class='ocrx_word' id='word_1_247' title='bbox 1047 1977 1354 2045; x_wconf 88' lang='lat' dir='ltr'><strong>reprimitur</strong></span> <span class='ocrx_word' id='word_1_248' title='bbox 1397 1987 1515 2045; x_wconf 71' lang='lat' dir='ltr'><strong>qua:</strong></span> <span class='ocrx_word' id='word_1_249' title='bbox 1571 1973 1795 2044; x_wconf 78' lang='lat' dir='ltr'><strong>prolicit.</strong></span> <span class='ocrx_word' id='word_1_250' title='bbox 1861 1973 1916 2027; x_wconf 93' lang='lat' dir='ltr'><strong>ln</strong></span> <span class='ocrx_word' id='word_1_251' title='bbox 1960 1973 2047 2028; x_wconf 86' lang='lat' dir='ltr'><strong>illa</strong></span> 
     </span>
    </p>
   </div>
   <div class='ocr_carea' id='block_1_35' title="bbox 470 2067 2048 2138">
    <p class='ocr_par' dir='ltr' id='par_1_35' title="bbox 470 2067 2048 2138">
     <span class='ocr_line' id='line_1_35' title="bbox 470 2067 2048 2138; baseline 0.001 -16"><span class='ocrx_word' id='word_1_252' title='bbox 470 2069 628 2123; x_wconf 66' lang='lat' dir='ltr'><strong>deril</strong></span> <span class='ocrx_word' id='word_1_253' title='bbox 657 2070 796 2138; x_wconf 82' lang='lat' dir='ltr'><strong>quod</strong></span> <span class='ocrx_word' id='word_1_254' title='bbox 838 2077 1075 2137; x_wconf 89' lang='lat' dir='ltr'><strong>appetat,</strong></span> <span class='ocrx_word' id='word_1_255' title='bbox 1109 2068 1161 2121; x_wconf 91' lang='lat' dir='ltr'><strong>in</strong></span> <span class='ocrx_word' id='word_1_256' title='bbox 1203 2069 1302 2122; x_wconf 89' lang='lat' dir='ltr'><strong>ista</strong></span> <span class='ocrx_word' id='word_1_257' title='bbox 1330 2067 1469 2137; x_wconf 83' lang='lat' dir='ltr'><strong>quod</strong></span> <span class='ocrx_word' id='word_1_258' title='bbox 1502 2076 1721 2122; x_wconf 88' lang='lat' dir='ltr'><strong>metuat.</strong></span> <span class='ocrx_word' id='word_1_259' title='bbox 1768 2069 1866 2122; x_wconf 86' lang='lat' dir='ltr'><strong>Per</strong></span> <span class='ocrx_word' id='word_1_260' title='bbox 1904 2067 2048 2123; x_wconf 86' lang='lat' dir='ltr'><strong>illam</strong></span> 
     </span>
    </p>
   </div>
   <div class='ocr_carea' id='block_1_36' title="bbox 471 2157 2046 2229">
    <p class='ocr_par' dir='ltr' id='par_1_36' title="bbox 471 2157 2046 2229">
     <span class='ocr_line' id='line_1_36' title="bbox 471 2157 2046 2229; baseline 0 -16"><span class='ocrx_word' id='word_1_261' title='bbox 471 2161 598 2215; x_wconf 82' lang='lat' dir='ltr'><strong>dicit</strong></span> <span class='ocrx_word' id='word_1_262' title='bbox 627 2178 639 2213; x_wconf 92' lang='lat'><strong>:</strong></span> <span class='ocrx_word' id='word_1_263' title='bbox 668 2157 693 2196; x_wconf 71' lang='grc' dir='ltr'>ά</span> <span class='ocrx_word' id='word_1_264' title='bbox 727 2160 906 2214; x_wconf 82' lang='lat' dir='ltr'><strong>Gaude</strong></span> <span class='ocrx_word' id='word_1_265' title='bbox 941 2171 988 2214; x_wconf 91' lang='lat' dir='ltr'><strong>et</strong></span> <span class='ocrx_word' id='word_1_266' title='bbox 1024 2161 1216 2223; x_wconf 64' lang='lat' dir='ltr'><strong>lictore,</strong></span> <span class='ocrx_word' id='word_1_267' title='bbox 1257 2159 1364 2225; x_wconf 81' lang='lat' dir='ltr'><strong>[ilia</strong></span> <span class='ocrx_word' id='word_1_268' title='bbox 1396 2158 1552 2224; x_wconf 84' lang='lat' dir='ltr'><strong>Sion,</strong></span> <span class='ocrx_word' id='word_1_269' title='bbox 1585 2160 1704 2229; x_wconf 83' lang='lat' dir='ltr'><strong>quia</strong></span> <span class='ocrx_word' id='word_1_270' title='bbox 1738 2175 1851 2213; x_wconf 83' lang='lat' dir='ltr'><strong>ecce</strong></span> <span class='ocrx_word' id='word_1_271' title='bbox 1880 2159 2046 2226; x_wconf 88' lang='lat' dir='ltr'><strong>venio,</strong></span> 
     </span>
    </p>
   </div>
   <div class='ocr_carea' id='block_1_37' title="bbox 469 2249 2050 2320">
    <p class='ocr_par' dir='ltr' id='par_1_37' title="bbox 469 2249 2050 2320">
     <span class='ocr_line' id='line_1_37' title="bbox 469 2249 2050 2320; baseline 0.001 -17"><span class='ocrx_word' id='word_1_272' title='bbox 469 2261 514 2304; x_wconf 90' lang='lat' dir='ltr'><strong>ct</strong></span> <span class='ocrx_word' id='word_1_273' title='bbox 551 2251 790 2305; x_wconf 80' lang='lat' dir='ltr'><strong>habitabo</strong></span> <span class='ocrx_word' id='word_1_274' title='bbox 826 2253 877 2305; x_wconf 90' lang='lat' dir='ltr'><strong>in</strong></span> <span class='ocrx_word' id='word_1_275' title='bbox 933 2252 1100 2305; x_wconf 89' lang='lat' dir='ltr'><strong>medio</strong></span> <span class='ocrx_word' id='word_1_276' title='bbox 1133 2252 1206 2304; x_wconf 87' lang='lat' dir='ltr'><strong>tui</strong></span> <span class='ocrx_word' id='word_1_277' title='bbox 1240 2249 1421 2316; x_wconf 90' lang='lat' dir='ltr'><strong>(Zach.</strong></span> <span class='ocrx_word' id='word_1_278' title='bbox 1475 2265 1540 2313; x_wconf 83' lang='lat' dir='ltr'><strong>ll,</strong></span> <span class='ocrx_word' id='word_1_279' title='bbox 1580 2251 1699 2320; x_wconf 74' lang='lat'><strong>10);</strong></span> <span class='ocrx_word' id='word_1_280' title='bbox 1743 2249 1904 2320; x_wconf 78' lang='lat'><strong>893</strong></span> <span class='ocrx_word' id='word_1_281' title='bbox 1957 2265 2050 2318; x_wconf 89' lang='lat' dir='ltr'><strong>per</strong></span> 
     </span>
    </p>
   </div>
   <div class='ocr_carea' id='block_1_38' title="bbox 471 2341 2049 2410">
    <p class='ocr_par' dir='ltr' id='par_1_38' title="bbox 471 2341 2049 2410">
     <span class='ocr_line' id='line_1_38' title="bbox 471 2341 2049 2410; baseline 0.001 -14"><span class='ocrx_word' id='word_1_282' title='bbox 471 2344 624 2396; x_wconf 89' lang='lat' dir='ltr'><strong>istam</strong></span> <span class='ocrx_word' id='word_1_283' title='bbox 653 2342 884 2397; x_wconf 89' lang='lat' dir='ltr'><strong>dicitur:</strong></span> <span class='ocrx_word' id='word_1_284' title='bbox 918 2341 1166 2395; x_wconf 80' lang='lat' dir='ltr'><strong>Dominus</strong></span> <span class='ocrx_word' id='word_1_285' title='bbox 1211 2342 1261 2394; x_wconf 89' lang='lat' dir='ltr'><strong>in</strong></span> <span class='ocrx_word' id='word_1_286' title='bbox 1288 2350 1577 2410; x_wconf 82' lang='lat' dir='ltr'><strong>tempestate</strong></span> <span class='ocrx_word' id='word_1_287' title='bbox 1625 2350 1648 2378; x_wconf 84' lang='lat'><strong><em>°</em></strong></span> <span class='ocrx_word' id='word_1_288' title='bbox 1698 2345 1878 2408; x_wconf 81' lang='lat' dir='ltr'><strong>veniet,</strong></span> <span class='ocrx_word' id='word_1_289' title='bbox 1922 2350 1967 2396; x_wconf 87' lang='lat' dir='ltr'><strong>et</strong></span> <span class='ocrx_word' id='word_1_290' title='bbox 1997 2343 2049 2397; x_wconf 86' lang='lat' dir='ltr'><strong>in</strong></span> 
     </span>
    </p>
   </div>
   <div class='ocr_carea' id='block_1_39' title="bbox 471 2434 2052 2510">
    <p class='ocr_par' dir='ltr' id='par_1_39' title="bbox 471 2434 2052 2510">
     <span class='ocr_line' id='line_1_39' title="bbox 471 2434 2052 2510; baseline 0.001 -20"><span class='ocrx_word' id='word_1_291' title='bbox 471 2439 672 2492; x_wconf 87' lang='lat' dir='ltr'><strong>turbine</strong></span> <span class='ocrx_word' id='word_1_292' title='bbox 701 2438 792 2491; x_wconf 81' lang='lat' dir='ltr'><strong>vite</strong></span> <span class='ocrx_word' id='word_1_293' title='bbox 819 2441 925 2508; x_wconf 83' lang='lat' dir='ltr'><strong>ejus</strong></span> <span class='ocrx_word' id='word_1_294' title='bbox 953 2435 1105 2510; x_wconf 77' lang='grc' dir='ltr'><strong>(1δαί.</strong></span> <span class='ocrx_word' id='word_1_295' title='bbox 1137 2451 1284 2504; x_wconf 76' lang='lat' dir='ltr'><strong>vat,</strong></span> <span class='ocrx_word' id='word_1_296' title='bbox 1322 2434 1429 2506; x_wconf 84' lang='lat'><strong>15).</strong></span> <span class='ocrx_word' id='word_1_297' title='bbox 1487 2435 1717 2491; x_wconf 76' lang='lat' dir='ltr'><strong>Blandus</strong></span> <span class='ocrx_word' id='word_1_298' title='bbox 1747 2436 1942 2506; x_wconf 87' lang='lat' dir='ltr'><strong>quippe</strong></span> <span class='ocrx_word' id='word_1_299' title='bbox 1969 2444 2052 2492; x_wconf 86' lang='lat' dir='ltr'><strong>est</strong></span> 
     </span>
    </p>
   </div>
   <div class='ocr_carea' id='block_1_40' title="bbox 472 2529 2053 2604">
    <p class='ocr_par' dir='ltr' id='par_1_40' title="bbox 472 2529 2053 2604">
     <span class='ocr_line' id='line_1_40' title="bbox 472 2529 2053 2604; baseline -0.001 -18"><span class='ocrx_word' id='word_1_300' title='bbox 472 2533 561 2604; x_wconf 92' lang='lat' dir='ltr'><strong>qui</strong></span> <span class='ocrx_word' id='word_1_301' title='bbox 602 2541 660 2586; x_wconf 91' lang='lat' dir='ltr'><strong>ut</strong></span> <span class='ocrx_word' id='word_1_302' title='bbox 701 2533 752 2586; x_wconf 91' lang='lat' dir='ltr'><strong>in</strong></span> <span class='ocrx_word' id='word_1_303' title='bbox 794 2531 968 2588; x_wconf 91' lang='lat' dir='ltr'><strong>medio</strong></span> <span class='ocrx_word' id='word_1_304' title='bbox 1006 2531 1266 2586; x_wconf 86' lang='lat' dir='ltr'><strong>inhabitet</strong></span> <span class='ocrx_word' id='word_1_305' title='bbox 1307 2532 1470 2586; x_wconf 86' lang='lat' dir='ltr'><strong>venit.</strong></span> <span class='ocrx_word' id='word_1_306' title='bbox 1521 2529 1652 2586; x_wconf 90' lang='lat' dir='ltr'><strong>Cum</strong></span> <span class='ocrx_word' id='word_1_307' title='bbox 1696 2546 1822 2586; x_wconf 91' lang='lat' dir='ltr'><strong>vero</strong></span> <span class='ocrx_word' id='word_1_308' title='bbox 1858 2546 1917 2586; x_wconf 90' lang='lat' dir='ltr'><strong>se</strong></span> <span class='ocrx_word' id='word_1_309' title='bbox 1955 2545 2053 2601; x_wconf 87' lang='lat' dir='ltr'><strong>per</strong></span> 
     </span>
    </p>
   </div>
   <div class='ocr_carea' id='block_1_41' title="bbox 475 2624 2052 2693">
    <p class='ocr_par' dir='ltr' id='par_1_41' title="bbox 475 2624 2052 2693">
     <span class='ocr_line' id='line_1_41' title="bbox 475 2624 2052 2693; baseline 0.001 -15"><span class='ocrx_word' id='word_1_310' title='bbox 475 2633 844 2693; x_wconf 89' lang='lat' dir='ltr'><strong>tempestatem</strong></span> <span class='ocrx_word' id='word_1_311' title='bbox 893 2634 945 2680; x_wconf 86' lang='lat' dir='ltr'><strong>et</strong></span> <span class='ocrx_word' id='word_1_312' title='bbox 997 2625 1266 2680; x_wconf 85' lang='lat' dir='ltr'><strong>turbinem</strong></span> <span class='ocrx_word' id='word_1_313' title='bbox 1321 2624 1576 2692; x_wconf 91' lang='lat' dir='ltr'><strong>insinuat,</strong></span> <span class='ocrx_word' id='word_1_314' title='bbox 1621 2625 1870 2680; x_wconf 85' lang='lat' dir='ltr'><strong>nimirum</strong></span> <span class='ocrx_word' id='word_1_315' title='bbox 1931 2640 2052 2692; x_wconf 61' lang='lat' dir='ltr'><strong>(luce</strong></span> 
     </span>
    </p>
   </div>
   <div class='ocr_carea' id='block_1_42' title="bbox 473 2715 2054 2786">
    <p class='ocr_par' dir='ltr' id='par_1_42' title="bbox 473 2715 2054 2786">
     <span class='ocr_line' id='line_1_42' title="bbox 473 2715 2054 2786; baseline 0.002 -18"><span class='ocrx_word' id='word_1_316' title='bbox 473 2717 639 2786; x_wconf 88' lang='lat' dir='ltr'><strong>tangit</strong></span> <span class='ocrx_word' id='word_1_317' title='bbox 674 2717 834 2772; x_wconf 91' lang='lat' dir='ltr'><strong>corda</strong></span> <span class='ocrx_word' id='word_1_318' title='bbox 866 2716 1170 2785; x_wconf 86' lang='lat' dir='ltr'><strong>perturbat;</strong></span> <span class='ocrx_word' id='word_1_319' title='bbox 1204 2727 1362 2786; x_wconf 90' lang='lat' dir='ltr'><strong>atque</strong></span> <span class='ocrx_word' id='word_1_320' title='bbox 1393 2715 1456 2770; x_wconf 89' lang='lat' dir='ltr'><strong>ad</strong></span> <span class='ocrx_word' id='word_1_321' title='bbox 1485 2715 1838 2771; x_wconf 85' lang='lat' dir='ltr'><strong>edomandam</strong></span> <span class='ocrx_word' id='word_1_322' title='bbox 1865 2716 2054 2772; x_wconf 90' lang='lat' dir='ltr'><strong>elatio-</strong></span> 
     </span>
    </p>
   </div>
   <div class='ocr_carea' id='block_1_43' title="bbox 474 2809 2054 2879">
    <p class='ocr_par' dir='ltr' id='par_1_43' title="bbox 474 2809 2054 2879">
     <span class='ocr_line' id='line_1_43' title="bbox 474 2809 2054 2879; baseline 0.002 -16"><span class='ocrx_word' id='word_1_323' title='bbox 474 2823 596 2864; x_wconf 90' lang='lat' dir='ltr'><strong>nem</strong></span> <span class='ocrx_word' id='word_1_324' title='bbox 635 2823 693 2864; x_wconf 89' lang='lat' dir='ltr'><strong>se</strong></span> <span class='ocrx_word' id='word_1_325' title='bbox 730 2809 937 2876; x_wconf 80' lang='lat' dir='ltr'><strong>exerit,</strong></span> <span class='ocrx_word' id='word_1_326' title='bbox 979 2809 1190 2879; x_wconf 84' lang='lat' dir='ltr'><strong>quando</strong></span> <span class='ocrx_word' id='word_1_327' title='bbox 1229 2815 1416 2878; x_wconf 87' lang='lat' dir='ltr'><strong>potens</strong></span> <span class='ocrx_word' id='word_1_328' title='bbox 1454 2819 1509 2865; x_wconf 92' lang='lat' dir='ltr'><strong>et</strong></span> <span class='ocrx_word' id='word_1_329' title='bbox 1547 2809 1799 2865; x_wconf 90' lang='lat' dir='ltr'><strong>terribilis</strong></span> <span class='ocrx_word' id='word_1_330' title='bbox 1838 2809 2054 2866; x_wconf 89' lang='lat' dir='ltr'><strong>innote-</strong></span> 
     </span>
    </p>
   </div>
   <div class='ocr_carea' id='block_1_44' title="bbox 473 2899 594 2956">
    <p class='ocr_par' dir='ltr' id='par_1_44' title="bbox 473 2899 594 2956">
     <span class='ocr_line' id='line_1_44' title="bbox 473 2899 594 2956; baseline -0.017 0"><span class='ocrx_word' id='word_1_331' title='bbox 473 2899 594 2956; x_wconf 80' lang='lat' dir='ltr'><strong>scit.</strong></span> 
     </span>
    </p>
   </div>
   <div class='ocr_carea' id='block_1_45' title="bbox 542 2989 2044 3065">
    <p class='ocr_par' dir='ltr' id='par_1_45' title="bbox 542 2989 2044 3065">
     <span class='ocr_line' id='line_1_45' title="bbox 542 2989 2044 3065; baseline 0.002 -20"><span class='ocrx_word' id='word_1_332' title='bbox 542 2990 596 3048; x_wconf 70' lang='lat'><strong>2.</strong></span> <span class='ocrx_word' id='word_1_333' title='bbox 637 2993 738 3045; x_wconf 83' lang='lat' dir='ltr'><strong>Aut</strong></span> <span class='ocrx_word' id='word_1_334' title='bbox 767 3010 846 3062; x_wconf 86' lang='lat' dir='ltr'><strong>pet</strong></span> <span class='ocrx_word' id='word_1_335' title='bbox 897 2993 1105 3065; x_wconf 82' lang='lat' dir='ltr'><strong>angelos</strong></span> <span class='ocrx_word' id='word_1_336' title='bbox 1133 2993 1354 3064; x_wconf 84' lang='lat' dir='ltr'><strong>loquitur</strong></span> <span class='ocrx_word' id='word_1_337' title='bbox 1388 2989 1523 3046; x_wconf 88' lang='lat' dir='ltr'><strong>Deus</strong></span> <span class='ocrx_word' id='word_1_338' title='bbox 1547 3034 1560 3060; x_wconf 93' lang='lat'><strong>,</strong></span> <span class='ocrx_word' id='word_1_339' title='bbox 1592 3002 1684 3046; x_wconf 88' lang='lat' dir='ltr'><strong>aut</strong></span> <span class='ocrx_word' id='word_1_340' title='bbox 1724 3010 1813 3062; x_wconf 88' lang='lat' dir='ltr'><strong>per</strong></span> <span class='ocrx_word' id='word_1_341' title='bbox 1857 3002 2044 3048; x_wconf 84' lang='lat' dir='ltr'><strong>semet-</strong></span> 
     </span>
    </p>
   </div>
   <div class='ocr_carea' id='block_1_46' title="bbox 475 3081 2055 3153">
    <p class='ocr_par' dir='ltr' id='par_1_46' title="bbox 475 3081 2055 3153">
     <span class='ocr_line' id='line_1_46' title="bbox 475 3081 2055 3153; baseline 0.003 -17"><span class='ocrx_word' id='word_1_342' title='bbox 475 3083 1033 3152; x_wconf 68' lang='lat' dir='ltr'><strong>ipsum—Sciendum</strong></span> <span class='ocrx_word' id='word_1_343' title='bbox 1055 3095 1311 3153; x_wconf 69' lang='lat' dir='ltr'><strong>praeterea</strong></span> <span class='ocrx_word' id='word_1_344' title='bbox 1337 3092 1420 3138; x_wconf 83' lang='lat' dir='ltr'><strong>est</strong></span> <span class='ocrx_word' id='word_1_345' title='bbox 1453 3081 1471 3122; x_wconf 76' lang='grc' dir='ltr'>ῐ</span> <span class='ocrx_word' id='word_1_346' title='bbox 1509 3085 1628 3152; x_wconf 82' lang='lat' dir='ltr'><strong>quia</strong></span> <span class='ocrx_word' id='word_1_347' title='bbox 1651 3085 1860 3142; x_wconf 90' lang='lat' dir='ltr'><strong>duobus</strong></span> <span class='ocrx_word' id='word_1_348' title='bbox 1882 3085 2055 3141; x_wconf 85' lang='lat' dir='ltr'><strong>modis</strong></span> 
     </span>
    </p>
   </div>
   <div class='ocr_carea' id='block_1_47' title="bbox 475 3174 2054 3246">
    <p class='ocr_par' dir='ltr' id='par_1_47' title="bbox 475 3174 2054 3246">
     <span class='ocr_line' id='line_1_47' title="bbox 475 3174 2054 3246; baseline 0.001 -18"><span class='ocrx_word' id='word_1_349' title='bbox 475 3174 673 3229; x_wconf 92' lang='lat' dir='ltr'><strong>locutio</strong></span> <span class='ocrx_word' id='word_1_350' title='bbox 701 3175 878 3229; x_wconf 90' lang='lat' dir='ltr'><strong>divina</strong></span> <span class='ocrx_word' id='word_1_351' title='bbox 905 3175 1266 3246; x_wconf 84' lang='lat' dir='ltr'><strong>distinguitur.</strong></span> <span class='ocrx_word' id='word_1_352' title='bbox 1288 3176 1393 3230; x_wconf 85' lang='lat' dir='ltr'><strong>Aut</strong></span> <span class='ocrx_word' id='word_1_353' title='bbox 1416 3191 1508 3245; x_wconf 89' lang='lat' dir='ltr'><strong>per</strong></span> <span class='ocrx_word' id='word_1_354' title='bbox 1531 3179 1876 3246; x_wconf 82' lang='lat' dir='ltr'><strong>semetipsum</strong></span> <span class='ocrx_word' id='word_1_355' title='bbox 1903 3194 2054 3230; x_wconf 86' lang='lat' dir='ltr'><strong>natu-</strong></span> 
     </span>
    </p>
   </div>
   <div class='ocr_carea' id='block_1_48' title="bbox 2151 1969 3744 2043">
    <p class='ocr_par' dir='ltr' id='par_1_48' title="bbox 2151 1969 3744 2043">
     <span class='ocr_line' id='line_1_48' title="bbox 2151 1969 3744 2043; baseline 0.004 -23"><span class='ocrx_word' id='word_1_356' title='bbox 2151 1977 2268 2022; x_wconf 89' lang='lat' dir='ltr'><strong>runt</strong></span> <span class='ocrx_word' id='word_1_357' title='bbox 2296 1978 2363 2035; x_wconf 91' lang='lat' dir='ltr'><strong>te,</strong></span> <span class='ocrx_word' id='word_1_358' title='bbox 2393 1985 2542 2040; x_wconf 86' lang='lat' dir='ltr'><strong>surge</strong></span> <span class='ocrx_word' id='word_1_359' title='bbox 2564 1969 2752 2039; x_wconf 85' lang='lat' dir='ltr'><strong>itaque,</strong></span> <span class='ocrx_word' id='word_1_360' title='bbox 2780 1970 3026 2026; x_wconf 84' lang='lat' dir='ltr'><strong>descende</strong></span> <span class='ocrx_word' id='word_1_361' title='bbox 3053 1981 3100 2026; x_wconf 88' lang='lat' dir='ltr'><strong>et</strong></span> <span class='ocrx_word' id='word_1_362' title='bbox 3128 1972 3255 2027; x_wconf 88' lang='lat' dir='ltr'><strong>vade</strong></span> <span class='ocrx_word' id='word_1_363' title='bbox 3281 1989 3395 2026; x_wconf 87' lang='lat' dir='ltr'><strong>cum</strong></span> <span class='ocrx_word' id='word_1_364' title='bbox 3415 1973 3486 2027; x_wconf 89' lang='lat' dir='ltr'><strong>eis</strong></span> <span class='ocrx_word' id='word_1_365' title='bbox 3517 1973 3662 2043; x_wconf 80' lang='lat' dir='ltr'><strong>(Act.</strong></span> <span class='ocrx_word' id='word_1_366' title='bbox 3684 1989 3744 2040; x_wconf 78' lang='grc' dir='ltr'><strong>ι,</strong></span> 
     </span>
    </p>
   </div>
   <div class='ocr_carea' id='block_1_49' title="bbox 2156 2060 3746 2134">
    <p class='ocr_par' dir='ltr' id='par_1_49' title="bbox 2156 2060 3746 2134">
     <span class='ocr_line' id='line_1_49' title="bbox 2156 2060 3746 2134; baseline 0.004 -18"><span class='ocrx_word' id='word_1_367' title='bbox 2156 2064 2267 2132; x_wconf 71' lang='grc'><strong>19);</strong></span> <span class='ocrx_word' id='word_1_368' title='bbox 2302 2060 2328 2101; x_wconf 69' lang='grc' dir='ltr'>ι</span> <span class='ocrx_word' id='word_1_369' title='bbox 2355 2062 2611 2132; x_wconf 90' lang='lat' dir='ltr'><strong>Spiritum</strong></span> <span class='ocrx_word' id='word_1_370' title='bbox 2639 2061 2781 2118; x_wconf 81' lang='lat' dir='ltr'><strong>enim</strong></span> <span class='ocrx_word' id='word_1_371' title='bbox 2812 2063 2904 2119; x_wconf 91' lang='lat' dir='ltr'><strong>Dei</strong></span> <span class='ocrx_word' id='word_1_372' title='bbox 2939 2064 3090 2134; x_wconf 86' lang='lat' dir='ltr'><strong>quasi</strong></span> <span class='ocrx_word' id='word_1_373' title='bbox 3123 2064 3364 2134; x_wconf 69' lang='lat' dir='ltr'><strong>quaedam</strong></span> <span class='ocrx_word' id='word_1_374' title='bbox 3391 2065 3546 2121; x_wconf 84' lang='lat' dir='ltr'><strong>nobis</strong></span> <span class='ocrx_word' id='word_1_375' title='bbox 3577 2067 3746 2122; x_wconf 86' lang='lat' dir='ltr'><strong>verba</strong></span> 
     </span>
    </p>
   </div>
   <div class='ocr_carea' id='block_1_50' title="bbox 2153 2155 3747 2229">
    <p class='ocr_par' dir='ltr' id='par_1_50' title="bbox 2153 2155 3747 2229">
     <span class='ocr_line' id='line_1_50' title="bbox 2153 2155 3747 2229; baseline 0.004 -20"><span class='ocrx_word' id='word_1_376' title='bbox 2153 2155 2331 2212; x_wconf 90' lang='lat' dir='ltr'><strong>dicere</strong></span> <span class='ocrx_word' id='word_1_377' title='bbox 2352 2166 2436 2212; x_wconf 86' lang='lat' dir='ltr'><strong>est</strong></span> <span class='ocrx_word' id='word_1_378' title='bbox 2460 2157 2667 2212; x_wconf 90' lang='lat' dir='ltr'><strong>occulta</strong></span> <span class='ocrx_word' id='word_1_379' title='bbox 2689 2157 2738 2212; x_wconf 93' lang='lat' dir='ltr'><strong>vi</strong></span> <span class='ocrx_word' id='word_1_380' title='bbox 2766 2171 2826 2213; x_wconf 89' lang='lat' dir='ltr'><strong>ea</strong></span> <span class='ocrx_word' id='word_1_381' title='bbox 2854 2172 2972 2228; x_wconf 72' lang='lat' dir='ltr'><strong>qua:</strong></span> <span class='ocrx_word' id='word_1_382' title='bbox 2994 2159 3196 2229; x_wconf 89' lang='lat' dir='ltr'><strong>agenda</strong></span> <span class='ocrx_word' id='word_1_383' title='bbox 3219 2167 3344 2215; x_wconf 79' lang='lat' dir='ltr'><strong>sunt</strong></span> <span class='ocrx_word' id='word_1_384' title='bbox 3375 2159 3652 2228; x_wconf 88' lang='lat' dir='ltr'><strong>intimare,</strong></span> <span class='ocrx_word' id='word_1_385' title='bbox 3687 2170 3747 2216; x_wconf 84' lang='lat' dir='ltr'><strong>et</strong></span> 
     </span>
    </p>
   </div>
   <div class='ocr_carea' id='block_1_51' title="bbox 2153 2247 3734 2320">
    <p class='ocr_par' dir='ltr' id='par_1_51' title="bbox 2153 2247 3734 2320">
     <span class='ocr_line' id='line_1_51' title="bbox 2153 2247 3734 2320; baseline 0.003 -18"><span class='ocrx_word' id='word_1_386' title='bbox 2153 2262 2247 2302; x_wconf 91' lang='lat' dir='ltr'><strong>cor</strong></span> <span class='ocrx_word' id='word_1_387' title='bbox 2278 2247 2508 2303; x_wconf 89' lang='lat' dir='ltr'><strong>hominis</strong></span> <span class='ocrx_word' id='word_1_388' title='bbox 2540 2249 2780 2318; x_wconf 88' lang='lat' dir='ltr'><strong>ignarutn</strong></span> <span class='ocrx_word' id='word_1_389' title='bbox 2802 2289 2817 2315; x_wconf 90' lang='lat'><strong>,</strong></span> <span class='ocrx_word' id='word_1_390' title='bbox 2842 2263 2949 2304; x_wconf 90' lang='lat' dir='ltr'><strong>non</strong></span> <span class='ocrx_word' id='word_1_391' title='bbox 2976 2249 3219 2306; x_wconf 90' lang='lat' dir='ltr'><strong>adhibito</strong></span> <span class='ocrx_word' id='word_1_392' title='bbox 3248 2251 3474 2320; x_wconf 90' lang='lat' dir='ltr'><strong>strepitu</strong></span> <span class='ocrx_word' id='word_1_393' title='bbox 3516 2261 3571 2307; x_wconf 89' lang='lat' dir='ltr'><strong>et</strong></span> <span class='ocrx_word' id='word_1_394' title='bbox 3615 2261 3734 2307; x_wconf 65' lang='lat' dir='ltr'><strong>taro</strong></span> 
     </span>
    </p>
   </div>
   <div class='ocr_carea' id='block_1_52' title="bbox 2153 2338 3747 2410">
    <p class='ocr_par' dir='ltr' id='par_1_52' title="bbox 2153 2338 3747 2410">
     <span class='ocr_line' id='line_1_52' title="bbox 2153 2338 3747 2410; baseline 0.004 -18"><span class='ocrx_word' id='word_1_395' title='bbox 2153 2338 2316 2392; x_wconf 90' lang='lat' dir='ltr'><strong>ditate</strong></span> <span class='ocrx_word' id='word_1_396' title='bbox 2346 2341 2636 2406; x_wconf 87' lang='lat' dir='ltr'><strong>sermonis,</strong></span> <span class='ocrx_word' id='word_1_397' title='bbox 2666 2342 2896 2409; x_wconf 89' lang='lat' dir='ltr'><strong>peritum</strong></span> <span class='ocrx_word' id='word_1_398' title='bbox 2923 2348 3144 2410; x_wconf 88' lang='lat' dir='ltr'><strong>repente</strong></span> <span class='ocrx_word' id='word_1_399' title='bbox 3169 2341 3236 2398; x_wconf 89' lang='lat' dir='ltr'><strong>de</strong></span> <span class='ocrx_word' id='word_1_400' title='bbox 3265 2343 3595 2399; x_wconf 71' lang='lat' dir='ltr'><strong>absconditis</strong></span> <span class='ocrx_word' id='word_1_401' title='bbox 3615 2343 3747 2398; x_wconf 85' lang='lat' dir='ltr'><strong>red-</strong></span> 
     </span>
    </p>
   </div>
   <div class='ocr_carea' id='block_1_53' title="bbox 2153 2431 3747 2504">
    <p class='ocr_par' dir='ltr' id='par_1_53' title="bbox 2153 2431 3747 2504">
     <span class='ocr_line' id='line_1_53' title="bbox 2153 2431 3747 2504; baseline 0.003 -18"><span class='ocrx_word' id='word_1_402' title='bbox 2153 2431 2299 2488; x_wconf 90' lang='lat' dir='ltr'><strong>dere.</strong></span> <span class='ocrx_word' id='word_1_403' title='bbox 2327 2431 2456 2488; x_wconf 83' lang='lat' dir='ltr'><strong>Nam</strong></span> <span class='ocrx_word' id='word_1_404' title='bbox 2483 2432 2606 2502; x_wconf 91' lang='lat' dir='ltr'><strong>quia</strong></span> <span class='ocrx_word' id='word_1_405' title='bbox 2637 2431 2850 2488; x_wconf 89' lang='lat' dir='ltr'><strong>auditus</strong></span> <span class='ocrx_word' id='word_1_406' title='bbox 2873 2447 2936 2488; x_wconf 89' lang='lat' dir='ltr'><strong>ea</strong></span> <span class='ocrx_word' id='word_1_407' title='bbox 2963 2448 3082 2504; x_wconf 65' lang='lat' dir='ltr'><strong>quae</strong></span> <span class='ocrx_word' id='word_1_408' title='bbox 3107 2433 3173 2489; x_wconf 91' lang='lat' dir='ltr'><strong>ad</strong></span> <span class='ocrx_word' id='word_1_409' title='bbox 3199 2448 3259 2490; x_wconf 89' lang='lat' dir='ltr'><strong>se</strong></span> <span class='ocrx_word' id='word_1_410' title='bbox 3280 2435 3414 2490; x_wconf 87' lang='lat' dir='ltr'><strong>liunt</strong></span> <span class='ocrx_word' id='word_1_411' title='bbox 3434 2449 3543 2490; x_wconf 90' lang='lat' dir='ltr'><strong>non</strong></span> <span class='ocrx_word' id='word_1_412' title='bbox 3573 2435 3747 2491; x_wconf 90' lang='lat' dir='ltr'><strong>simul</strong></span> 
     </span>
    </p>
   </div>
   <div class='ocr_carea' id='block_1_54' title="bbox 2155 2523 3750 2597">
    <p class='ocr_par' dir='ltr' id='par_1_54' title="bbox 2155 2523 3750 2597">
     <span class='ocr_line' id='line_1_54' title="bbox 2155 2523 3750 2597; baseline 0.003 -18"><span class='ocrx_word' id='word_1_413' title='bbox 2155 2524 2332 2579; x_wconf 86' lang='lat' dir='ltr'><strong>omnia</strong></span> <span class='ocrx_word' id='word_1_414' title='bbox 2365 2524 2503 2579; x_wconf 85' lang='lat' dir='ltr'><strong>dicta</strong></span> <span class='ocrx_word' id='word_1_415' title='bbox 2531 2523 2967 2593; x_wconf 87' lang='lat' dir='ltr'><strong>comprehendit,</strong></span> <span class='ocrx_word' id='word_1_416' title='bbox 2999 2527 3195 2595; x_wconf 88' lang='lat' dir='ltr'><strong>quippe</strong></span> <span class='ocrx_word' id='word_1_417' title='bbox 3218 2527 3309 2597; x_wconf 87' lang='lat' dir='ltr'><strong>qui</strong></span> <span class='ocrx_word' id='word_1_418' title='bbox 3339 2536 3392 2582; x_wconf 91' lang='lat' dir='ltr'><strong>et</strong></span> <span class='ocrx_word' id='word_1_419' title='bbox 3423 2541 3613 2582; x_wconf 90' lang='lat' dir='ltr'><strong>causas</strong></span> <span class='ocrx_word' id='word_1_420' title='bbox 3647 2542 3750 2597; x_wconf 88' lang='lat' dir='ltr'><strong>per</strong></span> 
     </span>
    </p>
   </div>
   <div class='ocr_carea' id='block_1_55' title="bbox 2157 2615 3743 2689">
    <p class='ocr_par' dir='ltr' id='par_1_55' title="bbox 2157 2615 3743 2689">
     <span class='ocr_line' id='line_1_55' title="bbox 2157 2615 3743 2689; baseline 0 -17"><span class='ocrx_word' id='word_1_421' title='bbox 2157 2618 2338 2685; x_wconf 90' lang='lat' dir='ltr'><strong>verba,</strong></span> <span class='ocrx_word' id='word_1_422' title='bbox 2369 2625 2423 2671; x_wconf 90' lang='lat' dir='ltr'><strong>et</strong></span> <span class='ocrx_word' id='word_1_423' title='bbox 2454 2615 2812 2687; x_wconf 85' lang='lat' dir='ltr'><strong>particulatim</strong></span> <span class='ocrx_word' id='word_1_424' title='bbox 2852 2616 3012 2672; x_wconf 90' lang='lat' dir='ltr'><strong>verba</strong></span> <span class='ocrx_word' id='word_1_425' title='bbox 3045 2631 3138 2687; x_wconf 93' lang='lat' dir='ltr'><strong>per</strong></span> <span class='ocrx_word' id='word_1_426' title='bbox 3182 2617 3420 2687; x_wconf 83' lang='lat' dir='ltr'><strong>syllabas</strong></span> <span class='ocrx_word' id='word_1_427' title='bbox 3468 2618 3743 2689; x_wconf 88' lang='lat' dir='ltr'><strong>percipit;</strong></span> 
     </span>
    </p>
   </div>
   <div class='ocr_carea' id='block_1_56' title="bbox 2156 2706 3751 2778">
    <p class='ocr_par' dir='ltr' id='par_1_56' title="bbox 2156 2706 3751 2778">
     <span class='ocr_line' id='line_1_56' title="bbox 2156 2706 3751 2778; baseline 0.003 -18"><span class='ocrx_word' id='word_1_428' title='bbox 2156 2708 2301 2762; x_wconf 83' lang='lat' dir='ltr'><strong>visus</strong></span> <span class='ocrx_word' id='word_1_429' title='bbox 2329 2715 2506 2761; x_wconf 90' lang='lat' dir='ltr'><strong>autem</strong></span> <span class='ocrx_word' id='word_1_430' title='bbox 2537 2715 2719 2761; x_wconf 91' lang='lat' dir='ltr'><strong>noster</strong></span> <span class='ocrx_word' id='word_1_431' title='bbox 2746 2706 2802 2762; x_wconf 92' lang='lat' dir='ltr'><strong>iu</strong></span> <span class='ocrx_word' id='word_1_432' title='bbox 2833 2719 2898 2761; x_wconf 92' lang='lat' dir='ltr'><strong>eo</strong></span> <span class='ocrx_word' id='word_1_433' title='bbox 2927 2706 3071 2776; x_wconf 93' lang='lat' dir='ltr'><strong>quod</strong></span> <span class='ocrx_word' id='word_1_434' title='bbox 3100 2721 3160 2762; x_wconf 89' lang='lat' dir='ltr'><strong>se</strong></span> <span class='ocrx_word' id='word_1_435' title='bbox 3183 2706 3405 2778; x_wconf 88' lang='lat' dir='ltr'><strong>dirigit,</strong></span> <span class='ocrx_word' id='word_1_436' title='bbox 3449 2717 3618 2765; x_wconf 90' lang='lat' dir='ltr'><strong>totum</strong></span> <span class='ocrx_word' id='word_1_437' title='bbox 3651 2725 3751 2765; x_wconf 87' lang='lat' dir='ltr'><strong>su-</strong></span> 
     </span>
    </p>
   </div>
   <div class='ocr_carea' id='block_1_57' title="bbox 2156 2797 3752 2867">
    <p class='ocr_par' dir='ltr' id='par_1_57' title="bbox 2156 2797 3752 2867">
     <span class='ocr_line' id='line_1_57' title="bbox 2156 2797 3752 2867; baseline 0.003 -15"><span class='ocrx_word' id='word_1_438' title='bbox 2156 2797 2266 2853; x_wconf 90' lang='lat' dir='ltr'><strong>bito</strong></span> <span class='ocrx_word' id='word_1_439' title='bbox 2296 2805 2351 2853; x_wconf 90' lang='lat' dir='ltr'><strong>et</strong></span> <span class='ocrx_word' id='word_1_440' title='bbox 2374 2798 2535 2852; x_wconf 89' lang='lat' dir='ltr'><strong>simul</strong></span> <span class='ocrx_word' id='word_1_441' title='bbox 2564 2798 2950 2867; x_wconf 88' lang='lat' dir='ltr'><strong>apprehendit;</strong></span> <span class='ocrx_word' id='word_1_442' title='bbox 2982 2797 3078 2854; x_wconf 91' lang='lat' dir='ltr'><strong>Dei</strong></span> <span class='ocrx_word' id='word_1_443' title='bbox 3107 2799 3303 2855; x_wconf 91' lang='lat' dir='ltr'><strong>locutio</strong></span> <span class='ocrx_word' id='word_1_444' title='bbox 3328 2799 3396 2856; x_wconf 84' lang='lat' dir='ltr'><strong>ad</strong></span> <span class='ocrx_word' id='word_1_445' title='bbox 3424 2815 3523 2856; x_wconf 90' lang='lat' dir='ltr'><strong>nos</strong></span> <span class='ocrx_word' id='word_1_446' title='bbox 3549 2801 3752 2857; x_wconf 82' lang='lat' dir='ltr'><strong>intrin-</strong></span> 
     </span>
    </p>
   </div>
   <div class='ocr_carea' id='block_1_58' title="bbox 2160 2888 3755 2963">
    <p class='ocr_par' dir='ltr' id='par_1_58' title="bbox 2160 2888 3755 2963">
     <span class='ocr_line' id='line_1_58' title="bbox 2160 2888 3755 2963; baseline 0.003 -18"><span class='ocrx_word' id='word_1_447' title='bbox 2160 2905 2318 2946; x_wconf 84' lang='lat' dir='ltr'><strong>secus</strong></span> <span class='ocrx_word' id='word_1_448' title='bbox 2347 2891 2482 2944; x_wconf 78' lang='lat' dir='ltr'><strong>l‘aeta</strong></span> <span class='ocrx_word' id='word_1_449' title='bbox 2507 2888 2736 2954; x_wconf 90' lang='lat' dir='ltr'><strong>videtur,</strong></span> <span class='ocrx_word' id='word_1_450' title='bbox 2775 2889 2949 2960; x_wconf 91' lang='lat' dir='ltr'><strong>potius</strong></span> <span class='ocrx_word' id='word_1_451' title='bbox 2976 2905 3135 2960; x_wconf 90' lang='lat' dir='ltr'><strong>quam</strong></span> <span class='ocrx_word' id='word_1_452' title='bbox 3157 2891 3424 2959; x_wconf 89' lang='lat' dir='ltr'><strong>audiatur,</strong></span> <span class='ocrx_word' id='word_1_453' title='bbox 3457 2894 3582 2963; x_wconf 88' lang='lat' dir='ltr'><strong>quia</strong></span> <span class='ocrx_word' id='word_1_454' title='bbox 3615 2893 3755 2951; x_wconf 91' lang='lat' dir='ltr'><strong>dum</strong></span> 
     </span>
    </p>
   </div>
   <div class='ocr_carea' id='block_1_59' title="bbox 2164 2984 3755 3058">
    <p class='ocr_par' dir='ltr' id='par_1_59' title="bbox 2164 2984 3755 3058">
     <span class='ocr_line' id='line_1_59' title="bbox 2164 2984 3755 3058; baseline 0.003 -16"><span class='ocrx_word' id='word_1_455' title='bbox 2164 2984 2182 3024; x_wconf 79' lang='grc' dir='ltr'>ι</span> <span class='ocrx_word' id='word_1_456' title='bbox 2207 2987 2555 3056; x_wconf 90' lang='lat' dir='ltr'><strong>semetipsum</strong></span> <span class='ocrx_word' id='word_1_457' title='bbox 2574 2986 2690 3041; x_wconf 91' lang='lat' dir='ltr'><strong>sine</strong></span> <span class='ocrx_word' id='word_1_458' title='bbox 2715 3000 2866 3041; x_wconf 82' lang='lat' dir='ltr'><strong>mora</strong></span> <span class='ocrx_word' id='word_1_459' title='bbox 2895 2986 3160 3041; x_wconf 88' lang='lat' dir='ltr'><strong>sermonis</strong></span> <span class='ocrx_word' id='word_1_460' title='bbox 3190 2987 3443 3056; x_wconf 88' lang='lat' dir='ltr'><strong>insinuat,</strong></span> <span class='ocrx_word' id='word_1_461' title='bbox 3462 2989 3755 3058; x_wconf 82' lang='lat' dir='ltr'><strong>repentina</strong></span> 
     </span>
    </p>
   </div>
   <div class='ocr_carea' id='block_1_60' title="bbox 2159 3078 3755 3149">
    <p class='ocr_par' dir='ltr' id='par_1_60' title="bbox 2159 3078 3755 3149">
     <span class='ocr_line' id='line_1_60' title="bbox 2159 3078 3755 3149; baseline 0.003 -15"><span class='ocrx_word' id='word_1_462' title='bbox 2159 3081 2276 3135; x_wconf 94' lang='lat' dir='ltr'><strong>luce</strong></span> <span class='ocrx_word' id='word_1_463' title='bbox 2306 3088 2501 3133; x_wconf 83' lang='lat' dir='ltr'><strong>nostrae</strong></span> <span class='ocrx_word' id='word_1_464' title='bbox 2553 3078 2867 3149; x_wconf 79' lang='lat' dir='ltr'><strong>ignorantia:</strong></span> <span class='ocrx_word' id='word_1_465' title='bbox 2898 3079 3148 3136; x_wconf 89' lang='lat' dir='ltr'><strong>tenebras</strong></span> <span class='ocrx_word' id='word_1_466' title='bbox 3193 3079 3449 3136; x_wconf 87' lang='lat' dir='ltr'><strong>illustrat.</strong></span> <span class='ocrx_word' id='word_1_467' title='bbox 3485 3080 3642 3138; x_wconf 89' lang='lat' dir='ltr'><strong>Unde</strong></span> <span class='ocrx_word' id='word_1_468' title='bbox 3696 3093 3755 3138; x_wconf 88' lang='lat' dir='ltr'><strong>et</strong></span> 
     </span>
    </p>
   </div>
   <div class='ocr_carea' id='block_1_61' title="bbox 2163 3169 3756 3245">
    <p class='ocr_par' dir='ltr' id='par_1_61' title="bbox 2163 3169 3756 3245">
     <span class='ocr_line' id='line_1_61' title="bbox 2163 3169 3756 3245; baseline 0.004 -20"><span class='ocrx_word' id='word_1_469' title='bbox 2163 3171 2371 3226; x_wconf 88' lang='lat' dir='ltr'><strong>Barucb</strong></span> <span class='ocrx_word' id='word_1_470' title='bbox 2401 3211 2418 3238; x_wconf 90' lang='lat'><strong>,</strong></span> <span class='ocrx_word' id='word_1_471' title='bbox 2475 3169 2648 3226; x_wconf 82' lang='lat' dir='ltr'><strong>Neriae</strong></span> <span class='ocrx_word' id='word_1_472' title='bbox 2702 3171 2879 3239; x_wconf 79' lang='lat' dir='ltr'><strong>illius,</strong></span> <span class='ocrx_word' id='word_1_473' title='bbox 2931 3185 3053 3226; x_wconf 90' lang='lat' dir='ltr'><strong>cum</strong></span> <span class='ocrx_word' id='word_1_474' title='bbox 3108 3173 3397 3244; x_wconf 87' lang='lat' dir='ltr'><strong>requisitus</strong></span> <span class='ocrx_word' id='word_1_475' title='bbox 3443 3183 3756 3245; x_wconf 80' lang='lat' dir='ltr'><strong>exponeret</strong></span> 
     </span>
    </p>
   </div>
   <div class='ocr_carea' id='block_1_62' title="bbox 475 3262 3754 3339">
    <p class='ocr_par' dir='ltr' id='par_1_62' title="bbox 475 3262 3754 3339">
     <span class='ocr_line' id='line_1_62' title="bbox 475 3262 3754 3339; baseline 0.002 -20"><span class='ocrx_word' id='word_1_476' title='bbox 475 3281 577 3334; x_wconf 84' lang='lat' dir='ltr'><strong>que</strong></span> <span class='ocrx_word' id='word_1_477' title='bbox 605 3263 856 3322; x_wconf 90' lang='lat' dir='ltr'><strong>Dominus</strong></span> <span class='ocrx_word' id='word_1_478' title='bbox 879 3266 1136 3337; x_wconf 80' lang='lat' dir='ltr'><strong>loquitur,</strong></span> <span class='ocrx_word' id='word_1_479' title='bbox 1170 3277 1261 3322; x_wconf 88' lang='lat' dir='ltr'><strong>aut</strong></span> <span class='ocrx_word' id='word_1_480' title='bbox 1291 3283 1385 3336; x_wconf 87' lang='lat' dir='ltr'><strong>per</strong></span> <span class='ocrx_word' id='word_1_481' title='bbox 1413 3279 1714 3324; x_wconf 85' lang='lat' dir='ltr'><strong>creaturam</strong></span> <span class='ocrx_word' id='word_1_482' title='bbox 1752 3269 2045 3339; x_wconf 83' lang='lat' dir='ltr'><strong>angelicam</strong></span> <span class='ocrx_word' id='word_1_483' title='bbox 2076 3264 2124 3330; x_wconf 73' lang='grc' dir='ltr'>α</span> <span class='ocrx_word' id='word_1_484' title='bbox 2154 3262 2604 3333; x_wconf 86' lang='lat' dir='ltr'><strong>quemadmodum</strong></span> <span class='ocrx_word' id='word_1_485' title='bbox 2627 3262 2796 3320; x_wconf 79' lang='lat' dir='ltr'><strong>verba</strong></span> <span class='ocrx_word' id='word_1_486' title='bbox 2813 3263 3062 3320; x_wconf 72' lang='lat' dir='ltr'><strong>Ieremia:</strong></span> <span class='ocrx_word' id='word_1_487' title='bbox 3087 3264 3459 3336; x_wconf 86' lang='lat' dir='ltr'><strong>prophetamis</strong></span> <span class='ocrx_word' id='word_1_488' title='bbox 3485 3268 3754 3338; x_wconf 84' lang='lat' dir='ltr'><strong>audisset,</strong></span> 
     </span>
    </p>
   </div>
   <div class='ocr_carea' id='block_1_63' title="bbox 475 3358 2056 3430">
    <p class='ocr_par' dir='ltr' id='par_1_63' title="bbox 475 3358 2056 3430">
     <span class='ocr_line' id='line_1_63' title="bbox 475 3358 2056 3430; baseline 0.003 -19"><span class='ocrx_word' id='word_1_489' title='bbox 475 3358 589 3422; x_wconf 91' lang='lat' dir='ltr'><strong>ejus</strong></span> <span class='ocrx_word' id='word_1_490' title='bbox 619 3359 683 3412; x_wconf 90' lang='lat' dir='ltr'><strong>ad</strong></span> <span class='ocrx_word' id='word_1_491' title='bbox 714 3374 810 3413; x_wconf 94' lang='lat' dir='ltr'><strong>nos</strong></span> <span class='ocrx_word' id='word_1_492' title='bbox 844 3359 999 3415; x_wconf 89' lang='lat' dir='ltr'><strong>verba</strong></span> <span class='ocrx_word' id='word_1_493' title='bbox 1046 3360 1362 3415; x_wconf 78' lang='lat' dir='ltr'><strong>formantur.</strong></span> <span class='ocrx_word' id='word_1_494' title='bbox 1411 3360 1518 3416; x_wconf 89' lang='lat' dir='ltr'><strong>Sed</strong></span> <span class='ocrx_word' id='word_1_495' title='bbox 1567 3375 1687 3415; x_wconf 88' lang='lat' dir='ltr'><strong>cum</strong></span> <span class='ocrx_word' id='word_1_496' title='bbox 1721 3376 1814 3430; x_wconf 87' lang='lat' dir='ltr'><strong>per</strong></span> <span class='ocrx_word' id='word_1_497' title='bbox 1856 3370 2056 3417; x_wconf 85' lang='lat' dir='ltr'><strong>semet-</strong></span> 
     </span>
    </p>
   </div>
   <div class='ocr_carea' id='block_1_64' title="bbox 477 3450 2056 3525">
    <p class='ocr_par' dir='ltr' id='par_1_64' title="bbox 477 3450 2056 3525">
     <span class='ocr_line' id='line_1_64' title="bbox 477 3450 2056 3525; baseline 0.003 -20"><span class='ocrx_word' id='word_1_498' title='bbox 477 3450 648 3523; x_wconf 89' lang='lat' dir='ltr'><strong>ipsum</strong></span> <span class='ocrx_word' id='word_1_499' title='bbox 680 3451 932 3521; x_wconf 90' lang='lat' dir='ltr'><strong>loquitur,</strong></span> <span class='ocrx_word' id='word_1_500' title='bbox 963 3461 990 3502; x_wconf 80' lang='lat' dir='ltr'><strong>s</strong></span> <span class='ocrx_word' id='word_1_501' title='bbox 1016 3453 1128 3507; x_wconf 90' lang='lat' dir='ltr'><strong>sola</strong></span> <span class='ocrx_word' id='word_1_502' title='bbox 1165 3452 1319 3508; x_wconf 88' lang='lat' dir='ltr'><strong>nobis</strong></span> <span class='ocrx_word' id='word_1_503' title='bbox 1345 3453 1400 3508; x_wconf 81' lang='lat' dir='ltr'><strong>.vi</strong></span> <span class='ocrx_word' id='word_1_504' title='bbox 1436 3453 1655 3509; x_wconf 74' lang='lat' dir='ltr'><strong>internae</strong></span> <span class='ocrx_word' id='word_1_505' title='bbox 1689 3455 2056 3525; x_wconf 46' lang='lat' dir='ltr'><strong>inspirationis</strong></span> 
     </span>
    </p>
   </div>
   <div class='ocr_carea' id='block_1_65' title="bbox 476 3540 2056 3616">
    <p class='ocr_par' dir='ltr' id='par_1_65' title="bbox 476 3540 2056 3616">
     <span class='ocr_line' id='line_1_65' title="bbox 476 3540 2056 3616; baseline 0.006 -22"><span class='ocrx_word' id='word_1_506' title='bbox 476 3541 731 3609; x_wconf 87' lang='lat' dir='ltr'><strong>aperitur.</strong></span> <span class='ocrx_word' id='word_1_507' title='bbox 781 3540 910 3597; x_wconf 90' lang='lat' dir='ltr'><strong>Cum</strong></span> <span class='ocrx_word' id='word_1_508' title='bbox 959 3557 1053 3613; x_wconf 90' lang='lat' dir='ltr'><strong>per</strong></span> <span class='ocrx_word' id='word_1_509' title='bbox 1101 3545 1448 3614; x_wconf 88' lang='lat' dir='ltr'><strong>semetipsum</strong></span> <span class='ocrx_word' id='word_1_510' title='bbox 1500 3544 1752 3616; x_wconf 91' lang='lat' dir='ltr'><strong>loquitur,</strong></span> <span class='ocrx_word' id='word_1_511' title='bbox 1785 3547 1850 3604; x_wconf 91' lang='lat' dir='ltr'><strong>de</strong></span> <span class='ocrx_word' id='word_1_512' title='bbox 1893 3547 2056 3603; x_wconf 84' lang='lat' dir='ltr'><strong>verbo</strong></span> 
     </span>
    </p>
   </div>
   <div class='ocr_carea' id='block_1_66' title="bbox 477 3631 2055 3708">
    <p class='ocr_par' dir='ltr' id='par_1_66' title="bbox 477 3631 2055 3708">
     <span class='ocr_line' id='line_1_66' title="bbox 477 3631 2055 3708; baseline 0.008 -24"><span class='ocrx_word' id='word_1_513' title='bbox 477 3631 592 3701; x_wconf 86' lang='lat' dir='ltr'><strong>ejus</strong></span> <span class='ocrx_word' id='word_1_514' title='bbox 619 3633 734 3688; x_wconf 87' lang='lat' dir='ltr'><strong>sine</strong></span> <span class='ocrx_word' id='word_1_515' title='bbox 762 3635 938 3689; x_wconf 88' lang='lat' dir='ltr'><strong>verbis</strong></span> <span class='ocrx_word' id='word_1_516' title='bbox 965 3650 1026 3690; x_wconf 90' lang='lat' dir='ltr'><strong>ac</strong></span> <span class='ocrx_word' id='word_1_517' title='bbox 1051 3635 1272 3708; x_wconf 87' lang='lat' dir='ltr'><strong>syllabis</strong></span> <span class='ocrx_word' id='word_1_518' title='bbox 1302 3651 1397 3691; x_wconf 92' lang='lat' dir='ltr'><strong>cor</strong></span> <span class='ocrx_word' id='word_1_519' title='bbox 1423 3638 1670 3707; x_wconf 90' lang='lat' dir='ltr'><strong>docetur,</strong></span> <span class='ocrx_word' id='word_1_520' title='bbox 1717 3641 1838 3708; x_wconf 91' lang='lat' dir='ltr'><strong>quia</strong></span> <span class='ocrx_word' id='word_1_521' title='bbox 1882 3641 2055 3697; x_wconf 89' lang='lat' dir='ltr'><strong>virtus</strong></span> 
     </span>
    </p>
   </div>
   <div class='ocr_carea' id='block_1_67' title="bbox 477 3722 2058 3802">
    <p class='ocr_par' dir='ltr' id='par_1_67' title="bbox 477 3722 2058 3802">
     <span class='ocr_line' id='line_1_67' title="bbox 477 3722 2058 3802; baseline 0.009 -24"><span class='ocrx_word' id='word_1_522' title='bbox 477 3724 592 3796; x_wconf 88' lang='lat' dir='ltr'><strong>ejus</strong></span> <span class='ocrx_word' id='word_1_523' title='bbox 621 3722 650 3762; x_wconf 79' lang='grc' dir='ltr'><strong>¹ι</strong></span> <span class='ocrx_word' id='word_1_524' title='bbox 679 3726 866 3783; x_wconf 91' lang='lat' dir='ltr'><strong>intima</strong></span> <span class='ocrx_word' id='word_1_525' title='bbox 890 3730 1120 3798; x_wconf 88' lang='lat' dir='ltr'><strong>quadam</strong></span> <span class='ocrx_word' id='word_1_526' title='bbox 1165 3730 1536 3788; x_wconf 91' lang='lat' dir='ltr'><strong>sublevatione</strong></span> <span class='ocrx_word' id='word_1_527' title='bbox 1581 3734 1944 3802; x_wconf 85' lang='lat' dir='ltr'><strong>cognoscitur.</strong></span> <span class='ocrx_word' id='word_1_528' title='bbox 1977 3736 2058 3792; x_wconf 84' lang='lat' dir='ltr'><strong>Ad</strong></span> 
     </span>
    </p>
   </div>
   <div class='ocr_carea' id='block_1_68' title="bbox 478 3820 2060 3895">
    <p class='ocr_par' dir='ltr' id='par_1_68' title="bbox 478 3820 2060 3895">
     <span class='ocr_line' id='line_1_68' title="bbox 478 3820 2060 3895; baseline 0.009 -26"><span class='ocrx_word' id='word_1_529' title='bbox 478 3831 633 3887; x_wconf 87' lang='lat' dir='ltr'><strong>quam</strong></span> <span class='ocrx_word' id='word_1_530' title='bbox 663 3833 814 3874; x_wconf 89' lang='lat' dir='ltr'><strong>mens</strong></span> <span class='ocrx_word' id='word_1_531' title='bbox 845 3820 997 3887; x_wconf 90' lang='lat' dir='ltr'><strong>plena</strong></span> <span class='ocrx_word' id='word_1_532' title='bbox 1029 3823 1390 3891; x_wconf 89' lang='lat' dir='ltr'><strong>suspenditur,</strong></span> <span class='ocrx_word' id='word_1_533' title='bbox 1421 3838 1584 3879; x_wconf 90' lang='lat' dir='ltr'><strong>vacua</strong></span> <span class='ocrx_word' id='word_1_534' title='bbox 1615 3835 1886 3895; x_wconf 86' lang='lat' dir='ltr'><strong>gravatur.</strong></span> <span class='ocrx_word' id='word_1_535' title='bbox 1915 3827 2060 3884; x_wconf 61' lang='lat' dir='ltr'><strong>Pone</strong></span> 
     </span>
    </p>
   </div>
   <div class='ocr_carea' id='block_1_69' title="bbox 478 3910 2056 3991">
    <p class='ocr_par' dir='ltr' id='par_1_69' title="bbox 478 3910 2056 3991">
     <span class='ocr_line' id='line_1_69' title="bbox 478 3910 2056 3991; baseline 0.007 -27"><span class='ocrx_word' id='word_1_536' title='bbox 478 3910 576 3964; x_wconf 88' lang='lat' dir='ltr'><strong>dus</strong></span> <span class='ocrx_word' id='word_1_537' title='bbox 605 3911 743 3966; x_wconf 91' lang='lat' dir='ltr'><strong>enim</strong></span> <span class='ocrx_word' id='word_1_538' title='bbox 773 3914 1037 3982; x_wconf 85' lang='lat' dir='ltr'><strong>quoddam</strong></span> <span class='ocrx_word' id='word_1_539' title='bbox 1084 3925 1165 3970; x_wconf 90' lang='lat' dir='ltr'><strong>est</strong></span> <span class='ocrx_word' id='word_1_540' title='bbox 1195 3918 1336 3986; x_wconf 93' lang='lat' dir='ltr'><strong>quod</strong></span> <span class='ocrx_word' id='word_1_541' title='bbox 1377 3933 1591 3975; x_wconf 88' lang='lat' dir='ltr'><strong>omnem</strong></span> <span class='ocrx_word' id='word_1_542' title='bbox 1637 3921 1865 3975; x_wconf 81' lang='lat' dir='ltr'><strong>animant</strong></span> <span class='ocrx_word' id='word_1_543' title='bbox 1898 3936 2056 3991; x_wconf 89' lang='lat' dir='ltr'><strong>quam</strong></span> 
     </span>
    </p>
   </div>
   <div class='ocr_carea' id='block_1_70' title="bbox 479 3999 2060 4083">
    <p class='ocr_par' dir='ltr' id='par_1_70' title="bbox 479 3999 2060 4083">
     <span class='ocr_line' id='line_1_70' title="bbox 479 3999 2060 4083; baseline 0.007 -29"><span class='ocrx_word' id='word_1_544' title='bbox 479 4001 650 4069; x_wconf 72' lang='lat' dir='ltr'><strong>replet</strong></span> <span class='ocrx_word' id='word_1_545' title='bbox 679 3999 692 4038; x_wconf 80' lang='grc' dir='ltr'><strong>ί</strong></span> <span class='ocrx_word' id='word_1_546' title='bbox 731 4002 888 4058; x_wconf 87' lang='lat' dir='ltr'><strong>levet.</strong></span> <span class='ocrx_word' id='word_1_547' title='bbox 925 4005 1299 4074; x_wconf 90' lang='lat' dir='ltr'><strong>lncorporeum</strong></span> <span class='ocrx_word' id='word_1_548' title='bbox 1334 4008 1514 4064; x_wconf 91' lang='lat' dir='ltr'><strong>lumen</strong></span> <span class='ocrx_word' id='word_1_549' title='bbox 1546 4019 1626 4063; x_wconf 90' lang='lat' dir='ltr'><strong>est</strong></span> <span class='ocrx_word' id='word_1_550' title='bbox 1657 4010 1796 4078; x_wconf 93' lang='lat' dir='ltr'><strong>quod</strong></span> <span class='ocrx_word' id='word_1_551' title='bbox 1840 4021 1891 4066; x_wconf 90' lang='lat' dir='ltr'><strong>et</strong></span> <span class='ocrx_word' id='word_1_552' title='bbox 1917 4013 2060 4083; x_wconf 82' lang='lat' dir='ltr'><strong>inte-</strong></span> 
     </span>
    </p>
   </div>
   <div class='ocr_carea' id='block_1_71' title="bbox 480 4095 2060 4163">
    <p class='ocr_par' dir='ltr' id='par_1_71' title="bbox 480 4095 2060 4163">
     <span class='ocr_line' id='line_1_71' title="bbox 480 4095 2060 4163; baseline 0.007 -16"><span class='ocrx_word' id='word_1_553' title='bbox 480 4095 621 4147; x_wconf 83' lang='lat' dir='ltr'><strong>riora</strong></span> <span class='ocrx_word' id='word_1_554' title='bbox 654 4095 878 4163; x_wconf 89' lang='lat' dir='ltr'><strong>repleat,</strong></span> <span class='ocrx_word' id='word_1_555' title='bbox 901 4104 954 4150; x_wconf 88' lang='lat' dir='ltr'><strong>et</strong></span> <span class='ocrx_word' id='word_1_556' title='bbox 984 4097 1186 4163; x_wconf 87' lang='lat' dir='ltr'><strong>repleta</strong></span> <span class='ocrx_word' id='word_1_557' title='bbox 1213 4098 1449 4154; x_wconf 77' lang='lat' dir='ltr'><strong>exterius</strong></span> <span class='ocrx_word' id='word_1_558' title='bbox 1479 4099 1903 4156; x_wconf 88' lang='lat' dir='ltr'><strong>circumscribat.</strong></span> <span class='ocrx_word' id='word_1_559' title='bbox 1931 4101 2060 4158; x_wconf 92' lang='lat' dir='ltr'><strong>Sine</strong></span> 
     </span>
    </p>
   </div>
   <div class='ocr_carea' id='block_1_72' title="bbox 481 4189 2060 4262">
    <p class='ocr_par' dir='ltr' id='par_1_72' title="bbox 481 4189 2060 4262">
     <span class='ocr_line' id='line_1_72' title="bbox 481 4189 2060 4262; baseline 0.004 -18"><span class='ocrx_word' id='word_1_560' title='bbox 481 4189 704 4259; x_wconf 82' lang='lat' dir='ltr'><strong>strepitu</strong></span> <span class='ocrx_word' id='word_1_561' title='bbox 732 4203 909 4244; x_wconf 87' lang='lat' dir='ltr'><strong>sermo</strong></span> <span class='ocrx_word' id='word_1_562' title='bbox 938 4198 1043 4258; x_wconf 90' lang='lat' dir='ltr'><strong>est,</strong></span> <span class='ocrx_word' id='word_1_563' title='bbox 1075 4191 1164 4260; x_wconf 93' lang='lat' dir='ltr'><strong>qui</strong></span> <span class='ocrx_word' id='word_1_564' title='bbox 1191 4201 1244 4245; x_wconf 90' lang='lat' dir='ltr'><strong>et</strong></span> <span class='ocrx_word' id='word_1_565' title='bbox 1273 4193 1512 4247; x_wconf 89' lang='lat' dir='ltr'><strong>auditum</strong></span> <span class='ocrx_word' id='word_1_566' title='bbox 1535 4193 1706 4262; x_wconf 90' lang='lat' dir='ltr'><strong>aperit</strong></span> <span class='ocrx_word' id='word_1_567' title='bbox 1729 4235 1744 4259; x_wconf 86' lang='lat'><strong>,</strong></span> <span class='ocrx_word' id='word_1_568' title='bbox 1773 4202 1827 4248; x_wconf 90' lang='lat' dir='ltr'><strong>et</strong></span> <span class='ocrx_word' id='word_1_569' title='bbox 1859 4195 2060 4252; x_wconf 87' lang='lat' dir='ltr'><strong>habere</strong></span> 
     </span>
    </p>
   </div>
   <div class='ocr_carea' id='block_1_73' title="bbox 481 4279 2059 4353">
    <p class='ocr_par' dir='ltr' id='par_1_73' title="bbox 481 4279 2059 4353">
     <span class='ocr_line' id='line_1_73' title="bbox 481 4279 2059 4353; baseline 0.003 -18"><span class='ocrx_word' id='word_1_570' title='bbox 481 4279 710 4335; x_wconf 85' lang='lat' dir='ltr'><strong>sonitum</strong></span> <span class='ocrx_word' id='word_1_571' title='bbox 743 4280 933 4336; x_wconf 88' lang='lat' dir='ltr'><strong>nescit.</strong></span> <span class='ocrx_word' id='word_1_572' title='bbox 964 4281 1116 4349; x_wconf 85' lang='lat' dir='ltr'><strong>Quod</strong></span> <span class='ocrx_word' id='word_1_573' title='bbox 1142 4283 1284 4337; x_wconf 89' lang='lat' dir='ltr'><strong>enim</strong></span> <span class='ocrx_word' id='word_1_574' title='bbox 1317 4282 1384 4338; x_wconf 91' lang='lat' dir='ltr'><strong>de</strong></span> <span class='ocrx_word' id='word_1_575' title='bbox 1427 4285 1657 4338; x_wconf 87' lang='lat' dir='ltr'><strong>adventu</strong></span> <span class='ocrx_word' id='word_1_576' title='bbox 1689 4285 1857 4339; x_wconf 91' lang='lat' dir='ltr'><strong>sancti</strong></span> <span class='ocrx_word' id='word_1_577' title='bbox 1888 4285 2059 4353; x_wconf 90' lang='lat' dir='ltr'><strong>Spiri-</strong></span> 
     </span>
    </p>
   </div>
   <div class='ocr_carea' id='block_1_74' title="bbox 482 4372 2058 4445">
    <p class='ocr_par' dir='ltr' id='par_1_74' title="bbox 482 4372 2058 4445">
     <span class='ocr_line' id='line_1_74' title="bbox 482 4372 2058 4445; baseline 0.003 -19"><span class='ocrx_word' id='word_1_578' title='bbox 482 4382 563 4426; x_wconf 87' lang='lat' dir='ltr'><strong>tus</strong></span> <span class='ocrx_word' id='word_1_579' title='bbox 587 4374 838 4442; x_wconf 88' lang='lat' dir='ltr'><strong>scriptum</strong></span> <span class='ocrx_word' id='word_1_580' title='bbox 884 4382 966 4430; x_wconf 89' lang='lat' dir='ltr'><strong>est</strong></span> <span class='ocrx_word' id='word_1_581' title='bbox 992 4393 1005 4428; x_wconf 90' lang='lat'><strong>:</strong></span> <span class='ocrx_word' id='word_1_582' title='bbox 1042 4372 1233 4430; x_wconf 82' lang='lat' dir='ltr'><strong>Factus</strong></span> <span class='ocrx_word' id='word_1_583' title='bbox 1277 4383 1349 4429; x_wconf 86' lang='lat' dir='ltr'><strong>est</strong></span> <span class='ocrx_word' id='word_1_584' title='bbox 1380 4385 1586 4445; x_wconf 87' lang='lat' dir='ltr'><strong>repente</strong></span> <span class='ocrx_word' id='word_1_585' title='bbox 1614 4376 1678 4429; x_wconf 87' lang='lat' dir='ltr'><strong>de</strong></span> <span class='ocrx_word' id='word_1_586' title='bbox 1716 4377 1840 4430; x_wconf 73' lang='lat' dir='ltr'><strong>ccrlo</strong></span> <span class='ocrx_word' id='word_1_587' title='bbox 1870 4393 2058 4442; x_wconf 89' lang='lat' dir='ltr'><strong>sonus,</strong></span> 
     </span>
    </p>
   </div>
   <div class='ocr_carea' id='block_1_75' title="bbox 482 4462 2061 4538">
    <p class='ocr_par' dir='ltr' id='par_1_75' title="bbox 482 4462 2061 4538">
     <span class='ocr_line' id='line_1_75' title="bbox 482 4462 2061 4538; baseline 0.004 -22"><span class='ocrx_word' id='word_1_588' title='bbox 482 4475 717 4533; x_wconf 82' lang='lat' dir='ltr'><strong>tanquam</strong></span> <span class='ocrx_word' id='word_1_589' title='bbox 747 4462 1056 4520; x_wconf 81' lang='lat' dir='ltr'><strong>advenientis</strong></span> <span class='ocrx_word' id='word_1_590' title='bbox 1103 4465 1316 4534; x_wconf 85' lang='lat' dir='ltr'><strong>spiritus</strong></span> <span class='ocrx_word' id='word_1_591' title='bbox 1361 4465 1705 4533; x_wconf 82' lang='lat' dir='ltr'><strong>vehementis,</strong></span> <span class='ocrx_word' id='word_1_592' title='bbox 1759 4477 1806 4521; x_wconf 92' lang='lat' dir='ltr'><strong>et</strong></span> <span class='ocrx_word' id='word_1_593' title='bbox 1852 4470 2061 4538; x_wconf 83' lang='lat' dir='ltr'><strong>replevit</strong></span> 
     </span>
    </p>
   </div>
   <div class='ocr_carea' id='block_1_76' title="bbox 483 4559 2062 4632">
    <p class='ocr_par' dir='ltr' id='par_1_76' title="bbox 483 4559 2062 4632">
     <span class='ocr_line' id='line_1_76' title="bbox 483 4559 2062 4632; baseline 0.004 -22"><span class='ocrx_word' id='word_1_594' title='bbox 483 4566 638 4610; x_wconf 85' lang='lat' dir='ltr'><strong>totam</strong></span> <span class='ocrx_word' id='word_1_595' title='bbox 668 4559 876 4612; x_wconf 87' lang='lat' dir='ltr'><strong>domum</strong></span> <span class='ocrx_word' id='word_1_596' title='bbox 902 4559 988 4612; x_wconf 89' lang='lat' dir='ltr'><strong>ubi</strong></span> <span class='ocrx_word' id='word_1_597' title='bbox 1013 4569 1154 4612; x_wconf 88' lang='lat' dir='ltr'><strong>erant</strong></span> <span class='ocrx_word' id='word_1_598' title='bbox 1187 4559 1451 4622; x_wconf 84' lang='lat' dir='ltr'><strong>sedentes;</strong></span> <span class='ocrx_word' id='word_1_599' title='bbox 1484 4569 1530 4613; x_wconf 91' lang='lat' dir='ltr'><strong>et</strong></span> <span class='ocrx_word' id='word_1_600' title='bbox 1558 4571 1910 4632; x_wconf 84' lang='lat' dir='ltr'><strong>apparuerunt</strong></span> <span class='ocrx_word' id='word_1_601' title='bbox 1950 4561 2062 4616; x_wconf 84' lang='lat' dir='ltr'><strong>illis</strong></span> 
     </span>
    </p>
   </div>
   <div class='ocr_carea' id='block_1_77' title="bbox 2157 3355 3755 3438">
    <p class='ocr_par' dir='ltr' id='par_1_77' title="bbox 2157 3355 3755 3438">
     <span class='ocr_line' id='line_1_77' title="bbox 2157 3355 3755 3438; baseline 0.002 -27"><span class='ocrx_word' id='word_1_602' title='bbox 2157 3357 2232 3411; x_wconf 89' lang='lat' dir='ltr'><strong>ait</strong></span> <span class='ocrx_word' id='word_1_603' title='bbox 2256 3373 2270 3412; x_wconf 94' lang='lat'><strong>:</strong></span> <span class='ocrx_word' id='word_1_604' title='bbox 2301 3355 2384 3411; x_wconf 80' lang='lat' dir='ltr'><strong>Ea:</strong></span> <span class='ocrx_word' id='word_1_605' title='bbox 2409 3371 2496 3411; x_wconf 87' lang='lat' dir='ltr'><strong>ore</strong></span> <span class='ocrx_word' id='word_1_606' title='bbox 2517 3372 2614 3411; x_wconf 89' lang='lat' dir='ltr'><strong>suo</strong></span> <span class='ocrx_word' id='word_1_607' title='bbox 2636 3356 2940 3438; x_wconf 82' lang='lat' dir='ltr'><strong>loquebatur</strong></span> <span class='ocrx_word' id='word_1_608' title='bbox 2958 3359 3106 3428; x_wconf 86' lang='lat' dir='ltr'><strong>quasi</strong></span> <span class='ocrx_word' id='word_1_609' title='bbox 3127 3358 3319 3427; x_wconf 85' lang='lat' dir='ltr'><strong>legens,</strong></span> <span class='ocrx_word' id='word_1_610' title='bbox 3345 3370 3390 3413; x_wconf 88' lang='lat' dir='ltr'><strong>et</strong></span> <span class='ocrx_word' id='word_1_611' title='bbox 3422 3374 3515 3432; x_wconf 84' lang='lat' dir='ltr'><strong>ego</strong></span> <span class='ocrx_word' id='word_1_612' title='bbox 3558 3362 3755 3415; x_wconf 85' lang='lat' dir='ltr'><strong>scribe-</strong></span> 
     </span>
    </p>
   </div>
   <div class='ocr_carea' id='block_1_78' title="bbox 2159 3450 3755 3522">
    <p class='ocr_par' dir='ltr' id='par_1_78' title="bbox 2159 3450 3755 3522">
     <span class='ocr_line' id='line_1_78' title="bbox 2159 3450 3755 3522; baseline 0.002 -18"><span class='ocrx_word' id='word_1_613' title='bbox 2159 3451 2272 3504; x_wconf 88' lang='lat' dir='ltr'><strong>bam</strong></span> <span class='ocrx_word' id='word_1_614' title='bbox 2308 3451 2525 3522; x_wconf 85' lang='lat' dir='ltr'><strong>(Jerem.</strong></span> <span class='ocrx_word' id='word_1_615' title='bbox 2556 3467 2749 3517; x_wconf 81' lang='lat' dir='ltr'><strong>xxxvr,</strong></span> <span class='ocrx_word' id='word_1_616' title='bbox 2784 3450 2898 3520; x_wconf 82' lang='lat' dir='ltr'><strong>l8).</strong></span> <span class='ocrx_word' id='word_1_617' title='bbox 2944 3451 3044 3520; x_wconf 85' lang='lat' dir='ltr'><strong>Qui</strong></span> <span class='ocrx_word' id='word_1_618' title='bbox 3084 3451 3228 3506; x_wconf 89' lang='lat' dir='ltr'><strong>enim</strong></span> <span class='ocrx_word' id='word_1_619' title='bbox 3267 3452 3448 3521; x_wconf 90' lang='lat' dir='ltr'><strong>legens</strong></span> <span class='ocrx_word' id='word_1_620' title='bbox 3489 3452 3755 3522; x_wconf 80' lang='lat' dir='ltr'><strong>loquitur,</strong></span> 
     </span>
    </p>
   </div>
   <div class='ocr_carea' id='block_1_79' title="bbox 2160 3541 3757 3616">
    <p class='ocr_par' dir='ltr' id='par_1_79' title="bbox 2160 3541 3757 3616">
     <span class='ocr_line' id='line_1_79' title="bbox 2160 3541 3757 3616; baseline 0 -18"><span class='ocrx_word' id='word_1_621' title='bbox 2160 3543 2265 3599; x_wconf 92' lang='lat' dir='ltr'><strong>alio</strong></span> <span class='ocrx_word' id='word_1_622' title='bbox 2310 3543 2577 3608; x_wconf 91' lang='lat' dir='ltr'><strong>intendit,</strong></span> <span class='ocrx_word' id='word_1_623' title='bbox 2625 3543 2718 3598; x_wconf 89' lang='lat' dir='ltr'><strong>sed</strong></span> <span class='ocrx_word' id='word_1_624' title='bbox 2759 3543 2865 3597; x_wconf 87' lang='lat' dir='ltr'><strong>alio</strong></span> <span class='ocrx_word' id='word_1_625' title='bbox 2921 3543 3140 3599; x_wconf 88' lang='lat' dir='ltr'><strong>verbum</strong></span> <span class='ocrx_word' id='word_1_626' title='bbox 3187 3541 3355 3609; x_wconf 82' lang='lat' dir='ltr'><strong>facit,</strong></span> <span class='ocrx_word' id='word_1_627' title='bbox 3413 3544 3536 3614; x_wconf 87' lang='lat' dir='ltr'><strong>quia</strong></span> <span class='ocrx_word' id='word_1_628' title='bbox 3584 3544 3757 3616; x_wconf 63' lang='grc'><strong>894</strong></span> 
     </span>
    </p>
   </div>
   <div class='ocr_carea' id='block_1_80' title="bbox 2160 3634 3750 3707">
    <p class='ocr_par' dir='ltr' id='par_1_80' title="bbox 2160 3634 3750 3707">
     <span class='ocr_line' id='line_1_80' title="bbox 2160 3634 3750 3707; baseline 0.001 -17"><span class='ocrx_word' id='word_1_629' title='bbox 2160 3635 2304 3706; x_wconf 91' lang='lat' dir='ltr'><strong>quod</strong></span> <span class='ocrx_word' id='word_1_630' title='bbox 2333 3634 2479 3690; x_wconf 88' lang='lat' dir='ltr'><strong>videt</strong></span> <span class='ocrx_word' id='word_1_631' title='bbox 2507 3634 2654 3690; x_wconf 89' lang='lat' dir='ltr'><strong>dicit.</strong></span> <span class='ocrx_word' id='word_1_632' title='bbox 2686 3634 2967 3704; x_wconf 73' lang='lat' dir='ltr'><strong>Propheta:</strong></span> <span class='ocrx_word' id='word_1_633' title='bbox 2988 3649 3116 3705; x_wconf 90' lang='lat' dir='ltr'><strong>ergo</strong></span> <span class='ocrx_word' id='word_1_634' title='bbox 3139 3635 3259 3701; x_wconf 90' lang='lat' dir='ltr'><strong>Dei,</strong></span> <span class='ocrx_word' id='word_1_635' title='bbox 3281 3635 3403 3706; x_wconf 87' lang='lat' dir='ltr'><strong>quia</strong></span> <span class='ocrx_word' id='word_1_636' title='bbox 3433 3636 3550 3707; x_wconf 87' lang='lat' dir='ltr'><strong>ejus</strong></span> <span class='ocrx_word' id='word_1_637' title='bbox 3576 3636 3750 3692; x_wconf 86' lang='lat' dir='ltr'><strong>verba</strong></span> 
     </span>
    </p>
   </div>
   <div class='ocr_carea' id='block_1_81' title="bbox 2160 3726 3755 3798">
    <p class='ocr_par' dir='ltr' id='par_1_81' title="bbox 2160 3726 3755 3798">
     <span class='ocr_line' id='line_1_81' title="bbox 2160 3726 3755 3798; baseline -0.001 -13"><span class='ocrx_word' id='word_1_638' title='bbox 2160 3729 2343 3785; x_wconf 89' lang='lat' dir='ltr'><strong>vident</strong></span> <span class='ocrx_word' id='word_1_639' title='bbox 2373 3727 2548 3797; x_wconf 89' lang='lat' dir='ltr'><strong>potius</strong></span> <span class='ocrx_word' id='word_1_640' title='bbox 2577 3727 2630 3784; x_wconf 91' lang='lat' dir='ltr'><strong>in</strong></span> <span class='ocrx_word' id='word_1_641' title='bbox 2669 3727 2833 3783; x_wconf 91' lang='lat' dir='ltr'><strong>corde</strong></span> <span class='ocrx_word' id='word_1_642' title='bbox 2863 3741 3021 3798; x_wconf 85' lang='lat' dir='ltr'><strong>quam</strong></span> <span class='ocrx_word' id='word_1_643' title='bbox 3045 3726 3291 3795; x_wconf 89' lang='lat' dir='ltr'><strong>audiunt,</strong></span> <span class='ocrx_word' id='word_1_644' title='bbox 3323 3727 3476 3798; x_wconf 86' lang='lat' dir='ltr'><strong>quasi</strong></span> <span class='ocrx_word' id='word_1_645' title='bbox 3503 3727 3755 3796; x_wconf 83' lang='lat' dir='ltr'><strong>legentes</strong></span> 
     </span>
    </p>
   </div>
   <div class='ocr_carea' id='block_1_82' title="bbox 2163 3825 2473 3894">
    <p class='ocr_par' dir='ltr' id='par_1_82' title="bbox 2163 3825 2473 3894">
     <span class='ocr_line' id='line_1_82' title="bbox 2163 3825 2473 3894; baseline -0.01 -13"><span class='ocrx_word' id='word_1_646' title='bbox 2163 3825 2473 3894; x_wconf 92' lang='lat' dir='ltr'><strong>loquuntur.</strong></span> 
     </span>
    </p>
   </div>
   <div class='ocr_carea' id='block_1_83' title="bbox 2235 3911 3754 3987">
    <p class='ocr_par' dir='ltr' id='par_1_83' title="bbox 2235 3911 3754 3987">
     <span class='ocr_line' id='line_1_83' title="bbox 2235 3911 3754 3987; baseline -0.003 -16"><span class='ocrx_word' id='word_1_647' title='bbox 2235 3919 2286 3972; x_wconf 78' lang='grc' dir='ltr'><strong>ὅ.</strong></span> <span class='ocrx_word' id='word_1_648' title='bbox 2335 3916 2606 3984; x_wconf 84' lang='lat' dir='ltr'><strong>Quomodo</strong></span> <span class='ocrx_word' id='word_1_649' title='bbox 2649 3933 2738 3985; x_wconf 85' lang='lat' dir='ltr'><strong>per</strong></span> <span class='ocrx_word' id='word_1_650' title='bbox 2782 3915 2990 3987; x_wconf 83' lang='lat' dir='ltr'><strong>angelos</strong></span> <span class='ocrx_word' id='word_1_651' title='bbox 3038 3914 3180 3987; x_wconf 82' lang='lat' dir='ltr'><strong>loqui</strong></span> <span class='ocrx_word' id='word_1_652' title='bbox 3227 3914 3408 3970; x_wconf 82' lang='lat' dir='ltr'><strong>soleat.</strong></span> <span class='ocrx_word' id='word_1_653' title='bbox 3453 3911 3754 3982; x_wconf 81' lang='lat' dir='ltr'><strong>Aliquando</strong></span> 
     </span>
    </p>
   </div>
   <div class='ocr_carea' id='block_1_84' title="bbox 2162 4003 3755 4076">
    <p class='ocr_par' dir='ltr' id='par_1_84' title="bbox 2162 4003 3755 4076">
     <span class='ocr_line' id='line_1_84' title="bbox 2162 4003 3755 4076; baseline -0.003 -15"><span class='ocrx_word' id='word_1_654' title='bbox 2162 4007 2322 4062; x_wconf 86' lang='lat' dir='ltr'><strong>verbis</strong></span> <span class='ocrx_word' id='word_1_655' title='bbox 2345 4008 2564 4073; x_wconf 89' lang='lat' dir='ltr'><strong>utendo;</strong></span> <span class='ocrx_word' id='word_1_656' title='bbox 2589 4006 2866 4074; x_wconf 84' lang='lat' dir='ltr'><strong>aliquando</strong></span> <span class='ocrx_word' id='word_1_657' title='bbox 2888 4006 3070 4073; x_wconf 90' lang='lat' dir='ltr'><strong>rebus;</strong></span> <span class='ocrx_word' id='word_1_658' title='bbox 3099 4004 3379 4076; x_wconf 83' lang='lat' dir='ltr'><strong>aliquando</strong></span> <span class='ocrx_word' id='word_1_659' title='bbox 3402 4003 3557 4058; x_wconf 83' lang='lat' dir='ltr'><strong>simul</strong></span> <span class='ocrx_word' id='word_1_660' title='bbox 3585 4004 3755 4057; x_wconf 80' lang='lat' dir='ltr'><strong>verbis</strong></span> 
     </span>
    </p>
   </div>
   <div class='ocr_carea' id='block_1_85' title="bbox 2160 4097 3752 4171">
    <p class='ocr_par' dir='ltr' id='par_1_85' title="bbox 2160 4097 3752 4171">
     <span class='ocr_line' id='line_1_85' title="bbox 2160 4097 3752 4171; baseline -0.006 -13"><span class='ocrx_word' id='word_1_661' title='bbox 2160 4113 2207 4158; x_wconf 88' lang='lat' dir='ltr'><strong>et</strong></span> <span class='ocrx_word' id='word_1_662' title='bbox 2234 4103 2414 4168; x_wconf 91' lang='lat' dir='ltr'><strong>rebus;</strong></span> <span class='ocrx_word' id='word_1_663' title='bbox 2441 4100 2718 4171; x_wconf 90' lang='lat' dir='ltr'><strong>aliquando</strong></span> <span class='ocrx_word' id='word_1_664' title='bbox 2745 4100 3051 4171; x_wconf 88' lang='lat' dir='ltr'><strong>imaginibus</strong></span> <span class='ocrx_word' id='word_1_665' title='bbox 3073 4098 3243 4154; x_wconf 87' lang='lat' dir='ltr'><strong>cordis</strong></span> <span class='ocrx_word' id='word_1_666' title='bbox 3262 4107 3350 4152; x_wconf 91' lang='lat' dir='ltr'><strong>aut</strong></span> <span class='ocrx_word' id='word_1_667' title='bbox 3377 4097 3604 4165; x_wconf 85' lang='lat' dir='ltr'><strong>corporis</strong></span> <span class='ocrx_word' id='word_1_668' title='bbox 3626 4113 3752 4150; x_wconf 86' lang='lat' dir='ltr'><strong>ocu-</strong></span> 
     </span>
    </p>
   </div>
   <div class='ocr_carea' id='block_1_86' title="bbox 2162 4189 3755 4262">
    <p class='ocr_par' dir='ltr' id='par_1_86' title="bbox 2162 4189 3755 4262">
     <span class='ocr_line' id='line_1_86' title="bbox 2162 4189 3755 4262; baseline 0 -15"><span class='ocrx_word' id='word_1_669' title='bbox 2162 4193 2228 4247; x_wconf 85' lang='lat' dir='ltr'><strong>lis</strong></span> <span class='ocrx_word' id='word_1_670' title='bbox 2271 4194 2502 4248; x_wconf 86' lang='lat' dir='ltr'><strong>ostensis.</strong></span> <span class='ocrx_word' id='word_1_671' title='bbox 2528 4189 2758 4247; x_wconf 87' lang='lat' dir='ltr'><strong>-Cum</strong></span> <span class='ocrx_word' id='word_1_672' title='bbox 2801 4206 2929 4247; x_wconf 82' lang='lat' dir='ltr'><strong>vero</strong></span> <span class='ocrx_word' id='word_1_673' title='bbox 2977 4207 3074 4262; x_wconf 91' lang='lat' dir='ltr'><strong>per</strong></span> <span class='ocrx_word' id='word_1_674' title='bbox 3126 4191 3374 4261; x_wconf 90' lang='lat' dir='ltr'><strong>angelum</strong></span> <span class='ocrx_word' id='word_1_675' title='bbox 3416 4189 3755 4247; x_wconf 84' lang='lat' dir='ltr'><strong>voluntatem</strong></span> 
     </span>
    </p>
   </div>
   <div class='ocr_carea' id='block_1_87' title="bbox 2163 4282 3755 4355">
    <p class='ocr_par' dir='ltr' id='par_1_87' title="bbox 2163 4282 3755 4355">
     <span class='ocr_line' id='line_1_87' title="bbox 2163 4282 3755 4355; baseline -0.004 -14"><span class='ocrx_word' id='word_1_676' title='bbox 2163 4300 2314 4341; x_wconf 91' lang='lat' dir='ltr'><strong>suam</strong></span> <span class='ocrx_word' id='word_1_677' title='bbox 2342 4284 2595 4340; x_wconf 89' lang='lat' dir='ltr'><strong>Dominus</strong></span> <span class='ocrx_word' id='word_1_678' title='bbox 2623 4283 2838 4352; x_wconf 89' lang='lat' dir='ltr'><strong>indicat,</strong></span> <span class='ocrx_word' id='word_1_679' title='bbox 2871 4283 3158 4355; x_wconf 82' lang='lat' dir='ltr'><strong>aliquando</strong></span> <span class='ocrx_word' id='word_1_680' title='bbox 3205 4298 3323 4338; x_wconf 91' lang='lat' dir='ltr'><strong>eam</strong></span> <span class='ocrx_word' id='word_1_681' title='bbox 3373 4282 3590 4345; x_wconf 88' lang='lat' dir='ltr'><strong>verbis,</strong></span> <span class='ocrx_word' id='word_1_682' title='bbox 3633 4282 3755 4335; x_wconf 88' lang='lat' dir='ltr'><strong>ali-</strong></span> 
     </span>
    </p>
   </div>
   <div class='ocr_carea' id='block_1_88' title="bbox 2163 4373 3749 4447">
    <p class='ocr_par' dir='ltr' id='par_1_88' title="bbox 2163 4373 3749 4447">
     <span class='ocr_line' id='line_1_88' title="bbox 2163 4373 3749 4447; baseline -0.003 -16"><span class='ocrx_word' id='word_1_683' title='bbox 2163 4377 2376 4447; x_wconf 86' lang='lat' dir='ltr'><strong>quando</strong></span> <span class='ocrx_word' id='word_1_684' title='bbox 2406 4378 2566 4432; x_wconf 89' lang='lat' dir='ltr'><strong>rebus</strong></span> <span class='ocrx_word' id='word_1_685' title='bbox 2595 4377 2948 4442; x_wconf 91' lang='lat' dir='ltr'><strong>demonstrat,</strong></span> <span class='ocrx_word' id='word_1_686' title='bbox 2979 4375 3270 4446; x_wconf 88' lang='lat' dir='ltr'><strong>aliquando</strong></span> <span class='ocrx_word' id='word_1_687' title='bbox 3297 4374 3451 4429; x_wconf 90' lang='lat' dir='ltr'><strong>simul</strong></span> <span class='ocrx_word' id='word_1_688' title='bbox 3485 4373 3664 4428; x_wconf 89' lang='lat' dir='ltr'><strong>verbis</strong></span> <span class='ocrx_word' id='word_1_689' title='bbox 3693 4382 3749 4428; x_wconf 90' lang='lat' dir='ltr'><strong>et</strong></span> 
     </span>
    </p>
   </div>
   <div class='ocr_carea' id='block_1_89' title="bbox 2165 4467 3751 4540">
    <p class='ocr_par' dir='ltr' id='par_1_89' title="bbox 2165 4467 3751 4540">
     <span class='ocr_line' id='line_1_89' title="bbox 2165 4467 3751 4540; baseline -0.004 -14"><span class='ocrx_word' id='word_1_690' title='bbox 2165 4470 2351 4537; x_wconf 88' lang='lat' dir='ltr'><strong>rebus,</strong></span> <span class='ocrx_word' id='word_1_691' title='bbox 2376 4469 2663 4540; x_wconf 91' lang='lat' dir='ltr'><strong>aliquando</strong></span> <span class='ocrx_word' id='word_1_692' title='bbox 2695 4469 3016 4540; x_wconf 89' lang='lat' dir='ltr'><strong>imaginibus</strong></span> <span class='ocrx_word' id='word_1_693' title='bbox 3045 4468 3224 4524; x_wconf 86' lang='lat' dir='ltr'><strong>cordis</strong></span> <span class='ocrx_word' id='word_1_694' title='bbox 3260 4467 3433 4522; x_wconf 88' lang='lat' dir='ltr'><strong>oculis</strong></span> <span class='ocrx_word' id='word_1_695' title='bbox 3476 4467 3714 4522; x_wconf 90' lang='lat' dir='ltr'><strong>ostensis</strong></span> <span class='ocrx_word' id='word_1_696' title='bbox 3736 4509 3751 4534; x_wconf 92' lang='lat'><strong>,</strong></span> 
     </span>
    </p>
   </div>
   <div class='ocr_carea' id='block_1_90' title="bbox 2165 4557 3753 4632">
    <p class='ocr_par' dir='ltr' id='par_1_90' title="bbox 2165 4557 3753 4632">
     <span class='ocr_line' id='line_1_90' title="bbox 2165 4557 3753 4632; baseline -0.003 -17"><span class='ocrx_word' id='word_1_697' title='bbox 2165 4562 2452 4632; x_wconf 89' lang='lat' dir='ltr'><strong>aliquando</strong></span> <span class='ocrx_word' id='word_1_698' title='bbox 2499 4561 2821 4632; x_wconf 89' lang='lat' dir='ltr'><strong>imaginibus</strong></span> <span class='ocrx_word' id='word_1_699' title='bbox 2860 4571 2913 4616; x_wconf 91' lang='lat' dir='ltr'><strong>et</strong></span> <span class='ocrx_word' id='word_1_700' title='bbox 2943 4570 3070 4616; x_wconf 90' lang='lat' dir='ltr'><strong>ante</strong></span> <span class='ocrx_word' id='word_1_701' title='bbox 3116 4573 3407 4628; x_wconf 87' lang='lat' dir='ltr'><strong>corporeos</strong></span> <span class='ocrx_word' id='word_1_702' title='bbox 3454 4558 3643 4612; x_wconf 85' lang='lat' dir='ltr'><strong>oculos</strong></span> <span class='ocrx_word' id='word_1_703' title='bbox 3685 4557 3753 4611; x_wconf 82' lang='lat' dir='ltr'><strong>ad</strong></span> 
     </span>
    </p>
   </div>
   <div class='ocr_carea' id='block_1_91' title="bbox 484 4648 3752 4724">
    <p class='ocr_par' dir='ltr' id='par_1_91' title="bbox 484 4648 3752 4724">
     <span class='ocr_line' id='line_1_91' title="bbox 484 4648 3752 4724; baseline 0.001 -26"><span class='ocrx_word' id='word_1_704' title='bbox 484 4648 757 4717; x_wconf 67' lang='lat' dir='ltr'><strong>dispertita</strong></span> <span class='ocrx_word' id='word_1_705' title='bbox 791 4649 979 4719; x_wconf 69' lang='lat' dir='ltr'><strong>lingua:</strong></span> <span class='ocrx_word' id='word_1_706' title='bbox 1003 4652 1149 4720; x_wconf 88' lang='lat' dir='ltr'><strong>quasi</strong></span> <span class='ocrx_word' id='word_1_707' title='bbox 1177 4649 1332 4722; x_wconf 82' lang='lat' dir='ltr'><strong>ignis,</strong></span> <span class='ocrx_word' id='word_1_708' title='bbox 1364 4649 1594 4714; x_wconf 82' lang='lat' dir='ltr'><strong>seditque</strong></span> <span class='ocrx_word' id='word_1_709' title='bbox 1634 4665 1795 4716; x_wconf 84' lang='lat' dir='ltr'><strong>supra</strong></span> <span class='ocrx_word' id='word_1_710' title='bbox 1830 4650 2062 4722; x_wconf 87' lang='lat' dir='ltr'><strong>singulos</strong></span> <span class='ocrx_word' id='word_1_711' title='bbox 2087 4661 2140 4724; x_wconf 83' lang='grc' dir='ltr'><strong>ι)</strong></span> <span class='ocrx_word' id='word_1_712' title='bbox 2168 4664 2376 4723; x_wconf 90' lang='lat' dir='ltr'><strong>tempus</strong></span> <span class='ocrx_word' id='word_1_713' title='bbox 2401 4669 2465 4710; x_wconf 78' lang='lat' dir='ltr'><strong>ex</strong></span> <span class='ocrx_word' id='word_1_714' title='bbox 2495 4668 2623 4709; x_wconf 88' lang='lat' dir='ltr'><strong>aere</strong></span> <span class='ocrx_word' id='word_1_715' title='bbox 2651 4653 2958 4722; x_wconf 83' lang='lat' dir='ltr'><strong>assumptis,</strong></span> <span class='ocrx_word' id='word_1_716' title='bbox 2987 4651 3274 4724; x_wconf 90' lang='lat' dir='ltr'><strong>aliquando</strong></span> <span class='ocrx_word' id='word_1_717' title='bbox 3295 4650 3607 4714; x_wconf 71' lang='lat' dir='ltr'><strong>coelestibus</strong></span> <span class='ocrx_word' id='word_1_718' title='bbox 3630 4650 3752 4703; x_wconf 85' lang='lat' dir='ltr'><strong>sub-</strong></span> 
     </span>
    </p>
   </div>
   <div class='ocr_carea' id='block_1_92' title="bbox 483 4741 2062 4838">
    <p class='ocr_par' dir='ltr' id='par_1_92' title="bbox 483 4741 2062 4838">
     <span class='ocr_line' id='line_1_92' title="bbox 483 4741 2062 4838; baseline 0.003 -45"><span class='ocrx_word' id='word_1_719' title='bbox 483 4757 656 4795; x_wconf 86' lang='lat' dir='ltr'><strong>corum</strong></span> <span class='ocrx_word' id='word_1_720' title='bbox 689 4741 823 4810; x_wconf 82' lang='lat' dir='ltr'><strong>(Act.</strong></span> <span class='ocrx_word' id='word_1_721' title='bbox 859 4757 916 4809; x_wconf 88' lang='lat' dir='ltr'><strong>tt,</strong></span> <span class='ocrx_word' id='word_1_722' title='bbox 940 4741 1030 4812; x_wconf 73' lang='lat'><strong>2);</strong></span> <span class='ocrx_word' id='word_1_723' title='bbox 1057 4757 1150 4812; x_wconf 90' lang='lat' dir='ltr'><strong>per</strong></span> <span class='ocrx_word' id='word_1_724' title='bbox 1172 4742 1348 4812; x_wconf 89' lang='lat' dir='ltr'><strong>ignem</strong></span> <span class='ocrx_word' id='word_1_725' title='bbox 1377 4741 1593 4812; x_wconf 87' lang='lat' dir='ltr'><strong>quidem</strong></span> <span class='ocrx_word' id='word_1_726' title='bbox 1622 4741 1876 4797; x_wconf 91' lang='lat' dir='ltr'><strong>Dominus</strong></span> <span class='ocrx_word' id='word_1_727' title='bbox 1899 4757 2062 4838; x_wconf 75' lang='lat' dir='ltr'><strong>appa-</strong></span> 
     </span>
    </p>
   </div>
   <div class='ocr_carea' id='block_1_93' title="bbox 557 4897 2066 4954">
    <p class='ocr_par' dir='ltr' id='par_1_93' title="bbox 557 4897 2066 4954">
     <span class='ocr_line' id='line_1_93' title="bbox 557 4897 2066 4954; baseline 0.001 -3"><span class='ocrx_word' id='word_1_728' title='bbox 557 4909 582 4936; x_wconf 75' lang='grc' dir='ltr'>ι</span> <span class='ocrx_word' id='word_1_729' title='bbox 626 4897 722 4952; x_wconf 80' lang='lat' dir='ltr'><strong>llic</strong></span> <span class='ocrx_word' id='word_1_730' title='bbox 751 4911 909 4950; x_wconf 86' lang='lat' dir='ltr'><strong>manu</strong></span> <span class='ocrx_word' id='word_1_731' title='bbox 939 4906 1275 4952; x_wconf 86' lang='lat' dir='ltr'><strong>exaratorum</strong></span> <span class='ocrx_word' id='word_1_732' title='bbox 1324 4912 1428 4952; x_wconf 93' lang='lat' dir='ltr'><strong>non</strong></span> <span class='ocrx_word' id='word_1_733' title='bbox 1478 4912 1581 4952; x_wconf 88' lang='lat' dir='ltr'><strong>una</strong></span> <span class='ocrx_word' id='word_1_734' title='bbox 1609 4906 1695 4952; x_wconf 89' lang='lat' dir='ltr'><strong>est</strong></span> <span class='ocrx_word' id='word_1_735' title='bbox 1724 4898 1904 4954; x_wconf 89' lang='lat' dir='ltr'><strong>lectio.</strong></span> <span class='ocrx_word' id='word_1_736' title='bbox 1939 4897 2066 4953; x_wconf 84' lang='lat' dir='ltr'><strong>Mss.</strong></span> 
     </span>
    </p>
   </div>
   <div class='ocr_carea' id='block_1_94' title="bbox 484 4967 2073 5038">
    <p class='ocr_par' dir='ltr' id='par_1_94' title="bbox 484 4967 2073 5038">
     <span class='ocr_line' id='line_1_94' title="bbox 484 4967 2073 5038; baseline -0.004 -12"><span class='ocrx_word' id='word_1_737' title='bbox 484 4970 691 5037; x_wconf 82' lang='lat' dir='ltr'><strong>Anglic.</strong></span> <span class='ocrx_word' id='word_1_738' title='bbox 723 4968 954 5022; x_wconf 88' lang='lat' dir='ltr'><strong>habent:</strong></span> <span class='ocrx_word' id='word_1_739' title='bbox 983 4969 1104 5036; x_wconf 88' lang='lat' dir='ltr'><strong>quia</strong></span> <span class='ocrx_word' id='word_1_740' title='bbox 1132 4967 1175 5020; x_wconf 86' lang='lat' dir='ltr'><strong>si</strong></span> <span class='ocrx_word' id='word_1_741' title='bbox 1196 4984 1320 5022; x_wconf 88' lang='lat' dir='ltr'><strong>sano</strong></span> <span class='ocrx_word' id='word_1_742' title='bbox 1342 4979 1491 5038; x_wconf 79' lang='lat' dir='ltr'><strong>atque</strong></span> <span class='ocrx_word' id='word_1_743' title='bbox 1512 4969 1755 5023; x_wconf 87' lang='lat' dir='ltr'><strong>incolumi</strong></span> <span class='ocrx_word' id='word_1_744' title='bbox 1783 4971 2073 5038; x_wconf 88' lang='lat' dir='ltr'><strong>loqueretur</strong></span> 
     </span>
    </p>
   </div>
   <div class='ocr_carea' id='block_1_95' title="bbox 486 5038 2074 5110">
    <p class='ocr_par' dir='ltr' id='par_1_95' title="bbox 486 5038 2074 5110">
     <span class='ocr_line' id='line_1_95' title="bbox 486 5038 2074 5110; baseline -0.002 -14"><span class='ocrx_word' id='word_1_745' title='bbox 486 5058 549 5097; x_wconf 80' lang='lat' dir='ltr'><strong>ea:</strong></span> <span class='ocrx_word' id='word_1_746' title='bbox 585 5038 976 5110; x_wconf 85' lang='lat' dir='ltr'><strong>tranquillitate,</strong></span> <span class='ocrx_word' id='word_1_747' title='bbox 1012 5039 1490 5110; x_wconf 12' lang='lat' dir='ltr'><strong>dominicailocutio</strong></span> <span class='ocrx_word' id='word_1_748' title='bbox 1534 5041 1671 5110; x_wconf 74' lang='lat' dir='ltr'><strong>facta</strong></span> <span class='ocrx_word' id='word_1_749' title='bbox 1699 5039 1987 5104; x_wconf 87' lang='lat' dir='ltr'><strong>diceretur;</strong></span> <span class='ocrx_word' id='word_1_750' title='bbox 2025 5047 2074 5093; x_wconf 86' lang='lat' dir='ltr'><strong>et</strong></span> 
     </span>
    </p>
   </div>
   <div class='ocr_carea' id='block_1_96' title="bbox 486 5107 2076 5183">
    <p class='ocr_par' dir='ltr' id='par_1_96' title="bbox 486 5107 2076 5183">
     <span class='ocr_line' id='line_1_96' title="bbox 486 5107 2076 5183; baseline -0.003 -17"><span class='ocrx_word' id='word_1_751' title='bbox 486 5107 800 5183; x_wconf 86' lang='lat' dir='ltr'><strong>nequaquam</strong></span> <span class='ocrx_word' id='word_1_752' title='bbox 827 5109 890 5183; x_wconf 80' lang='lat' dir='ltr'><strong>de</strong></span> <span class='ocrx_word' id='word_1_753' title='bbox 915 5109 1118 5183; x_wconf 73' lang='lat' dir='ltr'><strong>turbine</strong></span> <span class='ocrx_word' id='word_1_754' title='bbox 1139 5107 1391 5183; x_wconf 70' lang='lat' dir='ltr'><strong>Dominus</strong></span> <span class='ocrx_word' id='word_1_755' title='bbox 1422 5107 1618 5164; x_wconf 83' lang='lat' dir='ltr'><strong>locutus</strong></span> <span class='ocrx_word' id='word_1_756' title='bbox 1644 5111 1801 5179; x_wconf 78' lang='lat' dir='ltr'><strong>fuisse</strong></span> <span class='ocrx_word' id='word_1_757' title='bbox 1830 5111 2076 5183; x_wconf 64' lang='lat' dir='ltr'><strong>scribere-</strong></span> 
     </span>
    </p>
   </div>
   <div class='ocr_carea' id='block_1_97' title="bbox 488 5178 2070 5252">
    <p class='ocr_par' dir='ltr' id='par_1_97' title="bbox 488 5178 2070 5252">
     <span class='ocr_line' id='line_1_97' title="bbox 488 5178 2070 5252; baseline -0.002 -14"><span class='ocrx_word' id='word_1_758' title='bbox 488 5178 589 5238; x_wconf 76' lang='lat' dir='ltr'><strong>tur.</strong></span> <span class='ocrx_word' id='word_1_759' title='bbox 637 5179 741 5237; x_wconf 81' lang='lat' dir='ltr'><strong>Sed</strong></span> <span class='ocrx_word' id='word_1_760' title='bbox 784 5180 903 5248; x_wconf 86' lang='lat' dir='ltr'><strong>quia</strong></span> <span class='ocrx_word' id='word_1_761' title='bbox 944 5178 1224 5252; x_wconf 82' lang='lat' dir='ltr'><strong>ﬂagellato.</strong></span> <span class='ocrx_word' id='word_1_762' title='bbox 1270 5179 1324 5232; x_wconf 94' lang='lat' dir='ltr'><strong>In</strong></span> <span class='ocrx_word' id='word_1_763' title='bbox 1369 5179 1590 5250; x_wconf 76' lang='lat' dir='ltr'><strong>Longip.</strong></span> <span class='ocrx_word' id='word_1_764' title='bbox 1634 5178 1876 5251; x_wconf 87' lang='lat' dir='ltr'><strong>quoque,</strong></span> <span class='ocrx_word' id='word_1_765' title='bbox 1907 5181 2070 5237; x_wconf 88' lang='lat' dir='ltr'><strong>Corb.</strong></span> 
     </span>
    </p>
   </div>
   <div class='ocr_carea' id='block_1_98' title="bbox 487 5251 2076 5322">
    <p class='ocr_par' dir='ltr' id='par_1_98' title="bbox 487 5251 2076 5322">
     <span class='ocr_line' id='line_1_98' title="bbox 487 5251 2076 5322; baseline -0.003 -13"><span class='ocrx_word' id='word_1_766' title='bbox 487 5256 669 5309; x_wconf 81' lang='lat' dir='ltr'><strong>Germ.</strong></span> <span class='ocrx_word' id='word_1_767' title='bbox 687 5267 748 5308; x_wconf 91' lang='lat' dir='ltr'><strong>ac</strong></span> <span class='ocrx_word' id='word_1_768' title='bbox 767 5251 1036 5322; x_wconf 86' lang='lat' dir='ltr'><strong>plerisque</strong></span> <span class='ocrx_word' id='word_1_769' title='bbox 1067 5251 1258 5322; x_wconf 85' lang='lat' dir='ltr'><strong>legitur</strong></span> <span class='ocrx_word' id='word_1_770' title='bbox 1281 5266 1296 5322; x_wconf 83' lang='lat'><strong>:</strong></span> <span class='ocrx_word' id='word_1_771' title='bbox 1319 5254 1492 5322; x_wconf 69' lang='lat' dir='ltr'><strong>si....,_</strong></span> <span class='ocrx_word' id='word_1_772' title='bbox 1505 5252 1816 5319; x_wconf 88' lang='lat' dir='ltr'><strong>loqueretur,</strong></span> <span class='ocrx_word' id='word_1_773' title='bbox 1844 5267 1908 5305; x_wconf 79' lang='lat' dir='ltr'><strong>ea:</strong></span> <span class='ocrx_word' id='word_1_774' title='bbox 1932 5261 2076 5305; x_wconf 88' lang='lat' dir='ltr'><strong>tran-</strong></span> 
     </span>
    </p>
   </div>
   <div class='ocr_carea' id='block_1_99' title="bbox 487 5319 2072 5391">
    <p class='ocr_par' dir='ltr' id='par_1_99' title="bbox 487 5319 2072 5391">
     <span class='ocr_line' id='line_1_99' title="bbox 487 5319 2072 5391; baseline -0.001 -13"><span class='ocrx_word' id='word_1_775' title='bbox 487 5325 742 5391; x_wconf 91' lang='lat' dir='ltr'><strong>quillitate</strong></span> <span class='ocrx_word' id='word_1_776' title='bbox 769 5319 1032 5376; x_wconf 79' lang='lat' dir='ltr'><strong>dominica</strong></span> <span class='ocrx_word' id='word_1_777' title='bbox 1057 5319 1247 5375; x_wconf 84' lang='lat' dir='ltr'><strong>locutio</strong></span> <span class='ocrx_word' id='word_1_778' title='bbox 1275 5321 1411 5390; x_wconf 77' lang='lat' dir='ltr'><strong>facta</strong></span> <span class='ocrx_word' id='word_1_779' title='bbox 1436 5319 1562 5380; x_wconf 87' lang='lat' dir='ltr'><strong>dic..</strong></span> <span class='ocrx_word' id='word_1_780' title='bbox 1595 5331 1650 5375; x_wconf 90' lang='lat' dir='ltr'><strong>ut</strong></span> <span class='ocrx_word' id='word_1_781' title='bbox 1678 5323 1836 5376; x_wconf 89' lang='lat' dir='ltr'><strong>etiam</strong></span> <span class='ocrx_word' id='word_1_782' title='bbox 1873 5322 2072 5378; x_wconf 87' lang='lat' dir='ltr'><strong>habent</strong></span> 
     </span>
    </p>
   </div>
   <div class='ocr_carea' id='block_1_100' title="bbox 482 5391 2072 5463">
    <p class='ocr_par' dir='ltr' id='par_1_100' title="bbox 482 5391 2072 5463">
     <span class='ocr_line' id='line_1_100' title="bbox 482 5391 2072 5463; baseline -0.001 -14"><span class='ocrx_word' id='word_1_783' title='bbox 482 5393 647 5451; x_wconf 79' lang='lat' dir='ltr'><strong>Etliti.</strong></span> <span class='ocrx_word' id='word_1_784' title='bbox 678 5393 1068 5463; x_wconf 90' lang='lat' dir='ltr'><strong>Simpliciorem</strong></span> <span class='ocrx_word' id='word_1_785' title='bbox 1101 5391 1382 5448; x_wconf 87' lang='lat' dir='ltr'><strong>lectionem</strong></span> <span class='ocrx_word' id='word_1_786' title='bbox 1412 5392 1588 5463; x_wconf 87' lang='lat' dir='ltr'><strong>secuti</strong></span> <span class='ocrx_word' id='word_1_787' title='bbox 1629 5406 1814 5448; x_wconf 90' lang='lat' dir='ltr'><strong>sumus</strong></span> <span class='ocrx_word' id='word_1_788' title='bbox 1840 5407 1958 5463; x_wconf 73' lang='lat' dir='ltr'><strong>quae</strong></span> <span class='ocrx_word' id='word_1_789' title='bbox 1989 5403 2072 5447; x_wconf 89' lang='lat' dir='ltr'><strong>est</strong></span> 
     </span>
    </p>
   </div>
   <div class='ocr_carea' id='block_1_101' title="bbox 486 5462 2068 5530">
    <p class='ocr_par' dir='ltr' id='par_1_101' title="bbox 486 5462 2068 5530">
     <span class='ocr_line' id='line_1_101' title="bbox 486 5462 2068 5530; baseline 0 -11"><span class='ocrx_word' id='word_1_790' title='bbox 486 5465 614 5520; x_wconf 82' lang='lat' dir='ltr'><strong>Mss.</strong></span> <span class='ocrx_word' id='word_1_791' title='bbox 666 5462 916 5530; x_wconf 82' lang='lat' dir='ltr'><strong>Vindoc.,</strong></span> <span class='ocrx_word' id='word_1_792' title='bbox 981 5463 1221 5528; x_wconf 86' lang='lat' dir='ltr'><strong>Ebroic.,</strong></span> <span class='ocrx_word' id='word_1_793' title='bbox 1276 5462 1492 5529; x_wconf 83' lang='lat' dir='ltr'><strong>Prate|.,</strong></span> <span class='ocrx_word' id='word_1_794' title='bbox 1548 5462 1688 5517; x_wconf 89' lang='lat' dir='ltr'><strong>Utic.</strong></span> <span class='ocrx_word' id='word_1_795' title='bbox 1747 5473 1800 5518; x_wconf 90' lang='lat' dir='ltr'><strong>et</strong></span> <span class='ocrx_word' id='word_1_796' title='bbox 1843 5462 2068 5520; x_wconf 88' lang='lat' dir='ltr'><strong>aliorum</strong></span> 
     </span>
    </p>
   </div>
   <div class='ocr_carea' id='block_1_102' title="bbox 486 5534 1832 5604">
    <p class='ocr_par' dir='ltr' id='par_1_102' title="bbox 486 5534 1832 5604">
     <span class='ocr_line' id='line_1_102' title="bbox 486 5534 1832 5604; baseline -0.001 -14"><span class='ocrx_word' id='word_1_797' title='bbox 486 5535 700 5600; x_wconf 80' lang='lat' dir='ltr'><strong>Norm.,</strong></span> <span class='ocrx_word' id='word_1_798' title='bbox 731 5545 1032 5604; x_wconf 59' lang='lat' dir='ltr'><strong>ceteraque</strong></span> <span class='ocrx_word' id='word_1_799' title='bbox 1061 5545 1116 5587; x_wconf 90' lang='lat' dir='ltr'><strong>ut</strong></span> <span class='ocrx_word' id='word_1_800' title='bbox 1145 5534 1504 5590; x_wconf 86' lang='lat' dir='ltr'><strong>additamenta</strong></span> <span class='ocrx_word' id='word_1_801' title='bbox 1531 5534 1832 5604; x_wconf 90' lang='lat' dir='ltr'><strong>rejecimus.</strong></span> 
     </span>
    </p>
   </div>
   <div class='ocr_carea' id='block_1_103' title="bbox 557 5606 1208 5674">
    <p class='ocr_par' dir='ltr' id='par_1_103' title="bbox 557 5606 1208 5674">
     <span class='ocr_line' id='line_1_103' title="bbox 557 5606 1208 5674; baseline -0.002 -15"><span class='ocrx_word' id='word_1_802' title='bbox 557 5606 584 5644; x_wconf 68' lang='grc' dir='ltr'>δ</span> <span class='ocrx_word' id='word_1_803' title='bbox 625 5607 846 5668; x_wconf 84' lang='lat' dir='ltr'><strong>Pralel.,</strong></span> <span class='ocrx_word' id='word_1_804' title='bbox 886 5606 1208 5674; x_wconf 73' lang='lat' dir='ltr'><strong>exprimitur.</strong></span> 
     </span>
    </p>
   </div>
   <div class='ocr_carea' id='block_1_104' title="bbox 560 5675 1185 5740">
    <p class='ocr_par' dir='ltr' id='par_1_104' title="bbox 560 5675 1185 5740">
     <span class='ocr_line' id='line_1_104' title="bbox 560 5675 1185 5740; baseline 0 -9"><span class='ocrx_word' id='word_1_805' title='bbox 560 5688 581 5714; x_wconf 77' lang='grc' dir='ltr'>ε</span> <span class='ocrx_word' id='word_1_806' title='bbox 624 5678 649 5731; x_wconf 79' lang='lat' dir='ltr'><strong>l</strong></span> <span class='ocrx_word' id='word_1_807' title='bbox 694 5675 960 5740; x_wconf 86' lang='lat' dir='ltr'><strong>Lauduu.,</strong></span> <span class='ocrx_word' id='word_1_808' title='bbox 991 5677 1185 5731; x_wconf 86' lang='lat' dir='ltr'><strong>anima.</strong></span> 
     </span>
    </p>
   </div>
   <div class='ocr_carea' id='block_1_105' title="bbox 556 5745 2068 5816">
    <p class='ocr_par' dir='ltr' id='par_1_105' title="bbox 556 5745 2068 5816">
     <span class='ocr_line' id='line_1_105' title="bbox 556 5745 2068 5816; baseline 0.003 -16"><span class='ocrx_word' id='word_1_809' title='bbox 556 5747 584 5783; x_wconf 77' lang='grc' dir='ltr'>ά</span> <span class='ocrx_word' id='word_1_810' title='bbox 628 5746 873 5816; x_wconf 87' lang='lat' dir='ltr'><strong>Vindoc.,</strong></span> <span class='ocrx_word' id='word_1_811' title='bbox 930 5746 1197 5811; x_wconf 85' lang='lat' dir='ltr'><strong>Laudun.,</strong></span> <span class='ocrx_word' id='word_1_812' title='bbox 1230 5745 1454 5816; x_wconf 86' lang='lat' dir='ltr'><strong>Pratel.,</strong></span> <span class='ocrx_word' id='word_1_813' title='bbox 1486 5745 1648 5801; x_wconf 90' lang='lat' dir='ltr'><strong>Corb.</strong></span> <span class='ocrx_word' id='word_1_814' title='bbox 1679 5745 1887 5815; x_wconf 88' lang='lat' dir='ltr'><strong>Germ.,</strong></span> <span class='ocrx_word' id='word_1_815' title='bbox 1931 5757 2068 5816; x_wconf 85' lang='lat' dir='ltr'><strong>etc.,</strong></span> 
     </span>
    </p>
   </div>
   <div class='ocr_carea' id='block_1_106' title="bbox 487 5815 1602 5886">
    <p class='ocr_par' dir='ltr' id='par_1_106' title="bbox 487 5815 1602 5886">
     <span class='ocr_line' id='line_1_106' title="bbox 487 5815 1602 5886; baseline -0.004 -12"><span class='ocrx_word' id='word_1_816' title='bbox 487 5816 652 5886; x_wconf 75' lang='lat' dir='ltr'><strong>lauda</strong></span> <span class='ocrx_word' id='word_1_817' title='bbox 679 5824 732 5886; x_wconf 75' lang='lat' dir='ltr'><strong>et</strong></span> <span class='ocrx_word' id='word_1_818' title='bbox 755 5815 950 5878; x_wconf 65' lang='lat' dir='ltr'><strong>laetare,</strong></span> <span class='ocrx_word' id='word_1_819' title='bbox 982 5823 1041 5886; x_wconf 88' lang='lat' dir='ltr'><strong>ut</strong></span> <span class='ocrx_word' id='word_1_820' title='bbox 1063 5816 1256 5886; x_wconf 86' lang='lat' dir='ltr'><strong>legitur</strong></span> <span class='ocrx_word' id='word_1_821' title='bbox 1281 5817 1332 5869; x_wconf 91' lang='lat' dir='ltr'><strong>in</strong></span> <span class='ocrx_word' id='word_1_822' title='bbox 1356 5815 1602 5886; x_wconf 76' lang='lat' dir='ltr'><strong>Vulgata.</strong></span> 
     </span>
    </p>
   </div>
   <div class='ocr_carea' id='block_1_107' title="bbox 565 5884 2064 5957">
    <p class='ocr_par' dir='ltr' id='par_1_107' title="bbox 565 5884 2064 5957">
     <span class='ocr_line' id='line_1_107' title="bbox 565 5884 2064 5957; baseline 0.001 -16"><span class='ocrx_word' id='word_1_823' title='bbox 565 5893 592 5926; x_wconf 74' lang='grc' dir='ltr'><strong>ο</strong></span> <span class='ocrx_word' id='word_1_824' title='bbox 617 5884 888 5940; x_wconf 85' lang='lat' dir='ltr'><strong>Omittitur</strong></span> <span class='ocrx_word' id='word_1_825' title='bbox 913 5885 1073 5938; x_wconf 84' lang='lat' dir='ltr'><strong>veniet</strong></span> <span class='ocrx_word' id='word_1_826' title='bbox 1113 5887 1164 5939; x_wconf 92' lang='lat' dir='ltr'><strong>in</strong></span> <span class='ocrx_word' id='word_1_827' title='bbox 1197 5884 1646 5950; x_wconf 63' lang='lat' dir='ltr'><strong>Laudun.,&#39;Cbrb.</strong></span> <span class='ocrx_word' id='word_1_828' title='bbox 1679 5887 1887 5957; x_wconf 73' lang='lat' dir='ltr'><strong>Germ,</strong></span> <span class='ocrx_word' id='word_1_829' title='bbox 1937 5889 2064 5944; x_wconf 36' lang='lat' dir='ltr'><strong>Prae</strong></span> 
     </span>
    </p>
   </div>
   <div class='ocr_carea' id='block_1_108' title="bbox 2172 4744 3750 4819">
    <p class='ocr_par' dir='ltr' id='par_1_108' title="bbox 2172 4744 3750 4819">
     <span class='ocr_line' id='line_1_108' title="bbox 2172 4744 3750 4819; baseline -0.004 -16"><span class='ocrx_word' id='word_1_830' title='bbox 2172 4748 2407 4815; x_wconf 87' lang='lat' dir='ltr'><strong>stantiis,</strong></span> <span class='ocrx_word' id='word_1_831' title='bbox 2435 4746 2724 4819; x_wconf 91' lang='lat' dir='ltr'><strong>aliquando</strong></span> <span class='ocrx_word' id='word_1_832' title='bbox 2753 4745 3018 4813; x_wconf 88' lang='lat' dir='ltr'><strong>terrenis;</strong></span> <span class='ocrx_word' id='word_1_833' title='bbox 3051 4744 3337 4816; x_wconf 89' lang='lat' dir='ltr'><strong>aliquando</strong></span> <span class='ocrx_word' id='word_1_834' title='bbox 3363 4744 3522 4798; x_wconf 87' lang='lat' dir='ltr'><strong>simul</strong></span> <span class='ocrx_word' id='word_1_835' title='bbox 3575 4753 3750 4797; x_wconf 87' lang='lat' dir='ltr'><strong>terre—</strong></span> 
     </span>
    </p>
   </div>
   <div class='ocr_carea' id='block_1_109' title="bbox 2179 4901 2459 4968">
    <p class='ocr_par' dir='ltr' id='par_1_109' title="bbox 2179 4901 2459 4968">
     <span class='ocr_line' id='line_1_109' title="bbox 2179 4901 2459 4968; baseline 0.007 -12"><span class='ocrx_word' id='word_1_836' title='bbox 2179 4901 2294 4968; x_wconf 92' lang='lat' dir='ltr'><strong>tel.,</strong></span> <span class='ocrx_word' id='word_1_837' title='bbox 2319 4902 2459 4959; x_wconf 90' lang='lat' dir='ltr'><strong>Utic.</strong></span> 
     </span>
    </p>
   </div>
   <div class='ocr_carea' id='block_1_110' title="bbox 2255 4972 3088 5043">
    <p class='ocr_par' dir='ltr' id='par_1_110' title="bbox 2255 4972 3088 5043">
     <span class='ocr_line' id='line_1_110' title="bbox 2255 4972 3088 5043; baseline 0 -16"><span class='ocrx_word' id='word_1_838' title='bbox 2255 4972 2273 5011; x_wconf 70' lang='grc' dir='ltr'><em>τ</em></span> <span class='ocrx_word' id='word_1_839' title='bbox 2308 4973 2416 5034; x_wconf 84' lang='grc' dir='ltr'><strong>ΑΙ.,</strong></span> <span class='ocrx_word' id='word_1_840' title='bbox 2448 4975 2568 5043; x_wconf 85' lang='lat' dir='ltr'><strong>quia</strong></span> <span class='ocrx_word' id='word_1_841' title='bbox 2598 4976 2650 5027; x_wconf 90' lang='lat' dir='ltr'><strong>in</strong></span> <span class='ocrx_word' id='word_1_842' title='bbox 2680 4974 2875 5028; x_wconf 87' lang='lat' dir='ltr'><strong>duobus</strong></span> <span class='ocrx_word' id='word_1_843' title='bbox 2903 4974 3088 5029; x_wconf 88' lang='lat' dir='ltr'><strong>modis.</strong></span> 
     </span>
    </p>
   </div>
   <div class='ocr_carea' id='block_1_111' title="bbox 2251 5043 3749 5112">
    <p class='ocr_par' dir='ltr' id='par_1_111' title="bbox 2251 5043 3749 5112">
     <span class='ocr_line' id='line_1_111' title="bbox 2251 5043 3749 5112; baseline 0.001 -15"><span class='ocrx_word' id='word_1_844' title='bbox 2251 5051 2276 5090; x_wconf 72' lang='grc' dir='ltr'><strong>ε</strong></span> <span class='ocrx_word' id='word_1_845' title='bbox 2310 5043 2475 5108; x_wconf 85' lang='lat' dir='ltr'><strong>Editi,</strong></span> <span class='ocrx_word' id='word_1_846' title='bbox 2504 5048 2615 5098; x_wconf 85' lang='lat' dir='ltr'><strong>sola</strong></span> <span class='ocrx_word' id='word_1_847' title='bbox 2645 5046 2790 5100; x_wconf 90' lang='lat' dir='ltr'><strong>nobis</strong></span> <span class='ocrx_word' id='word_1_848' title='bbox 2817 5047 2910 5099; x_wconf 88' lang='lat' dir='ltr'><strong>vis.</strong></span> <span class='ocrx_word' id='word_1_849' title='bbox 2937 5043 3118 5100; x_wconf 91' lang='lat' dir='ltr'><strong>Lectio</strong></span> <span class='ocrx_word' id='word_1_850' title='bbox 3137 5052 3340 5109; x_wconf 88' lang='lat' dir='ltr'><strong>nostra,</strong></span> <span class='ocrx_word' id='word_1_851' title='bbox 3365 5058 3486 5112; x_wconf 71' lang='lat' dir='ltr'><strong>qua:</strong></span> <span class='ocrx_word' id='word_1_852' title='bbox 3511 5052 3599 5102; x_wconf 80' lang='lat' dir='ltr'><strong>est</strong></span> <span class='ocrx_word' id='word_1_853' title='bbox 3621 5045 3749 5100; x_wconf 83' lang='lat' dir='ltr'><strong>Mss.</strong></span> 
     </span>
    </p>
   </div>
   <div class='ocr_carea' id='block_1_112' title="bbox 2175 5112 3750 5196">
    <p class='ocr_par' dir='ltr' id='par_1_112' title="bbox 2175 5112 3750 5196">
     <span class='ocr_line' id='line_1_112' title="bbox 2175 5112 3750 5196; baseline 0.002 -28"><span class='ocrx_word' id='word_1_854' title='bbox 2175 5112 2342 5171; x_wconf 88' lang='lat' dir='ltr'><strong>Corb.</strong></span> <span class='ocrx_word' id='word_1_855' title='bbox 2377 5113 2584 5196; x_wconf 68' lang='grc' dir='ltr'><strong>αρε-πη..</strong></span> <span class='ocrx_word' id='word_1_856' title='bbox 2615 5114 2843 5183; x_wconf 85' lang='lat' dir='ltr'><strong>Turon.,</strong></span> <span class='ocrx_word' id='word_1_857' title='bbox 2878 5116 3099 5182; x_wconf 85' lang='lat' dir='ltr'><strong>Pratel.,</strong></span> <span class='ocrx_word' id='word_1_858' title='bbox 3131 5126 3263 5182; x_wconf 91' lang='lat' dir='ltr'><strong>etc.,</strong></span> <span class='ocrx_word' id='word_1_859' title='bbox 3303 5115 3588 5171; x_wconf 86' lang='lat' dir='ltr'><strong>meliorem</strong></span> <span class='ocrx_word' id='word_1_860' title='bbox 3633 5130 3750 5171; x_wconf 72' lang='grc' dir='ltr'><strong>δεη-</strong></span> 
     </span>
    </p>
   </div>
   <div class='ocr_carea' id='block_1_113' title="bbox 2179 5195 2590 5240">
    <p class='ocr_par' dir='ltr' id='par_1_113' title="bbox 2179 5195 2590 5240">
     <span class='ocr_line' id='line_1_113' title="bbox 2179 5195 2590 5240; baseline 0.002 -2"><span class='ocrx_word' id='word_1_861' title='bbox 2179 5199 2296 5239; x_wconf 86' lang='lat' dir='ltr'><strong>sum</strong></span> <span class='ocrx_word' id='word_1_862' title='bbox 2329 5195 2590 5240; x_wconf 84' lang='lat' dir='ltr'><strong>continet.</strong></span> 
     </span>
    </p>
   </div>
   <div class='ocr_carea' id='block_1_114' title="bbox 2175 5251 3747 5379">
    <p class='ocr_par' dir='ltr' id='par_1_114' title="bbox 2175 5251 3747 5379">
     <span class='ocr_line' id='line_1_114' title="bbox 2175 5251 3747 5379; baseline -0.003 -65"><span class='ocrx_word' id='word_1_863' title='bbox 2175 5326 2213 5379; x_wconf 52' lang='grc' dir='ltr'><em>Γ</em></span> <span class='ocrx_word' id='word_1_864' title='bbox 2253 5251 2278 5290; x_wconf 70' lang='grc' dir='ltr'>δ</span> <span class='ocrx_word' id='word_1_865' title='bbox 2312 5255 2558 5324; x_wconf 78' lang='lat' dir='ltr'><strong>Vindoc.,</strong></span> <span class='ocrx_word' id='word_1_866' title='bbox 2592 5256 2784 5324; x_wconf 88' lang='lat' dir='ltr'><strong>Laud.,</strong></span> <span class='ocrx_word' id='word_1_867' title='bbox 2819 5257 3018 5314; x_wconf 84' lang='lat' dir='ltr'><strong>Pratel.</strong></span> <span class='ocrx_word' id='word_1_868' title='bbox 3062 5265 3117 5315; x_wconf 89' lang='lat' dir='ltr'><strong>et</strong></span> <span class='ocrx_word' id='word_1_869' title='bbox 3151 5255 3314 5314; x_wconf 90' lang='lat' dir='ltr'><strong>Corb.</strong></span> <span class='ocrx_word' id='word_1_870' title='bbox 3346 5255 3558 5324; x_wconf 88' lang='lat' dir='ltr'><strong>Germ.,</strong></span> <span class='ocrx_word' id='word_1_871' title='bbox 3589 5258 3642 5312; x_wconf 85' lang='lat' dir='ltr'><strong>in</strong></span> <span class='ocrx_word' id='word_1_872' title='bbox 3672 5258 3747 5312; x_wconf 87' lang='lat' dir='ltr'><strong>in-</strong></span> 
     </span>
     <span class='ocr_line' id='line_1_115' title="bbox 2196 5342 2320 5379; baseline 0 0"><span class='ocrx_word' id='word_1_873' title='bbox 2196 5342 2320 5379; x_wconf 80' lang='grc' dir='ltr'><strong>ιηια.</strong></span> 
     </span>
    </p>
   </div>
   <div class='ocr_carea' id='block_1_115' title="bbox 2196 5342 2320 5381">
    <p class='ocr_par' dir='ltr' id='par_1_115' title="bbox 2196 5342 2320 5381">
     <span class='ocr_line' id='line_1_116' title="bbox 2196 5342 2320 5381; baseline 0.016 -2"><span class='ocrx_word' id='word_1_874' title='bbox 2196 5342 2320 5381; x_wconf 74' lang='lat' dir='ltr'><strong>Ima.</strong></span> 
     </span>
    </p>
   </div>
   <div class='ocr_carea' id='block_1_116' title="bbox 2229 5395 3747 5478">
    <p class='ocr_par' dir='ltr' id='par_1_116' title="bbox 2229 5395 3747 5478">
     <span class='ocr_line' id='line_1_117' title="bbox 2229 5395 3747 5478; baseline 0.001 -26"><span class='ocrx_word' id='word_1_875' title='bbox 2290 5398 2470 5478; x_wconf 81' lang='lat' dir='ltr'><strong>_La_ud.</strong></span> <span class='ocrx_word' id='word_1_876' title='bbox 2503 5407 2557 5456; x_wconf 87' lang='lat' dir='ltr'><strong>et</strong></span> <span class='ocrx_word' id='word_1_877' title='bbox 2579 5400 2828 5471; x_wconf 76' lang='lat' dir='ltr'><strong>Longip.,</strong></span> <span class='ocrx_word' id='word_1_878' title='bbox 2863 5401 3004 5464; x_wconf 87' lang='lat' dir='ltr'><strong>libet,</strong></span> <span class='ocrx_word' id='word_1_879' title='bbox 3038 5414 3137 5472; x_wconf 92' lang='lat' dir='ltr'><strong>pro</strong></span> <span class='ocrx_word' id='word_1_880' title='bbox 3168 5399 3318 5455; x_wconf 82' lang='lat' dir='ltr'><strong>levet.</strong></span> <span class='ocrx_word' id='word_1_881' title='bbox 3343 5397 3400 5454; x_wconf 91' lang='lat' dir='ltr'><strong>ln</strong></span> <span class='ocrx_word' id='word_1_882' title='bbox 3427 5398 3566 5455; x_wconf 87' lang='lat' dir='ltr'><strong>Edit.</strong></span> <span class='ocrx_word' id='word_1_883' title='bbox 3595 5399 3747 5455; x_wconf 89' lang='lat' dir='ltr'><strong>Basil.</strong></span> 
     </span>
    </p>
   </div>
   <div class='ocr_carea' id='block_1_117' title="bbox 2175 5467 2972 5598">
    <p class='ocr_par' dir='ltr' id='par_1_117' title="bbox 2175 5467 2972 5598">
     <span class='ocr_line' id='line_1_118' title="bbox 2175 5467 2765 5529; baseline 0.008 -8"><span class='ocrx_word' id='word_1_884' title='bbox 2175 5467 2334 5529; x_wconf 72' lang='lat' dir='ltr'><strong>15H.</strong></span> <span class='ocrx_word' id='word_1_885' title='bbox 2366 5470 2520 5525; x_wconf 83' lang='lat' dir='ltr'><strong>lavat.</strong></span> <span class='ocrx_word' id='word_1_886' title='bbox 2697 5467 2720 5471; x_wconf 58' lang='grc'>⁷</span> <span class='ocrx_word' id='word_1_887' title='bbox 2755 5467 2765 5469; x_wconf 14' lang='grc' dir='ltr'>ἡ</span> 
     </span>
     <span class='ocr_line' id='line_1_119' title="bbox 2254 5539 2972 5598; baseline 0.011 -9"><span class='ocrx_word' id='word_1_888' title='bbox 2254 5539 2268 5589; x_wconf 79' lang='lat' dir='ltr'><strong>i</strong></span> <span class='ocrx_word' id='word_1_889' title='bbox 2308 5540 2553 5598; x_wconf 84' lang='lat' dir='ltr'><strong>Vindoc..</strong></span> <span class='ocrx_word' id='word_1_890' title='bbox 2588 5541 2771 5594; x_wconf 86' lang='lat' dir='ltr'><strong>librum</strong></span> <span class='ocrx_word' id='word_1_891' title='bbox 2801 5540 2972 5596; x_wconf 68' lang='lat' dir='ltr'><strong>Isaiae.</strong></span> 
     </span>
    </p>
   </div>
   <div class='ocr_carea' id='block_1_118' title="bbox 2251 5608 3747 5686">
    <p class='ocr_par' dir='ltr' id='par_1_118' title="bbox 2251 5608 3747 5686">
     <span class='ocr_line' id='line_1_120' title="bbox 2251 5608 3747 5686; baseline -0.006 -13"><span class='ocrx_word' id='word_1_892' title='bbox 2251 5608 2463 5686; x_wconf 49' lang='lat' dir='ltr'><strong>FCQI&#39;b.</strong></span> <span class='ocrx_word' id='word_1_893' title='bbox 2494 5612 2702 5678; x_wconf 85' lang='lat' dir='ltr'><strong>Germ.,</strong></span> <span class='ocrx_word' id='word_1_894' title='bbox 2749 5612 2966 5680; x_wconf 82' lang='lat' dir='ltr'><strong>Pratel.,</strong></span> <span class='ocrx_word' id='word_1_895' title='bbox 3014 5613 3229 5670; x_wconf 86' lang='lat' dir='ltr'><strong>Ebroic.</strong></span> <span class='ocrx_word' id='word_1_896' title='bbox 3274 5621 3329 5670; x_wconf 89' lang='lat' dir='ltr'><strong>et</strong></span> <span class='ocrx_word' id='word_1_897' title='bbox 3374 5610 3510 5679; x_wconf 82' lang='lat' dir='ltr'><strong>alii,</strong></span> <span class='ocrx_word' id='word_1_898' title='bbox 3549 5609 3747 5686; x_wconf 71' lang='lat' dir='ltr'><strong>spiritui</strong></span> 
     </span>
    </p>
   </div>
   <div class='ocr_carea' id='block_1_119' title="bbox 2175 5679 2456 5736">
    <p class='ocr_par' dir='ltr' id='par_1_119' title="bbox 2175 5679 2456 5736">
     <span class='ocr_line' id='line_1_121' title="bbox 2175 5679 2456 5736; baseline 0.007 -2"><span class='ocrx_word' id='word_1_899' title='bbox 2175 5683 2310 5735; x_wconf 86' lang='lat' dir='ltr'><strong>enim</strong></span> <span class='ocrx_word' id='word_1_900' title='bbox 2343 5679 2456 5736; x_wconf 84' lang='lat' dir='ltr'><strong>Dei.</strong></span> 
     </span>
    </p>
   </div>
   <div class='ocr_carea' id='block_1_120' title="bbox 2253 5748 3742 5828">
    <p class='ocr_par' dir='ltr' id='par_1_120' title="bbox 2253 5748 3742 5828">
     <span class='ocr_line' id='line_1_122' title="bbox 2253 5748 3742 5828; baseline 0.002 -21"><span class='ocrx_word' id='word_1_901' title='bbox 2253 5748 2272 5791; x_wconf 84' lang='grc' dir='ltr'>ι</span> <span class='ocrx_word' id='word_1_902' title='bbox 2302 5751 2465 5828; x_wconf 88' lang='lat' dir='ltr'><strong>_Cor_b_.</strong></span> <span class='ocrx_word' id='word_1_903' title='bbox 2488 5753 2692 5828; x_wconf 65' lang='grc' dir='ltr'><strong>δεκέτη..</strong></span> <span class='ocrx_word' id='word_1_904' title='bbox 2722 5755 2932 5828; x_wconf 85' lang='lat' dir='ltr'><strong>Ebrotc.</strong></span> <span class='ocrx_word' id='word_1_905' title='bbox 2964 5763 3018 5811; x_wconf 91' lang='lat' dir='ltr'><strong>ct</strong></span> <span class='ocrx_word' id='word_1_906' title='bbox 3046 5754 3137 5813; x_wconf 81' lang='lat' dir='ltr'><strong>alii</strong></span> <span class='ocrx_word' id='word_1_907' title='bbox 3165 5755 3376 5827; x_wconf 82' lang='lat' dir='ltr'><strong>Norm.,</strong></span> <span class='ocrx_word' id='word_1_908' title='bbox 3399 5756 3742 5828; x_wconf 64' lang='lat' dir='ltr'><strong>semetipsum,</strong></span> 
     </span>
    </p>
   </div>
   <div class='ocr_carea' id='block_1_121' title="bbox 2175 5823 3035 5892">
    <p class='ocr_par' dir='ltr' id='par_1_121' title="bbox 2175 5823 3035 5892">
     <span class='ocr_line' id='line_1_123' title="bbox 2175 5823 3035 5892; baseline 0.009 -13"><span class='ocrx_word' id='word_1_909' title='bbox 2175 5823 2318 5892; x_wconf 88' lang='lat' dir='ltr'><strong>quod</strong></span> <span class='ocrx_word' id='word_1_910' title='bbox 2351 5823 2416 5879; x_wconf 93' lang='lat' dir='ltr'><strong>ad</strong></span> <span class='ocrx_word' id='word_1_911' title='bbox 2438 5823 2758 5882; x_wconf 85' lang='lat' dir='ltr'><strong>locutionem</strong></span> <span class='ocrx_word' id='word_1_912' title='bbox 2789 5827 3035 5887; x_wconf 74' lang='lat' dir='ltr'><strong>refertur.</strong></span> 
     </span>
    </p>
   </div>
  </div>
