4004 6350
235 411 335 466 μθ

935 405 1290 464 MOIlALIUM
1331 404 1461 460 LIB.
1506 403 1742 460 XXVIII.
1776 433 1842 443 -—-
1868 401 1931 458 IN
1971 398 2199 456 CAPUT
2238 397 2506 454 XXXVIII
2547 397 2607 452 Β.
2645 393 2786 452 .IOB.

3389 391 3494 446 450

237 522 374 577 renis
420 532 474 577 et
520 519 848 578 caelestibus.
894 519 1281 589 Nonnunquam
1330 533 1460 574 vero
1507 519 1667 574 etiam
1716 531 1808 587 per
1837 521 1889 584 Α
1913 513 2273 580 sermonibus,
2303 513 2398 570 sed
2425 512 2590 569 etiam
2615 510 2776 570 rebus
2803 505 3054 580 aperiret,
3080 515 3343 579 quatenus
3366 522 3493 578 pec-

236 614 479 685 angelum
507 613 755 671 humanis
785 611 1034 668 cordibus
1063 611 1138 666 ita
1160 611 1397 680 loquitur
1424 611 1585 676 Deus,
1615 618 1672 664 ut
1699 608 1815 678 ipse

236 721 444 776 quoque
473 707 698 775 angelus
722 705 920 760 mentis
947 702 1220 760 obtutibus
1243 712 1596 774 praesentetur

299 797 352 850 «ι.
401 797 595 854 Verbis
643 811 872 867 namque
916 811 1010 864 per
1057 794 1306 865 angelum
1360 794 1594 863 loquitur
1635 793 1813 859 Deus,

237 903 356 943 cum
397 889 475 943 nil
507 888 564 943 in
594 887 826 958 imagine
855 886 1173 964 ostenditur,
1223 885 1318 941 sed
1366 900 1616 954 supernas
1655 883 1816 939 verba

235 979 520 1035 locutionis
564 979 874 1044 audiuntur,
901 978 1042 1033 sicut
1075 975 1288 1032 dicente
1330 975 1596 1031 Domino:
1630 973 1809 1042 Pater,

231 1071 461 1140 clariﬁca
483 1072 654 1140 ﬁlium
683 1081 850 1137 tuum,
872 1080 923 1124 ut
947 1080 993 1124 et
1014 1069 1154 1139 filius
1181 1079 1297 1124 tuus
1323 1067 1567 1138 clari/iul
1595 1078 1664 1134 te,
1695 1081 1817 1136 pro-

233 1166 369 1220 tinus
411 1165 775 1234 respondetur
803 1181 817 1218 :
849 1162 1176 1232 Clariﬁcavi,
1207 1172 1256 1216 et
1292 1164 1476 1217 iterum
1523 1159 1817 1229 clariﬁcabo

231 1257 411 1329 (Joan.
445 1272 582 1323 xvii,
608 1257 682 1328 l).
714 1256 895 1327 Neque
923 1255 1067 1311 enim
1093 1254 1254 1320 Deus,
1283 1254 1374 1324 qui
1415 1254 1532 1310 sine
1576 1261 1818 1321 tempore

229 1351 277 1402 vi
320 1348 664 1418 impulsionis
693 1348 893 1403 intima:
919 1347 1146 1414 clamat,
1178 1345 1229 1400 in
1261 1357 1502 1414 tempore
1543 1360 1638 1415 per
1666 1359 1817 1400 suam

229 1438 584 1494 substantiam
608 1438 751 1493 illam
771 1453 955 1494 vocem
977 1438 1165 1505 edidit,
1180 1453 1336 1508 quam
1354 1437 1817 1506 circumscriptam

227 1538 475 1600 tempore
506 1545 606 1599 per
656 1530 889 1585 humana
914 1529 1076 1585 verba
1106 1527 1382 1593 distinxit,
1409 1527 1502 1583 sed
1542 1528 1818 1594 nimirum,

227 1619 292 1674 de
309 1619 885 1688 caelestibusloquens,
900 1605 1062 1674 verba
1078 1634 1172 1673 sua
1194 1633 1312 1688 qua:
1327 1618 1395 1673 ab
1417 1617 1720 1673 hominibus
1734 1633 1821 1672 au-

228 1707 327 1761 diri
361 1708 537 1762 voluit
559 1708 810 1764 rationali
845 1718 1087 1765 creatura
1111 1708 1518 1763 administrante
1547 1708 1814 1764 formavit.

298 1802 353 1856 5.
397 1799 704 1870 Aliquando
746 1802 908 1858 rebus
955 1817 1051 1872 per
1093 1803 1316 1872 angelos
1362 1801 1599 1872 loquitur
1644 1801 1816 1868 Deus,

1917 614 2069 662 cator
2097 607 2258 662 homo
2300 590 2360 662 et
2401 619 2497 676 per
2523 603 2685 660 verba
2732 601 2876 674 quod
2923 601 3125 657 fecerat
3167 601 3410 670 audiret,
3436 609 3493 658 et

1917 712 2016 769 per
2039 697 2550 762 deambulationem,
2573 694 2772 750 amisso
2794 691 3108 749 aeternitatis
3131 701 3294 759 statu,
3320 701 3497 748 muta-

1917 787 2141 843 bilitatis
2169 801 2282 843 suae
2313 784 2725 841 inconstantiam
2754 791 3028 849 cerneret,
3059 791 3112 837 et
3143 797 3238 852 per
3269 797 3488 850 auram,

1916 875 2130 932 fervore
2155 876 2432 938 charitatis
2459 874 2685 945 expulso
2704 914 2721 941 ,
2755 882 3024 944 torporem
3053 887 3210 929 suum
3238 875 3484 930 animad-

1917 978 2168 1038 verteret,
2188 979 2352 1040 etper
2366 967 2780 1026 declinationem
2814 966 2942 1024 solis
2975 977 3321 1040 cognosceret
3343 967 3488 1040 quod

1916 1060 1982 1116 sd
2012 1059 2258 1116 tenebras
2287 1058 2694 1131 propinquaret.

1987 1151 2132 1226 [Vet.
2161 1151 2292 1225 IV.]
2319 1153 2372 1207 7.
2409 1152 2712 1223 Aliquando
2737 1149 3056 1223 imaginibus
3093 1149 3273 1207 cordis
3319 1151 3490 1207 oculis

1916 1247 2148 1304 ostensis
2174 1262 2269 1318 per
2295 1250 2515 1317 angelos
2542 1245 2780 1316 loquitur
2808 1247 2970 1313 Deus,
2999 1245 3138 1301 sicut
3163 1244 3329 1301 Jacob
3356 1247 3492 1300 sub-

1918 1340 2097 1396 nixam
2121 1341 2259 1396 caelo
2280 1340 2479 1396 scalam
2499 1339 2770 1394 dormiens
2785 1336 2916 1392 vidit
2931 1336 3135 1406 (Genes.
3164 1352 3353 1403 xxvm,
3379 1335 3492 1406 42);

1917 1433 2058 1511 sicut
2105 1432 2296 1488 Petrus
2342 1432 2564 1487 linteum
2607 1431 2886 1501 reptilibus
2936 1445 3000 1485 ac
3057 1431 3493 1501 quadrupedibus

1918 1525 2134 1597 plenum
2184 1525 2237 1580 in
2285 1526 2483 1582 ecstasi
2531 1536 2715 1596 raptus
2761 1525 2970 1595 aspexit
3011 1524 3149 1595 (Act.
3177 1541 3232 1590 x,
3261 1525 3374 1597 ll),
3405 1525 3494 1596 qui

1919 1616 2025 1672 nisi
2051 1616 2382 1687 incorporeis
2409 1615 2577 1673 oculis
2609 1617 2723 1671 haec
2762 1624 3042 1684 cerneret,
3074 1615 3128 1670 in
3159 1617 3352 1672 ecstasi
3389 1631 3494 1671 non

1921 1709 2137 1776 fuisset;
2162 1710 2299 1766 sicut
2327 1709 2490 1765 Paulo
2520 1710 2574 1764 in
2603 1710 2810 1765 visione
2838 1710 3010 1765 noctis
3033 1710 3113 1764 vir
3136 1709 3355 1765 Macedo
3385 1725 3484 1780 ap-

1919 1796 2099 1871 paruit'
2118 1801 2256 1873 (Act.
2286 1818 2393 1870 xvr,
2417 1803 2494 1873 9),
2524 1803 2615 1872 qui
2642 1801 2871 1858 transire
2892 1818 3012 1858 eum
3042 1802 3095 1857 in
3125 1802 3487 1858 Macedoniam

229 1910 348 1950 cum
380 1894 460 1948 nil
491 1893 660 1949 verbo
702 1894 916 1957 dicitur,
950 1894 1044 1950 sed
1083 1909 1145 1951 ea
1177 1909 1296 1964 qua
1335 1894 1506 1949 futura
1543 1902 1690 1959 sunt,
1722 1908 1811 1949 as-
1841 1899 1891 1964 Β
1917 1893 2140 1964 rogavit.
2193 1893 2496 1964 Aliquando
2546 1894 2870 1964 imaginibus
2914 1902 2969 1948 et
3023 1902 3150 1948 ante
3201 1909 3493 1963 corporeos

229 1996 444 2054 sumpta
467 1986 532 2040 de
557 1985 834 2042 elementis
857 1986 1109 2056 imagine,
1140 1987 1489 2053 nuntiantur;
1517 1986 1657 2042 sicut
1681 1984 1816 2041 Eze-

228 2077 392 2142 chiel,
419 2077 495 2131 nil
519 2077 808 2132 verborum
833 2077 1076 2144 audiens,
1102 2076 1288 2134 electri
1315 2078 1547 2148 speciem
1565 2078 1618 2134 in
1641 2076 1818 2133 medio

229 2171 370 2240 ignis
402 2169 577 2233 vidit;
617 2179 677 2223 ut
703 2169 951 2225 videlicet
979 2168 1106 2225 dum
1136 2171 1303 2225 solam
1343 2171 1579 2241 speciem
1612 2171 1818 2240 aSpice-

229 2268 328 2326 ret,
349 2274 475 2331 quae
497 2267 683 2317 essent
705 2259 760 2315 in
780 2261 1083 2317 novissimis
1107 2272 1330 2319 ventura
1355 2266 1579 2321 sentiret
1600 2264 1813 2338 (Ezech.

229 2369 264 2418 ι,
297 2353 375 2422 Δ).
409 2353 688 2408 Electram
731 2351 927 2422 quippe
973 2367 1038 2409 ex
1081 2354 1195 2408 auri
1238 2347 1551 2426 argentique
1595 2355 1816 2411 metallo

230 2447 509 2513 miscetur,
543 2447 599 2501 in
626 2462 730 2518 qua
766 2447 1113 2515 permistione
1143 2459 1420 2518 argentum
1453 2449 1668 2520 quidem
1701 2449 1815 2503 cla-

229 2539 337 2592 rius
389 2535 658 2604 redditur,
701 2537 797 2592 sed
845 2547 1024 2594 tamen
1074 2539 1252 2610 fulgor
1297 2541 1411 2595 auri
1463 2549 1813 2610 temperatur.

230 2629 362 2698 Quid
395 2645 527 2700 ergo
557 2631 611 2686 in
636 2629 835 2688 electro
864 2632 967 2687 nisi
1005 2632 1266 2688 mediator
1307 2633 1401 2689 Dei
1443 2641 1498 2688 et
1540 2633 1816 2689 hominum

231 2721 675 2779 demonstratur?
701 2723 801 2793 Qui
831 2724 958 2780 dum
986 2727 1334 2796 semetipsum
1366 2727 1521 2784 nobis
1543 2741 1607 2782 ex
1637 2727 1819 2783 divina

232 2824 393 2885 atque
445 2814 677 2870 humana
716 2825 905 2871 natura
943 2819 1283 2889 composuit,
1318 2826 1373 2874 et
1398 2819 1688 2874 humanam
1720 2833 1818 2890 per

233 2905 488 2961 deitatem
525 2905 805 2962 clariorem
837 2907 1107 2976 reddidit,
1139 2917 1194 2964 et
1220 2909 1451 2965 divinam
1485 2923 1584 2979 per
1628 2909 1818 2964 huma-

236 2998 456 3053 nitatem
506 2999 704 3053 nostris
749 2999 1052 3068 aspectibus
1101 3001 1440 3071 temperavit.
1488 3000 1623 3067 Quia
1671 3001 1816 3058 enim

231 3090 434 3146 virtute
453 3090 747 3146 divinitatis
767 3091 885 3163 ejus
909 3101 986 3148 tot
1008 3093 1283 3149 miraculis
1308 3094 1618 3152 humanitas
1640 3094 1811 3164 fulsit,

229 3196 295 3238 ex
317 3197 452 3237 auro
473 3183 648 3238 crevit
675 3193 991 3254 argentum;
1023 3193 1078 3241 et
1107 3187 1249 3256 quod
1281 3201 1375 3256 per
1416 3202 1632 3243 carnem
1666 3187 1810 3244 Deus

1918 1987 2102 2044 oculos
2131 1987 2198 2043 ad
2230 1999 2440 2058 tempus
2464 2003 2532 2044 ex
2559 2003 2684 2044 aere
2713 1986 3004 2058 assumptis
3031 2001 3128 2056 per
3153 1988 3375 2057 angelos
3406 1988 3485 2041 lo-

1916 2084 2095 2154 quitur
2127 2083 2470 2150 Deus,sicut
2497 2081 2765 2138 Abraham
2815 2096 2922 2137 non
2971 2079 3146 2136 solum
3195 2089 3304 2135 tres
3353 2079 3494 2135 viros

1915 2174 2099 2230 videre
2125 2175 2319 2245 potuit,
2347 2173 2444 2229 sed
2473 2174 2636 2228 etiam
2665 2172 2971 2228 babitaculo
3000 2180 3220 2228 terreno
3253 2174 3493 2240 suscipe-

1918 2282 1998 2335 re,
2029 2275 2083 2322 et
2109 2281 2216 2321 non
2247 2266 2418 2320 solum
2444 2264 2748 2334 suscipere,
2780 2263 2876 2320 sed
2900 2279 3085 2320 eorum
3116 2263 3302 2319 usibus
3332 2263 3494 2319 etiam
3543 2253 3548 2258 ’

1917 2357 2069 2414 cibos
2098 2357 2354 2414 adhibere
2378 2356 2586 2430 (Cenes.
2613 2373 2766 2428 xvm,
2799 2356 2857 2422 2,
2883 2355 3036 2428 seq.).
3060 2355 3168 2412 Nisi
3198 2357 3342 2411 enim
3387 2359 3495 2412 An-

1917 2449 2023 2520 geli
2064 2445 2356 2521 quaedamd
2396 2449 2550 2506 nobis
2576 2449 2784 2505 interna
2817 2447 3122 2503 nuntiantes
3168 2447 3235 2502 ad
3283 2456 3493 2516 tempus

1919 2556 1983 2598 ex
2039 2556 2164 2598 aere
2206 2555 2429 2611 corpora
2484 2549 2798 2607 sumerent,
2847 2539 3208 2595 exterioribus
3254 2537 3497 2608 profecto

1919 2633 2115 2689 nostris
2162 2632 2436 2689 obtutibus
2485 2648 2593 2688 non
2631 2641 2982 2702 apparerent;
3037 2645 3135 2686 nec
3175 2631 3324 2685 cibos
3371 2645 3494 2685 cum

1921 2723 2187 2780 Abraham
2218 2733 2492 2794 caperent,
2517 2723 2618 2780 nisi
2645 2732 2861 2794 propter
2891 2736 2992 2778 nos
3026 2722 3258 2779 solidum
3291 2722 3491 2791 aliquid

1917 2832 1984 2874 ex
2013 2817 2218 2874 caelesti
2245 2817 2510 2874 elemento
2542 2825 2830 2888 gestarent.
2855 2814 2963 2872 Nec
2997 2815 3190 2871 mirum
3222 2814 3362 2884 quod
3385 2814 3495 2869 illic

1917 2909 2018 2981 ipsi
2048 2911 2138 2980 qui
2163 2911 2396 2981 suscepti
2421 2918 2582 2975 sunt,
2611 2909 2770 2966 modo
2796 2907 3006 2978 angeli,
3048 2908 3207 2963 modo
3239 2907 3494 2962 Dominus

1918 3008 2202 3067 vocantur,
2231 3001 2356 3071 quia
2381 3000 2691 3071 angelorum
2713 2999 2972 3055 vocabulo
2992 2999 3360 3069 exprimuntur
3392 2999 3481 3069 qui

1918 3093 2154 3151 exterius
2184 3094 2584 3164 ministrabant,
2613 3103 2666 3149 et
2695 3092 3049 3164 appellatione
3073 3093 3278 3148 Domini
3303 3102 3484 3148 osten-

1918 3185 2060 3241 ditur
2085 3184 2174 3256 qui
2203 3185 2281 3242 eis
2301 3185 2525 3243 interius
2548 3193 2796 3256 praeerat,
2822 3192 2878 3240 ut
2904 3199 3000 3255 per
3023 3187 3126 3241 hoc
3149 3182 3486 3254 praesidentis

231 3274 483 3345 cognosci
514 3276 704 3345 potuit,
731 3278 979 3347 quodque
1007 3293 1101 3348 per
1121 3293 1339 3334 carnem
1368 3285 1447 3334 tot
1476 3281 1703 3337 adversa
1727 3290 1809 3336 to-
1841 3279 1887 3346 C
1919 3277 2198 3348 imperium
2221 3318 2235 3346 ,
2265 3287 2320 3334 et
2348 3291 2444 3349 per
2470 3275 2602 3334 illud
2629 3277 2952 3334 claresceret
2995 3285 3019 3314 ⁶
3059 3276 3292 3332 officium
3322 3273 3484 3330 mini-

229 3366 450 3430 leravit,
489 3367 638 3436 quasi
687 3381 753 3422 ex
797 3377 1020 3438 argento
1069 3379 1421 3439 temperatum
1473 3381 1556 3428 est
1596 3388 1808 3430 aurum.

229 3457 386 3524 Quod
417 3457 556 3513 bene
580 3467 631 3513 et
671 3457 725 3512 in
756 3459 937 3515 medio
963 3459 1103 3532 ignis
1130 3463 1452 3532 ostenditur,
1485 3465 1607 3534 quia
1640 3467 1815 3521 incar-

232 3550 470 3605 nationis
498 3551 616 3620 ejus
636 3551 948 3624 mysterium
980 3555 1357 3624 subsequentis
1383 3556 1573 3625 judicii
1598 3559 1814 3613 ﬂamma

232 3643 539 3696 comitatur.
567 3641 833 3713 Scriptum
876 3645 1074 3715 quippe
1119 3654 1246 3700 est:
1279 3646 1436 3701 Pater
1473 3666 1572 3703 non
1604 3650 1812 3722 judicat

233 3750 554 3803 quamquam,
571 3735 659 3790 sed
679 3751 823 3789 omne
836 3735 1094 3810 judicium
1111 3735 1251 3790 dedit
1267 3737 1406 3791 Filio
1423 3738 1602 3808 (Joan.
1618 3756 1670 3808 ν,
1691 3741 1806 3810 Q2).

305 3826 450 3898 [νει.
480 3824 626 3898 ΙΙΙ.]
666 3828 716 3883 6.
747 3827 1051 3898 Aliquando
1077 3844 1170 3899 per
1199 3831 1419 3902 angelos
1441 3832 1620 3887 verbis
1650 3833 1810 3888 simul

234 3929 287 3975 et
310 3919 474 3975 rebus
506 3920 738 3991 loquitur
770 3922 930 3987 Deus,
964 3937 1084 3978 cum
1115 3925 1439 3995 quibusdam
1467 3927 1702 3982 motibus
1734 3928 1814 3983 in.

235 4014 416 4070 sinuat
445 4013 547 4070 hoc
592 4013 736 4084 quod
783 4017 1122 4072 sermonibus
1169 4026 1371 4074 narrat.
1399 4029 1422 4057 α
1446 4019 1630 4090 Neque
1667 4021 1814 4078 enim

235 4109 408 4164 Adam
455 4119 573 4181 post
609 4112 816 4183 culpam
864 4113 919 4169 in
963 4112 1257 4170 divinitatis
1296 4115 1598 4173 substantia
1627 4117 1814 4174 audire

237 4201 521 4257 Dominum
545 4204 737 4274 potuit,
769 4204 862 4260 sed
896 4205 1280 4276 increpationis
1318 4208 1483 4263 verba
1519 4223 1614 4279 per
1643 4225 1811 4279 ange-

237 4293 346 4347 lum
376 4293 604 4359 audivit,
633 4295 700 4350 de
731 4309 834 4366 quo
859 4297 1116 4368 scriptum
1145 4307 1229 4353 est
1255 4314 1270 4351 :
1303 4298 1431 4354 Cum
1467 4299 1693 4355 audisset
1722 4316 1812 4354 vo-

237 4406 344 4443 cem
366 4388 575 4444 Domini
604 4389 698 4470 Dei
725 4391 754 4430 δ
782 4391 1156 4447 deambulantis
1179 4393 1233 4446 in
1253 4393 1496 4465 paradiso
1537 4394 1604 4446 ad
1630 4410 1814 4448 auram

238 4496 348 4553 post
376 4487 669 4553 meridiem,
693 4487 956 4543 abscondit
984 4506 1038 4544 se
1083 4489 1220 4543 inter
1247 4488 1388 4560 ligna
1423 4491 1655 4560 paradisi
1689 4493 1814 4565 (Ge-

237 4592 345 4632 nes.
377 4592 455 4644 ιιι,
480 4575 557 4646 8).
582 4579 720 4648 Quid
751 4592 832 4637 est
862 4582 1004 4638 enim
1027 4582 1167 4651 quod
1197 4583 1317 4652 past
1339 4592 1616 4653 peccatum
1640 4584 1813 4640 homi-

1918 3371 2228 3426 strantium.

1989 3461 2134 3534 [νει.
2170 3459 2260 3533 ν.]
2292 3463 2344 3519 8.
2384 3461 2534 3518 Varii
2570 3463 2662 3518 alii
2701 3462 2841 3517 modi
2877 3462 3057 3533 quibus
3086 3461 3227 3516 Deus
3270 3462 3500 3532 loquitur

1918 3553 2221 3611 hominibus.
2246 3584 2315 3597 -—-
2347 3554 2645 3625 Aliquando
2673 3553 2982 3611 caelestibus
3003 3554 3311 3609 substantiis
3339 3553 3359 3593 ί
3392 3570 3490 3626 per

1921 3645 2142 3715 angelos
2173 3646 2406 3714 loquitur
2435 3647 2599 3712 Deus,
2619 3647 2778 3713 sicut,
2803 3647 3068 3715 baptizato
3090 3645 3334 3712 Domino,
3363 3647 3498 3703 scri-

1921 3748 2071 3810 ptum
2099 3739 2327 3809 estquia
2365 3739 2433 3794 de
2476 3738 2617 3794 nube
2644 3754 2742 3794 vox
2782 3739 2988 3806 sonuit,
3025 3738 3246 3794 dicens:
3279 3738 3381 3793 Hic
3410 3749 3485 3796 est

1918 3828 2089 3885 Filius
2140 3846 2282 3885 meus
2328 3831 2574 3898 dilectus,
2623 3832 2676 3884 in
2713 3848 2811 3902 quo
2852 3831 2975 3884 mihi
3003 3842 3027 3881 δ
3058 3833 3182 3888 bene
3207 3835 3497 3903 complacui

1921 3924 2130 3998 (Matth.
2164 3941 2246 3992 Ill,
2280 3925 2391 3997 l7).
2421 3925 2721 3996 Aliquando
2747 3925 2972 3982 terrenis
3001 3927 3312 3987 substantiis
3335 3925 3362 3965 ιι
3389 3943 3487 3998 per

1916 4019 2136 4091 angelos
2165 4019 2396 4089 loquitur
2423 4017 2584 4084 Deus,
2609 4019 2750 4074 sicut
2787 4033 2908 4074 cum
2941 4018 3156 4074 Balaam
3196 4020 3489 4091 corripuit,

1916 4115 1971 4170 in
2000 4129 2093 4170 ore
2125 4115 2290 4170 asinae
2312 4114 2540 4169 humana
2563 4113 2724 4170 verba
2747 4112 2996 4168 formavit
3017 4113 3205 4178 (Num.
3223 4114 3489 4185 xxn,28).

1918 4189 2233 4279 Aliquando'
2250 4208 2409 4264 simul
2434 4217 2487 4262 et
2516 4205 2743 4262 terrenis
2769 4215 2823 4261 et
2844 4205 3155 4262 caelestibus
3177 4207 3490 4263 substantiis

1917 4316 2013 4372 per
2042 4302 2267 4374 angelos
2299 4301 2529 4372 loquitur
2552 4299 2714 4368 Deus,
2737 4299 2874 4356 sicut
2895 4299 2962 4354 ad
2985 4299 3202 4371 Moysen
3225 4301 3275 4354 in
3305 4308 3489 4357 monte

1916 4408 2039 4451 cum
2081 4394 2334 4465 jussionis
2381 4407 2493 4449 sua:
2520 4392 2680 4448 verba
2727 4391 2924 4457 edidit,
2973 4393 3151 4462 ignem
3192 4393 3536 4464 rubunique-

1916 4487 2160 4557 sociavit,
2190 4497 2350 4556 atque
2382 4485 2524 4541 aliud
2570 4485 2836 4556 superius,
2867 4485 3008 4540 aliud
3050 4484 3270 4542 inferius
3305 4486 3490 4556 junxit

1919 4579 2114 4654 (Exod.
2144 4596 2223 4648 ιιι,
2252 4581 2333 4650 2).
2365 4578 2515 4647 Quod
2543 4587 2720 4634 tamen
2753 4586 2877 4633 tunc
2914 4578 3088 4633 solum
3137 4577 3332 4647 agitur,
3363 4593 3486 4634 cum

239 4671 320 4724 nis
347 4670 400 4725 in
430 4671 682 4740 paradiso
706 4673 963 4729 Dominus
987 4673 1097 4745 jam
1129 4689 1237 4731 non
1264 4682 1407 4743 stat,
1436 4676 1531 4731 sed
1553 4675 1815 4732 deambu-
1842 4671 1896 4734 D
1919 4685 1988 4727 ex
2018 4671 2132 4741 ipsa
2161 4669 2360 4738 aliquid
2391 4667 2767 4738 conjunctione
2791 4669 3050 4736 signatur.
3076 4666 3207 4722 Nam
3240 4683 3334 4738 per
3364 4683 3489 4724 suc-

239 4763 350 4831 lat,
385 4762 488 4818 nisi
525 4764 668 4832 quod
697 4763 936 4822 irruente
961 4766 1119 4835 culpa
1145 4774 1167 4804 α
1200 4779 1260 4822 se
1290 4780 1318 4820 a
1349 4767 1534 4822 cordis
1585 4767 1816 4822 hominis

239 4864 441 4909 motum
469 4853 832 4911 demonstrat?
860 4856 998 4924 Quid
1047 4866 1132 4913 est
1177 4858 1319 4929 quod
1350 4858 1417 4914 ad
1462 4872 1647 4914 auram
1693 4867 1813 4930 post

239 4945 552 5014 meridiem,
579 4947 680 5002 nisi
709 4948 872 5020 895
901 4947 1040 5019 quod
1090 4949 1182 5005 lux
1230 4948 1529 5007 ferventior
1573 4951 1817 5006 veritatis

238 5038 590 5107 abscesserat,
618 5048 674 5095 et
699 5041 1050 5110 peccatricem
1079 5042 1314 5097 animam
1361 5041 1535 5111 culpae
1573 5056 1684 5097 suae
1720 5041 1817 5096 fri-

238 5145 366 5202 gora
392 5130 864 5201 constringebant?
888 5129 1189 5204 lncrepavit
1212 5148 1340 5204 ergo
1363 5133 1533 5189 Adam
1555 5131 1814 5188 deambu-

242 5223 376 5292 lans,
403 5232 466 5281 ut
491 5223 650 5280 cacis
679 5225 947 5280 mentibus
976 5226 1267 5296 nequitiam
1298 5239 1451 5282 suam
1478 5241 1587 5282 non
1631 5225 1807 5282 solum

312 5345 339 5374 ι
369 5332 666 5408 Editicum
690 5331 1280 5408 ςριιιεῧὲιέωη-ῃεφιε
1305 5339 1456 5408 enim
1475 5336 1711 5408 Adam...
1733 5335 1812 5390 ui-

247 5409 358 5461 dere
380 5405 678 5476 Dominum.
698 5404 823 5460 Mss.
841 5405 1076 5476 Anglic.,
1091 5404 1301 5476 Norm.,
1325 5406 1576 5471 Vindoc.,
1590 5407 1811 5474 melius,

247 5477 423 5548 audire
446 5473 760 5540 Dominum,
789 5473 951 5547 quod‘
973 5478 1248 5547 superiora
1286 5473 1341 5535 et
1369 5478 1646 5548 sequentia
1671 5473 1817 5533 clare

247 5547 631 5603 demonstrant.

313 5617 340 5657 δ
370 5617 639 5691 Laudun.,
670 5617 1045 5691 deambulantis
1073 5620 1126 5674 in
1148 5619 1464 5691 paradisum.

317 5699 339 5727 ε
373 5688 543 5754 Idem,
571 5703 624 5742 se
645 5697 692 5741 et
713 5689 866 5744 corde
888 5691 1126 5745 hominis.

317 5755 344 5796 ει
374 5756 598 5824 Pratel.,
631 5759 774 5814 nobis
803 5760 857 5814 in
887 5770 1042 5816 terra.

324 5838 347 5899 ξ
378 5831 405 5885 1
440 5829 633 5893 Laud.,
665 5830 883 5899 oﬂicium
907 5833 1324 5887 ministrandum.

324 5897 342 5938 ί
373 5900 427 5956 1η
456 5900 586 5957 Cod.
620 5897 786 5957 haud.
822 5901 970 5960 deest
999 5920 1086 5972 per
1116 5902 1346 5972 anqelos.

1921 4776 2140 4819 censum
2168 4761 2356 4817 rubum
2384 4759 2601 4832 Moysen
2631 4759 3088 4830 alloquens,,quid
3118 4761 3260 4816 aliud
3308 4770 3491 4818 osten-

1920 4854 2022 4923 dit,
2053 4853 2154 4909 nisi
2185 4852 2326 4924 quod
2355 4851 2474 4922 ejus
2496 4851 2673 4922 populi
2704 4850 2720 4890 ί
2748 4852 2940 4908 ductor
2967 4851 3120 4909 ﬁeret
3148 4854 3238 4926 qui
3274 4863 3328 4910 et
3360 4854 3494 4926 legis

1920 4949 2190 5004 ﬂammam
2219 4946 2533 5015 perciperet,
2554 4952 2609 5001 et
2633 4955 2811 5002 tamen
2834 4945 3039 5016 peccati
3059 4946 3268 5016 spinam
3302 4961 3474 5018 nequa

1921 5056 2080 5113 quam
2109 5041 2328 5106 vitaret;
2357 5038 2440 5095 vel
2465 5037 2607 5109 quod
2633 5054 2698 5094 ex
2728 5039 2822 5095 illo
2858 5039 3060 5110 popqu
3099 5040 3272 5096 exiret
3311 5039 3402 5110 qui
3436 5040 3491 5095 in

1921 5133 2041 5203 igne
2068 5129 2292 5187 Deitatis
2326 5129 2342 5180 i
2377 5129 2554 5185 carnis
2585 5139 2783 5185 nostra;
2811 5139 3026 5200 peccata
3053 5132 3207 5201 quasi
3229 5131 3347 5185 rubi
3376 5132 3493 5200 spi-

1922 5237 2018 5280 nas
2043 5223 2361 5294 susciperet,
2386 5229 2438 5278 et
2459 5221 2888 5293 inconsumptam
2921 5221 3277 5278 humanitatis
3303 5232 3495 5278 nostrae

1923 5408 1954 5463 ὁ
1997 5345 2022 5384 8
2053 5335 2223 5403 Idem,
2252 5333 2377 5388 bene
2407 5333 2733 5425 complacuit.
2751 5334 2810 5391 In
2830 5335 2989 5395 Corb.
3020 5335 3202 5392 Germ.
3232 5335 3490 5392 omittitur

1954 5423 2064 5461 ene.

1954 5423 2064 5461 ene.
2437 5411 2445 5425 ⁸

1995 5473 2024 5515 ι
2059 5476 2115 5533 1η
2146 5476 2336 5535 eodem
2363 5476 2530 5533 Laud.
2559 5476 2823 5532 omittitur
2846 5493 2935 5546 per
2962 5473 3193 5546 angelos.

2003 5546 2022 5586 ί
2057 5548 2220 5604 Corb.
2253 5547 2462 5611 Germ.,
2491 5547 2688 5601 Pratel.
2711 5557 2766 5601 et
2797 5547 2961 5611 Utic.,
2992 5547 3189 5601 doctor.

1999 5617 2015 5667 ι
2060 5618 2177 5674 Vet.
2207 5619 2347 5674 Edit.
2381 5618 2552 5688 Paris.
2582 5625 2636 5688 et
2667 5618 2853 5685 Basil.,
2884 5620 3106 5688 aliisque
3134 5619 3490 5686 recentiores,

1927 5689 2096 5744 carnis
2121 5700 2308 5744 nostrae
2329 5687 2551 5758 dolores.
2582 5687 2830 5758 Legimus
2858 5689 2910 5743 in
2937 5687 3066 5758 Mss.
3099 5688 3325 5752 Turon.,
3353 5690 3490 5746 Nor-

1923 5777 2094 5886 gialin,
2127 5760 2394 5830 Laudun.,
2416 5757 2877 5829 Vindoc.,Corb.,
2906 5757 3114 5829 Germ.,
3132 5773 3357 5830 peccata,
3383 5777 3488 5820 non

1962 5848 1990 5886 ο
2016 5848 2147 5886 ονεε.

1962 5848 2147 5887 οιονεε.
