4004 6350
70 0 81 41 ε

68 56 83 237 ἐ

583 326 682 398 ιω
1402 356 1405 361 ε
1791 342 2035 413 SANCTI
2076 343 2406 407 cannon"
2448 347 2660 406 MAGNI
3392 364 3401 371 ‘
3698 376 3781 437 tu

578 452 935 517 iumentum
974 453 1137 523 etiam
1186 451 1243 535 ip
1291 451 1407 524 ipsa
1454 452 1748 528 divinitatis
1792 455 2009 535 ﬂamma
2037 475 2159 517 ser-

576 544 767 613 vateti

645 657 789 731 [γει.
847 656 975 729 η]
1018 658 1072 713 9.
1124 658 1379 727 lnspirati
1416 661 1721 730 quandoque
1764 664 2022 733 praphette
2069 683 2159 735 per

573 752 801 821 angelos.
846 780 915 794 --
960 749 1355 821 Nonnunquam
1411 766 1542 807 vero
1599 754 1850 809 humanis
1903 756 2158 814 cordibus

408 840 423 847 “
520 857 526 863 ’
578 843 737 896 etiam
770 856 864 911 per
885 840 1104 909 angelos
1127 841 1268 899 Deus
1289 849 1499 896 secreta
1519 856 1706 897 eorum
1740 846 2027 910 praesentia
2048 847 2157 900 vir-

577 942 745 991 tutem
773 946 886 988 suae
915 933 1257 1003 aspirationis
1301 934 1558 989 infundit.
1589 934 1743 993 Unde
1782 945 1839 993 et
1868 937 2163 994 Zacharias

570 1026 643 1079 ait
670 1042 683 1078 :
715 1023 781 1077 Et
829 1025 958 1079 dixit
997 1026 1065 1079 ad
1106 1040 1185 1077 me
1226 1025 1440 1095 angelus
1487 1028 1573 1095 qui
1620 1027 1920 1095 loquebatur
1968 1030 2022 1083 in
2067 1045 2147 1084 nte

570 1115 755 1188 (Zach.
794 1132 843 1183 ι,
880 1114 991 1185 ll).
1020 1117 1151 1170 Dum
1196 1118 1262 1173 ad
1309 1116 1368 1171 Se
1398 1118 1612 1186 quidem
1656 1119 1749 1173 sed
1799 1119 1853 1174 in
1892 1136 1953 1175 se
1985 1120 2162 1185 tamen

570 1208 712 1279 loqui
743 1207 991 1278 angelum
1021 1208 1186 1275 dicit,
1224 1208 1427 1279 liquido
1448 1211 1687 1265 ostendit
1719 1213 1862 1281 quod
1897 1213 1943 1267 is
1970 1215 2061 1283 qui
2087 1214 2155 1269 ad

576 1301 745 1372 893
773 1301 946 1369 ipsum
988 1298 1149 1356 verba
1194 1300 1392 1356 faceret
1430 1317 1527 1371 per
1564 1318 1879 1370 corpoream
1925 1306 2162 1375 speciem

581 1394 730 1463 extra
782 1404 889 1445 non
929 1398 1093 1449 esset.
1122 1389 1280 1446 Unde
1322 1400 1376 1446 et
1424 1392 1582 1460 paulo
1627 1401 1747 1457 post
1786 1393 2065 1451 subdidit:
2093 1396 2163 1450 Et

580 1495 694 1545 ecce
722 1480 935 1549 angelus
952 1480 1040 1550 qui
1059 1481 1359 1550 loquebatur
1387 1482 1441 1535 in
1472 1499 1548 1536 me
1577 1484 1931 1553 egrediebatur
1956 1485 2155 1557 (lbid.,

582 1585 642 1635 ιι,
669 1568 745 1640 5).
776 1568 933 1639 Saepe
972 1568 1114 1635 enim
1148 1584 1254 1627 non
1299 1571 1537 1629 exterius
1572 1583 1864 1641 apparent,
1896 1574 1995 1631 sed
2022 1578 2181 1643 sicut,

572 1669 702 1727 sunt
742 1661 970 1731 angelici
1004 1662 1224 1731 spiritus
1261 1661 1589 1721 voluntatem
1637 1664 1731 1719 Dei
1778 1666 2160 1734 prophetarum

569 1753 816 1810 sensibus
844 1754 1208 1821 innotescunt,
1238 1763 1261 1791 δ
1304 1763 1465 1823 atque
1493 1768 1587 1815 eos
1615 1756 1681 1821 ad
1705 1757 1955 1815 sublimia
1975 1760 2157 1819 suble-

570 1855 717 1916 vant,
746 1856 802 1902 et
831 1862 1054 1917 quaeque
1086 1848 1142 1902 in
1172 1848 1332 1903 rebus
1359 1848 1534 1903 futura
1563 1858 1688 1908 sunt
1716 1850 1769 1904 in
1796 1853 1974 1908 causis
1997 1853 2161 1923 origi-

573 1938 786 1996 nalibus
830 1938 1115 2011 praesentia
1163 1938 1560 1999 demonstrant.
1595 1939 1895 2003 Humanum
1928 1957 2157 2013 namque

567 2046 663 2087 cor
700 2030 818 2100 ipso
847 2032 1025 2089 carnis
1055 2030 1422 2100 corruptibilis
1458 2030 1691 2099 pondere
1715 2042 1995 2101 gravatum
2018 2034 2157 2113 hanc

569 2121 739 2192 ipsam
768 2119 797 2175 li
826 2122 1218 2192 corpulentiam
1248 2136 1399 2181 suam
1432 2124 1584 2192 quasi
1614 2124 1824 2189 obicem
1854 2128 2151 2199 sustinens,

568 2216 776 2272 interna
823 2230 929 2271 non
974 2224 1253 2286 penetrat,
1290 2228 1343 2279 et
1370 2232 1533 2287 grave
1560 2221 1801 2277 exterius
1826 2222 2002 2290 jacet,
2032 2225 2157 2294 quia

564 2306 833 2363 levantem
862 2318 1078 2379 manum
1111 2296 1339 2374 interius
1369 2325 1475 2367 non
1501 2309 1682 2371 habet.
1722 2312 1877 2368 Unde
1899 2313 1977 2379 iit,
2007 2316 2150 2370 sicut

566 2396 769 2453 dictum
795 2405 896 2464 est,
927 2408 983 2455 ut
1007 2399 1387 2467 prophetarum
1410 2400 1658 2457 sensibus
1686 2403 1803 2471 ipsa
1828 2411 1889 2458 ut
1915 2415 1998 2459 est
2021 2405 2153 2461 sub-

568 2484 730 2540 tilitas
758 2487 1011 2556 angelica:
1045 2488 1260 2545 virtutis
1305 2498 1602 2558 appareat,
1654 2506 1949 2563 eorumque
2001 2478 2154 2557 mens

565 2592 672 2647 quo
699 2578 1101 2649 subtilirspiritp
1132 2581 1391 2651 tangitur,
1426 2582 1663 2647 levetur;
1697 2597 1750 2641 et
1780 2599 1883 2639 non
1920 2586 2032 2655 jam
2068 2592 2155 2656 ρε-

566 2684 658 2739 gra
710 2678 1032 2742 torpensque
1075 2673 1129 2729 iu
1181 2672 1303 2750 imis
1341 2672 1550 2743 jaceat,
1585 2675 1682 2737 sed
1716 2677 1920 2746 repleta
1952 2680 2156 2737 intimis

569 2764 862 2839 amantius,
892 2765 960 2822 ad
984 2781 1217 2835 superna
1246 2766 1576 2829 conscendat
1598 2808 1613 2835 ,
1648 2778 1807 2838 atque
1833 2768 1960 2833 inde
2003 2772 2156 2839 quasi

568 2856 637 2913 de
665 2857 894 2927 quodam
925 2872 1104 2921 rerum
1137 2859 1357 2929 vertice,
1387 2874 1504 2929 qua:
1530 2858 1667 2914 intra
1700 2875 1759 2916 se
1788 2869 2011 2923 ventura
2032 2874 2158 2921 sunt

568 2946 766 3011 videat.
792 2947 897 3006 Sed
929 2963 996 3023 ne
1015 2949 1135 3019 quis
1163 2949 1220 3004 in
1250 2949 1521 3014 praedictis
1545 2950 1818 3031 Zacharias
1848 2956 2029 3017 verbis
2056 2972 2158 3013 an-

502 3096 506 3107 ,
567 3042 676 3113 geli
702 3045 1038 3114 designatum
1060 3045 1278 3103 nomine
1304 3046 1388 3101 vel
1417 3046 1663 3113 Patrem,
1695 3048 1783 3104 vel
1809 3048 2045 3119 Filium,
2074 3044 2157 3104 vel

568 3135 828 3205 Spiritum
876 3143 1121 3199 sanctum
1151 3144 1318 3206 putet,
1346 3137 1390 3192 si
1423 3145 1628 3211 teritum
1662 3136 1956 3208 Scripturze
1986 3154 2157 3195 sacrae

566 3232 892 3309 considerat,
924 3234 1064 3305 quod
1094 3235 1263 3291 sentit
1281 3236 1535 3292 velociter
1560 3239 1836 3307 emendat,
1865 3254 1986 3310 quas
2016 3255 2155 3294 nun-
2182 3214 2232 3305 β

569 3338 726 3393 quam
756 3323 998 3393 Patrem,
1027 3342 1299 3396 nunquam
1347 3328 1603 3396 Spiritum
1652 3340 1900 3386 sanctum
1920 3373 1935 3399 ,
1965 3339 2021 3386 et
2047 3347 2155 3387 non

569 3416 717 3479 nisi?
743 3431 839 3485 per
881 3417 1267 3489 incarnationis
1313 3430 1425 3499 sum
1471 3406 1908 3490 praedicationem
1958 3424 2153 3480 Filium

568 3510 816 3579 angelum
848 3518 1025 3566 vocat.
1060 3510 1217 3567 Unde
1236 3514 1365 3567 etin
1397 3511 1639 3581 ejusdem
1670 3512 1947 3569 Zachariae
1975 3516 2156 3572 verbis

568 3612 751 3670 aperte
791 3604 1092 3659 ostenditur
1119 3605 1262 3675 quod
1294 3606 1346 3660 in
1380 3606 1471 3661 illo
1499 3621 1626 3662 vere
1670 3609 1920 3677 angelus,
1968 3609 2020 3664 id
2064 3620 2148 3665 est

572 3705 843 3761 creatura,
880 3696 1208 3766 loqueretur,
1253 3712 1373 3752 cum
1422 3698 1656 3754 dicitur:
1691 3699 1758 3754 Et
1787 3717 1900 3755 ecce
1936 3704 2148 3774 angelus

568 3787 654 3856 qui
684 3788 983 3857 loquebatur
1008 3789 1061 3842 in
1088 3805 1183 3855 me,
1217 3790 1570 3860 egrediebatur
1601 3792 1788 3863 (Zach.
1817 3811 1890 3862 ιι,
1918 3794 1999 3867 5).
2026 3798 2138 3853 Sta-

567 3876 771 3945 timque
795 3878 1134 3949 subjungitur
1165 3895 1183 3937 :
1213 3878 1282 3941 Et
1312 3881 1448 3935 alius
1478 3883 1694 3950 angelus
1726 3886 2081 3953 egrediebatur
2104 3889 2159 3942 in

569 3983 836 4022 occursum
868 3972 1013 4038 ejus,
1048 3980 1095 4024 et
1131 3970 1261 4025 dixit
1300 3971 1367 4026 ad
1392 3986 1547 4027 eum:
1573 3972 1809 4043 Loquere
1840 3978 1908 4030 ad
1939 3994 2157 4046 puerum

568 4058 758 4131 istum,
803 4059 981 4115 dicens
1016 4073 1037 4114 :
1066 4059 1270 4130 Absque
1315 4077 1460 4116 muro
1503 4061 1815 4120 habitabitur
1866 4066 2156 4123 Jerusalem

569 4147 842 4217 (Ibid.,~tt,
875 4148 953 4219 ὃ).
986 4150 1100 4205 Non
1131 4159 1214 4206 est
1242 4151 1419 4221 itaque
1451 4154 1590 4210 Deus
1619 4156 1840 4225 angelus
1867 4159 1956 4227 qui
1990 4162 2157 4214 mitti-

569 4249 678 4303 tur,
707 4238 792 4293 cui
823 4240 984 4297 verba
1014 4240 1081 4305 ab
1110 4234 1317 4310 angelo‘
1344 4258 1461 4312 quae
1502 4243 1682 4301 dicere
1734 4245 1926 4301 debeat
1964 4248 2155 4318 juben-

570 4339 678 4383 tur.
706 4329 810 4407 Sed
841 4330 963 4399 quia
991 4330 1044 4384 in
1073 4342 1367 4401 conspectu
1396 4335 1692 4405 conditoris
1720 4338 1963 4409 angelica
1996 4342 2142 4397 mini-

568 4419 727 4491 steria
777 4422 1023 4495 ordinata
1073 4424 1331 4493 graduum
1370 4425 1680 4501 positione‘1
1711 4418 1960 4485 dietincta
1993 4444 2152 4501 sunt,

569 4520 627 4581 ut
655 4519 709 4565 et
745 4527 842 4581 pro
888 4514 1161 4585 communi
1213 4514 1465 4587 felicitate
1512 4517 1859 4585 beatitudinis
1907 4522 2152 4597 opiﬁcem

567 4619 722 4660 suum
752 4606 907 4687 simul
935 4606 1180 4662 videntes
1206 4608 1509 4678 gaudeant,
1544 4620 1598 4664 et
1628 4621 1806 4666 tamen
1847 4628 1943 4683 pro
1973 4614 2155 4689 dispo-

567 4696 762 4769 sitione
782 4684 1063 4778 dignitatis
1094 4700 1215 4777 aliis
1244 4700 1335 4755 alii
1370 4703 1799 4773 subministrent,
1824 4706 1890 4760 ad
1918 4684 2152 4778 prophe-

567 4796 675 4857 tam
705 4774 925 4865 angel’us
954 4774 1201 4862 angelum
1241 4794 1433 4863 mittit,
1467 4804 1521 4849 et
1546 4811 1704 4866 quem
1736 4774 2152 4865 secum—de‘Deo

566 4881 802 4953 gaudere
846 4885 1201 4957 communiter
1230 4887 1530 4957 conspicit,
1563 4897 1617 4942 et
1646 4888 1823 4954 docet,
1856 4898 1908 4945 et
1937 4891 2149 4967 dirigit,

566 4972 693 5042 quia
717 4986 840 5026 cum
870 4982 925 5047 et
957 4988 1048 5045 per
1075 4976 1410 5046 superiorem
1442 4976 1717 5033 scientiam
1741 4976 1939 5053 virtute
1967 4982 2151 5065 cogni-

568 5073 761 5141 tionis,
800 5083 856 5137 et
876 5090 977 5153 per
1005 5080 1433 5145 praestantiorem
1462 5079 1686 5149 gratiam
1725 5081 1961 5139 culmine
1992 5092 2143 5155 pote-

567 5179 723 5234 statis
751 5180 983 5235 excedit.

642 5291 729 5347 10.
773 5292 1045 5359 Quomodo
1075 5291 1213 5348 Deus
1243 5292 1343 5347 Job
1370 5296 1714 5365 responderit.
1740 5327 1809 5339 —
1835 5297 1959 5354 Haec
1991 5301 2155 5370 igitur

568 5386 707 5442 dicta
743 5395 865 5441 sunt
896 5396 953 5441 ut
981 5386 1173 5471 quibus
1203 5387 1373 5471 modis
1403 5390 1650 5469 loquatur
1675 5389 1816 5483 Deus
1840 5391 2152 5485 hotiiiqibus

642 5534 671 5565 ι
699 5527 868 5584 Laud.
899 5540 954 5585 et
973 5527 1137 5585 Corb.
1164 5528 1376 5594 Germ.,
1408 5538 1559 5598 atque
1586 5547 1669 5585 eos
1691 5532 1764 5585 ita
1793 5522 1860 5584 ad
1894 5533 2153 5588 sublimia.

644 5598 1371 5669 b‘Lortgip.',lr.-‘orruptionem
1400 5608 1569 5655 suam.
1630 5608 1633 5615 ‘
1744 5604 1751 5631 '
1806 5616 1813 5633 ι

647 5668 936 5767 ejiu‘duc.
968 5680 1022 5725 et
1048 5668 1212 5727 Corb;
1256 5672 1460 5735 Germ,
1495 5686 1586 5742 pro
1635 5674 2003 5763 incarnationis
2054 5692 2155 5729 sure

530 5738 531 5741 “
573 5740 968 5811 prtedicatione.

650 5808 677 5845 ά
710 5809 907 5867 Laud..
941 5811 1192 5865 destinata
1221 5820 1277 5865 et
1302 5811 1563 5867 distincta.

2191 463 2243 529 Α
2267 459 2747 529 demonstraretur.
2800 462 2934 520 Cum
2987 479 3118 537 vero
3156 465 3313 541 beato
3352 470 3449 551 Job
3491 486 3781 552 respondisse

2270 553 2523 625 Dominus
2550 556 2618 625 de
2649 558 2859 615 turbine
2887 558 3102 627 dicitur,
3131 571 3304 637 utrum
3334 580 3427 637 per
3452 576 3775 651 semetipsum,

2269 658 2336 699 an
2366 646 2413 700 ei
2448 662 2543 715 per
2572 649 2821 721 angelum
2852 651 2924 715 sit
2962 651 3170 727 locutus
3198 654 3493 731 ambigitur.
3533 646 3777 728 Potueruni

2267 741 2463 811 quippe
2494 758 2590 812 per
2617 745 2868 815 angelum
2903 749 3291 819 commotiones
3320 752 3456 825 aeris
3477 755 3604 829 fieri,
3628 742 3674 817 et
3692 764 3779 822 haec

2264 834 2313 897 ei
2343 851 2464 903 quin
2493 836 2776 906 subjuncta
2805 846 2930 895 sunt
2962 854 3058 910 per
3084 855 3208 913 eum
3236 843 3395 915 verba
3418 849 3657 919 mandari.
3680 852 3781 921 βυτ.

2265 943 2488 998 sumque
2518 930 2691 999 potuit
2711 940 2765 995 et
2787 934 3027 995 exterius
3049 934 3273 1004 angelus
3297 945 3319 995 9
3345 922 3397 993 in
3425 940 3624 1005 turbine
3639 959 3784 1004 aerem

2263 1030 2537 1095 excutere,
2562 1033 2615 1103 et
2640 1034 2815 1091 tamen
2846 1026 3075 1099 interius
3090 1044 3187 1098 per
3210 1032 3544 1105 semetipsum
3569 1037 3785 1101 Dominus

2264 1113 2369 1175 vim
2400 1126 2511 1169 suae
2541 1114 2825 1181 sententiis
2852 1117 3001 1189 cordi
3040 1118 3157 1195 ejus
3192 1118 3309 1191 sine
3339 1125 3508 1193 verbis
3534 1124 3782 1198 insonare,

2266 1210 2325 1257 ut
2343 1203 2597 1275 credatur
2622 1205 2933 1279 quod‘dicta
2964 1209 3234 1281 dominica
3256 1227 3374 1283 quae
3400 1226 3671 1289 sequuntur
3692 1220 3784 1289 ipse

2260 1295 2368 1364 jam
2400 1311 2494 1365 per
2523 1299 2683 1355 verba
2716 1300 2962 1369 protulit,
2987 1302 3079 1371 qui
3097 1344 3113 1369 ,
3140 1304 3378 1374 repletus
3406 1306 3512 1363 Deo
3531 1347 3546 1373 ,
3572 1308 3672 1379 hinc
3696 1313 3786 1368 sine

2262 1386 2445 1455 NQrbis
2492 1387 2714 1455 audivit.
2773 1388 2920 1462 [νει.
2976 1389 3119 1459 γιι,
3164 1392 3286 1461 ltec.
3337 1393 3479 1469 ιη]
3521 1382 3684 1465 mu,
3717 1399 3785 1471 (ιλ-

2262 1477 2405 1541 citur
2437 1496 2450 1532 :
2576 1532 2585 1541 ,
2610 1490 2621 1499 ‘

2887 1570 3113 1641 CAPUT
3152 1573 3217 1631 ll.

2336 1680 2497 1737 Vens.
2528 1682 2584 1737 2.
2601 1712 2672 1725 -—
2692 1684 2822 1750 Quis
2848 1694 2925 1740 est
2951 1687 3049 1741 iste
3073 1687 3330 1744 involvens
3352 1692 3613 1747 sententias
3632 1707 3786 1746 seruio

2264 1775 2412 1828 nibus
2439 1777 2692 1845 imperitis
2709 1778 2735 1831 Ρ

2188 1833 2237 1925 β
2337 1886 2422 1941 Η.
2472 1885 2624 1942 Recte
2649 1855 2922 1943 sentientes
2950 1898 3001 1943 at
3032 1889 3251 1959 superbe
3278 1893 3532 1961 loquentes
3556 1894 3788 1964 reproban-

2262 1986 2364 2032 tur.
2395 1974 2575 2033 Prima
2603 1981 2774 2051 angeli
2810 1980 3034 2035 stultitia
3064 1976 3218 2037 elatio
3250 1976 3373 2055 fuit.
3400 1978 3469 2026 4
3493 1985 3636 2040 Sicut
3659 1994 3703 2041 et
3727 2000 3791 2039 su«

2262 2066 2457 2141 periori
2477 2082 2629 2141 parte
2645 2073 2757 2141 jam
2780 2073 3036 2138 diximus,
3058 2071 3227 2144 prima
3250 2060 3588 2142 erprobratio
3602 2074 3681 2131 est
3702 2076 3793 2131 talis

2261 2152 2644 2233 interrogatio,
2679 2178 2781 2233 qua
2822 2163 3021 2219 dicitur
3048 2170 3067 2219 :‘
3094 2166 3257 2236 897
3297 2160 3427 2234 Quis
3452 2177 3522 2221 est
3550 2166 3673 2220 iste?
3698 2164 3793 2221 Elin

2261 2250 2400 2329 enim
2430 2264 2743 2324 arroganter
2767 2254 2981 2311 locutus
3010 2254 3202 2311 fuerat.
3222 2250 3436 2333 Et‘quis
3467 2244 3545 2313 est
3574 2257 3795 2313 iste‘tnon

2261 2340 2483 2402 dicimus
2517 2344 2617 2403 nisi
2644 2349 2713 2402 de
2740 2363 2805 2403 eo
2834 2349 3015 2417 utique
3034 2348 3035 2351 “
3056 2346 3213 2417 quem
3244 2347 3533 2406 nescimus.
3558 2350 3692 2404 Scire
3715 2364 3792 2403 au-

2263 2448 2366 2494 tem
2411 2438 2501 2493 Dei
2552 2440 2855 2510 apprdbare
2899 2438 3018 2507 est,
3074 2440 3287 2517 nescire
3336 2440 3631 2512 reprObare.
3677 2438 3796 2497 Unde

2264 2528 2582 2601 quibusdam
2615 2547 2749 2601 quos
2778 2532 3030 2602 reprobat
3056 2526 3223 2589 dicit:
3264 2526 3457 2589 Nescio
3492 2520 3575 2589 vos
3603 2533 3722 2587 unde
3743 2527 3797 2607 si-

2263 2626 2358 2691 tis;
2389 2608 2686 2680 disc'editea
2723 2642 2830 2692 me,
2858 2622 3039 2679 ‘omnes
3066 2624 3084 2664 ί
3113 2628 3340 2707 aperarii
3370 2624 3639 2697 iniquitatis
3672 2624 3794 2705 (Luc.

2276 2712 2394 2786 ιιὶι,
2425 2717 2514 2783 25,
2537 2719 2653 2789 27).
2676 2720 2811 2786 Quid
2839 2728 2923 2775 est
2946 2734 3074 2789 ergo
3099 2718 3165 2774 de
3186 2704 3303 2775 hoc
3320 2704 3612 2789 barrog'ante
3649 2717 3796 2786 requi-

2267 2808 2387 2867 rere
2418 2808 2546 2878 Quis
2565 2806 2643 2866 est
2660 2814 2789 2866 iste?
2819 2812 2915 2867 nisi
2947 2820 3131 2881 aperte
3159 2812 3375 2867 dicere:
3402 2810 3509 2882 Ego
3533 2802 3799 2879 arrogantes

2266 2898 2507 2966 nescio,"
2528 2900 2578 2957 id
2628 2912 2709 2958 est
2750 2898 2933 2957 eorum
2966 2888 3128 2956 vitam
3162 2902 3215 2957 in
3248 2898 3524 2973 sapientia)
3550 2892 3672 2957 meai
3697 2906 3796 2955 arce

2268 3011 2374 3050 non
2404 2986 2832 3063 a'pprObo'l'Quia
2864 2994 2988 3049 dum
3019 2990 3543 3051 laudibushumanis
3565 2984 3796 3057 inflantur,

2266 3100 2294 3140 a
2327 3090 2450 3141 vera
2482 3086 2647 3155 gloria
2688 3068 2907 3141 aeterna:
2934 3070 3302 3142 retributiOnis
3335 3076 3653 3141 inanescunt.
3676 3079 3723 3136 hi
3748 3095 3799 3136 eo

2270 3160 2401 3231 vello
2428 3176 2566 3246 quod
2598 3174 3045 3247 ait,'Se'ntentias,
3074 3184 3125 3233 et
3149 3180 3252 3233 non
3278 3179 3483 3234 addidit
3510 3176 3695 3247 quales,
3722 3175 3797 3228 bo-

2274 3284 2371 3321 nas
2402 3268 2582 3335 utique
2609 3262 2920 3337 accipimus,
2954 3268 3085 3338 quas
3113 3268 3330 3337 quidem
3364 3268 3615 3338 imperitis
3639 3260 3799 3320 asserit

2265 3358 2605 3415 sermonibus
2651 3359 2950 3426 involutas,
3002 3361 3125 3431 quia
3175 3362 3298 3416 cum
3353 3362 3527 3416 verbis
3569 3358 3797 3428 jactantire

2264 3438 2470 3507 fuerant
2501 3455 2740 3521 prolatae.
2769 3452 3054 3523 Imperitire
3085 3455 3279 3524 quippe
3315 3446 3503 3509 vitium
3532 3461 3610 3509 est
3630 3446 3801 3506 rectum

2259 3560 2363 3599 non
2392 3555 2536 3599 recte
2562 3559 2772 3613 sapere,
2807 3544 2858 3600 id
2891 3554 2974 3601 est
3001 3544 3259 3602 cmleste‘
3282 3534 3481 3602 donum
3527 3542 3589 3600 ad
3629 3539 3801 3613 appeti-

2261 3645 2369 3691 tum
2402 3646 2630 3691 terrena:
2660 3630 3143 3694 laudisinclinare.
3175 3639 3329 3694 Sicut
3360 3634 3500 3695 enim
3529 3642 3661 3705 stupe
3688 3648 3813 3688 con-~

2262 3727 2416 3796 tingit
2445 3734 2504 3781 ut
2532 3735 2585 3781 et
2615 3729 2754 3783 bona
2789 3730 2928 3784 male
2954 3738 3009 3785 et
3041 3731 3178 3785 mala
3212 3730 3352 3787 bene
3386 3732 3719 3817 proferantur,
3740 3723 3795 3779 ita

2262 3818 2385 3874 Elin
2416 3835 2673 3891 arrogans
2702 3832 2841 3875 recta
2875 3824 2977 3875 non
3012 3831 3157 3877 recte
3185 3802 3579 3892 pratulitrquia
3606 3815 3798 3873 humiles

2260 3912 2311 3965 in
2361 3898 2455 3965 Dei
2497 3912 2805 3966 defensione
2855 3914 3152 3969 sententias
3200 3930 3307 3970 non
3351 3912 3625 3970 humiliter
3668 3905 3796 3963 dixit.

2258 4001 2410 4057 Unde
2434 4013 2488 4057 et
2515 4018 2701 4058 eorum
2732 4006 2818 4071 qui
2852 4006 2989 4061 intra
3022 3986 3341 4061 catholicam
3380 3996 3803 4061 Ecclesiam'inani

2257 4094 2442 4163 gloria:
2469 4095 2703 4161 student,
2731 4111 2834 4151 non
2868 4100 3133 4153 immerito
3161 4107 3343 4169 typum
3381 4100 3524 4155 tenet
3552 4112 3567 4151 :
3596 4093 3799 4165 quidam

2261 4197 2322 4238 se
2373 4198 2481 4252 pra:
2521 4188 2731 4253 caeteris
2773 4184 2976 4256 peritos
3015 4186 3278 4257 credunt,
3329 4189 3512 4243 ‘divino
3547 4183 3731 4255 judicio
3755 4178 3806 4231 de

2266 4276 2525 4345 imperitia
2564 4270 2974 4347 redarguuntur,
2999 4278 3119 4347 quia
3148 4281 3291 4336 sicut
3324 4279 3609 4350 Apostolus
3640 4276 3737 4329 ait:
3760 4268 3806 4324 Si

2257 4368 2372 4437 quis
2400 4383 2454 4419 se
2483 4366 2736 4421 existimat
2763 4369 2893 4423 scire
2918 4369 3135 4439 aliquid,
3159 4374 3393 4426 nondum
3414 4368 3643 4442 cognovit
3662 4364 3803 4436 queui-

2222 4457 2539 4511 vadmodum
2588 4468 2816 4527 Oporteat
2864 4477 2977 4513 eum
3025 4462 3157 4515 scire
3205 4460 3261 4533 (Ι
3308 4461 3431 4517 Cor.
3466 4477 3573 4526 vm,
3601 4458 3671 4528 2).
3699 4455 3805 4523 Quia

2258 4548 2401 4601 enim
2448 4548 2619 4615 prima
2664 4547 2886 4603 stultitia
2920 4550 3103 4618 Angeli
3136 4550 3298 4606 elatio
3348 4551 3527 4606 cordis
3565 4550 3673 4617 fuit,
3702 4557 3805 4601 vera

2220 4637 2231 4681 ἰ
2261 4638 2526 4705 sapientia
2556 4637 2789 4705 efficitur
2818 4639 3051 4707 hominis
3084 4641 3354 4697 humilitas
3385 4659 3498 4698 sum
3526 4638 3804 4696 aestimatio-

2262 4727 2364 4784 uis.
2396 4730 2564 4795 Quam
2607 4732 2847 4801 quisquis
2877 4734 2956 4788 vel
2991 4748 3181 4805 magna
3226 4736 3484 4804 sapiendo
3512 4732 3732 4797 deserit.
3756 4745 3807 4784 εο

2260 4823 2377 4889 ipso
2424 4822 2772 4878 vehementer
2818 4824 3051 4893 desipit,
3100 4840 3206 4893 quo
3251 4827 3599 4895 semetipsum
3646 4822 3804 4878 nescit.

2265 4912 2418 4970 Unde
2448 4913 2568 4971 Elin
2595 4920 2650 4968 et
2674 4915 2965 4971 sententias
2998 4915 3215 4991 protulit
3242 4915 3603 4989 et’imperitis
3628 4923 3804 4969 sermo-

2273 5008 2426 5061 nibus
2450 5007 2734 5074 involutas,
2780 5008 2898 5075 quia
2949 5017 3004 5063 et
3046 5009 3112 5064 de
3142 5010 3249 5064 Deo
3276 5019 3483 5066 rectum
3508 5008 3645 5079 quod
3684 5004 3806 5059 dice-

2268 5105 2350 5153 ret
2379 5104 2703 5167 novcrat,et
2732 5107 2909 5153 tamen
2933 5099 3000 5153 de
3030 5100 3316 5170 semetipso
3340 5101 3486 5157 dicta
3512 5099 3649 5156 illius
3675 5094 3807 5151 elatio

2265 5190 2425 5244 stulta
2457 5198 2480 5235 8
2508 5189 2824 5247 inl'atuabat.
2858 5191 2968 5247 Hoc
2991 5193 3167 5263 itaque
3193 5193 3471 5265 despecto,
3494 5193 3559 5251 ad
3584 5188 3803 5248 erudien-

2266 5283 2393 5353 dum
2424 5280 2526 5355 Job
2556 5283 2719 5353 verba
2750 5291 3029 5357 vertuntur
3056 5302 3068 5355 ;
3682 5314 3689 5317 -

2338 5546 2359 5572 ε
2394 5536 2603 5590 Ebroic.
2638 5544 2694 5590 et
2720 5535 2791 5589 al.
2815 5535 3023 5602 Norm.,
3047 5536 3098 5589 in
3126 5536 3399 5591 turbinem.

2339 5603 2356 5641 τ
2403 5608 2597 5683 lintei.
2628 5604 2975 5683 et__V4indoc_._‘,
3008 5608 3097 5683 qui
3122 5604 3407 5683 operamini
3430 5606 3745 5683 iniquitateltn-

2338 5685 2362 5723 8
2396 5676 2602 5755 _Prat_e|.
2627 5718 2639 5742 ,
2677 5676 2816 5755 Utic.
2838 5721 2866 5755 ,_
2892 5668 3111 5755 Vindoc.
3144 5668 3203 5733 et‘
3220 5677 3385 5755 Oorb.
3420 5668 3636 5741 Geruli,
3668 5668 3803 5755 ριιιια-

2264 5750 2365 5801 bat.
2395 5747 2670 5816 Laudun.,
2704 5749 2949 5819 fatuebat.
3012 5758 3017 5761 '
3068 5754 3071 5761 '
3304 5750 3321 5775 ν
3498 5762 3507 5777 ~-
