4036 6348
615 459 724 516 4115

1785 460 2027 518 SANCTI
2071 462 2400 522 GREGORII
2438 466 2658 524 MAGNI
3730 476 3813 534 456

615 571 822 632 aditum
854 578 1068 645 pulsans
1089 615 1103 641 ,
1135 574 1258 643 quia
1288 587 1384 643 per
1413 573 1772 644 cognitionem
1806 577 2085 631 intromitti
2114 577 2179 631 ad
2211 582 2258 638 Α
2283 579 2616 650 designatur,
2645 595 2740 651 per
2764 579 2916 650 cujus
2941 581 3234 636 divinitatis
3266 583 3588 652 potentiam,
3616 592 3816 647 nutantia

619 666 878 723 interiora
911 680 1016 721 non
1047 665 1244 731 valuit,
1277 679 1371 735 per
1399 665 1793 721 confessionem
1837 675 1961 722 ante
1995 667 2186 747 januas

619 770 645 799 ⁸
676 760 891 816 humilis
923 759 1070 815 stetit
1097 776 1110 824 ;
1142 768 1195 813 et
1225 759 1371 826 quod
1415 759 1558 814 intus
1600 761 2054 829 comprehendere
2083 777 2189 816 non

621 855 820 926 potuit,
868 852 1002 909 foris
1039 853 1278 909 timendo
1325 853 1576 908 laudavit.
1621 851 1776 909 Unde
1819 870 1958 910 nunc
1983 869 2192 925 quoque

623 947 813 1002 beatus
839 945 941 1001 Job
972 953 1092 1014 post
1133 945 1606 1014 interrogationem
1648 945 1886 1000 verberis
1914 946 2192 1000 discutitur

619 1036 1037 1107 interrogatione
1062 1037 1336 1092 sermonis
1355 1076 1372 1103 ,
1402 1045 1460 1090 ut
1481 1052 1598 1106 quas
1625 1037 1730 1091 sint
1759 1053 1987 1107 superna
2011 1038 2192 1094 consi-

615 1128 768 1185 deret
796 1147 810 1196 ;
841 1146 959 1208 qua:
987 1131 1113 1187 dum
1145 1133 1367 1188 minime
1397 1133 1810 1202 comprehendit
1830 1177 1843 1202 ,
1877 1133 1940 1187 ad
1973 1133 2192 1189 semeti-

617 1235 771 1290 psum
799 1221 1021 1287 redeat,
1053 1235 1108 1279 et
1140 1240 1296 1293 quam
1325 1224 1394 1278 sit
1418 1223 1568 1293 juxta
1599 1224 1820 1278 nihilum
1853 1225 1904 1278 in
1930 1239 2192 1292 superno-

617 1331 734 1370 rum
764 1319 1164 1388 comparatione
1195 1327 1506 1388 cognoscat.
1537 1318 1733 1372 Audiat
1760 1319 1936 1387 itaque
1965 1334 1978 1370 :
2009 1316 2186 1371 Inter-

614 1409 803 1479 rogabo
832 1417 908 1475 te,
939 1422 986 1464 et
1028 1411 1276 1481 responde
1315 1410 1461 1463 mihi.
1497 1411 1572 1465 Ac
1599 1409 1646 1463 si
1674 1409 1910 1478 apertius
1939 1408 2145 1463 dicatur
2170 1426 2184 1462 :

625 1499 816 1556 Verbis
844 1502 980 1557 meis
1012 1501 1080 1556 ad
1111 1502 1363 1557 sublimia
1394 1501 1788 1557 consideranda
1823 1510 1876 1555 te
1905 1503 2108 1566 excito,
2141 1509 2195 1555 et

616 1591 742 1646 dum
771 1607 833 1648 ea
859 1608 980 1664 qua:
1007 1608 1172 1662 super
1202 1603 1251 1647 te
1282 1601 1406 1647 sunt
1449 1593 1654 1646 nescire
1701 1603 1751 1646 te
1793 1593 2081 1662 perspicis,
2129 1592 2195 1646 ti-

616 1681 886 1754 bimetipsi
917 1692 966 1738 te
996 1684 1259 1738 notiorem
1296 1683 1482 1737 reddo.
1531 1683 1682 1737 Tunc
1714 1682 1853 1737 enim
1900 1684 2028 1737 mihi
2072 1697 2194 1739 vere

624 1776 916 1844 respondes
936 1817 951 1843 ,
981 1777 1027 1832 si
1055 1792 1174 1847 qua:
1203 1777 1417 1846 ignoras
1451 1775 1721 1845 intelligis.
1751 1775 2004 1846 Sequitur
2034 1795 2049 1829 :

1070 1867 1298 1923 CAPUT
1337 1868 1380 1923 v
1423 1867 1570 1940 [Rea
1622 1868 1744 1939 VL]

2295 669 2622 725 infirmitatis
2651 682 2850 727 nostra:
2878 673 3039 728 corda
3069 673 3386 730 solidantur.
3415 675 3491 730 De
3519 690 3616 746 quo
3642 691 3690 733 et
3712 680 3818 736 Pau-

2293 759 2377 814 lus
2420 761 2537 815 ait:
2595 760 3013 818 Fundamentum
3058 765 3202 819 aliud
3245 781 3392 820 nemo
3439 776 3596 836 potest
3638 786 3818 842 ponere,

2290 861 2480 912 praeter
2520 853 2574 906 id
2618 854 2753 924 quod
2792 855 3012 926 positum
3049 867 3155 922 est,
3196 859 3330 927 quod
3357 868 3430 912 est
3460 858 3679 916 Christus
3701 861 3819 920 Jestts

2298 943 2373 1013 (Ι
2400 945 2516 999 Cor.
2555 961 2643 1014 tu,
2678 947 2808 1017 11).
2853 948 2969 1017 Ipse
3011 950 3207 1018 quippe
3245 949 3636 1008 fundamentum
3673 955 3820 1011 funda-

2295 1044 2597 1091 mentorum
2627 1046 2744 1105 est,
2796 1040 2918 1108 quia
2967 1048 3022 1094 et
3065 1040 3215 1111 origo
3258 1050 3342 1097 est
3381 1042 3749 1112 inchoantium,
3783 1059 3821 1103 et

2292 1128 2590 1181 constantia
2611 1129 2773 1199 900
2799 1130 3163 1186 robustorum.
3187 1131 3320 1200 Quia
3345 1133 3506 1203 igitur
3527 1135 3822 1193 fundamenta

2294 1226 2477 1272 nostra
2525 1228 2650 1273 sunt
2689 1221 2743 1273 hi
2785 1221 2872 1289 qui
2917 1222 3250 1291 iniquitatum
3290 1234 3589 1282 nostrarum
3629 1228 3822 1297 pondera

2299 1322 2684 1382 portaverunt,
2718 1328 2786 1370 ne
2813 1313 3000 1370 beatus
3027 1315 3128 1372 Job
3168 1317 3217 1371 in
3256 1318 3561 1388 superbiam
3597 1320 3659 1376 de
3692 1322 3823 1376 virtu-

2297 1413 2409 1460 tum
2450 1420 2665 1460 suarum
2709 1406 2950 1475 potentia
2992 1407 3321 1474 sublevetur,
3370 1411 3422 1465 in
3465 1411 3577 1481 ipsa
3615 1411 3825 1466 dominici

2295 1497 2466 1567 prima
2508 1507 2659 1564 parte
2698 1499 2970 1554 sermonis
3011 1499 3080 1554 de
3118 1509 3424 1556 sanctorum
3465 1503 3826 1572 praedicatorum

2294 1588 2808 1645 commemoratione
2838 1591 3140 1658 discutitur,
3173 1602 3231 1646 ut
3261 1602 3464 1662 quanto
3493 1595 3611 1650 illos
3638 1594 3827 1650 admira-

2299 1677 2434 1732 biles
2467 1679 2652 1734 venire
2680 1682 3052 1750 conspiceret,
3087 1691 3235 1738 tanto
3263 1684 3319 1737 in
3359 1699 3546 1740 eorum
3587 1701 3830 1750 compan-

2297 1769 2450 1824 tione
2469 1769 2538 1825 de
2565 1786 2623 1826 se
2654 1771 2817 1826 vilius
2838 1773 3153 1829 aestimaret.
3185 1774 3337 1837 Quod
3364 1773 3565 1829 idcirco
3589 1789 3618 1828 a
3645 1775 3828 1829 Domino

2291 1859 2401 1929 jam
2431 1863 2585 1931 quasi
2617 1863 2942 1943 praeteritum
2976 1863 3318 1931 describitur,
3355 1866 3479 1935 quia
3509 1865 3748 1937 quidquid
3771 1864 3830 1922 fo-

687 1957 850 2015 Vsus.
895 1961 1018 2016 4-6.
1059 1991 1129 2002 —-
1173 1961 1273 2015 Ubi
1313 1977 1426 2014 eras
1469 1963 1670 2031 quando
1711 1963 1957 2031 ponebam
1997 1964 2182 2031 funda-
2216 1959 2265 2021 Β
2301 1952 2375 2006 ris
2417 1953 2650 2007 [murum
2693 1960 2778 2008 θεῖ
2815 1954 2868 2008 in
2908 1968 3102 2023 Opere»
3145 1953 3288 2010 imus
3325 1954 3435 2025 iam
3475 1955 3666 2011 {aetum
3703 1958 3830 2011 95”“

611 2062 781 2104 menta
823 2053 1021 2108 terrm?
1065 2051 1248 2106 Indica
1292 2053 1459 2120 mihi,
1504 2054 1548 2105 si
1588 2053 1741 2106 habes
1781 2055 2188 2126 intelligentiam.

613 2143 744 2209 Quis
774 2147 943 2213 posuit
969 2162 1232 2199 mensuras
1259 2148 1371 2214 ejus
1390 2183 1404 2208 ,
1436 2145 1480 2197 si
1509 2149 1670 2207 nosti,
1715 2147 1792 2199 uel
1831 2149 1944 2216 quis
1985 2150 2190 2203 tetendit

609 2250 764 2305 super
813 2252 924 2291 eam
968 2236 1202 2291 lineam?
1252 2236 1423 2306 Super
1478 2254 1575 2307 quo
1616 2239 1753 2294 bases
1791 2241 1930 2295 illius
1959 2243 2190 2298 solidata:

608 2331 768 2384 sunt?

676 2423 763 2477 M.
809 2421 911 2478 Per
943 2425 1275 2494 fundamenta
1328 2425 1573 2481 Ecclesia:
1612 2426 1828 2498 intelligi
1859 2429 2037 2482 debent
2063 2445 2191 2492 apo-

608 2514 768 2580 stoli;
798 2531 887 2585 per
917 2517 1306 2585 fundamentum
1325 2561 1339 2586 ,
1370 2519 1509 2573 solus
1536 2518 1786 2573 Christus.
1817 2550 1886 2558 —
1912 2521 2047 2575 Ecce
2074 2537 2190 2576 om—

608 2605 694 2659 nia
725 2607 875 2675 quasi
900 2608 968 2662 de
999 2608 1183 2662 mundi
1213 2608 1422 2678 origine
1454 2613 1761 2665 narratione
1788 2610 2034 2666 historica
2062 2628 2192 2669 con-

607 2705 877 2752 text-itur.
924 2699 1164 2769 Repente
1215 2717 1342 2756 vero
1387 2702 1724 2771 subjungitur
1767 2703 1909 2771 quod
1963 2720 2067 2759 non
2121 2706 2188 2761 de

607 2789 790 2843 mundi
813 2832 828 2856 ,
862 2791 958 2846 sed
989 2791 1057 2847 de
1086 2793 1341 2849 Ecclesia:
1368 2795 1570 2849 dictum
1599 2795 1905 2851 conditione
1930 2795 2186 2853 videatur.

606 2876 738 2934 Nam
770 2879 964 2936 dicitur
996 2899 1008 2934 :

682 2973 784 3026 Aut
814 2975 924 3042 quis
953 2974 1144 3028 dimisit
1170 2975 1395 3046 lapidem
1424 2978 1720 3048 angularem
1751 2983 1905 3051 ejus?

673 3063 774 3120 Per
800 3064 903 3120 hoc
930 3065 1072 3122 enim
1104 3069 1247 3136 quod
1278 3083 1382 3121 non
1424 3068 1477 3122 in
1520 3069 1701 3124 mundi
1743 3072 1952 3140 origine
1991 3071 2186 3128 factum

606 3165 716 3223 est,
746 3167 800 3213 et.
828 3159 956 3213 illud
988 3160 1234 3228 superius
1263 3161 1585 3230 ostenditur,
1617 3165 1740 3233 quia
1769 3165 1837 3220 de
1867 3167 2049 3220 mundi
2077 3168 2186 3220 ori-

603 3249 723 3320 gine
752 3251 949 3306 dictum
981 3268 1084 3308 non
1113 3263 1213 3308 est.
1244 3253 1446 3308 Idcirco
1473 3270 1702 3322 namque
1725 3257 1884 3312 rebus
1915 3259 2086 3327 planis
2115 3273 2178 3314 ac

2301 2042 2788 2114 prmdestinatione.
2827 2045 3028 2099 Dicitur
3058 2046 3236 2114 itaque
3262 2046 3310 2100 ei
3339 2063 3355 2100 :
3387 2045 3484 2100 Ubi
3512 2063 3628 2101 eras
3665 2047 3832 2116 quando

2302 2134 2552 2202 ponebam
2581 2135 2919 2204 fundamenta
2946 2145 3092 2190 terra:
3112 2136 3137 2188 ?
3166 2137 3243 2191 Ac
3272 2138 3315 2191 si
3345 2146 3532 2206 aperte
3557 2137 3830 2192 diceretur:

2295 2227 2557 2283 Virtutem
2589 2227 2806 2283 fortium
2841 2229 3122 2285 considera
3142 2270 3158 2295 ,
3191 2245 3382 2301 meque
3409 2247 3597 2287 eorum
3626 2242 3737 2288 ante
3757 2245 3833 2288 ste-

2294 2319 2415 2372 cula
2443 2330 2717 2374 auctorem
2751 2335 2951 2390 pensa;
2979 2330 3183 2377 etcum
3230 2337 3324 2378 eos
3362 2338 3495 2393 quos
3540 2324 3594 2378 in
3631 2332 3834 2394 tempore

2292 2416 2509 2470 condidi
2543 2416 2816 2472 mirabiles
2844 2417 3073 2486 suspicis
3095 2461 3109 2487 ,
3141 2417 3412 2487 perpende
3439 2427 3696 2487 quantum
3733 2416 3836 2476 mihi

2293 2509 2449 2563 subdi
2478 2510 2675 2565 debeas
2698 2551 2713 2577 ,
2746 2524 2903 2580 quem
2935 2519 3207 2566 auctorem
3241 2510 3565 2566 mirabilium
3595 2512 3703 2566 sine
3729 2520 3836 2566 tem-

2273 2615 2422 2669 pore
2452 2617 2570 2658 esse
2596 2603 2893 2672 cognoscis.
2926 2601 3179 2672 Sequitur
3208 2619 3223 2658 :

2902 2693 3129 2750 CAPUT
3170 2693 3258 2748 VI.

2367 2788 2527 2845 Vens.
2568 2789 2637 2856 4,
2682 2789 2738 2844 5.
2781 2817 2847 2828 —
2888 2785 3073 2841 Indica
3104 2788 3267 2853 mihi,
3309 2789 3355 2843 si
3393 2790 3550 2846 habes
3589 2791 3836 2861 intelligen-

2291 2882 2413 2935 tiam
2431 2922 2445 2946 ,
2474 2883 2588 2950 quis
2617 2882 2784 2952 posuit
2813 2897 3078 2936 mensuras
3108 2897 3218 2952 ejus
3237 2922 3253 2949 ,
3284 2882 3330 2936 si
3357 2885 3527 2951 nosti,
3555 2885 3633 2940 uel
3658 2886 3757 2954 quis
3781 2893 3837 2939 te-

2290 2974 2450 3026 tendit
2474 2989 2628 3043 super
2655 2991 2766 3028 eam
2793 2974 2977 3028 lineam
3000 2977 3024 3028 ἱ)

2362 3063 2447 3119 15.
2491 3065 2623 3132 Eius
2650 3074 2780 3119 nutu
2819 3067 2981 3120 sancti
3022 3067 3385 3136 prazdicatores
3412 3068 3478 3121 ad
3511 3070 3751 3140 quasdam
3777 3081 3839 3121 or-

2289 3159 2362 3213 bis
2392 3168 2566 3229 psrtes
2596 3159 2769 3226 missi,
2801 3157 2862 3211 ab
2890 3158 3009 3212 aliis
3038 3159 3248 3229 repulsi.
3291 3189 3361 3200 —
3399 3159 3761 3216 Mensurarum
3794 3158 3838 3213 li-

2292 3264 2404 3304 neae
2426 3248 2479 3302 in
2505 3258 2770 3304 terrarum
2796 3249 3081 3318 partitione
3105 3250 3418 3318 tenduntur,
3440 3259 3501 3306 ut
3524 3251 3841 3307 dimensionis

605 3346 912 3415 patentibus
940 3347 1166 3402 obscura
1208 3348 1451 3418 quadam
1493 3365 1556 3405 ac
1597 3350 1811 3406 dissona
1854 3368 2184 3422 pel-misce“-
2289 3341 2514 3411 aequitas
2538 3357 2602 3395 ex
2633 3341 2743 3410 ipsa
2777 3341 3038 3396 linearum
3067 3344 3314 3398 tensione
3339 3352 3609 3399 teneatur.
3636 3346 3691 3400 In
3709 3356 3842 3398 came

608 3444 718 3504 tur,
750 3446 808 3492 ut
835 3454 931 3508 per
958 3438 1060 3494 hoc
1085 3439 1224 3510 quod
1255 3441 1323 3496 ab
1366 3442 1638 3498 intellectu
1678 3445 1873 3501 littera:
1912 3448 2185 3518 discrepat

605 3539 661 3586 et
691 3530 818 3585 illud
862 3531 1160 3602 inquiratur
1189 3533 1410 3605 mystice
1440 3535 1581 3604 quod
1621 3536 1820 3591 dictum
1859 3537 2009 3607 juxta
2041 3540 2184 3596 litte-

604 3635 718 3676 ram
768 3631 943 3676 sonat.
1001 3621 1240 3691 Namque
1287 3623 1425 3678 sicut
1469 3617 1588 3679 aliis
1631 3627 1832 3694 apertis
1879 3627 2038 3681 rebus
2081 3628 2178 3684 alia

603 3715 779 3769 clausa
811 3715 1210 3784 cognoscimus,
1250 3716 1320 3770 ita
1352 3716 1472 3772 aliis
1502 3717 1698 3772 clausis
1727 3719 2101 3789 compellimur
2131 3733 2186 3778 et

603 3804 690 3860 illa
713 3806 886 3860 altiori
914 3805 1186 3862 intellectu
1215 3809 1430 3874 pulsare
1459 3825 1578 3878 qua:
1606 3818 1787 3878 aperta
1812 3813 2179 3869 credebamus.

605 3895 756 3950 Dicat
795 3912 922 3966 ergo
955 3915 968 3951 :
1015 3898 1113 3952 Ubi
1154 3915 1264 3953 eras
1310 3901 1514 3968 quando
1551 3901 1801 3969 ponebam
1844 3904 2182 3973 fundamenta

609 3993 776 4039 terraz.
815 3986 960 4058 [νει.
995 3987 1129 4058 UL]
1162 3989 1215 4043 ln
1246 3989 1525 4059 Scriptura
1555 4006 1706 4047 sacra
1738 3995 1864 4063 quid
1895 3995 2036 4050 aliud
2069 3997 2186 4051 fun-

608 4075 859 4133 damenta
889 4094 1045 4147 quam
1088 4079 1469 4150 praedicatores
1511 4083 1850 4153 accipimus?
1878 4087 2023 4153 Quos
2060 4087 2186 4142 dum

609 4171 812 4241 primos
853 4170 1109 4228 Dominus
1152 4172 1205 4226 in
1251 4184 1432 4228 sancta
1475 4174 1713 4231 Ecclesia
1755 4178 1962 4247 posuit,
1994 4189 2102 4234 tota
2135 4181 2186 4235 in

608 4263 687 4319 eis
715 4263 989 4334 sequentis
1021 4265 1237 4320 fabricae
1267 4275 1533 4322 structura
1563 4271 1812 4324 surrexit.
1843 4269 1994 4326 Unde
2023 4280 2076 4326 et
2104 4286 2189 4327 sa-

607 4356 801 4411 cerdos
830 4370 952 4411 cum
987 4357 1388 4414 tabernaculum
1417 4360 1714 4430 ingreditur
1743 4362 1761 4435 (
1783 4358 1954 4416 Exod.
1983 4376 2146 4417 xxvnt
2169 4401 2185 4428 ,

613 4447 726 4518 17)
765 4447 1044 4503 duodecim
1088 4448 1291 4516 lapides
1333 4460 1560 4520 portare.r
1588 4451 1642 4506 in
1685 4462 1902 4522 pectore
1945 4454 2183 4523 jubetur,

612 4541 737 4610 quia
765 4539 1009 4596 videlicet
1039 4542 1384 4610 semetipsum
1433 4557 1529 4612 pro
1567 4543 1726 4599 nobis
1755 4544 2076 4601 sacriﬁcium
2106 4545 2186 4601 of-

607 4630 787 4688 ferens
830 4633 1064 4702 pontifex
1102 4643 1304 4699 noster,
1349 4635 1476 4691 dum
1521 4635 1688 4692 fortes
1718 4637 1769 4691 in
1815 4637 1932 4707 ipso
1960 4639 2184 4695 exordio

2288 3443 2464 3489 autem
2490 3434 2745 3488 Dominus
2767 3434 2831 3488 ad
2853 3435 3144 3490 Ecclesiam
3167 3437 3386 3492 veniens
3406 3453 3686 3495 mensuras
3714 3446 3841 3492 terra

2291 3527 2450 3583 lineis
2479 3542 2695 3583 mensus
2724 3539 2839 3596 est,
2871 3529 2992 3598 quia
3024 3528 3156 3584 ﬁnes
3185 3529 3437 3586 Ecclesiae
3464 3532 3662 3587 occulti
3685 3528 3842 3600 judicii

2301 3619 2597 3674 subtilitate
2645 3619 2904 3674 distinxit.
2945 3621 3114 3691 Hujus
3157 3632 3311 3677 terra:
3347 3624 3573 3680 occultae
3609 3636 3843 3681 mensurae

2291 3712 2377 3767 vel
2422 3713 2576 3768 lineae
2619 3714 2974 3770 tendebantur
3011 3717 3226 3786 quando
3274 3719 3653 3787 praedicatores
3699 3716 3843 3774 sancti

2289 3816 2479 3875 agente
2509 3806 2707 3874 Spiritu
2739 3807 2790 3861 in
2822 3808 2954 3862 alias
2989 3818 3165 3876 partes
3204 3811 3389 3866 mundi
3434 3813 3760 3868 vocabantur
3795 3820 3838 3865 ut

2291 3897 2466 3965 irent,
2498 3897 2568 3953 ab
2597 3899 2716 3954 aliis
2744 3914 2872 3955 vero
2900 3901 3139 3970 partibus
3181 3903 3504 3959 arcebantur
3544 3919 3612 3961 ne
3651 3903 3842 3960 accede-

2291 3997 2430 4044 rent.
2458 3989 2653 4045 Paulus
2681 4005 2910 4061 namque
2940 3992 3208 4060 apostolus
3233 4009 3350 4048 cum
3381 3994 3706 4052 Macedonia:
3732 4009 3844 4066 prie

2289 4083 2467 4139 dicare
2509 4085 2830 4154 negligeret,
2872 4100 2967 4156 per
3011 4086 3182 4141 visum
3230 4087 3304 4142 illi
3350 4089 3602 4158 apparuit
3642 4089 3720 4142 vir
3756 4087 3841 4141 Ma-

2289 4175 2421 4229 cedo
2459 4176 2548 4244 qui
2585 4177 2823 4231 diceret:
2867 4175 3140 4230 Transiens
3170 4179 3221 4230 in
3270 4167 3637 4233 Macedoniam
3679 4179 3841 4245 adiuta

2299 4282 2392 4320 nos
2434 4267 2588 4335 (Act.
2621 4283 2736 4334 xvi,
2768 4267 2863 4336 9).
2914 4269 2982 4323 At
3009 4277 3227 4335 contra,
3269 4269 3403 4324 sicut
3442 4272 3702 4340 scriptum
3739 4277 3840 4324 est:

2299 4354 2583 4410 Tentabant
2614 4358 2834 4425 apostoli
2859 4357 2885 4396 δ
2915 4359 2988 4412 ire
3012 4359 3066 4412 in
3087 4357 3408 4429 Bithyniam,
3438 4370 3488 4415 et
3517 4377 3622 4415 non
3649 4359 3844 4431 permisit

2302 4465 2386 4503 eos
2417 4449 2642 4518 Spiritus
2673 4447 2795 4504 Jesu
2826 4450 2990 4517 (Ibid.
3012 4495 3027 4522 ,
3056 4452 3134 4522 7).
3167 4453 3299 4507 Dum
3331 4469 3458 4523 ergo
3490 4455 3841 4524 praedicatores

2297 4543 2468 4597 sancti
2497 4552 2552 4598 et
2577 4553 2832 4599 vocantur
2851 4546 2915 4599 ad
2945 4545 3331 4614 Macedoniam,
3363 4557 3418 4603 et
3439 4549 3506 4604 ab
3537 4551 3662 4604 Asia
3692 4547 3845 4618 prohi-

2293 4635 2506 4706 bentur,
2534 4636 2632 4692 ista
2659 4637 2987 4694 occultarum
3015 4654 3385 4695 mensurarum
3411 4640 3550 4698 linea
3581 4643 3688 4698 illic
3711 4642 3844 4697 ducta

610 4725 993 4794 praedicatores
1020 4726 1299 4794 exhibuit,
1331 4729 1616 4785 duodecim
1647 4730 1849 4799 lapides
1878 4733 1978 4787 sub
2017 4734 2188 4803 capite
2216 4723 2270 4785 D
2293 4737 2404 4798 est,
2437 4728 2558 4784 hinc
2584 4729 2823 4785 reducta.
2855 4731 2967 4786 lllic
2999 4732 3252 4798 tenditur,
3289 4742 3345 4788 ut
3372 4733 3687 4791 Macedonia
3725 4736 3843 4789 intra

607 4817 661 4872 in
691 4817 859 4888 prima
899 4819 982 4874 sui
1019 4819 1259 4889 corporis
1298 4830 1450 4890 parte
1490 4822 1743 4892 portavit.
1787 4821 1968 4879 Sancti
2014 4825 2190 4895 itaque

610 4908 837 4978 apostoli
861 4919 912 4966 et
945 4925 1042 4980 pro
1081 4912 1254 4981 prima
1294 4914 1605 4969 ostensione
1644 4917 1944 4971 ornamenti
1986 4916 2189 4987 lapides

610 5012 734 5059 sunt
763 5003 814 5059 in
845 5013 1064 5073 pectore
1087 5044 1102 5071 ,
1133 5014 1187 5059 et
1218 5019 1315 5075 pro
1358 5005 1531 5075 prima
1576 5007 1844 5064 soliditate
1883 5010 2090 5064 aedilicii
2135 5011 2188 5065 in

606 5093 722 5149 solo
747 5093 1114 5149 fundamenta.
1138 5094 1296 5150 Unde
1326 5097 1498 5150 David
1521 5097 1775 5166 propheta
1801 5113 1920 5153 cum
1947 5109 2187 5156 sanctam

605 5182 901 5241 Ecclesiam
935 5186 990 5242 in
1018 5186 1334 5242 sublimibus
1360 5188 1724 5258 apostolorum
1753 5190 2020 5246 mentibus
2060 5192 2186 5262 poni

611 5275 968 5348 mdilicarique
994 5278 1329 5347 conspiceret
1359 5295 1374 5334 :
1408 5276 1776 5334 Fundamenta
1801 5283 1941 5353 ejus,
1977 5281 2184 5352 inquit,

611 5367 665 5421 in
693 5367 946 5425 montibus
974 5370 1162 5425 sanctis
1205 5369 1396 5443 (Psal.
1433 5387 1652 5438 Lxxxw,
1686 5371 1774 5443 1).
1816 5372 1945 5429 Cum
1974 5389 2104 5430 vero
2131 5375 2185 5430 in

612 5473 765 5517 sacro
790 5461 1002 5531 eloquio
1029 5477 1134 5518 non
1162 5462 1538 5532 fundamenta,
1562 5463 1656 5519 sed
1683 5464 1938 5537 singulari
1963 5481 2186 5523 numero

612 5548 1015 5609 fundamentum
1042 5553 1257 5623 dicitur,
1286 5555 1465 5611 nullus
1489 5554 1629 5610 alius
1657 5557 1760 5611 nisi
1789 5557 1903 5626 ipse
1931 5557 2184 5612 Dominus

686 5726 713 5756 ⁸
750 5718 964 5776 Ebroic.
982 5760 998 5785 ,
1030 5719 1226 5778 Pratel.
1255 5727 1309 5774 et
1334 5718 1424 5774 alii
1453 5717 1638 5775 Norm.
1656 5760 1670 5784 ,
1705 5719 1962 5774 humiliter
1988 5718 2142 5774 stetit.

681 5787 711 5828 ι’
750 5791 953 5846 Vitiose
976 5789 1204 5855 Excusi,
1228 5793 1385 5845 etiam
1411 5789 1770 5860 antiquiores,
1798 5792 1872 5844 ire
1897 5791 1950 5844 in
1977 5791 2148 5844 Asiam
2165 5831 2180 5857 ,

613 5871 802 5931 contra
827 5861 1002 5916 Grmci
1033 5869 1206 5931 textus
1235 5872 1288 5915 et
1320 5861 1553 5931 Vulgata;
1584 5862 1763 5915 tidem.
1799 5860 1923 5916 Mss.
1955 5861 2181 5924 Turon.,

623 5928 783 5988 Corb.
819 5933 1025 5992 ὕεται..
1058 5929 1307 5995 Vindoc.,
1341 5928 1529 5996 Laud,
1565 5931 1784 5997 Pratel.,
1818 5942 1950 5995 etc.,
1986 5932 2182 5988 habent

2292 4829 2492 4874 sanctae
2523 4819 2777 4875 Ecclesia:
2806 4823 2973 4889 Spatia
3006 4823 3321 4894 colligatur;
3354 4835 3376 4864 ε
3409 4826 3533 4881 hinc
3564 4825 3840 4884 attrahitur.

2295 4918 2351 4962 ut
2391 4917 2540 4964 extra
2581 4908 2716 4964 fines
2763 4911 2885 4965 fidei
2930 4911 3053 4967 Asia
3096 4913 3445 4983 relinquatur.
3481 4917 3650 4972 Erant
3677 4916 3843 4987 quippe

2294 5007 2418 5053 tunc
2461 4999 2516 5054 in
2555 5014 2617 5054 ea
2660 4999 2748 5080 qui
2787 5001 3072 5070 colligendi
3115 5018 3221 5058 non
3263 5014 3450 5073 erant,
3493 5007 3689 5076 quibus
3719 5007 3841 5075 juxta

2293 5091 2541 5146 meritum
2571 5077 2730 5147 suum
2759 5095 3011 5162 perditis,
3037 5095 3146 5166 jam
3191 5111 3331 5151 nunc
3371 5098 3496 5153 Asia
3540 5099 3683 5155 intra
3719 5113 3843 5155 men-

2292 5197 2448 5238 suras
2475 5183 2729 5240 Ecclesiae
2759 5183 2868 5240 Deo
2899 5185 3157 5255 largiente
3180 5198 3426 5256 suscepta
3455 5198 3559 5245 est.

2369 5276 2457 5330 16.
2500 5274 2651 5331 Intra
2690 5294 3004 5333 mensurasa
3039 5277 3238 5334 Christo
3278 5281 3466 5351 positas
3507 5282 3684 5346 electi,
3723 5289 3841 5334 extra

2288 5369 2514 5437 reprobi.
2559 5368 2627 5422 In
2667 5368 2766 5424 Dei
2796 5387 2899 5424 non
2927 5371 2979 5424 in
3010 5369 3230 5425 hominis
3257 5388 3412 5426 manu
3437 5378 3547 5445 ejus
3575 5371 3838 5445 dispositis.

2287 5491 2359 5504 —
2390 5461 2532 5516 Intra
2564 5460 2663 5516 has
2687 5477 2817 5532 ergo
2840 5477 3118 5520 mensuras
3145 5473 3268 5518 sunt
3290 5477 3477 5520 omnes
3499 5465 3663 5521 electi
3679 5505 3694 5531 ,
3716 5471 3841 5520 extra

2291 5560 2388 5616 has
2417 5575 2606 5618 omnes
2635 5560 2880 5631 reprobi,
2913 5559 3075 5617 etiam
3101 5561 3146 5616 si
3176 5560 3312 5616 intra
3345 5557 3468 5616 ﬁdei
3495 5559 3717 5616 limitem
3741 5568 3840 5614 esse

2291 5718 2365 5772 ire
2405 5719 2460 5793 in
2506 5716 2825 5793 Bithyniam.
2878 5718 3061 5793 Errori
3109 5715 3288 5793 forsan
3335 5711 3838 5793 occasionemdedil

2329 5789 2432 5861 uod
2460 5785 2704 5861 sequitur
2731 5808 2744 5844 :
2773 5800 2822 5844 et
2847 5790 2909 5844 ab
2940 5791 3068 5861 Asia
3102 5787 3454 5861 prohibentur.
3495 5785 3603 5841 Sed
3646 5786 3728 5861 hic
3765 5795 3833 5861 pc!

2340 5860 2473 5914 siam
2508 5857 2850 5930 intelligenda
2892 5868 2974 5914 est
3016 5859 3257 5926 Bithynia
3287 5874 3404 5927 qua:
3433 5871 3555 5926 pars
3587 5865 3672 5912 est
3701 5857 3837 5910 Asis.

2366 5940 2388 5969 ε
2428 5930 2622 5986 Pratel.
2656 5939 2710 5986 et
2740 5931 2829 5987 alii
2857 5931 3066 5996 Norm.,
3101 5930 3181 5983 hic
3210 5930 3501 5983 attrahitur.
