4036 6348
175 5729 202 5738 ..-

169 5741 204 5752 ια

169 5753 204 5829 ἑ

283 361 375 418 457

955 359 1316 420 HORALIUM
1355 359 1484 417 LIB.
1529 356 1766 416 XXVIII.
1812 387 1880 398 —
1923 356 1988 412 IN
2026 348 2256 415 CAPUT
2299 356 2567 416 XXXVIII
2613 361 2669 416 Β.
2715 360 2853 418 JOB.

3436 361 3543 420 658

279 481 574 538 videantur.
633 478 786 537 Unde
833 486 890 537 et
935 478 990 534 in
1037 480 1363 552 Apocalypsi
1409 479 1670 548 scriptum
1720 483 1804 532 est
1830 491 1846 530 :
1877 474 1933 536 Δ
1957 481 2117 545 gento
2143 476 2285 531 enim
2315 477 2443 546 quid
2472 475 2615 532 aliud
2642 492 2801 548 quam
2827 474 3046 533 claritas
3067 474 3240 532 divini
3277 480 3543 533 sermonis

283 575 472 630 Atrium
513 573 654 645 quod
682 573 813 642 foris
857 573 1106 645 templum
1147 582 1222 628 est
1266 573 1396 645 ejice
1436 576 1605 642 foras,
1646 579 1672 607 η
1707 576 1754 624 et
1798 584 1860 624 ne

279 669 500 725 metiaris
529 668 664 723 illud
695 667 891 740 (Apoc.
917 684 974 723 ιι
995 710 1011 734 ,
1032 667 1124 739 2).
1155 666 1294 735 Quid
1323 667 1465 722 enim
1494 665 1635 722 aliud
1666 665 1858 719 atrium

275 778 427 835 quam
455 763 795 819 latitudinem
823 764 1093 834 signiticat
1116 763 1240 819 vita:
1269 763 1550 835 praesentis
1573 762 1596 816 ?
1623 762 1690 816 Et
1716 768 1861 817 recte

277 858 399 914 foris
430 858 689 929 templum
719 869 844 915 sunt
883 859 972 929 qui
1012 872 1110 927 per
1149 859 1345 914 atrium
1374 858 1749 928 designantur,
1781 865 1862 910 at-

278 964 375 1020 que
401 948 526 1005 ideo
555 950 817 1006 metiendi
847 966 952 1004 non
982 959 1145 1017 sunt,
1176 950 1300 1021 quia
1331 959 1554 1020 angusta
1585 956 1671 1004 est
1710 956 1862 1017 porta

276 1059 389 1114 quae
417 1043 565 1101 ducit
588 1043 655 1099 ad
682 1044 850 1099 vitam
880 1043 1094 1115 (Matth.
1123 1059 1194 1098 vn
1213 1087 1228 1112 ,
1258 1041 1380 1114 14),
1409 1052 1463 1098 et
1488 1042 1714 1098 latitudo
1741 1040 1863 1095 vita:

277 1149 559 1204 pravorum
609 1150 719 1190 non
766 1135 1073 1190 admittitur
1111 1135 1180 1190 ad
1225 1149 1509 1191 mensuras
1546 1145 1602 1190 et
1643 1133 1864 1205 regulas

273 1227 591 1284 electorum.
622 1229 744 1284 Ista!
784 1228 1056 1299 Spiritales
1085 1229 1243 1284 lineae
1269 1229 1480 1284 occulto
1509 1227 1715 1299 judicio
1745 1236 1864 1284 ten-

274 1318 536 1374 debantur
560 1321 776 1390 quando
799 1322 1013 1376 cuidam
1039 1320 1238 1377 dicenti
1263 1338 1278 1377 :
1310 1321 1579 1395 Magister,
1607 1337 1792 1392 sequar
1818 1329 1864 1376 te

271 1430 572 1486 quocunque
599 1418 720 1471 ieris
753 1416 982 1488 (Matth.
1015 1433 1111 1472 vm
1134 1459 1150 1485 ,
1183 1417 1320 1488 19),
1353 1419 1592 1487 ejusdem
1625 1415 1864 1486 magistri

272 1524 402 1566 voce
430 1527 750 1580 responsum
779 1522 861 1569 est
890 1533 902 1567 :
941 1513 1133 1584 Vulpes
1165 1520 1336 1586 foveas
1367 1515 1588 1583 habent,
1629 1526 1677 1569 et
1716 1515 1864 1569 volu-

269 1618 374 1656 cres
405 1605 522 1658 σωιί
549 1606 699 1660 nidos
721 1648 734 1670 ,
766 1603 939 1661 Filius
967 1617 1138 1660 autem
1180 1608 1403 1662 hominis
1445 1623 1545 1662 non
1587 1607 1736 1662 habet
1781 1607 1866 1660 ubi

269 1706 423 1764 caput
454 1714 606 1751 suum
645 1700 857 1753 reclinet
888 1699 1052 1770 (Ibid.
1073 1740 1088 1765 ,
1121 1698 1236 1770 20).
1271 1700 1392 1754 Ista:
1423 1715 1689 1755 mensura:
1719 1709 1772 1755 et
1803 1699 1865 1753 li-

271 1801 387 1841 nere
412 1787 773 1844 tendebantur
801 1805 922 1844 cum
952 1792 1163 1845 cuidam
1195 1791 1392 1846 dicenti
1421 1808 1433 1844 :
1468 1789 1716 1855 Domine,
1749 1807 1865 1861 per-

1963 568 2256 638 accipitur?
2307 570 2446 625 sicut
2491 571 2749 640 scriptum
2775 579 2860 626 est
2894 587 2906 622 :
2959 567 3184 639 Eloquia
3213 567 3422 624 Domini
3447 571 3552 625 elo-

1965 665 2088 734 quia
2141 673 2304 732 casta,
2355 678 2624 738 argentum
2677 667 2796 737 igne
2839 666 3208 733 examinatum,
3281 663 3547 734 probatum

1963 765 2132 821 terrw,
2162 766 2443 830 purgatum
2477 757 2773 828 septuplum
2801 755 2975 824 (Psal.
3007 772 3080 822 XI,
3115 755 3194 826 7).
3233 754 3395 809 Bases
3424 768 3553 820 ergo

1965 859 2196 918 argento
2224 848 2437 904 vestitae
2468 861 2694 919 quatuor
2720 849 2995 904 columnas
3023 849 3350 905 tabernaculi
3391 849 3554 904 susti-

1966 951 2119 1006 nent,
2175 943 2296 1013 quia
2346 941 2732 1012 praadicatores
2788 940 3049 996 Ecclesiae
3103 939 3287 994 divino
3340 940 3554 1009 eloquio

1967 1035 2229 1104 decorati,
2263 1032 2288 1073 ά
2325 1046 2385 1091 ιιι
2435 1037 2644 1091 cunctis
2688 1049 2749 1089 se
2771 1032 3078 1102 exemplum
3107 1032 3404 1102 praebeant,
3425 1047 3557 1101 qua-

1966 1139 2089 1184 tuor
2131 1128 2580 1199 evangelistarum
2612 1126 2758 1182 dicta
2809 1135 2864 1181 et
2897 1140 2990 1181 ore
3045 1134 3098 1180 et
3149 1125 3402 1194 operibus
3430 1138 3556 1193 por-

1969 1234 2082 1278 tant

2045 1317 2130 1372 18.
2162 1316 2398 1372 Possunt
2427 1332 2522 1387 per
2547 1316 2704 1373 bases
2734 1313 2898 1371 etiam
2921 1311 3198 1383 prophetze
3224 1313 3444 1384 signari,
3468 1308 3559 1381 qui

1972 1407 2097 1462 dum
2129 1409 2287 1477 primi
2316 1417 2503 1478 aperte
2543 1406 2611 1462 de
2655 1406 2926 1460 dominica
2975 1402 3346 1459 incarnatione
3396 1403 3559 1457 locuti

1968 1514 2114 1566 sunt,
2143 1502 2296 1572 quasi
2328 1502 2588 1571 quasdam
2621 1500 2780 1556 bases
2805 1512 2901 1555 eos
2917 1498 3279 1566 conSpicimus
3304 1513 3332 1550 a
3364 1495 3556 1552 funda-

1973 1604 2155 1649 mento
2185 1610 2511 1666 consurgere
2535 1634 2550 1658 ,
2611 1603 2664 1649 et
2691 1591 3047 1663 superposita;
3077 1591 3294 1647 fabricae
3325 1592 3558 1660 pondera

1969 1688 2257 1744 sustinere.
2309 1687 2463 1744 Unde
2500 1687 2568 1742 ad
2594 1686 2813 1758 Moysen
2844 1700 3055 1740 rursum
3109 1684 3391 1751 Dominus,
3438 1699 3559 1738 cum
3603 1701 3613 1710 ’

1973 1779 2301 1834 tabernaculi
2331 1779 2536 1834 tabulas
2558 1779 2688 1850 erigi
2713 1777 2988 1848 praecepit,
3017 1775 3164 1832 fundi
3185 1791 3370 1831 earum
3401 1775 3563 1831 bases
3659 1831 3672 1841 ,

274 1880 416 1933 mitte
444 1897 521 1935 me
545 1882 770 1952 primum
799 1885 874 1937 ire
905 1884 1122 1955 sepelire
1153 1893 1352 1952 patrem
1382 1901 1548 1939 meum
1582 1886 1601 1955 (
1619 1883 1750 1940 Luc.
1780 1899 1861 1949 Ix,

1979 1879 2255 1939 argenteas
2281 1871 2434 1942 jubet
2495 1868 2692 1941 (Exod.
2722 1885 2872 1935 xxvi,
2925 1868 3044 1939 52).
3091 1869 3229 1934 Quid
3275 1868 3420 1923 enim
3469 1883 3565 1936 per

275 1969 377 2041 59)
400 2014 415 2037 ,
446 1973 686 2041 ejusdem
721 1976 957 2045 magistri
989 1990 1119 2032 voce
1149 1991 1470 2047 responsum
1500 1985 1622 2032 est:
1657 1975 1786 2031 Sine
1811 1986 1866 2029 ut

274 2068 460 2120 mortui
501 2069 752 2138 sepeliant
799 2078 1037 2132 mortuos
1076 2088 1239 2136 suos;
1284 2080 1339 2124 tu
1385 2080 1554 2125 autem
1584 2073 1740 2135 vade,
1773 2088 1869 2125 an—

275 2159 454 2211 nuntio
482 2177 696 2233 regnum
725 2160 821 2215 Dei
852 2160 1014 2232 (Ibid.
1038 2203 1052 2226 ,
1079 2162 1194 2231 (50).
1226 2162 1366 2218 Ecce
1394 2163 1530 2217 alius
1556 2172 1867 2217 secuturum

269 2265 331 2308 se
362 2255 659 2320 promittit,
691 2265 744 2309 et
771 2246 1088 2324 repellitur:
1121 2255 1257 2310 alius
1299 2255 1646 2341 relaxandum
1677 2270 1737 2309 se
1769 2269 1867 2324 po-

274 2347 472 2413 stulat,
503 2356 558 2402 et
584 2348 866 2406 retinetur.
897 2349 1051 2405 Unde
1081 2349 1182 2405 hoc
1205 2392 1221 2417 ,
1265 2349 1366 2405 nisi
1408 2352 1530 2420 quia
1572 2365 1734 2419 super
1773 2365 1868 2405 oc-

271 2437 423 2493 culta
455 2439 638 2494 cordis
668 2440 836 2510 Spatia
868 2443 1029 2514 θοι
1062 2457 1416 2511 supernorum
1441 2443 1769 2512 iudiciorum
1801 2443 1868 2497 Ii-

271 2545 393 2586 nete
413 2533 803 2602 tendebantur,
817 2543 872 2589 ut
887 2543 942 2590 et
959 2535 1102 2590 hunc
1129 2537 1271 2591 intus
1299 2535 1870 2608 incomprehensibiles

271 2638 546 2681 mensurae
593 2628 1066 2700 constringerent,
1116 2637 1172 2684 et
1216 2631 1308 2686 ille
1353 2629 1482 2685 foris
1523 2646 1627 2687 non
1672 2629 1871 2700 injuste

269 2719 626 2775 remaneret?
654 2720 759 2776 Sed
787 2736 908 2776 cum
957 2721 1133 2778 nullus
1175 2722 1384 2777 nesciat
1422 2722 1544 2791 quia
1586 2723 1728 2777 Deus
1775 2722 1871 2780 has

276 2811 611 2866 occultorum
638 2811 963 2882 judiciorum
997 2813 1167 2868 lineas
1197 2814 1412 2879 tendat,
1442 2829 1537 2867 cur
1565 2813 1631 2867 ad
1660 2811 1762 2868 Job
1792 2804 1873 2866 di-

268 2903 416 2958 citur
444 2921 457 2956 :
487 2903 675 2959 Indica
704 2906 859 2970 mihi,
888 2907 934 2959 si
963 2905 1118 2960 habes
1159 2906 1587 2978 intelligentiam,
1619 2904 1736 2974 quis
1777 2921 1873 2972 po-

268 2997 377 3052 suit
417 3013 684 3053 mensuras
725 3003 871 3072 ejus,
912 3001 955 3054 si
997 3001 1160 3066 nosti,
1203 3001 1434 3072 vel'quis
1475 3000 1687 3054 tetendit
1719 3014 1874 3064 super

268 3106 387 3145 eam
429 3089 656 3147 linebm?
684 3093 766 3149 An
809 3093 1013 3150 idcirco
1052 3094 1374 3164 requiritur,
1408 3103 1465 3148 ut
1495 3093 1636 3162 quod
1671 3107 1872 3162 nosse,

268 3185 369 3241 sed
399 3197 578 3243 tamen
611 3189 1026 3258 praetermittere
1068 3199 1313 3261 poterat,
1361 3199 1709 3256 memorctur,
1743 3204 1874 3259 qua-

1974 1963 2181 2018 tabulas
2231 1965 2333 2018 nisi
2388 1963 2619 2033 apostoli
2649 1973 2869 2018 extensa
2907 1962 2962 2016 in
3020 1960 3278 2015 mundum
3310 1961 3564 2030 praedica-

1973 2057 2120 2111 tione
2153 2058 2382 2125 dilatati,
2408 2058 2534 2128 quid
2563 2072 2658 2128 per
2679 2058 2837 2112 bases
2868 2066 3154 2126 argenteas
3185 2055 3288 2110 nisi
3330 2054 3566 2124 prophe-

1975 2159 2040 2204 tae
2069 2151 2384 2221 signantur?
2434 2149 2528 2219 qui
2576 2149 3020 2219 superimpositas
3062 2146 3271 2200 tabulas
3299 2146 3399 2215 ipsi
3428 2146 3565 2200 firmi

1972 2259 2035 2298 ac
2077 2243 2263 2298 fusiles
2291 2242 2580 2309 sustinent,
2614 2241 2737 2311 quia
2775 2239 3137 2310 apostolorum
3170 2239 3278 2292 vita
3323 2237 3450 2293 dum
3481 2253 3568 2293 eo-

1979 2355 2101 2395 rum
2123 2337 2505 2408 praedicatione
2559 2336 2861 2401 instruitur,
2916 2348 3101 2390 eorum
3152 2342 3206 2388 et
3249 2332 3568 2387 auctoritate

1972 2431 2256 2488 solidatur.
2315 2430 2473 2488 Unde
2500 2440 2556 2487 et
2582 2430 2884 2501 conjunctae
2935 2429 3077 2484 binae
3130 2427 3291 2482 bases
3344 2426 3569 2496 singulis

1976 2526 2170 2582 tabulis
2217 2535 2594 2596 supponuntur
2617 2565 2632 2591 ,
2685 2526 2808 2595 quia
2847 2523 2973 2580 dum
3004 2523 3280 2593 prophetat
3309 2521 3481 2577 sancti
3512 2520 3568 2576 in

1973 2619 2158 2674 verbis
2189 2620 2304 2673 suis
2332 2619 2402 2675 de
2430 2617 2742 2686 Mediatoris
2792 2616 3165 2672 incarnatione
3212 2615 3568 2680 concordant,

1975 2714 2368 2781 subsequentes
2443 2711 2822 2781 praedicatores
2877 2709 3136 2765 Ecclesia:
3205 2708 3571 2764 indubitanter

1975 2803 2275 2870 aediﬁcant;
2319 2811 2518 2860 etcum
2549 2817 2581 2857 a
2610 2802 2918 2872 semetipsis
2949 2816 3056 2857 non
3086 2803 3417 2872 discrepant,
3449 2801 3572 2860 illos

1976 2895 2031 2948 in
2062 2910 2122 2951 se
2151 2894 2426 2950 robustius
2453 2895 2646 2966 figunt.
2695 2893 2804 2949 Nec
2851 2893 3123 2948 immerito
3173 2893 3334 2949 bases
3378 2893 3570 2964 quibus

1975 2985 2255 3056 pr0phetaa
2305 2985 2605 3054 signantur.
2664 2996 2725 3041 ut
2776 3000 2844 3040 ex
2873 2994 3096 3055 argento
3150 2984 3300 3039 fundi
3343 2984 3571 3042 debeant

1976 3077 2318 3147 przecipitur.
2342 3079 2561 3148 Argenti
2591 3077 2790 3148 quippe
2809 3077 3026 3132 claritas
3079 3093 3146 3132 ex
3173 3091 3272 3132 usu
3302 3087 3567 3144 servatur,

1977 3171 2096 3228 sine
2125 3188 2225 3228 usu
2253 3181 2432 3228 autem
2466 3173 2519 3227 in
2541 3171 2876 3243 nigredinem
2908 3173 3152 3228 vertitur.
3179 3173 3570 3244 Prophetarum

271 3286 432 3335 tenus
460 3283 671 3348 pondus
695 3293 1027 3339 secretorum
1051 3283 1147 3340 Dei
1171 3284 1455 3340 sollicitius
1477 3291 1686 3353 penset,
1707 3282 1735 3322 δ
1759 3283 1870 3338 dis-

1979 3280 2192 3333 quoque
2245 3267 2389 3320 dicta
2419 3274 2542 3321 ante
2595 3265 2904 3321 Mediatoris
2953 3265 3278 3332 adventum,
3336 3267 3461 3337 quia
3513 3266 3568 3320 in

268 3375 596 3444 positionem
643 3380 893 3437 videlicet
936 3381 1170 3437 hominis
1212 3398 1318 3438 non
1363 3381 1417 3440 in
1461 3382 1711 3438 humanis
1743 3381 1868 3437 viri-

266 3467 400 3536 bus,
427 3473 521 3528 sed
551 3473 605 3528 in
632 3489 795 3529 manu
823 3476 1124 3532 consistere
1151 3475 1467 3542 conditoris,
1499 3484 1558 3529 ut
1584 3477 1710 3528 dum
1741 3489 1871 3530 con-

267 3559 478 3618 siderat
516 3564 858 3623 invisibiliter
899 3567 999 3623 ista
1044 3568 1165 3639 quis
1197 3577 1345 3637 agat.
1379 3581 1490 3622 suae
1519 3565 1704 3621 virtuti
1735 3564 1870 3619 nihil

266 3653 496 3724 tribuat,
521 3673 621 3715 nec
631 3659 745 3730 jam
771 3661 839 3716 de
866 3675 927 3717 se
947 3660 1142 3716 audeat
1162 3660 1385 3732 aliquid,
1402 3673 1525 3715 cum
1550 3659 1645 3714 Dei
1670 3657 1871 3728 judicia

266 3749 482 3804 occulta
510 3749 801 3822 formidat;
833 3753 928 3810 sed
960 3753 1300 3825 perpendens
1325 3753 1558 3822 desuper
1579 3764 1864 3806 mensuras

267 3851 326 3898 et
355 3845 528 3902 lineas
553 3847 1174 3919 incomprehensibiliter
1201 3858 1402 3916 tensas,
1434 3855 1586 3904 tanto
1616 3844 1787 3916 magis
1816 3845 1872 3900 in

268 3937 578 3998 humilitate
618 3943 922 3998 formidinis
963 3945 1258 4014 consistat,
1292 3953 1495 4014 quanto
1523 3940 1762 4013 pendere
1787 3939 1873 3994 vi-

268 4032 367 4088 det
395 4034 572 4089 omnia
603 4035 658 4090 in
689 4045 954 4094 potestate
979 4037 1269 4092 mensoris.
1305 4035 1587 4117 Sequitur_

889 4129 1118 4188 CAPUT
1158 4130 1267 4186 VII.

346 4217 515 4275 Vens.
543 4222 597 4276 6.
618 4253 688 4264 —
715 4233 884 4294 Super
911 4238 1012 4291 quo
1039 4222 1180 4277 bases
1211 4221 1354 4276 illius
1389 4221 1627 4275 solidata:
1655 4214 1813 4271 sunt?

349 4313 440 4369 17.
473 4314 628 4370 Bases
649 4315 894 4371 Ecclesiae
913 4323 1033 4370 sunt
1051 4316 1220 4369 sancti
1248 4314 1483 4369 doctores
1508 4322 1555 4367 et
1587 4309 1872 4382 prophetat.

264 4437 346 4450 —-
375 4407 514 4476 Quid
545 4408 687 4462 aliud
722 4407 883 4477 hujus
935 4416 1093 4462 terra:
1148 4405 1305 4462 bases
1349 4421 1507 4476 quam
1538 4413 1738 4460 sancta:
1771 4404 1874 4458 Ec—

267 4500 456 4555 clesia:
483 4499 734 4557 doctores
782 4500 1119 4569 accipimus?
1169 4501 1227 4555 In
1260 4501 1477 4555 basibus
1530 4501 1729 4570 quippe
1780 4513 1872 4554 co-

267 4591 477 4648 lumnae
501 4633 517 4660 ,
548 4593 603 4649 in
653 4594 919 4649 columnis
949 4602 1125 4648 autem
1178 4594 1342 4648 totius
1402 4593 1620 4649 fabrica:
1659 4596 1870 4665 pondus

1976 3356 2140 3427 902
2194 3371 2294 3412 usu
2347 3355 2604 3428 spiritalis
2656 3355 3020 3428 intelligentiae
3069 3372 3176 3412 non
3212 3367 3386 3425 erant,
3442 3358 3571 3412 dum

1973 3447 2214 3517 conspici
2237 3463 2350 3518 pra:
2379 3448 2708 3504 obscuritate
2735 3463 2843 3504 non
2897 3456 3171 3518 poterant,
3225 3448 3377 3518 quasi
3425 3449 3574 3518 nigra

1973 3541 2353 3598 remanebant.
2403 3540 2473 3596 At
2493 3551 2776 3612 postquam
2807 3540 3066 3596 Mediator
3090 3541 3311 3596 veniens
3343 3555 3405 3596 ea
3443 3549 3572 3594 ante

1975 3633 2161 3689 oculos
2189 3644 2407 3689 nostros
2436 3634 2828 3689 incarnationis
2848 3645 2962 3688 sua:
2981 3647 3144 3687 manu
3172 3633 3348 3696 tersit,
3409 3629 3569 3700 quid-

1975 3727 2104 3797 quid
2135 3729 2187 3782 in
2218 3727 2297 3782 eis
2325 3726 2462 3782 lucis
2493 3725 2695 3782 latebat
2717 3725 2994 3793 inclaruit,
3025 3738 3331 3796 sensusque
3358 3733 3569 3795 patrum

1975 3818 2395 3891 prtecedentium
2425 3819 2480 3873 in
2512 3832 2669 3873 usum
2701 3815 2871 3883 dedit,
2911 3816 3036 3888 quia
3067 3815 3233 3873 verba
3257 3815 3418 3872 rebus
3469 3830 3570 3871 ex-

1978 3916 2174 3986 posuit.
2207 3915 2332 3972 Sive
2374 3914 2554 3987 itaque
2583 3914 2900 3985 prophetas,
2956 3929 3057 3971 seu
3087 3914 3339 3970 doctores
3393 3921 3572 3968 extre-

1976 4009 2081 4064 mis
2111 4007 2445 4080 temporibus
2487 4008 2915 4078 subsequentes,
2965 4005 3176 4063 basium
3216 4005 3572 4076 appellatione

1976 4102 2264 4174 signiﬁcet,
2292 4102 2432 4158 dicat
2459 4119 2471 4154 :
2507 4100 2681 4171 Super
2701 4117 2800 4171 quo
2825 4100 2970 4155 bases
2995 4099 3137 4154 illius
3163 4097 3399 4153 solidatae
3416 4099 3575 4152 sunt?

1975 4197 2255 4268 subaudis,
2284 4197 2387 4254 nisi
2417 4211 2580 4268 super
2607 4212 2714 4263 me,
2771 4195 2863 4267 qui
2886 4203 3078 4251 cuncta
3119 4193 3445 4250 mirabiliter
3486 4204 3572 4250 te-

1978 4307 2102 4359 neo,
2139 4300 2196 4349 et
2216 4293 2372 4347 bonis
2423 4290 2785 4347 exterioribus
2832 4289 2976 4344 intus
3015 4287 3381 4359 principaliter
3407 4287 3574 4359 origi-

1979 4402 2103 4443 nem
2126 4396 2349 4459 praesto.
2399 4387 2502 4455 Qui
2531 4386 2676 4444 enim
2709 4385 2810 4440 sibi
2857 4385 3003 4456 quod
3033 4385 3235 4440 bonum
3261 4393 3346 4441 est
3366 4384 3573 4451 tribuit,

1979 4481 2148 4537 solida
2173 4481 2316 4535 basis
2344 4493 2453 4534 non
2477 4487 2580 4545 est,
2609 4478 2732 4548 quia
2755 4477 2883 4532 dum
2911 4475 3262 4531 fundamento
3289 4491 3396 4533 non
3427 4477 3571 4533 inni-

1980 4577 2128 4642 titur,
2160 4575 2278 4644 ipso
2298 4587 2398 4628 suo
2425 4572 2664 4642 pondere
2689 4571 2745 4625 in
2796 4571 2902 4625 ima
2942 4568 3324 4640 praecipitatur.
3386 4578 3412 4608 ο
3463 4569 3574 4626 Sed

267 4686 525 4757 erigitur.
581 4688 696 4743 Non
728 4704 855 4760 ergo
887 4689 1156 4744 immerito
1186 4687 1434 4746 doctores
1462 4689 1632 4742 sancti
1662 4687 1870 4744 basium

1981 4684 2105 4725 cum
2154 4667 2265 4738 jam
2314 4665 2478 4722 multa
2519 4665 2587 4721 de
2634 4672 2838 4719 sanctae
2868 4663 3125 4719 Ecclesiae
3169 4663 3574 4720 constructione

266 4780 500 4835 nomine
526 4779 894 4852 designantur,
947 4781 1071 4850 quia
1123 4780 1248 4835 dum
1274 4788 1420 4835 recta
1452 4780 1762 4850 praedicant,
1819 4792 1873 4838 et

266 4873 654 4935 praedicationi
688 4891 801 4931 suae
831 4876 1060 4932 vivendo
1093 4875 1447 4941 concordant,
1477 4891 1636 4932 omne
1663 4878 1874 4948 pondus

271 4957 538 5022 ECClesite
591 4969 692 5022 lixa
747 4984 954 5024 morum
987 4985 1206 5025 suorum
1256 4969 1516 5038 gravitate
1547 4978 1873 5032 sustentant,

267 5063 500 5120 asperas
526 5059 600 5109 "ab
627 5058 938 5114 inﬁdelibus
969 5061 1293 5115 tentationes
1325 5062 1532 5128 ferunt;
1565 5070 1621 5116 et
1646 5075 1875 5133 qumque

265 5143 329 5201 In
367 5148 650 5218 praeceptis
675 5150 766 5207 Dei
798 5152 944 5208 velut
970 5152 1209 5209 difficilia
1237 5169 1265 5209 a
1292 5155 1541 5228 fidelibus
1567 5156 1867 5213 formidan-

263 5247 389 5307 tur,
445 5243 708 5312 exemplis
757 5259 977 5312 operum
1038 5246 1213 5301 facilia
1245 5251 1555 5305 ostendunt.
1617 5250 1767 5306 Unde
1813 5261 1870 5308 et

260 5333 418 5390 bene
445 5349 567 5390 cum
603 5337 655 5390 in
685 5346 814 5407 typo
864 5338 1119 5395 Ecclesia:
1151 5341 1556 5397 tabernaculum
1590 5342 1869 5413 figeretur,

259 5425 339 5480 ad
385 5425 606 5498 Moysen
653 5429 846 5486 dicitur
881 5447 894 5484 :
955 5430 1141 5489 Facies
1199 5433 1466 5489 columnas
1492 5445 1730 5505 quatuor,
1769 5447 1792 5476 α
1824 5446 1874 5494 et

229 5516 422 5575 bases
450 5534 632 5574 earum
663 5523 838 5577 vesties
872 5534 1087 5594 argento
1145 5525 1346 5588 (Exod.
1372 5543 1519 5596 xxvi,
1549 5527 1669 5600 52).
1702 5527 1758 5584 In
1786 5543 1874 5584 ar-

351 5642 380 5708 ξι
417 5632 590 5708 [λῆμά.
620 5646 676 5692 et
701 5635 926 5704 Pratel.,
960 5649 1009 5694 et
1037 5658 1099 5696 ne
1124 5645 1365 5699 metiens.

345 5701 378 5743 δ
418 5704 586 5784 Ερἶἱ,
626 5701 1112 5784 dispensationem.
1135 5716 1315 5771 invitis
1345 5716 1472 5772 Mss.
1500 5717 1700 5784 Laud.,
1753 5717 1881 5775 Vin-

257 5777 438 5851 (ἰοῦ.Ἀ
458 5778 684 5848 Pratel.,
708 5781 870 5834 Corb.
902 5777 1109 5851 Gerun,
1139 5798 1246 5843 etc.

357 5849 913 5926 ¢_Laudun.,Pratel.
947 5865 1001 5913 et
1029 5849 1104 5912 al.
1136 5859 1345 5926 Norm.,
1401 5871 1449 5918 et
1503 5862 1642 5920 bases
1703 5877 1878 5918 earum
1925 5919 1928 5922 .

262 5921 488 5977 vestitas
506 5933 739 5995 argento.

562 6014 837 6079 Paeon.
887 6017 1176 6083 LXXVI.

1981 4756 2306 4820 referantur,
2349 4755 2536 4810 audire
2587 4769 2740 4810 mens
2791 4753 2997 4826 appetit
3048 4751 3282 4808 inimicae
3320 4755 3569 4811 nationes

1983 4865 2086 4921 qua
2135 4851 2335 4906 virtute
2387 4849 2690 4920 conjunctae
2736 4855 2864 4914 sint,
2915 4845 2969 4901 id
3011 4855 3094 4903 est
3146 4847 3362 4906 diversa
3414 4849 3574 4919 hujus

1983 4945 2180 5001 domus
2210 4939 2435 4998 aedificia
2473 4956 2576 5012 qua
2605 4940 2710 4996 sibi
2737 4948 2854 4997 arte
2885 4941 3238 4998 concordent.
3275 4941 3526 5013 Sequitur
3557 4959 3573 4997 :

2575 5053 2804 5112 CAPUT
2846 5053 2981 5111 VIII.

2053 5153 2183 5209 Isto.
2209 5181 2280 5196 α·-
2318 5151 2423 5206 Aut
2443 5153 2558 5223 quis
2587 5150 2780 5204 dimisit
2804 5149 3032 5222 lapidem
3058 5150 3358 5221 angularem
3387 5149 3543 5220 ejus?

2055 5245 2144 5300 l9.
2197 5244 2429 5300 Christus
2451 5243 2585 5315 lapis
2615 5242 2902 5316 angularia,
2934 5243 2987 5297 in
3011 5259 3109 5313 quo
3129 5241 3310 5297 λιιάωὶ
3336 5239 3576 5314 gentiles-

1980 5355 2080 5411 que
2107 5345 2469 5394 convenerunt.
2499 5368 2573 5382 --
2597 5335 2716 5391 Jam
2748 5349 2843 5406 per
2871 5335 3106 5410 divinam
3132 5334 3359 5414 gratiam
3407 5334 3576 5390 omni-

1983 5435 2083 5490 bus
2107 5433 2292 5504 quuet,
2314 5446 2475 5503 quem
2516 5429 2795 5501 Scriptura
2821 5443 2975 5484 sacra
3005 5428 3308 5496 angularem
3333 5425 3570 5496 lapidem

1986 5534 2164 5595 vocet,
2191 5525 2343 5580 illum
2376 5522 2620 5594 profecto
2641 5520 2755 5591 qui.
2806 5520 2934 5576 dum
2958 5520 3012 5574 in
3038 5533 3098 5574 se
3139 5517 3266 5574 hinc
3290 5517 3574 5575 Judaicuin

2061 5641 2089 5683 ἀ
2127 5644 2290 5701 Corb.
2323 5643 2534 5712 Geram,
2566 5639 2819 5705 Vindoc.,
2869 5635 3069 5693 Pratel.
3094 5644 3149 5692 et
3175 5635 3252 5690 al.
3276 5634 3491 5705 Norm.,
3523 5644 3578 5691 ut

1986 5727 2452 5850 mfugicéubaudq
2503 5782 2699 5851 Vind.,
2748 5783 2980 5852 Turon.,
3029 5787 3578 5856 quosdsecuttesunt

1985 5870 2093 5918 vet.
2121 5859 2266 5913 Edit.
2308 5858 2368 5912 ln
2399 5856 2566 5914 Corb.
2625 5857 2837 5926 Germ.,
2887 5853 3086 5913 Pratel.
3136 5853 3362 5925 aliisque
3389 5853 3574 5912 Norm.

1984 5946 2036 5990 et
2069 5930 2336 6003 plurimis,
2358 5929 2554 6002 legitur
2585 5944 2599 5986 :
2625 5931 2713 5985 sed
2741 5946 2854 5985 cum
2877 5939 2980 5984 tam
3004 5927 3187 5982 multa.

3028 6020 3208 6088 15,
