4004 6350
474 407 581 463 459

1668 405 1913 465 SANCTI
1950 406 2279 465 GREGORII
2318 406 2535 465 MAGNI

3652 408 3757 465 460

472 527 623 583 illinc
654 528 906 602 gentitem
962 529 1214 601 populum
1266 528 1514 599 suscipit,
1563 528 1615 582 in
1666 542 1767 581 una
1802 526 2060 582 Ecclesiae
2087 526 2341 592 Aaudit;
2371 527 2493 581 huic
2520 541 2640 580 cum
2669 523 2803 580 fides
2850 523 3038 591 datur,
3098 524 3167 580 ad
3213 524 3497 581 aediﬁcium
3559 524 3755 580 subse-

474 625 674 682 iahrica
725 627 876 696 quasi
927 626 1062 681 duos
1107 620 1341 699 parietes
1387 627 1593 697 jungit,
1628 626 1803 680 'illum
1837 626 1905 680 de
1955 642 2065 695 qtto

470 717 721 791 scriptum
754 729 837 775 est
871 740 882 773 :
916 720 1061 775 Fecit
1090 732 1308 788 utraque
1356 739 1519 776 unum
1572 720 1793 793 (Ephes.
1838 738 1894 787 ll,
1948 720 2061 792 Μ).

470 810 572 878 Qui
604 812 912 883 angularem
938 827 998 868 se
1016 813 1244 883 lapidem
1278 829 1381 867 non
1408 814 1581 869 Solum
1611 814 1664 868 in
1695 813 2061 878 inferioribus,

469 903 563 955 sed
618 910 671 956 et
716 901 769 956 in
828 903 1078 972 supernis
1128 904 1387 971 exhibuit,
1440 903 1561 974 quia
1592 913 1645 958 et
1671 904 1889 959 interra
1918 904 2063 974 plebi

473 992 785 1049 Israelitica:
820 995 1063 1049 nationes
1094 997 1331 1066 gentium
1383 1007 1438 1051 et
1464 1006 1743 1067 utramque
1776 999 1935 1051 simul
1964 1012 2062 1051 an-

466 1083 600 1153 gelis
631 1084 683 1138 in
705 1085 846 1139 caelo
867 1086 1109 1140 sociavit.
1163 1086 1240 1140 Eo
1289 1088 1640 1157 quippe-nato
1693 1088 2064 1142 clamaverunt

466 1175 639 1245 angeli
669 1194 680 1227 :
726 1173 793 1230 In
822 1185 960 1231 terra
985 1194 1089 1249 pax
1108 1176 1393 1233 hominibus
1422 1180 1567 1233 bona:
1604 1181 1878 1234 voluntatis
1906 1179 2059 1245 (Luc.

469 1268 532 1332 it,
564 1264 676 1338 M).
718 1265 777 1322 In
806 1275 926 1323 ortu
952 1269 1093 1324 enim
1147 1269 1306 1345 Regis
1352 1286 1681 1341 nequaquam
1731 1288 1823 1339 pro
1869 1287 2063 1337 magno

472 1357 732 1413 offerrent
764 1359 1070 1413 hominibus
1105 1361 1249 1424 pacis
1278 1362 1567 1432 gaudia,°si
1596 1362 1921 1417 discordiam
1956 1378 2062 1418 non

473 1449 755 1506 haberent.
789 1452 865 1508 De
895 1454 997 1508 hoc
1018 1455 1196 1525 lapide
1222 1470 1317 1524 per
1343 1456 1662 1525 l’rophetam
1692 1457 1922 1511 dicitur:
1959 1456 2061 1510 La-

469 1542 637 1609 pidem
677 1559 827 1614 quem
857 1545 1255 1613 reprobaverunt
1310 1546 1647 1613 wdi/icantes,
1680 1548 1763 1600 hic
1792 1549 1957 1616 factus
1987 1558 2061 1601 est

467 1637 520 1691 in
542 1646 694 1708 caput
725 1639 903 1711 anguli
923 1637 1097 1708 (Psal.
1126 1652 1295 1704 cxvn,
1322 1638 1438 1707 22).
1462 1640 1627 1709 Hujus
1653 1640 1847 1710 lapidis
1876 1651 2058 1713 typum

468 1727 757 1785 Jecltonias
793 1730 1101 1794 rex'tenuit,
1126 1747 1284 1800 quem
1312 1731 1593 1787 Matlhaaus
1623 1734 1748 1788 dum
1774 1735 2061 1805 quaterde-

468 1835 565 1874 nas
608 1823 979 1892 generationes
1025 1821 1395 1890 describeret,
1466 1825 1704 1878 secundo
1754 1829 2060 1883 numeravit

2174 621 2384 689 quemis
2407 621 2588 691 operis
2614 616 2725 690 jam
2753 618 3157 674 fundamentum
3183 621 3422 689 ponitur.
3474 617 3573 673 Ille
3608 628 3760 675 aiter-

2170 730 2235 769 na
2256 714 2367 783 jam
2389 712 2583 779 credit,
2615 726 2716 768 nec
2751 722 2931 765 tamen
2955 712 3163 779 metuit,
3198 712 3406 766 venturi
3430 710 3618 782 judicii
3648 719 3762 766 ter-

2167 824 2346 863 rorem
2373 807 2621 877 despicit,
2650 808 2887 878 peccatis
2916 822 2976 860 se
3000 808 3176 861 carnis
3205 814 3259 861 et
3291 806 3510 876 spiritus
3550 802 3760 860 auden-

2170 911 2249 957 ter
2295 899 2556 963 in’volvit;
2623 899 2743 953 huic
2796 908 3019 969 repente
3064 914 3185 953 cum
3240 898 3539 953 futurorum
3595 897 3762 951 timor

2168 992 2485 1059 infunditur,
2517 1003 2573 1046 ut
2607 993 2759 1047 bonae
2788 993 2912 1045 vitm
2939 1000 3124 1061 surgat
3153 988 3457 1058 mdificium,
3485 989 3598 1059 jam
3633 984 3759 1042 fun-

2166 1087 2421 1141 damenta
2441 1096 2844 1142 construuntur.
2905 1085 3087 1140 Posito
3117 1085 3295 1155 itaque
3334 1097 3609 1154 prosperae
3641 1081 3759 1134 for-

2168 1180 2383 1233 midinis
2409 1177 2787 1245 fundameuto,
2844 1192 2962 1233 cum
2987 1178 3245 1233 virtutum
3281 1176 3479 1231 fabrica
3505 1177 3560 1230 in
3587 1172 3758 1229 altum

2166 1273 2401 1351 qut-itur,
2436 1287 2660 1328 necesse
2693 1281 2776 1326 est
2802 1279 2860 1326 ut
2884 1271 3247 1340 unusquisque
3276 1268 3563 1339 proficiens
3614 1267 3760 1320 vires

2167 1378 2293 1418 suas
2321 1375 2478 1418 caute
2514 1364 2787 1431 metiatur,
2819 1361 2846 1401 ἀ
2878 1374 2935 1417 ut
2961 1374 3081 1418 cum
3138 1362 3317 1417 divina
3362 1360 3765 1431 constructione

2168 1469 2391 1524 magnus
2445 1469 2568 1510 esse
2610 1455 2720 1524 jam
2752 1456 2998 1527 coeperit,
3046 1455 3394 1524 semetipsum
3431 1463 3456 1491 ο
3506 1452 3769 1521 respiciat

2166 1548 2281 1603 sine
2314 1549 2623 1604 cessatione
2652 1549 2793 1620 quod
2828 1549 2948 1616 fuit,
2974 1559 3235 1621 quatenus
3265 1548 3554 1604 attendens
3581 1545 3770 1600 humi-

2124 1720 2131 1727 .
2167 1641 2288 1696 liter
2309 1642 2449 1710 quod
2484 1657 2579 1710 per
2606 1644 2851 1697 meritum
2877 1642 3125 1698 inventus
3150 1651 3255 1709 est,
3293 1654 3625 1712 nequaquam
3658 1637 3771 1694 sibi

2176 1743 2395 1806 arroget
2420 1734 2562 1805 quod
2592 1750 2685 1804 per
2715 1735 2940 1805 gratiam
2972 1736 3143 1789 factus
3167 1742 3269 1789 est.
3330 1731 3483 1788 Unde
3536 1740 3589 1786 et
3614 1743 3769 1783 nunc

2169 1829 2355 1884 beatus
2384 1828 2485 1883 Job
2514 1843 2608 1898 per
2634 1843 2926 1897 supernam
2971 1841 3156 1881 vocem
3188 1825 3254 1880 ad
3296 1824 3646 1893 semetipsum
3672 1836 3772 1875 re-
3814 1844 3823 1847 -

468 1911 689 1985 (Matth.
728 1929 764 1977 ι,
800 1912 912 1981 Η).
946 1912 1115 1979 Quem
1146 1915 1289 1966 enim
1320 1913 1408 1967 fini
1432 1914 1709 1981 secundae,
1742 1919 1911 1984 ipsum
1943 1934 2063 1972 rur-
2094 1908 2141 1968 Β
2169 1919 2399 1985 ducitur,
2457 1930 2513 1975 et
2536 1936 2602 1974 ne
2629 1921 2697 1975 de
2742 1919 3029 1975 virtutibus
3052 1916 3268 1991 gloriari
3300 1916 3514 1981 audeat,
3565 1914 3634 1969 de
3661 1927 3775 1966 an-

464 2018 583 2059 sum
605 2004 758 2061 initio
790 2006 962 2060 tertia:
991 2005 1353 2075 generationis
1380 2006 1627 2062 inseruit.
1683 2008 1799 2085 ipse
1831 2024 2061 2080 namque

466 2097 518 2151 in
554 2096 902 2167 Babyloniam
947 2113 1069 2152 cum
1104 2097 1396 2153 Israelitica
1452 2100 1607 2169 plebe
1668 2100 1926 2169 migratns
1955 2111 2057 2169 est,

463 2191 554 2263 qui
579 2192 704 2246 dum
738 2192 805 2247 ab
835 2191 957 2246 aliis
985 2193 1051 2246 ad
1080 2193 1182 2247 alia
1211 2194 1444 2258 ducitur,
1503 2211 1597 2261 pro
1631 2198 1911 2265 utriusque
1962 2213 2056 2265 pa-

463 2282 617 2337 rietis
650 2283 817 2337 latere
840 2299 945 2339 non
976 2284 1246 2339 immerito
1271 2285 1509 2340 secundo
1537 2297 1867 2342 numeratur.
1895 2288 2062 2360 Cujus

465 2376 806 2445 migrationis
834 2375 1309 2446 fiexuaugularem
1350 2379 1582 2445 lapidem
1627 2380 1893 2452 designat.
1954 2382 2061 2439 Ubi

464 2469 607 2523 enim
636 2470 771 2523 ordo
802 2483 833 2522 a
865 2469 1188 2523 rectitudine
1214 2471 1533 2535 deﬂectitur,
1572 2483 1628 2527 ut
1657 2484 1747 2528 eat
1789 2477 1839 2529 in
1887 2476 2063 2529 diver-

464 2576 607 2627 sum,
640 2570 894 2630 tanquam
927 2562 1182 2633 angulum
1212 2562 1361 2619 facit.
1422 2563 1585 2620 Recte
1624 2582 1752 2636 ergo
1784 2571 2059 2624 numerari

464 2653 551 2708 bis
582 2656 777 2723 putuit,
818 2655 942 2725 quia
975 2672 1074 2726 per
1103 2668 1389 2727 utrumque
1437 2659 1701 2729 parietem
1751 2664 1897 2731 quasi
1952 2664 2061 2718 duo

466 2746 522 2800 in
554 2761 613 2802 se
645 2749 809 2803 latera
858 2749 1113 2815 ostendit,
1171 2751 1311 2806 unde
1350 2760 1407 2807 et
1454 2752 1569 2820 ejus
1601 2753 1740 2809 bene
1770 2754 2058 2825 imaginem

464 2842 652 2906 tenuit,
706 2842 797 2912 qui
844 2843 895 2897 in
929 2843 1112 2900 Judaaa
1142 2855 1315 2913 ortus,
1374 2848 1731 2917 gentilitatem
1774 2850 2057 2920 colligens,

465 2934 616 3004 quasi
642 2951 671 2989 a
700 2936 1053 3010 .lerosolymis
1077 2926 1421 3011 Babyloniam
1452 2941 1619 3005 venit,
1646 2953 1807 3011 atque
1838 2942 1973 2997 hanc
2007 2945 2059 2997 in

465 3030 762 3095 semetipso
806 3026 930 3082 fidei
986 3028 1243 3083 fabricam
1290 3038 1318 3067 ι
1374 3032 1521 3099 prius
1548 3031 1831 3086 discordia:
1880 3033 2060 3087 studio

465 3114 689 3170 scissam
721 3126 835 3172 arte
863 3118 1136 3173 charitatis
1164 3121 1408 3174 intexuit.

540 3205 647 3261 Sed
700 3206 815 3261 haec
863 3224 981 3277 quae
1029 3209 1097 3263 de
1142 3210 1529 3279 significatione
1561 3222 1761 3267 sanctae
1805 3214 2061 3270 Ecclesia:

2144 2016 2339 2069 'teacta
2370 2017 2476 2069 vita
2501 2024 2850 2078 memoratur,
2880 2015 3034 2087 eique
3058 2010 3293 2068 dicitur:
3332 2009 3433 2065 Ubi
3460 2022 3575 2063 eras
3602 2023 3773 2079 quan-

2168 2110 2234 2163 do
2260 2109 2509 2179 ponebam
2540 2109 2879 2180 fundamenta
2912 2108 3099 2161 terrae?
3145 2107 3222 2180 Ac
3243 2106 3287 2160 si
3314 2103 3607 2176 justificato
3638 2114 3772 2171 pec-

2168 2178 2333 2259 catori
2362 2178 2548 2275 aperte
2570 2202 2781 2257 Veritas
2805 2204 2948 2256 dicat
2982 2220 2994 2254 :
3031 2178 3268 2256 Virtutes
3298 2217 3327 2254 a
3373 2212 3459 2253 me
3504 2205 3766 2265 acceptas

2171 2300 2264 2353 tibi
2302 2312 2405 2352 non
2442 2297 2669 2363 tribuas,
2699 2295 2718 2334 ί
2768 2298 2876 2351 noli
2898 2307 3083 2352 contra
3117 2311 3203 2349 me
3249 2296 3319 2351 de
3368 2309 3489 2349 meo
3536 2306 3770 2346 munem

2166 2392 2383 2448 extolli.
2429 2402 2453 2439 8
2486 2390 2679 2447 Recole
2704 2391 2792 2447 ubi
2836 2400 2888 2446 te
2917 2391 3095 2445 inveni
3126 2389 3340 2458 quando
3396 2402 3517 2441 meo
3570 2387 3774 2439 timore

2167 2492 2335 2554 prima
2369 2487 2420 2539 in
2455 2496 2505 2540 te
2538 2484 2884 2539 fundamenta
2915 2484 3177 2559 virtutum
3212 2481 3385 2549 posui.
3445 2478 3642 2533 Recole
3667 2476 3772 2533 ubi

2166 2588 2219 2633 te
2246 2579 2425 2632 inveni
2474 2576 2688 2646 quando
2734 2591 2854 2630 meo
2912 2585 2965 2631 te
3018 2574 3212 2630 timore
3241 2572 3485 2629 solidavi.
3537 2570 3602 2627 Ut
3630 2583 3769 2642 ergo

2166 2687 2267 2742 ego
2310 2672 2362 2727 in
2397 2681 2450 2726 te
2497 2687 2603 2726 non
2631 2671 2904 2725 destruam
2955 2669 3097 2741 quod
3144 2668 3444 2733 construxi,
3497 2667 3611 2736 ipse
3652 2679 3765 2719 non

2166 2778 2350 2818 cesses
2380 2761 2730 2817 considerare
2754 2762 2895 2831 quod
2923 2761 3120 2831 reperi.
3175 2761 3344 2829 Quem
3371 2760 3513 2815 enim
3548 2758 3767 2811 Veritas

2166 2856 2268 2909 nisi
2302 2863 2395 2910 aut
2424 2855 2476 2908 in
2505 2853 2718 2923 ﬂagitiis
2773 2862 2866 2908 aut
2919 2853 2970 2907 in
3004 2852 3322 2907 excessibus
3352 2850 3596 2906 invenit?
3647 2847 3769 2903 Sed

2168 2957 2291 3017 post
2340 2947 2454 3001 base
2517 2948 2654 3002 bene
2709 2961 2993 3015 possumus
3025 2961 3240 3000 servare
3270 2944 3411 3014 quod
3464 2957 3668 3009 sumus,
3715 2939 3771 2998 si

2132 3082 2133 3085 η
2168 3056 2441 3109 nunquam
2472 3040 2791 3111 negligimus
2818 3054 3043 3111 pensare
3071 3038 3215 3110 quod
3240 3038 3456 3093 fuimus.
3499 3034 3771 3091 Nonnun-

2168 3146 2325 3200 quam
2360 3144 2536 3185 tamen
2592 3130 2925 3185 clandestina
2955 3130 3119 3185 elatio
3173 3129 3334 3185 etiam
3365 3128 3609 3185 sollicitis
3638 3140 3772 3181 cor-

2172 3221 2331 3276 dibus
2363 3222 2658 3293 subrepere
2688 3223 2842 3287 solet,
2904 3233 2961 3277 ttt
3010 3221 3273 3277 bonorum
3326 3220 3598 3291 cogitatio,
3633 3217 3773 3283 licet

469 3297 609 3352 dicta
632 3309 759 3353 sunt
786 3298 961 3367 placet
994 3310 1049 3355 ut
1089 3302 1324 3357 breviata
1379 3304 1735 3372 replicatione
1779 3309 2058 3363 moraliter
2086 3288 2133 3361 β
2168 3314 2379 3370 subtilis
2408 3315 2477 3369 sit
2499 3288 2563 3369 an
2593 3329 2798 3384 pressa,
2829 3310 2859 3351 ιι
2887 3330 3005 3369 cum
3037 3312 3191 3369 valde
3227 3314 3279 3368 in
3310 3288 3594 3367 γίτίυιίδυε
3637 3325 3773 3365 (ιι-ε.

468 3388 821 3444 disserantur.
884 3389 1109 3461 Dignum
1167 3406 1398 3462 namque
1457 3406 1539 3449 est
1590 3403 1648 3449 ut
1712 3411 1807 3464 per
1846 3412 2058 3467 eaquae

469 3482 629 3553 beato
659 3481 763 3537 Job
810 3482 914 3537 dici
942 3485 1323 3554 cognoscimus
1354 3486 1418 3540 ad
1470 3488 1633 3543 corda
1688 3500 1869 3543 nostra
1901 3507 2061 3545 revo-

469 3590 679 3642 cemur,
726 3577 853 3646 quia
906 3576 1069 3632 verba
1106 3577 1201 3633 Dei
1231 3587 1357 3633 tunc
1399 3594 1552 3634 tuens
1582 3581 1763 3635 verius
1818 3583 2066 3653 intelligit

444 3674 595 3724 'cum
640 3670 697 3725 in
725 3666 809 3725 eis
847 3671 1191 3738 semetipsam
1220 3674 1429 3738 quaerit.
1477 3673 1616 3729 Ecce
1644 3675 1788 3730 enim
1819 3676 2016 3731 dicitur
2045 3694 2059 3730 :

1074 3769 1307 3828 CAPUT
1360 3772 1452 3855 ιχ.

537 3864 704 3921 Vitis.
736 3863 792 3921 4.
822 3894 895 3907 -
946 3862 1047 3921 Ubi
1066 3880 1181 3919 eras
1208 3860 1421 3933 quando
1444 3868 1693 3936 ponebam
1722 3869 2063 3939 fundamenta

440 3956 663 4011 terrae?

396 5320 429 5340 ‘Q.

398 5488 411 5539 ‘i

439 5426 447 5441 '
540 5424 567 5453 ι
596 5414 798 5471 Turon.
816 5423 873 5471 et
888 5414 1084 5483 Laud.,

542 4043 743 4103 Sensus
768 4060 1018 4101 nouus.
1066 4076 1137 4086 —
1185 4043 1278 4100 20.
1336 4046 1475 4114 Quid
1506 4063 1572 4102 ea:
1620 4047 1765 4103 nobis
1815 4049 2063 4121 fuerimus
2096 4126 2109 4137 υ

465 4156 664 4209 semper
693 4138 1148 4207 considerandum,
1174 4158 1234 4219 ne
1254 4144 1393 4212 quod
1422 4157 1599 4195 sumus
1621 4159 1681 4195 er
1712 4143 1806 4197 Dei
1833 4161 2059 4212 munere,

466 4231 617 4287 nobis
647 4228 953 4285 tribuamus.
985 4262 1058 4274 —
1089 4229 1145 4287 Si
1176 4231 1475 4301 peccatoris
1500 4231 1709 4286 animus
1738 4234 1910 4302 pulvis
1959 4247 2060 4300 est,

470 4321 502 4363 δ
530 4323 618 4393 qui
643 4321 695 4376 in
727 4320 1017 4392 superficie
1048 4322 1331 4386 attollitur,
1364 4331 1418 4377 et
1445 4326 1753 4378 tentationis
1785 4342 1913 4379 aura
1945 4343 2067 4397 rap-

466 4423 633 4479 tatur,
660 4413 803 4469 unde
823 4413 1079 4484 scriptum
1112 4422 1232 4468 est:
1270 4413 1390 4468 Non
1419 4416 1493 4469 sic
1523 4414 1688 4484 impii,
1726 4434 1825 4470 non
1849 4420 1943 4483 sic,
1976 4420 2063 4473 sed

465 4515 727 4574 tamquam
751 4506 946 4575 pulvis,
994 4522 1145 4577 quem
1188 4506 1394 4577 projicit
1445 4517 1624 4561 ventus
1672 4525 1702 4560 a
1736 4509 1869 4578 facie
1913 4519 2063 4563 terra:

467 4592 645 4666 (Psal.
670 4613 709 4660 ι,
735 4593 814 4667 5),
837 4597 999 4669 903
1030 4598 1098 4652 nil
1128 4597 1307 4652 obStat
1336 4606 1531 4653 terram
1563 4599 1789 4668 intelligi
1824 4602 2057 4655 animam

462 4688 611 4759 justi,
651 4689 719 4743 de
744 4690 848 4757 qua
876 4692 1131 4759 scriptum
1157 4698 1241 4744 est
1275 4708 1285 4741 :
1313 4687 1475 4743 Terra
1504 4691 1641 4743 enim
1689 4707 1824 4761 stepe
1858 4693 2061 4745 renien—
2092 4677 2142 4737 Ι)

465 4790 567 4836 tem
586 4799 738 4855 super
757 4798 810 4838 se
829 4783 999 4837 bibens
1019 4784 1254 4849 imbrem;
1274 4793 1321 4839 et
1342 4801 1590 4856 generous
1617 4786 1849 4850 herbam,
1881 4803 2060 4855 oppor-

466 4885 643 4928 tunam
684 4874 791 4929 illis
844 4893 876 4929 a
923 4876 1107 4946 quibus
1178 4878 1366 4931 colitur
1422 4878 1607 4950 accipit
1658 4880 2056 4935 benedictionem

471 4967 662 5041 (Hebr.
698 4985 767 5035 vt,
802 4968 881 5038 7).
932 4967 1079 5042 [νει.
1115 4967 1212 5041 Χο]
1243 4980 1265 5009 ε
1295 4969 1401 5026 Sed
1455 4971 1610 5040 hujus
1650 4979 1812 5027 terra:
1867 4975 2057 5027 funda—

469 5071 709 5119 mentum
734 5061 868 5117 fides
897 5070 998 5117 est.
1027 5061 1195 5132 Hujus
1224 5070 1384 5119 terrae
1410 5062 1818 5119 fundamentum
1835 5064 2057 5134 jacitur,

466 5155 682 5229 quando
701 5155 755 5212 in
782 5154 1010 5225 occultis
1033 5155 1210 5215 cordis
1237 5157 1405 5225 prima
1435 5156 1721 5215 soliditatis
1741 5172 1903 5213 causa
1927 5158 2060 5212 divi-

467 5263 572 5305 nus
600 5248 759 5307 timor
788 5247 1105 5319 inspiratur.
1129 5249 1235 5306 iste
1263 5249 1493 5306 necdum
1513 5250 1683 5307 credit
1712 5260 1911 5313 aeterna
1938 5269 2060 5322 qua:

783 5456 798 5499 ε
816 5423 873 5471 et
888 5414 1096 5500 baud,
1103 5414 1547 5500 priusﬂiscordice
1566 5414 1868 5473 studiosam.
1891 5415 2053 5469 Corb.

470 5484 681 5551 Germ.,
713 5487 857 5553 prius
888 5484 1163 5541 discordia!
1188 5486 1306 5541 odio
1328 5488 1561 5539 scissam.

538 5555 569 5641 ξι
604 5556 769 5612 Corb.
809 5554 1019 5621 Germ.,
1062 5556 1258 5613 Pratel.
1307 5565 1363 5612 et
1409 5556 1572 5623 Utic.,
1621 5557 1742 5627 quia
1772 5560 1825 5610 in
1878 5573 2060 5621 supero

472 5629 1067 5783 ρωξῖιδιιιιςι.,μοιιιίειςίε
1112 5698 1314 5765 multis,
1362 5697 1453 5754 sed
1490 5697 1650 5770 hujus
1681 5708 1832 5754 terra:
1879 5698 2061 5771 ίαηλάω

471 5777 696 5829 utentum
708 5777 926 5840 jacitur.

532 5835 571 5909 ,δ
612 5836 806 5921 Isauri"
834 5850 878 5892 et
896 5838 1023 5921 cum
1043 5840 1234 5921 .divina
1249 5846 1534 5921 construct.
1715 5910 1727 5921 .
1766 5910 1777 5921 .

549 5918 573 5947 ο
616 5907 863 5977 Vindoc.,
896 5908 1109 5965 Ebroic.
1137 5918 1192 5965 et
1214 5911 1286 5965 al.
1318 5908 1529 5976 Norm.,
1556 5910 1850 5975 perspiciat.

2176 3407 2301 3471 scit,
2334 3406 2498 3460 oblita
2529 3404 2853 3460 infirmitatis
2877 3408 3130 3476 propriae,
3175 3418 3510 3476 nequaquam
3550 3402 3616 3457 ad
3644 3416 3773 3457 me-

2168 3499 2396 3553 moriam
2419 3506 2639 3553 revocet
2662 3492 2792 3567 quid
2816 3498 2869 3552 in
2915 3499 3057 3552 vitiis
3088 3498 3271 3553 fuerit.
3328 3497 3484 3553 Unde
3509 3504 3561 3551 et
3586 3494 3773 3550 omni~

2168 3602 2359 3661 potens
2393 3591 2557 3659 Deus,
2614 3591 2738 3661 quia
2766 3590 2951 3661 augeri
2977 3588 3344 3645 iniirmitatem
3372 3590 3532 3645 etiam
3573 3589 3642 3644 de
3669 3604 3771 3641 re-

2168 3686 2362 3740 mediis
2390 3685 2579 3740 salutis
2601 3684 2883 3753 conspicit,
2914 3698 3220 3739 mensuram
3250 3683 3383 3753 ipsis
3413 3681 3771 3749 nostris'pro-

2168 3780 2396 3835 fcctibus
2430 3779 2676 3849 imponit,
2736 3787 2792 3832 ut
2849 3778 3145 3832 habeamus
3204 3777 3445 3847 quasdam
3501 3775 3777 3855 virtutum,

2170 3875 2306 3929 bona
2333 3889 2452 3945 quas
2481 3887 2751 3943 nunquam
2784 3871 3154 3941 quaesivimus,
3206 3879 3261 3925 et
3286 3884 3592 3940 quaeramus
3613 3882 3771 3937 quae.

2167 3969 2313 4033 dam,
2368 3982 2467 4021 nec
2511 3976 2688 4019 tamen
2738 3963 3278 4037 haberevvaleamus,
3309 3972 3572 4033 quatenus
3605 3974 3768 4013 mens

2168 4070 2349 4115 nostra
2405 4058 2529 4111 dum
2583 4060 2698 4111 haec
2754 4069 2864 4109 non
2921 4063 3097 4124 potest
3142 4053 3342 4108 habere
3370 4066 3492 4122 quas
3534 4049 3769 4120 appetit,

2168 4162 2223 4207 et
2253 4152 2346 4205 illa
2377 4166 2436 4205 se
2471 4149 2731 4219 intelligat
2774 4147 2843 4202 de
2895 4148 3179 4214 semetipsa
3230 4160 3335 4200 non
3387 4143 3591 4199 habere
3642 4156 3769 4212 quas

2173 4242 2353 4306 habet,
2415 4250 2468 4294 et
2496 4254 2590 4309 per
2618 4254 2679 4293 ea
2716 4253 2841 4309 qua:
2872 4239 3066 4293 adsunt
3087 4237 3497 4292 considerentur
3524 4234 3614 4287 illa
3643 4247 3771 4303 quas

2169 4334 2385 4399 desunt,
2446 4343 2499 4385 et
2551 4346 2648 4400 per
2694 4346 2754 4384 ea
2802 4344 2925 4401 quas
2973 4329 3172 4385 utiliter
3230 4329 3427 4384 desunt
3478 4339 3771 4383 serventur

2171 4427 2443 4481 humiliter
2473 4426 2609 4479 bona
2639 4441 2759 4493 qua:
2806 4426 3020 4481 adsunt.
3087 4423 3239 4479 Unde
3281 4432 3335 4477 et
3386 4432 3536 4478 recte
3592 4420 3607 4458 ί
3658 4434 3766 4491 pro

2173 4522 2330 4591 hujus
2354 4531 2531 4585 terras,
2562 4519 2617 4574 id
2639 4528 2722 4574 est
2746 4518 2907 4589 justas
2936 4517 3132 4579 animas
3192 4515 3600 4586 dispensatione
3631 4514 3763 4570 sub—

2164 4617 2444 4687 jungitur:
2792 4682 3018 4739 CAPUT
3056 4680 3106 4737 Χ

2246 4781 2411 4851 νεεδ.
2438 4781 2493 4846 4,
2526 4777 2579 4834 5.
2602 4810 2675 4822 -
2698 4776 2888 4831 Indica
2910 4776 3058 4842 mihi,
3100 4776 3147 4829 si
3169 4775 3321 4829 habes
3339 4771 3767 4844 intcliigentiatu,

2167 4878 2283 4945 quis
2328 4875 2500 4948 posuit
2540 4888 2805 4928 mensuras
2832 4872 2962 4942 ejus,
2992 4870 3037 4925 si
3066 4870 3229 4936 nosti,
3273 4869 3352 4924 vel
3396 4868 3512 4938 quis
3556 4866 3769 4933 tetendit

2168 4983 2323 5038 super
2352 4983 2466 5019 eam
2488 4966 2715 5043 lineam?

2241 5057 2332 5115 2i.
2378 5057 2546 5124 Quam
2598 5056 2853 5123 sapienter
2900 5053 3041 5108 Deus
3092 5052 3230 5105 dona
3278 5068 3397 5119 sua,
3453 5062 3561 5101 nou
3591 5047 3767 5101 omnia

2173 5154 2433 5218 omnibus,
2486 5154 2577 5208 sed
2629 5151 2839 5223 singula
2888 5149 3112 5221 singulis
3160 5146 3449 5209 distribuat.
3507 5172 3583 5184 —
3632 5139 3764 5207 Quis

2170 5247 2315 5303 enim
2351 5246 2367 5297 l
2410 5248 2511 5303 utsi
2556 5246 2804 5302 conditor
2861 5252 3041 5298 noster
3088 5241 3245 5310 hujus
3275 5247 3432 5293 terra:
3479 5245 3765 5305 mensuras

2245 5413 2264 5452 ί
2304 5412 2530 5480 Pratel.,
2563 5414 2669 5466 noli
2697 5422 2743 5465 te
2764 5419 2941 5464 contra
2964 5426 3111 5463 me...
3133 5405 3380 5480 extollere

2240 5495 2265 5533 8
2302 5485 2425 5540 Haec
2452 5473 2714 5539 in'Laud.
2764 5484 2957 5536 desunt
3002 5496 3168 5549 usque
3209 5478 3275 5530 ad
3307 5495 3333 5549 :7
3362 5473 3664 5549 recoleubi
3716 5482 3762 5527 te

2162 5558 2328 5611 inveni
2384 5558 2594 5621 quando
2648 5571 2759 5607 meo
2791 5555 2971 5607 timore
3023 5545 3357 5603 te'solidavi.
3423 5545 3654 5621 Findoc.
3705 5552 3758 5621 et

2163 5627 2355 5691 Corb.,
2391 5616 2601 5689 Germ.,
2649 5625 2817 5678 recole
2846 5623 2933 5676 ubi
2981 5632 3027 5675 te
3046 5621 3217 5687 iuveni
3259 5617 3465 5688 quando
3506 5616 3677 5687 prima
3708 5616 3756 5666 is

2132 5707 2141 5715 '
2167 5707 2236 5765 te,
2260 5707 2390 5762 etc.,
2424 5697 2637 5750 omissis
2663 5695 2849 5765 verbis
2873 5708 2983 5744 meo
3010 5693 3209 5743 timore.

2240 5766 2268 5804 ιλ
2309 5756 2507 5821 Pratel.
2540 5779 2590 5820 et
2617 5766 2777 5820 Corb.
2812 5762 3021 5827 Germ.,
3053 5776 3169 5814 cum
3196 5763 3315 5831 jam
3336 5756 3504 5831 ualde.

2246 5837 2263 5876 ί
2312 5838 2589 5909 Laudnn.,_
2607 5853 2696 5908 per
2716 5837 2879 5909 hujus
2902 5843 3120 5909 terra)...
3149 5830 3531 5909 diapensatiqne

2247 5908 2259 5957 i
2314 5905 2455 5961 Idem
2480 5905 2643 5975 Cod.,
2672 5908 2772 5961 nisi
2788 5905 3015 5960 creditor
3038 5913 3226 5956 uoster.
3522 5906 3529 5915 '
