2018 3174
88 238 93 243 .
137 219 188 247 ιθι

494 220 673 250 ΜοιιΑιιυιι
696 222 761 250 LIB.
783 221 902 250 XXVIII.
923 236 928 244 -

983 221 1008 249 .N
1028 221 1142 250 CAPUT
1165 223 1295 251 xxxvui
1313 224 1340 250 ts.
1363 223 1430 251 seu.
1461 205 1463 209 ⁷

1729 223 1777 267 i6?

137 279 215 313 ponit
240 276 271 311 (I
282 277 345 307 Car.
359 286 408 313 su,
431 278 482 314 8)?
507 279 568 313 Qui,
591 279 690 307 interni
708 279 803 314 iudicii
827 284 932 308 secreto
946 280 1033 313 Aper
1059 278 1171 307 Paulum
1193 281 1311 309 dicitur:
1342 281 1413 308 Nam
1439 286 1463 308 et
1482 289 1574 316 corpus
1584 290 1635 310 nan
1646 286 1683 310 est
1699 290 1778 310 urunt

138 325 335 356 moderamine,
360 325 406 352 alii
419 332 572 353 sermonem
588 326 741 361 sapientia,
767 326 811 354 alii
828 333 932 354 sermo-

138 378 201 398 nem
216 371 348 403 scientias,
360 370 407 398 alii
416 370 526 405 plenam
553 370 644 404 ﬁdem,
672 370 716 398 alii
732 372 845 406 gratiam
858 371 933 400 sani-

140 421 237 451 tatum,
253 417 299 444 alii
314 417 498 450 operationem
513 416 652 450 virtutum,
678 417 725 445 alii
751 417 931 452 prophetiam,

138 462 186 489 alii
199 462 390 495 discretionem
412 463 571 498 spirituum,
593 464 640 490 alii
655 471 754 498 genera
770 463 931 498 linguarum.

138 509 185 536 alii
205 509 554 546 “interpretationem
566 517 721 537 sermonum
737 510 841 543 tribuit,
867 518 932 545 qua-

137 560 218 583 tenus
234 557 260 582 in
280 563 334 583 uno
346 556 496 590 eodemque
510 556 608 590 spiritu
633 557 683 583 iste
696 556 781 584 verbo
793 556 933 591 sapientiai

137 601 248 636 polleat.
275 609 325 629 nec
337 606 425 629 tamen
436 609 562 630 sermone
575 602 704 635 scientiae,
732 603 757 631 id
772 608 813 630 est
830 602 932 630 doctri-

137 645 353 680 na,fulclatur,
375 648 436 682 quia
462 648 564 676 sentire
588 653 668 682 atque
693 648 815 675 invenire
834 650 932 676 sulticit

136 693 221 720 etiam
235 693 306 728 quod
322 700 371 728 per
384 692 506 721 discendi
519 693 638 721 studium
654 701 708 721 non
736 694 930 728 apprehendit;

134 739 182 766 ille
196 745 322 766 sermone
334 739 455 766 scientiae
468 739 577 774 fulgeat,
591 746 642 767 nec
653 743 741 767 tamen
755 741 782 776 in
795 740 877 767 verbo
889 748 932 767 sa-

134 785 245 819 pientiai
259 785 439 816 convalescat.
455 785 517 819 quia
539 790 568 813 et
581 786 690 817 explere
704 785 804 820 sufficit
818 790 831 804 ι
847 793 931 820 quan~

134 835 193 858 tum
218 830 330 865 didicit,
353 835 379 859 et
407 836 498 859 tamen
517 832 551 859 ad
575 831 745 860 sentiendum
771 839 803 859 es
834 838 931 860 semet-

134 875 195 910 ipso
210 876 308 903 subtile
327 876 428 911 aliquid
449 884 501 904 non
513 877 640 912 assurgit.
657 877 710 904 Iste
725 884 771 911 per
784 877 864 904 fidem
877 879 931 905 ele-

134 923 235 950 mentis
248 915 373 958 iitiperat,
403 930 453 950 nec
474 929 562 950 tamen
587 931 635 957 per
657 924 801 950 sanitatum
817 925 941 959 gratiam,

136 968 303 996 inﬁrmitates
316 976 459 1003 corporum
476 974 566 1009 curat;
585 969 631 996 ille
642 970 775 997 orationis
791 978 841 1003 ope
856 978 928 997 mor-
941 974 968 1013 β

137 1015 187 1041 bos
200 1014 341 1047 subtrahit,
359 1018 409 1041 nec
424 1020 512 1042 tamen
523 1008 614 1041 arenti
639 1019 718 1042 terrte
732 1015 816 1042 verbo
830 1015 931 1050 pluvias

133 1061 231 1095 reddit.
250 1060 301 1095 Iste
313 1060 471 1094 operatione
486 1060 614 1088 virtutum
624 1061 658 1099 ad
675 1066 836 1094 prazsenlem
848 1061 929 1088 vitam

130 1107 214 1134 etiam
229 1113 351 1134 mortuos
362 1111 483 1140 revocat,
496 1112 523 1133 et
534 1111 636 1139 tamen,
653 1107 801 1141 prophetia:
816 1104 929 1142 gratiam

129 1160 185 1180 non
203 1153 314 1186 habens,
330 1160 388 1188 qua:
404 1153 455 1180 sibi
470 1158 583 1180 ventura
596 1158 659 1180 sunt
671 1155 792 1188 ignorat;
808 1155 852 1182 ille
866 1162 929 1181 ven-

128 1201 190 1224 tura
205 1204 318 1231 quasque
333 1197 404 1223 Velut
421 1197 561 1230 przeseutia
576 1197 702 1229 attendit,
729 1202 756 1224 et
785 1204 874 1225 tamen
901 1199 928 1225 in

123 1241 203 1281 pulla
217 1242 355 1276 signorum
367 1242 523 1276 operatione
535 1251 564 1269 se
579 1241 676 1270 exerit.
696 1243 747 1270 lste
764 1251 812 1278 per
826 1244 927 1271 discre-

129 1289 234 1315 tionem
247 1289 389 1323 spirituum
404 1289 430 1315 in
455 1288 532 1318 factis
547 1288 682 1316 subtiliter
702 1283 806 1316 mentes
819 1290 927 1324 conspi-

126 1334 176 1367 cit,
201 1334 248 1361 sed
272 1339 361 1362 tamen
385 1335 483 1373 diversi
507 1334 614 1369 generis
640 1335 744 1371 linguas
764 1336 864 1369 nescit;
881 1336 928 1362 ille

127 1381 229 1409 diversi
242 1382 348 1415 generis
364 1381 468 1416 linguas
483 1381 628 1414 examinat,
642 1381 689 1409 sed
703 1387 791 1409 tamen
809 1382 835 1408 in
847 1382 927 1409 rebus

127 1428 262 1456 similibus
279 1428 420 1455 diSsiilliiia
433 1428 516 1455 corda
541 1436 593 1455 non
609 1433 714 1462 pensat.
744 1428 818 1455 Alius
833 1429 858 1455 in
875 1437 927 1456 una

124 1473 219 1513 lingua
233 1481 312 1507 quam
327 1474 401 1500 novit
412 1481 569 1501 sermonum
587 1474 704 1507 pondera
725 1474 926 1508 interpretando

127 1520 275 1555 prudenter
290 1521 411 1553 discutit,
427 1526 454 1548 et
469 1526 559 1547 tamen
575 1519 685 1555 reliquis
698 1521 780 1547 bonis
794 1528 855 1555 qua:
873 1528 924 1548 non

127 1565 210 1593 habet
223 1566 356 1601 patienter
372 1571 457 1601 caret.
923 1562 929 1567 ⁸

163 1611 209 1638 Ξιὶ.
225 1612 270 1638 Sic
281 1612 420 1638 humilitati
433 1616 536 1639 cavetur
546 1617 570 1639 et
581 1612 710 1639 charilati.
726 1628 761 1634 —
775 1613 820 1641 Sic
835 1613 926 1648 itaque

126 1662 236 1685 creator
248 1661 340 1684 noster
356 1662 437 1691 atque
449 1657 596 1692 dispositor
607 1662 702 1684 cuncta
715 1658 880 1691 moderatur,
896 1663 925 1685 ut
939 1669 963 1702 ο

125 1704 172 1740 qui
190 1704 282 1732 extolli
307 1707 413 1739 poterat
432 1711 465 1731 ex
481 1703 553 1731 dono
575 1703 647 1739 quod
669 1704 748 1732 habet
770 1704 925 1732 lmmilietur

126 1759 160 1779 ex
173 1751 270 1779 virtute
286 1759 365 1786 quam
378 1759 430 1784 non
446 1750 537 1778 habet.
570 1750 615 1778 Sic
640 1755 736 1778 cuncta
759 1751 924 1784 moderatur,

125 1804 155 1825 ut
169 1805 230 1825 cum
243 1804 292 1832 per
318 1798 469 1832 impensam
482 1797 594 1833 gratiam
607 1795 828 1833 unumquemque
842 1798 927 1825 suble-

126 1848 183 1876 vat,
199 1844 280 1870 etiam
298 1851 345 1878 per
359 1843 495 1879 disparem
519 1842 598 1870 alteri
625 1844 738 1870 alterum
764 1839 877 1876 subdal,
898 1847 927 1870 et

125 1890 266 1917 meliorem
295 1889 408 1924 quisque
426 1889 496 1916 dono
511 1888 565 1915 alio
579 1895 640 1915 eum
666 1888 710 1923 qui
721 1886 772 1916 sibi
784 1888 926 1924 subjicitur

124 1936 257 1967 attendat,
271 1943 302 1962 ac
318 1935 381 1962 licet
397 1942 426 1962 se
443 1935 541 1969 praeire
556 1933 571 1954 ιι
587 1939 616 1962 et
631 1935 692 1962 aliis
706 1935 814 1968 sentiat,
835 1935 925 1963 eidem

98 1976 107 1984 ”
126 1986 217 2009 tamen
233 1989 312 2016 quem
329 1985 438 2015 superat
453 1988 482 2008 se
496 1980 523 2008 in
537 1980 596 2007 aliis
608 1984 762 2016 postponat.
772 1980 816 2009 Sic
828 1985 924 2008 cuncta

124 2028 290 2059 moderatur.
315 2033 344 2055 ut
358 2028 421 2055 dum
444 2028 548 2062 singula
573 2035 688 2063 quaeque
710 2032 773 2055 sunt
790 2029 922 2060 ‘omnium,

124 2067 281 2110 interposita
305 2075 420 2109 quadam
450 2074 590 2101 riteritatis
617 2075 834 2108 necessitudine,
860 2075 925 2103 Iiant

123 2121 217 2148 omnia
243 2121 427 2156 singulorum,
449 2126 476 2147 et
502 2120 686 2155 unusquisque
710 2121 749 2148 sic
774 2121 845 2155 quod
871 2128 923 2147 non

123 2167 231 2202 accepit
257 2168 283 2195 in
299 2168 385 2194 altero
403 2167 554 2201 possideat,
578 2172 608 2194 ut
622 2167 680 2202 ipse
694 2167 773 2194 alteri
785 2167 924 2202 possiden-

122 2214 190 2241 dum
219 2214 290 2249 quod
315 2214 420 2249 accepit
445 2214 583 2241 hutniliter
599 2214 745 2248 impendat.
773 2214 925 2250 [VeLXL]

125 2260 195 2287 Hinc
210 2261 281 2287 enim
307 2268 354 2295 per
383 2260 492 2287 Petrum
517 2259 637 2287 dicitur:
665 2259 844 2296 Unusquisque
859 2262 926 2287 sicut

121 2307 221 2343 acerpil
247 2307 369 2343 gratiam,
396 2308 423 2340 in
444 2307 596 2334 alterutrum
612 2307 685 2333 illaut
700 2307 924 2338 administrontes,

982 322 1133 358 membrum,
1147 324 1191 350 sed
1204 325 1296 351 multa.
1319 323 1349 351 Si
1369 324 1462 351 dixerit
1487 332 1530 358 pes
1550 332 1560 352 :
1583 326 1712 359 Quantam
1727 334 1779 363 non

981 376 1040 399 sum
1053 377 1156 400 manus,
1171 377 1223 396 non
1232 378 1290 397 sum
1301 370 1334 397 de
1343 378 1459 406 corpore,
1479 369 1493 388 ἀ
1517 379 1580 397 num
1598 372 1655 399 ideo
1679 379 1729 398 nos
1741 376 1778 399 ut

982 415 1014 442 de
1027 416 1154 449 corpore?
1167 414 1202 442 Et
1222 416 1245 443 si
1260 415 1353 452 dixerit
1371 416 1444 444 auris
1467 423 1477 443 .'
1499 410 1628 449 Quoniam
1652 425 1702 445 non
1721 425 1779 444 sum

983 463 1083 497 oculus,
1099 471 1151 492 non
1161 471 1220 491 sum
1233 464 1264 491 de
1277 472 1397 499 corpore;
1417 471 1479 492 num
1489 463 1548 491 ideo
1565 472 1616 491 non
1628 469 1666 491 est
1680 464 1713 491 de
1723 473 1780 492 cor-

982 509 1065 544 pore?
1077 509 1109 544 Si
1128 514 1208 537 totum
1232 517 1324 545 corpus
1334 509 1434 547 oculus,
1457 508 1501 536 ubi
1516 509 1640 537 auditus?
1659 510 1681 538 si
1699 516 1779 537 totum

983 556 1097 588 auditus,
1109 556 1152 582 ubi
1166 556 1289 586 odoratus
1303 555 1333 591 (I
1344 556 1404 583 Cor.
1413 565 1463 591 xtl,
1477 556 1521 590 M,
1538 555 1623 593 ,εφη
1644 557 1679 584 Et
1699 557 1780 587 paulo

983 607 1042 635 post
1058 610 1065 628 :
1082 601 1157 634 Quod
1168 602 1190 629 si
1203 606 1287 629 essent
1298 602 1385 629 omnia
1397 611 1477 630 unum
1490 603 1642 637 membrum,
1657 603 1701 629 ubi
1722 609 1780 630 cor-

983 650 1049 684 pus?
1071 648 1149 675 Nunc
1159 653 1246 676 autent
1258 649 1342 680 multa
1354 650 1458 686 quidem
1467 649 1593 683 membra,
1617 657 1698 676 unum
1720 655 1779 684 pero

984 704 1076 731 corpus
1088 694 1184 732 (Ibid.,
1201 696 1256 730 19).
1466 686 1469 692 Ι

1019 761 1063 788 '23.
1087 759 1120 788 In
1130 768 1238 795 corpore
1252 760 1377 789 Ecclesia
1388 761 1456 789 alius
1470 765 1507 789 est
1526 762 1628 794 oculus,
1644 761 1712 788 alius
1724 768 1778 788 map

984 816 1044 840 rtus,
1059 808 1127 835 alius
1139 816 1195 844 pes,
1213 813 1305 836 elc.—
1314 808 1385 842 Quid
1394 808 1466 835 enim
1476 812 1570 835 sancta
1582 807 1715 839 Ecclesia,
1728 805 1780 833 nisi

985 854 1095 887 superni
1109 854 1151 880 sui
1166 853 1263 888 capitis
1277 860 1376 886 corpus
1396 852 1457 880 est?
1476 853 1505 880 In
1520 860 1572 887 qua
1586 852 1655 879 alius
1668 851 1723 878 alta
1736 851 1779 878 vi-

984 899 1073 926 dendo
1088 899 1199 930 oculus,
1222 898 1305 936 905
1328 898 1396 925 alius
1418 901 1493 925 recta
1514 896 1652 932 operando
1671 904 1779 930 manus,

984 946 1054 972 alius
1066 946 1099 972 ad
1115 946 1233 979 injuncta
1249 945 1427 972 discurrendo
1441 952 1504 979 pes,
1532 945 1599 971 alius
1628 947 1782 979 praecepto.

984 999 1042 1019 rum
1056 999 1150 1019 vocem
1159 987 1334 1027 intelligendo
1347 991 1430 1025 auris,
1441 991 1511 1019 alios
1522 991 1655 1018 malorum
1665 991 1781 1018 fetorem

983 1038 1172 1073 bonorumque
1197 1042 1210 1057 ο
1234 1038 1410 1072 fragrantiam
1428 1037 1609 1065 discernenda
1632 1037 1706 1064 naris
1727 1041 1779 1064 est.

982 1083 1045 1116 Qui,
1061 1084 1242 1118 corporalium
1257 1090 1335 1111 more
1356 1083 1556 1115 membrorum,
1582 1083 1646 1110 dum
1660 1082 1779 1110 vicissim

982 1130 1034 1157 sibi
1047 1129 1057 1149 ι
1070 1135 1180 1165 accepta
1191 1129 1281 1157 officia
1297 1130 1467 1163 impendunt,
1484 1136 1566 1156 unum
1576 1129 1612 1156 de
1628 1128 1781 1163 semetipsis

982 1175 1108 1203 omnibus
1122 1183 1221 1210 corpus
1235 1176 1369 1208 reddunt;
1382 1181 1410 1204 et
1416 1182 1477 1203 oum
1488 1175 1596 1202 diversa
1609 1175 1635 1201 in
1649 1174 1781 1202 charitate

983 1226 1127 1256 peragunt,
1143 1221 1281 1248 diversum
1296 1227 1359 1249 esse
1373 1221 1519 1255 prohibent
1533 1221 1580 1248 ubi
1595 1221 1779 1248 continentur.

981 1267 1011 1295 Si
1022 1272 1113 1297 autem
1128 1274 1212 1294 unum
1236 1266 1302 1301 quid
1324 1267 1416 1294 cuncti
1439 1271 1562 1302 agerent,
1577 1274 1675 1301 corpus
1689 1267 1781 1303 utique

980 1313 1054 1348 quod
1068 1321 1100 1340 ex
1117 1313 1209 1341 multis
1223 1315 1380 1341 continetur
1393 1321 1447 1341 non
1461 1320 1564 1346 essent,
1577 1315 1640 1347 quia
1655 1314 1780 1342 videlicet

982 1360 1170 1393 multipliciter
1184 1364 1354 1394 compactum
1370 1367 1424 1387 nou
1449 1359 1588 1393 existeret,
1603 1361 1626 1387 si
1643 1361 1694 1388 hoc
1714 1368 1779 1388 eon-

981 1414 1043 1433 cors
1054 1408 1237 1434 membrorum
1250 1407 1401 1435 diversitas
1421 1414 1474 1434 non
1489 1412 1604 1435 teneret.
1631 1408 1698 1441 Quia
1713 1415 1779 1443 ergo
1820 1412 1823 1415 '

982 1454 1083 1480 sanctis
1111 1454 1240 1480 membris
1265 1453 1395 1480 Ecclesia!
1414 1452 1545 1480 virtutum
1562 1454 1632 1480 dona
1648 1453 1779 1481 Dominus

981 1499 1088 1532 dividit.
1105 1503 1185 1526 terra:
1202 1507 1343 1526 mensuras
1358 1499 1444 1533 ponit.
1472 1499 1548 1528 Unde
1565 1500 1662 1528 iterum
1681 1501 1778 1528 Paulus

981 1545 1046 1572 dicit
1072 1554 1078 1571 :

981 1591 1072 1625 (Rom.
1085 1598 1130 1620 xu.
1147 1592 1188 1624 5).
1202 1592 1239 1618 Et
1253 1598 1361 1620 rursum
1374 1600 1382 1618 :
1398 1590 1442 1619 Ea:
1453 1600 1504 1627 quo
1518 1597 1599 1619 totum
1607 1601 1699 1628 corpus
1707 1601 1778 1621 ιονι-
1803 1611 1805 1613 ι

980 1642 1086 1670 pactum
1109 1642 1133 1664 st
1155 1645 1300 1665 connexum
1313 1645 1359 1671 per
1381 1646 1480 1665 omnem
1491 1639 1642 1673 juncturam
1656 1639 1778 1666 submini-

979 1684 1123 1714 strationt's.
1139 1685 1280 1711 secundum
1295 1685 1469 1717 operationem
1482 1685 1511 1711 in
1523 1693 1669 1712 mensuram
1683 1687 1774 1712 unius-

981 1732 1106 1765 cuiusque
1119 1731 1240 1763 membri,
1263 1736 1430 1770 augmentum
1451 1732 1566 1764 corporis
1580 1732 1642 1767 facit
1653 1733 1680 1758 in
1694 1732 1777 1767 adi/i-

979 1777 1108 1804 utiauem
1122 1777 1163 1803 sui
1173 1777 1200 1810 ip
1215 1777 1341 1803 charitate
1353 1775 1463 1810 (Ephes.
1476 1783 1513 1809 Iv,
1529 1777 1575 1811 lli)

1014 1831 1069 1859 ει·
1083 1831 1195 1866 Singula
1207 1831 1320 1858 membra
1336 1832 1472 1866 assignatis
1492 1832 1540 1858 sibi
1554 1833 1650 1867 ofﬁciis
1663 1836 1776 1868 fingan-

980 1889 1033 1916 tur,
1061 1892 1113 1911 non
1126 1884 1212 1911 aliena
1224 1888 1360 1917 usurpem.
1376 1898 1413 1903 —
1430 1882 1483 1911 Sed
1507 1890 1568 1910 cum
1583 1884 1651 1911 miro
1665 1884 1778 1912 consilio
1802 1920 1810 1924 δ

979 1939 1074 1963 auctor
1085 1943 1117 1962 ac
1132 1935 1279 1969 dispositor
1292 1938 1383 1961 noster
1398 1933 1459 1961 huic
1470 1934 1516 1961 illa
1531 1934 1644 1968 largitur
1658 1942 1717 1967 qua:
1731 1935 1777 1962 alii

979 1986 1106 2020 denegat,
1127 1985 1174 2012 alii
1190 1985 1248 2012 haec
1261 1985 1375 2020 denegat
1391 1993 1450 2019 qua:
1467 1984 1510 2011 isti
1528 1985 1648 2020 largitur.
1666 1993 1776 2012 mensu-

980 2042 1026 2060 ras
1047 2033 1097 2060 sibi
1123 2032 1224 2066 positas
1239 2032 1330 2066 egredi
1352 2033 1445 2058 nititur
1471 2032 1592 2067 quisquis
1614 2040 1692 2066 posse
1719 2032 1777 2067 plus

980 2086 1059 2115 quam
1074 2079 1210 2112 acceperit
1221 2083 1344 2110 conatur,
1361 2083 1390 2105 ut
1406 2077 1429 2104 si
1445 2077 1559 2105 fortasse
1572 2079 1593 2105 is
1603 2079 1644 2105 cui
1655 2084 1777 2106 .lantum-

982 2125 1062 2152 modo
1074 2125 1165 2152 datum
1181 2129 1223 2159 est
1237 2129 1432 2158 prmceplornm
1448 2125 1553 2152 occulta
1568 2125 1702 2153 disserere
1718 2131 1776 2153 len-

975 2163 1018 2198 itet
1035 2171 1116 2199 etiam
1133 2171 1270 2199 miraculis
1285 2178 1439 2203 coruscare,
1454 2175 1502 2197 aut
1518 2172 1540 2198 is
1554 2169 1633 2206 quem
1651 2179 1776 2205 superna:

982 2218 1091 2245 virtutis
1105 2218 1204 2244 donum
1213 2217 1246 2244 ad
1259 2217 1314 2244 sola
1328 2217 1455 2244 miracula
1468 2218 1577 2244 roborat
1587 2219 1668 2244 etiam
1678 2217 1776 2245 divina

982 2264 1049 2297 legis
1063 2252 1182 2298 pandere
1198 2262 1302 2300 occulta
1315 2262 1470 2289 contendat.
1485 2267 1498 2286 κ
1508 2262 1534 2289 Iu
1548 2263 1695 2297 praecipitio
1704 2264 1775 2290 enim

983 2309 1077 2344 prdem
1096 2309 1209 2343 porrigit
1222 2308 1266 2342 qui
1280 2315 1465 2335 mensurarum
1478 2315 1586 2334 suarum
1601 2308 1710 2335 limitem
1723 2316 1776 2336 non

121 2356 192 2382 sicut
208 2354 465 2388 bonidispensatores
477 2353 642 2389 multiformis
658 2353 747 2389 gratia:
756 2352 803 2379 Dei
815 2352 842 2383 (1
854 2353 925 2379 Ρριιι.
941 2361 970 2391 D
981 2354 1105 2382 attendit.
1132 2355 1163 2380 Et
1188 2354 1345 2388 plerumque
1360 2353 1457 2380 amittit
1472 2358 1500 2380 et
1513 2354 1582 2388 quod
1610 2357 1717 2387 poterat
1729 2355 1775 2389 qui

124 2410 163 2435 iv,
180 2400 239 2437 I0).
267 2401 345 2428 Tunc
366 2408 483 2435 namque
498 2400 569 2428 bene
583 2399 757 2427 multiformis
777 2399 825 2426 Dei
840 2399 925 2434 gratia

85 2480 90 2484 ἡ
124 2446 311 2480 dispensatur,
322 2447 430 2481 quando
446 2451 587 2480 acceptum
603 2445 704 2472 donum
717 2449 728 2464 ο
745 2449 773 2472 et
796 2444 855 2480 ejus
879 2447 924 2479 qui

125 2494 178 2520 hoc
200 2501 251 2519 non
278 2488 359 2521 habet
383 2493 523 2525 creditur,
548 2493 656 2527 quando
683 2498 792 2527 propter
807 2492 924 2519 eumcui

106 2565 109 2567 _
125 2540 293 2575 impenditur
304 2541 354 2567 sibi
367 2539 459 2567 datum
474 2544 592 2573 putatur.
610 2538 677 2566 Hinc
692 2546 739 2573 per
758 2538 869 2566 Paulum
884 2539 925 2566 di-

125 2588 196 2613 citttr
209 2594 218 2613 ι
240 2584 291 2613 Per
306 2585 457 2612 charitatem
479 2585 569 2611 seruile
583 2585 688 2612 invicem
711 2584 809 2621 (Galat.
824 2593 850 2616 v,
868 2584 922 2618 i5).

123 2633 203 2661 Tunc
218 2632 290 2660 enim
307 2640 356 2659 nos
366 2632 485 2659 Charitas
500 2639 514 2658 a
525 2631 590 2666 jugo
597 2632 686 2667 culpa:
709 2631 809 2659 liberos
824 2631 923 2665 reddit,

122 2688 185 2707 cum
203 2678 320 2706 vicissim
336 2686 387 2706 nos
397 2682 493 2705 nostro
506 2685 556 2713 per
569 2684 688 2704 amorem
701 2678 812 2705 servitio
839 2678 925 2712 subji-

119 2727 171 2757 cit,
184 2734 245 2753 cum
261 2731 289 2753 et
306 2725 394 2752 aliena
410 2725 478 2753 bona
497 2728 591 2751 nostra
614 2725 761 2757 credimus,
784 2728 811 2752 et
831 2730 923 2752 nostra

119 2774 184 2801 aliis
196 2774 272 2808 quasi
293 2780 341 2800 sua
356 2771 502 2800 oﬂerentes
523 2770 692 2799 exhibemus.
722 2772 790 2799 Hinc
815 2779 922 2799 rursum

159 2837 172 2851 ι
193 2825 276 2865 Idem,
291 2835 414 2866 quantum
428 2831 501 2864 dicit,
527 2829 599 2874 quod
612 2829 770 2857 mendosum
783 2837 846 2858 esse
858 2836 920 2858 sus-

120 2876 206 2904 ptcor.

158 2903 173 2923 ιι
192 2901 319 2934 Vindoc.,
334 2910 366 2929 ex
380 2901 451 2928 aliis.

161 2945 173 2957 ε
193 2938 278 2966 Laud.
295 2942 323 2965 et
343 2936 426 2964 (Σαὼ.
444 2936 550 2972 Germ.,
575 2942 597 2963 et
619 2938 642 2963 ei
653 2938 697 2972 qui
710 2937 759 2964 hoc
769 2946 819 2964 non
833 2937 918 2964 habet.

122 2976 163 3003 Ita
179 2975 260 3002 etiam
277 2978 330 3001 vet.
346 2972 416 3000 Edit.
446 2971 589 3007 Sequimur
606 2971 704 3000 Pratel.
719 2978 747 3000 et
762 2974 915 3007 plerosque.

981 2403 1110 2429 audacter
1125 2408 1157 2428 ea
1172 2400 1204 2427 ad
1227 2408 1286 2435 qua:
1307 2400 1462 2435 pertingere
1476 2407 1527 2426 non
1555 2400 1626 2426 \‘alet
1649 2401 1770 2434 arripere

982 2447 1102 2474 festinat.
1120 2447 1185 2474 Nam
1212 2451 1239 2473 et
1252 2446 1434 2473 mi-mbrorum
1451 2453 1605 2473 nostrorum
1623 2452 1684 2473 tunc
1708 2447 1777 2474 bene

982 2485 1139 2520 ministeriis
1163 2492 1262 2520 utimur
1277 2483 1338 2518 cuni
1352 2499 1399 2518 sua
1415 2492 1455 2519 eis
1476 2490 1565 2518 ol‘iicia
1580 2492 1705 2519 distincte
1718 2499 1777 2519 ser-

986 2547 1089 2566 vamus.
1103 2538 1203 2566 Lucem
1215 2537 1313 2572 quippe
1335 2537 1418 2564 oculis
1433 2536 1578 2569 cernimus,
1604 2545 1697 2563 vocem
1710 2543 1776 2564 vero

982 2587 1094 2614 auribus
1109 2587 1242 2613 audimus.
1259 2584 1287 2612 Si
1303 2584 1362 2619 quis
1378 2589 1466 2612 autem
1476 2589 1580 2612 mutato
1600 2584 1694 2611 ordine
1714 2583 1775 2610 voci

981 2632 1085 2665 oculos,
1101 2631 1154 2658 luci
1170 2638 1249 2658 aures
1264 2631 1461 2663 accommodet,
1479 2630 1541 2657 huic
1554 2630 1687 2657 incassum
1703 2633 1776 2656 utra-

980 2670 1033 2713 que
1049 2677 1186 2711 patent.Si
1199 2678 1258 2709 quis
1272 2677 1369 2704 odores
1383 2677 1445 2704 velit
1459 2683 1507 2703 ore
1520 2675 1684 2707 discernere,
1700 2682 1775 2710 sapo-

980 2712 1024 2752 res
1039 2731 1104 2751 nare
1116 2728 1236 2759 gustare,
1254 2724 1396 2756 utriusque
1412 2729 1508 2749 sensus
1517 2721 1570 2748 sibi
1582 2712 1773 2755 ministerium,

980 2771 1040 2804 quia
1062 2769 1198 2804 pervertit.
1227 2769 1365 2809 interimit.
1392 2768 1458 2794 Dum
1481 2768 1553 2811 enim
1579 2767 1693 2813 propriis
1717 2766 1777 2794 hac

1012 2827 1026 2847 τι
1049 2827 1108 2854 Vet.
1126 2827 1197 2853 Edit.
1209 2826 1294 2853 ‘I'aris.
1310 2830 1339 2853 et
1352 2825 1444 2857 Basil.,
1461 2825 1542 2853 Gilot.
1557 2831 1585 2853 et
1603 2826 1704 2860 \‘atic..
1719 2835 1772 2856 uou

976 2864 1044 2891 ideo.
1060 2862 1239 2888 i-meudantur
1252 2869 1284 2887 ex
1301 2861 1364 2888 Mss.
1382 2861 1486 2890 Anllic.
1496 2862 1525 2888 'et
1539 2862 1647 2890 nostris'
1721 2866 1724 2872 '

1013 2904 1024 2917 θ
1041 2897 1137 2928 Land.,
1154 2897 1325 2930 ﬂagrantiam.

1012 2934 1022 2953 ι
1041 2933 1152 2962 ibidem.
1171 2939 1274 2958 accessa
1289 2932 1389 2966 ofﬁcia.

1011 2974 1023 2993 κ
1045 2968 1115 2995 Idem
1148 2967 1235 2994 Codex
1249 2988 1255 2998 ,
1272 2968 1298 2994 in
1311 2968 1449 3002 πόρω.

1105 1544 1249 1579 Unicuique
1269 1546 1338 1573 sicut
1359 1544 1431 1573 Deus
1444 1545 1531 1573 diuisit
1549 1553 1693 1574 mansuram
1715 1548 1778 1582 ﬁdei
1817 1566 1821 1571 ι
