4036 6348
613 457 718 516 to;
1289 438 1295 448 '
1343 416 1345 418 ’
1795 445 2037 506 SANCTI
2076 444 2406 504 GltEGORlI
2449 443 2658 501 manu
3729 449 3805 507 tu

605 567 789 621 usibus
817 584 924 624 non
954 577 1218 636 aptantur,
1275 574 1328 621 et
1355 580 1448 619 sua
1503 559 1677 620 officia
1707 563 1988 630 deserunt,
2032 570 2086 618 et
2115 561 2181 616 ad
2211 575 2258 631 Α
2285 577 2400 614 mus
2425 575 2541 630 qua:
2557 560 2781 613 vidimus
2806 569 2851 612 et
2873 558 3165 612 audiuimus
3184 573 3285 613 non
3307 560 3467 629 loqui.
3490 559 3807 618 Atilledudum

603 667 858 712 extranea
889 674 997 714 non
1021 667 1331 728 assurgunt.
2302 654 2519 719 debilis,
2544 664 2597 709 et
2623 655 2907 724 praesentia
2932 655 3124 708 damna
3143 654 3456 720 formidans,
3475 654 3592 709 dum
3618 658 3808 726 exempla

669 750 761 805 25.
801 752 952 807 Intra
1002 769 1266 807 mensuras
1293 751 1412 806 illas
1463 751 1631 806 David
1675 768 1785 807 sese
1833 751 2101 815 continuit,
2146 754 2195 803 et
2301 757 2464 803 tanta:
2495 749 2824 804 fortitudinis
2850 749 3269 819 contemplatur,
3303 749 3354 803 in
3385 751 3676 806 auctoritate
3697 753 3808 807 verbi

607 843 826 899 Paulus.
856 874 927 885 —
957 844 1098 900 Bene
1125 845 1306 914 itaque
1333 844 1496 898 David
1529 845 1786 913 propheta
1819 843 1961 898 intra
1988 859 2181 913 accep-
2298 840 2408 911 jam
2440 840 2582 896 Petri
2622 841 2814 895 lineam
2846 841 3109 911 sequitur,
3153 841 3264 911 jam
3298 841 3370 895 nil
3401 842 3707 896 adversitatis
3727 858 3812 898 me-

601 949 681 994 tas
705 955 767 995 ex
797 939 976 995 divina
999 942 1247 1010 largitate
1262 957 1543 996 mensuras
1567 942 1757 1010 pedem
1782 941 1958 997 cordis
1981 955 2195 1012 presse-
2302 934 2424 997 tuit,
2452 934 2561 1003 jam
2592 934 2903 990 resistentes
2928 934 3038 988 Deo
3061 943 3352 1004 potestates
3375 934 3551 988 szeculi
3571 937 3706 989 etiam
3725 950 3813 990 cum

600 1041 703 1096 rat,
736 1049 856 1088 cum
890 1034 1102 1089 dicebat
1138 1051 1151 1087 :
1187 1033 1368 1102 Neque
1407 1035 1661 1088 ambulavi
1693 1035 1748 1088 in
1780 1036 2001 1105 magnis,
2033 1050 2194 1105 neque
2301 1026 2543 1094 corporis
2577 1026 2904 1082 laceratione
2937 1027 3253 1082 contemnit.
3286 1024 3314 1065 δ
3343 1026 3448 1082 Sed
3480 1034 3641 1081 tamen
3665 1039 3817 1097 quanto

600 1125 650 1178 in
695 1126 1010 1180 mirabilibus
1053 1142 1207 1195 super
1243 1143 1323 1182 me
1364 1126 1540 1196 (Ρεαι,
1588 1142 1751 1194 ex“,
1793 1127 1868 1196 1),
1918 1127 2093 1196 super
2135 1139 2195 1180 se
2301 1117 2441 1172 vires
2490 1118 2920 1187 persequentium
2966 1117 3217 1188 patiendo
3265 1117 3478 1172 fortiter
3525 1117 3740 1183 destruit,
3781 1129 3820 1174 et

601 1221 801 1290 quippe
821 1222 874 1274 in
903 1221 1250 1276 mirabilibus
1274 1222 1591 1286 ambularet,
1612 1223 1659 1276 si
1679 1237 1938 1292 apparere
1961 1235 2191 1291 magnus
2301 1219 2502 1280 quanto
2553 1211 2692 1265 inter
2721 1210 2944 1264 adversa
2977 1210 3137 1264 nullis
3193 1210 3492 1265 terroribus
3537 1209 3683 1272 θρόει,
3711 1220 3818 1264 tanto

601 1313 741 1367 ultra
759 1327 917 1382 quam
943 1321 1154 1381 poterat
1178 1326 1462 1384 quaereret.
1490 1315 1664 1384 Super
1677 1331 1736 1370 se
1758 1331 1986 1385 namque
2012 1315 2067 1368 in
2093 1314 2194 1367 nti-
2299 1302 2614 1372 νιετυιηίιυε
2641 1311 2696 1358 ει
2726 1304 2778 1356 ίη
2810 1302 2890 1356 his
2919 1304 3078 1358 “iam
3110 1318 3229 1370 (ωε
3284 1304 3424 1357 im"
3469 1301 3641 1358 ﬁdeles
3668 1305 3822 1372 Ροελιιιε

603 1403 859 1460 rabilibus
884 1406 1154 1461 attollitur
1182 1409 1272 1476 qui
1301 1417 1356 1462 et
1393 1409 1446 1462 in
1478 1410 1560 1462 his
1590 1410 1655 1463 ad
1686 1425 1805 1480 quae
1838 1425 1944 1464 non
1993 1406 2194 1462 sufficit
2299 1397 2532 1449 senserit
2561 1409 2620 1449 se
2649 1395 2864 1450 ceteris
2893 1398 3173 1464 praeponit.
3209 1409 3300 1449 sua
3334 1395 3504 1465 magis
3530 1396 3726 1449 conslia
3751 1396 3821 1449 eli-

601 1498 773 1552 videri
817 1497 1042 1554 idoneus
1098 1511 1340 1556 conatur.
1387 1502 1530 1558 Bene
1572 1503 1709 1558 intra
1759 1504 1856 1557 has
1913 1516 2193 1558 mensuras

2299 1485 2397 1556 git,
2441 1494 2495 1541 et
2536 1487 2635 1540 sibi
2685 1487 2857 1554 potius
2899 1501 3056 1556 quam
3102 1486 3220 1541 aliis
3260 1486 3448 1542 credit.
3499 1484 3589 1539 Hic
3629 1486 3821 1539 nimirum

601 1592 766 1645 etiam
798 1591 850 1646 in
881 1592 994 1661 ipsa
1024 1590 1222 1648 Paulus
1252 1595 1652 1663 praedicationis
1679 1610 1790 1649 suae
1822 1611 1880 1650 se
1909 1594 2192 1649 latitudine
2297 1577 2448 1642 dumo
2481 1588 2501 1615 ⁰
2536 1577 2748 1646 inlusus
2779 1576 3170 1666 ουὶεειίοηηωε
3196 1593 3305 1632 non
3360 1579 3575 1642 cedens.
3603 1577 3651 1631 in
3679 1577 3827 1630 Viﬂlﬂe

602 1684 927 1746 coarctabat,
944 1700 1064 1738 cum
1087 1685 1319 1741 diceret:
1340 1686 1464 1741 Non
1487 1689 1620 1741 enim
1641 1689 1805 1742 audeo
1829 1688 2027 1757 aliquid
2053 1686 2192 1757 loqui

2303 1686 2363 1724 se
2385 1667 2578 1736 exerit,
2603 1670 2763 1726 etiam
2790 1679 2938 1724 recta
2963 1670 3188 1724 aliorum
3215 1670 3434 1724 consilia
3469 1686 3570 1724 non
3595 1671 3825 1740 recipiens,

603 1789 783 1827 eorum
807 1789 923 1845 qua
940 1791 1032 1846 per
1054 1791 1132 1829 me
1157 1793 1259 1830 non
1280 1777 1439 1847 efﬁcit
1471 1776 1705 1832 Christus
1737 1778 1914 1850 (Rom.
1949 1795 2040 1843 xv,
2074 1777 2188 1847 18).

2301 1763 2490 1831 pedem
2544 1772 2701 1818 extra
2755 1763 2977 1818 limitem
3029 1763 3215 1818 tendit.
3277 1763 3430 1817 Hunc
3493 1761 3668 1818 Petrus
3727 1761 3827 1814 intra

606 1866 761 1922 Τυηο
791 1877 970 1922 autem
1024 1878 1170 1922 recte
1219 1880 1433 1938 accepta
1485 1885 1737 1925 mensum
1767 1880 2035 1935 εει-πων,
2067 1884 2190 1924 cum
2300 1870 2568 1910 mensurae
2595 1855 2788 1911 lineam
2814 1856 3449 1926 revocat,quipostquam
3477 1855 3701 1911 libertate
3718 1855 3829 1908 vocis

603 1960 900 2029 anteposita
926 1960 1096 2016 oculis
1117 1963 1353 2018 virorum
1377 1962 1731 2032 spiritualium
1747 1964 1854 2017 vita
1878 1963 2179 2035 respicitur.

2233 1979 2265 2041 Β
2298 1953 2674 2008 auctoritatem
2700 1954 2995 2023 principum
3017 1955 3229 2022 pressit,
3263 1969 3357 2023 per
3385 1953 3720 2008 humilitatem
3741 1967 3827 2005 cor-

604 2053 753 2110 Unde
772 2064 828 2111 et
855 2057 1099 2126 sequitur
1124 2073 1137 2109 :
2299 2046 2381 2101 dis
2405 2046 2470 2101 de
2518 2061 2624 2102 non
2655 2046 3101 2102 circumcidendis
3129 2049 3378 2117 gentibus
3406 2046 3554 2102 Pauli
3595 2045 3827 2101 consilium

1207 2147 1432 2205 CAPUT
1489 2150 1582 2204 XL
2229 2205 2232 2208 _
2303 2143 2505 2199 audivit
2555 2145 2695 2213 (Act.
2730 2160 2816 2209 xv,
2845 2144 2922 2213 7).
2974 2144 3062 2200 Sic
3113 2145 3255 2200 enim
3308 2145 3648 2215 semetipsum
3694 2153 3832 2198 contra

673 2239 834 2294 Vens.
865 2239 919 2293 5.
951 2269 1022 2281 —
1043 2239 1138 2294 Vel
1159 2241 1271 2311 quis
1290 2244 1499 2295 tetendit
1529 2259 1684 2311 super
1715 2260 1828 2296 eam
1850 2244 2039 2296 lineam
2061 2243 2086 2295 ?
2123 2283 2128 2290 .
2301 2240 2642 2296 adversarios
2673 2257 2736 2296 ex
2762 2241 3079 2296 auctoritate
3123 2241 3342 2296 curabat
3368 2241 3597 2310 erigere,
3626 2248 3679 2294 ut
3697 2247 3831 2293 tamen

669 2330 760 2384 26.
791 2332 837 2384 Α
863 2333 1052 2386 sanctis
1077 2333 1327 2386 sumenda
1356 2344 1430 2387 est
1458 2335 1656 2387 vivendi
1688 2335 1891 2405 regula.
1921 2364 1990 2373 —
2015 2333 2193 2403 Super
2300 2335 2620 2404 sibimetipsi
2643 2351 2748 2391 non
2780 2336 3024 2391 crederet
3053 2336 3104 2390 in
3139 2336 3222 2390 his
3261 2352 3380 2406 quce
3410 2352 3518 2392 non
3549 2341 3684 2390 recte
3703 2332 3832 2386 senti-

605 2425 744 2480 hanc
769 2425 912 2479 enim
940 2425 1306 2480 terratnlinea
1333 2426 1590 2491 tenditur,
1619 2426 1834 2497 quando
1858 2428 2046 2482 electa:
2078 2428 2197 2481 uni~
2302 2439 2409 2497 ret,
2465 2439 2520 2484 ut
2548 2443 2602 2485 et
2628 2430 2870 2486 libertate
2895 2428 3222 2484 fortitudinis
3279 2439 3544 2485 tumentes
3590 2433 3835 2496 potestates

606 2520 798 2590 cuique
816 2519 1009 2573 anima:
1023 2527 1049 2556 ἰ
1072 2518 1141 2574 ad
1162 2519 1478 2574 sumendam
1493 2521 1708 2575 vivendi
1727 2522 1966 2591 regulam
1985 2529 2196 2591 patrum
2303 2522 2612 2586 excederet,
2627 2532 2679 2577 et
2698 2522 2998 2576 humilitate
3015 2521 3439 2576 mansuetudinis
3461 2517 3782 2575 obedientiam
3800 2513 3837 2568 in

606 2611 1024 2682 praecedentium
1039 2611 1282 2681 exempla
1296 2621 1683 2680 monstrantur,
1708 2625 1764 2668 ut
1781 2631 1846 2670 ex
1866 2614 2078 2669 illorum
2091 2614 2198 2668 vita
2304 2619 2456 2670 rec'lo
2485 2615 2711 2670 consilio
2727 2617 2890 2670 etiam
2915 2615 3211 2670 minoribus
3231 2613 3490 2669 fratribus
3517 2610 3784 2673 exhiberet,
3801 2615 3837 2658 et

607 2703 922 2760 consideret
963 2702 1090 2774 quid
1141 2705 1196 2759 in
1241 2705 1351 2760 suis
1395 2707 1607 2761 actibus
1663 2718 1872 2775 servet,
1933 2716 2199 2777 quatenus
2307 2707 3274 2779 modopersemetipsumaliis,modo
3297 2699 3840 2775 sibimetipsicumaliis

608 2806 851 2866 respecto
876 2797 1009 2866 justi
1055 2798 1238 2854 limitis
1267 2801 1504 2870 tramite,
1537 2816 1638 2856 nec
1668 2802 1805 2856 infra
1857 2802 2078 2856 minima
2103 2816 2197 2856 nev
2306 2800 2332 2839 ἀ
2357 2803 2622 2857 obviaret.
2656 2802 2712 2855 In
2742 2802 2895 2856 factis
2918 2801 3083 2872 igitur
3119 2800 3262 2855 Petri
3291 2799 3540 2869 quaedam
3567 2804 3681 2851 ante
3705 2792 3841 2847 oculos

609 2891 819 2963 gligens
849 2891 1092 2957 deﬁciat,
1121 2907 1220 2948 nec
1254 2894 1396 2948 ultra
1425 2896 1658 2950 maxima
1687 2897 1852 2967 906
1882 2895 2201 2964 superbiens
2306 2905 2522 2950 nostros
2552 2894 2890 2950 auctoritatis
2947 2903 3003 2948 et
3030 2893 3346 2947 humilitatis
3377 2893 3519 2948 linea
3549 2890 3772 2951 tenditur,
3798 2898 3843 2936 ne

611 2985 818 3053 tendat,
841 3001 941 3041 nec
968 2987 1144 3041 minus
1173 2996 1398 3042 conetur
1425 2988 1644 3058 explere
1673 3003 1831 3058 quam
1858 2988 2074 3055 sufficit,
2102 3000 2203 3042 nec
2308 3003 2464 3046 mens
2489 2997 2673 3044 nostra
2701 2997 2790 3042 aut
2820 3002 2917 3058 per
2944 2986 3193 3042 timorem
3219 2986 3286 3041 ad
3309 3000 3616 3041 mensuram
3640 2997 3731 3037 non
3757 2992 3842 3049 pcr-

612 3079 731 3147 plus
757 3079 980 3147 arripiat
998 3094 1155 3149 quam
1175 3081 1403 3150 accepit,
1423 3097 1490 3137 ne
1511 3091 1603 3136 aut
1626 3081 1692 3136 ad
1723 3097 2027 3137 mensuram
2041 3096 2204 3151 quam
2311 3083 2510 3147 veniat,
2543 3089 2633 3134 aut
2664 3094 2759 3149 per
2787 3089 3051 3135 tumorem
3082 3079 3306 3134 limitem
3337 3077 3584 3133 excedat.

615 3170 776 3225 debet
795 3186 903 3226 non
935 3172 1230 3241 perveniat,
1244 3173 1590 3229 auteamdem
1604 3189 1909 3229 mensuram
1923 3175 2201 3241 deserens,
2381 3177 2474 3231 28.
2507 3175 2760 3246 Ejusdem
2787 3174 2989 3227 virtutis
3019 3189 3174 3244 opera
3202 3172 3490 3243 aliquando
3519 3182 3747 3228 exercere,
3772 3161 3846 3216 oli-

615 3270 765 3319 extra
798 3263 1020 3317 limitem
1051 3263 1225 3318 cadat.
1277 3265 1514 3334 Angusta
1543 3269 1741 3336 quippe
1791 3278 1944 3336 porta
1979 3275 2062 3322 est
2084 3280 2203 3337 quae
2312 3270 2520 3342 quando
2549 3270 2781 3322 omittere
2806 3268 2988 3324 suadet
3017 3267 3276 3322 discretio.
3308 3290 3381 3308 -ι-
3424 3264 3631 3320 Dictum
3659 3272 3731 3316 est
3754 3272 3849 3328 quo-

620 3356 764 3411 ducit
794 3355 859 3410 ad
888 3356 1050 3410 vitam
1079 3355 1300 3426 (Matth.
1323 3373 1417 3424 vn,
1454 3357 1578 3428 ii);
1603 3368 1660 3414 et
1689 3359 1780 3414 ille
1809 3360 1947 3413 hanc
1971 3359 2205 3428 ingredi-
2233 3376 2282 3442 ρ
2317 3359 2477 3414 modo
2518 3358 2657 3414 linea
2687 3358 2943 3424 tenditur,
3003 3373 3069 3413 ne
3106 3373 3204 3442 per
3233 3356 3454 3412 alterius
3482 3353 3701 3409 actionis
3728 3359 3747 3386 ι
3773 3347 3850 3401 [οτι

620 3455 704 3501 tur
742 3445 836 3518 qui
884 3446 938 3501 in
969 3447 1180 3502 cunctis
1209 3463 1330 3519 qua:
1358 3449 1468 3518 agit
1509 3449 1855 3504 discretionis
1908 3449 2208 3505 subtilitate
2245 3437 2282 3442 ’
2317 3453 2598 3508 titudinem
2673 3452 2740 3508 ad
2793 3452 3017 3508 alterius
3071 3437 3250 3507 causae
3310 3451 3503 3506 vitium
3569 3454 3852 3504 transeatur;

618 3548 840 3610 propter
868 3540 1005 3596 hanc
1031 3541 1261 3598 sollicite
1283 3552 1606 3598 coarctatur.
1631 3543 1764 3599 Nam
1783 3544 1875 3614 qui
1905 3560 1999 3614 per
2020 3546 2210 3600 volun-
2317 3551 2529 3606 dicatur
2555 3567 2697 3605 nunc
2721 3551 3172 3622 quemadmodum
3203 3551 3254 3603 in
3274 3563 3374 3604 una
3391 3547 3682 3616 eademque
3705 3539 3854 3594 virtute

619 3640 756 3688 lates
787 3633 1033 3714 proprias
1059 3648 1249 3689 secura
1281 3643 1461 3710 mente
1502 3651 1564 3692 se
1592 3636 1800 3701 dilatat,
1833 3646 2075 3707 angustae
2105 3637 2211 3694 sibi
2324 3644 2665 3700 discretionis
2697 3645 2892 3700 lineam
2918 3643 3243 3709 deserimus,
3273 3644 3316 3698 si
3350 3643 3489 3698 hanc
3533 3651 3587 3697 et
3628 3630 3856 3705 aliquando

619 3732 789 3792 porta:
818 3723 1022 3778 aditum
1051 3725 1289 3781 damnat.
1322 3725 1392 3781 Ut
1421 3741 1549 3797 ergo
1576 3726 1734 3796 hujus
1765 3736 1924 3784 terra:
1957 3744 2211 3784 mensura
2322 3751 2482 3806 agere
2510 3745 2564 3790 et
2590 3735 2879 3806 aliquando
2906 3744 3229 3806 postponere
3258 3734 3585 3790 nesciamus.
3617 3729 3720 3784 Non
3747 3721 3853 3779 enim

620 3823 889 3882 servetur,
921 3829 1084 3885 super
1106 3832 1225 3872 eam
1252 3818 1512 3873 divinitus
1542 3819 1682 3874 linea
1711 3820 2120 3891 tenditur,'_quia
2155 3831 2214 3876 ut

2324 3847 2416 3887 res
2443 3830 2630 3887 eadem
2653 3846 2869 3901 semper
2896 3840 2980 3884 est
3006 3831 3193 3896 virtus,
3218 3829 3340 3899 quia
3368 3843 3467 3898 per
3494 3831 3748 3881 momenta
3767 3826 3857 3871 tem-

621 3915 804 3998 nostra
830 3922 1016 3977 opera,
1045 3909 1127 3964 vel
1157 3911 1369 3965 minora
1397 3911 1703 3980 proficiant,
1732 3914 1817 3968 vel
1847 3915 2057 3984 majora
2091 3928 2211 3968 mo-
2323 3941 2512 3996 porum
2555 3940 2699 3996 sape
2725 3926 2888 3998 907
2921 3925 3108 3980 merita
3138 3932 3415 3978 mutantur
3441 3921 3723 3976 actionum.
3749 3907 3858 3967 Unde

623 3997 898 4063 derentur,
929 4016 1026 4071 per
1052 4016 1203 4056 sacra
1233 4002 1444 4074 eloquia
1471 4004 1685 4060 subtilis
1713 4015 1839 4061 ante
1871 4022 1969 4061 nos
1991 4015 2209 4063 sancto—
2323 4020 2382 4072 ﬁt
2411 4027 2467 4072 ut
2493 4033 2613 4072 cum
2650 3997 2780 4087 quid
2835 4017 2973 4072 bene
3003 4017 3231 4087 agimus,
3283 4015 3598 4084 plerumque
3627 4009 3790 4064 melius
3811 4000 3858 4054 ab

621 4103 738 4146 “1m
779 4092 889 4147 νῖῑθ
938 4094 1290 4163 exPanditur.
1350 4108 1405 4152 ει
1454 4099 1579 4169 quid
1621 4098 1778 4155 "Obis
1832 4109 2201 4173 quantumque
2322 4111 2440 4181 ejus
2460 4111 2669 4166 actione
2689 4125 2987 4174 cessemus,
3013 4119 3066 4164 et
3086 4107 3404 4164 laudabilius
3429 4106 3498 4162 ad
3524 4117 3721 4173 tempus
3747 4097 3859 4151 desc-

625 4183 890 4254 agendum
922 4186 991 4240 Sit
1012 4197 1227 4243 ostensa
1258 4187 1474 4244 illorum
1507 4191 1834 4248 discretione
1861 4193 2139 4250 deﬁnitur.
2328 4217 2414 4260 [at
2435 4203 2576 4276 quod
2602 4204 2654 4258 in
2700 4218 2798 4259 suo
2829 4211 3073 4272 tempore
3121 4199 3468 4256 laudabiliter
3499 4211 3650 4254 mens
3679 4186 3862 4276 tenebat.

701 4278 846 4352 [Vct.
879 4278 1047 4351 XII.]
1068 4281 1157 4336 27.
1202 4281 1270 4337 In
1297 4284 1543 4352 exemplis
1574 4284 1721 4340 Petri
1752 4290 2057 4357 proponitur
2085 4306 2216 4345 men-
2322 4275 2464 4354 Nam
2499 4297 2546 4352 si
2598 4313 2694 4366 pro
2738 4296 2936 4352 nostris
2994 4293 3147 4349 bonis
3203 4291 3479 4356 minimis,
3538 4289 3723 4358 quibus
3766 4275 3863 4333 actii

628 4390 750 4428 sura
771 4375 1088 4430 auctoritatis
1099 4385 1145 4430 et
1159 4374 1484 4432 humilitatis.
1505 4379 1726 4435 -Ecce
1741 4381 1935 4452 aliquis
1954 4383 2036 4436 vel
2057 4381 2214 4436 dam-
2325 4392 2667 4462 proﬁcimus,
2692 4405 2789 4446 nec
2819 4399 2998 4444 tamen
3027 4387 3350 4444 intermissis
3379 4386 3680 4446 imenmus,
3709 4373 3864 4442 majora

631 4481 698 4520 na
716 4481 923 4533 rerum,
950 4467 1034 4522 vel
1064 4467 1411 4524 afﬂictionem
1459 4472 1700 4542 corporis
1728 4484 1994 4540 metuens,
2041 4475 2214 4530 minas
2323 4486 2565 4542 laborum
2588 4485 2730 4541 mala
2753 4485 3032 4554 proximis.
3057 4484 3358 4548 imminent,
3376 4477 3681 4536 necessario
3698 4464 3864 4526 uosvir-

630 4573 858 4619 terrena
879 4565 1135 4634 potentia:
1156 4564 1509 4633 pertimescit,
1536 4577 1590 4623 et
1610 4577 1795 4623 contra
1824 4570 1931 4623 vim
1958 4571 2217 4624 resisten-

2324 4589 2492 4636 tutum
2535 4589 2819 4650 augmenta
2851 4580 3179 4649 seponimus,
3207 4592 3274 4632 ne
3325 4572 3710 4631 infirmioribus
3731 4557 3865 4650 prosi:

632 4659 764 4713 tium
779 4659 1060 4714 veritatem
1073 4658 1360 4715 defendere
1377 4676 1482 4716 non
1509 4663 1802 4730 praesumit.
1826 4663 1978 4718 Hunc
1998 4663 2211 4729 Petrus,

2323 4674 2423 4728 mis
2469 4647 2956 4728 fidei—detrimenta
2985 4685 3322 4742 generemus,
3372 4685 3439 4724 ne
3475 4663 3738 4734 tantojam
3763 4647 3865 4725 qUOd

629 4751 750 4819 quia
775 4751 828 4804 in
877 4751 1070 4806 timore
1097 4761 1380 4822 angustum
1411 4755 1653 4824 respicit,
1687 4766 1901 4812 ostensa
1930 4757 2210 4827 exemplo-
2244 4781 2299 4842 Β
2325 4769 2534 4838 agimus
2555 4770 2727 4823 vii-tus
2757 4781 2864 4822 non
2894 4767 2986 4833 sit,
3021 4775 3223 4837 quanto
3254 4779 3348 4835 per
3388 4760 3722 4818 occasionem
3749 4746 3811 4806 sui
3831 4743 3870 4797 in

632 4857 750 4897 rum
781 4857 998 4898 suorum
1048 4844 1206 4909 linea,
1256 4845 1321 4900 ad
1380 4847 1594 4902 virtutis
1636 4847 1968 4905 latitudinem
2019 4852 2210 4910 tendit.

2138 4854 2210 4910 lit.
2335 4862 2524 4917 alienis
2550 4861 2804 4917 cordibus
2835 4861 3183 4916 fundamenta
3204 4862 3461 4914 virtutum
3492 4849 3732 4911 destruit.

634 4932 756 5004 Ipse
767 4933 962 5006 quippe
974 4937 1267 5007 ﬂagellatus
1282 4953 1311 4991 a
1327 4939 1660 5008 principibus
1682 4943 1860 5012 populi
1880 4944 2014 5010 (Act.
2031 4959 2084 5009 v,
2097 4943 2215 5016 40),

2395 4954 2487 5010 29.
2515 4953 2853 5008 Discretionis
2875 4953 3032 5024 hujus
3053 4951 3342 5020 exemplum
3363 4952 3416 5004 in
3437 4958 3618 5004 sancto
3639 4933 3867 5024 Paulae

633 5043 754 5083 cum
776 5027 974 5084 idcirco
1005 5043 1064 5084 se
1085 5029 1316 5084 relaxari
1338 5031 1698 5101 conspiceret,
1718 5043 1820 5088 uta
1841 5035 2218 5102 praedicatione
2325 5046 2494 5113 Quam
2522 5044 2860 5100 discretionis
2875 5023 3069 5100 lineam
3087 5044 3225 5099 bene
3237 5051 3362 5098 ante
3377 5035 3694 5097 intuentium
3720 5023 3866 5113 oculof

553 5189 557 5197 ί
629 5133 900 5189 cessaret;
934 5140 1056 5178 cum
1113 5125 1489 5193 prohiberetur
1521 5125 1665 5196 loqui
1698 5128 1749 5181 in
1794 5139 2090 5198 posterum,
2117 5148 2216 5188 ne-
2326 5111 2523 5196 Paulus
2549 5139 2798 5206 tetendit,
2830 5140 2918 5210 qui
2978 5148 3030 5194 et
3069 5138 3296 5211 gentiles
3341 5137 3407 5190 ad
3461 5132 3750 5188 libertatem
3776 5111 3868 5174 ﬁdei

629 5234 895 5290 quaquam
928 5220 1120 5274 saltem
1144 5220 1198 5274 in
1231 5235 1470 5288 praesens
1495 5221 1683 5277 cessit.
1718 5221 1850 5277 Nam
1885 5229 2218 5296 respondens
2330 5233 2610 5290 venientes
2633 5233 2945 5291 circumcidi
2970 5230 3406 5303 prohibuit(Aet.
3429 5242 3528 5288 xv,
3554 5224 3633 5292 2),
3659 5228 3708 5276 et
3733 5223 3868 5270 tamen

632 5315 897 5382 protinus,
926 5312 1103 5367 dixit:
1140 5313 1361 5369 Obedire
1393 5323 1589 5385 oportet
1616 5313 1729 5371 Deo
1759 5319 1924 5389 magis
1950 5323 2218 5394 quam‘ho-
2331 5328 2540 5401 Lysu-is
2586 5328 2605 5367 ί
2639 5337 2801 5400 atque
2829 5328 3063 5390 Iconium
3094 5325 3381 5389 transiens,
3412 5323 3530 5392 ipse
3556 5309 3867 5374 Timotheum.

629 5408 852 5461 minibus
873 5405 1068 5478 (Ibid.,
1095 5422 1170 5476 tv,
1190 5407 1307 5480 29).
1339 5409 1406 5464 Ει
1426 5425 1640 5465 rursum
1674 5429 1686 5464 :
1722 5411 1845 5465 Non
1873 5413 2007 5467 enim
2031 5431 2219 5486 possu-
2336 5422 2426 5491 qui
2457 5422 2641 5492 gentili
2675 5431 2827 5494 patre
2851 5421 3026 5478 editus
3054 5419 3247 5486 fuerat,
3272 5402 3614 5473 circumcidit
3639 5406 3764 5480 (Act.
3787 5411 3868 5454 XVI-

702 5572 729 5645 ς·
761 5563 927 5645 idem,
958 5566 1026 5645 ad
1055 5582 1250 5645 summe
1274 5567 1471 5645 vive_n_di
1499 5570 1783 5645 regulam.‘
2010 5643 2024 5645 _
2404 5576 2430 5618 ⁶¹
2463 5580 2654 5645 Laud.,
2684 5583 2990 5639 observaret.

697 5633 731 5677 -δ
753 5635 860 5721 _Sic
897 5639 1328 5721 restituimusnex
1372 5641 1498 5721 Ms_s.
1538 5633 1701 5698 Corb.
1746 5641 1965 5721 Ge_r_m.,
2006 5643 2179 5702 Laud.
2200 5689 2216 5714 ,
2408 5662 2431 5689 ο
2453 5633 3028 5711 ﬁdi—trtiilotretmaliae
3059 5659 3282 5716 poster.,
3313 5648 3675 5721 formidinem;
3705 5645 3867 5721 “‘9’”

639 5705 884 5789 Vimine,
925 5707 1127 5789 Praiel:
1167 5710 1395 5789 aliisque
1431 5711 1638 5789 Noun,
1682 5729 1711 5766 a
1751 5705 2221 5784 quibus'recessel
2329 5705 3201 5781 autemEbusum-MissiCorh.
3261 5705 3474 5783 Cium"
3525 5705 3740 5778 Turon.,
3767 5711 3868 5766 Laur

631 5785 756 5834 runt
783 5777 1007 5863 Excutit;
1037 5779 1236 5863 habet]!
1264 5777 1404 5863 enim
1430 5801 1442 5837 :
1475 5784 1563 5863 sed
1593 5794 1759 5838 tamen
1772 5777 1923 5841 'tanto
1953 5789 2083 5863 vires
2106 5808 2223 5857 per-
2331 5777 2968 5863 dun.,ii‘iorman:,_eic.v,‘
2984 5777 3189 5849 habent
3219 5777 3599 5863 fortitudinem.

633 5850 967 5932 sequentium_
1002 5848 1242 5933 patiendo
1296 5854 1530 5919 destruit,
1581 5866 1890 5924 quanto.....
1922 5858 2081 5914 nullis
2107 5847 2215 5916 ter-
2376 5847 3137 5941 "i'viiuioéifiiipié'iéoiiituit
3157 5847 3382 5921 veniens.
3406 5861 3605 5927 Laud.,
3628 5865 3763 5928 atqu
3779 5847 3866 5909 Ῑτο·

634 5918 832 5972 roribus
856 5920 1009 5976 cedit.
1038 5921 1184 5976 Altus
1213 5922 1529 5976 nferumque.
2327 5940 2427 5976 m'm

995 5961 1009 5976 .
1038 5939 1184 5994 Attus
1199 5939 1529 5994 plerumque.
2327 5940 2446 5994 nia}.

712 5999 733 6027 ο
767 5988 966 6047 Pratel.
991 6001 1044 6047 et
1073 5993 1144 6047 al.
1167 5988 1376 6062 Norm.,
1411 5988 1613 6062 iniustis
1643 5999 2034 6061 obeditionibus.

2163 6115 2236 6130 Α»
