4036 6348
251 371 351 429 465

964 327 1325 425 uenantum
1363 361 1495 420 LIB.
1537 357 1778 418 xxvnt.
1821 388 1837 400 -

1952 356 1996 413 N
2037 355 2263 414 CAPUT
2305 354 2577 413 XXXVIII
2607 356 2670 411 Β.
2716 353 2857 412 JOB.
3425 349 3531 401 ἅῢῦ

252 486 324 560 5).
355 485 558 542 Videns
586 484 734 541 enim
761 481 903 554 quod
921 482 1023 538 nisi
1046 497 1106 538 se
1131 480 1383 538 mandata
1400 481 1593 536 litterae
1611 493 1832 535 scrvare
1857 484 1909 542 Α
1930 475 2126 546 judicis
2152 475 2489 531 obscuratur.
2517 474 2670 531 Unde
2692 485 2746 530 et
2767 483 2915 530 recte
2937 472 3276 543 subjungitur
3301 488 3313 524 :
3343 473 3358 520 1
3401 469 3532 526 Vide

251 580 577 644 ostenderet,
606 577 916 632 Judaeorum
945 576 1151 632 rabiem
1203 573 1366 630 etiam
1393 574 1448 628 in
1491 587 1585 629 eos
1607 573 1698 642 qui
1729 571 1834 627 sibi

253 682 374 726 tunc
401 669 626 724 comites
649 667 875 723 aderant
915 669 1201 730 excitaret,
1232 665 1548 720 assertionis
1577 679 1692 718 sua:
1725 663 1832 718 vim

250 763 560 834 postposuit,
581 770 634 816 et
657 760 982 816 sinedamno
1005 759 1124 815 lidei
1145 775 1206 814 se
1225 772 1462 827 suosque
1492 767 1518 795 ι
1549 758 1774 814 comites
1802 771 1835 812 a

252 853 634 924 persecutionis
663 853 997 909 humanitate
1025 851 1334 907 custodivit.
1367 850 1517 907 Fecit
1545 851 1688 921 quod
1715 850 1833 906 ﬁeri

249 946 370 1003 ﬁdei
398 961 584 1002 arnore
615 945 905 1016 prohibuit,
928 947 1023 1001 sed
1047 945 1116 1000 ad
1142 945 1264 1001 lidei
1289 944 1315 983 δ
1340 947 1561 1001 retorsit
1594 945 1836 1000 ministe-

250 1039 384 1094 rium
411 1040 553 1110 quod
582 1040 736 1108 quasi
767 1054 872 1094 non
906 1038 1135 1094 lideliter
1165 1039 1309 1094 fecit.
1343 1039 1665 1110 Plerumque
1691 1039 1836 1095 enim

247 1136 413 1189 virtus
472 1149 594 1189 cum
650 1131 935 1188 indiscrete
990 1142 1210 1188 tenetur
1267 1132 1561 1199 amittitur;
1608 1147 1837 1202 cumque

246 1227 475 1282 discrete
506 1226 895 1292 intermittitur,
933 1226 1050 1294 plus
1076 1235 1305 1280 tenetur.
1339 1223 1448 1280 Nec
1480 1227 1676 1279 mirum
1707 1223 1752 1281 si
1783 1227 1838 1280 in

245 1319 575 1391 incorporeis
605 1319 948 1388 intelligimus
999 1317 1140 1388 quod
1178 1319 1262 1387 agi
1301 1328 1321 1354 °
1375 1327 1432 1372 et
1479 1317 1530 1370 in
1555 1317 1837 1387 corporeis

246 1415 406 1470 rebus
436 1414 701 1470 videmus.
733 1413 812 1469 Ex
841 1412 1021 1467 studio
1050 1427 1281 1481 namque
1309 1427 1467 1466 arcus
1491 1411 1833 1479 distenditur,

245 1510 380 1564 utin
433 1524 531 1565 suo
584 1519 823 1577 tempore
871 1523 994 1562 cum
1025 1507 1254 1562 utilitate
1294 1506 1564 1561 tendatur.
1599 1503 1626 1542 ά
1656 1504 1759 1571 Qui
1790 1506 1836 1560 si

243 1601 410 1657 otium
437 1601 784 1657 relaxationis
821 1615 929 1656 non
956 1601 1169 1671 accipit,
1197 1599 1424 1654 feriendi
1448 1600 1697 1654 virtutem
1721 1601 1838 1668 ipso

244 1709 343 1749 usu
375 1694 637 1750 tensionis
665 1693 862 1762 perdit.
899 1693 991 1748 Sic
1016 1691 1301 1764 aliquando
1347 1692 1400 1746 in
1451 1692 1838 1749 exercitatione

247 1787 436 1853 virtus,
461 1802 582 1842 cum
608 1801 703 1856 per
715 1785 1095 1841 discretionem
1119 1783 1568 1853 praetermittitur.
1593 1798 1838 1840 reserva-

1939 584 2059 639 ergo
2107 584 2169 622 ne
2218 567 2390 623 lumen
2421 568 2558 636 quod
2586 569 2640 622 in
2664 577 2712 621 te
2753 578 2826 622 est
2849 568 3065 621 tenebras
3091 566 3214 619 sint.
3247 565 3308 620 Si
3356 565 3534 617 lumen

1936 659 2073 728 quod
2096 658 2146 712 in
2167 669 2214 711 te
2229 668 2302 716 est
2329 659 2548 713 tenebrae
2565 670 2704 726 sunt,
2724 659 2850 727 ipsa
2875 659 3091 712 tenebrte
3109 655 3134 694 ι
3162 666 3365 727 quantm
3385 664 3530 710 erunt

1938 750 2129 820 (lbid.,
2168 750 2302 821 23)?
2324 751 2446 821 quia
2477 751 2522 806 si
2554 751 2654 806 hoc
2682 753 2825 819 quod
2852 751 2990 806 bene
3021 765 3118 805 nos
3161 764 3318 820 agere
3347 748 3530 804 credi-

1937 856 2076 908 mus,
2104 856 2171 896 ex
2198 841 2338 896 mala
2369 843 2665 897 intentione
2695 841 2988 906 fuscamus,
3021 851 3220 911 quanta
3247 842 3364 912 ipsa
3389 839 3529 896 mala

1937 941 2062 986 sunt
2083 947 2205 1002 qua:
2228 932 2366 988 mala
2414 947 2536 987 esse
2565 933 2726 987 etiam
2774 947 2895 988 cum
2937 933 3142 1003 agimus
3166 946 3272 986 non
3317 933 3535 1001 ignora-

1939 1027 2096 1082 mus?
2123 1027 2190 1081 Et
2239 1029 2285 1081 si
2330 1027 2403 1082 ibi
2432 1026 2505 1082 nil
2535 1027 2829 1091 cernimus,
2881 1026 2970 1081 ubi
2993 1028 3146 1096 quasi
3194 1021 3535 1080 discretionis

1951 1118 2130 1175 lumen
2163 1129 2430 1186 tenemus,
2453 1135 2556 1190 qua
2585 1120 2824 1174 caecitate
2853 1120 2908 1173 in
2941 1118 3034 1173 illa
3063 1117 3386 1174 offendimus
3414 1131 3534 1187 qua:
3557 1113 3572 1124 ’

1945 1215 2064 1270 sine
2093 1216 2418 1271 discretione
2462 1214 2878 1285 perpetramus?
2928 1213 3178 1284 Vigilanti
3217 1213 3378 1283 igitur
3405 1226 3534 1268 cura

1941 1321 2036 1376 per
2063 1317 2252 1361 cuncta
2276 1323 2440 1378 opera
2471 1307 2701 1363 intentio
2732 1308 2886 1363 nobis
2918 1316 3098 1362 nostra
3127 1305 3396 1377 pensanda
3427 1314 3535 1374 est,

1942 1407 1999 1453 ut
2025 1401 2098 1454 nil
2132 1402 2426 1470 temporale
2456 1402 2510 1456 in
2541 1401 2623 1455 his
2651 1417 2770 1472 quae
2787 1402 2898 1470 agit
2918 1409 3160 1470 appetat,
3194 1408 3359 1453 totam
3385 1412 3444 1452 se
3468 1396 3524 1452 in

1937 1494 2210 1550 soliditate
2235 1496 2555 1550 aternitatis
2587 1498 2730 1566 ligat,
2766 1510 2834 1550 ne
2863 1495 2910 1550 si
2939 1505 3094 1550 extra
3115 1493 3528 1548 fundamentum

1945 1589 2174 1643 actionis
2200 1597 2400 1645 nostrze
2425 1589 2625 1644 fabrica
2656 1589 2889 1659 ponitur,
2923 1599 3063 1643 terra
3086 1587 3403 1643 dehiscente
3428 1584 3534 1642 δοι-

1944 1689 2112 1736 vatur.
2143 1679 2298 1736 Unde
2327 1680 2415 1736 hic
2442 1695 2654 1752 quoque
2683 1691 2806 1750 apte
2828 1660 3228 1750 subiungiturs'

2538 1773 2768 1838 CAPUT
2818 1774 2928 1830 XII.

249 1888 356 1946 tur,
387 1850 446 1934 ut
473 1850 621 1934 tanto
644 1887 763 1948 post
787 1877 917 1932 vitia
943 1850 1184 1933 valent—cr
1210 1875 1390 1944 feriat,
1423 1886 1678 1945 quantoa
1703 1891 1827 1948 per-
1862 1881 1910 1942 B
2013 1869 2176 1924 Vsus.
2209 1869 2265 1925 6.
2292 1898 2363 1909 --
2392 1868 2564 1939 Super
2585 1885 2687 1938 quo
2715 1850 2860 1948 ὀξίδες
2881 1868 3026 1923 illius
3053 1869 3293 1925 solidata:
3311 1869 3470 1924 sunt?

248 1972 495 2029 cussione
525 1971 739 2028 interim
775 1969 1066 2040 prudenter
1118 1979 1324 2025 cessat.
1356 1978 1379 2007 ε
1411 1968 1632 2025 Subtilis
1678 1970 1840 2041 igitur

246 2064 580 2122 discretionis
600 2079 766 2135 super
789 2066 926 2119 hanc
958 2071 1157 2118 terram
1182 2062 1324 2118 linea
1349 2061 1606 2128 tenditur,
1625 2063 1839 2132 quando

242 2160 471 2217 ostensis
527 2161 809 2230 unicuique
861 2159 1055 2214 animat
1111 2156 1374 2228 exemplis
1421 2155 1839 2226 praecedentium

239 2262 474 2324 patrum,
503 2263 556 2309 et
585 2253 787 2310 utiliter
816 2253 884 2308 ad
912 2252 1277 2324 operationem
1305 2251 1474 2306 virtus
1505 2251 1836 2321 accenditur,

239 2358 293 2404 et
321 2362 704 2418 nonnunquam
734 2347 916 2402 utilius
951 2355 1279 2416 temperatur

312 2438 459 2513 [γει.
492 2436 695 2509 Χ111.]
723 2439 814 2494 50.
846 2437 1139 2492 Cauendum
1171 2454 1236 2491 ne
1257 2436 1582 2491 discretionis
1610 2436 1838 2504 nomine,

241 2532 467 2602 propriis
484 2532 761 2586 commodis
787 2531 1245 2588 serviatur.-——Sed
1265 2545 1390 2586 cum
1412 2545 1700 2600 parumper
1721 2527 1741 2567 ί
1771 2529 1841 2585 ab

240 2636 408 2692 opere
460 2623 564 2679 zeli
610 2623 867 2678 fortitudo
899 2622 1199 2694 seponitur,
1247 2621 1356 2676 alta
1404 2621 1842 2678 consideratione

241 2727 378 2783 opus
407 2723 508 2779 est,
570 2729 640 2770 ne
692 2712 923 2771 fortasse
976 2728 1310 2785 nequaquam
1367 2714 1669 2769 communis
1715 2715 1840 2770 boni

242 2804 488 2872 consilio,
517 2805 612 2862 sed
645 2805 845 2860 timore
871 2807 1088 2877 proprio
1109 2805 1192 2860 vel
1214 2804 1507 2875 cujuslibet
1534 2805 1841 2862 ambitionis

243 2895 425 2951 studio
469 2910 500 2952 a
544 2896 754 2952 virtutis
781 2896 1166 2952 exercitatione
1202 2905 1464 2952 cessetur.
1488 2895 1642 2963 Quod
1683 2896 1838 2952 nimi-

241 3004 364 3044 rttm
391 3003 515 3044 cum
546 2991 746 3061 agitur,
794 2991 906 3060 jam
936 3006 1044 3045 non
1071 2989 1483 3060 dispensationi,
1538 2991 1634 3045 sed
1661 2992 1833 3062 culpat

241 3081 492 3139 servitur.
543 3081 698 3139 Unde
727 3083 1024 3138 curandum
1069 3081 1297 3138 sollicite
1348 3090 1431 3136 est
1461 3089 1517 3136 ut
1547 3097 1668 3137 cum
1721 3083 1840 3152 quis

240 3186 550 3245 susceptum
592 3176 866 3245 negotium
900 3190 1018 3230 cum
1054 3175 1264 3230 virtutis
1290 3174 1596 3230 cessatione
1621 3174 1840 3244 dispen-

2015 1961 2106 2017 3L
2133 1960 2292 2016 Bases
2319 1961 2509 2016 animle
2549 1970 2667 2016 sunt
2695 1961 3022 2016 intentiones.
3053 1991 3122 2002 —
3149 1960 3316 2017 Bases
3343 1960 3540 2032 quippe

1945 2055 2362 2126 uniuscujusque
2377 2064 2502 2111 sunt
2519 2056 2713 2112 animae
2730 2056 3059 2112 intentiones
3079 2071 3214 2112 suae.
3239 2054 3372 2110 Nam
3396 2056 3536 2111 sicut

1945 2147 2146 2205 fabrica
2168 2151 2453 2214 columnis,
2477 2150 2742 2206 columnae
2763 2161 2943 2206 autem
2965 2151 3185 2207 basibus
3210 2151 3536 2219 innituntur,

1942 2241 2014 2296 ita
2047 2243 2149 2296 vita
2179 2251 2364 2297 nostra
2395 2243 2448 2297 in
2494 2243 2802 2311 virtutibUS,
2845 2243 3070 2299 virtutes
3096 2257 3226 2299 vero
3266 2244 3318 2300 in
3351 2245 3536 2299 intima

1944 2337 2239 2394 intentione
2260 2337 2576 2395 subsistunt.
2606 2339 2672 2393 Et
2696 2339 2820 2408 quia
2851 2338 3112 2406 scriptum
3139 2347 3222 2392 est
3253 2353 3267 2390 :
3314 2332 3538 2392 Funda-

1943 2441 2170 2484 mentum
2195 2430 2341 2484 aliud
2367 2447 2516 2484 nemo
2548 2439 2710 2503 potest
2741 2446 2953 2499 ponere,
2985 2438 3170 2502 praeter
3194 2430 3248 2484 id
3277 2430 3417 2499 quod
3445 2445 3534 2501 po-

1941 2526 2098 2578 situm
2119 2536 2213 2592 est,
2237 2526 2374 2595 quod
2395 2533 2466 2578 est
2490 2523 2723 2580 Christus
2743 2522 2895 2578 Iesus
2913 2521 2963 2595 (1
3017 2522 3138 2579 Cor.
3165 2540 3244 2588 tu,
3272 2523 3384 2595 Η),
3411 2533 3539 2579 tunc

1944 2616 2102 2670 bases
2133 2615 2186 2670 in
2215 2614 2562 2671 fundamento
2591 2626 2734 2680 sunt,
2787 2630 2906 2670 cum
2961 2616 3289 2672 intentiones
3340 2625 3538 2670 nostras

1955 2706 2008 2761 in
2037 2705 2253 2761 Christo
2283 2707 2622 2761 roborantur.
2678 2707 2953 2762 Incassum
2993 2722 3121 2763 vero
3155 2708 3264 2763 alta
3291 2722 3454 2777 super
3481 2723 3540 2764 se

1944 2798 2101 2852 bases
2131 2796 2362 2852 aedilicia
2393 2797 2625 2866 erigunt,
2658 2797 2702 2851 si
2730 2813 2838 2852 non
2869 2798 3000 2867 ipsa:
3041 2797 3051 2834 ¹
3106 2797 3160 2851 in
3204 2797 3540 2854 fundamenti

1943 2888 2218 2943 soliditate
2239 2888 2564 2956 consistunt,
2587 2888 2716 2959 quia
2734 2888 2986 2944 nimirum
3014 2889 3309 2960 quamlibet
3330 2905 3540 2947 summa

1943 2996 2104 3051 opera
2138 2982 2370 3038 inaniter
2424 2982 2646 3050 faciunt,
2681 2984 2725 3038 si
2760 2984 3082 3040 intentiones
3111 2983 3354 3040 cordium
3387 2995 3541 3044 extra

1945 3072 2266 3128 aeternitatis
2295 3073 2673 3129 certitudinem
2706 3075 3086 3142 deflectuntur,
3141 3085 3196 3130 et
3249 3077 3372 3131 vita:
3396 3091 3542 3133 vera

1947 3166 2163 3234 praemia
2191 3183 2295 3224 non
2314 3169 2622 3238 requirunt,
2643 3176 2898 3239 tantoque
2922 3169 3167 3237 graviora
3182 3171 3354 3225 ruinae
3375 3185 3540 3241 super

240 3280 348 3338 sat,
394 3273 738 3343 semetipsum
799 3273 943 3341 prius
989 3274 1043 3326 in
1073 3271 1250 3328 radice
1298 3271 1478 3326 cordis
1509 3281 1534 3318 ε
1564 3271 1834 3340 inspiciat,
1864 3269 1912 3333 (ζ
1942 3277 2001 3316 se
2032 3262 2223 3318 damna
2273 3264 2564 3332 aedificant,
2614 3275 2814 3336 quanto
2864 3265 3054 3320 altiora
3104 3265 3331 3322 :edilicia
3375 3277 3532 3321 extra

242 3360 273 3400 ι
306 3379 373 3419 ne
401 3364 503 3419 sibi
535 3379 629 3434 per
657 3365 760 3420 hoc
789 3364 990 3435 aliquid
1006 3378 1200 3418 avarus
1215 3363 1574 3434 appetat,sibi
1604 3378 1701 3433 per
1734 3363 1837 3418 hoc

239 3458 344 3513 soli.
374 3457 593 3514 timidus
617 3471 832 3530 parcat;
884 3470 940 3514 et
967 3473 1033 3514 eo
1058 3458 1150 3513 ﬁat
1175 3473 1395 3527 pravum
1425 3457 1565 3526 quod
1591 3458 1646 3512 in
1674 3473 1840 3526 opere

242 3553 518 3621 sequitur,
550 3568 787 3622 quonon
836 3566 902 3608 ex
951 3560 1098 3607 recta
1147 3550 1487 3620 cogitationis
1543 3550 1839 3606 intentione

241 3655 556 3713 generatur.
586 3644 736 3700 Unde
786 3643 926 3700 bene
959 3643 1013 3698 in
1061 3642 1352 3712 Evangelio
1415 3640 1620 3697 Veritas
1670 3641 1835 3698 dicit:

236 3736 475 3790 Lucerna
505 3737 735 3807 corporis
764 3737 837 3790 tui
882 3745 954 3791 est
1005 3733 1182 3790 oculus
1211 3743 1354 3787 tuus.
1398 3731 1460 3787 Si
1506 3732 1686 3787 oculus
1719 3744 1838 3788 tuus

237 3827 461 3900 simplex
507 3830 683 3900 fuerit,
708 3839 870 3884 totum
925 3843 1112 3896 corpus
1140 3838 1286 3881 tuum
1328 3825 1560 3880 lucidum
1611 3827 1726 3880 erit.
1775 3829 1840 3883 Si

237 3932 414 3975 autem
435 3922 613 3975 oculus
657 3931 772 3974 tuus
817 3935 1034 3988 nequam
1064 3919 1241 3988 fuerit,
1269 3925 1433 3970 totum
1473 3931 1662 3988 corpus
1690 3927 1837 3973 tuum

237 4013 562 4086 tertebrosum
576 4013 670 4068 erit
699 4010 912 4082 (Matth.
938 4027 1010 4077 vr,
1034 4009 1151 4081 22).
1177 4009 1316 4078 Quid
1339 4009 1482 4064 enim
1507 4024 1606 4078 per
1622 4009 1835 4065 oculum

239 4105 590 4175 exprimitur,
614 4107 714 4160 nisi
742 4120 874 4174 opus
905 4119 1061 4160 suum
1103 4103 1437 4173 pratveniens
1460 4102 1638 4158 cordis
1659 4103 1837 4160 inten-

238 4198 356 4252 tio?
387 4213 506 4268 quae
536 4198 845 4266 priusiiuam
881 4213 940 4252 se
970 4198 1022 4251 iu
1049 4197 1260 4251 actione
1289 4206 1562 4257 exerceat.
1597 4195 1700 4251 hoc
1727 4197 1838 4267 jam

234 4292 386 4360 quod
411 4290 616 4359 appetit
653 4289 1062 4360 contemplatur.
1091 4289 1155 4342 Et
1175 4287 1302 4358 quid
1329 4287 1690 4356 appellatione
1716 4303 1836 4343 cor-

242 4383 396 4451 poris
425 4383 756 4452 designatur,
789 4383 890 4437 nisi
939 4396 1274 4450 unaquaeque
1298 4381 1461 4445 actio,
1483 4395 1603 4450 quae
1654 4380 1835 4436 inten-

236 4473 450 4527 tionem
508 4489 658 4528 suam
719 4472 868 4543 quasi
932 4472 1230 4527 intuentem
1280 4471 1492 4525 oculum
1552 4471 1838 4541 sequitur?

238 4566 479 4622 Lucerna
508 4569 684 4636 itaque
713 4566 942 4636 corporis
965 4576 1039 4620 est
1069 4564 1268 4630 oculus,
1300 4566 1425 4635 quia
1449 4579 1542 4633 per
1566 4565 1721 4621 bonae
1747 4566 1833 4622 in-

1949 3355 2356 3414 fnndamentum
2393 3367 2626 3427 portant,
2657 3358 2781 3428 quia
2813 3373 2936 3413 cum
2994 3366 3214 3414 aeternas
3242 3358 3370 3413 vita:
3399 3373 3542 3427 prat-

1943 3453 2064 3506 miis
2091 3467 2194 3507 non
2241 3451 2547 3518 intendunt,
2580 3468 2687 3522 quo
2737 3452 2854 3520 plus
2883 3466 2942 3506 se
2969 3452 3120 3520 quasi
3169 3453 3223 3506 in
3257 3451 3544 3509 virtutibus

1946 3543 2181 3613 erigunt,
2206 3559 2272 3598 eo
2313 3545 2368 3598 in
2414 3545 2602 3613 gloria:
2659 3544 2838 3599 inanis
2866 3545 3074 3598 foveam
3105 3541 3424 3613 profundius
3451 3559 3544 3599 ca-

1942 3634 2095 3688 dunt.
2112 3635 2227 3689 Non
2240 3650 2374 3704 ergo
2385 3636 2721 3705 pensandum
2736 3646 2818 3690 est
2834 3634 3125 3705 basesqnid
3137 3636 3426 3701 suStinent,
3447 3639 3543 3692 sed

1945 3729 2033 3783 ubi
2063 3729 2414 3798 sustinentur,
2445 3731 2567 3801 quia
2601 3728 2842 3799 profecto
2859 3729 3094 3784 humana
3110 3729 3272 3785 corda
3287 3731 3544 3785 divinitus

1946 3831 2374 3900 perscrutantur,
2408 3837 2513 3876 non
2543 3822 2719 3877 solum
2767 3837 2888 3894 quae
2941 3822 3167 3889 faciunt,
3196 3822 3291 3878 sed
3324 3824 3466 3894 quod
3490 3823 3544 3879 in

1943 3917 2194 3986 operibus
2251 3924 2513 3987 quaerunt.
2572 3916 2725 3972 Unde
2777 3931 2899 3971 cum
2952 3916 3257 3972 districtum
3301 3917 3540 3987 judicent

1944 4013 2141 4068 Paulus
2163 4012 2514 4078 describeret,
2555 4024 2716 4083 atque
2761 4013 3029 4068 actionum
3085 4011 3225 4068 bona
3270 4021 3555 4087 narraret,

1945 4105 2128 4161 dicens
2159 4123 2171 4159 :
2209 4106 2309 4173 Qui
2363 4106 2542 4160 reddet
2587 4107 2856 4177 unicuique
2894 4105 3176 4160 secundum
3216 4121 3372 4176 opera
3404 4109 3538 4176 eius,

1944 4200 2024 4252 his
2050 4199 2279 4268 quidem,
2310 4199 2593 4252 secundum
2625 4199 2926 4267 patientiam
2955 4199 3073 4252 boni
3099 4200 3287 4270 operis,
3317 4201 3542 4270 gloriam

1943 4303 1988 4345 et
2016 4292 2396 4359 corruptionem
2440 4290 2616 4363 (llam.
2669 4307 2727 4357 ll,
2775 4293 2872 4360 .6);
2906 4291 3052 4362 quia,
3084 4292 3357 4346 nominata
3409 4289 3538 4347 boni

1943 4385 2121 4450 operis
2149 4383 2406 4454 patientia
2429 4383 2580 4453 quasi
2611 4393 2778 4438 totam
2803 4384 2994 4439 electa:
3023 4384 3250 4438 actionis
3279 4382 3552 4439 fabricam

1949 4474 2181 4541 dixerat,
2241 4475 2511 4531 subtiliter
2540 4475 2684 4530 illico
2733 4476 2819 4530 ubi
2861 4476 3020 4530 bases
3050 4475 3290 4543 ejusdem
3322 4474 3543 4533 fabrica

1944 4570 2299 4624 consisterent
2319 4569 2632 4638 exquisivit,
2665 4568 2852 4622 dicens
2885 4586 2899 4620 :
2933 4567 3166 4622 Gloriam
3215 4578 3260 4620 et
3293 4568 3539 4624 honorem

237 4660 498 4714 tentionis
525 4661 692 4731 908
721 4659 928 4714 radium
980 4659 1171 4714 merita
1205 4657 1541 4712 illustrantur
1587 4658 1835 4714 actionis.
1865 4666 1918 4726 Ι)
1945 4671 1990 4714 et
2007 4661 2441 4730 incorruptionem
2455 4661 2818 4729 quwrentibus,
2835 4660 2986 4712 vitam
2999 4657 3544 4732 teternam(1bitl.,7).

235 4751 307 4804 Et
337 4753 384 4804 si
412 4755 589 4805 oculus
614 4762 728 4805 tuus
757 4751 976 4818 simplex
1003 4750 1177 4822 fuerit,
1207 4758 1371 4804 totum
1385 4765 1570 4820 corpus
1596 4760 1739 4804 tuum
1753 4750 1837 4806 lu-

231 4846 416 4896 cidum
445 4847 562 4909 erit,
584 4847 708 4914 quia
732 4848 774 4898 si
793 4853 938 4900 recte
956 4843 1286 4900 intendimus
1311 4857 1407 4913 per
1429 4843 1834 4913 simplicitatem

237 4939 611 5005 cogitationis,
633 4941 829 4995 bonum
861 4954 997 5002 onus
1026 4936 1276 5003 efficitur,
1297 4937 1456 4992 etiam
1474 4938 1518 4992 si
1539 4937 1716 4993 minus
1736 4938 1836 4994 bo-

231 5044 370 5083 num
410 5044 531 5086 esse
557 5032 820 5086 videatur.
852 5029 921 5084 Et
950 5031 994 5084 si
1024 5033 1203 5086 oculus
1245 5041 1367 5084 tuus
1397 5046 1621 5101 nequam
1652 5032 1834 5102 fuerit,

233 5132 410 5176 totum
431 5137 620 5192 corpus
642 5133 783 5177 tuum
806 5124 1125 5178 tenebrosum
1143 5124 1262 5189 erit,
1288 5124 1411 5192 quia
1428 5138 1548 5178 cum
1577 5138 1836 5193 perversa

234 5215 547 5272 intentione
567 5216 693 5288 quid
740 5217 824 5273 vel
852 5226 1057 5272 rectum
1084 5215 1280 5287 agitur,
1303 5215 1406 5271 etsi
1433 5216 1719 5286 splendere
1748 5231 1841 5272 co-

232 5327 361 5368 ram
380 5310 690 5368 hominibns
715 5313 972 5380 cernitur,
999 5311 1140 5382 apud
1161 5326 1387 5368 examen
1403 5321 1586 5370 tamen
1608 5312 1627 5352 ί
1648 5313 1842 5372 interni

225 5551 286 5605 al
319 5479 548 5605 tNgeest
574 5483 780 5538 comites
806 5483 859 5540 in
891 5483 1086 5551 Laud.,
1117 5479 1281 5538 Corb.
1314 5480 1524 5554 Germ.,
1553 5483 1753 5542 Pratel.
1785 5491 1840 5540 et

297 5587 315 5600 ο
467 5570 540 5605 Ill.

297 5587 315 5600 ο
353 5570 540 5606 μοι-ιιι.

314 5621 346 5658 ι’
380 5623 649 5688 Landun.,
679 5628 921 5683 recurrit.

320 5703 348 5767 εξ
378 5693 573 5767 Laud,
607 5705 654 5749 et
682 5696 735 5750 in
761 5697 1058 5767 corporibus
1086 5698 1340 5754 videmus.

315 5762 346 5800 ἀ
391 5766 614 5833 Fratel.,
645 5770 766 5836 quia
798 5762 1054 5824 si’otium.

326 5836 520 5911 f_E_diti
552 5849 782 5911 recent.,
812 5841 994 5894 subtili
1024 5857 1145 5911 ergo
1176 5842 1503 5899 discretione.

324 5907 346 5945 ί
372 5907 598 5966 \‘indoc.
633 5910 828 5968 Pratel.
848 5953 863 5970 .
897 5921 1028 5971 etc..
1061 5907 1124 5968 ab
1153 5929 1240 5969 ore
1261 5915 1380 5970 seti.

1947 4756 2024 4808 Ac
2053 4754 2100 4808 si
2143 4762 2328 4823 aperte
2360 4751 2567 4808 diceret
2603 4770 2616 4808 :
2648 4753 2718 4806 Et
2762 4752 2807 4806 si
2835 4752 3052 4821 quidam
3083 4752 3395 4822 patientiam
3419 4753 3546 4815 boni

1946 4844 2126 4914 operis
2149 4843 2460 4911 ostendunt,
2485 4844 2706 4915 gloriam
2729 4853 2784 4900 et
2806 4843 3260 4914 incorruptionem
3283 4863 3389 4901 non
3409 4848 3547 4902 rcci-

1953 4939 2125 5010 piunt,
2155 4939 2201 4993 si
2223 4937 2548 4993 intentiones
2597 4937 2796 5005 cordis,
2829 4937 2883 4992 id
2912 4947 2995 4992 est
3024 4937 3182 4994 bases
3212 4940 3448 5004 fabricte,
3483 4942 3540 4996 in

1951 5033 2297 5089 fundamento
2321 5048 2428 5089 non
2478 5034 2667 5104 figunt,
2713 5032 2837 5104 quia
2869 5033 3125 5090 videlicet
3155 5035 3296 5089 Deus
3325 5036 3409 5090 vel
3441 5036 3544 5092 ho-

1951 5136 2120 5184 uesta:
2145 5128 2268 5184 vitae
2320 5126 2606 5183 aedilicium
2633 5141 2742 5183 non
2798 5125 3067 5183 inhabitat
3110 5127 3251 5198 quod
3284 5137 3436 5183 extra
3485 5141 3545 5186 se

1950 5221 2182 5290 positum
2211 5235 2319 5276 non
2349 5221 2465 5290 ipse
2494 5228 2777 5276 sustentat.

2028 5313 2121 5372 '52.
2161 5315 2243 5370 Ad
2292 5330 2434 5371 suem
2477 5313 2781 5372 wternitatis
2808 5319 2928 5369 sunt
2955 5312 3257 5386 dirigendis.
3304 5339 3374 5353 -—
3405 5312 3543 5380 Quia

2080 5483 2273 5556 Laud.,
2304 5487 2506 5556 inﬁgat.

2022 5553 2047 5627 lt
2077 5554 2328 5627 Longip.,
2353 5551 2418 5611 ne
2442 5556 2609 5612 sibi...
2663 5569 2849 5608 avarus
2899 5563 3131 5626 appetat,
3158 5568 3248 5624 per
3277 5553 3414 5624 quod
3445 5551 3542 5608 sibi

1950 5624 2047 5681 soli
2077 5624 2284 5682 timidus
2303 5634 2505 5698 parcat.

2031 5698 2049 5768 ξ
2087 5699 2234 5753 Unus
2259 5695 2498 5762 Ebroic.,
2543 5695 2950 5768 wternijudicis.

2028 5766 2043 5837 i
2089 5769 2212 5822 Haec
2237 5768 2432 5823 desunt
2461 5770 2510 5822 in
2536 5766 2786 5834 Vindoc.,
2815 5782 2984 5837 usque
3011 5768 3079 5824 ad
3109 5769 3154 5823 si
3180 5768 3366 5824 lumen.

2032 5836 2060 5910 ξε
2093 5840 2284 5906 L‘aud.,
2310 5851 2517 5910 quanta:
2538 5850 2678 5896 sunt.
2899 5836 2906 5837 ί
3235 5881 3238 5884 .
3367 5873 3369 5876 .

2035 5905 2052 5945 ¹
2079 5905 2333 5978 necent,
2357 5913 2410 5967 in
2434 5913 2762 5968 fundamento
2784 5917 3038 5967 sottdata'.
