4036 6348
20 1417 28 1478 ν

18 1479 26 1770 ἒ

516 408 643 494 ,467
847 383 852 388 ’
1710 415 1952 470 SANtITl
1991 415 2323 471 GBEGORII
2361 413 2574 471 unum
3715 413 3812 471 tos

534 526 695 596 igitur
722 529 1046 583 intentiones
1067 529 1252 583 electae
1276 530 1692 599 ttniIJSt:ujttsqtte
1726 534 1918 586 animae
1943 543 1965 568 "
1995 531 2109 602 spei
2137 537 2192 598 Α
2216 542 2491 586 vocantur.
2518 532 2670 600 Quod
2699 533 2742 586 si
2765 532 2838 586 ita
2868 543 2971 598 est,
3003 531 3128 587 dum
3172 544 3315 588 terra
3343 525 3488 588 esset
3516 533 3809 587 invisibilis

534 619 847 694 aeternitatis
885 620 1206 684 innituntur,
1241 630 1385 700 recte
1406 636 1539 696 voce
1564 623 1728 694 909
1755 623 2024 678 Dnminica
2046 625 2112 678 de

534 712 630 768 hac
657 723 823 780 terra
859 713 1054 768 dicitur
1089 732 1101 765 :
1133 713 1161 752 ι’
1194 714 1364 780 Super
1408 731 1506 784 quo
1537 716 1680 770 bases
1708 715 1852 770 illius
1882 717 2116 769 solidati:

529 807 683 860 sunt?
711 805 786 859 Ac
813 807 855 858 si
885 816 1067 872 aperte
1093 805 1323 871 diceret,
1375 806 1483 860 Nisi
1528 822 1688 876 super
1718 822 1824 860 me.
1855 806 1951 860 Cui
1983 807 2110 860 dum
2145 845 2158 852 -

525 897 668 969 justa
717 912 943 968 qumque
970 899 1147 952 anima
1181 899 1429 966 intendit,
1462 914 1620 955 omne
1648 900 1785 965 quod
1817 898 2117 969 temporali-

528 998 610 1042 ter
634 986 780 1052 facit,
809 988 862 1042 in
891 1003 979 1044 me
1024 990 1209 1058 procul
1254 989 1415 1045 dubio
1458 1005 1567 1044 non
1599 990 1959 1056 temporaliter
1987 1005 2113 1044 con-

525 1081 700 1134 struit.
756 1078 890 1156 Quia
956 1095 1087 1136 vero
1150 1092 1273 1134 tunc
1336 1081 1602 1136 robustius
1661 1081 1711 1134 in
1765 1079 2112 1136 fundamento

523 1165 836 1240 solidamur,
867 1188 988 1229 cum
1039 1173 1202 1228 verba
1247 1174 1340 1228 Dei
1400 1183 1453 1226 et
1481 1173 1533 1226 iu
1590 1171 1946 1226 exterioribus
1976 1187 2111 1240 prae-

525 1264 696 1330 ceptis
721 1249 1018 1333 sequimur,
1049 1273 1103 1317 et
1131 1264 1182 1316 in
1218 1263 1426 1326 intimis,
1447 1264 1700 1317 sensibus
1755 1262 2004 1316 subtilius
2032 1263 2108 1314 in-

523 1355 812 1425 telligendo
841 1371 1146 1423 pensamus,
1177 1365 1321 1411 recte
1343 1355 1680 1424 subiungitur
1705 1369 1720 1410 :

561 1433 564 1435 ’
913 1439 1138 1503 CAPUT
1172 1447 1284 1501 xnt
1322 1443 1467 1521 [Vet.
1516 1443 1596 1499 ,τι
1611 1444 1694 1518 V].

595 1539 724 1594 leto.
758 1569 827 1580 —
860 1537 955 1593 Vel
983 1541 1097 1608 quis
1126 1539 1316 1592 dimisit
1353 1540 1580 1606 lapidem
1609 1539 1904 1611 angularem
1946 1539 2108 1610 ejus?

592 1633 677 1686 35.
731 1631 963 1685 Christus
1010 1631 1142 1699 lapis
1190 1631 1480 1702 angularis,
1509 1631 1646 1694 quod
1684 1631 1840 1683 vitam
1888 1633 2103 1684 activam

519 1738 564 1780 et
605 1726 1050 1795 contemplatii'am
1089 1727 1143 1778 in
1185 1743 1236 1778 se
1254 1727 1596 1792 conjunxerit.
1630 1755 1696 1765 -—
1731 1725 1888 1796 Lapis
1909 1727 2104 1794 quippe

516 1820 787 1890 augularis
833 1830 917 1874 est
963 1820 1028 1872 ad
1074 1834 1225 1873 sacra
1271 1820 1480 1887 eloquia
1527 1820 1828 1874 intellectus
1879 1819 2097 1889 duplex.

515 2006 705 2066 stricto
729 2001 930 2073 judicio
972 2001 1284 2070 ignorantia:
1311 2017 1421 2056 sua:
1453 2001 1687 2056 tenebris
1719 2001 1978 2070 illigatur;
2005 2000 2097 2055 sed

510 2094 738 2168 quadam
769 2079 1016 2149 libertate
1049 2093 1372 2163 perfruitur,
1407 2093 1533 2147 dum
1577 2095 1626 2147 in
1679 2079 1956 2162 praeceptis
2006 2093 2099 2149 Dei

509 2186 713 2241 sufﬁcit
758 2187 840 2240 vel
869 2185 1220 2253 exsequendo
1249 2188 1515 2241 exteriora
1545 2202 1724 2258 agere,
1754 2187 1831 2238 vel
1862 2197 2100 2238 contem-

509 2279 710 2346 plando
739 2280 945 2336 interna
980 2282 1205 2335 sentire.
1234 2279 1312 2334 Ad
1342 2279 1481 2351 quod
1505 2297 1773 2348 nunquam
1802 2292 1986 2334 HOSN‘J'
2022 2281 2102 2334 itt-

507 2373 756 2427 tellectis
811 2381 1156 2443 assurgeret,
1204 2375 1246 2425 si
1293 2372 1359 2425 ad
1407 2371 1799 2440 suscipiendam
1854 2381 2096 2424 naturam

436 2507 438 2510 -
507 2481 745 2524 nostram
778 2471 892 2537 ipse
917 2482 1103 2524 neSter
1127 2468 1376 2522 conditor
1407 2484 1512 2522 non
1545 2467 1772 2521 veniret.
1815 2465 1916 2535 Qui
1943 2467 2100 2520 aliter

507 2559 780 2632 angularis
801 2557 935 2630 lapis
964 2559 1180 2625 dicitur,
1210 2561 1333 2629 quia
1376 2558 1510 2614 duos
1541 2560 1592 2613 in
1629 2573 1689 2614 se
1724 2559 2095 2627 pop'ulosjun-

506 2657 613 2720 xit;
647 2663 808 2724 atque
839 2656 1016 2721 aliter,
1045 2653 1167 2723 quia
1196 2653 1497 2722 conjuncta:
1526 2655 1800 2721 utriusque
1829 2653 1970 2717 vitm,
2006 2667 2096 2728 ac-

503 2746 630 2801 tiva:
650 2743 903 2801 videlicet
929 2757 982 2799 et
1006 2745 1456 2813 contemplativze,
1488 2745 1540 2799 in
1582 2759 1641 2799 se
1667 2746 1911 2813 exempla
1946 2761 2096 2797 mon-

502 2839 713 2894 stravit.
742 2835 824 2890 Ab
847 2836 1017 2892 activa
1050 2835 1190 2890 enim
1237 2837 1345 2890 vita
1372 2836 1528 2904 longe
1555 2834 1975 2903 contemplativa
2008 2831 2088 2886 di~

502 2938 638 2992 stat;
672 2929 766 2984 sed
799 2927 1109 2982 incarnatus
1135 2927 1463 2995 liedemptdr
1490 2935 1675 2981 noster
1699 2928 1937 2991 veniens,
1966 2925 2092 2978 dum

503 3033 782 3091 utramque
801 3021 1065 3084 exhibuit,
1092 3021 1143 3073 in
1170 3035 1229 3074 se
1251 3033 1531 3090 utramque
1549 3019 1793 3075 sociavit.
1820 3019 1952 3073 Nam
1973 3034 2091 3072 cum

501 3115 552 3174 in
588 3117 720 3172 urbe
752 3113 1003 3171 miracula
1033 3115 1256 3180 faceret,
1281 3117 1331 3168 in
1357 3125 1538 3169 monte
1571 3131 1700 3168 vero
1720 3113 1927 3167 orando
1959 3128 2120 3182 «ξοη-⁸

501 3209 652 3263 tinne
682 3211 1045 3278 pernoctaret,
1076 3205 1384 3273 exemplum
1418 3208 1529 3260 Suis
1561 3203 1808 3260 fidelibus
1844 3205 2089 3274 pnebuit,

2221 635 2276 678 et
2307 625 2676 693 incomposita,
2709 625 2833 677 dum
2879 625 3114 679 tenebrae
3144 635 3326 680 essent
3360 640 3522 693 super
3555 625 3814 692 abyssum

2221 718 2428 792 (Cenes.
2464 735 2500 783 ι,
2541 718 2624 788 2),
2657 729 2941 775 venturum
2992 723 3134 778 diem
3193 711 3571 794 subsequentis
3624 722 3814 777 saaculi

2217 797 2314 882 per
2334 813 2504 868 lucem
2537 813 2812 880 sapientia:
2834 815 3118 870 existendo
3146 827 3542 880 prtevenerunt.
3569 816 3683 870 Nec
3715 830 3809 869 ne-

2217 912 2483 980 gligenter
2525 909 2849 964 audiendum
2890 920 2974 965 est
3003 909 3145 980 quod
3193 911 3427 977 additur,
3457 910 3654 976 Simul,
3690 911 3811 978 quia

2215 1003 2466 1058 nimirum
2495 1015 2640 1058 astra
2673 1005 2930 1060 matutina
2962 1006 3123 1058 etiam
3172 1022 3295 1060 cum
3346 1005 3672 1073 vespertinis
3705 1003 3814 1057 Re-

2216 1098 2511 1164 demptoris
2532 1099 2824 1166 potentiam
2849 1098 3086 1163 laudant,
3111 1098 3239 1152 dum
3265 1099 3423 1154 elei-ti
3448 1099 3626 1170 angeli
3651 1097 3812 1151 etiam

2212 1203 2332 1243 cum
2366 1190 2660 1257 redemptis
2697 1190 2750 1244 in
2798 1189 2981 1243 mundi
3020 1189 3126 1243 fine
3175 1190 3482 1245 hominibus
3512 1189 3814 1258 largitatem

2211 1284 2399 1353 gratiae
2420 1300 2668 1360 superna:
2694 1285 3016 1356 glorificant.
3049 1284 3077 1322 ά
3120 1285 3238 1352 Ipse
3265 1287 3464 1356 quippe
3508 1297 3565 1340 ut
3596 1301 3695 1340 nos
3746 1286 3814 1340 ad

2214 1377 2427 1439 laudem
2473 1379 2770 1433 conditoris
2814 1379 3196 1447 accenderent,
3233 1380 3336 1436 hoc
3379 1382 3520 1452 quod
3566 1381 3814 1444 superius

2210 1471 2465 1534 diximus,
2495 1483 2611 1525 orta
2639 1488 2731 1541 per
2753 1488 2972 1527 carnem
2998 1473 3142 1538 luce,
3172 1475 3541 1528 elamaverunt
3576 1493 3588 1526 :
3625 1473 3812 1534 (itania

2211 1563 2264 1613 in
2295 1543 2507 1616 excelsis
2539 1562 2666 1624 Deo,
2699 1574 2747 1616 et
2778 1565 2832 1616 in
2853 1577 2991 1617 terra
3014 1582 3116 1635 pax
3147 1563 3436 1618 hominibus
3465 1567 3610 1618 bonm
3631 1565 3816 1617 uolun-

2211 1656 2326 1707 tatis
2374 1653 2536 1720 (Luc.
2573 1673 2629 1719 It,
2663 1655 2774 1726 Η).
2826 1656 2995 1712 Simul
3037 1672 3165 1726 ergo
3210 1658 3378 1729 910
3421 1657 3660 1718 laudant,
3685 1658 3819 1728 quia

2208 1745 2565 1814 redentptioni
2607 1757 2804 1802 nostra:
2837 1763 2998 1802 voces
3049 1764 3161 1802 suae
3208 1748 3552 1802 exultationie
3596 1763 3812 1799 accom-

2209 1839 2444 1892 modant.
2479 1840 2645 1894 Simul
2679 1841 2930 1907 laudant;
2961 1841 3086 1912 quia
3135 1839 3260 1892 dum
3305 1855 3402 1891 nos
3447 1837 3795 1903 conSpiciunt

437 1970 448 1982 ρ
515 1914 616 1979 Qui
649 1922 773 1966 tunc
800 1909 1060 1965 divinitus
1091 1911 1396 1974 dimittitur,
1419 1915 1632 1980 quando
1661 1926 1991 1980 nequaquam
2017 1911 2096 1962 di-

2216 1927 2391 1996 recipi,
2419 1947 2572 1983 suum
2607 1947 2885 1984 numerum
2927 1927 3161 2001 gaudent
3195 1928 3412 1995 repleri.
3460 1925 3561 1994 Qui
3591 1935 3646 1980 et
3692 1927 3804 1978 lor-

2207 2029 2347 2074 tns-e
2377 2020 2495 2073 ideo
2527 2020 2782 2073 matutina
2809 2015 2946 2072 astra
2978 2032 3367 2083 memorantur,
3409 2018 3530 2086 quia
3563 2031 3713 2084 sirpe
3735 2013 3802 2070 ad

2205 2109 2570 2164 exhortandus
2601 2107 2846 2163 homines
2873 2093 3019 2162 missi
3052 2115 3209 2169 sunt;
3250 2117 3304 2161 et
3347 2109 3474 2160 dum
3508 2115 3802 2160 venturum

2206 2221 2360 2256 mane
2392 2205 2657 2265 nuntiant,
2689 2203 2756 2256 ab
2788 2201 3036 2256 humanis
3079 2201 3328 2253 «ordibus
3360 2199 3639 2262 tirtzsentis
3669 2195 3796 2250 vim

2203 2294 2463 2346 'teltcltres
2494 2293 2696 2350 fugant.
2722 2292 2826 2346 Sed
2859 2299 2986 2344 ecc’e
3017 2289 3191 2356 angeli
3237 2285 3474 2343 divin-tm
3506 2287 3800 2352 potentiam

2203 2380 2441 2441 laudant,
2477 2382 2594 2446 quia
2630 2383 2737 2446 ipsa
2761 2396 2855 2436 eos
2879 2391 3038 2433 tantm
3062 2379 3322 2432 claritatis
3356 2385 3381 2414 ο
3417 2377 3554 2429 visio
3583 2375 3798 2429 dilatat.

2201 2468 2308 2522 Nos
2337 2481 2512 2521 autem
2541 2471 2630 2537 qui
2655 2470 2990 2532 redimlmur,
3012 2465 3102 2521 sed
3135 2477 3312 2522 tamen
3338 2466 3685 2529 corruptione
3708 2465 3804 2517 sd-

2203 2559 2304 2611 l.-uc
2328 2560 2502 2612 carnis
2527 2571 2833 2627 gravamur,
2866 2557 3067 2612 donum
3099 2559 3236 2625 quod
3270 2557 3611 2624 percipimus,
3644 2555 3666 2592 τ
3700 2571 3801 2624 qua

2202 2653 2398 2706 virtute
2414 2651 3176 2719 laudamus‘tQuomodoenlut
3190 2649 3380 2705 valebit
3401 2650 3578 2719 lingua
3597 2650 3799 2712 dicere.

2201 2748 2341 2815 quod
2393 2761 2496 2799 non
2537 2745 2734 2799 sufficit
2773 2755 2926 2808 ruens
2974 2751 3149 2797 noStra
3199 2741 3442 2824 sentire?
3485 2742 3742 2812 Sequitur
3779 2755 3799 2796 :

2814 2835 3041 2891 CAPUT
3065 2833 3160 2890 XV

2273 2919 2399 2980 luto.
2435 2957 2500 2966 -—
2535 2926 2910 2996 Etjnltilaren't
2932 2937 3106 2983 omnes
3127 2927 3226 2998 ﬁltt
3260 2930 3375 2983 Dei.

2271 3019 2359 3072 35.
2419 3019 2556 3086 Quid
2606 3023 2672 3072 sit
2712 3017 2982 3090 jubilatio,
3014 3031 3064 3074 et
3084 3035 3178 3076 cur
3202 3023 3436 3076 homines
3461 3022 3664 3087 deceat,
3690 3027 3797 3074 non

2199 3110 2434 3180 arigeles.
2459 3141 2527 3150 ——
2549 3109 2805 3164 .lubitatio
2827 3113 3024 3180 quippe
3053 3112 3250 3167 dicitur
3290 3127 3430 3168 cum.
3458 3111 3638 3166 cordis
3661 3109 3798 3165 lteti-
3849 3163 3852 3168 .

2201 3205 2270 3254 tia
2303 3204 2413 3256 oris
2446 3201 2684 3257 efficacia
2716 3219 2819 3257 non
2844 3205 3126 3272 expletur;
3156 3207 3248 3261 scd
3276 3205 3594 3276 quibusdam
3617 3205 3797 3260 modis

501 3312 554 3354 ut
599 3315 696 3354 nec
747 3299 1217 3368 contemplationis
1265 3299 1443 3353 studio
1499 3301 1863 3368 proximorum
1908 3315 2089 3353 curam
2119 3287 2169 3361 α
2199 3295 2453 3366 gaudium
2507 3297 2705 3365 prodit,
2740 3295 2880 3366 quod
2926 3297 3042 3368 ipse
3100 3299 3190 3366 qui
3236 3301 3450 3368 gaudet,
3482 3305 3582 3353 nec
3614 3309 3796 3367 tegere

503 3394 801 3464 negligant,
829 3408 927 3447 nec
957 3408 1168 3446 rursum
1199 3407 1327 3446 cura
1362 3393 1725 3461 proximorum
1772 3391 2093 3445 immodera-

503 3487 608 3539 tius
662 3483 883 3555 obligali
937 3483 1412 3553 contemplationis
1457 3485 1633 3538 studia
1681 3483 2091 3549 derelinquant;

495 3567 598 3634 sed
630 3578 707 3633 sic
739 3577 794 3632 in
847 3579 1086 3644 utrisque
1134 3585 1367 3631 mentem
1416 3577 1692 3644 partiendo
1731 3577 2089 3646 c0njungant,

501 3683 764 3742 quatenus
797 3685 899 3725 nec
931 3686 1172 3724 amoretn
1202 3671 1290 3723 Dei
1327 3671 1622 3739 prtepediat
1664 3686 1814 3724 amor
1840 3671 2092 3736 proximi,

503 3780 599 3818 nec
621 3777 860 3818 amorem
889 3762 1144 3829 proximi,
1169 3762 1294 3831 quia
1326 3762 1675 3827 transi-endit,
1702 3761 1921 3830 abjiciat
1945 3775 2096 3814 amor

501 3859 616 3912 Dei.
646 3857 782 3926 Quia
817 3857 976 3927 igitur
1001 3841 1237 3909 humano
1264 3855 1413 3909 cordi
1443 3855 1567 3924 quid
1607 3866 1786 3923 agi-ret
1827 3857 2092 3922 ignoranti

503 3949 594 4004 Dei
624 3957 788 4018 atque
818 3946 1051 4001 hominis
1083 3946 1348 4002 Mediator
1374 3948 1640 4017 apparuit,
1673 3948 1762 4014 qui
1805 3955 1857 3999 et
1889 3947 2097 4012 agendo

502 4041 810 4097 transitoria
862 4039 1202 4108 disponeret,
1234 4048 1289 4092 et
1327 4037 1744 4107 contemplando
1790 4038 2099 4092 ostenderet

501 4135 648 4189 unde
678 4141 871 4188 cuncta
927 4133 1243 4200 penderent,
1269 4141 1414 4187 recte
1455 4133 1649 4187 dicitur
1680 4148 1692 4185 :
1735 4123 1828 4185 Vel
1871 4133 1986 4202 quis
2020 4131 2102 4186 di-

505 4228 647 4280 misit
669 4225 896 4298 lapidem
927 4226 1229 4296 angularem
1259 4226 1412 4298 ejus?
1438 4227 1516 4281 Ac
1547 4225 1589 4278 si
1625 4235 1810 4295 apt-rte
1843 4227 2102 4280 Dominus

501 4318 706 4372 diceret
723 4335 736 4371 :
753 4315 864 4372 Nisi
882 4333 1003 4388 ego,
1019 4319 1106 4388 qui
1134 4321 1346 4372 Unicum
1369 4333 1528 4389 quem
1549 4319 1666 4375 sine
1686 4332 1922 4388 tempore
1939 4321 2098 4388 genui

501 4413 780 4468 servandis
796 4414 1102 4468 hominibus
1120 4430 1240 4468 cum
1255 4425 1496 4482 tempore
1513 4416 1744 4479 ostendi,
1762 4417 1812 4467 in
1833 4419 1983 4481 cujus
1997 4417 2102 4470 vita

511 4513 533 4543 ε
550 4504 820 4560 discerent
837 4506 996 4560 etiam
1011 4503 1219 4560 diversa
1236 4507 1447 4560 vivendi
1463 4507 1634 4561 studia
1655 4523 1759 4560 non
1777 4509 2097 4577 discrepare.

503 4595 570 4651 Et
595 4598 885 4652 notandum
909 4600 1050 4668 quod
1077 4613 1198 4652 eum
1229 4613 1331 4652 non
1365 4612 1422 4653 se
1439 4599 1705 4663 emisisse,
1723 4599 1812 4650 sed
1837 4598 2106 4652 dimisisse

501 4767 660 4850 piens
686 4780 751 4833 ad
783 4781 889 4834 ima
920 4781 986 4835 de
1005 4781 1320 4835 sublimibus
1352 4781 1514 4834 venit.
1539 4780 1702 4850 Cujus
1727 4781 2106 4848 incarnationis

504 4872 825 4940 mysterium
854 4874 977 4941 quia
997 4884 1048 4926 et
1075 4871 1229 4927 electi
1253 4873 1423 4939 angeli
1446 4873 1619 4927 mirati
1643 4875 1890 4943 sunt,qui
1916 4875 2101 4928 eodem

511 4963 772 5034 mysterio
800 4964 1060 5035 redempti
1093 4979 1200 5019 non
1225 4976 1368 5033 sunt,
1403 4975 1548 5019 recte
1574 4965 1919 5035 subjungitur
1949 4981 1964 5017 :

940 5055 1167 5113 CAPUT
1193 5055 1312 5111 xw
1341 5053 1487 5129 ilice.
1517 5053 1674 5129 v11].

479 5147 522 5186 ⁵-
580 5149 744 5208 Vens.
774 5150 830 5207 7.
859 5177 932 5193 -—
959 5150 1090 5208 Cum
1118 5161 1198 5207 me
1236 5151 1508 5206 laudarent
1547 5151 1702 5205 simul
1743 5161 1888 5206 astra
1927 5161 2090 5205 matu-

441 5277 450 5288 ·-
503 5245 635 5300 tina.

483 5343 486 5352 '
567 5337 657 5394 54.
688 5335 876 5409 Angell
899 5343 1040 5393 astra
1055 5329 1308 5393 matutina
1328 5353 1420 5392 cur
1440 5329 1934 5407 appellati—Quia
1957 5340 2101 5394 enim

513 5431 685 5496 prima
711 5431 762 5484 in
793 5439 1040 5501 tempore
1063 5429 1282 5485 condita
1305 5438 1492 5484 natura
1517 5429 1920 5485 rationabi’lium
1945 5432 2102 5501 spiri-

483 5532 660 5586 ,tuum
687 5525 947 5592 creditur,
977 5539 1084 5592 non
1117 5525 1387 5600 immerito
1437 5526 1699 5578 matutina
1749 5537 1896 5579 astra
1929 5525 2101 5595 angeli

580 5640 868 5712 f'Pratet.,
900 5659 1084 5712 spectet
1115 5645 1443 5698 wternitatis.

583 5709 612 5748 δ
641 5714 835 5776 Land.,
864 5709 1017 5780 super
1036 5715 1194 5780 quod.

589 5793 609 5819 ο
638 5783 855 5836 E-bruic.
889 5785 1088 5844 aliique
1117 5783 1304 5838 Norm.
1337 5794 1390 5837 et
1439 5785 1633 5851 Laud.,
1663 5785 2030 5838 discernerent.

516 5922 548 5977 ι,
585 5853 610 5888 τι
644 5853 840 5908 Pratel.
865 5865 919 5907 et
951 5854 1113 5922 Utic.,
1145 5857 1260 5928 ipsa
1279 5857 1491 5930 quippe,
1518 5857 1729 5912 scilicet
1755 5861 1900 5910 astra
1933 5865 2109 5911 tuatu-

537 5939 644 5977 tna.
987 5941 993 5948 -

537 5939 644 5984 Illa.
987 5941 993 5948 '

2203 3387 2483 3458 prazvalet',
2541 3405 2638 3442 nec
2684 3391 2923 3458 explere.
2964 3390 3204 3445 Laudent
3251 3391 3434 3460 itaque
3475 3390 3799 3458 augeli,qui

2198 3481 2307 3551 jam
2335 3489 2492 3534 tanta.-
2520 3483 2777 3536 claritatis
2811 3489 2836 3530 ε
2868 3482 3202 3538 altitudinem
3233 3487 3294 3556 in.
3332 3482 3658 3537 sublimibus
3708 3485 3796 3534 vi-

2199 3574 2352 3631 dent.
2383 3574 2618 3629 Jubilcnt'
2650 3589 2780 3629 vero
2821 3577 3087 3640 homines",
3114 3578 3200 3644 qui
3234 3578 3409 3632 adhuc
3441 3578 3494 3630 in
3519 3577 3800 3632 inferiori-

2200 3666 2301 3719 lnts
2329 3668 2438 3719 oris
2466 3669 2550 3720 sui
2584 3672 2857 3736 angustias
2885 3668 3172 3724 sustinent.
3207 3669 3336 3737 Qua:
3386 3672 3507 3739 quia
3539 3681 3687 3724 certo
3715 3672 3800 3723 fu-

2203 3767 2320 3811 tttra
2353 3757 2612 3812 Dominus
2649 3769 2891 3822 noverat,
2929 3773 3032 3814 non
3075 3769 3182 3814 tam
3235 3759 3478 3816 facienda
3527 3761 3764 3816 insinuat
3788 3808 3801 3826 ,

2203 3867 2356 3924 quam
2393 3853 2452 3904 fa'
2477 3867 2527 3909 ta
2559 3865 2758 3910 narrat.
2795 3855 2897 3910 Sed
2931 3853 3056 3926 quid
3086 3855 3294 3926 agimus
3319 3899 3333 3918 ,
3364 3853 3506 3926 quod
3533 3863 3654 3911 cum
3680 3858 3805 3914 boni

2203 3941 2272 4001 de
2333 3947 2723 4030 retlettiptittnis
2783 3963 2894 4002 sua:
2961 3949 3222 4018 mysterio
3277 3949 3556 4020 jubilant,
3624 3951 3799 4003 malos

2203 4040 2402 4094 invidia
2433 4039 2762 4106 inflammat;
2795 4041 2920 4094 dom
2971 4042 3127 4096 electi
3157 4044 3460 4111 proficiunt,
3491 4040 3705 4109 reprobi
3737 4041 3805 4096 ad

2205 4129 2406 4186 rabiem
2460 4134 2658 4188 furoris
2703 4133 3025 4199 excitantur,
3061 4141 3114 4187 et
3164 4136 3302 4187 bona
3344 4135 3644 4196 nascentia,
3679 4134 3806 4201 quia

2208 4227 2398 4280 nolunt
2429 4227 2625 4280 imitari
2646 4270 2658 4291 ,
2694 4227 3128 4295 persequuntur?
3153 4226 3257 4282 Sed
3301 4235 3479 4280 tamen
3512 4227 3655 4278 inter
3687 4225 3809 4277 haec

2209 4321 2366 4374 etiam
2401 4323 2488 4388 qui
2535 4321 2783 4385 redemit,
2819 4335 2924 4374 non
2977 4317 3251 4390 relinquit.
3284 4318 3556 4385 Scriptum
3600 4319 3807 4388 quippe

2209 4423 2328 4467 est:
2365 4411 2564 4467 Fidelis
2590 4423 2759 4466 autem
2793 4409 2948 4476 Dens,
2975 4415 3064 4481 qui
3104 4429 3204 4466 non
3231 4415 3454 4483 patietur
3493 4428 3581 4465 ros
3620 4415 3812 4464 tentari

2210 4513 2367 4573 supra
2408 4521 2560 4571 quant
2610 4509 2836 4573 potestis.
2863 4506 2951 4560 sed
2995 4508 3141 4576 faciet
3189 4506 3342 4558 etiam
3387 4511 3499 4557 cum
3532 4504 3812 4556 tentatione

2213 4603 2508 4662 proventura
2532 4638 2544 4656 ,
2569 4605 2622 4648 ut
2652 4597 2855 4664 possitis
2885 4598 3130 4650 sustinere
3170 4593 3224 4667 (1
3263 4597 3384 4652 Cor.
3413 4613 3464 4660 κ,
3495 4593 3608 4662 15).
3654 4595 3813 4648 Novit

413 4696 432 4710 ‘
501 4689 714 4753 asserit,
735 4690 858 4759 quia
892 4689 1132 4758 profecto
1162 4690 1447 4744 humanam
1481 4697 1724 4742 naturam
1747 4689 1912 4743 Filius
1934 4691 2104 4743 susci-
2139 4687 2189 4748 υ
2218 4688 2357 4740 enim
2379 4689 2625 4741 conditor
2656 4698 2866 4752 noster,
2909 4689 3124 4758 quando
3153 4703 3445 4758 exsurgere
3473 4689 3814 4757 persecutio-

2219 4779 2300 4831 nis
2349 4779 2638 4848 procellam
2687 4781 3082 4849 sinat,quando
3109 4789 3486 4849 exsurgentem
3528 4771 3842 4849 reprimat.‘

2214 4867 2372 4928 Novit
2392 4887 2492 4942 pro
2522 4873 2764 4928 custodia
2783 4884 2961 4927 nostra
2986 4873 3314 4945 restringere
3335 4875 3475 4943 quod
3495 4883 3681 4928 contra
3715 4886 3814 4924 nos

2214 4967 2394 5035 egredi
2435 4981 2532 5036 pro
2579 4978 2759 5022 nostra
2786 4967 3170 5046 exercitatione
3194 4968 3474 5037 permittit,
3493 4977 3553 5022 ut
3572 4965 3812 5018 sericas

2121 5061 2127 5070 ’
2215 5075 2312 5117 nos
2339 5061 2781 5131 diluatproeella,
2803 5071 2856 5116 et
2884 5077 2988 5115 non
3010 5071 3238 5130 mergat.
3269 5061 3424 5116 Unde
3439 5067 3492 5112 et
3521 5059 3774 5128 sequitur
3803 5078 3814 5115 :

2415 5149 2651 5228 CAPUT
2705 5151 2822 5210 XVI
2870 5154 2890 5225 ἱ
2919 5153 3034 5209 Vel.
3059 5147 3196 5219 XV,
3229 5153 3350 5206 Rec.
3385 5148 3580 5222 νιιιιι

2287 5241 2449 5302 Vsus.
2479 5263 2528 5300 ts.
2555 5279 2623 5286 —
2647 5249 2773 5313 Quis
2797 5249 3045 5300 conclusit
3068 5247 3212 5300 os‘tlis
3235 5259 3395 5308 mare,
3411 5242 3621 5314 quando
3644 5251 3816 5293 erutu-

2214 5329 2377 5411 p'eb'at,
2407 5342 2551 5406 quasi
2578 5331 2640 5393 de
2659 5341 2810 5392 uulua
2833 5337 3150 5411 precedens?

2290 5435 2378 5484 Fili.
2411 5432 2670 5486 Saeculum
2701 5443 2884 5486 contra
2914 5441 3118 5485 sanctos
3140 5431 3351 5485 sentiens
3375 5444 3406 5480 a
3455 5426 3559 5479 Deo
3607 5427 3814 5478 conclu-

2214 5541 2342 5580 smn.
2375 5515 2676 5592 llumiliatis
2708 5523 2922 5578 terrenis
2949 5517 3288 5592 principibus,
3318 5534 3412 5588 per
3445 5533 3527 5571 eos
3561 5513 3816 5570 Dominus

2289 5653 2312 5680 ο
2376 5643 2661 5709 Sequimur
2709 5641 2876 5702 Mss.,
2939 5639 3246 5708 prmsertim
3302 5639 3547 5709 Turon.,
3601 5633 3816 5709 Laud.,

2217 5715 2434 5768 Ebroic.
2455 5705 2478 5774 ξ
2505 5705 3188 5782 Pratel.~aliosqn'e_Norm.
3211 5749 3225 5770 ,
3251 5723 3383 5782 cum
3401 5707 3713 5782 inmensis
3746 5705 3814 5756 lc-

2218 5795 2389 5853 gatur,
2425 5785 2549 5835 visio
2591 5785 2826 5834 delectat.
2863 5781 2917 5834 lu
2957 5780 3117 5834 Corb.
3148 5779 3332 5835 Germ.
3375 5781 3566 5849 legitur
3607 5779 3816 5835 dilatat.

2292 5856 2309 5894 ί
2339 5856 2533 5920 l.and.,
2567 5854 2715 5921 quasi
2737 5856 2972 5907 virtutem
2998 5855 3290 5907 laudamus.

2292 5939 2314 5976 ε
2347 5918 2745 5994 (ὶογὺζϐὲιοωη
2779 5924 2995 5982 Ebtotc.
3021 5935 3076 5982 et
3095 5926 3187 5981 alii
3211 5923 3390 5981 Norm.
3417 5961 3432 5990 ,
3460 5918 3810 5989 latitudines.
