4036 6348
937 312 1299 370 ΜοιῑΑιιιυΜ
1337 310 1464 366 LIB.
1508 307 1746 365 XXVIII.
1785 337 1854 348 —-

1988 306 2213 362 CAPUT
2252 309 2519 363 XXXVIII
2562 310 2620 363 Β.
2664 310 2802 365 JOB.

3409 308 3517 365 ΜΟ

256 425 529 484 Ecclésiliilt
551 424 709 495 supra
737 425 918 481 mundi
958 427 1158 480 culmen
1183 425 1366 478 evexit.
1398 453 1468 463 —
1497 421 1633 489 Quid
1679 406 1905 481 enim\A
1931 402 2171 483 ponerem
2209 424 2389 474 nubem
2412 427 2766 478 vestimentum
2790 428 2949 496 ejus;
2978 435 3099 492 apte
3132 425 3372 478 subdidit
3400 442 3412 475 :
3451 423 3520 479 Et

258 536 397 576 mare
424 522 524 573 nisi
548 518 827 583 saeculum,
845 504 971 587 quid
995 518 1228 580 vulvam,
1245 517 1348 570 nisi
1373 519 1691 582 conceptum
1715 526 1826 565 car-

255 612 377 670 nalis
403 612 740 682 cogitationis
766 610 1094 679 accipimus?
1143 610 1253 663 Hoc
1299 609 1442 663 enim
1489 606 1609 661 loco
1652 606 1828 659 vulva:

256 710 459 765 nomine
490 708 695 763 occulta
720 717 774 764 et
817 707 1079 762 malitiosa
1110 706 1405 762 carnalium
1448 706 1705 774 cogitatio
1735 704 1828 758 de-

256 801 501 870 signatur.
554 798 687 867 Quze
718 799 878 853 vulva
930 816 1033 852 non
1084 797 1151 851 ad
1201 797 1576 867 prolerendam
1625 797 1827 862 prolem

186 952 190 957 ,
256 890 477 961 concipit
504 893 857 947 substantiam
885 874 1147 959 corporis,
1174 890 1269 947 sed
1298 889 1363 943 ad
1386 889 1707 958 explendam
1734 892 1830 941 ne;

255 984 462 1057 quitiam
493 998 711 1039 causam
742 982 959 1039 doloris.
997 983 1069 1037 De
1099 985 1199 1037 hac
1247 984 1399 1037 vulva
1429 982 1608 1036 cordis
1628 982 1832 1051 iniquo-

254 1085 359 1133 tum
392 1078 525 1132 alias
544 1076 739 1132 dicitur
762 1095 774 1131 :
800 1075 1042 1145 Concepit
1078 1076 1325 1139 dolorem,
1355 1066 1403 1129 et
1428 1076 1622 1147 peperit
1645 1076 1831 1140 iniqui-

255 1181 397 1225 tatem
424 1170 596 1238 (Psal.
628 1186 723 1233 vn,
752 1169 859 1240 I5).
894 1171 1002 1227 Per
1032 1172 1168 1224 hanc
1214 1172 1423 1223 vulvam
1466 1170 1613 1237 pravi
1645 1169 1832 1221 conci-

255 1263 419 1333 piunt,
449 1279 571 1319 cum
602 1264 751 1333 ,maia
783 1266 1042 1333 cogitant.
1070 1264 1170 1319 Per
1188 1248 1328 1318 hanc
1353 1264 1571 1316 vulvam
1595 1262 1831 1329 pariunt,

254 1358 371 1414 eam
398 1358 535 1412 mala
596 1373 714 1427 quas
764 1359 1115 1427 Cogitaverint
1146 1368 1458 1425 operantur.
1512 1354 1837 1422 Erumpebat

253 1460 373 1520 crgo
402 1450 550 1504 mare
573 1452 722 1518 quasi
744 1450 813 1505 de
834 1453 990 1505 vulva
1013 1450 1333 1519 procedens,
1356 1456 1384 1487 ι·
1414 1462 1532 1501 cum
1566 1450 1834 1499 minarum

254 1542 592 1600 saecularium
621 1542 816 1598 ﬂuctus
847 1544 916 1597 de
945 1544 1177 1597 carnalis
1203 1537 1838 1609 cogitationisiniqnitate

190 1700 203 1705 β
252 1638 517 1705 Concepli,
544 1636 597 1689 in
624 1638 826 1691 Sancta:
845 1634 1106 1689 Ecclesia)
1124 1632 1397 1687 interitum
1429 1630 1700 1685 saevirent.
1730 1627 1836 1682 Sed

253 1728 466 1784 auctore
497 1727 627 1794 Deo,
660 1720 813 1782 ostiis
863 1728 962 1781 hoc
1012 1740 1162 1780 mare
1210 1723 1521 1778 conclusum
1568 1728 1683 1782 est,
1716 1721 1837 1783 quia

1932 516 2151 585 caligine
2170 514 2304 569 illud
2330 519 2477 583 quasi
2504 519 2689 588 pannis
2709 519 2946 589 infantia:
2962 516 3292 575 absolverem.
3319 516 3519 572 Pannis
3592 510 3593 513 “

1933 610 2133 678 quippe
2172 609 2408 663 infantia:
2450 610 2615 679 pedes
2658 625 2722 663 ac
2773 608 2989 665 brachia
3042 611 3517 679 constringuntur,

1934 696 1961 737 ἀ
2007 713 2074 753 ne
2122 699 2225 753 huc
2273 707 2435 769 atque
2480 701 2610 755 illuc
2658 700 2917 754 dissoluta
2950 700 3201 754 libertate
3225 699 3519 768 jactentur.

1935 792 2069 858 Quia
2109 802 2238 861 ergo
2262 802 2633 855 persecutores
2661 803 2861 846 sanctae
2893 791 3153 846 Ecclesiae
3175 789 3520 845 instabilitale

1937 886 2115 940 cordis
2141 886 2387 955 inquieti,
2418 882 2577 956 atque
2619 885 2741 938 huic
2785 885 2983 939 saeculo
3011 884 3199 947 dediti,
3232 898 3338 939 non
3364 899 3526 953 gran-

1937 978 2110 1041 daeva,
2139 966 2232 1032 sed
2264 978 2489 1045 puerilia
2522 978 2757 1042 sapiunt,
2786 977 2879 1047 qui
2930 978 3145 1045 quidem
3193 976 3526 1032 obscuritate

1937 1078 2095 1138 atque
2107 1069 2356 1139 caligine,
2375 1083 2480 1123 non
2508 1069 2785 1123 intellectu
2807 1069 3023 1130 superni
3040 1068 3225 1137 iudicii
3254 1070 3525 1124 constrin-

1936 1171 2155 1230 guntur,
2178 1176 2246 1214 ne
2269 1173 2475 1215 tantum
2506 1160 2753 1230 persequi
2782 1162 2994 1216 valeant
3016 1171 3272 1230 quantum
3302 1160 3523 1224 voldnt,

1941 1254 2129 1322 pannis
2142 1253 2379 1308 infantiae
2397 1254 2702 1309 referuntur
2717 1254 2977 1319 obvoluti,
3002 1255 3147 1322 quia,
3164 1256 3303 1309 sicut
3323 1254 3527 1309 dictum

1939 1355 2041 1410 est,
2059 1345 2285 1410 puerilia
2308 1346 2520 1412 quidem
2541 1346 2776 1414 sapiunt,
2808 1345 2904 1401 sed
2929 1346 3108 1400 divina
3126 1346 3530 1414 diepensatione

1939 1436 2238 1500 constricti,
2252 1451 2359 1505 quo
2373 1437 2557 1490 volunt
2570 1436 2786 1491 brachia
2803 1451 2910 1491 non
2932 1436 3256 1502 extendunt.
3272 1446 3328 1491 et
3344 1437 3391 1490 si
3404 1450 3531 1491 cun-

1940 1538 2024 1591 cta
2039 1530 2174 1583 mala
2186 1529 2373 1584 leviter
2383 1539 2690 1598 perpetrare
2701 1539 2981 1599 appetunt,
2998 1544 3332 1599 nequaquam
3349 1542 3529 1585 tamen

1942 1621 2164 1692 implere
2179 1632 2371 1675 cuncta
2390 1637 2508 1690 qua:
2524 1633 2780 1690 appetunt
2802 1616 3200 1693 permittuntur.
3233 1623 3487 1693 Sequitur
3512 1639 3531 1679 :

2018 1714 2182 1769 Vsus.
2216 1714 2303 1768 10.
2333 1743 2405 1757 —-
2435 1714 2756 1769 Circumdedi
2786 1715 2921 1769 illud
2947 1716 3181 1769 terminis
3206 1715 3353 1769 meis.

257 1822 440 1877 eontra
462 1826 700 1876 tuntores
723 1818 1162 1890 persequentium
1181 1819 1353 1873 sancti
1377 1818 1473 1870 viri
1502 1820 1651 1884 quasi
1683 1826 1835 1879 quae-
1868 1796 1917 1876 ᾗ
2016 1807 2285 1862 Terminis
2316 1808 2427 1890 suis
2464 1808 2723 1863 Dominus
2749 1823 2899 1863 mare
2923 1799 3242 1874 circumdat,
3271 1809 3392 1875 quia
3425 1807 3536 1864 iras

259 1910 379 1967 tiam
424 1912 555 1967 cinia
583 1912 819 1981 Oppositi
845 1920 988 1977 stmt,
1019 1919 1077 1964 ut
1123 1916 1308 1964 eorum
1359 1906 1646 1961 miraculis
1680 1914 1839 1971 atque

260 2005 543 2060 reverentia
588 2004 683 2058 ira:
729 2004 1160 2073 persequentium
1206 2002 1597 2066 frangerentur.
1641 1995 1840 2050 Humi-

257 2091 396 2151 liatis
423 2095 623 2165 quippe
663 2095 921 2150 Dominus
946 2095 1184 2149 terrenis
1237 2092 1583 2161 principibus.
1626 2106 1719 2157 per
1747 2100 1842 2143 eos

250 2182 490 2255 iunctim
537 2186 833 2242 Ecclesiam
878 2176 1047 2255 supra'
1085 2186 1267 2241 mundi
1314 2185 1527 2238 culmen
1558 2183 1757 2245 evexit,
1788 2190 1844 2234 et

251 2278 525 2334 sarientis
570 2280 733 2334 maris
778 2280 1039 2348 impetus,
1070 2287 1250 2333 erecta
1296 2277 1537 2344 ejusdem
1589 2276 1846 2330 Ecclesiae

253 2368 550 2442 potestate,
580 2373 841 2427 coercuit.
871 2372 981 2428 Sed
1016 2373 1137 2425 huic
1167 2368 1413 2425 saevienti
1434 2371 1566 2423 mari
1597 2367 1723 2437 quid
1756 2368 1847 2419 Do-

254 2464 436 2519 minus
467 2465 684 2527 fecerit,
715 2463 1015 2518 addiamus.
1049 2462 1304 2531 Sequitur
1339 2478 1352 2517 :

685 2555 913 2612 CAPUT
941 2554 1081 2610 xvn
1102 2554 1253 2627 [ηερ.
1289 2552 1418 2625 lX.]

334 2648 500 2704 Vens.
526 2648 581 2702 9.
606 2677 674 2688 --
692 2648 853 2719 911
879 2646 1007 2701 Cum
1035 2663 1274 2713 ponerem
1297 2646 1480 2699 nubem
1499 2646 1850 2698 vestimentum

259 2743 395 2813 ejus.
418 2749 469 2794 et
483 2742 700 2810 caligine
722 2741 855 2794 illud
877 2740 1024 2806 quasi
1047 2738 1231 2803 pannis
1256 2738 1494 2807 infantiw
1515 2735 1848 2789 absolverem.

334 2830 424 2885 37.
453 2831 845 2886 Persecutorum
866 2832 1117 2884 malitiam
1148 2828 1285 2883 Deus
1308 2827 1614 2881 constrinxit
1634 2826 1853 2897 pueritia

248 2925 562 2995 sapientem.
592 2952 664 2965 --
694 2923 838 2978 Mare
870 2923 1100 2978 saeviens
1128 2921 1270 2977 nube
1297 2920 1558 2983 induitur,
1583 2920 1705 2986 quia
1730 2932 1852 2971 cru-

246 3019 459 3074 ‘delitas
488 3022 923 3088 persequentium
946 3018 1189 3072 stultitia:
1217 3032 1327 3072 suae
1356 3019 1655 3074 velamento
1692 3013 1854 3068 vesti-

226 3120 239 3129 ‘
264 3111 722 3180 tur..lnterposita
753 3114 897 3165 enim
927 3110 1163 3180 caligine
1188 3110 1520 3164 inﬁdelitatis
1561 3098 1691 3171 Suae,
1728 3122 1854 3175 per-

1948 1880 2411 1971 persequentium,
2436 1899 2760 1971 iudiciorum
2805 1914 3024 1955 suorum
3075 1909 3099 1937 ε
3129 1898 3534 1967 dispensatione

1945 1993 2242 2061 modifirat,
2269 2002 2328 2047 ut
2351 1993 2526 2048 insani
2562 1992 2761 2048 tumida
2790 1992 2933 2047 unda
2965 1993 3191 2047 fervoris
3209 1992 3370 2059 plano
3391 1991 3538 2045 fran-

1943 2094 2099 2154 gatur
2125 2084 2308 2139 littore
2332 2082 2352 2123 ι
2385 2086 2615 2139 occultae
2631 2084 3066 2151 dispensationis.
3093 2083 3389 2153 Sequitur:
3428 2114 3431 2121 ι

2332 2176 2560 2235 CAPUT
2600 2178 2766 2234 xvm
2793 2177 2937 2250 [γει.
2966 2175 3152 2250 XVI].

2019 2272 2184 2328 Vens.
2219 2273 2308 2345 10,
2340 2272 2428 2326 Il.
2460 2297 2533 2317 --
2560 2270 2629 2329 Et
2657 2273 2805 2339 posui
2832 2282 3022 2325 vectem
3049 2278 3096 2323 et
3123 2269 3278 2334 ostia,
3299 2275 3349 2323 et
3375 2262 3540 2324 dixi}

1950 2366 2232 2435 [lucusque
2258 2367 2448 2433 venies,
2479 2375 2527 2419 et
2555 2381 2657 2419 non
2681 2363 2921 2433 procedes
2949 2364 3195 2433 amplius,
3227 2372 3275 2417 et
3299 2360 3386 2417 hic
3411 2378 3537 2417 con-

1952 2463 2144 2532 fringes
2172 2469 2417 2513 tumentes
2438 2461 2626 2529 ﬂuctus
2651 2465 2785 2512 litos.

2024 2550 2113 2607 38.
2149 2550 2331 2605 Sancti
2358 2550 2723 2619 pradicatores
2748 2558 2990 2617 tanquam
3030 2548 3164 2602 ostia
3203 2549 3338 2601 mari
3362 2561 3540 2605 saeua

1952 2647 2178 2701 stcvienti
2218 2631 2639 2715 opposita,tundi
2693 2643 3068 2709 ﬂuctibus,non
3105 2641 3314 2714 effringi
3358 2649 3543 2707 potue-

1952 2752 2096 2803 runt,
2110 2738 2311 2794 Christo
2326 2754 2412 2791 eos
2429 2738 2723 2792 roborante.
2750 2736 2879 2791 Haec
2893 2738 3023 2792 ostia
3042 2738 3319 2791 humilibus
3342 2746 3547 2807 aperta,

1956 2845 2004 2889 et
2029 2834 2259 2904 superbis
2281 2833 2480 2887 clausa.
2503 2861 2573 2873 -—
2598 2831 2734 2899 Quid
2754 2846 2858 2902 per
2877 2832 3014 2899 ostia
3037 2830 3139 2886 nisi
3164 2831 3543 2900 praedicatores

1958 2928 2151 2991 sancti,
2184 2926 2309 2996 quid
2340 2940 2438 2995 per
2465 2932 2675 2980 vectem
2700 2922 2803 2978 nisi
2835 2926 3140 2978 incarnatus
3168 2922 3426 2977 Dominus
3455 2921 3549 2977 de-

1958 3016 2233 3091 signatur?
2274 3020 2373 3087 Qui
2421 3019 2538 3073 haec
2571 3018 2822 3072 videlicet
2858 3016 2999 3071 ostia
3037 3027 3223 3071 contra
3277 3014 3549 3069 saevientis

1963 3117 2130 3171 maris
2158 3117 2415 3182 impetum
2447 3121 2596 3167 tanto
2628 3112 2925 3166 valentiora
2970 3119 2997 3158 ε
3038 3110 3326 3180 opposuit,
3348 3118 3550 3180 quanto

265 3203 512 3271 spicuam
561 3203 805 3258 veritatis
853 3204 1026 3257 lucem
1069 3203 1253 3257 videre
1297 3216 1403 3255 non
1441 3198 1667 3267 sufﬁcit;
1701 3210 1757 3255 et
1802 3200 1855 3254 id
1884 3196 1933 3271 δ
1963 3225 2026 3265 ea
2075 3223 2168 3263 sua
2197 3206 2575 3261 observatione
2604 3204 2893 3273 roboravit.
2914 3201 3046 3270 Quia
3065 3205 3205 3256 enim
3228 3202 3327 3256 iSIa
3351 3213 3553 3256 sanctae

267 3298 411 3363 quod
434 3295 543 3365 agit
562 3310 654 3363 per
674 3280 1003 3350 crudelitatis
1029 3295 1334 3365 impulsum,
1356 3309 1451 3362 per
1470 3292 1729 3347 caicitatis
1749 3306 1862 3345 suae

268 3388 525 3441 meritum
563 3404 666 3441 non
697 3388 961 3457 agnoscit.
1010 3386 1152 3440 Nam
1200 3388 1242 3439 si
1289 3386 1659 3453 coynovisscnt,
1706 3396 1755 3435 nt
1790 3384 1864 3435 ait

268 3482 591 3549 Apostolus,
643 3497 908 3550 nunquam
956 3478 1236 3535 Dominum
1278 3482 1456 3549 gloria:
1492 3478 1865 3546 cruci/ixissent

269 3571 333 3644 (Ι
358 3574 477 3627 (.‘or.
514 3589 584 3637 tt,
614 3574 698 3641 8y.
741 3574 865 3627 Haec.
904 3574 1073 3628 nubes
1098 3588 1205 3628 non
1237 3577 1412 3628 solum
1456 3574 1592 3625 solet
1624 3573 1865 3625 inﬁdeles

269 3676 427 3721 extra
460 3668 661 3734 positos
691 3680 969 3734 premere,
999 3668 1093 3721 sed
1124 3667 1385 3733 quosdam
1431 3666 1593 3720 etiam
1626 3669 1866 3719 viventes

232 3758 565 3812 'carnaliter
612 3760 748 3811 intra
790 3759 1086 3813 Ecclesium
1143 3759 1445 3814 tenebrare.
1493 3758 1643 3813 Unde
1696 3758 1865 3812 sancti

270 3850 397 3910 viri,
429 3852 516 3917 qui
547 3846 711 3904 etiam
741 3849 932 3904 atienze
973 3850 1311 3920 negligentiae
1359 3852 1779 3920 compatiuntur,
1814 3860 1869 3905 et

271 3959 337 3997 se
388 3946 495 4011 pati
541 3945 813 3999 aestimant
839 3946 978 4015 quod
1035 3945 1239 4014 perpeti
1284 3948 1420 4021 alios
1464 3946 1722 4009 sentiunt,
1758 3947 1869 4000 Deo

268 4047 498 4092 orantes
527 4038 713 4092 dicunt
742 4055 755 4092 :
791 4039 1093 4108 Opposuisti
1116 4041 1298 4093 nubem
1321 4085 1333 4106 ,
1362 4054 1426 4093 ne
1461 4050 1679 4094 transeat
1701 4042 1869 4093 oratio
1898 4074 1901 4079 -

269 4128 494 4196 ('I‘hren.
526 4143 604 4193 nt,
634 4128 750 4198 44).
786 4136 863 4184 Ac
902 4132 947 4185 si
971 4142 1155 4200 aperte
1185 4132 1371 4185 dicant
1418 4149 1431 4185 :
1466 4133 1627 4186 Menti
1670 4144 1868 4187 nostrae

270 4222 513 4276 terrenis
567 4223 929 4291 voluptatibus
983 4235 1210 4278 assuetae
1266 4223 1291 4261 δ
1347 4240 1596 4279 curarum
1650 4240 1868 4281 suarum

270 4313 653 4381 phantasmata
677 4312 1044 4383 justujudicio
1074 4314 1287 4383 obiicis,
1310 4316 1505 4384 quibus
1531 4330 1648 4369 eam
1680 4320 1733 4370 in
1758 4318 1871 4386 ipsa

266 4406 539 4460 orationis
570 4420 681 4459 sua:
710 4406 1006 4460 intentione
1032 4405 1352 4474 confundis;
1381 4421 1431 4460 et
1482 4424 1639 4473 quam
1672 4418 1693 4446 ο
1727 4407 1872 4462 desi-

266 4500 446 4553 deriis
467 4500 668 4553 intimis
694 4502 929 4554 deditam
961 4513 1065 4553 non
1094 4501 1328 4567 ignoras,
1354 4508 1500 4553 recte
1525 4509 1780 4553 caecatum
1801 4501 1871 4569 ab

1969 3300 2220 3357 Ecclesiae
2244 3294 2379 3354 ostia
2398 3298 2567 3352 vectis
2597 3296 2754 3365 hujus
2780 3296 3118 3365 oppositione
3152 3296 3377 3348 solidata
3401 3305 3550 3360 sunt,
3588 3284 3597 3300 ’

1968 3403 2255 3463 potuerunt
2280 3393 2495 3460 quidem
2524 3389 2674 3444 tundi
2703 3389 2974 3451 ﬂuctibus,
2998 3389 3090 3443 sed
3117 3387 3330 3457 eliringi
3360 3389 3553 3456 nequi-

1967 3497 2189 3550 verunt,
2220 3496 2275 3539 ut
2301 3501 2361 3540 ea
2396 3485 2631 3562 exterius
2659 3484 2802 3538 unda
2849 3482 3238 3550 persecutionis
3285 3480 3555 3562 illideret,

1968 3579 2062 3634 Sed
2094 3592 2430 3647 nequaquam
2460 3558 2641 3631 cordis
2671 3590 2860 3630 eorum
2889 3573 3099 3628 interna
3133 3558 3461 3643 penetraret.
3486 3572 3557 3626 Et

1946 3671 2092 3737 quia
2118 3668 2368 3722 doctores
2408 3666 2580 3721 sancti
2609 3661 2641 3704 ιι
2670 3666 3051 3736 praedicatione
3076 3664 3294 3734 quidem
3323 3679 3558 3733 sequen-

1972 3761 2111 3816 tibus
2140 3760 2310 3829 aperti
2338 3768 2484 3829 sunt,
2500 3762 2817 3815 auctoritate
2865 3766 3044 3813 autem
3092 3773 3189 3813 sua
3216 3758 3382 3829 912
3422 3756 3560 3813 resi-

1920 3852 1945 3893 ”-
1968 3853 2236 3907 stentibus
2264 3853 2453 3919 clausi,
2484 3867 2590 3907 non
2618 3851 2890 3907 immerito
2912 3852 3049 3906 ostia
3088 3858 3368 3913 vocantur,
3394 3847 3447 3903 id
3474 3860 3562 3904 est

1976 3945 1993 3985 ί
2028 3957 2211 4018 aperta
2241 3946 2637 4002 conversationi
2683 3944 2967 3999 humilium
2988 3984 3004 4008 ,
3034 3953 3088 3999 et
3120 3943 3301 3998 clausa
3333 3940 3559 3997 terrori-

1971 4040 2072 4095 bus
2102 4041 2480 4109 superborum.
2509 4038 2626 4094 Non
2656 4039 2929 4103 immerito
2948 4037 3090 4092 ostia
3117 4046 3400 4105 vocantur,
3432 4036 3560 4105 quia

1972 4141 2025 4186 et
2048 4133 2345 4202 ingressum
2374 4132 2625 4187 ﬁdelibus
2651 4131 2929 4201 aperiunt,
2951 4141 3008 4184 et
3026 4144 3235 4185 rursum
3258 4144 3380 4185 sese
3404 4127 3566 4198 perﬁ-

1972 4224 2056 4278 dis
2079 4241 2146 4279 ne
2168 4210 2542 4293 ingrediantur
2562 4233 2861 4293 opponunt.
2888 4222 3185 4277 Pensemus
3205 4221 3364 4292 quale
3388 4222 3567 4276 Eccle-

1974 4316 2068 4368 sia:
2114 4316 2307 4369 ostium
2342 4315 2546 4370 exstitit
2589 4313 2803 4379 Petrus,
2838 4316 2929 4383 qui
2960 4304 3369 4382 investigantem
3401 4313 3565 4367 fidem

1973 4408 2283 4463 (lornelium
2308 4398 2537 4476 recepit,
2557 4409 2731 4476 pretio
2752 4416 3088 4477 quaerentem
3117 4409 3372 4463 miracula
3396 4407 3569 4465 Sitne-

1976 4514 2100 4552 nem
2134 4500 2350 4567 repulit.
2383 4499 2467 4555 Illi
2497 4501 2684 4555 dicens
2707 4516 2724 4555 :
2744 4492 2812 4553 In
2838 4501 3050 4553 veritate
3071 4501 3298 4567 comperi
3323 4503 3567 4569 quoniam

264 4594 536 4646 intuenda
566 4593 699 4645 lucis
721 4602 824 4645 tua:
874 4590 1255 4659 perSpicuitate
1298 4591 1632 4655 reverberas,
1659 4602 1717 4644 ut
1743 4607 1866 4644 cum
1894 4594 1946 4652 D
1971 4607 2073 4645 non
2095 4601 2169 4646 est
2189 4607 2527 4659 personarum
2548 4603 2786 4661 acceptor
2811 4591 2950 4645 Deus
2977 4592 3119 4660 (Act.
3146 4608 3199 4669 ξ,
3223 4591 3339 4662 54),
3358 4603 3571 4649 secreta

268 4687 326 4739 in
358 4696 418 4739 te
443 4684 758 4749 intenditur,
778 4686 892 4753 ipso
909 4700 939 4737 a
965 4695 1017 4738 te
1036 4684 1418 4753 cogitationum
1440 4700 1659 4738 suarum
1685 4686 1868 4743 nubilo

260 4779 619 4843 reflectatur;
650 4789 703 4833 et
732 4792 853 4848 quae
878 4789 1087 4832 terrena
1127 4779 1242 4831 haec
1279 4778 1496 4831 assidue
1525 4780 1723 4847 cogitat
1746 4781 1870 4847 quia

260 4873 414 4933 vult,
449 4874 564 4927 bmc
602 4873 765 4927 etiam
795 4873 990 4926 toleret
1030 4872 1084 4923 in
1114 4872 1362 4925 oratione
1410 4886 1532 4925 cum
1585 4887 1690 4926 non
1734 4873 1868 4926 vult.

260 4966 417 5030 Quid
438 4962 601 5033 igitur
628 4965 742 5034 ipsa
791 4974 1191 5033 persecuturum
1237 4964 1473 5033 nequitia
1515 4980 1747 5033 superna
1791 4966 1874 5019 di-

262 5054 631 5121 spensatione
681 5053 1087 5117 constringitur,
1127 5068 1193 5106 ne
1242 5066 1427 5108 contra
1470 5064 1697 5131 sanctos,
1726 5059 1872 5112 viros

270 5146 601 5215 inquatttutn
641 5145 872 5199 voluerit
890 5142 1203 5207 etl'renetur,
1226 5155 1504 5214 postquam
1533 5148 1665 5203 dixit
1699 5166 1710 5200 :
1741 5148 1869 5203 Cum

345 5313 375 5341 "
422 5304 573 5361 Unus
613 5302 842 5374 Anglic.,
885 5304 1001 5360 cum
1038 5321 1300 5361 curarum.
1342 5304 1536 5361 Crateri
1575 5322 1696 5362 cum
1737 5309 1864 5366 Mss.
1938 5290 1941 5293 γ

254 5378 500 5445 nostris,
531 5392 645 5429 Cum
690 5377 963 5430 minarum.
1026 5374 1167 5431 Edit.
1228 5374 1396 5431 Vatic.
1447 5388 1500 5430 et
1551 5380 1866 5445 plur.,cum

180 5470 185 5473 ι
251 5442 622 5501 miseriarum.
680 5474 683 5479 ν

338 5516 372 5555 δ
409 5517 557 5572 Unus
585 5534 648 5571 ex
682 5512 924 5581 Ebroic.,
955 5535 1198 5571 curarum
1217 5533 1431 5572 suarum
1453 5522 1793 5575 saecularium.

348 5598 376 5659 εξ
407 5588 654 5651 Βεοθιιι.,
686 5589 951 5655 desideriis
978 5590 1220 5659 inﬁrmis.
1317 5656 1323 5659 _
1804 5644 1811 5653 .

247 5655 603 5787 “Lusum.
629 5659 793 5715 Corb.
824 5655 1281 5727 Genua-Proteu
1317 5656 1481 5725 Utic.,
1508 5678 1569 5714 ne
1593 5659 1691 5714 hac
1720 5674 1872 5731 atque

347 5769 618 5867 :zl'uron.
650 5808 707 5859 et
734 5802 927 5867 Laud,
956 5802 1337 5874 dispensatione
1361 5802 1627 5875 molliﬁcat

1979 4687 2129 4753 regni
2183 4687 2411 4754 benigne
2456 4686 2686 4754 aperuit.
2733 4685 3180 4755 Huicinquicns,;
3212 4683 3447 4740 Pecunia
3479 4698 3570 4741 tua

1977 4786 2146 4830 tecum
2166 4779 2232 4831 sit
2256 4779 2310 4833 in
2338 4778 2676 4849 perditionem
2704 4777 2859 4851 (Act.
2884 4794 2996 4843 vnn,
3021 4778 3155 4848 20),
3192 4772 3571 4847 per'districta:

1926 4902 1941 4921 κ
1979 4868 2336 4923 damnationis
2352 4870 2672 4926 sententiam
2697 4871 2935 4927 cmlestis
2960 4873 3098 4926 aulae
3119 4872 3321 4926 aditum
3344 4873 3567 4927 claudit.

1978 4962 2116 5029 Quid
2146 4964 2324 5039 cuncti
2364 4964 2595 5033 apostoli
2622 4964 2729 5019 nisi
2755 4973 2958 5049 sanctae
3001 4966 3255 5019 Ecclesia:
3284 4966 3417 5018 ostia
3456 4963 3573 5018 exi-

1938 5094 1941 5095 ν
1980 5066 2149 5119 stunt,
2172 5072 2291 5112 cum
2342 5073 2475 5115 voce
2498 5057 2877 5127 Redemptoris
2908 5060 2989 5112 sui
3024 5056 3249 5113 audiunt
3294 5054 3595 5124 {Accipite

1982 5150 2238 5219 Spiritum
2259 5161 2527 5215 sanctum;
2554 5165 2774 5225 quorum
2814 5150 3112 5204 rentiseritis
3140 5163 3373 5221 peccata,
3396 5156 3575 5209 remit-

2056 5311 2075 5387 ἴ
2107 5312 2334 5387 Yindoc.
2358 5354 2372 5377 ,
2406 5310 2570 5387 Corb.
2603 5312 2789 5369 Germ.
2812 5352 2829 5378 ,
2858 5306 3076 5366 Ebroic.
3124 5318 3180 5364 et
3207 5296 3302 5365 alii
3344 5310 3534 5369 Norm.
3557 5354 3577 5384 ,

1976 5380 2190 5437 occulta:
2230 5384 2601 5453 dispositionis.

1944 5462 1953 5467 '
2052 5462 2078 5523 β
2107 5454 2297 5517 Land.,
2323 5456 2583 5523 apposuit.

2051 5522 2079 5560 ιι
2112 5521 2367 5581 νίηά‹)ο..’
2393 5526 2606 5577 Ebroic.
2636 5523 2835 5591 aliique
2857 5521 3135 5589 Norman.,
3157 5526 3576 5590 prwdicationem

1978 5596 2183 5665 quidem
2218 5595 2536 5663 sequentibus
2565 5595 2734 5664 aperti
2765 5601 2881 5645 sunt
2905 5633 2920 5658 ,
2944 5598 3241 5649 auctoritati
3265 5606 3437 5653 autem
3466 5615 3578 5658 ευω
3650 5633 3663 5649 ς

1980 5666 2333 5731 resistentibus
2357 5665 2542 5719 clausi.
2650 5718 2655 5731 ί

2060 5733 2076 5774 ί
2118 5730 2365 5805 Vindoc.,
2392 5734 2617 5803 Pratel.,
2646 5730 2765 5791 Utic
2806 5776 2821 5809 ,
2852 5734 3032 5808 aperta
3056 5740 3401 5800 conbersioni.
