4004 6350
605 355 702 408 471

1809 358 2055 418 SANCTI
2093 357 2425 418 GREGORH
2465 363 2681 423 MAGNI
3731 389 3813 444 ιη

601 456 783 502 tantur
803 449 910 515 eis;
937 460 984 504 et
1006 466 1222 520 quorum
1248 451 1580 516 rettntteritis,
1613 461 1808 506 retenta
1851 465 1972 508 sunt
2000 453 2182 527 (Joan.
2216 457 2268 516 Δ
2293 459 2458 513 omnis
2482 461 2570 528 qui
2590 462 2770 516 viderit
2810 465 3076 520 ntulierem
3114 467 3184 520 ad
3226 472 3655 541 concupiscendum
3692 498 3812 545 eant,

600 554 691 602 ις,
717 539 849 609 22)?
880 546 953 596 Ac
983 543 1026 597 si
1054 543 1160 598 illis
1191 554 1375 611 aperte
1406 543 1678 599 diceretur
1709 561 1723 599 :
1757 546 1861 600 Per
1893 563 1987 602 vos
2014 549 2185 618 ingre-

600 635 815 690 dicutur
836 637 900 688 ad
926 652 1010 690 me
1035 638 1087 690 hi
1118 638 1312 706 quibus
1341 637 1699 707 vosmetipsos
1730 641 1990 708 panditis;
2021 650 2076 697 et
2100 657 2184 697 re-

598 729 865 796 pellentur
890 729 1081 796 quibus
1117 730 1403 786 obseratis.
1449 732 1610 800 Igitur
1637 733 1762 788 dum
1807 749 1955 791 mare
1996 709 2179 804 saevit,

597 822 854 878 Dominus
887 833 1090 879 vectem
1131 834 1186 880 et
1216 825 1352 880 ostia
1383 835 1406 862 ι
1450 828 1706 896 opponit,
1734 827 1861 897 quia
1889 828 1958 884 ab
1983 830 2182 886 amaris

595 924 648 969 et
680 917 895 984 perlidis
950 918 1202 972 cordibus
1232 918 1358 972 dum
1410 920 1800 988 persecutionis
1844 922 2077 989 procella
2122 938 2183 980 se

592 1008 781 1063 dilatat
810 1011 859 1062 in
904 1011 1128 1076 mundo,
1160 1011 1300 1065 Deus
1331 1010 1592 1081 unigeniti
1623 1012 1703 1067 sui
1729 1012 1952 1082 gloriam
1985 1013 2180 1082 praedi-

593 1112 942 1174 catoruntquc
971 1103 1092 1174 ejus
1124 1104 1479 1160 reverentiam
1510 1105 1747 1170 exaltat;
1779 1115 1835 1161 et
1865 1107 1990 1162 dum
2024 1108 2180 1163 inno-

593 1195 747 1250 tescit
779 1200 1035 1266 mysteria
1064 1198 1258 1254 divina:
1285 1199 1634 1267 fortitudinis,
1672 1199 1870 1271 frangit
1898 1202 1951 1256 iu
2003 1202 2180 1272 impiis

589 1289 781 1346 ﬂuctus
813 1292 1033 1348 furoris.

657 1387 747 1441 59.
800 1387 985 1442 Divina
1010 1388 1352 1458 .providentia
1401 1390 1770 1460 persecutionis
1816 1390 2042 1459 procella
2090 1402 2180 1446 aut

587 1481 808 1547 prosilit,
839 1493 927 1535 aut
953 1481 1289 1549 conquiescit.
1320 1511 1390 1520 —
1423 1482 1566 1537 Bene
1594 1491 1772 1537 autem
1804 1483 2035 1539 dicitur:
2061 1487 2178 1539 Hu-

591 1589 774 1640 cusque
816 1574 1001 1638 venies,
1032 1582 1082 1627 et
1109 1590 1211 1627 non
1236 1574 1477 1643 procedes
1505 1574 1753 1645 amplius.
1779 1573 1805 1612 δ
1835 1575 1976 1643 Quia
2018 1577 2177 1632 uimi-

589 1680 708 1719 rum
737 1665 923 1734 judicii
952 1666 1148 1720 occulti
1182 1681 1430 1720 mensura
1454 1677 1559 1733 est,
1594 1676 1650 1722 et
1673 1666 1885 1736 quando
1917 1683 2173 1738 persecu-

586 1758 747 1812 tionis
780 1757 1014 1826 procella
1067 1758 1342 1827 prosiliat,
1369 1768 1422 1814 et
1448 1759 1662 1829 quando
1703 1762 2072 1830 conquiescat,
2109 1779 2175 1819 ne

2279 552 2396 620 jam
2427 553 2703 608 moechatus
2731 564 2805 609 est
2833 572 2945 610 eam
2969 557 3022 611 in
3051 557 3206 613 corde
3231 577 3326 614 suo
3371 561 3569 627 (Matth.
3619 586 3677 636 v,
3719 571 3793 644 Ξῖ)

2287 641 2625 714 Rursumque
2663 646 2858 702 dicitur
2887 665 2898 700 :
2930 650 3160 705 Audistis
3188 653 3312 721 quia
3339 655 3524 711 dictum
3563 672 3628 715 est
3655 679 3672 718 :
3704 641 3814 720 Dili-

2285 749 2372 804 ges
2402 736 2691 804 proximum
2715 749 2893 806 tuum,
2920 751 2970 795 et
3001 742 3119 797 odio
3147 745 3352 801 habebis
3391 747 3637 808 inimicum
3663 765 3780 812 tuum
3798 778 3814 827 ;

2284 844 2377 899 ego
2405 841 2578 883 autem
2600 831 2717 885 dico
2747 834 2908 897 vobis,
2939 835 3138 906 diligite
3167 837 3398 895 inimicos
3420 853 3613 910 vestros,
3636 859 3678 901 et
3697 850 3815 905 bene-

2283 924 2435 994 [acite
2457 925 2536 978 his
2566 927 2653 998 qui
2678 927 2892 982 oderunt
2922 945 3008 984 vos
3034 929 3196 1000 (Ibid.
3240 950 3293 1000 v,
3329 934 3416 1002 45,
3444 937 3550 1010 44).
3579 941 3670 1006 Qui
3689 945 3816 1014 igitur

2288 1017 2436 1083 prius
2454 1020 2726 1089 nequitias
2749 1023 2930 1092 operis
2953 1024 3226 1094 prohibet,
3250 1038 3306 1083 et
3327 1033 3648 1099 postmodum
3665 1039 3816 1108 culpas

2283 1109 2461 1164 cordis
2487 1113 2758 1180 exhaurit,
2793 1113 3049 1171 nimirum
3083 1121 3308 1176 tumenti
3355 1123 3507 1190 mari,
3538 1140 3601 1182 ne
3625 1127 3816 1186 circum-

2283 1200 2440 1257 ducta
2464 1203 2690 1273 jnstitia:
2720 1205 2900 1262 littora
2929 1217 3190 1277 transeat,
3225 1211 3306 1268 bis
3336 1217 3468 1270 ostia
3506 1216 3726 1288 imponit,

2354 1293 2492 1366 [Ven
2519 1294 2743 1367 [γη]
2785 1300 2872 1354 41.
2902 1299 3102 1357 Mundo
3127 1321 3235 1358 sua:
3263 1307 3450 1376 origini
3481 1311 3638 1364 adhuc
3660 1314 3812 1380 vicino,

2281 1384 2417 1456 leges
2448 1388 2648 1457 positis.
2679 1388 2776 1444 Cui
2802 1401 2970 1446 tamen
2999 1392 3136 1450 Deus
3179 1399 3408 1452 nondum
3442 1401 3683 1459 illuxerat.
3726 1406 3813 1462 Sub

2281 1481 2463 1535 litterw
2489 1481 2705 1556 caligine
2729 1487 2875 1554 quasi
2907 1489 3092 1557 pannis
3141 1490 3374 1560 infantia:
3423 1494 3671 1552 obvolutus
3694 1516 3815 1556 mun-

2279 1574 2396 1627 dus.
2422 1574 2580 1630 Prius
2607 1578 2786 1632 timore
2813 1579 3025 1651 ligatus,
3051 1594 3226 1651 postea
3248 1585 3521 1641 libertatem
3540 1604 3811 1653 conuentus.

2280 1665 2390 1719 Lex
2417 1677 2555 1721 vetus
2606 1669 2902 1739 imperfecta
2947 1683 2996 1728 et
3041 1674 3493 1741 inﬁrma.—-Bene
3533 1691 3694 1738 autem
3716 1700 3812 1741 cum

2279 1756 2487 1812 diceret
2519 1776 2534 1812 :
2571 1760 2700 1826 Quis
2727 1761 2973 1818 conclusit
3001 1767 3146 1820 ostiis
3176 1784 3337 1823 mare.
3370 1768 3511 1826 illico
3549 1782 3600 1828 et
3640 1782 3812 1844 tempus

582 1859 673 1904 aut
704 1866 808 1904 non
840 1851 1105 1920 exagitata
1134 1852 1334 1907 electos
1359 1867 1467 1907 non
1492 1862 1765 1922 exerceat,
1799 1863 2018 1910 autnon
2049 1872 2167 1911 mo-
2199 1844 2250 1906 Β
2281 1851 2549 1921 adjunxit,
2593 1855 2813 1910 dicens:
2854 1857 3077 1924 Quando
3114 1863 3423 1931 erumpebat,
3455 1866 3591 1932 quasi
3616 1865 3672 1918 de
3693 1866 3813 1922 vulva

579 1944 765 2000 derata
798 1946 850 2000 in
893 1946 1212 2016 profundum
1243 1957 1470 2016 mergat.
1501 1946 1634 2001 Cum
1667 1962 1798 2003 vero
1828 1949 2015 2004 notitia
2045 1950 2168 2006 lidei

578 2055 746 2110 usque
778 2041 841 2095 ad
874 2051 1258 2110 persequentes
1287 2041 1632 2107 extenditur,
1659 2041 1859 2097 turbati
1890 2044 2052 2098 maris
2084 2054 2169 2098 tu-

579 2149 695 2186 mor
718 2133 970 2195 sedatur;
1007 2133 1188 2203 ibique
1228 2134 1421 2188 llucms
1444 2147 1570 2187 suos
1598 2149 1746 2189 mare
1775 2134 2008 2204 frangit,
2040 2137 2168 2206 quia

578 2228 642 2279 ad
674 2226 1032 2292 cognitionem
1067 2227 1310 2283 veritatis
1332 2227 1577 2295 veniens,
1609 2243 1770 2284 omne
1798 2229 1940 2298 quod
1976 2233 2168 2298 nequi-

579 2332 660 2375 ter
683 2322 792 2390 egit
820 2321 1111 2377 erubescit.
1139 2321 1331 2376 F'racta
1358 2321 1557 2391 quippe
1580 2322 1718 2376 unda
1744 2323 1798 2382 in
1821 2338 1882 2386 se
1897 2323 2163 2390 reliditur,

574 2413 699 2481 quia
725 2413 859 2467 victa
891 2413 1131 2483 nequitia
1164 2414 1322 2468 etiam
1357 2429 1452 2484 per
1479 2415 1859 2484 cogitationem
1883 2415 1965 2470 sui
1986 2417 2166 2472 cordis

577 2514 886 2569 accusatur;
912 2515 966 2561 et
995 2507 1148 2576 quasi
1191 2507 1360 2575 ipsam
1409 2506 1512 2562 vim
1547 2522 1705 2576 quam
1735 2507 1992 2562 intulerat
2023 2509 2164 2564 reci-

573 2601 670 2665 pit,
703 2598 824 2668 quia
854 2600 921 2654 de
950 2601 1219 2670 pravitate
1248 2615 1408 2670 quam
1456 2612 1697 2672 gesserat
1748 2610 1929 2656 reatus
1958 2602 2039 2657 sui
2069 2601 2166 2658 sti-

571 2692 748 2746 mulos
778 2693 962 2748 sentit.
994 2691 1148 2748 Unde
1177 2693 1494 2763 quibusdam
1540 2708 1634 2763 per
1664 2693 1890 2749 Paulum
1917 2694 2159 2750 dicitur:

572 2786 734 2854 Quem
757 2802 876 2858 ergo
907 2787 1130 2856 fructum
1157 2787 1408 2842 habuistis
1455 2798 1575 2842 tunc
1628 2789 1682 2843 in
1731 2787 1837 2843 illis
1885 2790 1940 2843 in
1979 2791 2163 2859 quibus

568 2899 703 2936 nunc
746 2883 1036 2936 erubescitis
1087 2881 1263 2954 (Rom.
1313 2882 1556 2953 vr,21)?
1615 2883 1693 2937 Ac
1742 2884 1787 2938 si
1845 2883 2157 2940 diceretur:

569 2974 705 3042 Quid
737 2991 795 3030 se
825 2975 878 3030 in
905 2975 1070 3030 altum
1096 2977 1289 3030 tinctus
1314 2984 1508 3030 vestrm
1537 2976 1814 3046 pravitatis
1833 2978 2161 3046 extulerunt,

573 3067 661 3136 qui
696 3081 838 3121 nunc
888 3067 939 3120 in
989 3067 1294 3137 semetipsis
1344 3067 1529 3132 fracti,
1559 3068 1700 3122 unde
1745 3083 2030 3136 perversos
2062 3085 2161 3125 vos

571 3159 908 3225 inﬁaverant,
927 3175 1225 3215 conversos
1249 3159 1372 3215 inde
1394 3159 1764 3214 confundunt?
1788 3161 1953 3216 Recte
1978 3163 2159 3232 itaque

2278 1948 2578 2012 procedens.
2613 1947 2748 2014 Quia
2798 1950 3050 2008 videlicet
3103 1961 3228 2010 tunc
3257 1955 3488 2011 lmmauo
3511 1960 3678 2027 generi
3704 1975 3812 2029 prte-

2275 2037 2445 2105 ceptis
2472 2036 2607 2108 legis
2633 2038 2891 2107 obviavit,
2911 2043 3127 2112 quando
3145 2043 3322 2100 adhuc
3342 2047 3587 2103 saeculum
3607 2064 3705 2104 sua:
3727 2051 3810 2105 ori-

2274 2128 2386 2197 gini
2435 2129 2692 2197 viciuum,
2745 2134 2899 2202 quasi
2951 2134 3020 2189 ab
3053 2145 3174 2192 ortu
3219 2140 3438 2207 proprio
3467 2141 3530 2194 ad
3558 2141 3809 2211 proiectum

2275 2221 2397 2275 vita:
2430 2221 2660 2292 carnalis
2681 2223 2881 2278 exibat.
2908 2225 2986 2281 De
3009 2227 3159 2281 vulva
3199 2229 3400 2302 quippe
3446 2232 3710 2300 procedere
3747 2242 3811 2288 est

2272 2328 2324 2366 tn
2357 2322 2474 2368 luce
2505 2316 2786 2384 praesentis
2801 2317 2985 2388 gloria:
3007 2321 3299 2378 carnaliter
3325 2338 3595 2394 apparere.
3614 2324 3808 2382 Etrecte

2271 2408 2608 2478 subjnugitur
2642 2430 2656 2466 :
2690 2410 2816 2465 Cum
2844 2428 3085 2482 ponerem
3126 2417 3315 2472 nubem
3342 2421 3674 2473 vestimentum
3700 2421 3804 2488 ejus.

2271 2500 2408 2567 Quia
2439 2502 2691 2558 nimirum
2711 2504 2853 2560 Deus
2869 2505 3175 2563 hominibus
3192 2524 3302 2565 non
3322 2522 3447 2565 tunc
3467 2521 3638 2582 aperta
3661 2520 3806 2567 osten-

2275 2594 2430 2649 sione
2451 2610 2511 2648 se
2535 2597 2732 2664 intulit,
2757 2599 2852 2654 sed
2883 2597 3009 2654 dum
3057 2615 3152 2655 eos
3173 2602 3242 2656 ab
3273 2618 3457 2658 errore
3483 2603 3700 2672 perﬁdia:
3723 2601 3804 2656 eri-

2273 2688 2408 2758 puit,
2442 2702 2542 2744 nec
2572 2697 2752 2746 tamen
2784 2691 2888 2747 illis
2908 2691 3210 2749 claritatem
3232 2697 3319 2750 sui
3342 2695 3552 2750 luminis
3579 2692 3800 2765 patefecit,

2267 2784 2422 2853 quasi
2449 2798 2520 2840 ex
2556 2784 2792 2841 tenebris
2814 2801 2910 2842 eos
2941 2786 3184 2854 abstulit,
3207 2789 3307 2845 sed
3331 2789 3502 2844 adhuc
3527 2788 3656 2844 nube
3674 2787 3798 2842 vesti-

2267 2875 2366 2941 vit,
2405 2887 2462 2931 ut
2509 2888 2564 2931 et
2609 2879 2833 2948 pristina
2880 2881 3157 2950 pravitatis
3203 2893 3326 2938 acta
3379 2883 3724 2953 relinquerent,
3759 2887 3795 2934 et

2269 2977 2448 3024 tamen
2486 2981 2714 3026 ventura
2752 2971 2893 3027 bona
2945 2974 3124 3029 adhuc
3173 2976 3378 3030 certius
3433 2991 3537 3030 non
3583 2974 3797 3029 viderent.

2269 3057 2424 3115 Unde
2451 3071 2506 3116 et
2533 3072 2656 3131 apte
2679 3062 2923 3118 subditur
2957 3083 2968 3116 :
3002 3063 3072 3120 Et
3099 3065 3322 3136 caligine
3359 3067 3490 3120 illud
3511 3067 3641 3138 quasi
3659 3063 3802 3135 pannis

2267 3153 2507 3224 infantia:
2552 3154 2891 3210 obvolverem.
2941 3157 3077 3213 Dum
3115 3160 3261 3213 enim
3312 3161 3473 3215 rudes
3503 3157 3696 3229 populos
3717 3171 3801 3210 non

569 3254 766 3309 dicitur
790 3276 800 3308 ι
829 3253 894 3307 Et
919 3256 1000 3309 hic
1025 3256 1319 3325 confringes
1347 3265 1596 3310 tumentes
1618 3259 1808 3326 ﬂuctus
1834 3267 1969 3312 tuos.
2000 3257 2156 3325 Quod

2269 3257 2451 3317 aperta
2473 3249 2695 3318 spiritus
2735 3250 3121 3318 praedicatione
3141 3253 3382 3320 edocuit,
3415 3255 3507 3310 sed
3535 3253 3722 3323 ﬁgurata
3747 3247 3802 3301 lo-

567 3361 696 3402 vero
729 3347 780 3402 in
813 3348 912 3402 hac
933 3346 1276 3403 conclusione
1305 3349 1470 3402 maris
1495 3349 1735 3405 secundo
1783 3349 1851 3405 de
1892 3351 2048 3406 ostiis
2077 3352 2160 3408 di-

565 3441 724 3508 citur,
759 3455 908 3496 more
938 3440 1077 3496 sacri
1107 3440 1328 3512 eloquii,
1360 3455 1449 3498 res
1477 3441 1645 3499 semel
1668 3442 1807 3499 dicta
1835 3457 1933 3514 pro
1962 3442 2160 3500 conﬁr-

563 3532 801 3589 matione
843 3533 1153 3604 replicatur.

633 3626 724 3681 40.
755 3624 861 3681 Per
879 3644 1018 3682 mare
1039 3627 1258 3701 intelligi
1279 3638 1445 3699 potest
1466 3629 1735 3695 saculum,
1759 3627 1842 3684 cui
1863 3626 2004 3684 Deus
2026 3629 2157 3683 ostia

521 3733 528 3744 '
565 3721 822 3790 opposuit,
845 3720 974 3792 legis
994 3732 1039 3776 et
1067 3722 1202 3778 Novi
1236 3723 1549 3779 Testamenti
1579 3732 1856 3794 praecepta.
1883 3753 1954 3764 —-
1981 3723 2037 3782 Si
2060 3739 2156 3779 att-

563 3823 672 3866 tem
719 3812 822 3867 hoc
872 3814 925 3868 in
971 3815 1088 3869 loco
1119 3831 1266 3870 mare
1296 3818 1538 3886 accipere
1567 3833 1674 3872 non
1708 3818 2018 3886 specialiter
2041 3828 2154 3874 tur-

563 3904 685 3958 bam
722 3907 1178 3974 persequentium,
1211 3908 1306 3962 sed
1333 3907 1658 3978 generaliter
1706 3910 1961 3964 saeculum
1989 3909 2155 3965 debe-

558 4013 700 4063 mus,
737 3998 976 4053 secuudo
1005 4010 1190 4054 contra
1221 3999 1326 4056 hoc
1354 4015 1504 4056 mare
1534 3999 1795 4055 Dominus
1817 4001 1955 4056 ostia
1986 4015 2157 4071 oppo-

556 4091 688 4156 suit,
713 4091 837 4160 quia
865 4091 1091 4160 etprius
1123 4093 1357 4148 humano
1402 4093 1588 4162 generi
1618 4104 1882 4162 praecepta
1913 4095 2068 4164 legis,
2101 4103 2156 4151 et

563 4183 902 4251 postmodum
929 4198 1081 4237 novae
1099 4183 1286 4255 gratia:
1307 4192 1685 4238 testamentum
1711 4184 1880 4239 dedit.
1905 4186 2154 4242 Secundo

560 4276 794 4345 objectis
823 4278 978 4331 ostiis
1010 4275 1171 4346 hujus
1199 4277 1364 4332 maris
1393 4277 1651 4348 impetum
1675 4278 1890 4345 clausit,
1914 4265 2038 4349 quia
2059 4294 2155 4336 eos

559 4384 693 4439 quos
720 4369 784 4425 ad
815 4370 1132 4440 obsequium
1158 4370 1241 4425 sui
1271 4370 1448 4425 cultus
1476 4371 1798 4441 assumpsit,
1828 4381 1883 4428 et
1909 4372 2056 4441 prius
2084 4373 2154 4427 ab

556 4448 716 4516 idolis
745 4461 868 4516 data
902 4461 1019 4530 lege
1046 4459 1307 4527 coercuit,
1337 4469 1392 4517 et
1422 4469 1542 4529 post
1591 4461 1658 4516 ab
1710 4461 1988 4517 intellectu
2034 4477 2155 4518 car-

558 4556 664 4610 nali
717 4554 885 4625 gratia
942 4555 1179 4611 revelata
1229 4555 1487 4610 correxit.
1522 4552 1772 4609 Secundo
1818 4569 1967 4609 mare
2013 4555 2150 4610 ostia

2266 3342 2481 3397 cutione
2504 3345 2816 3413 gprteccptis
2866 3345 3060 3401 littera:
3111 3349 3390 3414 astrinxit,
3439 3348 3600 3402 adhuc
3635 3344 3801 3400 inﬁrma

2266 3435 2543 3502 sapientes
2572 3436 2860 3490 verborum
2883 3451 3104 3492 suorum
3129 3439 3365 3510 caligine
3384 3438 3530 3508 quasi
3561 3435 3722 3506 pannis
3738 3434 3799 3486 in-

2264 3526 2448 3583 lautia:
2511 3528 2791 3595 obvolvit,
2852 3540 2910 3584 ut
2966 3531 3234 3586 mandatis
3293 3530 3644 3601 grossioribus
3690 3522 3794 3594 ligati

2265 3634 2598 3686 crescerent,
2623 3637 2692 3677 ne
2721 3623 2863 3678 male
2896 3622 3054 3678 liberi
3084 3623 3139 3678 in
3169 3624 3284 3679 suis
3325 3621 3666 3693 voluptatibus
3692 3615 3792 3687 peri-

2264 3723 2406 3770 rent.
2429 3714 2576 3780 Quos
2605 3713 2673 3770 ad
2701 3715 2843 3770 viam
2867 3713 3093 3785 iustitia:
3137 3715 3266 3771 dum
3317 3734 3420 3771 non
3465 3715 3568 3786 jam
3594 3710 3798 3770 charitas,

2260 3808 2358 3866 sed
2399 3807 2577 3863 adhuc
2619 3811 2780 3862 timor
2828 3809 3173 3879 astringeret,
3247 3820 3269 3846 ο
3323 3809 3500 3864 divina
3529 3798 3799 3876 dispensatio

2263 3903 2417 3974 quasi
2447 3906 2646 3974 pressit
2686 3911 2744 3958 ut
2789 3903 3043 3959 nutriret.
3095 3903 3344 3959 Inﬁrmus
3372 3915 3592 3970 namque
3621 3892 3797 3966 p0pulut

2261 4011 2384 4052 cum
2414 4007 2808 4068 praeceptorum
2840 4010 3046 4064 pannos
3092 3998 3282 4052 nolens
3331 3996 3561 4068 pertulit,
3598 3991 3658 4046 ad
3684 3984 3705 4024 ἀ
3733 3990 3797 4040 lir-

2262 4092 2489 4146 miorem
2521 4098 2723 4144 statum
2746 4105 2811 4145 ex
2837 4089 2954 4159 ipsa
2985 4103 3082 4144 sua
3126 4089 3383 4160 ligatione
3426 4086 3668 4158 pervenit.
3694 4078 3796 4146 Quia

2261 4183 2406 4238 enim
2431 4183 2591 4238 timor
2613 4197 2735 4237 eum
2772 4182 2918 4250 prius
2945 4197 2976 4236 a
2997 4183 3150 4249 culpa
3191 4182 3456 4246 coercuit,
3486 4181 3795 4247 competettlel‘

2262 4276 2601 4346 p0stmodum
2634 4277 2687 4336 in
2713 4277 3015 4332 libertatem
3044 4277 3268 4346 spiritus
3295 4275 3488 4332 exivit.
3514 4274 3616 4329 llos
3636 4276 3795 4338 pannos

2262 4370 2526 4436 infantiae,
2553 4384 2688 4440 quos
2721 4369 3100 4425 inchoantibus
3131 4369 3302 4435 dedit,
3354 4371 3467 4438 ipse
3496 4381 3585 4438 per
3614 4358 3795 4432 prophe‘

2260 4477 2368 4520 tam
2395 4465 2656 4518 Dominus
2685 4462 3254 4534 reprehendit,diceus
3286 4480 3299 4516 :
3332 4461 3468 4517 Dedi
3495 4461 3563 4514 eis
3589 4458 3793 4528 prisce?“

2259 4575 2365 4613 non
2394 4558 2525 4612 bona
2555 4555 2777 4626 (Ezech.
2806 4572 2895 4621 xx,
2919 4555 3035 4626 9.5).
3068 4555 3203 4610 Mala
3225 4557 3371 4611 enim
3396 4552 3543 4625 quasi
3569 4548 3689 4605 mala
3703 4551 3792 4596 esse

555 4649 780 4718 accepit,
813 4649 934 4718 quia
959 4648 1250 4703 humanum
1271 4662 1441 4719 genus
1469 4648 1620 4717 prius
1651 4648 1794 4702 Deus
1845 4648 1912 4704 ab
1963 4648 2148 4717 operi-
2179 4625 2232 4684 D
2259 4652 2515 4708 desinunt
2544 4652 2945 4722 comparatione
2977 4650 3245 4720 pejorum,
3279 4660 3336 4705 et
3362 4648 3499 4703 bona
3525 4643 3662 4715 quasi
3690 4642 3791 4693 bona
3885 4691 3887 4707 ε

556 4741 655 4795 bus
702 4742 995 4810 iniquitatis
1051 4741 1342 4811 prohibuit,
1371 4741 1713 4811 postmodum
1751 4756 1878 4796 vero
1927 4742 2090 4795 etiam
2119 4757 2150 4796 a

552 4827 894 4905 cogitationis
917 4835 1074 4905 culpa
1095 4833 1419 4889 constrinxit
1437 4873 1450 4885 .
1484 4833 1776 4887 Videamus
1797 4832 2149 4902 quemadmo-

551 4930 677 4983 dum
727 4928 897 4998 prima
948 4926 1173 4982 tumenti
1223 4925 1358 4980 mari
1405 4924 1666 4980 Dominus
1713 4926 1852 4979 ostia
1887 4926 2148 4995 imponat.

552 5022 692 5077 Ecce
715 5020 859 5076 enim
892 5036 984 5089 per
1008 5020 1172 5093 913
1221 5018 1415 5088 Legem
1448 5017 1642 5073 dicitur
1694 5036 1707 5071 :
1757 5017 1879 5071 Non
1924 5019 2146 5085 occides,

550 5131 653 5169 non
678 5112 1026 5178 ntaechaberis,
1054 5129 1157 5165 non
1179 5112 1373 5182 furtum
1401 5111 1556 5181 facies
1576 5152 1591 5174 ,
1621 5126 1724 5164 non
1771 5110 1962 5179 falsum
2007 5113 2148 5166 testi-

549 5213 780 5266 monium
823 5209 960 5262 dices
991 5205 1189 5278 (Exod.
1224 5222 1328 5272 xx,
1361 5203 1910 5274 13,-“).Videamus
1952 5221 2146 5273 quem-

549 5305 835 5361 admodum
860 5304 1113 5361 secuudis
1136 5304 1238 5358 hoc
1265 5317 1416 5356 mare
1439 5299 1699 5353 Dominus
1727 5298 1881 5353 ostiis
1907 5298 2141 5354 claudat.

550 5400 692 5455 Ecce
722 5400 775 5454 iu
803 5396 1092 5467 Evangelio
1119 5393 1252 5450 dicit
1284 5411 1298 5446 :
1330 5390 1559 5446 Audistis
1587 5390 1712 5454 quia
1732 5389 1926 5443 dictum
1951 5400 2028 5444 est
2049 5407 2144 5444 an-

546 5497 699 5568 tiquis
722 5511 742 5549 :
766 5493 889 5549 Non
907 5490 1268 5556 machaberis;
1293 5503 1385 5559 ego
1402 5493 1571 5541 autem
1588 5484 1702 5540 dico
1722 5485 1880 5555 vobis,
1899 5484 2141 5556 quoniam

621 5673 1172 5749 FT“'_‘!0~.-_GPP°'_'!"-
1412 5738 1432 5749 -
1540 5737 1554 5749 .
1643 5738 1662 5749 .
1796 5739 1806 5749 .

620 5747 648 5785 δ
678 5748 753 5801 Ita
783 5737 1044 5805 Vindocf.
1085 5743 1342 5797 Norman.
1367 5782 1382 5805 ,
1410 5737 1611 5804 Laud.,
1641 5738 1871 5808 Longip.
1892 5748 1961 5792 .et
1987 5739 2077 5794 alii
2106 5755 2137 5795 a

551 5816 942 5873 Gussanvillzro
978 5814 1282 5882 vista-hanc
1331 5811 1474 5864 enim
1531 5809 1813 5865 lectionem
1858 5813 2137 5882 annotavit

552 5891 605 5944 in
633 5886 906 5950 margine;
937 5895 992 5939 at
1017 5888 1068 5938 in
1099 5880 1247 5939 textu
1284 5889 1407 5935 cum
1450 5883 1662 5936 caeteris
1699 5882 1914 5937 excusis
1942 5880 2135 5950 habet,

2261 4763 2368 4802 nott
2419 4756 2543 4802 sunt
2587 4745 2987 4814 comparatione
3018 4744 3326 4800 meliorum.
3368 4741 3499 4796 Nam
3527 4738 3654 4792 sicut
3679 4728 3791 4824 ρξὶιξί

2259 4838 2592 4909 delinquenti
2620 4837 2820 4892 Judaza:
2850 4837 2917 4890 de
2938 4835 3174 4891 Sodoma
3220 4844 3386 4903 atque
3433 4827 3658 4888 Samaria
3694 4821 3790 4919 dici-

2261 4945 2349 4989 tur
2383 4951 2393 4985 :
2430 4931 2738 5002 Justiﬁcasti
2769 4947 2969 4985 sorores
3000 4940 3115 4984 tuas
3145 4931 3198 4982 in
3224 4927 3459 4983 omnibus
3503 4919 3788 4976 abominatio-

2259 5024 2406 5078 nibus
2436 5024 2556 5085 tuis,
2583 5038 2712 5092 quas
2760 5031 2970 5091 aperata
2997 5037 3049 5076 es
3083 5019 3299 5093 (Ezech.
3336 5033 3452 5086 xvi,
3493 5013 3599 5079 51),
3626 5009 3687 5062 ita
3710 5013 3788 5056 nte-

2264 5115 2496 5170 lioribus
2538 5113 2672 5169 Novi
2721 5113 3050 5169 Tesmmenti
3093 5109 3382 5182 prmceptis'
3400 5094 3787 5171 subsequentibus

2256 5215 2527 5276 praecepta
2553 5206 2694 5262 bona
2724 5221 2843 5276 qua:
2871 5204 3092 5260 rudibus
3120 5203 3243 5258 data
3271 5211 3401 5256 sunt
3429 5213 3533 5254 non
3552 5196 3676 5250 bona

2256 5313 2644 5358 memorantur.
2669 5299 2854 5369 Neque
2883 5299 3028 5355 enim
3071 5305 3280 5354 mentes
3317 5294 3435 5350 usui
3465 5292 3581 5344 vitm
3601 5278 3786 5378 carnalis

2254 5396 2586 5452 inhaerentes
2629 5395 2785 5450 evehi
2833 5392 2901 5447 ab
2932 5392 3132 5447 inlimis
3172 5397 3416 5460 possent,
3440 5383 3538 5438 nisi
3574 5371 3784 5460 gradatim

2255 5488 2414 5546 ducta
2443 5487 2829 5559 praedicatione
2848 5458 3187 5556 proﬁcerent.
3211 5479 3348 5536 llinc
3369 5477 3562 5549 quippe
3581 5479 3656 5526 est
3673 5458 3791 5532 quod.

2249 5673 2614 5749 dicinijudicii
2638 5676 3100 5749 occultantensura
3128 5678 3220 5725 est.
3340 5738 3353 5749 .

2323 5757 2345 5782 ε
2377 5732 2567 5810 Laud.,
2599 5747 2773 5800 divina
2802 5744 3180 5810 dispensatione
3198 5738 3353 5807 quasi
3370 5732 3567 5809 pressit.

2319 5814 2345 5852 ἀ
2375 5817 2516 5873 Idem
2542 5818 2698 5883 Cod.,
2730 5818 2796 5872 ad
2827 5816 3112 5887 ﬁrmiorum
3140 5823 3349 5868 statum.
