4036 6348
299 342 400 399 473

1046 337 1409 398 MORALIUM
1449 338 1581 399 LIB.
1621 337 1859 396 XXVIII.
1899 367 1967 380 —
2006 338 2074 394 IN
2111 336 2339 398 CAPUT
2377 339 2650 400 XXXVIII
2688 343 2751 399 Β.
2791 342 2935 402 JOB.

3481 345 3594 407 476

299 444 620 529 ἱιιᾎὶπριο
670 455 864 528 positis
889 456 978 527 pio
993 455 1246 526 justoque
1291 454 1661 512 moderamine
1706 454 1971 516 latentiA
1996 456 2158 525 perit,
2191 456 2446 511 elationis
2470 471 2582 513 sua:
2611 457 2871 527 impetum
2900 458 3079 530 fregit,
3121 467 3181 515 et
3221 458 3454 518 transire
3478 477 3588 523 non

300 566 491 607 eorum
520 548 975 617 concupiscentiae
997 547 1471 616 condescenditur,
1513 556 1567 602 et
1594 545 1896 602 vicinorum

299 658 526 699 suorum
558 641 701 696 vasis
722 639 901 697 aureis
922 640 1300 712 argenteisque
1342 638 1589 705 sublatis,
1615 638 1896 694 discedere

297 732 556 807 iubentur
578 731 784 804 (Exod.
815 748 899 801 in,
928 731 1043 802 22).
1068 732 1171 800 Qui
1201 733 1268 787 ad
1296 732 1421 787 Sina
1454 740 1692 788 montem
1721 731 1891 799 ducti,

298 838 515 896 accepta
570 826 709 898 lege,
754 841 884 882 mox
909 826 1137 882 audiunt
1158 838 1188 879 ἐ
1232 824 1357 881 Non
1382 826 1735 893 concupisces
1786 842 1894 880 rem

296 921 525 992 proximi
572 922 647 974 tui
677 918 873 990 (Exod.
909 935 1003 987 xx,
1038 919 1152 989 I7).
1185 920 1253 976 Et
1293 919 1418 975 hinc
1446 928 1530 976 est
1556 919 1725 992 914
1750 918 1895 990 quod

296 1016 352 1069 in
383 1013 575 1068 eadem
600 1012 719 1084 lege
746 1011 963 1068 oculum
996 1027 1094 1080 pro
1131 1012 1314 1079 oculo,
1360 1014 1575 1069 dentem
1610 1028 1707 1083 pro
1733 1013 1895 1068 dente

298 1108 686 1180 praecipiuntur
706 1106 922 1180 exigere
947 1105 1148 1180 (Exod.
1192 1123 1303 1172 ut,
1336 1105 1449 1178 24),
1483 1116 1539 1163 et
1576 1107 1894 1178 quandoque

296 1213 502 1267 tamen,
533 1201 771 1257 revelata
802 1202 994 1271 gratia,
1050 1199 1291 1271 percussi
1339 1199 1612 1255 maxillam
1666 1200 1891 1256 alteram

292 1293 553 1366 iubentur
578 1293 823 1365 praebere
843 1290 1059 1365 (Natta.
1084 1308 1140 1358 v,
1163 1292 1241 1364 5).
1270 1292 1405 1361 Quia
1430 1294 1574 1348 enim
1603 1294 1723 1363 plus
1743 1309 1891 1349 sem-

294 1404 393 1460 per
415 1388 497 1443 ira
524 1388 581 1443 in
612 1386 845 1442 vindicta
872 1387 1040 1457 exigit
1080 1401 1243 1457 quant
1272 1386 1469 1456 injuria
1498 1387 1727 1457 accepit,
1762 1386 1891 1442 dum

292 1481 513 1537 discunt
539 1480 678 1537 mala
725 1494 832 1535 non
867 1478 1219 1548 multiplicius
1273 1479 1524 1547 reddere,
1569 1479 1892 1549 quandoque

291 1571 566 1629 discerent
596 1586 659 1627 ea
689 1581 744 1627 et
764 1569 1121 1641 multiplicata
1151 1551 1345 1639 sponte
1376 1570 1628 1626 tolerare.
1654 1570 1792 1626 Hinc
1809 1581 1892 1626 est

291 1664 441 1733 quod
474 1663 727 1719 eumdem
754 1662 943 1719 rudem
990 1664 1241 1735 populum
1270 1648 1307 1719 ά
1341 1664 1663 1734 quibusdam
1706 1664 1892 1735 prohi-
1954 1718 1970 1743 ,

290 1755 433 1823 buit,
465 1756 707 1826 quaedam
749 1771 882 1812 vero
910 1755 961 1812 ei
990 1756 1045 1812 in
1083 1771 1241 1813 usum
1294 1758 1577 1827 pristinum
1636 1759 1889 1825 servavit,

1999 546 2191 613 valuit,
2219 543 2249 584 ἀ
2280 549 2404 618 quia
2432 550 2552 619 ejus
2594 549 2911 619 fortitudine
2958 550 3156 609 furoris
3184 554 3268 610 sui
3300 555 3589 613 terminum

2010 639 2252 695 clausum
2284 640 2510 697 invenit.
2541 640 2695 699 Unde
2723 654 2871 701 recte
2900 658 2998 715 per
3016 644 3337 715 Prophetam
3361 646 3585 703 dicitur:

1999 733 2149 789 Mare
2167 734 2317 802 vidit,
2338 742 2387 790 et
2414 736 2549 807 fugit
2576 735 2749 805 (Psal.
2772 752 2920 803 cun,
2947 739 3028 806 ὅ).
3046 737 3278 794 Possunt
3305 742 3466 794 etiam
3491 756 3588 812 per

2000 825 2138 881 ostia
2166 834 2368 895 aperta:
2390 829 2671 895 passiones
2694 826 2813 897 ejus
2843 843 2949 882 non
2970 826 3410 886 inconvenienter
3429 829 3587 887 intel-

2001 920 2112 991 ligi.
2145 920 2350 989 Quibus
2377 937 2445 978 ex
2475 922 2686 978 occulto
2714 934 2922 981 vectem
2978 927 3175 995 posuit,
3218 928 3342 997 quia
3386 941 3478 983 eas
3518 942 3585 982 ex

1996 1012 2255 1069 invisibili
2299 1013 2584 1070 divinitate
2631 1014 2921 1072 roboravit.
2970 1016 3170 1073 Contra
3225 1032 3358 1088 quas
3398 1017 3586 1072 mundi
3632 1060 3639 1069 κ

1996 1106 2192 1162 ﬂuctus
2233 1107 2478 1173 veniunt,
2531 1107 2627 1163 sed
2677 1106 2832 1164 fracti
2872 1108 3164 1175 dissiliunt,
3212 1110 3338 1179 quia
3364 1108 3586 1180 superbi

2000 1206 2026 1234 ο
2055 1210 2148 1252 eas
2179 1196 2408 1253 videndo
2433 1197 2759 1268 despiciunt,
2794 1199 3099 1256 sedearum
3134 1201 3276 1257 vires
3303 1201 3587 1273 experien-

1996 1287 2066 1343 do
2094 1290 2498 1359 pertimescunt.
2555 1289 2690 1346 Nam
2719 1290 2846 1346 dum
2877 1292 3157 1363 passiones
3195 1293 3457 1364 unigeniti
3486 1294 3586 1348 hu-

1996 1395 2214 1436 manum
2271 1396 2445 1453 genus
2490 1383 2643 1454 prius
2690 1383 2893 1450 irrisit,
2947 1384 3287 1454 postmodum
3341 1386 3587 1454 expavit;

1996 1475 2156 1545 quasi
2186 1486 2374 1531 contra
2396 1476 2644 1547 opposita
2675 1477 2835 1544 ostia,
2862 1493 3016 1535 more
3042 1477 3275 1535 elidendi
3314 1478 3499 1547 maris,
3531 1488 3588 1536 et

2001 1579 2215 1625 tumore
2242 1569 2446 1625 elatum
2476 1571 2645 1639 venit,
2674 1581 2728 1627 et
2758 1556 2991 1627 fractum,
3014 1575 3209 1629 virtute
3229 1572 3477 1629 dissiluit.

2068 1660 2173 1717 Sed
2201 1661 2326 1731 quia
2352 1660 2558 1717 idcirco
2587 1644 2692 1717 hoc
2718 1662 2786 1717 ad
2829 1661 3046 1717 beatum
3067 1661 3177 1719 Job
3196 1663 3411 1729 dicitur,
3433 1670 3492 1718 ut
3517 1660 3591 1721 de

1999 1759 2079 1807 tot
2098 1752 2391 1810 virtutibus
2415 1752 2594 1808 cordis
2622 1752 2738 1823 ejus
2769 1754 2938 1825 gloria
2984 1764 3346 1824 premeretur,
3371 1767 3441 1809 ne
3485 1749 3589 1809 sibi

300 1847 401 1904 sed
430 1847 543 1904 haec
570 1848 684 1920 ipsa
716 1856 898 1905 tamen
927 1849 981 1903 in
1010 1848 1250 1905 melioris
1299 1850 1425 1905 vitae
1452 1850 1619 1920 ﬁgura
1661 1863 1884 1919 compo-
1918 1852 1965 1913 Β
1993 1844 2219 1901 fortasse
2249 1842 2489 1901 tribuatt
2524 1844 2669 1915 quod
2700 1860 2761 1900 se
2783 1852 2930 1901 stare
2956 1845 3259 1903 sublimiter
3293 1860 3403 1902 non
3434 1845 3588 1916 igno-

299 1941 431 1996 suit.
454 1940 608 1995 Bruta
629 1955 864 2012 namque
889 1940 1139 1997 animalia
1170 1942 1330 1998 idolis
1358 1942 1412 1998 in
1435 1940 1668 2014 Egypto
1688 1954 1888 1999 macta-

298 2032 450 2100 bant,
482 2035 640 2104 eique
669 2035 723 2090 in
776 2050 931 2091 usum
979 2032 1320 2106 postmodum
1346 2036 1656 2092 animalium
1687 2047 1888 2092 macta-

293 2126 496 2183 tionem
525 2127 769 2194 retinuit,
803 2129 899 2183 sed
920 2127 1186 2183 idolorum
1203 2128 1406 2185 cultum
1433 2130 1650 2193 vetavit,
1676 2138 1734 2185 ut
1759 2130 1886 2185 dum

287 2217 362 2273 de
389 2232 493 2273 usu
518 2232 620 2274 suo
649 2219 852 2290 aliquid
874 2221 1171 2288 amitteret,
1194 2222 1566 2277 consolaretur
1586 2221 1703 2291 ejus
1730 2222 1885 2277 inﬁr-

285 2312 453 2367 mitas
516 2326 611 2381 per
660 2312 763 2368 hoc
817 2313 961 2384 quod
1008 2314 1076 2370 de
1123 2328 1222 2369 usu
1263 2330 1361 2370 suo
1392 2313 1594 2385 aliquid
1636 2315 1884 2395 haberet.

288 2412 314 2442 ⁸
341 2405 482 2461 Mira
502 2414 683 2462 autem
707 2405 1111 2476 dispensatione
1138 2407 1371 2473 consilii,
1392 2407 1535 2478 quod
1556 2408 1606 2462 ei
1627 2406 1885 2463 Dominus

285 2498 360 2554 de
388 2498 781 2555 consuetudine
802 2499 1007 2554 carnali
1038 2499 1284 2564 retinuit,
1312 2500 1414 2554 hoc
1443 2499 1497 2553 in
1526 2498 1754 2571 ﬁguram
1775 2499 1885 2569 spi-

285 2592 427 2647 ritus
472 2593 744 2662 potentius
798 2594 977 2649 vertit.
1030 2594 1172 2660 Quid
1203 2594 1348 2649 enim
1377 2594 1639 2649 sacriﬁcia
1672 2594 1883 2649 illorum

285 2684 600 2740 animalium
650 2680 758 2741 nisi
809 2687 1069 2756 unigeniti
1119 2695 1349 2743 mortem
1391 2685 1708 2756 designant?
1747 2685 1883 2754 Quid

285 2777 563 2834 sacriﬁcia‘
584 2778 801 2835 illorum
828 2780 1142 2835 animalium
1190 2780 1295 2835 nisi
1330 2781 1743 2835 exstinctionetn
1771 2796 1884 2836 car-

291 2864 435 2926 nalis
462 2878 665 2925 nostrae
683 2872 805 2926 vitm
832 2870 1178 2942 signiﬁcant?
1209 2870 1507 2941 Unde‘ergo
1527 2871 1883 2927 imbecillitati

286 2961 476 3033 populi
506 2962 655 3017 rudis
682 2962 1155 3029 condescenditur,
1174 2963 1299 3019 inde
1327 2964 1377 3020 ei
1406 2979 1505 3034 per
1534 2965 1882 3021 obumbrat-as

283 3056 669 3127 allegoriarum
689 3058 902 3126 species
928 3058 1104 3127 major
1132 3056 1393 3113 fortitudo
1420 3059 1641 3127 spiritus
1666 3060 1881 3114 nuntia-

283 3157 393 3204 tur.
417 3150 581 3206 Recte
610 3151 791 3220 itaque
815 3152 1051 3207 dicitur:
1075 3150 1142 3204 Et
1172 3152 1395 3225 caligine
1420 3152 1554 3207 illud
1584 3156 1734 3221 quasi
1750 3171 1881 3223 pan-

1994 1949 2101 2004 rat,
2119 1953 2243 1994 cum
2267 1950 2466 2010 quanta
2494 1940 2611 2010 ejus
2646 1940 3003 1998 aediﬁcatione
3031 1941 3141 1998 sint
3169 1938 3313 1998 dicta
3358 1952 3589 2011 perpen-

1991 2032 2191 2099 dimus,
2212 2032 2377 2104 915
2402 2033 2452 2088 si
2482 2034 2600 2091 haec
2621 2034 2793 2105 etiam
2812 2034 3088 2092 moraliter
3115 2032 3464 2093 disseramus.
3487 2031 3586 2090 Di-

1992 2131 2079 2180 cat
2106 2125 2285 2195 itaque
2314 2142 2327 2180 :

2586 2214 2813 2275 CAPUT
2853 2217 2994 2275 XIX.

2064 2308 2226 2366 Vens.
2258 2310 2312 2365 8.
2331 2340 2402 2351 —
2419 2309 2548 2379 Quis
2576 2312 2829 2367 conclusit
2854 2314 2998 2367 ostiis
3019 2313 3194 2368 mare?

2061 2403 2151 2461 45.
2193 2403 2294 2460 Cor
2323 2406 2605 2460 humanum
2632 2422 2775 2461 mare
2818 2407 3041 2475 fervens,
3084 2406 3226 2477 quod
3272 2407 3414 2463 Deus
3438 2407 3583 2463 solus

1993 2497 2125 2551 valet
2154 2498 2623 2567 cocrcere.-—Quid
2650 2506 2736 2554 est
2764 2513 2933 2566 mare,
2964 2498 3070 2554 nisi
3098 2514 3193 2556 eor
3234 2507 3477 2555 nostrum
3505 2498 3585 2553 iu-

1991 2603 2117 2644 rore
2134 2589 2431 2658 turbidum,
2454 2590 2585 2646 rixis
2603 2605 2867 2658 amarum,
2887 2591 3123 2648 elatione
3137 2590 3406 2662 superbiae
3422 2590 3584 2647 tumi-

1989 2682 2142 2751 dum,
2171 2683 2356 2739 fraude
2379 2685 2597 2741 malitias
2619 2686 2950 2743 obscurum?
2978 2687 3130 2754 Quod
3154 2701 3306 2743 mare
3325 2694 3584 2757 quantum

1989 2760 2195 2844 saeviat,
2224 2777 2454 2834 attendit
2480 2778 2725 2849 quisquis
2755 2789 2783 2828 ε
2817 2779 2873 2834 in
2924 2794 2985 2835 se
3040 2779 3280 2836 occultas
3305 2777 3584 2848 cogitatio-

1989 2885 2119 2924 num
2148 2872 2472 2928 tentationes
2514 2871 2782 2942 intelligit.
2814 2872 2957 2930 Ecce
2980 2873 3125 2930 enim
3168 2872 3283 2945 jam
3325 2886 3583 2941 perversa

1989 2962 2369 3032 relinquimus,
2392 2962 2505 3035 jam
2547 2963 2831 3020 desideriis
2873 2965 3035 3021 rectis
3083 2965 3429 3033 inhaeremus,
3466 2966 3581 3036 jam
3628 2994 3633 2997 Α

1992 3069 2159 3123 prava
2201 3069 2364 3125 opera
2420 3055 2553 3112 foris
2580 3056 2981 3126 abscindimus;
3014 3059 3109 3114 sed
3139 3066 3321 3115 tamen
3351 3058 3585 3117 latenter

1989 3150 2133 3204 intus
2159 3164 2220 3205 ea
2252 3165 2374 3205 cum
2418 3167 2523 3222 qua
2553 3151 2657 3208 huc
2682 3153 2930 3210 venimus
2972 3155 3096 3212 vita
3120 3156 3322 3212 veteris
3345 3156 3583 3226 procella

282 3246 368 3299 nis
387 3245 628 3316 infantia:
656 3244 993 3312 absolverem,
1022 3245 1145 3315 quia
1189 3246 1335 3302 unde
1362 3248 1478 3316 ejus
1510 3249 1882 3305 teneritudinis
1910 3256 1957 3321 ο
1987 3242 2467 3316 fatigamur,quam
2484 3246 2588 3303 nisi
2612 3257 2864 3318 respectu
2883 3247 3071 3329 judicii
3088 3256 3144 3306 et
3170 3250 3356 3305 aeterni
3384 3264 3584 3320 pavore

283 3337 502 3393 inﬁrma
533 3338 820 3407 pertulit,b
850 3338 975 3396 inde
1007 3339 1167 3396 altam
1190 3339 1647 3411 signiﬁcationum
1667 3342 1883 3413 spirita-

285 3431 420 3486 lium
442 3432 640 3487 nubem
673 3432 815 3487 fecit.
1194 3434 1199 3449 ‘

358 3522 506 3598 [Vet.
537 3523 588 3578 Χ
603 3523 796 3598 γιιι.]
822 3527 912 3581 42.
940 3524 1305 3582 Immoaeratts
1350 3530 1509 3583 animi
1541 3531 1761 3599 motibus
1789 3549 1883 3602 op-

284 3616 455 3685 posita
480 3620 624 3671 nocte
648 3618 765 3672 vita:
787 3628 1044 3689 praecepta
1066 3620 1312 3689 exemplis
1328 3618 1520 3675 Christi
1546 3622 1881 3678 roborata.—

284 3706 459 3776 Quem
477 3709 604 3779 quia
624 3716 1018 3779 praeceptorum
1041 3710 1214 3765 limite
1236 3711 1305 3765 ab
1326 3712 1695 3768 immoderatis
1716 3715 1879 3772 animi

287 3800 694 3872 evagationibus
719 3802 909 3863 cinxit.
933 3813 1079 3859 recte
1106 3804 1326 3872 subjicit
1356 3823 1370 3859 :
1396 3804 1720 3862 Circumdedi
1750 3809 1882 3863 illud

283 3895 520 3948 terminis
544 3895 690 3948 meis.
723 3894 791 3950 Et
818 3896 941 3965 quia
974 3894 1134 3965 hujus
1162 3894 1383 3951 humani
1439 3899 1655 3968 generis
1701 3910 1880 3957 motus

283 3989 455 4044 misso
508 3987 806 4044 Mediatore
833 3990 1094 4053 coercuit,
1126 3999 1253 4059 apte
1289 3989 1563 4061 subiungit
1594 4009 1607 4045 :
1636 3991 1703 4045 Et
1728 3995 1881 4064 posui

282 4092 473 4136 uectem
502 4090 551 4136 et
577 4082 728 4135 ostia.
764 4081 983 4137 Vectem
1015 4083 1211 4152 quippe
1253 4092 1309 4138 et
1341 4083 1479 4138 ostia
1506 4086 1701 4153 posuit,
1754 4087 1879 4157 quia

286 4177 655 4248 Redemptore
677 4188 864 4232 nostro
879 4186 1067 4233 contra
1092 4177 1277 4249 culpas
1301 4178 1726 4248 delinquentium
1749 4181 1881 4237 mis-

280 4289 366 4344 so,
403 4288 557 4329 nova:
575 4274 694 4329 vita:
720 4274 1134 4342 praedicamenta
1167 4273 1416 4329 ﬁrmavit.
1437 4272 1626 4329 Clausa
1648 4290 1879 4345 namque

285 4366 430 4421 ostia
456 4365 707 4436 opposito
738 4374 890 4421 vecte
940 4365 1286 4421 roborantur.
1330 4366 1546 4422 Vectem
1575 4383 1703 4439 ergo
1735 4369 1878 4426 Deus

279 4457 557 4527 Opposuit,
588 4471 714 4527 quia
741 4467 930 4512 contra
956 4456 1191 4510 lascivos
1219 4466 1397 4512 motus
1428 4459 1642 4512 humani
1663 4463 1879 4528 generis

280 4551 621 4620 unigenitum
674 4549 843 4616 misit,
888 4549 978 4619 qui
1012 4558 1279 4617 praecepta
1328 4550 1611 4617 spiritalia,
1647 4567 1766 4620 qua:
1797 4551 1876 4606 lo-

1992 3339 2247 3394 tormenti
2288 3339 2543 3395 immensi
2599 3342 2807 3397 timoris
2858 3341 3089 3397 claustra
3130 3342 3583 3413 constringerent,

1988 3441 2182 3486 cuneta
2213 3430 2268 3486 in
2302 3433 2461 3488 nobis
2486 3433 2701 3503 penitus
2728 3434 3145 3504 superadiﬁcati
3188 3436 3368 3505 operis
3392 3435 3581 3491 funda-

1986 3532 2167 3577 menta
2190 3525 2547 3581 corruissent.
2582 3525 2639 3582 Si
2685 3528 2829 3582 enim
2866 3527 3008 3598 quod
3051 3542 3145 3596 per
3175 3529 3576 3598 suggestionem

1985 3614 2142 3671 saevit
2169 3608 2514 3683 intrinsecus,
2544 3634 2641 3689 per
2670 3617 3122 3675 deliberationem
3150 3618 3296 3675 foras
3323 3634 3580 3691 erumpe-

1985 3719 2091 3777 ret,
2118 3708 2244 3768 vitae
2272 3720 2470 3793 ttostrae
2495 3709 2697 3766 fabrica
2726 3711 2966 3768 funditus
2990 3726 3180 3768 eversa
3212 3711 3488 3782 jacuisset.
3521 3712 3580 3773 In

1988 3803 2271 3875 iniquitate
2292 3791 2523 3871 namque
2538 3804 2807 3874 concepti,
2824 3813 2880 3859 et
2905 3804 2958 3858 in
2976 3791 3172 3859 delicto
3188 3803 3315 3859 editi
3332 3802 3505 3876 (Psul.
3526 3821 3581 3873 ι..

1990 3897 2074 3967 7),
2106 3912 2201 3967 per
2243 3896 2419 3951 insita:
2467 3896 2827 3966 corruptionis
2882 3898 3157 3953 molestias
3202 3913 3432 3969 pugnam
3483 3914 3581 3955 no-

1988 3989 2198 4044 biscum
2228 3989 2333 4043 huc
2357 3988 2670 4056 deferimus,
2702 4006 2862 4060 quam
2891 4006 3013 4047 cum
3056 3992 3240 4047 labore
3275 3991 3576 4050 vincamus.

1968 4078 2144 4136 Unde
2173 4092 2229 4135 et
2264 4090 2411 4135 recte
2441 4080 2508 4134 de
2537 4080 2642 4136 hoc
2668 4080 2805 4135 mari
2826 4081 3059 4136 dicitur:
3095 4082 3315 4147 Quando
3344 4099 3579 4151 erumpe-

1983 4172 2090 4241 bat,
2116 4173 2263 4243 quasi
2291 4173 2354 4226 de
2376 4172 2525 4228 uulua
2556 4173 2863 4243 procedens.
2899 4173 3063 4229 Vulva
3103 4175 3244 4229 enim
3276 4189 3455 4244 prava:
3481 4191 3579 4232 co-

1984 4265 2258 4335 gitationis
2297 4266 2662 4322 adolescentia
2692 4277 2795 4322 est.
2834 4267 2909 4322 De
2937 4282 3040 4337 qua
3081 4282 3177 4337 per
3224 4268 3441 4341 Moysen
3471 4270 3579 4326 Do-

1985 4358 2163 4414 minus
2195 4359 2327 4413 dicit
2368 4377 2380 4411 :
2425 4359 2620 4414 Sensus
2650 4359 2785 4412 enim
2824 4370 2874 4413 et
2898 4361 3137 4429 cogitatio
3165 4360 3379 4415 humani
3407 4361 3577 4418 cordis

1986 4466 2150 4519 prona
2193 4460 2265 4504 est
2294 4450 2350 4505 in
2387 4451 2583 4505 malum
2611 4450 2675 4504 ab
2700 4450 3049 4508 adolescentia
3090 4470 3185 4508 sua
3212 4451 3421 4525 (Cenes.
3451 4471 3572 4524 vm,

1983 4544 2101 4614 21).
2130 4543 2505 4614 Corruptionis
2526 4559 2757 4613 namque
2780 4534 3002 4614 malum,
3032 4548 3177 4617 quod
3204 4549 3571 4620 unusquisque

276 4609 497 4714 quendo
527 4643 733 4709 docuit,
764 4609 971 4713 agendo
998 4641 1270 4698 solidavit.
1307 4640 1452 4696 Bene
1478 4609 1871 4699 autem-subdi-
1904 4609 1957 4669 υ
1987 4646 2229 4692 nostrum
2278 4638 2347 4692 ab
2399 4648 2522 4693 ortu
2563 4637 2955 4695 deSideriorum
2995 4642 3288 4698 carnalium
3320 4644 3573 4715 sumpsit,

274 4746 407 4792 tur:
440 4734 507 4789 Et
536 4737 644 4791 dixi
672 4752 693 4793 :
726 4734 1008 4806 Hucusque
1035 4736 1227 4802 venies,
1276 4745 1321 4789 et
1370 4752 1471 4789 non
1498 4738 1739 4805 procedes
1764 4755 1875 4793 am-

272 4829 439 4898 plius,
486 4839 535 4881 et
576 4828 661 4882 hic
707 4829 1001 4899 confringes
1044 4838 1293 4882 tumentes
1340 4830 1531 4899 ﬂuctus
1582 4837 1719 4887 tuos.
1762 4829 1876 4886 Iloc

274 4920 480 4992 quippe
501 4920 809 4977 mare.ostia
833 4920 1011 4988 priora
1037 4920 1465 4986 transcenderat,
1492 4921 1613 4990 quia
1640 4922 1874 4978 claustra

269 5007 415 5077 legis
445 5006 704 5078 opposita:
754 5004 972 5060 humani
1013 5008 1241 5061 tumoris
1283 5006 1424 5061 unda
1455 5016 1478 5043 α
1513 5005 1868 5062 transiliebat.

274 5104 352 5156 At
381 5109 662 5171 postquam
691 5097 924 5154 mundus
954 5098 1259 5168 oppositum
1282 5099 1386 5156 sibi
1416 5100 1749 5170 unigenitum
1778 5115 1867 5156 re-

351 5230 378 5259 ι
403 5221 632 5305 Euroo"
663 5212 933 5287 Laudunl,
971 5216 1194 5284 Pratel.,
1225 5217 1459 5303 miri.....
1489 5219 1869 5288 dispensatione

265 5295 658 5427 “iniisdem,
690 5361 966 5417 Ebroic.et
985 5359 1076 5413 alii
1107 5358 1313 5425 Norm.,
1332 5360 1451 5413 inae
1470 5361 1704 5423 alteram.

351 5446 375 5475 ι
407 5434 657 5500 Vindoc.,
689 5433 880 5499 Laud.,
908 5430 1071 5486 Corb.
1104 5430 1311 5494 Germ.,
1342 5430 1566 5495 Pratel.,
1593 5430 1830 5487 saliebat.

346 5505 373 5543 ἀ
403 5505 605 5561 Turon.
633 5513 688 5558 et
711 5503 869 5558 Corb.
907 5503 1112 5564 Gernt.,
1159 5501 1289 5571 quia;
1330 5503 1441 5570 ejus
1490 5501 1868 5571 fortitudinem.

270 5576 481 5632 Pratel.
514 5586 570 5631 et
597 5575 763 5631 Corh.
786 5574 971 5631 Germ.
1007 5574 1204 5629 habent
1243 5569 1452 5626 clausus
1492 5569 1712 5639 invenit,
1761 5588 1869 5629 non

260 5645 661 5774 ‘wiiinéorb.
689 5716 896 5781 Germ.,
920 5715 1090 5772 Laud.
1114 5724 1169 5771 et
1213 5714 1429 5771 codices
1452 5714 1527 5769 ‘ad
1553 5730 1688 5785 quos
1711 5688 1868 5771 factm

270 5800 404 5845 sunt
443 5790 587 5846 Edit.
634 5788 805 5843 Paris.
842 5788 982 5844 1495
1005 5796 1061 5842 et
1093 5785 1251 5850 I518,
1281 5800 1345 5840 ac
1383 5786 1569 5851 Basi|.,
1598 5785 1758 5851 15M,
1804 5786 1859 5840 In

272 5826 1862 5929 'o”d'&."§t'§tii}'ii&§ie§"ieit}n'u?Ei»?§d§?”§i¥uiii‘it£§l

1984 4727 2010 4767 δ
2029 4732 2080 4785 in
2107 4738 2363 4799 provectu
2386 4731 2561 4787 aetatis
2584 4742 2829 4799 exercet;
2861 4740 2917 4788 et
2934 4732 3036 4789 nisi
3067 4733 3170 4791 hoc
3195 4736 3352 4792 citius
3372 4738 3569 4794 divina

1980 4820 2285 4877 formidinis
2334 4837 2545 4878 manus'
2579 4822 2855 4894 reprimat,
2898 4838 3058 4881 omne
3104 4829 3335 4884 condita:
3364 4839 3570 4885 natura;

1980 4918 2179 4973 bonum
2208 4928 2427 4987 repente
2448 4917 2606 4988 culpa
2654 4918 2705 4973 in
2733 4918 3055 4988 profundum
3082 4932 3249 4978 vorat.
3274 4924 3442 4979 Nemo
3471 4924 3569 4994 igi-

1981 5019 2067 5065 tur
2093 5009 2197 5065 sibi
2219 5009 2601 5080 cogitationum
2628 5026 2847 5067 suarum
2891 5013 3170 5072 victoriam
3195 5016 3413 5087 tribuat,
3443 5032 3566 5072 cum

1980 5102 2187 5159 Veritas
2236 5102 2379 5159 dicat
2425 5120 2441 5157 :
2487 5103 2612 5170 Quis
2673 5106 2925 5162 conclusit
2973 5107 3114 5164 ostiis
3151 5124 3316 5178 mare,
3356 5109 3565 5178 quando

1980 5218 2202 5290 Pratel.,
2228 5214 2373 5274 Utic.
2403 5217 2631 5290 aliisque
2656 5219 2843 5276 Norm.

2055 5289 2075 5329 ¹’
2124 5289 2327 5345 Turon.
2382 5297 2437 5344 et
2484 5289 2677 5359 Laud.,
2714 5291 2867 5359 Quod
2891 5310 2945 5348 se
2969 5310 3071 5349 non
3097 5303 3235 5348 stare
3281 5296 3559 5352 sublimiter

1975 5379 2078 5434 non
2103 5362 2328 5434 ignorat.
2361 5360 2956 5434 Lectionemnostram,
3012 5380 3132 5434 quae
3174 5373 3269 5434 (est
3319 5368 3560 5425 omnium

1946 5439 1956 5453 ν’
1977 5433 2277 5506 Editorum.
2308 5432 2509 5506 habent
2534 5433 2625 5506 alii
2646 5431 2802 5506 Mss.,
2831 5431 3127 5502 praesertim
3156 5433 3319 5491 Corb.
3347 5435 3556 5506 Gerun,

1977 5504 2199 5576 Pratel.,
2228 5503 2515 5576 exterique
2535 5504 2720 5576 Narin.
2748 5505 2878 5558 Eam
2904 5507 3189 5576 conﬁrmat
3208 5507 3352 5576 quod
3373 5508 3428 5563 in
3453 5503 3559 5566 ﬁne

1978 5575 2134 5645 hujus
2166 5575 2284 5628 libri
2307 5574 2548 5647 legitur_;
2579 5572 2958 5647 Beatusigitur
2980 5574 3101 5641 Job,
3128 5594 3192 5631 ne
3224 5572 3325 5632 libi
3371 5580 3564 5637 tribuat

1972 5642 2108 5715 quod
2137 5656 2313 5719 contra
2349 5642 2610 5719 procellas
2648 5642 3049 5719 cordis'fortiter
3086 5658 3209 5705 stat.
3238 5650 3369 5719 Quae
3399 5655 3561 5711 verba

1972 5714 2219 5773 evertunt
2240 5716 2524 5769 lectionem
2553 5714 2681 5769 Mss.
2707 5714 2875 5770 Laud.
2909 5729 2963 5774 et
2987 5717 3192 5779 Turon.

2045 5798 2069 5859 ξ
2106 5786 2295 5859 l.aud.,
2329 5785 2553 5859 occultas
2579 5787 2932 5859 cogitationes.

2044 5855 2073 5894 ³·
2106 5858 2351 5922 Vindan,
2384 5856 2599 5955 libi-oio.
2630 5855 2687 5916 et
2712 5858 2810 5934 al.,
2842 5861 2898 5919 in
2927 5873 3262 5935 prosectu....
3287 5883 3345 5924 ss
3370 5870 3555 5927 exerit.
