  <div class='ocr_page' id='page_1' title='image "/cluster/home/n/w/nwhite01/storage/ocr_20150623/76/hvd.32044011229333/245.png"; bbox 0 0 4036 6348; ppageno 0'>
   <div class='ocr_carea' id='block_1_1' title="bbox 782 253 931 291">
    <p class='ocr_par' dir='ltr' id='par_1_1' title="bbox 782 253 931 291">
     <span class='ocr_line' id='line_1_1' title="bbox 782 253 931 291; baseline 0.007 -21"><span class='ocrx_word' id='word_1_1' title='bbox 782 253 849 291; x_wconf 62' lang='grc' dir='ltr'>,ι</span> <span class='ocrx_word' id='word_1_2' title='bbox 926 268 931 271; x_wconf 73' lang='grc'>,</span> 
     </span>
    </p>
   </div>
   <div class='ocr_carea' id='block_1_2' title="bbox 527 328 629 389">
    <p class='ocr_par' dir='ltr' id='par_1_2' title="bbox 527 328 629 389">
     <span class='ocr_line' id='line_1_2' title="bbox 527 328 629 389; baseline 0.039 -3"><span class='ocrx_word' id='word_1_3' title='bbox 527 328 629 389; x_wconf 72' lang='lat' dir='ltr'><strong><em>H5</em></strong></span> 
     </span>
    </p>
   </div>
   <div class='ocr_carea' id='block_1_3' title="bbox 1712 339 3753 401">
    <p class='ocr_par' dir='ltr' id='par_1_3' title="bbox 1712 339 3753 401">
     <span class='ocr_line' id='line_1_3' title="bbox 1712 339 3753 401; baseline -0.018 0"><span class='ocrx_word' id='word_1_4' title='bbox 1712 342 1955 401; x_wconf 71' lang='lat' dir='ltr'><strong>sasc&#39;rt</strong></span> <span class='ocrx_word' id='word_1_5' title='bbox 1995 339 2321 396; x_wconf 69' lang='lat' dir='ltr'><strong>utmcontt</strong></span> <span class='ocrx_word' id='word_1_6' title='bbox 2365 339 2573 395; x_wconf 71' lang='lat' dir='ltr'><strong>MAGNI</strong></span> <span class='ocrx_word' id='word_1_7' title='bbox 3630 352 3631 355; x_wconf 32' lang='grc' dir='ltr'>γ</span> <span class='ocrx_word' id='word_1_8' title='bbox 3671 346 3753 397; x_wconf 45' lang='grc' dir='ltr'><strong>,πε</strong></span> 
     </span>
    </p>
   </div>
   <div class='ocr_carea' id='block_1_4' title="bbox 536 454 3763 530">
    <p class='ocr_par' dir='ltr' id='par_1_4' title="bbox 536 454 3763 530">
     <span class='ocr_line' id='line_1_4' title="bbox 536 454 3763 530; baseline -0 -17"><span class='ocrx_word' id='word_1_9' title='bbox 536 457 1024 529; x_wconf 72' lang='lat' dir='ltr'><strong>erumpebat,un</strong></span> <span class='ocrx_word' id='word_1_10' title='bbox 1043 460 1106 514; x_wconf 74' lang='lat' dir='ltr'><strong>de</strong></span> <span class='ocrx_word' id='word_1_11' title='bbox 1125 459 1273 515; x_wconf 75' lang='lat' dir='ltr'><strong>saltm</strong></span> <span class='ocrx_word' id='word_1_12' title='bbox 1296 463 1616 526; x_wconf 68' lang='lat' dir='ltr'><strong>procedens?</strong></span> <span class='ocrx_word' id='word_1_13' title='bbox 1642 463 1776 526; x_wconf 80' lang='lat' dir='ltr'><strong>Quia</strong></span> <span class='ocrx_word' id='word_1_14' title='bbox 1794 463 1895 517; x_wconf 85' lang='lat' dir='ltr'><strong>nisi</strong></span> <span class='ocrx_word' id='word_1_15' title='bbox 1917 463 1985 516; x_wconf 85' lang='lat' dir='ltr'><strong>ab</strong></span> <span class='ocrx_word' id='word_1_16' title='bbox 2006 461 2121 530; x_wconf 84' lang='lat' dir='ltr'><strong>ipso</strong></span> <span class='ocrx_word' id='word_1_17' title='bbox 2144 461 2198 519; x_wconf 71' lang='grc' dir='ltr'><strong>Α</strong></span> <span class='ocrx_word' id='word_1_18' title='bbox 2230 456 2339 518; x_wconf 84' lang='lat' dir='ltr'><strong>bet,</strong></span> <span class='ocrx_word' id='word_1_19' title='bbox 2393 457 2445 511; x_wconf 90' lang='lat' dir='ltr'><strong>in</strong></span> <span class='ocrx_word' id='word_1_20' title='bbox 2495 456 2812 526; x_wconf 87' lang='lat' dir='ltr'><strong>quibusdam</strong></span> <span class='ocrx_word' id='word_1_21' title='bbox 2861 472 2990 511; x_wconf 84' lang='lat' dir='ltr'><strong>vero</strong></span> <span class='ocrx_word' id='word_1_22' title='bbox 3038 456 3173 511; x_wconf 83' lang='lat' dir='ltr'><strong>illos</strong></span> <span class='ocrx_word' id='word_1_23' title='bbox 3206 455 3367 510; x_wconf 77' lang='lat' dir='ltr'><strong>etiam</strong></span> <span class='ocrx_word' id='word_1_24' title='bbox 3395 469 3423 507; x_wconf 91' lang='lat' dir='ltr'><strong>a</strong></span> <span class='ocrx_word' id='word_1_25' title='bbox 3454 454 3763 521; x_wconf 74' lang='lat' dir='ltr'><strong>delectatione</strong></span> 
     </span>
    </p>
   </div>
   <div class='ocr_carea' id='block_1_5' title="bbox 528 550 2120 624">
    <p class='ocr_par' dir='ltr' id='par_1_5' title="bbox 528 550 2120 624">
     <span class='ocr_line' id='line_1_5' title="bbox 528 550 2120 624; baseline 0.005 -26"><span class='ocrx_word' id='word_1_26' title='bbox 528 550 872 616; x_wconf 81' lang='lat' dir='ltr'><strong>cogitationis</strong></span> <span class='ocrx_word' id='word_1_27' title='bbox 895 552 1190 620; x_wconf 87' lang='lat' dir='ltr'><strong>primordio</strong></span> <span class='ocrx_word' id='word_1_28' title='bbox 1211 553 1390 607; x_wconf 87' lang='lat' dir='ltr'><strong>cordis</strong></span> <span class='ocrx_word' id='word_1_29' title='bbox 1420 553 1615 607; x_wconf 89' lang='lat' dir='ltr'><strong>fluctus</strong></span> <span class='ocrx_word' id='word_1_30' title='bbox 1634 554 1801 624; x_wconf 83' lang='lat' dir='ltr'><strong>gratia</strong></span> <span class='ocrx_word' id='word_1_31' title='bbox 1825 556 2001 609; x_wconf 82' lang='lat' dir='ltr'><strong>divina</strong></span> <span class='ocrx_word' id='word_1_32' title='bbox 2034 571 2120 606; x_wconf 88' lang='lat' dir='ltr'><strong>re-</strong></span> 
     </span>
    </p>
   </div>
   <div class='ocr_carea' id='block_1_6' title="bbox 532 643 2117 713">
    <p class='ocr_par' dir='ltr' id='par_1_6' title="bbox 532 643 2117 713">
     <span class='ocr_line' id='line_1_6' title="bbox 532 643 2117 713; baseline 0.004 -20"><span class='ocrx_word' id='word_1_33' title='bbox 532 643 751 705; x_wconf 77' lang='lat' dir='ltr'><strong>tineret,</strong></span> <span class='ocrx_word' id='word_1_34' title='bbox 806 646 1158 701; x_wconf 87' lang='lat' dir='ltr'><strong>tentationum</strong></span> <span class='ocrx_word' id='word_1_35' title='bbox 1207 649 1462 713; x_wconf 81' lang='lat' dir='ltr'><strong>procellis</strong></span> <span class='ocrx_word' id='word_1_36' title='bbox 1491 662 1638 703; x_wconf 84' lang='lat' dir='ltr'><strong>mare</strong></span> <span class='ocrx_word' id='word_1_37' title='bbox 1663 650 1889 703; x_wconf 72' lang='lat' dir='ltr'><strong>saeviens</strong></span> <span class='ocrx_word' id='word_1_38' title='bbox 1919 657 2117 702; x_wconf 86' lang='lat' dir='ltr'><strong>terram</strong></span> 
     </span>
    </p>
   </div>
   <div class='ocr_carea' id='block_1_7' title="bbox 525 730 2119 804">
    <p class='ocr_par' dir='ltr' id='par_1_7' title="bbox 525 730 2119 804">
     <span class='ocr_line' id='line_1_7' title="bbox 525 730 2119 804; baseline 0.006 -18"><span class='ocrx_word' id='word_1_39' title='bbox 525 739 711 802; x_wconf 81' lang='lat' dir='ltr'><strong>procul</strong></span> <span class='ocrx_word' id='word_1_40' title='bbox 753 736 915 792; x_wconf 90' lang='lat' dir='ltr'><strong>dubio</strong></span> <span class='ocrx_word' id='word_1_41' title='bbox 965 730 1210 794; x_wconf 75' lang='lat' dir='ltr'><strong>humana:</strong></span> <span class='ocrx_word' id='word_1_42' title='bbox 1263 742 1457 794; x_wconf 89' lang='lat' dir='ltr'><strong>mentis</strong></span> <span class='ocrx_word' id='word_1_43' title='bbox 1511 742 1802 804; x_wconf 86' lang='lat' dir='ltr'><strong>obruisset,</strong></span> <span class='ocrx_word' id='word_1_44' title='bbox 1858 751 1914 795; x_wconf 92' lang='lat' dir='ltr'><strong>ut</strong></span> <span class='ocrx_word' id='word_1_45' title='bbox 1962 742 2119 795; x_wconf 82' lang='lat' dir='ltr'><strong>salsis</strong></span> 
     </span>
    </p>
   </div>
   <div class='ocr_carea' id='block_1_8' title="bbox 528 826 2120 904">
    <p class='ocr_par' dir='ltr' id='par_1_8' title="bbox 528 826 2120 904">
     <span class='ocr_line' id='line_1_8' title="bbox 528 826 2120 904; baseline 0.006 -25"><span class='ocrx_word' id='word_1_46' title='bbox 528 826 776 882; x_wconf 82' lang='lat' dir='ltr'><strong>ﬂuctibus</strong></span> <span class='ocrx_word' id='word_1_47' title='bbox 804 830 1014 898; x_wconf 87' lang='lat' dir='ltr'><strong>perfusa</strong></span> <span class='ocrx_word' id='word_1_48' title='bbox 1048 844 1341 891; x_wconf 75' lang='lat' dir='ltr'><strong>aresceret.</strong></span> <span class='ocrx_word' id='word_1_49' title='bbox 1389 834 1440 887; x_wconf 90' lang='lat' dir='ltr'><strong>id</strong></span> <span class='ocrx_word' id='word_1_50' title='bbox 1474 843 1557 888; x_wconf 85' lang='lat' dir='ltr'><strong>est</strong></span> <span class='ocrx_word' id='word_1_51' title='bbox 1588 835 1903 904; x_wconf 79' lang='lat' dir='ltr'><strong>perniciosis</strong></span> <span class='ocrx_word' id='word_1_52' title='bbox 1942 838 2120 889; x_wconf 83' lang='lat' dir='ltr'><strong>carnis</strong></span> 
     </span>
    </p>
   </div>
   <div class='ocr_carea' id='block_1_9' title="bbox 526 922 2121 995">
    <p class='ocr_par' dir='ltr' id='par_1_9' title="bbox 526 922 2121 995">
     <span class='ocr_line' id='line_1_9' title="bbox 526 922 2121 995; baseline 0.006 -24"><span class='ocrx_word' id='word_1_53' title='bbox 526 922 894 988; x_wconf 69' lang='lat' dir='ltr'><strong>voluptatibus</strong></span> <span class='ocrx_word' id='word_1_54' title='bbox 919 923 1189 979; x_wconf 77' lang='lat' dir='ltr'><strong>delectata</strong></span> <span class='ocrx_word' id='word_1_55' title='bbox 1210 925 1500 994; x_wconf 82' lang='lat' dir='ltr'><strong>deperiret.</strong></span> <span class='ocrx_word' id='word_1_56' title='bbox 1532 926 1691 981; x_wconf 87' lang='lat' dir='ltr'><strong>Solus</strong></span> <span class='ocrx_word' id='word_1_57' title='bbox 1718 943 1846 995; x_wconf 83' lang='lat' dir='ltr'><strong>ergo</strong></span> <span class='ocrx_word' id='word_1_58' title='bbox 1868 928 2121 980; x_wconf 83' lang='lat' dir='ltr'><strong>ltominus</strong></span> 
     </span>
    </p>
   </div>
   <div class='ocr_carea' id='block_1_10' title="bbox 530 1013 2117 1084">
    <p class='ocr_par' dir='ltr' id='par_1_10' title="bbox 530 1013 2117 1084">
     <span class='ocr_line' id='line_1_10' title="bbox 530 1013 2117 1084; baseline 0.003 -18"><span class='ocrx_word' id='word_1_59' title='bbox 530 1013 685 1066; x_wconf 86' lang='lat' dir='ltr'><strong>ostiis</strong></span> <span class='ocrx_word' id='word_1_60' title='bbox 709 1028 857 1068; x_wconf 89' lang='lat' dir='ltr'><strong>mare</strong></span> <span class='ocrx_word' id='word_1_61' title='bbox 885 1016 1179 1083; x_wconf 85' lang='lat' dir='ltr'><strong>concludit,</strong></span> <span class='ocrx_word' id='word_1_62' title='bbox 1209 1019 1506 1084; x_wconf 78' lang='lat' dir='ltr'><strong>quipraVis</strong></span> <span class='ocrx_word' id='word_1_63' title='bbox 1529 1020 1954 1072; x_wconf 75' lang='lat' dir='ltr'><strong>mutiltuscurtlis</strong></span> <span class='ocrx_word' id='word_1_64' title='bbox 1975 1020 2117 1071; x_wconf 80' lang='lat' dir='ltr'><strong>elau-</strong></span> 
     </span>
    </p>
   </div>
   <div class='ocr_carea' id='block_1_11' title="bbox 526 1105 2119 1175">
    <p class='ocr_par' dir='ltr' id='par_1_11' title="bbox 526 1105 2119 1175">
     <span class='ocr_line' id='line_1_11' title="bbox 526 1105 2119 1175; baseline 0.002 -20"><span class='ocrx_word' id='word_1_65' title='bbox 526 1106 636 1155; x_wconf 79' lang='lat' dir='ltr'><strong>atra</strong></span> <span class='ocrx_word' id='word_1_66' title='bbox 669 1105 941 1171; x_wconf 76' lang='lat' dir='ltr'><strong>inspirata:</strong></span> <span class='ocrx_word' id='word_1_67' title='bbox 975 1107 1276 1160; x_wconf 74' lang='lat' dir='ltr'><strong>formidinis</strong></span> <span class='ocrx_word' id='word_1_68' title='bbox 1301 1107 1507 1175; x_wconf 84' lang='lat' dir='ltr'><strong>objicit.</strong></span> <span class='ocrx_word' id='word_1_69' title='bbox 1557 1109 1690 1175; x_wconf 83' lang='lat' dir='ltr'><strong>Quia</strong></span> <span class='ocrx_word' id='word_1_70' title='bbox 1739 1123 1865 1162; x_wconf 80' lang='lat' dir='ltr'><strong>vero</strong></span> <span class='ocrx_word' id='word_1_71' title='bbox 1909 1123 1971 1160; x_wconf 89' lang='lat' dir='ltr'><strong>ea</strong></span> <span class='ocrx_word' id='word_1_72' title='bbox 1998 1121 2119 1175; x_wconf 68' lang='lat' dir='ltr'><strong>qua:</strong></span> 
     </span>
    </p>
   </div>
   <div class='ocr_carea' id='block_1_12' title="bbox 528 1193 2115 1264">
    <p class='ocr_par' dir='ltr' id='par_1_12' title="bbox 528 1193 2115 1264">
     <span class='ocr_line' id='line_1_12' title="bbox 528 1193 2115 1264; baseline 0.004 -18"><span class='ocrx_word' id='word_1_73' title='bbox 528 1193 805 1249; x_wconf 78' lang='lat' dir='ltr'><strong>cernimus</strong></span> <span class='ocrx_word' id='word_1_74' title='bbox 855 1197 1007 1263; x_wconf 75' lang='lat' dir='ltr'><strong>sequi</strong></span> <span class='ocrx_word' id='word_1_75' title='bbox 1060 1196 1428 1264; x_wconf 81' lang='lat' dir='ltr'><strong>prohibemur,</strong></span> <span class='ocrx_word' id='word_1_76' title='bbox 1481 1198 1604 1263; x_wconf 89' lang='lat' dir='ltr'><strong>quia</strong></span> <span class='ocrx_word' id='word_1_77' title='bbox 1656 1213 1685 1251; x_wconf 90' lang='lat' dir='ltr'><strong>a</strong></span> <span class='ocrx_word' id='word_1_78' title='bbox 1735 1212 2115 1263; x_wconf 85' lang='lat' dir='ltr'><strong>corporearum</strong></span> 
     </span>
    </p>
   </div>
   <div class='ocr_carea' id='block_1_13' title="bbox 527 1274 2120 1353">
    <p class='ocr_par' dir='ltr' id='par_1_13' title="bbox 527 1274 2120 1353">
     <span class='ocr_line' id='line_1_13' title="bbox 527 1274 2120 1353; baseline 0.004 -17"><span class='ocrx_word' id='word_1_79' title='bbox 527 1297 706 1337; x_wconf 83' lang='lat' dir='ltr'><strong>rerum</strong></span> <span class='ocrx_word' id='word_1_80' title='bbox 739 1286 1099 1342; x_wconf 77' lang='lat' dir='ltr'><strong>delectatione</strong></span> <span class='ocrx_word' id='word_1_81' title='bbox 1138 1274 1497 1353; x_wconf 71' lang='lat' dir='ltr'><strong>retunditntir,</strong></span> <span class='ocrx_word' id='word_1_82' title='bbox 1535 1298 1560 1326; x_wconf 67' lang='grc'><strong>³</strong></span> <span class='ocrx_word' id='word_1_83' title='bbox 1592 1292 1717 1343; x_wconf 89' lang='lat' dir='ltr'><strong>libet</strong></span> <span class='ocrx_word' id='word_1_84' title='bbox 1745 1292 1903 1343; x_wconf 89' lang='lat' dir='ltr'><strong>etiam</strong></span> <span class='ocrx_word' id='word_1_85' title='bbox 1943 1292 2007 1342; x_wconf 81' lang='lat' dir='ltr'><strong>ad</strong></span> <span class='ocrx_word' id='word_1_86' title='bbox 2041 1293 2120 1343; x_wconf 78' lang='lat' dir='ltr'><strong>in-</strong></span> 
     </span>
    </p>
   </div>
   <div class='ocr_carea' id='block_1_14' title="bbox 530 1370 2119 1452">
    <p class='ocr_par' dir='ltr' id='par_1_14' title="bbox 530 1370 2119 1452">
     <span class='ocr_line' id='line_1_14' title="bbox 530 1370 2119 1452; baseline 0.006 -24"><span class='ocrx_word' id='word_1_87' title='bbox 530 1376 764 1451; x_wconf 84' lang='lat' dir='ltr'><strong>visibilia</strong></span> <span class='ocrx_word' id='word_1_88' title='bbox 796 1379 980 1432; x_wconf 83' lang='lat' dir='ltr'><strong>oculos</strong></span> <span class='ocrx_word' id='word_1_89' title='bbox 1002 1382 1198 1435; x_wconf 89' lang='lat' dir='ltr'><strong>mentis</strong></span> <span class='ocrx_word' id='word_1_90' title='bbox 1226 1382 1493 1447; x_wconf 85' lang='lat' dir='ltr'><strong>attollere,</strong></span> <span class='ocrx_word' id='word_1_91' title='bbox 1519 1388 1679 1452; x_wconf 84' lang='lat' dir='ltr'><strong>atque</strong></span> <span class='ocrx_word' id='word_1_92' title='bbox 1708 1383 1820 1436; x_wconf 72' lang='lat' dir='ltr'><strong>haec</strong></span> <span class='ocrx_word' id='word_1_93' title='bbox 1849 1384 1963 1450; x_wconf 83' lang='lat' dir='ltr'><strong>ipsa</strong></span> <span class='ocrx_word' id='word_1_94' title='bbox 1999 1370 2119 1451; x_wconf 67' lang='lat' dir='ltr'><strong>quae</strong></span> 
     </span>
    </p>
   </div>
   <div class='ocr_carea' id='block_1_15' title="bbox 532 1454 2119 1544">
    <p class='ocr_par' dir='ltr' id='par_1_15' title="bbox 532 1454 2119 1544">
     <span class='ocr_line' id='line_1_15' title="bbox 532 1454 2119 1544; baseline 0.003 -23"><span class='ocrx_word' id='word_1_95' title='bbox 532 1454 686 1532; x_wconf 82' lang='lat' dir='ltr'><strong>sequi</strong></span> <span class='ocrx_word' id='word_1_96' title='bbox 718 1469 1062 1535; x_wconf 65' lang='lat' dir='ltr'><strong>praecipimur</strong></span> <span class='ocrx_word' id='word_1_97' title='bbox 1088 1471 1294 1527; x_wconf 82' lang='lat' dir='ltr'><strong>videre.</strong></span> <span class='ocrx_word' id='word_1_98' title='bbox 1327 1472 1587 1544; x_wconf 83' lang='lat' dir='ltr'><strong>Sedquid</strong></span> <span class='ocrx_word' id='word_1_99' title='bbox 1618 1474 1859 1544; x_wconf 83' lang='lat' dir='ltr'><strong>agimus?</strong></span> <span class='ocrx_word' id='word_1_100' title='bbox 1891 1473 2119 1529; x_wconf 65' lang='lat' dir='ltr'><strong>Infirmis</strong></span> 
     </span>
    </p>
   </div>
   <div class='ocr_carea' id='block_1_16' title="bbox 458 1542 2120 1628">
    <p class='ocr_par' dir='ltr' id='par_1_16' title="bbox 458 1542 2120 1628">
     <span class='ocr_line' id='line_1_16' title="bbox 458 1542 2120 1628; baseline 0.006 -18"><span class='ocrx_word' id='word_1_101' title='bbox 458 1558 461 1573; x_wconf 96' lang='lat'>&#39;</span> <span class='ocrx_word' id='word_1_102' title='bbox 530 1556 621 1611; x_wconf 86' lang='lat' dir='ltr'><strong>illa</strong></span> <span class='ocrx_word' id='word_1_103' title='bbox 649 1560 927 1615; x_wconf 86' lang='lat' dir='ltr'><strong>obtutibus</strong></span> <span class='ocrx_word' id='word_1_104' title='bbox 976 1563 1202 1616; x_wconf 86' lang='lat' dir='ltr'><strong>necdum</strong></span> <span class='ocrx_word' id='word_1_105' title='bbox 1249 1542 1459 1628; x_wconf 56' lang='lat' dir='ltr'><strong>patent:</strong></span> <span class='ocrx_word' id='word_1_106' title='bbox 1485 1563 1623 1618; x_wconf 85' lang='lat' dir='ltr'><strong>Ecce</strong></span> <span class='ocrx_word' id='word_1_107' title='bbox 1651 1542 1717 1618; x_wconf 81' lang='lat' dir='ltr'><strong>ad</strong></span> <span class='ocrx_word' id='word_1_108' title='bbox 1749 1580 1933 1619; x_wconf 86' lang='lat' dir='ltr'><strong>eorum</strong></span> <span class='ocrx_word' id='word_1_109' title='bbox 1960 1580 2120 1620; x_wconf 86' lang='lat' dir='ltr'><strong>amo-</strong></span> 
     </span>
    </p>
   </div>
   <div class='ocr_carea' id='block_1_17' title="bbox 532 1657 2113 1728">
    <p class='ocr_par' dir='ltr' id='par_1_17' title="bbox 532 1657 2113 1728">
     <span class='ocr_line' id='line_1_17' title="bbox 532 1657 2113 1728; baseline 0.004 -22"><span class='ocrx_word' id='word_1_110' title='bbox 532 1667 646 1706; x_wconf 88' lang='lat' dir='ltr'><strong>rem</strong></span> <span class='ocrx_word' id='word_1_111' title='bbox 692 1670 971 1719; x_wconf 83' lang='lat' dir='ltr'><strong>vocamur,</strong></span> <span class='ocrx_word' id='word_1_112' title='bbox 1016 1657 1112 1712; x_wconf 83' lang='lat' dir='ltr'><strong>sed</strong></span> <span class='ocrx_word' id='word_1_113' title='bbox 1160 1669 1337 1712; x_wconf 87' lang='lat' dir='ltr'><strong>tamen</strong></span> <span class='ocrx_word' id='word_1_114' title='bbox 1388 1673 1418 1712; x_wconf 88' lang='lat' dir='ltr'><strong>a</strong></span> <span class='ocrx_word' id='word_1_115' title='bbox 1473 1658 1677 1713; x_wconf 79' lang='lat' dir='ltr'><strong>visione</strong></span> <span class='ocrx_word' id='word_1_116' title='bbox 1723 1659 2113 1728; x_wconf 85' lang='lat' dir='ltr'><strong>restringimur,</strong></span> 
     </span>
    </p>
   </div>
   <div class='ocr_carea' id='block_1_18' title="bbox 535 1747 2115 1833">
    <p class='ocr_par' dir='ltr' id='par_1_18' title="bbox 535 1747 2115 1833">
     <span class='ocr_line' id='line_1_18' title="bbox 535 1747 2115 1833; baseline 0.004 -32"><span class='ocrx_word' id='word_1_117' title='bbox 535 1747 657 1817; x_wconf 84' lang='lat' dir='ltr'><strong>quia</strong></span> <span class='ocrx_word' id='word_1_118' title='bbox 690 1759 747 1804; x_wconf 87' lang='lat' dir='ltr'><strong>et</strong></span> <span class='ocrx_word' id='word_1_119' title='bbox 766 1751 810 1805; x_wconf 90' lang='lat' dir='ltr'><strong>si</strong></span> <span class='ocrx_word' id='word_1_120' title='bbox 836 1751 1053 1821; x_wconf 82' lang='lat' dir='ltr'><strong>quando</strong></span> <span class='ocrx_word' id='word_1_121' title='bbox 1073 1752 1272 1822; x_wconf 88' lang='lat' dir='ltr'><strong>aliquid</strong></span> <span class='ocrx_word' id='word_1_122' title='bbox 1296 1754 1477 1808; x_wconf 83' lang='lat' dir='ltr'><strong>furtim</strong></span> <span class='ocrx_word' id='word_1_123' title='bbox 1500 1769 1793 1833; x_wconf 83' lang='lat' dir='ltr'><strong>parumque</strong></span> <span class='ocrx_word' id='word_1_124' title='bbox 1807 1756 2115 1824; x_wconf 84' lang='lat' dir='ltr'><strong>aspicimus,</strong></span> 
     </span>
    </p>
   </div>
   <div class='ocr_carea' id='block_1_19' title="bbox 2226 552 3763 629">
    <p class='ocr_par' dir='ltr' id='par_1_19' title="bbox 2226 552 3763 629">
     <span class='ocr_line' id='line_1_19' title="bbox 2226 552 3763 629; baseline 0.008 -25"><span class='ocrx_word' id='word_1_125' title='bbox 2226 553 2523 620; x_wconf 81' lang='lat' dir='ltr'><strong>restringit,</strong></span> <span class='ocrx_word' id='word_1_126' title='bbox 2582 553 2833 605; x_wconf 89' lang='lat' dir='ltr'><strong>nimirum</strong></span> <span class='ocrx_word' id='word_1_127' title='bbox 2868 554 3065 607; x_wconf 89' lang='lat' dir='ltr'><strong>furenti</strong></span> <span class='ocrx_word' id='word_1_128' title='bbox 3109 552 3247 607; x_wconf 89' lang='lat' dir='ltr'><strong>mari</strong></span> <span class='ocrx_word' id='word_1_129' title='bbox 3278 553 3524 606; x_wconf 85' lang='lat' dir='ltr'><strong>terminos</strong></span> <span class='ocrx_word' id='word_1_130' title='bbox 3552 554 3763 629; x_wconf 85' lang='lat' dir='ltr'><strong>imponit,</strong></span> 
     </span>
    </p>
   </div>
   <div class='ocr_carea' id='block_1_20' title="bbox 2224 647 3767 715">
    <p class='ocr_par' dir='ltr' id='par_1_20' title="bbox 2224 647 3767 715">
     <span class='ocr_line' id='line_1_20' title="bbox 2224 647 3767 715; baseline 0.01 -17"><span class='ocrx_word' id='word_1_131' title='bbox 2224 657 2281 698; x_wconf 83' lang='lat' dir='ltr'><strong>ut</strong></span> <span class='ocrx_word' id='word_1_132' title='bbox 2317 660 2649 714; x_wconf 77' lang='lat' dir='ltr'><strong>nequaquam</strong></span> <span class='ocrx_word' id='word_1_133' title='bbox 2676 647 2727 700; x_wconf 91' lang='lat' dir='ltr'><strong>in</strong></span> <span class='ocrx_word' id='word_1_134' title='bbox 2752 661 2917 715; x_wconf 87' lang='lat' dir='ltr'><strong>opere</strong></span> <span class='ocrx_word' id='word_1_135' title='bbox 2944 648 3234 712; x_wconf 77' lang='lat' dir='ltr'><strong>exeat,sed</strong></span> <span class='ocrx_word' id='word_1_136' title='bbox 3253 649 3388 703; x_wconf 87' lang='lat' dir='ltr'><strong>intra</strong></span> <span class='ocrx_word' id='word_1_137' title='bbox 3414 651 3578 704; x_wconf 87' lang='lat' dir='ltr'><strong>sinum</strong></span> <span class='ocrx_word' id='word_1_138' title='bbox 3608 659 3767 714; x_wconf 77' lang='lat' dir='ltr'><strong>utentis</strong></span> 
     </span>
    </p>
   </div>
   <div class='ocr_carea' id='block_1_21' title="bbox 2227 739 3771 818">
    <p class='ocr_par' dir='ltr' id='par_1_21' title="bbox 2227 739 3771 818">
     <span class='ocr_line' id='line_1_21' title="bbox 2227 739 3771 818; baseline 0.009 -28"><span class='ocrx_word' id='word_1_139' title='bbox 2227 739 2583 793; x_wconf 86' lang='lat' dir='ltr'><strong>tentationnm</strong></span> <span class='ocrx_word' id='word_1_140' title='bbox 2615 740 3063 796; x_wconf 87' lang='lat' dir='ltr'><strong>submurmurans</strong></span> <span class='ocrx_word' id='word_1_141' title='bbox 3114 757 3173 797; x_wconf 89' lang='lat' dir='ltr'><strong>se</strong></span> <span class='ocrx_word' id='word_1_142' title='bbox 3214 743 3357 798; x_wconf 91' lang='lat' dir='ltr'><strong>unda</strong></span> <span class='ocrx_word' id='word_1_143' title='bbox 3408 746 3629 804; x_wconf 89' lang='lat' dir='ltr'><strong>collldat.</strong></span> <span class='ocrx_word' id='word_1_144' title='bbox 3663 750 3771 818; x_wconf 70' lang='lat' dir='ltr'><strong>Qun</strong></span> 
     </span>
    </p>
   </div>
   <div class='ocr_carea' id='block_1_22' title="bbox 2224 832 3773 899">
    <p class='ocr_par' dir='ltr' id='par_1_22' title="bbox 2224 832 3773 899">
     <span class='ocr_line' id='line_1_22' title="bbox 2224 832 3773 899; baseline 0.012 -19"><span class='ocrx_word' id='word_1_145' title='bbox 2224 832 2348 895; x_wconf 85' lang='lat' dir='ltr'><strong>quia</strong></span> <span class='ocrx_word' id='word_1_146' title='bbox 2380 840 2510 885; x_wconf 90' lang='lat' dir='ltr'><strong>tunc</strong></span> <span class='ocrx_word' id='word_1_147' title='bbox 2537 833 2781 886; x_wconf 70' lang='lat' dir='ltr'><strong>Valenter</strong></span> <span class='ocrx_word' id='word_1_148' title='bbox 2811 833 3174 899; x_wconf 77' lang='lat' dir='ltr'><strong>restringitur,</strong></span> <span class='ocrx_word' id='word_1_149' title='bbox 3208 849 3331 889; x_wconf 90' lang='lat' dir='ltr'><strong>cum</strong></span> <span class='ocrx_word' id='word_1_150' title='bbox 3363 836 3412 890; x_wconf 87' lang='lat' dir='ltr'><strong>ei</strong></span> <span class='ocrx_word' id='word_1_151' title='bbox 3457 836 3773 899; x_wconf 75' lang='lat' dir='ltr'><strong>delectatione</strong></span> 
     </span>
    </p>
   </div>
   <div class='ocr_carea' id='block_1_23' title="bbox 2225 918 3771 1000">
    <p class='ocr_par' dir='ltr' id='par_1_23' title="bbox 2225 918 3771 1000">
     <span class='ocr_line' id='line_1_23' title="bbox 2225 918 3771 1000; baseline 0.009 -28"><span class='ocrx_word' id='word_1_152' title='bbox 2225 918 2318 973; x_wconf 89' lang='lat' dir='ltr'><strong>Dei</strong></span> <span class='ocrx_word' id='word_1_153' title='bbox 2346 931 2504 991; x_wconf 86' lang='lat' dir='ltr'><strong>atque</strong></span> <span class='ocrx_word' id='word_1_154' title='bbox 2530 922 2805 989; x_wconf 81' lang='lat' dir='ltr'><strong>inspirans</strong></span> <span class='ocrx_word' id='word_1_155' title='bbox 2832 924 3115 978; x_wconf 80' lang='lat' dir='ltr'><strong>virtutibus</strong></span> <span class='ocrx_word' id='word_1_156' title='bbox 3138 924 3407 992; x_wconf 84' lang='lat' dir='ltr'><strong>obviatur,</strong></span> <span class='ocrx_word' id='word_1_157' title='bbox 3426 934 3568 984; x_wconf 82' lang='lat' dir='ltr'><strong>recte</strong></span> <span class='ocrx_word' id='word_1_158' title='bbox 3585 930 3771 1000; x_wconf 83' lang='lat' dir='ltr'><strong>subjun-</strong></span> 
     </span>
    </p>
   </div>
   <div class='ocr_carea' id='block_1_24' title="bbox 2224 1012 3227 1079">
    <p class='ocr_par' dir='ltr' id='par_1_24' title="bbox 2224 1012 3227 1079">
     <span class='ocr_line' id='line_1_24' title="bbox 2224 1012 3227 1079; baseline 0.002 -16"><span class='ocrx_word' id='word_1_159' title='bbox 2224 1012 2364 1079; x_wconf 82' lang='lat' dir='ltr'><strong>gitur</strong></span> <span class='ocrx_word' id='word_1_160' title='bbox 2389 1029 2405 1062; x_wconf 92' lang='lat'><strong><em>:</em></strong></span> <span class='ocrx_word' id='word_1_161' title='bbox 3212 1052 3227 1065; x_wconf 84' lang='lat'><strong>.</strong></span> 
     </span>
    </p>
   </div>
   <div class='ocr_carea' id='block_1_25' title="bbox 2792 1104 3219 1162">
    <p class='ocr_par' dir='ltr' id='par_1_25' title="bbox 2792 1104 3219 1162">
     <span class='ocr_line' id='line_1_25' title="bbox 2792 1104 3219 1162; baseline 0.005 -2"><span class='ocrx_word' id='word_1_162' title='bbox 2792 1104 3022 1161; x_wconf 79' lang='lat' dir='ltr'><strong>CAPUT</strong></span> <span class='ocrx_word' id='word_1_163' title='bbox 3075 1106 3219 1162; x_wconf 79' lang='lat' dir='ltr'><strong>XXII</strong></span> 
     </span>
    </p>
   </div>
   <div class='ocr_carea' id='block_1_26' title="bbox 2302 1194 3773 1269">
    <p class='ocr_par' dir='ltr' id='par_1_26' title="bbox 2302 1194 3773 1269">
     <span class='ocr_line' id='line_1_26' title="bbox 2302 1194 3773 1269; baseline 0.014 -26"><span class='ocrx_word' id='word_1_164' title='bbox 2302 1194 2461 1249; x_wconf 60' lang='lat' dir='ltr'><strong>Vens.</strong></span> <span class='ocrx_word' id='word_1_165' title='bbox 2498 1196 2584 1252; x_wconf 79' lang='lat' dir='ltr'><strong>lli.</strong></span> <span class='ocrx_word' id='word_1_166' title='bbox 2617 1197 2706 1252; x_wconf 81' lang='grc'><strong>11.</strong></span> <span class='ocrx_word' id='word_1_167' title='bbox 2729 1226 2800 1238; x_wconf 87' lang='lat'><em>-</em></span> <span class='ocrx_word' id='word_1_168' title='bbox 2829 1197 2898 1250; x_wconf 84' lang='lat' dir='ltr'><strong>Et</strong></span> <span class='ocrx_word' id='word_1_169' title='bbox 2926 1200 3076 1265; x_wconf 68' lang='lat' dir='ltr'><strong>parui</strong></span> <span class='ocrx_word' id='word_1_170' title='bbox 3106 1211 3293 1254; x_wconf 79' lang='lat' dir='ltr'><strong>vectem</strong></span> <span class='ocrx_word' id='word_1_171' title='bbox 3320 1212 3367 1253; x_wconf 88' lang='lat' dir='ltr'><strong>et</strong></span> <span class='ocrx_word' id='word_1_172' title='bbox 3393 1202 3544 1269; x_wconf 77' lang='lat' dir='ltr'><strong>ostia,</strong></span> <span class='ocrx_word' id='word_1_173' title='bbox 3575 1214 3617 1257; x_wconf 86' lang='lat' dir='ltr'><strong>et</strong></span> <span class='ocrx_word' id='word_1_174' title='bbox 3648 1206 3773 1263; x_wconf 73' lang='lat' dir='ltr'><strong>dixi:</strong></span> 
     </span>
    </p>
   </div>
   <div class='ocr_carea' id='block_1_27' title="bbox 2224 1283 3775 1362">
    <p class='ocr_par' dir='ltr' id='par_1_27' title="bbox 2224 1283 3775 1362">
     <span class='ocr_line' id='line_1_27' title="bbox 2224 1283 3775 1362; baseline 0.011 -25"><span class='ocrx_word' id='word_1_175' title='bbox 2224 1283 2503 1355; x_wconf 73' lang='lat' dir='ltr'><strong>[lucusque</strong></span> <span class='ocrx_word' id='word_1_176' title='bbox 2524 1290 2715 1351; x_wconf 79' lang='lat' dir='ltr'><strong>venies,</strong></span> <span class='ocrx_word' id='word_1_177' title='bbox 2746 1300 2794 1343; x_wconf 85' lang='lat' dir='ltr'><strong>et</strong></span> <span class='ocrx_word' id='word_1_178' title='bbox 2825 1306 2925 1342; x_wconf 84' lang='lat' dir='ltr'><strong>non</strong></span> <span class='ocrx_word' id='word_1_179' title='bbox 2955 1294 3197 1361; x_wconf 79' lang='lat' dir='ltr'><strong>procedes</strong></span> <span class='ocrx_word' id='word_1_180' title='bbox 3225 1294 3477 1362; x_wconf 80' lang='lat' dir='ltr'><strong>amplius;</strong></span> <span class='ocrx_word' id='word_1_181' title='bbox 3503 1305 3549 1349; x_wconf 86' lang='lat' dir='ltr'><strong>ct</strong></span> <span class='ocrx_word' id='word_1_182' title='bbox 3576 1296 3651 1351; x_wconf 78' lang='lat' dir='ltr'><strong>hic</strong></span> <span class='ocrx_word' id='word_1_183' title='bbox 3675 1316 3775 1354; x_wconf 81' lang='lat' dir='ltr'><strong>catt-</strong></span> 
     </span>
    </p>
   </div>
   <div class='ocr_carea' id='block_1_28' title="bbox 2223 1366 3081 1451">
    <p class='ocr_par' dir='ltr' id='par_1_28' title="bbox 2223 1366 3081 1451">
     <span class='ocr_line' id='line_1_28' title="bbox 2223 1366 3081 1451; baseline 0.008 -22"><span class='ocrx_word' id='word_1_184' title='bbox 2223 1380 2418 1450; x_wconf 77' lang='lat' dir='ltr'><strong>[ringes</strong></span> <span class='ocrx_word' id='word_1_185' title='bbox 2448 1389 2698 1434; x_wconf 80' lang='lat' dir='ltr'><strong>tumentes</strong></span> <span class='ocrx_word' id='word_1_186' title='bbox 2725 1366 2913 1451; x_wconf 84' lang='lat' dir='ltr'><strong>[luctus</strong></span> <span class='ocrx_word' id='word_1_187' title='bbox 2944 1394 3081 1438; x_wconf 86' lang='lat' dir='ltr'><strong>tuos.</strong></span> 
     </span>
    </p>
   </div>
   <div class='ocr_carea' id='block_1_29' title="bbox 2295 1471 3778 1547">
    <p class='ocr_par' dir='ltr' id='par_1_29' title="bbox 2295 1471 3778 1547">
     <span class='ocr_line' id='line_1_29' title="bbox 2295 1471 3778 1547; baseline 0.011 -24"><span class='ocrx_word' id='word_1_188' title='bbox 2295 1471 2386 1527; x_wconf 76' lang='grc'><strong>46.</strong></span> <span class='ocrx_word' id='word_1_189' title='bbox 2428 1472 2653 1527; x_wconf 80' lang='lat' dir='ltr'><strong>Virtutes</strong></span> <span class='ocrx_word' id='word_1_190' title='bbox 2683 1476 3062 1544; x_wconf 82' lang='lat' dir='ltr'><strong>dissipatillud</strong></span> <span class='ocrx_word' id='word_1_191' title='bbox 3104 1493 3244 1531; x_wconf 80' lang='lat' dir='ltr'><strong>mare</strong></span> <span class='ocrx_word' id='word_1_192' title='bbox 3269 1482 3505 1547; x_wconf 68' lang='lat' dir='ltr'><strong>sarciens,</strong></span> <span class='ocrx_word' id='word_1_193' title='bbox 3545 1486 3638 1538; x_wconf 87' lang='lat' dir='ltr'><strong>nisi</strong></span> <span class='ocrx_word' id='word_1_194' title='bbox 3680 1487 3778 1541; x_wconf 80' lang='lat' dir='ltr'><strong>cha-</strong></span> 
     </span>
    </p>
   </div>
   <div class='ocr_carea' id='block_1_30' title="bbox 2227 1563 3778 1640">
    <p class='ocr_par' dir='ltr' id='par_1_30' title="bbox 2227 1563 3778 1640">
     <span class='ocr_line' id='line_1_30' title="bbox 2227 1563 3778 1640; baseline 0.012 -28"><span class='ocrx_word' id='word_1_195' title='bbox 2227 1563 2382 1615; x_wconf 84' lang='lat' dir='ltr'><strong>ritate</strong></span> <span class='ocrx_word' id='word_1_196' title='bbox 2405 1564 2913 1631; x_wconf 66' lang='lat' dir='ltr'><strong>ﬁrmatum—Quid</strong></span> <span class='ocrx_word' id='word_1_197' title='bbox 2941 1570 3083 1621; x_wconf 90' lang='lat' dir='ltr'><strong>enim</strong></span> <span class='ocrx_word' id='word_1_198' title='bbox 3114 1570 3391 1625; x_wconf 87' lang='lat' dir='ltr'><strong>moraliter</strong></span> <span class='ocrx_word' id='word_1_199' title='bbox 3414 1588 3507 1640; x_wconf 91' lang='lat' dir='ltr'><strong>per</strong></span> <span class='ocrx_word' id='word_1_200' title='bbox 3527 1576 3673 1640; x_wconf 87' lang='lat' dir='ltr'><strong>ostia,</strong></span> <span class='ocrx_word' id='word_1_201' title='bbox 3694 1578 3778 1631; x_wconf 88' lang='lat' dir='ltr'><strong>nisi</strong></span> 
     </span>
    </p>
   </div>
   <div class='ocr_carea' id='block_1_31' title="bbox 2224 1654 3779 1727">
    <p class='ocr_par' dir='ltr' id='par_1_31' title="bbox 2224 1654 3779 1727">
     <span class='ocr_line' id='line_1_31' title="bbox 2224 1654 3779 1727; baseline 0.009 -22"><span class='ocrx_word' id='word_1_202' title='bbox 2224 1654 2489 1721; x_wconf 80' lang='lat' dir='ltr'><strong>virtutes;</strong></span> <span class='ocrx_word' id='word_1_203' title='bbox 2522 1658 2646 1725; x_wconf 86' lang='lat' dir='ltr'><strong>quid</strong></span> <span class='ocrx_word' id='word_1_204' title='bbox 2679 1673 2776 1726; x_wconf 88' lang='lat' dir='ltr'><strong>per</strong></span> <span class='ocrx_word' id='word_1_205' title='bbox 2805 1671 3034 1727; x_wconf 76' lang='lat' dir='ltr'><strong>vec1em,</strong></span> <span class='ocrx_word' id='word_1_206' title='bbox 3061 1662 3162 1715; x_wconf 88' lang='lat' dir='ltr'><strong>nisi</strong></span> <span class='ocrx_word' id='word_1_207' title='bbox 3186 1663 3349 1716; x_wconf 88' lang='lat' dir='ltr'><strong>robur</strong></span> <span class='ocrx_word' id='word_1_208' title='bbox 3377 1665 3648 1721; x_wconf 80' lang='lat' dir='ltr'><strong>cltaritatis</strong></span> <span class='ocrx_word' id='word_1_209' title='bbox 3666 1673 3779 1721; x_wconf 79' lang='lat' dir='ltr'><strong>acci-</strong></span> 
     </span>
    </p>
   </div>
   <div class='ocr_carea' id='block_1_32' title="bbox 2227 1749 3780 1827">
    <p class='ocr_par' dir='ltr' id='par_1_32' title="bbox 2227 1749 3780 1827">
     <span class='ocr_line' id='line_1_32' title="bbox 2227 1749 3780 1827; baseline 0.009 -28"><span class='ocrx_word' id='word_1_210' title='bbox 2227 1749 2440 1815; x_wconf 78' lang='lat' dir='ltr'><strong>pimus?</strong></span> <span class='ocrx_word' id='word_1_211' title='bbox 2472 1751 2594 1803; x_wconf 65' lang='lat' dir='ltr'><strong>llaec</strong></span> <span class='ocrx_word' id='word_1_212' title='bbox 2626 1753 2805 1818; x_wconf 87' lang='lat' dir='ltr'><strong>itaque</strong></span> <span class='ocrx_word' id='word_1_213' title='bbox 2826 1755 2985 1819; x_wconf 62' lang='lat' dir='ltr'><strong>Ostia,</strong></span> <span class='ocrx_word' id='word_1_214' title='bbox 3014 1755 3223 1809; x_wconf 77' lang='lat' dir='ltr'><strong>scilicet</strong></span> <span class='ocrx_word' id='word_1_215' title='bbox 3262 1757 3630 1827; x_wconf 89' lang='lat' dir='ltr'><strong>operationum</strong></span> <span class='ocrx_word' id='word_1_216' title='bbox 3651 1760 3780 1813; x_wconf 85' lang='lat' dir='ltr'><strong>virtu-</strong></span> 
     </span>
    </p>
   </div>
   <div class='ocr_carea' id='block_1_33' title="bbox 530 1842 3781 1918">
    <p class='ocr_par' dir='ltr' id='par_1_33' title="bbox 530 1842 3781 1918">
     <span class='ocr_line' id='line_1_33' title="bbox 530 1842 3781 1918; baseline 0.007 -24"><span class='ocrx_word' id='word_1_217' title='bbox 530 1842 633 1895; x_wconf 87' lang='lat' dir='ltr'><strong>sub</strong></span> <span class='ocrx_word' id='word_1_218' title='bbox 655 1842 857 1897; x_wconf 88' lang='lat' dir='ltr'><strong>incerto</strong></span> <span class='ocrx_word' id='word_1_219' title='bbox 887 1847 1048 1900; x_wconf 89' lang='lat' dir='ltr'><strong>nimis</strong></span> <span class='ocrx_word' id='word_1_220' title='bbox 1087 1847 1265 1902; x_wconf 82' lang='lat' dir='ltr'><strong>adhuc</strong></span> <span class='ocrx_word' id='word_1_221' title='bbox 1312 1847 1431 1901; x_wconf 85' lang='lat' dir='ltr'><strong>visu</strong></span> <span class='ocrx_word' id='word_1_222' title='bbox 1463 1848 1779 1917; x_wconf 85' lang='lat' dir='ltr'><strong>caligamus.</strong></span> <span class='ocrx_word' id='word_1_223' title='bbox 1813 1846 1969 1904; x_wconf 86' lang='lat' dir='ltr'><strong>Unde</strong></span> <span class='ocrx_word' id='word_1_224' title='bbox 1996 1862 2120 1918; x_wconf 86' lang='lat' dir='ltr'><strong>apte</strong></span> <span class='ocrx_word' id='word_1_225' title='bbox 2150 1843 2200 1903; x_wconf 84' lang='grc' dir='ltr'><strong>Β</strong></span> <span class='ocrx_word' id='word_1_226' title='bbox 2229 1849 2394 1905; x_wconf 72' lang='lat' dir='ltr'><strong>W183.</strong></span> <span class='ocrx_word' id='word_1_227' title='bbox 2418 1858 2567 1896; x_wconf 72' lang='lat' dir='ltr'><strong>mare</strong></span> <span class='ocrx_word' id='word_1_228' title='bbox 2582 1846 2813 1898; x_wconf 56' lang='lat' dir='ltr'><strong>83“in</strong></span> <span class='ocrx_word' id='word_1_229' title='bbox 2833 1844 3081 1914; x_wconf 67' lang='lat' dir='ltr'><strong>diSSiDal.</strong></span> <span class='ocrx_word' id='word_1_230' title='bbox 3112 1849 3213 1902; x_wconf 78' lang='grc' dir='ltr'><strong>ηίδι</strong></span> <span class='ocrx_word' id='word_1_231' title='bbox 3237 1864 3329 1901; x_wconf 67' lang='lat' dir='ltr'><strong>eas</strong></span> <span class='ocrx_word' id='word_1_232' title='bbox 3352 1865 3418 1903; x_wconf 64' lang='lat' dir='ltr'><strong>ex</strong></span> <span class='ocrx_word' id='word_1_233' title='bbox 3441 1850 3642 1905; x_wconf 71' lang='grc' dir='ltr'><strong>οεθυιιο</strong></span> <span class='ocrx_word' id='word_1_234' title='bbox 3662 1867 3781 1906; x_wconf 76' lang='lat' dir='ltr'><strong>mell-</strong></span> 
     </span>
    </p>
   </div>
   <div class='ocr_carea' id='block_1_34' title="bbox 533 1933 1017 2005">
    <p class='ocr_par' dir='ltr' id='par_1_34' title="bbox 533 1933 1017 2005">
     <span class='ocr_line' id='line_1_34' title="bbox 533 1933 1017 2005; baseline 0.014 -18"><span class='ocrx_word' id='word_1_235' title='bbox 533 1933 871 2005; x_wconf 79' lang='lat' dir='ltr'><strong>subjungitur</strong></span> <span class='ocrx_word' id='word_1_236' title='bbox 905 1954 917 1989; x_wconf 92' lang='lat'>:</span> <span class='ocrx_word' id='word_1_237' title='bbox 1012 1990 1017 1994; x_wconf 88' lang='lat'><strong>.</strong></span> 
     </span>
    </p>
   </div>
   <div class='ocr_carea' id='block_1_35' title="bbox 941 2030 1702 2106">
    <p class='ocr_par' dir='ltr' id='par_1_35' title="bbox 941 2030 1702 2106">
     <span class='ocr_line' id='line_1_35' title="bbox 941 2030 1702 2106; baseline 0.004 -21"><span class='ocrx_word' id='word_1_238' title='bbox 941 2030 1172 2088; x_wconf 82' lang='lat' dir='ltr'><strong>CAPUT</strong></span> <span class='ocrx_word' id='word_1_239' title='bbox 1213 2032 1311 2088; x_wconf 83' lang='lat' dir='ltr'><strong>xx</strong></span> <span class='ocrx_word' id='word_1_240' title='bbox 1350 2033 1494 2106; x_wconf 66' lang='lat' dir='ltr'><strong>ira.</strong></span> <span class='ocrx_word' id='word_1_241' title='bbox 1519 2032 1702 2106; x_wconf 65' lang='lat' dir='ltr'><strong>xu].</strong></span> 
     </span>
    </p>
   </div>
   <div class='ocr_carea' id='block_1_36' title="bbox 605 2117 2118 2196">
    <p class='ocr_par' dir='ltr' id='par_1_36' title="bbox 605 2117 2118 2196">
     <span class='ocr_line' id='line_1_36' title="bbox 605 2117 2118 2196; baseline 0.003 -24"><span class='ocrx_word' id='word_1_242' title='bbox 605 2117 762 2175; x_wconf 74' lang='lat' dir='ltr'><strong>Vens.</strong></span> <span class='ocrx_word' id='word_1_243' title='bbox 794 2122 847 2176; x_wconf 84' lang='lat'><strong>9.</strong></span> <span class='ocrx_word' id='word_1_244' title='bbox 881 2151 950 2162; x_wconf 88' lang='lat'><strong><em>—</em></strong></span> <span class='ocrx_word' id='word_1_245' title='bbox 980 2120 1107 2177; x_wconf 80' lang='lat' dir='ltr'><strong>Cum</strong></span> <span class='ocrx_word' id='word_1_246' title='bbox 1138 2142 1378 2192; x_wconf 87' lang='lat' dir='ltr'><strong>ponerem</strong></span> <span class='ocrx_word' id='word_1_247' title='bbox 1408 2128 1592 2179; x_wconf 86' lang='lat' dir='ltr'><strong>nubem</strong></span> <span class='ocrx_word' id='word_1_248' title='bbox 1613 2127 1965 2179; x_wconf 79' lang='lat' dir='ltr'><strong>vestimentum</strong></span> <span class='ocrx_word' id='word_1_249' title='bbox 1985 2140 2118 2196; x_wconf 64' lang='lat' dir='ltr'><strong>ejus,</strong></span> 
     </span>
    </p>
   </div>
   <div class='ocr_carea' id='block_1_37' title="bbox 524 2214 1992 2290">
    <p class='ocr_par' dir='ltr' id='par_1_37' title="bbox 524 2214 1992 2290">
     <span class='ocr_line' id='line_1_37' title="bbox 524 2214 1992 2290; baseline 0.003 -24"><span class='ocrx_word' id='word_1_250' title='bbox 524 2214 571 2267; x_wconf 76' lang='lat' dir='ltr'><strong>ct</strong></span> <span class='ocrx_word' id='word_1_251' title='bbox 601 2215 821 2283; x_wconf 80' lang='lat' dir='ltr'><strong>caligine</strong></span> <span class='ocrx_word' id='word_1_252' title='bbox 847 2215 980 2275; x_wconf 81' lang='lat' dir='ltr'><strong>illud</strong></span> <span class='ocrx_word' id='word_1_253' title='bbox 1010 2221 1158 2284; x_wconf 86' lang='lat' dir='ltr'><strong>quasi</strong></span> <span class='ocrx_word' id='word_1_254' title='bbox 1193 2222 1374 2281; x_wconf 77' lang='lat' dir='ltr'><strong>pannis</strong></span> <span class='ocrx_word' id='word_1_255' title='bbox 1402 2220 1639 2290; x_wconf 74' lang='lat' dir='ltr'><strong>infantia:</strong></span> <span class='ocrx_word' id='word_1_256' title='bbox 1660 2218 1992 2272; x_wconf 79' lang='lat' dir='ltr'><strong>obvolverent.</strong></span> 
     </span>
    </p>
   </div>
   <div class='ocr_carea' id='block_1_38' title="bbox 597 2302 2121 2379">
    <p class='ocr_par' dir='ltr' id='par_1_38' title="bbox 597 2302 2121 2379">
     <span class='ocr_line' id='line_1_38' title="bbox 597 2302 2121 2379; baseline 0.007 -25"><span class='ocrx_word' id='word_1_257' title='bbox 597 2302 685 2357; x_wconf 73' lang='grc'><strong>44.</strong></span> <span class='ocrx_word' id='word_1_258' title='bbox 718 2303 834 2358; x_wconf 82' lang='lat' dir='ltr'><strong>Hoc</strong></span> <span class='ocrx_word' id='word_1_259' title='bbox 862 2322 1005 2359; x_wconf 87' lang='lat' dir='ltr'><strong>mare</strong></span> <span class='ocrx_word' id='word_1_260' title='bbox 1035 2309 1253 2362; x_wconf 81' lang='lat' dir='ltr'><strong>tenebris</strong></span> <span class='ocrx_word' id='word_1_261' title='bbox 1281 2317 1327 2360; x_wconf 81' lang='lat' dir='ltr'><strong>ct</strong></span> <span class='ocrx_word' id='word_1_262' title='bbox 1377 2308 1598 2379; x_wconf 81' lang='lat' dir='ltr'><strong>caligine</strong></span> <span class='ocrx_word' id='word_1_263' title='bbox 1627 2307 2121 2364; x_wconf 80' lang='lat' dir='ltr'><strong>obvolvitur.-—lluc</strong></span> 
     </span>
    </p>
   </div>
   <div class='ocr_carea' id='block_1_39' title="bbox 532 2396 2120 2467">
    <p class='ocr_par' dir='ltr' id='par_1_39' title="bbox 532 2396 2120 2467">
     <span class='ocr_line' id='line_1_39' title="bbox 532 2396 2120 2467; baseline 0.004 -20"><span class='ocrx_word' id='word_1_264' title='bbox 532 2409 684 2450; x_wconf 87' lang='lat' dir='ltr'><strong>mare</strong></span> <span class='ocrx_word' id='word_1_265' title='bbox 732 2398 1147 2465; x_wconf 89' lang='lat' dir='ltr'><strong>tumultuosum,</strong></span> <span class='ocrx_word' id='word_1_266' title='bbox 1197 2401 1444 2455; x_wconf 83' lang='lat' dir='ltr'><strong>videlicet</strong></span> <span class='ocrx_word' id='word_1_267' title='bbox 1494 2398 1906 2467; x_wconf 74' lang='lat' dir='ltr'><strong>cogitationibus</strong></span> <span class='ocrx_word' id='word_1_268' title='bbox 1962 2396 1986 2436; x_wconf 69' lang='grc' dir='ltr'>δ</span> <span class='ocrx_word' id='word_1_269' title='bbox 2020 2397 2120 2453; x_wconf 84' lang='lat' dir='ltr'><strong>llu-</strong></span> 
     </span>
    </p>
   </div>
   <div class='ocr_carea' id='block_1_40' title="bbox 527 2490 2117 2569">
    <p class='ocr_par' dir='ltr' id='par_1_40' title="bbox 527 2490 2117 2569">
     <span class='ocr_line' id='line_1_40' title="bbox 527 2490 2117 2569; baseline 0.003 -31"><span class='ocrx_word' id='word_1_270' title='bbox 527 2495 717 2541; x_wconf 81' lang='lat' dir='ltr'><strong>ctunns</strong></span> <span class='ocrx_word' id='word_1_271' title='bbox 736 2503 841 2543; x_wconf 73' lang='lat' dir='ltr'><strong>cor</strong></span> <span class='ocrx_word' id='word_1_272' title='bbox 872 2500 1114 2545; x_wconf 85' lang='lat' dir='ltr'><strong>nostrum</strong></span> <span class='ocrx_word' id='word_1_273' title='bbox 1140 2492 1278 2546; x_wconf 87' lang='lat' dir='ltr'><strong>nube</strong></span> <span class='ocrx_word' id='word_1_274' title='bbox 1308 2493 1557 2569; x_wconf 80' lang='lat' dir='ltr'><strong>vestitur,</strong></span> <span class='ocrx_word' id='word_1_275' title='bbox 1586 2491 1713 2561; x_wconf 82' lang='lat' dir='ltr'><strong>quia</strong></span> <span class='ocrx_word' id='word_1_276' title='bbox 1755 2507 1821 2545; x_wconf 91' lang='lat' dir='ltr'><strong>ne</strong></span> <span class='ocrx_word' id='word_1_277' title='bbox 1851 2490 2117 2544; x_wconf 75' lang='lat' dir='ltr'><strong>internum</strong></span> 
     </span>
    </p>
   </div>
   <div class='ocr_carea' id='block_1_41' title="bbox 529 2578 2120 2653">
    <p class='ocr_par' dir='ltr' id='par_1_41' title="bbox 529 2578 2120 2653">
     <span class='ocr_line' id='line_1_41' title="bbox 529 2578 2120 2653; baseline 0.004 -24"><span class='ocrx_word' id='word_1_278' title='bbox 529 2578 762 2646; x_wconf 88' lang='lat' dir='ltr'><strong>quietem</strong></span> <span class='ocrx_word' id='word_1_279' title='bbox 797 2595 927 2648; x_wconf 91' lang='lat' dir='ltr'><strong>pure</strong></span> <span class='ocrx_word' id='word_1_280' title='bbox 980 2585 1297 2651; x_wconf 76' lang='lat' dir='ltr'><strong>conspiciat,</strong></span> <span class='ocrx_word' id='word_1_281' title='bbox 1350 2584 1738 2653; x_wconf 89' lang='lat' dir='ltr'><strong>inquietudinis</strong></span> <span class='ocrx_word' id='word_1_282' title='bbox 1789 2598 1902 2636; x_wconf 68' lang='lat' dir='ltr'><strong>sua:</strong></span> <span class='ocrx_word' id='word_1_283' title='bbox 1929 2583 2120 2636; x_wconf 87' lang='lat' dir='ltr'><strong>confu-</strong></span> 
     </span>
    </p>
   </div>
   <div class='ocr_carea' id='block_1_42' title="bbox 527 2663 2119 2745">
    <p class='ocr_par' dir='ltr' id='par_1_42' title="bbox 527 2663 2119 2745">
     <span class='ocr_line' id='line_1_42' title="bbox 527 2663 2119 2745; baseline 0.003 -23"><span class='ocrx_word' id='word_1_284' title='bbox 527 2670 679 2724; x_wconf 89' lang='lat' dir='ltr'><strong>sione</strong></span> <span class='ocrx_word' id='word_1_285' title='bbox 703 2673 1029 2727; x_wconf 82' lang='lat' dir='ltr'><strong>lettebratur.</strong></span> <span class='ocrx_word' id='word_1_286' title='bbox 1059 2663 1168 2730; x_wconf 76' lang='lat' dir='ltr'><strong>Hoc</strong></span> <span class='ocrx_word' id='word_1_287' title='bbox 1190 2689 1335 2730; x_wconf 84' lang='lat' dir='ltr'><strong>mare</strong></span> <span class='ocrx_word' id='word_1_288' title='bbox 1365 2676 1593 2743; x_wconf 74' lang='lat' dir='ltr'><strong>caligine</strong></span> <span class='ocrx_word' id='word_1_289' title='bbox 1617 2677 1770 2745; x_wconf 88' lang='lat' dir='ltr'><strong>quasi</strong></span> <span class='ocrx_word' id='word_1_290' title='bbox 1815 2675 2005 2743; x_wconf 86' lang='lat' dir='ltr'><strong>pannis</strong></span> <span class='ocrx_word' id='word_1_291' title='bbox 2033 2677 2119 2729; x_wconf 63' lang='lat' dir='ltr'><strong>in-</strong></span> 
     </span>
    </p>
   </div>
   <div class='ocr_carea' id='block_1_43' title="bbox 528 2759 2121 2837">
    <p class='ocr_par' dir='ltr' id='par_1_43' title="bbox 528 2759 2121 2837">
     <span class='ocr_line' id='line_1_43' title="bbox 528 2759 2121 2837; baseline 0.008 -25"><span class='ocrx_word' id='word_1_292' title='bbox 528 2759 708 2817; x_wconf 75' lang='lat' dir='ltr'><strong>[amite</strong></span> <span class='ocrx_word' id='word_1_293' title='bbox 734 2764 1066 2837; x_wconf 83' lang='lat' dir='ltr'><strong>obvolvitur,</strong></span> <span class='ocrx_word' id='word_1_294' title='bbox 1116 2769 1241 2837; x_wconf 92' lang='lat' dir='ltr'><strong>quia</strong></span> <span class='ocrx_word' id='word_1_295' title='bbox 1270 2783 1300 2823; x_wconf 90' lang='lat' dir='ltr'><strong>a</strong></span> <span class='ocrx_word' id='word_1_296' title='bbox 1330 2769 1760 2836; x_wconf 85' lang='lat' dir='ltr'><strong>contemplandis</strong></span> <span class='ocrx_word' id='word_1_297' title='bbox 1799 2770 2121 2825; x_wconf 81' lang='lat' dir='ltr'><strong>sublimibus</strong></span> 
     </span>
    </p>
   </div>
   <div class='ocr_carea' id='block_1_44' title="bbox 528 2834 2122 2929">
    <p class='ocr_par' dir='ltr' id='par_1_44' title="bbox 528 2834 2122 2929">
     <span class='ocr_line' id='line_1_44' title="bbox 528 2834 2122 2929; baseline 0.004 -24"><span class='ocrx_word' id='word_1_298' title='bbox 528 2851 704 2909; x_wconf 87' lang='lat' dir='ltr'><strong>adhuc</strong></span> <span class='ocrx_word' id='word_1_299' title='bbox 733 2834 935 2911; x_wconf 73' lang='lat' dir='ltr'><strong>teneris</strong></span> <span class='ocrx_word' id='word_1_300' title='bbox 952 2834 1203 2913; x_wconf 71' lang='lat' dir='ltr'><strong>sensibus</strong></span> <span class='ocrx_word' id='word_1_301' title='bbox 1244 2874 1355 2913; x_wconf 69' lang='lat' dir='ltr'><strong>suae</strong></span> <span class='ocrx_word' id='word_1_302' title='bbox 1402 2834 1733 2914; x_wconf 79' lang='lat' dir='ltr'><strong>inﬁrmitatis</strong></span> <span class='ocrx_word' id='word_1_303' title='bbox 1764 2859 1981 2929; x_wconf 80' lang='lat' dir='ltr'><strong>ligatur.</strong></span> <span class='ocrx_word' id='word_1_304' title='bbox 2034 2861 2122 2913; x_wconf 75' lang='lat' dir='ltr'><strong>Vi-</strong></span> 
     </span>
    </p>
   </div>
   <div class='ocr_carea' id='block_1_45' title="bbox 534 2943 2123 3021">
    <p class='ocr_par' dir='ltr' id='par_1_45' title="bbox 534 2943 2123 3021">
     <span class='ocr_line' id='line_1_45' title="bbox 534 2943 2123 3021; baseline 0.006 -24"><span class='ocrx_word' id='word_1_305' title='bbox 534 2943 760 3000; x_wconf 89' lang='lat' dir='ltr'><strong>deamus</strong></span> <span class='ocrx_word' id='word_1_306' title='bbox 791 2947 1014 3003; x_wconf 81' lang='lat' dir='ltr'><strong>Paulum</strong></span> <span class='ocrx_word' id='word_1_307' title='bbox 1036 2951 1265 3016; x_wconf 88' lang='lat' dir='ltr'><strong>quadam</strong></span> <span class='ocrx_word' id='word_1_308' title='bbox 1289 2951 1519 3019; x_wconf 77' lang='lat' dir='ltr'><strong>caligine</strong></span> <span class='ocrx_word' id='word_1_309' title='bbox 1549 2952 1700 3021; x_wconf 90' lang='lat' dir='ltr'><strong>quasi</strong></span> <span class='ocrx_word' id='word_1_310' title='bbox 1731 2950 1967 3007; x_wconf 68' lang='lat' dir='ltr'><strong>infantia:</strong></span> <span class='ocrx_word' id='word_1_311' title='bbox 1999 2967 2123 3020; x_wconf 90' lang='lat' dir='ltr'><strong>pan-</strong></span> 
     </span>
    </p>
   </div>
   <div class='ocr_carea' id='block_1_46' title="bbox 534 3037 2124 3114">
    <p class='ocr_par' dir='ltr' id='par_1_46' title="bbox 534 3037 2124 3114">
     <span class='ocr_line' id='line_1_46' title="bbox 534 3037 2124 3114; baseline 0.004 -24"><span class='ocrx_word' id='word_1_312' title='bbox 534 3037 617 3090; x_wconf 86' lang='lat' dir='ltr'><strong>nis</strong></span> <span class='ocrx_word' id='word_1_313' title='bbox 647 3038 984 3108; x_wconf 84' lang='lat' dir='ltr'><strong>obvolutum,</strong></span> <span class='ocrx_word' id='word_1_314' title='bbox 1017 3041 1143 3096; x_wconf 92' lang='lat' dir='ltr'><strong>dum</strong></span> <span class='ocrx_word' id='word_1_315' title='bbox 1174 3045 1249 3096; x_wconf 85' lang='lat' dir='ltr'><strong>ait</strong></span> <span class='ocrx_word' id='word_1_316' title='bbox 1278 3061 1289 3094; x_wconf 89' lang='lat'><strong>:</strong></span> <span class='ocrx_word' id='word_1_317' title='bbox 1324 3041 1566 3098; x_wconf 85' lang='lat' dir='ltr'><strong>Videmus</strong></span> <span class='ocrx_word' id='word_1_318' title='bbox 1588 3061 1722 3098; x_wconf 86' lang='lat' dir='ltr'><strong>nunc</strong></span> <span class='ocrx_word' id='word_1_319' title='bbox 1740 3061 1829 3113; x_wconf 84' lang='lat' dir='ltr'><strong>per</strong></span> <span class='ocrx_word' id='word_1_320' title='bbox 1858 3046 2124 3114; x_wconf 83' lang='lat' dir='ltr'><strong>speculum</strong></span> 
     </span>
    </p>
   </div>
   <div class='ocr_carea' id='block_1_47' title="bbox 528 3133 2124 3209">
    <p class='ocr_par' dir='ltr' id='par_1_47' title="bbox 528 3133 2124 3209">
     <span class='ocr_line' id='line_1_47' title="bbox 528 3133 2124 3209; baseline 0.009 -27"><span class='ocrx_word' id='word_1_321' title='bbox 528 3133 580 3183; x_wconf 86' lang='lat' dir='ltr'><strong>in</strong></span> <span class='ocrx_word' id='word_1_322' title='bbox 610 3134 901 3203; x_wconf 79' lang='lat' dir='ltr'><strong>tenigmate,</strong></span> <span class='ocrx_word' id='word_1_323' title='bbox 931 3145 1051 3190; x_wconf 88' lang='lat' dir='ltr'><strong>tunc</strong></span> <span class='ocrx_word' id='word_1_324' title='bbox 1072 3147 1243 3191; x_wconf 83' lang='lat' dir='ltr'><strong>autent</strong></span> <span class='ocrx_word' id='word_1_325' title='bbox 1270 3137 1407 3208; x_wconf 78' lang='lat' dir='ltr'><strong>[acie</strong></span> <span class='ocrx_word' id='word_1_326' title='bbox 1457 3142 1526 3193; x_wconf 89' lang='lat' dir='ltr'><strong>ad</strong></span> <span class='ocrx_word' id='word_1_327' title='bbox 1570 3139 1777 3209; x_wconf 77' lang='lat' dir='ltr'><strong>faciem.</strong></span> <span class='ocrx_word' id='word_1_328' title='bbox 1830 3140 1988 3195; x_wconf 88' lang='lat' dir='ltr'><strong>Nunc</strong></span> <span class='ocrx_word' id='word_1_329' title='bbox 2036 3159 2124 3196; x_wconf 87' lang='lat' dir='ltr'><strong>co-</strong></span> 
     </span>
    </p>
   </div>
   <div class='ocr_carea' id='block_1_48' title="bbox 2230 1935 3783 2010">
    <p class='ocr_par' dir='ltr' id='par_1_48' title="bbox 2230 1935 3783 2010">
     <span class='ocr_line' id='line_1_48' title="bbox 2230 1935 3783 2010; baseline 0.009 -24"><span class='ocrx_word' id='word_1_330' title='bbox 2230 1935 2300 1987; x_wconf 92' lang='lat' dir='ltr'><strong>tis</strong></span> <span class='ocrx_word' id='word_1_331' title='bbox 2329 1938 2576 2003; x_wconf 82' lang='lat' dir='ltr'><strong>appnsita</strong></span> <span class='ocrx_word' id='word_1_332' title='bbox 2617 1938 2853 1993; x_wconf 77' lang='lat' dir='ltr'><strong>cbaritas</strong></span> <span class='ocrx_word' id='word_1_333' title='bbox 2909 1941 3195 2010; x_wconf 77' lang='lat' dir='ltr'><strong>astringat.</strong></span> <span class='ocrx_word' id='word_1_334' title='bbox 3246 1941 3426 1997; x_wconf 84' lang='lat' dir='ltr'><strong>Facile</strong></span> <span class='ocrx_word' id='word_1_335' title='bbox 3457 1955 3627 1998; x_wconf 88' lang='lat' dir='ltr'><strong>autem</strong></span> <span class='ocrx_word' id='word_1_336' title='bbox 3655 1960 3783 2000; x_wconf 78' lang='lat' dir='ltr'><strong>omne</strong></span> 
     </span>
    </p>
   </div>
   <div class='ocr_carea' id='block_1_49' title="bbox 2128 2029 3785 2091">
    <p class='ocr_par' dir='ltr' id='par_1_49' title="bbox 2128 2029 3785 2091">
     <span class='ocr_line' id='line_1_49' title="bbox 2128 2029 3785 2091; baseline 0.008 -16"><span class='ocrx_word' id='word_1_337' title='bbox 2128 2066 2135 2075; x_wconf 95' lang='lat'><strong>.</strong></span> <span class='ocrx_word' id='word_1_338' title='bbox 2230 2029 2480 2082; x_wconf 74' lang='lat' dir='ltr'><strong>virtutum</strong></span> <span class='ocrx_word' id='word_1_339' title='bbox 2509 2031 2709 2084; x_wconf 89' lang='lat' dir='ltr'><strong>bonum</strong></span> <span class='ocrx_word' id='word_1_340' title='bbox 2740 2034 3039 2087; x_wconf 88' lang='lat' dir='ltr'><strong>tentatione</strong></span> <span class='ocrx_word' id='word_1_341' title='bbox 3089 2035 3270 2089; x_wconf 89' lang='lat' dir='ltr'><strong>cordis</strong></span> <span class='ocrx_word' id='word_1_342' title='bbox 3316 2036 3556 2091; x_wconf 83' lang='lat' dir='ltr'><strong>irruente</strong></span> <span class='ocrx_word' id='word_1_343' title='bbox 3581 2036 3785 2091; x_wconf 83' lang='lat' dir='ltr'><strong>destrui-</strong></span> 
     </span>
    </p>
   </div>
   <div class='ocr_carea' id='block_1_50' title="bbox 2225 2122 3784 2182">
    <p class='ocr_par' dir='ltr' id='par_1_50' title="bbox 2225 2122 3784 2182">
     <span class='ocr_line' id='line_1_50' title="bbox 2225 2122 3784 2182; baseline 0.006 -12"><span class='ocrx_word' id='word_1_344' title='bbox 2225 2126 2334 2181; x_wconf 89' lang='lat' dir='ltr'><strong>tttr,</strong></span> <span class='ocrx_word' id='word_1_345' title='bbox 2361 2123 2460 2173; x_wconf 83' lang='lat' dir='ltr'><strong>nisi</strong></span> <span class='ocrx_word' id='word_1_346' title='bbox 2490 2122 2557 2175; x_wconf 88' lang='lat' dir='ltr'><strong>ab</strong></span> <span class='ocrx_word' id='word_1_347' title='bbox 2588 2124 2789 2176; x_wconf 89' lang='lat' dir='ltr'><strong>intimis</strong></span> <span class='ocrx_word' id='word_1_348' title='bbox 2814 2124 2923 2176; x_wconf 73' lang='lat' dir='ltr'><strong>lixa</strong></span> <span class='ocrx_word' id='word_1_349' title='bbox 2952 2124 3215 2179; x_wconf 86' lang='lat' dir='ltr'><strong>charitate</strong></span> <span class='ocrx_word' id='word_1_350' title='bbox 3245 2125 3530 2181; x_wconf 75' lang='lat' dir='ltr'><strong>solidetur.</strong></span> <span class='ocrx_word' id='word_1_351' title='bbox 3584 2126 3720 2182; x_wconf 87' lang='lat' dir='ltr'><strong>Unde</strong></span> <span class='ocrx_word' id='word_1_352' title='bbox 3743 2138 3784 2180; x_wconf 90' lang='lat' dir='ltr'><strong>et</strong></span> 
     </span>
    </p>
   </div>
   <div class='ocr_carea' id='block_1_51' title="bbox 2228 2208 3784 2288">
    <p class='ocr_par' dir='ltr' id='par_1_51' title="bbox 2228 2208 3784 2288">
     <span class='ocr_line' id='line_1_51' title="bbox 2228 2208 3784 2288; baseline 0.008 -28"><span class='ocrx_word' id='word_1_353' title='bbox 2228 2208 2425 2263; x_wconf 78' lang='lat' dir='ltr'><strong>Paulus</strong></span> <span class='ocrx_word' id='word_1_354' title='bbox 2457 2211 2509 2264; x_wconf 90' lang='lat' dir='ltr'><strong>in</strong></span> <span class='ocrx_word' id='word_1_355' title='bbox 2543 2214 2654 2266; x_wconf 69' lang='lat' dir='ltr'><strong>suis</strong></span> <span class='ocrx_word' id='word_1_356' title='bbox 2702 2214 3173 2283; x_wconf 67' lang='lat' dir='ltr'><strong>praedicationibus</strong></span> <span class='ocrx_word' id='word_1_357' title='bbox 3214 2216 3339 2270; x_wconf 90' lang='lat' dir='ltr'><strong>dum</strong></span> <span class='ocrx_word' id='word_1_358' title='bbox 3379 2220 3620 2288; x_wconf 68' lang='lat' dir='ltr'><strong>quaedam</strong></span> <span class='ocrx_word' id='word_1_359' title='bbox 3648 2218 3784 2273; x_wconf 81' lang='lat' dir='ltr'><strong>virtu-</strong></span> 
     </span>
    </p>
   </div>
   <div class='ocr_carea' id='block_1_52' title="bbox 2229 2302 3785 2375">
    <p class='ocr_par' dir='ltr' id='par_1_52' title="bbox 2229 2302 3785 2375">
     <span class='ocr_line' id='line_1_52' title="bbox 2229 2302 3785 2375; baseline 0.006 -23"><span class='ocrx_word' id='word_1_360' title='bbox 2229 2310 2338 2354; x_wconf 91' lang='lat' dir='ltr'><strong>tum</strong></span> <span class='ocrx_word' id='word_1_361' title='bbox 2363 2302 2496 2355; x_wconf 86' lang='lat' dir='ltr'><strong>ostia</strong></span> <span class='ocrx_word' id='word_1_362' title='bbox 2532 2304 2666 2356; x_wconf 88' lang='lat' dir='ltr'><strong>mari</strong></span> <span class='ocrx_word' id='word_1_363' title='bbox 2710 2306 3021 2359; x_wconf 87' lang='lat' dir='ltr'><strong>tentationis</strong></span> <span class='ocrx_word' id='word_1_364' title='bbox 3060 2315 3379 2375; x_wconf 88' lang='lat' dir='ltr'><strong>opponeret,</strong></span> <span class='ocrx_word' id='word_1_365' title='bbox 3428 2308 3571 2362; x_wconf 85' lang='lat' dir='ltr'><strong>illico</strong></span> <span class='ocrx_word' id='word_1_366' title='bbox 3615 2308 3785 2362; x_wconf 74' lang='lat' dir='ltr'><strong>eisdem</strong></span> 
     </span>
    </p>
   </div>
   <div class='ocr_carea' id='block_1_53' title="bbox 2226 2392 3786 2464">
    <p class='ocr_par' dir='ltr' id='par_1_53' title="bbox 2226 2392 3786 2464">
     <span class='ocr_line' id='line_1_53' title="bbox 2226 2392 3786 2464; baseline 0.005 -22"><span class='ocrx_word' id='word_1_367' title='bbox 2226 2392 2378 2443; x_wconf 72' lang='lat' dir='ltr'><strong>ostii~</strong></span> <span class='ocrx_word' id='word_1_368' title='bbox 2423 2395 2573 2457; x_wconf 72' lang='lat' dir='ltr'><strong>unusi</strong></span> <span class='ocrx_word' id='word_1_369' title='bbox 2627 2393 2792 2447; x_wconf 89' lang='lat' dir='ltr'><strong>robttr</strong></span> <span class='ocrx_word' id='word_1_370' title='bbox 2846 2397 3012 2448; x_wconf 67' lang='lat' dir='ltr'><strong>sectis</strong></span> <span class='ocrx_word' id='word_1_371' title='bbox 3066 2394 3332 2464; x_wconf 69' lang='lat' dir='ltr'><strong>adiunxit,</strong></span> <span class='ocrx_word' id='word_1_372' title='bbox 3380 2398 3614 2452; x_wconf 89' lang='lat' dir='ltr'><strong>dicens:</strong></span> <span class='ocrx_word' id='word_1_373' title='bbox 3648 2399 3786 2464; x_wconf 79' lang='lat' dir='ltr'><strong>Super</strong></span> 
     </span>
    </p>
   </div>
   <div class='ocr_carea' id='block_1_54' title="bbox 2228 2472 3786 2557">
    <p class='ocr_par' dir='ltr' id='par_1_54' title="bbox 2228 2472 3786 2557">
     <span class='ocr_line' id='line_1_54' title="bbox 2228 2472 3786 2557; baseline 0.006 -25"><span class='ocrx_word' id='word_1_374' title='bbox 2228 2482 2402 2535; x_wconf 82' lang='lat' dir='ltr'><strong>omnia</strong></span> <span class='ocrx_word' id='word_1_375' title='bbox 2432 2494 2604 2535; x_wconf 87' lang='lat' dir='ltr'><strong>autem</strong></span> <span class='ocrx_word' id='word_1_376' title='bbox 2637 2486 2743 2537; x_wconf 80' lang='lat' dir='ltr'><strong>Ittec</strong></span> <span class='ocrx_word' id='word_1_377' title='bbox 2773 2485 3073 2539; x_wconf 78' lang='lat' dir='ltr'><strong>cltart&#39;tatem</strong></span> <span class='ocrx_word' id='word_1_378' title='bbox 3106 2488 3365 2553; x_wconf 79' lang='lat' dir='ltr'><strong>habentes,</strong></span> <span class='ocrx_word' id='word_1_379' title='bbox 3399 2490 3537 2557; x_wconf 86' lang='lat' dir='ltr'><strong>quod</strong></span> <span class='ocrx_word' id='word_1_380' title='bbox 3556 2500 3625 2543; x_wconf 86' lang='lat' dir='ltr'><strong>est</strong></span> <span class='ocrx_word' id='word_1_381' title='bbox 3647 2472 3786 2543; x_wconf 47' lang='lat' dir='ltr'><strong>ttt&#39;ncn-1</strong></span> 
     </span>
    </p>
   </div>
   <div class='ocr_carea' id='block_1_55' title="bbox 2227 2575 3787 2649">
    <p class='ocr_par' dir='ltr' id='par_1_55' title="bbox 2227 2575 3787 2649">
     <span class='ocr_line' id='line_1_55' title="bbox 2227 2575 3787 2649; baseline 0.006 -24"><span class='ocrx_word' id='word_1_382' title='bbox 2227 2575 2333 2625; x_wconf 84' lang='lat' dir='ltr'><strong>lunt</strong></span> <span class='ocrx_word' id='word_1_383' title='bbox 2365 2575 2694 2644; x_wconf 75' lang='lat' dir='ltr'><strong>perfectionis</strong></span> <span class='ocrx_word' id='word_1_384' title='bbox 2725 2576 2944 2644; x_wconf 82' lang='lat' dir='ltr'><strong>(Coloss.</strong></span> <span class='ocrx_word' id='word_1_385' title='bbox 2981 2594 3063 2646; x_wconf 87' lang='grc' dir='ltr'>ιιι,</span> <span class='ocrx_word' id='word_1_386' title='bbox 3119 2580 3230 2649; x_wconf 54' lang='lat' dir='ltr'><strong>lxi).</strong></span> <span class='ocrx_word' id='word_1_387' title='bbox 3279 2578 3629 2635; x_wconf 83' lang='lat' dir='ltr'><strong>Perfectionis</strong></span> <span class='ocrx_word' id='word_1_388' title='bbox 3672 2581 3787 2635; x_wconf 87' lang='lat' dir='ltr'><strong>enim</strong></span> 
     </span>
    </p>
   </div>
   <div class='ocr_carea' id='block_1_56' title="bbox 2225 2665 3786 2742">
    <p class='ocr_par' dir='ltr' id='par_1_56' title="bbox 2225 2665 3786 2742">
     <span class='ocr_line' id='line_1_56' title="bbox 2225 2665 3786 2742; baseline 0.006 -25"><span class='ocrx_word' id='word_1_389' title='bbox 2225 2665 2496 2719; x_wconf 82' lang='lat' dir='ltr'><strong>vinculum</strong></span> <span class='ocrx_word' id='word_1_390' title='bbox 2556 2667 2794 2721; x_wconf 82' lang='lat' dir='ltr'><strong>Charitas</strong></span> <span class='ocrx_word' id='word_1_391' title='bbox 2851 2670 3069 2735; x_wconf 89' lang='lat' dir='ltr'><strong>dicitur,</strong></span> <span class='ocrx_word' id='word_1_392' title='bbox 3100 2672 3223 2739; x_wconf 90' lang='lat' dir='ltr'><strong>quia</strong></span> <span class='ocrx_word' id='word_1_393' title='bbox 3259 2686 3421 2727; x_wconf 91' lang='lat' dir='ltr'><strong>omne</strong></span> <span class='ocrx_word' id='word_1_394' title='bbox 3452 2673 3644 2729; x_wconf 90' lang='lat' dir='ltr'><strong>bonum</strong></span> <span class='ocrx_word' id='word_1_395' title='bbox 3673 2672 3786 2742; x_wconf 86' lang='lat' dir='ltr'><strong>quod</strong></span> 
     </span>
    </p>
   </div>
   <div class='ocr_carea' id='block_1_57' title="bbox 2226 2759 3786 2835">
    <p class='ocr_par' dir='ltr' id='par_1_57' title="bbox 2226 2759 3786 2835">
     <span class='ocr_line' id='line_1_57' title="bbox 2226 2759 3786 2835; baseline 0.003 -24"><span class='ocrx_word' id='word_1_396' title='bbox 2226 2759 2400 2827; x_wconf 82' lang='lat' dir='ltr'><strong>agitur</strong></span> <span class='ocrx_word' id='word_1_397' title='bbox 2428 2759 2678 2815; x_wconf 85' lang='lat' dir='ltr'><strong>nimirum</strong></span> <span class='ocrx_word' id='word_1_398' title='bbox 2713 2777 2809 2832; x_wconf 87' lang='lat' dir='ltr'><strong>per</strong></span> <span class='ocrx_word' id='word_1_399' title='bbox 2840 2761 2985 2816; x_wconf 80' lang='lat' dir='ltr'><strong>illuni</strong></span> <span class='ocrx_word' id='word_1_400' title='bbox 3018 2780 3085 2819; x_wconf 86' lang='lat' dir='ltr'><strong>ne</strong></span> <span class='ocrx_word' id='word_1_401' title='bbox 3118 2776 3299 2834; x_wconf 87' lang='lat' dir='ltr'><strong>pereat</strong></span> <span class='ocrx_word' id='word_1_402' title='bbox 3332 2765 3551 2835; x_wconf 75' lang='lat' dir='ltr'><strong>ligatur.</strong></span> <span class='ocrx_word' id='word_1_403' title='bbox 3586 2768 3627 2821; x_wconf 91' lang='lat' dir='ltr'><strong>A</strong></span> <span class='ocrx_word' id='word_1_404' title='bbox 3650 2778 3786 2819; x_wconf 80' lang='lat' dir='ltr'><strong>tenta-</strong></span> 
     </span>
    </p>
   </div>
   <div class='ocr_carea' id='block_1_58' title="bbox 2228 2854 3788 2927">
    <p class='ocr_par' dir='ltr' id='par_1_58' title="bbox 2228 2854 3788 2927">
     <span class='ocr_line' id='line_1_58' title="bbox 2228 2854 3788 2927; baseline 0.006 -24"><span class='ocrx_word' id='word_1_405' title='bbox 2228 2859 2344 2906; x_wconf 90' lang='lat' dir='ltr'><strong>tore</strong></span> <span class='ocrx_word' id='word_1_406' title='bbox 2372 2868 2602 2921; x_wconf 80' lang='lat' dir='ltr'><strong>namque</strong></span> <span class='ocrx_word' id='word_1_407' title='bbox 2632 2854 2792 2909; x_wconf 87' lang='lat' dir='ltr'><strong>citius</strong></span> <span class='ocrx_word' id='word_1_408' title='bbox 2839 2858 3118 2926; x_wconf 88' lang='lat' dir='ltr'><strong>quodlibet</strong></span> <span class='ocrx_word' id='word_1_409' title='bbox 3147 2874 3284 2927; x_wconf 89' lang='lat' dir='ltr'><strong>opus</strong></span> <span class='ocrx_word' id='word_1_410' title='bbox 3310 2862 3582 2925; x_wconf 78' lang='lat' dir='ltr'><strong>evellitur,</strong></span> <span class='ocrx_word' id='word_1_411' title='bbox 3614 2861 3654 2915; x_wconf 93' lang='lat' dir='ltr'><strong>si</strong></span> <span class='ocrx_word' id='word_1_412' title='bbox 3677 2862 3788 2914; x_wconf 88' lang='lat' dir='ltr'><strong>solu-</strong></span> 
     </span>
    </p>
   </div>
   <div class='ocr_carea' id='block_1_59' title="bbox 2231 2946 3790 3017">
    <p class='ocr_par' dir='ltr' id='par_1_59' title="bbox 2231 2946 3790 3017">
     <span class='ocr_line' id='line_1_59' title="bbox 2231 2946 3790 3017; baseline 0.007 -21"><span class='ocrx_word' id='word_1_413' title='bbox 2231 2955 2342 2998; x_wconf 90' lang='lat' dir='ltr'><strong>tum</strong></span> <span class='ocrx_word' id='word_1_414' title='bbox 2377 2961 2406 2997; x_wconf 89' lang='lat' dir='ltr'><strong>a</strong></span> <span class='ocrx_word' id='word_1_415' title='bbox 2441 2946 2660 3002; x_wconf 88' lang='lat' dir='ltr'><strong>vinculo</strong></span> <span class='ocrx_word' id='word_1_416' title='bbox 2688 2948 2972 3004; x_wconf 80' lang='lat' dir='ltr'><strong>citaritatis</strong></span> <span class='ocrx_word' id='word_1_417' title='bbox 3004 2950 3299 3017; x_wconf 86' lang='lat' dir='ltr'><strong>invenitur;</strong></span> <span class='ocrx_word' id='word_1_418' title='bbox 3353 2954 3399 3007; x_wconf 89' lang='lat' dir='ltr'><strong>si</strong></span> <span class='ocrx_word' id='word_1_419' title='bbox 3452 2965 3624 3010; x_wconf 90' lang='lat' dir='ltr'><strong>autem</strong></span> <span class='ocrx_word' id='word_1_420' title='bbox 3670 2966 3790 3008; x_wconf 80' lang='lat' dir='ltr'><strong>mens</strong></span> 
     </span>
    </p>
   </div>
   <div class='ocr_carea' id='block_1_60' title="bbox 2229 3036 3789 3113">
    <p class='ocr_par' dir='ltr' id='par_1_60' title="bbox 2229 3036 3789 3113">
     <span class='ocr_line' id='line_1_60' title="bbox 2229 3036 3789 3113; baseline 0.005 -24"><span class='ocrx_word' id='word_1_421' title='bbox 2229 3036 2323 3090; x_wconf 88' lang='lat' dir='ltr'><strong>Dei</strong></span> <span class='ocrx_word' id='word_1_422' title='bbox 2353 3052 2417 3090; x_wconf 91' lang='lat' dir='ltr'><strong>ac</strong></span> <span class='ocrx_word' id='word_1_423' title='bbox 2440 3039 2673 3106; x_wconf 85' lang='lat' dir='ltr'><strong>proximi</strong></span> <span class='ocrx_word' id='word_1_424' title='bbox 2726 3039 3022 3097; x_wconf 89' lang='lat' dir='ltr'><strong>dilectione</strong></span> <span class='ocrx_word' id='word_1_425' title='bbox 3062 3045 3472 3113; x_wconf 79' lang='lat' dir='ltr'><strong>constringitur,</strong></span> <span class='ocrx_word' id='word_1_426' title='bbox 3506 3061 3622 3099; x_wconf 89' lang='lat' dir='ltr'><strong>cum</strong></span> <span class='ocrx_word' id='word_1_427' title='bbox 3652 3044 3789 3099; x_wconf 81' lang='lat' dir='ltr'><strong>tenta-</strong></span> 
     </span>
    </p>
   </div>
   <div class='ocr_carea' id='block_1_61' title="bbox 2230 3131 3788 3205">
    <p class='ocr_par' dir='ltr' id='par_1_61' title="bbox 2230 3131 3788 3205">
     <span class='ocr_line' id='line_1_61' title="bbox 2230 3131 3788 3205; baseline 0.004 -25"><span class='ocrx_word' id='word_1_428' title='bbox 2230 3131 2440 3183; x_wconf 81' lang='lat' dir='ltr'><strong>tionum</strong></span> <span class='ocrx_word' id='word_1_429' title='bbox 2479 3143 2659 3186; x_wconf 87' lang='lat' dir='ltr'><strong>motus</strong></span> <span class='ocrx_word' id='word_1_430' title='bbox 2706 3133 2958 3202; x_wconf 72' lang='lat' dir='ltr'><strong>qumlibet</strong></span> <span class='ocrx_word' id='word_1_431' title='bbox 2985 3136 3033 3189; x_wconf 90' lang='lat' dir='ltr'><strong>ei</strong></span> <span class='ocrx_word' id='word_1_432' title='bbox 3063 3134 3258 3204; x_wconf 89' lang='lat' dir='ltr'><strong>injusta</strong></span> <span class='ocrx_word' id='word_1_433' title='bbox 3288 3138 3669 3205; x_wconf 48' lang='lat' dir='ltr'><strong>suggesserim,</strong></span> <span class='ocrx_word' id='word_1_434' title='bbox 3695 3136 3788 3188; x_wconf 87' lang='lat' dir='ltr'><strong>obi-</strong></span> 
     </span>
    </p>
   </div>
   <div class='ocr_carea' id='block_1_62' title="bbox 529 3223 2123 3303">
    <p class='ocr_par' dir='ltr' id='par_1_62' title="bbox 529 3235 2123 3303">
     <span class='ocr_line' id='line_1_62' title="bbox 529 3235 2123 3303; baseline 0.009 -30"><span class='ocrx_word' id='word_1_435' title='bbox 529 3239 723 3291; x_wconf 83' lang='lat' dir='ltr'><strong>gttosco</strong></span> <span class='ocrx_word' id='word_1_436' title='bbox 749 3242 811 3279; x_wconf 72' lang='lat' dir='ltr'><strong>ex</strong></span> <span class='ocrx_word' id='word_1_437' title='bbox 840 3238 1008 3295; x_wconf 83' lang='lat' dir='ltr'><strong>parte,</strong></span> <span class='ocrx_word' id='word_1_438' title='bbox 1040 3238 1161 3281; x_wconf 86' lang='lat' dir='ltr'><strong>tunc</strong></span> <span class='ocrx_word' id='word_1_439' title='bbox 1187 3241 1357 3282; x_wconf 81' lang='lat' dir='ltr'><strong>autem</strong></span> <span class='ocrx_word' id='word_1_440' title='bbox 1381 3247 1681 3301; x_wconf 86' lang='lat' dir='ltr'><strong>cognoscam</strong></span> <span class='ocrx_word' id='word_1_441' title='bbox 1708 3235 1840 3286; x_wconf 84' lang='lat' dir='ltr'><strong>sicut</strong></span> <span class='ocrx_word' id='word_1_442' title='bbox 1876 3243 1921 3287; x_wconf 84' lang='lat' dir='ltr'><strong>ct</strong></span> <span class='ocrx_word' id='word_1_443' title='bbox 1948 3235 2123 3303; x_wconf 81' lang='lat' dir='ltr'><strong>cogni-</strong></span> 
     </span>
    </p>
   </div>
   <div class='ocr_carea' id='block_1_63' title="bbox 2226 3223 3790 3303">
    <p class='ocr_par' dir='ltr' id='par_1_63' title="bbox 2232 3223 3790 3297">
     <span class='ocr_line' id='line_1_63' title="bbox 2232 3223 3790 3297; baseline 0.003 -22"><span class='ocrx_word' id='word_1_444' title='bbox 2232 3237 2350 3277; x_wconf 89' lang='lat' dir='ltr'><strong>cem</strong></span> <span class='ocrx_word' id='word_1_445' title='bbox 2378 3238 2438 3278; x_wconf 86' lang='lat' dir='ltr'><strong>se</strong></span> <span class='ocrx_word' id='word_1_446' title='bbox 2466 3223 2571 3277; x_wconf 90' lang='lat' dir='ltr'><strong>illis</strong></span> <span class='ocrx_word' id='word_1_447' title='bbox 2603 3225 2716 3293; x_wconf 91' lang='lat' dir='ltr'><strong>ipsa</strong></span> <span class='ocrx_word' id='word_1_448' title='bbox 2741 3225 2956 3279; x_wconf 86' lang='lat' dir='ltr'><strong>dilectio</strong></span> <span class='ocrx_word' id='word_1_449' title='bbox 2987 3227 3235 3295; x_wconf 82' lang='lat' dir='ltr'><strong>opponit.</strong></span> <span class='ocrx_word' id='word_1_450' title='bbox 3270 3237 3326 3281; x_wconf 90' lang='lat' dir='ltr'><strong>et</strong></span> <span class='ocrx_word' id='word_1_451' title='bbox 3353 3243 3537 3297; x_wconf 71' lang='lat' dir='ltr'><strong>prava:</strong></span> <span class='ocrx_word' id='word_1_452' title='bbox 3560 3224 3790 3282; x_wconf 87' lang='lat' dir='ltr'><strong>suasionis</strong></span> 
     </span>
    </p>
   </div>
   <div class='ocr_carea' id='block_1_64' title="bbox 529 3306 2125 3397">
    <p class='ocr_par' dir='ltr' id='par_1_64' title="bbox 529 3306 2125 3397">
     <span class='ocr_line' id='line_1_64' title="bbox 529 3306 2125 3397; baseline 0.008 -32"><span class='ocrx_word' id='word_1_453' title='bbox 529 3322 610 3397; x_wconf 68' lang='lat' dir='ltr'><strong>tua</strong></span> <span class='ocrx_word' id='word_1_454' title='bbox 639 3329 751 3367; x_wconf 82' lang='lat' dir='ltr'><strong>sum</strong></span> <span class='ocrx_word' id='word_1_455' title='bbox 784 3315 835 3386; x_wconf 91' lang='grc' dir='ltr'><strong>(Ι</strong></span> <span class='ocrx_word' id='word_1_456' title='bbox 869 3315 988 3371; x_wconf 83' lang='lat' dir='ltr'><strong>Cor.</strong></span> <span class='ocrx_word' id='word_1_457' title='bbox 1025 3334 1138 3382; x_wconf 85' lang='grc' dir='ltr'>ιιιιι,</span> <span class='ocrx_word' id='word_1_458' title='bbox 1176 3306 1285 3391; x_wconf 63' lang='lat' dir='ltr'><strong>lii).</strong></span> <span class='ocrx_word' id='word_1_459' title='bbox 1314 3320 1413 3388; x_wconf 86' lang='lat' dir='ltr'><strong>Qui</strong></span> <span class='ocrx_word' id='word_1_460' title='bbox 1448 3322 1491 3375; x_wconf 89' lang='lat' dir='ltr'><strong>si</strong></span> <span class='ocrx_word' id='word_1_461' title='bbox 1520 3337 1580 3376; x_wconf 88' lang='lat' dir='ltr'><strong>se</strong></span> <span class='ocrx_word' id='word_1_462' title='bbox 1613 3332 1634 3360; x_wconf 74' lang='grc' dir='ltr'>ε</span> <span class='ocrx_word' id='word_1_463' title='bbox 1670 3323 1735 3375; x_wconf 90' lang='lat' dir='ltr'><strong>ad</strong></span> <span class='ocrx_word' id='word_1_464' title='bbox 1768 3324 2125 3392; x_wconf 73' lang='lat' dir='ltr'><strong>Comprehen-</strong></span> 
     </span>
    </p>
   </div>
   <div class='ocr_carea' id='block_1_65' title="bbox 530 3404 2126 3479">
    <p class='ocr_par' dir='ltr' id='par_1_65' title="bbox 530 3404 2126 3479">
     <span class='ocr_line' id='line_1_65' title="bbox 530 3404 2126 3479; baseline 0.011 -26"><span class='ocrx_word' id='word_1_465' title='bbox 530 3404 702 3457; x_wconf 74' lang='lat' dir='ltr'><strong>tleuda</strong></span> <span class='ocrx_word' id='word_1_466' title='bbox 727 3410 969 3463; x_wconf 49' lang='lat' dir='ltr'><strong>emicatia</strong></span> <span class='ocrx_word' id='word_1_467' title='bbox 1018 3412 1273 3465; x_wconf 81' lang='lat' dir='ltr'><strong>infantem</strong></span> <span class='ocrx_word' id='word_1_468' title='bbox 1331 3427 1437 3467; x_wconf 92' lang='lat' dir='ltr'><strong>non</strong></span> <span class='ocrx_word' id='word_1_469' title='bbox 1493 3423 1760 3479; x_wconf 87' lang='lat' dir='ltr'><strong>cerneret,</strong></span> <span class='ocrx_word' id='word_1_470' title='bbox 1812 3416 1984 3469; x_wconf 80' lang='lat' dir='ltr'><strong>aetatis</strong></span> <span class='ocrx_word' id='word_1_471' title='bbox 2013 3432 2126 3471; x_wconf 80' lang='lat' dir='ltr'><strong>suae</strong></span> 
     </span>
    </p>
   </div>
   <div class='ocr_carea' id='block_1_66' title="bbox 527 3490 2125 3575">
    <p class='ocr_par' dir='ltr' id='par_1_66' title="bbox 527 3490 2125 3575">
     <span class='ocr_line' id='line_1_66' title="bbox 527 3490 2125 3575; baseline 0.006 -23"><span class='ocrx_word' id='word_1_472' title='bbox 527 3497 692 3569; x_wconf 73' lang='lat'><strong>916</strong></span> <span class='ocrx_word' id='word_1_473' title='bbox 720 3490 787 3554; x_wconf 85' lang='lat' dir='ltr'><strong>ad</strong></span> <span class='ocrx_word' id='word_1_474' title='bbox 818 3501 931 3555; x_wconf 84' lang='lat' dir='ltr'><strong>haec</strong></span> <span class='ocrx_word' id='word_1_475' title='bbox 959 3506 1415 3567; x_wconf 81' lang='lat' dir='ltr'><strong>comparationem</strong></span> <span class='ocrx_word' id='word_1_476' title='bbox 1448 3507 1595 3559; x_wconf 92' lang='lat' dir='ltr'><strong>nullo</strong></span> <span class='ocrx_word' id='word_1_477' title='bbox 1618 3509 1779 3560; x_wconf 90' lang='lat' dir='ltr'><strong>modo</strong></span> <span class='ocrx_word' id='word_1_478' title='bbox 1833 3507 2125 3575; x_wconf 74' lang='lat' dir='ltr'><strong>praemisis-</strong></span> 
     </span>
    </p>
   </div>
   <div class='ocr_carea' id='block_1_67' title="bbox 529 3592 2124 3669">
    <p class='ocr_par' dir='ltr' id='par_1_67' title="bbox 529 3592 2124 3669">
     <span class='ocr_line' id='line_1_67' title="bbox 529 3592 2124 3669; baseline 0.009 -26"><span class='ocrx_word' id='word_1_479' title='bbox 529 3602 631 3661; x_wconf 90' lang='lat' dir='ltr'><strong>set,</strong></span> <span class='ocrx_word' id='word_1_480' title='bbox 662 3592 886 3649; x_wconf 89' lang='lat' dir='ltr'><strong>dicens:</strong></span> <span class='ocrx_word' id='word_1_481' title='bbox 912 3596 1040 3649; x_wconf 87' lang='lat' dir='ltr'><strong>Cum</strong></span> <span class='ocrx_word' id='word_1_482' title='bbox 1068 3613 1227 3651; x_wconf 79' lang='lat' dir='ltr'><strong>essem</strong></span> <span class='ocrx_word' id='word_1_483' title='bbox 1259 3598 1529 3664; x_wconf 84' lang='lat' dir='ltr'><strong>parvulus,</strong></span> <span class='ocrx_word' id='word_1_484' title='bbox 1577 3599 1818 3667; x_wconf 85' lang='lat' dir='ltr'><strong>loquebar</strong></span> <span class='ocrx_word' id='word_1_485' title='bbox 1845 3610 1901 3655; x_wconf 82' lang='lat' dir='ltr'><strong>ut</strong></span> <span class='ocrx_word' id='word_1_486' title='bbox 1933 3619 2124 3669; x_wconf 82' lang='lat' dir='ltr'><strong>porru-</strong></span> 
     </span>
    </p>
   </div>
   <div class='ocr_carea' id='block_1_68' title="bbox 529 3683 2121 3765">
    <p class='ocr_par' dir='ltr' id='par_1_68' title="bbox 529 3683 2121 3765">
     <span class='ocr_line' id='line_1_68' title="bbox 529 3683 2121 3765; baseline 0.007 -29"><span class='ocrx_word' id='word_1_487' title='bbox 529 3683 629 3750; x_wconf 83' lang='lat' dir='ltr'><strong>lus,</strong></span> <span class='ocrx_word' id='word_1_488' title='bbox 664 3688 925 3756; x_wconf 86' lang='lat' dir='ltr'><strong>sapiebam</strong></span> <span class='ocrx_word' id='word_1_489' title='bbox 980 3697 1035 3741; x_wconf 84' lang='lat' dir='ltr'><strong>ut</strong></span> <span class='ocrx_word' id='word_1_490' title='bbox 1090 3692 1353 3765; x_wconf 85' lang='lat' dir='ltr'><strong>paruulus,</strong></span> <span class='ocrx_word' id='word_1_491' title='bbox 1408 3692 1697 3759; x_wconf 85' lang='lat' dir='ltr'><strong>cogitabam</strong></span> <span class='ocrx_word' id='word_1_492' title='bbox 1752 3702 1807 3744; x_wconf 87' lang='lat' dir='ltr'><strong>ut</strong></span> <span class='ocrx_word' id='word_1_493' title='bbox 1856 3693 2121 3763; x_wconf 87' lang='lat' dir='ltr'><strong>parvulus.</strong></span> 
     </span>
    </p>
   </div>
   <div class='ocr_carea' id='block_1_69' title="bbox 534 3774 2124 3855">
    <p class='ocr_par' dir='ltr' id='par_1_69' title="bbox 534 3774 2124 3855">
     <span class='ocr_line' id='line_1_69' title="bbox 534 3774 2124 3855; baseline 0.007 -26"><span class='ocrx_word' id='word_1_494' title='bbox 534 3774 687 3855; x_wconf 52' lang='lat' dir='ltr'><strong>fl‘unc</strong></span> <span class='ocrx_word' id='word_1_495' title='bbox 707 3794 840 3849; x_wconf 86' lang='lat' dir='ltr'><strong>ergo</strong></span> <span class='ocrx_word' id='word_1_496' title='bbox 860 3783 925 3834; x_wconf 88' lang='lat' dir='ltr'><strong>ad</strong></span> <span class='ocrx_word' id='word_1_497' title='bbox 954 3781 1120 3839; x_wconf 86' lang='lat' dir='ltr'><strong>robur</strong></span> <span class='ocrx_word' id='word_1_498' title='bbox 1132 3782 1373 3850; x_wconf 68' lang='lat' dir='ltr'><strong>juvenile</strong></span> <span class='ocrx_word' id='word_1_499' title='bbox 1397 3784 1832 3849; x_wconf 85' lang='lat' dir='ltr'><strong>conscendimus,</strong></span> <span class='ocrx_word' id='word_1_500' title='bbox 1858 3800 1979 3840; x_wconf 90' lang='lat' dir='ltr'><strong>cum</strong></span> <span class='ocrx_word' id='word_1_501' title='bbox 2000 3785 2124 3840; x_wconf 86' lang='lat' dir='ltr'><strong>furti</strong></span> 
     </span>
    </p>
   </div>
   <div class='ocr_carea' id='block_1_70' title="bbox 530 3872 2126 3941">
    <p class='ocr_par' dir='ltr' id='par_1_70' title="bbox 530 3872 2126 3941">
     <span class='ocr_line' id='line_1_70' title="bbox 530 3872 2126 3941; baseline 0.008 -22"><span class='ocrx_word' id='word_1_502' title='bbox 530 3880 692 3921; x_wconf 88' lang='lat' dir='ltr'><strong>sensu</strong></span> <span class='ocrx_word' id='word_1_503' title='bbox 723 3886 840 3925; x_wconf 80' lang='lat' dir='ltr'><strong>eam</strong></span> <span class='ocrx_word' id='word_1_504' title='bbox 872 3872 937 3923; x_wconf 86' lang='lat' dir='ltr'><strong>ad</strong></span> <span class='ocrx_word' id='word_1_505' title='bbox 964 3888 1123 3939; x_wconf 88' lang='lat' dir='ltr'><strong>quam</strong></span> <span class='ocrx_word' id='word_1_506' title='bbox 1155 3873 1427 3927; x_wconf 88' lang='lat' dir='ltr'><strong>tendimus</strong></span> <span class='ocrx_word' id='word_1_507' title='bbox 1469 3874 1631 3927; x_wconf 87' lang='lat' dir='ltr'><strong>vitam</strong></span> <span class='ocrx_word' id='word_1_508' title='bbox 1658 3874 1937 3941; x_wconf 81' lang='lat' dir='ltr'><strong>videmus;</strong></span> <span class='ocrx_word' id='word_1_509' title='bbox 1985 3892 2126 3931; x_wconf 88' lang='lat' dir='ltr'><strong>nunc</strong></span> 
     </span>
    </p>
   </div>
   <div class='ocr_carea' id='block_1_71' title="bbox 530 3963 2123 4033">
    <p class='ocr_par' dir='ltr' id='par_1_71' title="bbox 530 3963 2123 4033">
     <span class='ocr_line' id='line_1_71' title="bbox 530 3963 2123 4033; baseline 0.007 -22"><span class='ocrx_word' id='word_1_510' title='bbox 530 3971 710 4015; x_wconf 87' lang='lat' dir='ltr'><strong>autem</strong></span> <span class='ocrx_word' id='word_1_511' title='bbox 733 3964 853 4033; x_wconf 81' lang='lat' dir='ltr'><strong>quia</strong></span> <span class='ocrx_word' id='word_1_512' title='bbox 879 3963 1192 4018; x_wconf 86' lang='lat' dir='ltr'><strong>intentionis</strong></span> <span class='ocrx_word' id='word_1_513' title='bbox 1224 3976 1425 4020; x_wconf 70' lang='lat' dir='ltr'><strong>nostra:</strong></span> <span class='ocrx_word' id='word_1_514' title='bbox 1456 3965 1602 4020; x_wconf 82' lang='lat' dir='ltr'><strong>acies</strong></span> <span class='ocrx_word' id='word_1_515' title='bbox 1637 3980 1729 4033; x_wconf 90' lang='lat' dir='ltr'><strong>per</strong></span> <span class='ocrx_word' id='word_1_516' title='bbox 1758 3968 2123 4022; x_wconf 72' lang='lat' dir='ltr'><strong>infirmitatem</strong></span> 
     </span>
    </p>
   </div>
   <div class='ocr_carea' id='block_1_72' title="bbox 533 4053 2124 4130">
    <p class='ocr_par' dir='ltr' id='par_1_72' title="bbox 533 4053 2124 4130">
     <span class='ocr_line' id='line_1_72' title="bbox 533 4053 2124 4130; baseline 0.008 -27"><span class='ocrx_word' id='word_1_517' title='bbox 533 4064 683 4105; x_wconf 87' lang='lat' dir='ltr'><strong>suam</strong></span> <span class='ocrx_word' id='word_1_518' title='bbox 716 4053 784 4107; x_wconf 90' lang='lat' dir='ltr'><strong>ab</strong></span> <span class='ocrx_word' id='word_1_519' title='bbox 815 4057 1023 4113; x_wconf 86' lang='lat' dir='ltr'><strong>interna</strong></span> <span class='ocrx_word' id='word_1_520' title='bbox 1059 4054 1180 4111; x_wconf 89' lang='lat' dir='ltr'><strong>luce</strong></span> <span class='ocrx_word' id='word_1_521' title='bbox 1208 4058 1535 4123; x_wconf 86' lang='lat' dir='ltr'><strong>retunditur,</strong></span> <span class='ocrx_word' id='word_1_522' title='bbox 1572 4073 1723 4112; x_wconf 89' lang='lat' dir='ltr'><strong>mens</strong></span> <span class='ocrx_word' id='word_1_523' title='bbox 1753 4068 1935 4112; x_wconf 87' lang='lat' dir='ltr'><strong>nostra</strong></span> <span class='ocrx_word' id='word_1_524' title='bbox 1966 4060 2124 4130; x_wconf 82' lang='lat' dir='ltr'><strong>ligata</strong></span> 
     </span>
    </p>
   </div>
   <div class='ocr_carea' id='block_1_73' title="bbox 532 4142 1942 4220">
    <p class='ocr_par' dir='ltr' id='par_1_73' title="bbox 532 4142 1942 4220">
     <span class='ocr_line' id='line_1_73' title="bbox 532 4142 1942 4220; baseline 0.008 -25"><span class='ocrx_word' id='word_1_525' title='bbox 532 4142 771 4198; x_wconf 72' lang='lat' dir='ltr'><strong>infantia:</strong></span> <span class='ocrx_word' id='word_1_526' title='bbox 794 4147 983 4215; x_wconf 90' lang='lat' dir='ltr'><strong>pannis</strong></span> <span class='ocrx_word' id='word_1_527' title='bbox 1011 4155 1242 4201; x_wconf 88' lang='lat' dir='ltr'><strong>tenetur.</strong></span> <span class='ocrx_word' id='word_1_528' title='bbox 1279 4149 1378 4204; x_wconf 90' lang='lat' dir='ltr'><strong>Ubi</strong></span> <span class='ocrx_word' id='word_1_529' title='bbox 1405 4161 1529 4215; x_wconf 87' lang='lat' dir='ltr'><strong>apte</strong></span> <span class='ocrx_word' id='word_1_530' title='bbox 1558 4150 1897 4220; x_wconf 83' lang='lat' dir='ltr'><strong>subjungitur</strong></span> <span class='ocrx_word' id='word_1_531' title='bbox 1928 4169 1942 4205; x_wconf 90' lang='lat'><strong>:</strong></span> 
     </span>
    </p>
   </div>
   <div class='ocr_carea' id='block_1_74' title="bbox 1127 4240 1540 4295">
    <p class='ocr_par' dir='ltr' id='par_1_74' title="bbox 1127 4240 1540 4295">
     <span class='ocr_line' id='line_1_74' title="bbox 1127 4240 1540 4295; baseline 0.002 -1"><span class='ocrx_word' id='word_1_532' title='bbox 1127 4240 1353 4295; x_wconf 79' lang='lat' dir='ltr'><strong>CAPUT</strong></span> <span class='ocrx_word' id='word_1_533' title='bbox 1394 4240 1540 4295; x_wconf 78' lang='grc' dir='ltr'><strong>ΧΧΙ.</strong></span> 
     </span>
    </p>
   </div>
   <div class='ocr_carea' id='block_1_75' title="bbox 606 4320 1907 4392">
    <p class='ocr_par' dir='ltr' id='par_1_75' title="bbox 606 4320 1907 4392">
     <span class='ocr_line' id='line_1_75' title="bbox 606 4320 1907 4392; baseline 0.007 -9"><span class='ocrx_word' id='word_1_534' title='bbox 606 4320 775 4387; x_wconf 75' lang='lat' dir='ltr'><strong>Vens.</strong></span> <span class='ocrx_word' id='word_1_535' title='bbox 802 4332 890 4387; x_wconf 81' lang='grc'><strong>10.</strong></span> <span class='ocrx_word' id='word_1_536' title='bbox 914 4366 979 4377; x_wconf 74' lang='lat'><strong>—-</strong></span> <span class='ocrx_word' id='word_1_537' title='bbox 1010 4334 1337 4388; x_wconf 76' lang='lat' dir='ltr'><strong>Ltrcuntdedi</strong></span> <span class='ocrx_word' id='word_1_538' title='bbox 1362 4336 1493 4389; x_wconf 84' lang='lat' dir='ltr'><strong>illud</strong></span> <span class='ocrx_word' id='word_1_539' title='bbox 1516 4337 1745 4390; x_wconf 85' lang='lat' dir='ltr'><strong>terminis</strong></span> <span class='ocrx_word' id='word_1_540' title='bbox 1766 4338 1907 4392; x_wconf 84' lang='lat' dir='ltr'><strong>meis.</strong></span> 
     </span>
    </p>
   </div>
   <div class='ocr_carea' id='block_1_76' title="bbox 603 4421 2123 4497">
    <p class='ocr_par' dir='ltr' id='par_1_76' title="bbox 603 4421 2123 4497">
     <span class='ocr_line' id='line_1_76' title="bbox 603 4421 2123 4497; baseline 0.009 -23"><span class='ocrx_word' id='word_1_541' title='bbox 603 4421 699 4497; x_wconf 5' lang='lat'><strong>45.,</strong></span> <span class='ocrx_word' id='word_1_542' title='bbox 729 4422 832 4490; x_wconf 85' lang='lat' dir='ltr'><strong>Qui</strong></span> <span class='ocrx_word' id='word_1_543' title='bbox 861 4425 1067 4477; x_wconf 87' lang='lat' dir='ltr'><strong>termini</strong></span> <span class='ocrx_word' id='word_1_544' title='bbox 1096 4425 1216 4478; x_wconf 87' lang='lat' dir='ltr'><strong>ltuic</strong></span> <span class='ocrx_word' id='word_1_545' title='bbox 1245 4427 1378 4479; x_wconf 68' lang='lat' dir='ltr'><strong>mari</strong></span> <span class='ocrx_word' id='word_1_546' title='bbox 1408 4428 1580 4494; x_wconf 81' lang='lat' dir='ltr'><strong>positi.</strong></span> <span class='ocrx_word' id='word_1_547' title='bbox 1600 4427 1950 4484; x_wconf 84' lang='lat' dir='ltr'><strong>-——Tertninis</strong></span> <span class='ocrx_word' id='word_1_548' title='bbox 1980 4432 2123 4487; x_wconf 76' lang='lat' dir='ltr'><strong>enim</strong></span> 
     </span>
    </p>
   </div>
   <div class='ocr_carea' id='block_1_77' title="bbox 531 4513 2122 4589">
    <p class='ocr_par' dir='ltr' id='par_1_77' title="bbox 531 4513 2122 4589">
     <span class='ocr_line' id='line_1_77' title="bbox 531 4513 2122 4589; baseline 0.007 -22"><span class='ocrx_word' id='word_1_549' title='bbox 531 4514 645 4589; x_wconf 82' lang='lat' dir='ltr'><strong>suis</strong></span> <span class='ocrx_word' id='word_1_550' title='bbox 673 4513 933 4569; x_wconf 90' lang='lat' dir='ltr'><strong>Dominus</strong></span> <span class='ocrx_word' id='word_1_551' title='bbox 957 4516 1057 4570; x_wconf 84' lang='lat' dir='ltr'><strong>ltoc</strong></span> <span class='ocrx_word' id='word_1_552' title='bbox 1088 4532 1238 4573; x_wconf 84' lang='lat' dir='ltr'><strong>mare</strong></span> <span class='ocrx_word' id='word_1_553' title='bbox 1265 4518 1579 4589; x_wconf 70' lang='lat' dir='ltr'><strong>circumdat,</strong></span> <span class='ocrx_word' id='word_1_554' title='bbox 1608 4520 1729 4588; x_wconf 88' lang='lat' dir='ltr'><strong>quia</strong></span> <span class='ocrx_word' id='word_1_555' title='bbox 1758 4534 1852 4574; x_wconf 89' lang='lat' dir='ltr'><strong>cor</strong></span> <span class='ocrx_word' id='word_1_556' title='bbox 1880 4531 2122 4578; x_wconf 90' lang='lat' dir='ltr'><strong>nostrum</strong></span> 
     </span>
    </p>
   </div>
   <div class='ocr_carea' id='block_1_78' title="bbox 2233 3314 3787 3385">
    <p class='ocr_par' dir='ltr' id='par_1_78' title="bbox 2233 3314 3787 3385">
     <span class='ocr_line' id='line_1_78' title="bbox 2233 3314 3787 3385; baseline -0.001 -17"><span class='ocrx_word' id='word_1_557' title='bbox 2233 3316 2401 3369; x_wconf 87' lang='lat' dir='ltr'><strong>nudas</strong></span> <span class='ocrx_word' id='word_1_558' title='bbox 2433 3317 2685 3370; x_wconf 86' lang='lat' dir='ltr'><strong>virtutum</strong></span> <span class='ocrx_word' id='word_1_559' title='bbox 2720 3317 2872 3372; x_wconf 81' lang='lat' dir='ltr'><strong>ostiis</strong></span> <span class='ocrx_word' id='word_1_560' title='bbox 2894 3335 2955 3372; x_wconf 83' lang='lat' dir='ltr'><strong>ac</strong></span> <span class='ocrx_word' id='word_1_561' title='bbox 2985 3332 3135 3374; x_wconf 81' lang='lat' dir='ltr'><strong>veCIe</strong></span> <span class='ocrx_word' id='word_1_562' title='bbox 3158 3320 3337 3374; x_wconf 91' lang='lat' dir='ltr'><strong>intimi</strong></span> <span class='ocrx_word' id='word_1_563' title='bbox 3373 3314 3579 3374; x_wconf 87' lang='lat' dir='ltr'><strong>amoris</strong></span> <span class='ocrx_word' id='word_1_564' title='bbox 3606 3320 3787 3385; x_wconf 74' lang='lat' dir='ltr'><strong>frangit.</strong></span> 
     </span>
    </p>
   </div>
   <div class='ocr_carea' id='block_1_79' title="bbox 2231 3402 3791 3479">
    <p class='ocr_par' dir='ltr' id='par_1_79' title="bbox 2231 3402 3791 3479">
     <span class='ocr_line' id='line_1_79' title="bbox 2231 3402 3791 3479; baseline -0.001 -20"><span class='ocrx_word' id='word_1_565' title='bbox 2231 3405 2375 3477; x_wconf 68' lang='grc' dir='ltr'><strong>[γει.</strong></span> <span class='ocrx_word' id='word_1_566' title='bbox 2426 3404 2578 3477; x_wconf 54' lang='lat' dir='ltr'><strong>XL]</strong></span> <span class='ocrx_word' id='word_1_567' title='bbox 2624 3409 2761 3474; x_wconf 79' lang='lat' dir='ltr'><strong>Quia</strong></span> <span class='ocrx_word' id='word_1_568' title='bbox 2786 3423 2914 3479; x_wconf 83' lang='lat' dir='ltr'><strong>ergo</strong></span> <span class='ocrx_word' id='word_1_569' title='bbox 2946 3409 3204 3464; x_wconf 89' lang='lat' dir='ltr'><strong>Dominus</strong></span> <span class='ocrx_word' id='word_1_570' title='bbox 3238 3408 3331 3478; x_wconf 84' lang='lat' dir='ltr'><strong>per</strong></span> <span class='ocrx_word' id='word_1_571' title='bbox 3357 3410 3632 3479; x_wconf 75' lang='lat' dir='ltr'><strong>inSpirata:</strong></span> <span class='ocrx_word' id='word_1_572' title='bbox 3655 3402 3791 3463; x_wconf 62' lang='lat' dir='ltr'><strong>citari</strong></span> 
     </span>
    </p>
   </div>
   <div class='ocr_carea' id='block_1_80' title="bbox 2232 3491 3783 3572">
    <p class='ocr_par' dir='ltr' id='par_1_80' title="bbox 2232 3491 3783 3572">
     <span class='ocr_line' id='line_1_80' title="bbox 2232 3491 3783 3572; baseline 0.001 -19"><span class='ocrx_word' id='word_1_573' title='bbox 2232 3491 2354 3554; x_wconf 84' lang='lat' dir='ltr'><strong>tatis</strong></span> <span class='ocrx_word' id='word_1_574' title='bbox 2385 3501 2747 3557; x_wconf 71' lang='lat' dir='ltr'><strong>forthudinetn</strong></span> <span class='ocrx_word' id='word_1_575' title='bbox 2788 3503 3061 3557; x_wconf 85' lang='lat' dir='ltr'><strong>nascentia</strong></span> <span class='ocrx_word' id='word_1_576' title='bbox 3101 3503 3153 3557; x_wconf 92' lang='lat' dir='ltr'><strong>in</strong></span> <span class='ocrx_word' id='word_1_577' title='bbox 3192 3502 3358 3559; x_wconf 91' lang='lat' dir='ltr'><strong>corde</strong></span> <span class='ocrx_word' id='word_1_578' title='bbox 3389 3505 3518 3559; x_wconf 90' lang='lat' dir='ltr'><strong>vitia</strong></span> <span class='ocrx_word' id='word_1_579' title='bbox 3551 3494 3783 3572; x_wconf 85' lang='lat' dir='ltr'><strong>reprimit,</strong></span> 
     </span>
    </p>
   </div>
   <div class='ocr_carea' id='block_1_81' title="bbox 2228 3593 3788 3664">
    <p class='ocr_par' dir='ltr' id='par_1_81' title="bbox 2228 3593 3788 3664">
     <span class='ocr_line' id='line_1_81' title="bbox 2228 3593 3788 3664; baseline -0.001 -17"><span class='ocrx_word' id='word_1_580' title='bbox 2228 3594 2558 3662; x_wconf 76' lang='lat' dir='ltr'><strong>insurgentis</strong></span> <span class='ocrx_word' id='word_1_581' title='bbox 2581 3593 2743 3649; x_wconf 88' lang='lat' dir='ltr'><strong>maris</strong></span> <span class='ocrx_word' id='word_1_582' title='bbox 2760 3594 3017 3664; x_wconf 85' lang='lat' dir='ltr'><strong>impetum</strong></span> <span class='ocrx_word' id='word_1_583' title='bbox 3045 3611 3137 3664; x_wconf 89' lang='lat' dir='ltr'><strong>per</strong></span> <span class='ocrx_word' id='word_1_584' title='bbox 3157 3596 3403 3651; x_wconf 87' lang='lat' dir='ltr'><strong>obserata</strong></span> <span class='ocrx_word' id='word_1_585' title='bbox 3421 3596 3648 3651; x_wconf 85' lang='lat' dir='ltr'><strong>claustra</strong></span> <span class='ocrx_word' id='word_1_586' title='bbox 3666 3606 3788 3649; x_wconf 90' lang='lat' dir='ltr'><strong>com-</strong></span> 
     </span>
    </p>
   </div>
   <div class='ocr_carea' id='block_1_82' title="bbox 2234 3680 3793 3755">
    <p class='ocr_par' dir='ltr' id='par_1_82' title="bbox 2234 3680 3793 3755">
     <span class='ocr_line' id='line_1_82' title="bbox 2234 3680 3793 3755; baseline 0 -20"><span class='ocrx_word' id='word_1_587' title='bbox 2234 3687 2419 3749; x_wconf 83' lang='lat' dir='ltr'><strong>pescit.</strong></span> <span class='ocrx_word' id='word_1_588' title='bbox 2442 3683 2522 3737; x_wconf 89' lang='lat' dir='ltr'><strong>lra</strong></span> <span class='ocrx_word' id='word_1_589' title='bbox 2548 3684 2777 3739; x_wconf 86' lang='lat' dir='ltr'><strong>fortasse</strong></span> <span class='ocrx_word' id='word_1_590' title='bbox 2806 3689 2857 3739; x_wconf 92' lang='lat' dir='ltr'><strong>in</strong></span> <span class='ocrx_word' id='word_1_591' title='bbox 2888 3686 3097 3739; x_wconf 86' lang='lat' dir='ltr'><strong>occulto</strong></span> <span class='ocrx_word' id='word_1_592' title='bbox 3119 3686 3435 3755; x_wconf 78' lang='lat' dir='ltr'><strong>exasperat;</strong></span> <span class='ocrx_word' id='word_1_593' title='bbox 3462 3686 3555 3742; x_wconf 87' lang='lat' dir='ltr'><strong>sed</strong></span> <span class='ocrx_word' id='word_1_594' title='bbox 3584 3700 3647 3739; x_wconf 92' lang='lat' dir='ltr'><strong>ne</strong></span> <span class='ocrx_word' id='word_1_595' title='bbox 3669 3680 3793 3754; x_wconf 84' lang='lat' dir='ltr'><strong>quies</strong></span> 
     </span>
    </p>
   </div>
   <div class='ocr_carea' id='block_1_83' title="bbox 2230 3776 3793 3847">
    <p class='ocr_par' dir='ltr' id='par_1_83' title="bbox 2230 3776 3793 3847">
     <span class='ocr_line' id='line_1_83' title="bbox 2230 3776 3793 3847; baseline -0.001 -18"><span class='ocrx_word' id='word_1_596' title='bbox 2230 3791 2461 3843; x_wconf 86' lang='lat' dir='ltr'><strong>superna</strong></span> <span class='ocrx_word' id='word_1_597' title='bbox 2496 3778 2769 3846; x_wconf 83' lang='lat' dir='ltr'><strong>perdatur,</strong></span> <span class='ocrx_word' id='word_1_598' title='bbox 2815 3778 3200 3847; x_wconf 87' lang='lat' dir='ltr'><strong>perturbationi</strong></span> <span class='ocrx_word' id='word_1_599' title='bbox 3238 3780 3435 3834; x_wconf 90' lang='lat' dir='ltr'><strong>mentis</strong></span> <span class='ocrx_word' id='word_1_600' title='bbox 3464 3776 3691 3833; x_wconf 84' lang='lat' dir='ltr'><strong>officium</strong></span> <span class='ocrx_word' id='word_1_601' title='bbox 3715 3776 3793 3829; x_wconf 82' lang='lat' dir='ltr'><strong>lin-</strong></span> 
     </span>
    </p>
   </div>
   <div class='ocr_carea' id='block_1_84' title="bbox 2236 3868 3793 3942">
    <p class='ocr_par' dir='ltr' id='par_1_84' title="bbox 2236 3868 3793 3942">
     <span class='ocr_line' id='line_1_84' title="bbox 2236 3868 3793 3942; baseline -0.001 -20"><span class='ocrx_word' id='word_1_602' title='bbox 2236 3886 2358 3940; x_wconf 70' lang='lat' dir='ltr'><strong>gua:</strong></span> <span class='ocrx_word' id='word_1_603' title='bbox 2388 3868 2742 3935; x_wconf 81' lang='lat' dir='ltr'><strong>subtrahitur,</strong></span> <span class='ocrx_word' id='word_1_604' title='bbox 2776 3886 2841 3925; x_wconf 90' lang='lat' dir='ltr'><strong>ne</strong></span> <span class='ocrx_word' id='word_1_605' title='bbox 2870 3887 3040 3940; x_wconf 90' lang='lat' dir='ltr'><strong>usque</strong></span> <span class='ocrx_word' id='word_1_606' title='bbox 3076 3871 3142 3925; x_wconf 89' lang='lat' dir='ltr'><strong>ad</strong></span> <span class='ocrx_word' id='word_1_607' title='bbox 3195 3887 3379 3926; x_wconf 82' lang='lat' dir='ltr'><strong>vocem</strong></span> <span class='ocrx_word' id='word_1_608' title='bbox 3412 3868 3588 3937; x_wconf 77' lang='lat' dir='ltr'><strong>exeat,</strong></span> <span class='ocrx_word' id='word_1_609' title='bbox 3606 3869 3729 3942; x_wconf 90' lang='lat' dir='ltr'><strong>quod</strong></span> <span class='ocrx_word' id='word_1_610' title='bbox 3754 3869 3793 3922; x_wconf 88' lang='lat' dir='ltr'><strong>in</strong></span> 
     </span>
    </p>
   </div>
   <div class='ocr_carea' id='block_1_85' title="bbox 2229 3954 3793 4019">
    <p class='ocr_par' dir='ltr' id='par_1_85' title="bbox 2229 3954 3793 4019">
     <span class='ocr_line' id='line_1_85' title="bbox 2229 3954 3793 4019; baseline -0.003 -3"><span class='ocrx_word' id='word_1_611' title='bbox 2229 3964 2347 4016; x_wconf 89' lang='lat' dir='ltr'><strong>sinu</strong></span> <span class='ocrx_word' id='word_1_612' title='bbox 2371 3963 2549 4017; x_wconf 89' lang='lat' dir='ltr'><strong>cordis</strong></span> <span class='ocrx_word' id='word_1_613' title='bbox 2576 3960 2962 4016; x_wconf 89' lang='lat' dir='ltr'><strong>tumultuosum</strong></span> <span class='ocrx_word' id='word_1_614' title='bbox 3008 3954 3185 4017; x_wconf 88' lang='lat' dir='ltr'><strong>sonat.</strong></span> <span class='ocrx_word' id='word_1_615' title='bbox 3242 3956 3480 4019; x_wconf 82' lang='lat' dir='ltr'><strong>Luxuria</strong></span> <span class='ocrx_word' id='word_1_616' title='bbox 3507 3962 3562 4018; x_wconf 92' lang='lat' dir='ltr'><strong>in</strong></span> <span class='ocrx_word' id='word_1_617' title='bbox 3600 3959 3793 4016; x_wconf 83' lang='lat' dir='ltr'><strong>occultis</strong></span> 
     </span>
    </p>
   </div>
   <div class='ocr_carea' id='block_1_86' title="bbox 2230 4052 3794 4125">
    <p class='ocr_par' dir='ltr' id='par_1_86' title="bbox 2230 4052 3794 4125">
     <span class='ocr_line' id='line_1_86' title="bbox 2230 4052 3794 4125; baseline -0.001 -20"><span class='ocrx_word' id='word_1_618' title='bbox 2230 4052 2643 4122; x_wconf 82' lang='lat' dir='ltr'><strong>cogitationibus</strong></span> <span class='ocrx_word' id='word_1_619' title='bbox 2679 4053 2705 4089; x_wconf 72' lang='grc' dir='ltr'>α</span> <span class='ocrx_word' id='word_1_620' title='bbox 2731 4054 3081 4120; x_wconf 89' lang='lat' dir='ltr'><strong>accenditur;</strong></span> <span class='ocrx_word' id='word_1_621' title='bbox 3121 4056 3215 4109; x_wconf 88' lang='lat' dir='ltr'><strong>sed</strong></span> <span class='ocrx_word' id='word_1_622' title='bbox 3271 4072 3338 4110; x_wconf 90' lang='lat' dir='ltr'><strong>ne</strong></span> <span class='ocrx_word' id='word_1_623' title='bbox 3362 4070 3649 4125; x_wconf 87' lang='lat' dir='ltr'><strong>supernam</strong></span> <span class='ocrx_word' id='word_1_624' title='bbox 3670 4068 3794 4106; x_wconf 88' lang='lat' dir='ltr'><strong>mun-</strong></span> 
     </span>
    </p>
   </div>
   <div class='ocr_carea' id='block_1_87' title="bbox 2230 4141 3795 4219">
    <p class='ocr_par' dir='ltr' id='par_1_87' title="bbox 2230 4141 3795 4219">
     <span class='ocr_line' id='line_1_87' title="bbox 2230 4141 3795 4219; baseline -0.003 -17"><span class='ocrx_word' id='word_1_625' title='bbox 2230 4149 2417 4203; x_wconf 80' lang='lat' dir='ltr'><strong>ditium</strong></span> <span class='ocrx_word' id='word_1_626' title='bbox 2444 4165 2594 4203; x_wconf 81' lang='lat' dir='ltr'><strong>mens</strong></span> <span class='ocrx_word' id='word_1_627' title='bbox 2623 4150 2853 4215; x_wconf 83' lang='lat' dir='ltr'><strong>amittat,</strong></span> <span class='ocrx_word' id='word_1_628' title='bbox 2883 4161 3159 4219; x_wconf 63' lang='lat' dir='ltr'><strong>conceptae</strong></span> <span class='ocrx_word' id='word_1_629' title='bbox 3205 4141 3559 4205; x_wconf 67' lang='lat' dir='ltr'><strong>ititmunditiae</strong></span> <span class='ocrx_word' id='word_1_630' title='bbox 3604 4165 3660 4202; x_wconf 79' lang='lat' dir='ltr'><strong>ea</strong></span> <span class='ocrx_word' id='word_1_631' title='bbox 3701 4160 3795 4215; x_wconf 72' lang='lat' dir='ltr'><strong>qua!</strong></span> 
     </span>
    </p>
   </div>
   <div class='ocr_carea' id='block_1_88' title="bbox 2229 4239 3794 4309">
    <p class='ocr_par' dir='ltr' id='par_1_88' title="bbox 2229 4239 3794 4309">
     <span class='ocr_line' id='line_1_88' title="bbox 2229 4239 3794 4309; baseline -0.004 -18"><span class='ocrx_word' id='word_1_632' title='bbox 2229 4239 2476 4294; x_wconf 84' lang='lat' dir='ltr'><strong>famulari</strong></span> <span class='ocrx_word' id='word_1_633' title='bbox 2507 4250 2755 4309; x_wconf 88' lang='lat' dir='ltr'><strong>poterant</strong></span> <span class='ocrx_word' id='word_1_634' title='bbox 2777 4240 3015 4295; x_wconf 87' lang='lat' dir='ltr'><strong>membra</strong></span> <span class='ocrx_word' id='word_1_635' title='bbox 3047 4240 3293 4308; x_wconf 83' lang='lat' dir='ltr'><strong>castigat,</strong></span> <span class='ocrx_word' id='word_1_636' title='bbox 3324 4254 3393 4294; x_wconf 83' lang='lat' dir='ltr'><strong>ne</strong></span> <span class='ocrx_word' id='word_1_637' title='bbox 3425 4255 3591 4307; x_wconf 78' lang='lat' dir='ltr'><strong>usque</strong></span> <span class='ocrx_word' id='word_1_638' title='bbox 3618 4240 3677 4291; x_wconf 84' lang='lat' dir='ltr'><strong>ad</strong></span> <span class='ocrx_word' id='word_1_639' title='bbox 3698 4248 3794 4288; x_wconf 87' lang='lat' dir='ltr'><strong>cor-</strong></span> 
     </span>
    </p>
   </div>
   <div class='ocr_carea' id='block_1_89' title="bbox 2231 4322 3795 4402">
    <p class='ocr_par' dir='ltr' id='par_1_89' title="bbox 2231 4322 3795 4402">
     <span class='ocr_line' id='line_1_89' title="bbox 2231 4322 3795 4402; baseline -0.004 -18"><span class='ocrx_word' id='word_1_640' title='bbox 2231 4334 2535 4402; x_wconf 88' lang='lat' dir='ltr'><strong>ruptionem</strong></span> <span class='ocrx_word' id='word_1_641' title='bbox 2586 4332 2829 4400; x_wconf 89' lang='lat' dir='ltr'><strong>corporis</strong></span> <span class='ocrx_word' id='word_1_642' title='bbox 2872 4332 3087 4387; x_wconf 79' lang='lat' dir='ltr'><strong>exhalet</strong></span> <span class='ocrx_word' id='word_1_643' title='bbox 3131 4332 3268 4388; x_wconf 89' lang='lat' dir='ltr'><strong>fetor</strong></span> <span class='ocrx_word' id='word_1_644' title='bbox 3310 4332 3514 4386; x_wconf 92' lang='lat' dir='ltr'><strong>cordis.</strong></span> <span class='ocrx_word' id='word_1_645' title='bbox 3542 4340 3567 4369; x_wconf 74' lang='grc' dir='ltr'><strong><em>ο</em></strong></span> <span class='ocrx_word' id='word_1_646' title='bbox 3596 4322 3795 4383; x_wconf 77' lang='lat' dir='ltr'><strong>Avaritia</strong></span> 
     </span>
    </p>
   </div>
   <div class='ocr_carea' id='block_1_90' title="bbox 2231 4419 3793 4492">
    <p class='ocr_par' dir='ltr' id='par_1_90' title="bbox 2231 4419 3793 4492">
     <span class='ocr_line' id='line_1_90' title="bbox 2231 4419 3793 4492; baseline -0.004 -17"><span class='ocrx_word' id='word_1_647' title='bbox 2231 4422 2494 4485; x_wconf 86' lang='lat' dir='ltr'><strong>stimulat;</strong></span> <span class='ocrx_word' id='word_1_648' title='bbox 2514 4423 2607 4475; x_wconf 89' lang='lat' dir='ltr'><strong>sed</strong></span> <span class='ocrx_word' id='word_1_649' title='bbox 2627 4437 2694 4476; x_wconf 89' lang='lat' dir='ltr'><strong>ne</strong></span> <span class='ocrx_word' id='word_1_650' title='bbox 2714 4421 2924 4476; x_wconf 69' lang='lat' dir='ltr'><strong>cmlesti</strong></span> <span class='ocrx_word' id='word_1_651' title='bbox 2947 4435 3115 4491; x_wconf 86' lang='lat' dir='ltr'><strong>regno</strong></span> <span class='ocrx_word' id='word_1_652' title='bbox 3134 4436 3284 4477; x_wconf 88' lang='lat' dir='ltr'><strong>mens</strong></span> <span class='ocrx_word' id='word_1_653' title='bbox 3299 4433 3498 4483; x_wconf 87' lang='lat' dir='ltr'><strong>careat,</strong></span> <span class='ocrx_word' id='word_1_654' title='bbox 3515 4420 3669 4492; x_wconf 80' lang='lat'><strong>917</strong></span> <span class='ocrx_word' id='word_1_655' title='bbox 3685 4419 3793 4471; x_wconf 66' lang='lat' dir='ltr'><strong>intra</strong></span> 
     </span>
    </p>
   </div>
   <div class='ocr_carea' id='block_1_91' title="bbox 2230 4506 3792 4582">
    <p class='ocr_par' dir='ltr' id='par_1_91' title="bbox 2230 4506 3792 4582">
     <span class='ocr_line' id='line_1_91' title="bbox 2230 4506 3792 4582; baseline -0.004 -15"><span class='ocrx_word' id='word_1_656' title='bbox 2230 4510 2463 4567; x_wconf 77' lang='lat' dir='ltr'><strong>claustra</strong></span> <span class='ocrx_word' id='word_1_657' title='bbox 2486 4530 2544 4570; x_wconf 90' lang='lat' dir='ltr'><strong>se</strong></span> <span class='ocrx_word' id='word_1_658' title='bbox 2567 4513 2913 4582; x_wconf 74' lang='lat' dir='ltr'><strong>parcimonia:</strong></span> <span class='ocrx_word' id='word_1_659' title='bbox 2942 4520 3192 4567; x_wconf 88' lang='lat' dir='ltr'><strong>contenta</strong></span> <span class='ocrx_word' id='word_1_660' title='bbox 3225 4512 3453 4582; x_wconf 85' lang='lat' dir='ltr'><strong>propriis</strong></span> <span class='ocrx_word' id='word_1_661' title='bbox 3492 4513 3639 4582; x_wconf 75' lang='lat' dir='ltr'><strong>ligat,</strong></span> <span class='ocrx_word' id='word_1_662' title='bbox 3670 4523 3729 4563; x_wconf 88' lang='lat' dir='ltr'><strong>ne</strong></span> <span class='ocrx_word' id='word_1_663' title='bbox 3754 4506 3792 4559; x_wconf 90' lang='lat' dir='ltr'><strong>in</strong></span> 
     </span>
    </p>
   </div>
   <div class='ocr_carea' id='block_1_92' title="bbox 531 4588 2123 4695">
    <p class='ocr_par' dir='ltr' id='par_1_92' title="bbox 531 4588 2122 4685">
     <span class='ocr_line' id='line_1_92' title="bbox 531 4588 2122 4685; baseline 0.009 -28"><span class='ocrx_word' id='word_1_664' title='bbox 531 4588 706 4661; x_wconf 88' lang='lat' dir='ltr'><strong>adltuc</strong></span> <span class='ocrx_word' id='word_1_665' title='bbox 734 4610 1094 4680; x_wconf 84' lang='lat' dir='ltr'><strong>corruptionis</strong></span> <span class='ocrx_word' id='word_1_666' title='bbox 1110 4626 1220 4667; x_wconf 67' lang='lat' dir='ltr'><strong>sua:</strong></span> <span class='ocrx_word' id='word_1_667' title='bbox 1249 4612 1492 4667; x_wconf 88' lang='lat' dir='ltr'><strong>molestia</strong></span> <span class='ocrx_word' id='word_1_668' title='bbox 1516 4623 1574 4685; x_wconf 82' lang='lat' dir='ltr'><strong>et</strong></span> <span class='ocrx_word' id='word_1_669' title='bbox 1602 4628 1729 4667; x_wconf 85' lang='lat' dir='ltr'><strong>cura</strong></span> <span class='ocrx_word' id='word_1_670' title='bbox 1759 4616 2122 4673; x_wconf 89' lang='lat' dir='ltr'><strong>turbulentum</strong></span> 
     </span>
    </p>
   </div>
   <div class='ocr_carea' id='block_1_93' title="bbox 2226 4588 3794 4695">
    <p class='ocr_par' dir='ltr' id='par_1_93' title="bbox 2232 4604 3794 4677">
     <span class='ocr_line' id='line_1_93' title="bbox 2232 4604 3794 4677; baseline -0.008 -16"><span class='ocrx_word' id='word_1_671' title='bbox 2232 4623 2397 4675; x_wconf 83' lang='lat' dir='ltr'><strong>pravo</strong></span> <span class='ocrx_word' id='word_1_672' title='bbox 2426 4623 2485 4661; x_wconf 90' lang='lat' dir='ltr'><strong>se</strong></span> <span class='ocrx_word' id='word_1_673' title='bbox 2507 4622 2671 4677; x_wconf 89' lang='lat' dir='ltr'><strong>opere</strong></span> <span class='ocrx_word' id='word_1_674' title='bbox 2701 4607 2907 4671; x_wconf 86' lang='lat' dir='ltr'><strong>dilatet,</strong></span> <span class='ocrx_word' id='word_1_675' title='bbox 2941 4616 2995 4659; x_wconf 90' lang='lat' dir='ltr'><strong>et</strong></span> <span class='ocrx_word' id='word_1_676' title='bbox 3027 4620 3195 4674; x_wconf 89' lang='lat' dir='ltr'><strong>usque</strong></span> <span class='ocrx_word' id='word_1_677' title='bbox 3221 4604 3288 4659; x_wconf 87' lang='lat' dir='ltr'><strong>ad</strong></span> <span class='ocrx_word' id='word_1_678' title='bbox 3341 4605 3643 4661; x_wconf 58' lang='lat' dir='ltr'><strong>exteriores</strong></span> <span class='ocrx_word' id='word_1_679' title='bbox 3671 4608 3794 4654; x_wconf 87' lang='lat' dir='ltr'><strong>actus</strong></span> 
     </span>
    </p>
   </div>
   <div class='ocr_carea' id='block_1_94' title="bbox 533 4697 2125 4776">
    <p class='ocr_par' dir='ltr' id='par_1_94' title="bbox 533 4697 2125 4776">
     <span class='ocr_line' id='line_1_94' title="bbox 533 4697 2125 4776; baseline 0.011 -27"><span class='ocrx_word' id='word_1_680' title='bbox 533 4697 633 4752; x_wconf 90' lang='lat' dir='ltr'><strong>sub</strong></span> <span class='ocrx_word' id='word_1_681' title='bbox 662 4714 913 4775; x_wconf 80' lang='lat' dir='ltr'><strong>mensura</strong></span> <span class='ocrx_word' id='word_1_682' title='bbox 948 4704 1419 4772; x_wconf 83' lang='lat' dir='ltr'><strong>contemplationis</strong></span> <span class='ocrx_word' id='word_1_683' title='bbox 1448 4703 1715 4770; x_wconf 88' lang='lat' dir='ltr'><strong>ltumiliat,</strong></span> <span class='ocrx_word' id='word_1_684' title='bbox 1750 4714 1805 4760; x_wconf 91' lang='lat' dir='ltr'><strong>ut</strong></span> <span class='ocrx_word' id='word_1_685' title='bbox 1847 4708 1971 4763; x_wconf 92' lang='lat' dir='ltr'><strong>licet</strong></span> <span class='ocrx_word' id='word_1_686' title='bbox 2008 4711 2125 4776; x_wconf 89' lang='lat' dir='ltr'><strong>plus</strong></span> 
     </span>
    </p>
   </div>
   <div class='ocr_carea' id='block_1_95' title="bbox 532 4793 2126 4873">
    <p class='ocr_par' dir='ltr' id='par_1_95' title="bbox 532 4793 2126 4873">
     <span class='ocr_line' id='line_1_95' title="bbox 532 4793 2126 4873; baseline 0.01 -32"><span class='ocrx_word' id='word_1_687' title='bbox 532 4800 773 4858; x_wconf 85' lang='lat' dir='ltr'><strong>appetat,</strong></span> <span class='ocrx_word' id='word_1_688' title='bbox 800 4793 937 4847; x_wconf 87' lang='lat' dir='ltr'><strong>ultra</strong></span> <span class='ocrx_word' id='word_1_689' title='bbox 964 4802 1143 4849; x_wconf 88' lang='lat' dir='ltr'><strong>tamen</strong></span> <span class='ocrx_word' id='word_1_690' title='bbox 1161 4811 1320 4864; x_wconf 83' lang='lat' dir='ltr'><strong>quam</strong></span> <span class='ocrx_word' id='word_1_691' title='bbox 1350 4796 1452 4850; x_wconf 90' lang='lat' dir='ltr'><strong>sibi</strong></span> <span class='ocrx_word' id='word_1_692' title='bbox 1476 4798 1793 4873; x_wconf 88' lang='lat' dir='ltr'><strong>conceditur</strong></span> <span class='ocrx_word' id='word_1_693' title='bbox 1812 4816 1914 4854; x_wconf 90' lang='lat' dir='ltr'><strong>non</strong></span> <span class='ocrx_word' id='word_1_694' title='bbox 1937 4816 2126 4856; x_wconf 86' lang='lat' dir='ltr'><strong>ascen-</strong></span> 
     </span>
    </p>
   </div>
   <div class='ocr_carea' id='block_1_96' title="bbox 535 4882 2126 4947">
    <p class='ocr_par' dir='ltr' id='par_1_96' title="bbox 535 4882 2126 4947">
     <span class='ocr_line' id='line_1_96' title="bbox 535 4882 2126 4947; baseline 0.008 -14"><span class='ocrx_word' id='word_1_695' title='bbox 535 4882 646 4934; x_wconf 89' lang='lat' dir='ltr'><strong>dat.</strong></span> <span class='ocrx_word' id='word_1_696' title='bbox 687 4882 779 4937; x_wconf 75' lang='lat' dir='ltr'><strong>‘t&#39;el</strong></span> <span class='ocrx_word' id='word_1_697' title='bbox 808 4895 955 4940; x_wconf 88' lang='lat' dir='ltr'><strong>certe</strong></span> <span class='ocrx_word' id='word_1_698' title='bbox 986 4887 1233 4941; x_wconf 89' lang='lat' dir='ltr'><strong>terminis</strong></span> <span class='ocrx_word' id='word_1_699' title='bbox 1262 4890 1376 4941; x_wconf 88' lang='lat' dir='ltr'><strong>suis</strong></span> <span class='ocrx_word' id='word_1_700' title='bbox 1425 4887 1685 4943; x_wconf 88' lang='lat' dir='ltr'><strong>Dominus</strong></span> <span class='ocrx_word' id='word_1_701' title='bbox 1716 4882 1817 4945; x_wconf 76' lang='lat' dir='ltr'><strong>hoc</strong></span> <span class='ocrx_word' id='word_1_702' title='bbox 1849 4908 1996 4946; x_wconf 89' lang='lat' dir='ltr'><strong>mare</strong></span> <span class='ocrx_word' id='word_1_703' title='bbox 2024 4893 2126 4947; x_wconf 87' lang='lat' dir='ltr'><strong>cir-</strong></span> 
     </span>
    </p>
   </div>
   <div class='ocr_carea' id='block_1_97' title="bbox 538 4976 2126 5055">
    <p class='ocr_par' dir='ltr' id='par_1_97' title="bbox 538 4976 2126 5055">
     <span class='ocr_line' id='line_1_97' title="bbox 538 4976 2126 5055; baseline 0.008 -28"><span class='ocrx_word' id='word_1_704' title='bbox 538 4976 779 5055; x_wconf 38' lang='lat' dir='ltr'><strong>c‘utndat,</strong></span> <span class='ocrx_word' id='word_1_705' title='bbox 812 4977 935 5045; x_wconf 88' lang='lat' dir='ltr'><strong>quia</strong></span> <span class='ocrx_word' id='word_1_706' title='bbox 982 4993 1078 5033; x_wconf 90' lang='lat' dir='ltr'><strong>cor</strong></span> <span class='ocrx_word' id='word_1_707' title='bbox 1126 4989 1371 5034; x_wconf 90' lang='lat' dir='ltr'><strong>nostrum</strong></span> <span class='ocrx_word' id='word_1_708' title='bbox 1427 4984 1810 5038; x_wconf 85' lang='lat' dir='ltr'><strong>tentationibus</strong></span> <span class='ocrx_word' id='word_1_709' title='bbox 1864 4983 2126 5039; x_wconf 88' lang='lat' dir='ltr'><strong>tumidum</strong></span> 
     </span>
    </p>
   </div>
   <div class='ocr_carea' id='block_1_98' title="bbox 537 5068 2126 5145">
    <p class='ocr_par' dir='ltr' id='par_1_98' title="bbox 537 5068 2126 5145">
     <span class='ocr_line' id='line_1_98' title="bbox 537 5068 2126 5145; baseline 0.007 -26"><span class='ocrx_word' id='word_1_710' title='bbox 537 5068 765 5123; x_wconf 80' lang='lat' dir='ltr'><strong>occultis</strong></span> <span class='ocrx_word' id='word_1_711' title='bbox 812 5069 1073 5123; x_wconf 89' lang='lat' dir='ltr'><strong>donorum</strong></span> <span class='ocrx_word' id='word_1_712' title='bbox 1129 5070 1594 5127; x_wconf 86' lang='lat' dir='ltr'><strong>distributionibus</strong></span> <span class='ocrx_word' id='word_1_713' title='bbox 1649 5076 1895 5145; x_wconf 78' lang='lat' dir='ltr'><strong>mitigat,</strong></span> <span class='ocrx_word' id='word_1_714' title='bbox 1963 5075 2126 5130; x_wconf 91' lang='lat' dir='ltr'><strong>modo</strong></span> 
     </span>
    </p>
   </div>
   <div class='ocr_carea' id='block_1_99' title="bbox 536 5150 2125 5232">
    <p class='ocr_par' dir='ltr' id='par_1_99' title="bbox 536 5150 2125 5232">
     <span class='ocr_line' id='line_1_99' title="bbox 536 5150 2125 5232; baseline 0.006 -20"><span class='ocrx_word' id='word_1_715' title='bbox 536 5177 700 5230; x_wconf 83' lang='lat' dir='ltr'><strong>agens</strong></span> <span class='ocrx_word' id='word_1_716' title='bbox 743 5150 812 5216; x_wconf 77' lang='lat' dir='ltr'><strong>ne</strong></span> <span class='ocrx_word' id='word_1_717' title='bbox 867 5176 1027 5227; x_wconf 87' lang='lat' dir='ltr'><strong>prava</strong></span> <span class='ocrx_word' id='word_1_718' title='bbox 1077 5168 1346 5232; x_wconf 81' lang='lat' dir='ltr'><strong>sttggeStio</strong></span> <span class='ocrx_word' id='word_1_719' title='bbox 1394 5164 1459 5218; x_wconf 91' lang='lat' dir='ltr'><strong>ad</strong></span> <span class='ocrx_word' id='word_1_720' title='bbox 1488 5167 1895 5222; x_wconf 80' lang='lat' dir='ltr'><strong>deleCIationcm</strong></span> <span class='ocrx_word' id='word_1_721' title='bbox 1929 5168 2125 5232; x_wconf 80' lang='lat' dir='ltr'><strong>veniat,</strong></span> 
     </span>
    </p>
   </div>
   <div class='ocr_carea' id='block_1_100' title="bbox 541 5253 2187 5327">
    <p class='ocr_par' dir='ltr' id='par_1_100' title="bbox 541 5253 2187 5327">
     <span class='ocr_line' id='line_1_100' title="bbox 541 5253 2187 5327; baseline 0.008 -23"><span class='ocrx_word' id='word_1_722' title='bbox 541 5255 699 5307; x_wconf 90' lang='lat' dir='ltr'><strong>modo</strong></span> <span class='ocrx_word' id='word_1_723' title='bbox 726 5268 794 5308; x_wconf 92' lang='lat' dir='ltr'><strong>ne</strong></span> <span class='ocrx_word' id='word_1_724' title='bbox 826 5267 988 5321; x_wconf 87' lang='lat' dir='ltr'><strong>prava</strong></span> <span class='ocrx_word' id='word_1_725' title='bbox 1023 5253 1308 5309; x_wconf 82' lang='lat' dir='ltr'><strong>delectatio</strong></span> <span class='ocrx_word' id='word_1_726' title='bbox 1342 5258 1508 5324; x_wconf 85' lang='lat' dir='ltr'><strong>lisque</strong></span> <span class='ocrx_word' id='word_1_727' title='bbox 1550 5257 1615 5310; x_wconf 89' lang='lat' dir='ltr'><strong>ad</strong></span> <span class='ocrx_word' id='word_1_728' title='bbox 1646 5258 1969 5312; x_wconf 68' lang='grc' dir='ltr'>εοιιερηἑιιιιι</span> <span class='ocrx_word' id='word_1_729' title='bbox 2003 5268 2127 5327; x_wconf 84' lang='lat' dir='ltr'><strong>pro-</strong></span> <span class='ocrx_word' id='word_1_730' title='bbox 2168 5310 2187 5317; x_wconf 43' lang='grc' dir='ltr'><strong>κ</strong></span> 
     </span>
    </p>
   </div>
   <div class='ocr_carea' id='block_1_101' title="bbox 544 5342 2132 5423">
    <p class='ocr_par' dir='ltr' id='par_1_101' title="bbox 544 5342 2132 5423">
     <span class='ocr_line' id='line_1_101' title="bbox 544 5342 2132 5423; baseline 0.008 -27"><span class='ocrx_word' id='word_1_731' title='bbox 544 5355 774 5409; x_wconf 83' lang='lat' dir='ltr'><strong>rumpat.</strong></span> <span class='ocrx_word' id='word_1_732' title='bbox 807 5342 908 5413; x_wconf 85' lang='lat' dir='ltr'><strong>Qui</strong></span> <span class='ocrx_word' id='word_1_733' title='bbox 938 5362 1067 5418; x_wconf 80' lang='lat' dir='ltr'><strong>ergo</strong></span> <span class='ocrx_word' id='word_1_734' title='bbox 1094 5348 1315 5404; x_wconf 89' lang='lat' dir='ltr'><strong>illicitos</strong></span> <span class='ocrx_word' id='word_1_735' title='bbox 1344 5352 1522 5407; x_wconf 86' lang='lat' dir='ltr'><strong>motus</strong></span> <span class='ocrx_word' id='word_1_736' title='bbox 1576 5351 1759 5407; x_wconf 89' lang='lat' dir='ltr'><strong>cordis</strong></span> <span class='ocrx_word' id='word_1_737' title='bbox 1808 5342 2045 5423; x_wconf 83' lang='lat' dir='ltr'><strong>respicit,</strong></span> <span class='ocrx_word' id='word_1_738' title='bbox 2077 5364 2132 5409; x_wconf 86' lang='lat' dir='ltr'><strong>et</strong></span> 
     </span>
    </p>
   </div>
   <div class='ocr_carea' id='block_1_102' title="bbox 543 5434 2122 5514">
    <p class='ocr_par' dir='ltr' id='par_1_102' title="bbox 543 5434 2122 5514">
     <span class='ocr_line' id='line_1_102' title="bbox 543 5434 2122 5514; baseline 0.006 -26"><span class='ocrx_word' id='word_1_739' title='bbox 543 5438 592 5488; x_wconf 89' lang='lat' dir='ltr'><strong>in</strong></span> <span class='ocrx_word' id='word_1_740' title='bbox 625 5434 944 5505; x_wconf 83' lang='lat' dir='ltr'><strong>quibusdam</strong></span> <span class='ocrx_word' id='word_1_741' title='bbox 975 5455 1068 5496; x_wconf 88' lang='lat' dir='ltr'><strong>eos</strong></span> <span class='ocrx_word' id='word_1_742' title='bbox 1091 5454 1263 5510; x_wconf 87' lang='lat' dir='ltr'><strong>usque</strong></span> <span class='ocrx_word' id='word_1_743' title='bbox 1288 5442 1354 5496; x_wconf 90' lang='lat' dir='ltr'><strong>ad</strong></span> <span class='ocrx_word' id='word_1_744' title='bbox 1377 5450 1702 5498; x_wconf 82' lang='lat' dir='ltr'><strong>consensum</strong></span> <span class='ocrx_word' id='word_1_745' title='bbox 1726 5446 1913 5500; x_wconf 86' lang='lat' dir='ltr'><strong>venire</strong></span> <span class='ocrx_word' id='word_1_746' title='bbox 1937 5445 2122 5514; x_wconf 86' lang='lat' dir='ltr'><strong>prohi-</strong></span> 
     </span>
    </p>
   </div>
   <div class='ocr_carea' id='block_1_103' title="bbox 606 5567 1767 5646">
    <p class='ocr_par' dir='ltr' id='par_1_103' title="bbox 606 5567 1767 5646">
     <span class='ocr_line' id='line_1_103' title="bbox 606 5567 1767 5646; baseline 0.009 -27"><span class='ocrx_word' id='word_1_747' title='bbox 606 5575 630 5646; x_wconf 66' lang='grc' dir='ltr'>ξι</span> <span class='ocrx_word' id='word_1_748' title='bbox 662 5567 824 5646; x_wconf 67' lang='grc' dir='ltr'><strong>ςοτι).</strong></span> <span class='ocrx_word' id='word_1_749' title='bbox 852 5570 1039 5646; x_wconf 68' lang='lat' dir='ltr'><strong>Germ.</strong></span> <span class='ocrx_word' id='word_1_750' title='bbox 1071 5581 1127 5626; x_wconf 84' lang='lat' dir='ltr'><strong>et</strong></span> <span class='ocrx_word' id='word_1_751' title='bbox 1169 5572 1420 5646; x_wconf 46' lang='lat' dir='ltr'><strong>Vinciat,</strong></span> <span class='ocrx_word' id='word_1_752' title='bbox 1452 5573 1572 5646; x_wconf 68' lang='lat' dir='ltr'><strong>libet</strong></span> <span class='ocrx_word' id='word_1_753' title='bbox 1590 5578 1709 5646; x_wconf 84' lang='lat' dir='ltr'><strong>jam</strong></span> <span class='ocrx_word' id='word_1_754' title='bbox 1766 5586 1767 5591; x_wconf 84' lang='lat'>‘</span> 
     </span>
    </p>
   </div>
   <div class='ocr_carea' id='block_1_104' title="bbox 536 5636 2127 5759">
    <p class='ocr_par' dir='ltr' id='par_1_104' title="bbox 536 5636 2127 5759">
     <span class='ocr_line' id='line_1_104' title="bbox 536 5636 2127 5759; baseline 0.006 -69"><span class='ocrx_word' id='word_1_755' title='bbox 536 5708 566 5759; x_wconf 63' lang='grc' dir='ltr'><em>ὁ</em></span> <span class='ocrx_word' id='word_1_756' title='bbox 606 5636 633 5674; x_wconf 66' lang='grc' dir='ltr'>δ</span> <span class='ocrx_word' id='word_1_757' title='bbox 670 5639 828 5693; x_wconf 86' lang='lat' dir='ltr'><strong>Deest</strong></span> <span class='ocrx_word' id='word_1_758' title='bbox 872 5643 1135 5711; x_wconf 75' lang='lat' dir='ltr'><strong>ﬂuctuans</strong></span> <span class='ocrx_word' id='word_1_759' title='bbox 1173 5643 1225 5698; x_wconf 84' lang='lat' dir='ltr'><strong>in</strong></span> <span class='ocrx_word' id='word_1_760' title='bbox 1256 5636 1419 5700; x_wconf 73' lang='lat' dir='ltr'><strong>Gorb.</strong></span> <span class='ocrx_word' id='word_1_761' title='bbox 1448 5636 1656 5711; x_wconf 69' lang='lat' dir='ltr'><strong>Gerni.,</strong></span> <span class='ocrx_word' id='word_1_762' title='bbox 1687 5645 1885 5701; x_wconf 83' lang='lat' dir='ltr'><strong>Pratel.</strong></span> <span class='ocrx_word' id='word_1_763' title='bbox 1914 5661 1969 5701; x_wconf 71' lang='lat' dir='ltr'><strong>e.</strong></span> <span class='ocrx_word' id='word_1_764' title='bbox 2002 5644 2127 5700; x_wconf 76' lang='lat' dir='ltr'><strong>Vm-</strong></span> 
     </span>
     <span class='ocr_line' id='line_1_105' title="bbox 573 5724 655 5759; baseline 0 0"><span class='ocrx_word' id='word_1_765' title='bbox 573 5724 655 5759; x_wconf 88' lang='lat' dir='ltr'><strong>oc.</strong></span> 
     </span>
    </p>
   </div>
   <div class='ocr_carea' id='block_1_105' title="bbox 573 5724 655 5761">
    <p class='ocr_par' dir='ltr' id='par_1_105' title="bbox 573 5724 655 5761">
     <span class='ocr_line' id='line_1_106' title="bbox 573 5724 655 5761; baseline 0.024 -2"><span class='ocrx_word' id='word_1_766' title='bbox 573 5724 634 5761; x_wconf 80' lang='lat' dir='ltr'><strong>OC</strong></span> <span class='ocrx_word' id='word_1_767' title='bbox 643 5749 655 5760; x_wconf 89' lang='lat'><strong>.</strong></span> 
     </span>
    </p>
   </div>
   <div class='ocr_carea' id='block_1_106' title="bbox 614 5780 2131 5851">
    <p class='ocr_par' dir='ltr' id='par_1_106' title="bbox 614 5780 2131 5851">
     <span class='ocr_line' id='line_1_107' title="bbox 614 5780 2131 5851; baseline 0.005 -18"><span class='ocrx_word' id='word_1_768' title='bbox 614 5791 635 5817; x_wconf 79' lang='grc' dir='ltr'><strong>ο</strong></span> <span class='ocrx_word' id='word_1_769' title='bbox 670 5780 740 5834; x_wconf 85' lang='lat' dir='ltr'><strong>Ita</strong></span> <span class='ocrx_word' id='word_1_770' title='bbox 799 5781 1024 5850; x_wconf 83' lang='lat' dir='ltr'><strong>Turon.,</strong></span> <span class='ocrx_word' id='word_1_771' title='bbox 1079 5783 1243 5840; x_wconf 81' lang='lat' dir='ltr'><strong>Corb.</strong></span> <span class='ocrx_word' id='word_1_772' title='bbox 1300 5786 1509 5845; x_wconf 71' lang='lat' dir='ltr'><strong>Gerrm.</strong></span> <span class='ocrx_word' id='word_1_773' title='bbox 1570 5788 1764 5851; x_wconf 80' lang='lat' dir='ltr'><strong>Laud.,</strong></span> <span class='ocrx_word' id='word_1_774' title='bbox 1793 5786 1929 5843; x_wconf 83' lang='lat' dir='ltr'><strong>Utic.</strong></span> <span class='ocrx_word' id='word_1_775' title='bbox 1959 5801 2011 5843; x_wconf 85' lang='lat' dir='ltr'><strong>et</strong></span> <span class='ocrx_word' id='word_1_776' title='bbox 2040 5789 2131 5841; x_wconf 89' lang='lat' dir='ltr'><strong>alii</strong></span> 
     </span>
    </p>
   </div>
   <div class='ocr_carea' id='block_1_107' title="bbox 538 5850 2133 5933">
    <p class='ocr_par' dir='ltr' id='par_1_107' title="bbox 538 5850 2133 5933">
     <span class='ocr_line' id='line_1_108' title="bbox 538 5850 2133 5933; baseline 0.004 -23"><span class='ocrx_word' id='word_1_777' title='bbox 538 5850 750 5918; x_wconf 75' lang='grc' dir='ltr'><strong>Νυηιι..</strong></span> <span class='ocrx_word' id='word_1_778' title='bbox 780 5854 972 5919; x_wconf 70' lang='lat' dir='ltr'><strong>quibus</strong></span> <span class='ocrx_word' id='word_1_779' title='bbox 1019 5859 1288 5917; x_wconf 80' lang='lat' dir='ltr'><strong>consentit</strong></span> <span class='ocrx_word' id='word_1_780' title='bbox 1333 5860 1475 5919; x_wconf 78' lang='lat' dir='ltr'><strong>Edit.</strong></span> <span class='ocrx_word' id='word_1_781' title='bbox 1523 5859 1693 5916; x_wconf 83' lang='lat' dir='ltr'><strong>Paris.</strong></span> <span class='ocrx_word' id='word_1_782' title='bbox 1727 5850 1888 5917; x_wconf 13' lang='lat'><strong>17495.</strong></span> <span class='ocrx_word' id='word_1_783' title='bbox 1922 5862 1985 5933; x_wconf 69' lang='lat' dir='ltr'><strong>lit</strong></span> <span class='ocrx_word' id='word_1_784' title='bbox 2012 5861 2133 5917; x_wconf 86' lang='lat' dir='ltr'><strong>aliis</strong></span> 
     </span>
    </p>
   </div>
   <div class='ocr_carea' id='block_1_108' title="bbox 2237 4693 3795 4767">
    <p class='ocr_par' dir='ltr' id='par_1_108' title="bbox 2237 4693 3795 4767">
     <span class='ocr_line' id='line_1_109' title="bbox 2237 4693 3795 4767; baseline -0.007 -15"><span class='ocrx_word' id='word_1_785' title='bbox 2237 4703 2461 4754; x_wconf 67' lang='lat' dir='ltr'><strong>interna:</strong></span> <span class='ocrx_word' id='word_1_786' title='bbox 2489 4693 2940 4767; x_wconf 75' lang='lat' dir='ltr'><strong>cancupiscentia:</strong></span> <span class='ocrx_word' id='word_1_787' title='bbox 2983 4705 3145 4752; x_wconf 76' lang='lat' dir='ltr'><strong>aestus</strong></span> <span class='ocrx_word' id='word_1_788' title='bbox 3173 4697 3419 4753; x_wconf 82' lang='lat' dir='ltr'><strong>exsudet.</strong></span> <span class='ocrx_word' id='word_1_789' title='bbox 3453 4694 3706 4766; x_wconf 83' lang='lat' dir='ltr'><strong>Superbia</strong></span> <span class='ocrx_word' id='word_1_790' title='bbox 3732 4693 3795 4744; x_wconf 87' lang='lat' dir='ltr'><strong>itt-</strong></span> 
     </span>
    </p>
   </div>
   <div class='ocr_carea' id='block_1_109' title="bbox 2236 4782 3794 4861">
    <p class='ocr_par' dir='ltr' id='par_1_109' title="bbox 2236 4782 3794 4861">
     <span class='ocr_line' id='line_1_110' title="bbox 2236 4782 3794 4861; baseline -0.007 -15"><span class='ocrx_word' id='word_1_791' title='bbox 2236 4794 2359 4861; x_wconf 86' lang='lat' dir='ltr'><strong>flat;</strong></span> <span class='ocrx_word' id='word_1_792' title='bbox 2392 4791 2487 4848; x_wconf 90' lang='lat' dir='ltr'><strong>sed</strong></span> <span class='ocrx_word' id='word_1_793' title='bbox 2520 4808 2589 4847; x_wconf 91' lang='lat' dir='ltr'><strong>ne</strong></span> <span class='ocrx_word' id='word_1_794' title='bbox 2617 4807 2797 4847; x_wconf 82' lang='lat' dir='ltr'><strong>veram</strong></span> <span class='ocrx_word' id='word_1_795' title='bbox 2823 4790 3199 4846; x_wconf 87' lang='lat' dir='ltr'><strong>celsitudinem</strong></span> <span class='ocrx_word' id='word_1_796' title='bbox 3223 4782 3452 4854; x_wconf 81' lang='lat' dir='ltr'><strong>amittat,</strong></span> <span class='ocrx_word' id='word_1_797' title='bbox 3477 4787 3794 4844; x_wconf 83' lang='lat' dir='ltr'><strong>consideran-</strong></span> 
     </span>
    </p>
   </div>
   <div class='ocr_carea' id='block_1_110' title="bbox 2235 4882 3795 4956">
    <p class='ocr_par' dir='ltr' id='par_1_110' title="bbox 2235 4882 3795 4956">
     <span class='ocr_line' id='line_1_111' title="bbox 2235 4882 3795 4956; baseline -0.008 -17"><span class='ocrx_word' id='word_1_798' title='bbox 2235 4884 2304 4940; x_wconf 87' lang='lat' dir='ltr'><strong>do</strong></span> <span class='ocrx_word' id='word_1_799' title='bbox 2334 4887 2561 4956; x_wconf 89' lang='lat' dir='ltr'><strong>quisque</strong></span> <span class='ocrx_word' id='word_1_800' title='bbox 2588 4887 2710 4955; x_wconf 88' lang='lat' dir='ltr'><strong>quia</strong></span> <span class='ocrx_word' id='word_1_801' title='bbox 2740 4882 2915 4955; x_wconf 87' lang='lat' dir='ltr'><strong>pulvis</strong></span> <span class='ocrx_word' id='word_1_802' title='bbox 2942 4896 3025 4940; x_wconf 89' lang='lat' dir='ltr'><strong>est</strong></span> <span class='ocrx_word' id='word_1_803' title='bbox 3044 4888 3112 4938; x_wconf 89' lang='lat' dir='ltr'><strong>ab</strong></span> <span class='ocrx_word' id='word_1_804' title='bbox 3140 4883 3424 4938; x_wconf 88' lang='lat' dir='ltr'><strong>altitudine</strong></span> <span class='ocrx_word' id='word_1_805' title='bbox 3451 4890 3513 4937; x_wconf 72' lang='lat' dir='ltr'><strong>ae</strong></span> <span class='ocrx_word' id='word_1_806' title='bbox 3540 4884 3795 4944; x_wconf 83' lang='lat' dir='ltr'><strong>concepta:</strong></span> 
     </span>
    </p>
   </div>
   <div class='ocr_carea' id='block_1_111' title="bbox 2236 4977 3794 5044">
    <p class='ocr_par' dir='ltr' id='par_1_111' title="bbox 2236 4977 3794 5044">
     <span class='ocr_line' id='line_1_112' title="bbox 2236 4977 3794 5044; baseline -0.008 -9"><span class='ocrx_word' id='word_1_807' title='bbox 2236 4979 2487 5035; x_wconf 81' lang='lat' dir='ltr'><strong>elationis</strong></span> <span class='ocrx_word' id='word_1_808' title='bbox 2517 4979 2783 5043; x_wconf 89' lang='lat' dir='ltr'><strong>bumiliat,</strong></span> <span class='ocrx_word' id='word_1_809' title='bbox 2815 4990 3031 5033; x_wconf 85' lang='lat' dir='ltr'><strong>certans</strong></span> <span class='ocrx_word' id='word_1_810' title='bbox 3059 4979 3313 5033; x_wconf 90' lang='lat' dir='ltr'><strong>nimirum</strong></span> <span class='ocrx_word' id='word_1_811' title='bbox 3344 4977 3577 5044; x_wconf 75' lang='lat' dir='ltr'><strong>nequod</strong></span> <span class='ocrx_word' id='word_1_812' title='bbox 3607 4978 3655 5027; x_wconf 91' lang='lat' dir='ltr'><strong>in</strong></span> <span class='ocrx_word' id='word_1_813' title='bbox 3695 4984 3794 5038; x_wconf 78' lang='lat' dir='ltr'><strong>sug-</strong></span> 
     </span>
    </p>
   </div>
   <div class='ocr_carea' id='block_1_112' title="bbox 2236 5059 3796 5142">
    <p class='ocr_par' dir='ltr' id='par_1_112' title="bbox 2236 5059 3796 5142">
     <span class='ocr_line' id='line_1_113' title="bbox 2236 5059 3796 5142; baseline -0.007 -17"><span class='ocrx_word' id='word_1_814' title='bbox 2236 5064 2477 5142; x_wconf 80' lang='lat' dir='ltr'><strong>gestione</strong></span> <span class='ocrx_word' id='word_1_815' title='bbox 2499 5068 2843 5137; x_wconf 83' lang='lat' dir='ltr'><strong>cogitationis</strong></span> <span class='ocrx_word' id='word_1_816' title='bbox 2874 5070 3069 5123; x_wconf 87' lang='lat' dir='ltr'><strong>tolerat</strong></span> <span class='ocrx_word' id='word_1_817' title='bbox 3096 5070 3149 5122; x_wconf 90' lang='lat' dir='ltr'><strong>in</strong></span> <span class='ocrx_word' id='word_1_818' title='bbox 3181 5069 3613 5122; x_wconf 75' lang='lat' dir='ltr'><strong>exercitationem</strong></span> <span class='ocrx_word' id='word_1_819' title='bbox 3647 5059 3796 5129; x_wconf 77' lang='lat' dir='ltr'><strong>operis</strong></span> 
     </span>
    </p>
   </div>
   <div class='ocr_carea' id='block_1_113' title="bbox 2240 5154 3795 5231">
    <p class='ocr_par' dir='ltr' id='par_1_113' title="bbox 2240 5154 3795 5231">
     <span class='ocr_line' id='line_1_114' title="bbox 2240 5154 3795 5231; baseline -0.008 -18"><span class='ocrx_word' id='word_1_820' title='bbox 2240 5171 2507 5230; x_wconf 86' lang='lat' dir='ltr'><strong>erumpat.</strong></span> <span class='ocrx_word' id='word_1_821' title='bbox 2539 5160 2682 5215; x_wconf 86' lang='lat' dir='ltr'><strong>Bene</strong></span> <span class='ocrx_word' id='word_1_822' title='bbox 2700 5176 2829 5231; x_wconf 84' lang='lat' dir='ltr'><strong>ergo</strong></span> <span class='ocrx_word' id='word_1_823' title='bbox 2855 5160 3050 5215; x_wconf 89' lang='lat' dir='ltr'><strong>dicitur</strong></span> <span class='ocrx_word' id='word_1_824' title='bbox 3080 5179 3090 5213; x_wconf 93' lang='lat'>:</span> <span class='ocrx_word' id='word_1_825' title='bbox 3128 5154 3292 5213; x_wconf 74' lang='lat' dir='ltr'><strong>Posui</strong></span> <span class='ocrx_word' id='word_1_826' title='bbox 3320 5169 3508 5212; x_wconf 85' lang='lat' dir='ltr'><strong>vectem</strong></span> <span class='ocrx_word' id='word_1_827' title='bbox 3537 5165 3585 5212; x_wconf 81' lang='lat' dir='ltr'><strong>et</strong></span> <span class='ocrx_word' id='word_1_828' title='bbox 3606 5155 3739 5217; x_wconf 78' lang='lat' dir='ltr'><strong>ostia,</strong></span> <span class='ocrx_word' id='word_1_829' title='bbox 3758 5158 3795 5201; x_wconf 76' lang='lat' dir='ltr'><strong>et</strong></span> 
     </span>
    </p>
   </div>
   <div class='ocr_carea' id='block_1_114' title="bbox 2234 5241 3792 5323">
    <p class='ocr_par' dir='ltr' id='par_1_114' title="bbox 2234 5241 3792 5323">
     <span class='ocr_line' id='line_1_115' title="bbox 2234 5241 3792 5323; baseline -0.006 -15"><span class='ocrx_word' id='word_1_830' title='bbox 2234 5255 2380 5309; x_wconf 79' lang='lat' dir='ltr'><strong>dixi:</strong></span> <span class='ocrx_word' id='word_1_831' title='bbox 2410 5252 2689 5323; x_wconf 82' lang='lat' dir='ltr'><strong>Hucusquc</strong></span> <span class='ocrx_word' id='word_1_832' title='bbox 2718 5254 2906 5320; x_wconf 78' lang='lat' dir='ltr'><strong>venies,</strong></span> <span class='ocrx_word' id='word_1_833' title='bbox 2934 5260 2982 5307; x_wconf 81' lang='lat' dir='ltr'><strong>et</strong></span> <span class='ocrx_word' id='word_1_834' title='bbox 3009 5266 3115 5308; x_wconf 83' lang='lat' dir='ltr'><strong>non</strong></span> <span class='ocrx_word' id='word_1_835' title='bbox 3136 5252 3376 5322; x_wconf 74' lang='lat' dir='ltr'><strong>procedes</strong></span> <span class='ocrx_word' id='word_1_836' title='bbox 3405 5250 3647 5321; x_wconf 83' lang='lat' dir='ltr'><strong>amplius,</strong></span> <span class='ocrx_word' id='word_1_837' title='bbox 3666 5241 3792 5300; x_wconf 66' lang='lat' dir='ltr'><strong>«hic</strong></span> 
     </span>
    </p>
   </div>
   <div class='ocr_carea' id='block_1_115' title="bbox 2235 5338 3794 5419">
    <p class='ocr_par' dir='ltr' id='par_1_115' title="bbox 2235 5338 3794 5419">
     <span class='ocr_line' id='line_1_116' title="bbox 2235 5338 3794 5419; baseline -0.009 -17"><span class='ocrx_word' id='word_1_838' title='bbox 2235 5349 2528 5419; x_wconf 81' lang='lat' dir='ltr'><strong>confringes</strong></span> <span class='ocrx_word' id='word_1_839' title='bbox 2560 5356 2806 5402; x_wconf 86' lang='lat' dir='ltr'><strong>tumentes</strong></span> <span class='ocrx_word' id='word_1_840' title='bbox 2850 5350 3035 5419; x_wconf 81' lang='lat' dir='ltr'><strong>[luctus</strong></span> <span class='ocrx_word' id='word_1_841' title='bbox 3084 5359 3218 5413; x_wconf 82' lang='lat' dir='ltr'><strong>tuos,</strong></span> <span class='ocrx_word' id='word_1_842' title='bbox 3265 5346 3391 5417; x_wconf 88' lang='lat' dir='ltr'><strong>quia</strong></span> <span class='ocrx_word' id='word_1_843' title='bbox 3432 5343 3562 5398; x_wconf 89' lang='lat' dir='ltr'><strong>dum</strong></span> <span class='ocrx_word' id='word_1_844' title='bbox 3615 5338 3794 5395; x_wconf 75' lang='lat' dir='ltr'><strong>electus</strong></span> 
     </span>
    </p>
   </div>
   <div class='ocr_carea' id='block_1_116' title="bbox 2182 5434 3792 5513">
    <p class='ocr_par' dir='ltr' id='par_1_116' title="bbox 2182 5434 3792 5513">
     <span class='ocr_line' id='line_1_117' title="bbox 2182 5434 3792 5513; baseline -0.007 -16"><span class='ocrx_word' id='word_1_845' title='bbox 2182 5470 2187 5477; x_wconf 57' lang='grc' dir='ltr'><strong>η</strong></span> <span class='ocrx_word' id='word_1_846' title='bbox 2233 5442 2461 5513; x_wconf 87' lang='lat' dir='ltr'><strong>quisque</strong></span> <span class='ocrx_word' id='word_1_847' title='bbox 2482 5451 2536 5495; x_wconf 91' lang='lat' dir='ltr'><strong>et</strong></span> <span class='ocrx_word' id='word_1_848' title='bbox 2571 5448 2806 5496; x_wconf 87' lang='lat' dir='ltr'><strong>tentatur</strong></span> <span class='ocrx_word' id='word_1_849' title='bbox 2826 5440 2991 5508; x_wconf 83' lang='lat' dir='ltr'><strong>vitiis,</strong></span> <span class='ocrx_word' id='word_1_850' title='bbox 3038 5452 3091 5496; x_wconf 90' lang='lat' dir='ltr'><strong>et</strong></span> <span class='ocrx_word' id='word_1_851' title='bbox 3122 5434 3299 5496; x_wconf 79' lang='lat' dir='ltr'><strong>tanien</strong></span> <span class='ocrx_word' id='word_1_852' title='bbox 3329 5437 3508 5494; x_wconf 82' lang='lat' dir='ltr'><strong>facere</strong></span> <span class='ocrx_word' id='word_1_853' title='bbox 3527 5434 3663 5491; x_wconf 86' lang='lat' dir='ltr'><strong>male</strong></span> <span class='ocrx_word' id='word_1_854' title='bbox 3692 5443 3792 5496; x_wconf 74' lang='lat' dir='ltr'><strong>sug-</strong></span> 
     </span>
    </p>
   </div>
   <div class='ocr_carea' id='block_1_117' title="bbox 2232 5577 3611 5655">
    <p class='ocr_par' dir='ltr' id='par_1_117' title="bbox 2232 5577 3611 5655">
     <span class='ocr_line' id='line_1_118' title="bbox 2232 5577 3611 5655; baseline -0.003 -22"><span class='ocrx_word' id='word_1_855' title='bbox 2232 5578 2425 5655; x_wconf 72' lang='lat' dir='ltr'><strong>legitur</strong></span> <span class='ocrx_word' id='word_1_856' title='bbox 2448 5577 2523 5655; x_wconf 66' lang='lat' dir='ltr'><strong>ad</strong></span> <span class='ocrx_word' id='word_1_857' title='bbox 2549 5577 2965 5655; x_wconf 61' lang='lat' dir='ltr'><strong>contemplanda.</strong></span> <span class='ocrx_word' id='word_1_858' title='bbox 3145 5647 3181 5655; x_wconf 86' lang='lat'><em>_</em></span> <span class='ocrx_word' id='word_1_859' title='bbox 3309 5647 3320 5655; x_wconf 39' lang='lat'><em>.</em></span> <span class='ocrx_word' id='word_1_860' title='bbox 3580 5644 3611 5655; x_wconf 52' lang='grc' dir='ltr'>η</span> 
     </span>
    </p>
   </div>
   <div class='ocr_carea' id='block_1_118' title="bbox 2303 5638 3650 5714">
    <p class='ocr_par' dir='ltr' id='par_1_118' title="bbox 2303 5638 3650 5714">
     <span class='ocr_line' id='line_1_119' title="bbox 2303 5638 3650 5714; baseline -0.003 -11"><span class='ocrx_word' id='word_1_861' title='bbox 2303 5649 2330 5685; x_wconf 64' lang='grc' dir='ltr'><strong>τί</strong></span> <span class='ocrx_word' id='word_1_862' title='bbox 2359 5638 2523 5703; x_wconf 70' lang='lat' dir='ltr'><strong>Corb‘.’</strong></span> <span class='ocrx_word' id='word_1_863' title='bbox 2556 5638 2767 5714; x_wconf 67' lang='lat' dir='ltr'><strong>Gerun,</strong></span> <span class='ocrx_word' id='word_1_864' title='bbox 2794 5647 3035 5703; x_wconf 84' lang='lat' dir='ltr'><strong>Laudun.</strong></span> <span class='ocrx_word' id='word_1_865' title='bbox 3068 5659 3123 5703; x_wconf 89' lang='lat' dir='ltr'><strong>et</strong></span> <span class='ocrx_word' id='word_1_866' title='bbox 3145 5647 3369 5714; x_wconf 87' lang='lat' dir='ltr'><strong>Pratel.,</strong></span> <span class='ocrx_word' id='word_1_867' title='bbox 3398 5644 3650 5701; x_wconf 85' lang='lat' dir='ltr'><strong>accendit.</strong></span> 
     </span>
    </p>
   </div>
   <div class='ocr_carea' id='block_1_119' title="bbox 2308 5718 3217 5782">
    <p class='ocr_par' dir='ltr' id='par_1_119' title="bbox 2308 5718 3217 5782">
     <span class='ocr_line' id='line_1_120' title="bbox 2308 5718 3217 5782; baseline 0 -9"><span class='ocrx_word' id='word_1_868' title='bbox 2308 5729 2329 5756; x_wconf 75' lang='grc' dir='ltr'><strong>ο</strong></span> <span class='ocrx_word' id='word_1_869' title='bbox 2354 5721 2516 5773; x_wconf 77' lang='lat' dir='ltr'><strong>Uorb.</strong></span> <span class='ocrx_word' id='word_1_870' title='bbox 2547 5718 2757 5782; x_wconf 61' lang='lat' dir='ltr'><strong>Gerun,</strong></span> <span class='ocrx_word' id='word_1_871' title='bbox 2785 5720 2952 5773; x_wconf 87' lang='lat' dir='ltr'><strong>cordis</strong></span> <span class='ocrx_word' id='word_1_872' title='bbox 2980 5721 3217 5773; x_wconf 81' lang='lat' dir='ltr'><strong>avaritia.</strong></span> 
     </span>
    </p>
   </div>
   <div class='ocr_carea' id='block_1_120' title="bbox 2233 5786 3765 5863">
    <p class='ocr_par' dir='ltr' id='par_1_120' title="bbox 2233 5786 3765 5863">
     <span class='ocr_line' id='line_1_121' title="bbox 2233 5786 3765 5863; baseline -0.002 -19"><span class='ocrx_word' id='word_1_873' title='bbox 2233 5819 2240 5827; x_wconf 93' lang='lat'><strong>-</strong></span> <span class='ocrx_word' id='word_1_874' title='bbox 2310 5789 2330 5863; x_wconf 17' lang='grc' dir='ltr'><strong>ν(</strong></span> <span class='ocrx_word' id='word_1_875' title='bbox 2376 5792 2569 5855; x_wconf 81' lang='lat' dir='ltr'><strong>Laud.,</strong></span> <span class='ocrx_word' id='word_1_876' title='bbox 2604 5793 3004 5846; x_wconf 68' lang='lat' dir='ltr'><strong>intra’claustra</strong></span> <span class='ocrx_word' id='word_1_877' title='bbox 3049 5786 3380 5863; x_wconf 74' lang='lat' dir='ltr'><strong>parciinoniat</strong></span> <span class='ocrx_word' id='word_1_878' title='bbox 3418 5796 3648 5849; x_wconf 61' lang='lat' dir='ltr'><strong>contenta</strong></span> <span class='ocrx_word' id='word_1_879' title='bbox 3686 5794 3765 5859; x_wconf 62' lang='grc' dir='ltr'><strong><em>πο</em></strong></span> 
     </span>
    </p>
   </div>
   <div class='ocr_carea' id='block_1_121' title="bbox 2237 5862 2613 5941">
    <p class='ocr_par' dir='ltr' id='par_1_121' title="bbox 2237 5862 2613 5941">
     <span class='ocr_line' id='line_1_122' title="bbox 2237 5862 2613 5941; baseline 0.005 -26"><span class='ocrx_word' id='word_1_880' title='bbox 2237 5862 2364 5941; x_wconf 61' lang='lat' dir='ltr'><strong>prii:</strong></span> <span class='ocrx_word' id='word_1_881' title='bbox 2406 5864 2613 5934; x_wconf 74' lang='lat' dir='ltr'><strong>ligatur.</strong></span> 
     </span>
    </p>
   </div>
  </div>
