4036 6348
313 353 416 413 4⁸1⁸³

1008 315 1406 414 ἰιοιιΑιιυιι
1444 341 1577 413 Ltti.
1618 343 1813 414 xxix.
1853 387 1903 400 —

1991 345 2034 413 κ
2067 351 2298 417 uapor
2338 339 2604 428 xxx'vni
2639 359 2701 415 ιι.
2743 357 2886 415 ιοιι.

2083 209 2115 228 δ

3491 354 3599 412 4⁸18

313 486 461 549 gesta
495 475 761 534 renititur,
790 475 946 542 quasi
987 481 1133 530 mare
1185 473 1428 530 clausura
1474 483 1705 532 tenetur.
1751 471 1905 544 Quod
1933 479 1986 537 Α
2014 476 2141 542 Quis
2166 479 2410 532 conclusit
2438 479 2581 533 ostiis
2607 493 2769 544 mare,
2791 475 3000 544 quando
3027 473 3337 554 erumpebat,
3359 474 3506 539 quasi
3535 473 3601 528 de

311 563 482 638 918
513 557 611 630 ctsj
641 565 784 619 int'us
824 557 1170 622 tumultuosis
1216 555 1600 636 cogitatidnum
1659 567 1908 623 fluctibus

311 667 550 712 mentem
583 657 833 725 percutit,
863 665 1060 713 statuta
1099 671 1273 714 tamen
1303 661 1439 716 bene
1483 659 1700 715 vivendi
1729 659 1914 716 littora

310 764 421 803 non
453 750 690 804 excedit.
716 751 870 815 Quod
900 755 1048 806 mare
1080 747 1292 823 quidem
1325 752 1378 807 in
1413 764 1620 811 tumore
1651 765 1710 808 se
1728 754 1900 822 erigit,

307 839 408 895 sed
430 841 556 894 dum
589 839 690 895 lixa
723 841 1113 898 deliberatione
1164 845 1341 899 curdls
1383 847 1626 909 l-lliditur,
1679 847 1901 900 fractum
1949 920 1954 924 ἢ

305 927 472 986 redii.
503 931 704 986 Beatus
727 933 888 1002 igitur
929 933 1032 990 Job
1077 947 1144 989 ne
1185 935 1289 989 sibi
1322 937 1518 991 tribuat
1556 936 1695 1005 quod
1715 943 1900 990 contra

304 1019 584 1093 procellas
624 1019 804 1078 'cortlls
847 1023 1059 1082 fortiter
1100 1035 1226 1093 stat,
1284 1041 1416 1083 voce
1461 1029 1644 1083 divina
1681 1029 1898 1083 audiat:

2013 568 2160 620 vulva
2183 569 2478 634 procedens,
2509 579 2562 622 et
2587 577 2802 622 caetera.
2827 569 2906 621 Ac
2933 567 2977 621 si
2999 565 3048 619 ei
3079 576 3265 632 aperte
3293 565 3554 620 diceretur
3580 580 3594 617 :

2013 659 2282 717 Incassum
2317 670 2367 714 te
2395 661 2628 715 exterius
2646 659 2700 713 in
2733 660 2888 714 benis
2909 659 3162 729 operibus
3193 673 3408 726 pensas,
3427 660 3472 714 si
3492 672 3596 712 non

2015 767 2100 806 me
2130 753 2377 818 interius,
2427 752 2516 820 qui
2548 752 2600 812 in
2659 762 2710 806 te
2756 753 3063 807 tentationis
3092 751 3262 806 undas
3289 766 3597 819 compesco,
3647 751 3652 770 '

2010 843 2346 899 consideras.
2383 841 2451 897 Ut
2480 841 2622 896 enim
2654 851 2710 897 tu
2740 843 2938 898 ﬂuctus
2965 827 3107 898 ferre
3138 844 3312 912 possis
3341 843 3394 897 in
3411 857 3596 911 onere.

2011 948 2146 988 mea:
2191 933 2406 994 virtutis
2451 944 2555 1000 est,
2583 934 2675 1003 qui
2720 933 2914 990 ﬂuetus
2959 933 3146 1007 frango
3189 935 3500 992 tentationis
3541 935 3595 990 in

1975 1007 1994 1020 ³
2010 1025 2194 1082 corde.
2595 1040 2603 1051 '

1147 1284 1490 1368 LIBER
1566 1225 2226 1367 VIG'ESIMUS
2303 1279 2736 1365 NONUS.

295 1439 742 1518 Explicantur
775 1442 1006 1522 capitis
1043 1460 1298 1522 xngtit
1333 1460 1547 1502 versus
1579 1442 1705 1522 duo
1739 1458 1933 1522 supra
1961 1439 2199 1522 uiginti
2219 1445 2266 1522 γα
2297 1439 2372 1499 12
2426 1439 2508 1522 ad
2564 1439 2640 1522 33
2693 1439 3046 1522 inclusive;
3107 1391 3424 1522 multaque
3475 1440 3596 1522 do-

385 1517 652 1608 centur,
691 1517 1148 1608 precs-erlim‘df
1186 1523 1442 1608 Satanae
1489 1517 1735 1582 artibus
1765 1517 1825 1580 et
1851 1517 2108 1584 insidiis
2139 1565 2154 1594 ,
2189 1521 2260 1580 de
2295 1519 2532 1608 gratia,
2583 1520 2657 1580 de
2695 1519 3266 1598 prwdettinatione,
3300 1520 3596 1599 reproba<

380 1601 550 1663 tione
601 1597 987 1679 Occultisque
1022 1597 1454 1679 Deijudt'cit's.

485 1785 496 1790 _
810 1727 1039 1781 CAPUT
1088 1727 1350 1782 PRIMUM

377 1821 428 1875 1.
472 1817 562 1874 Dei
587 1816 756 1872 Filius
781 1819 837 1872 in
865 1829 1056 1874 wtet'na
1081 1821 1348 1873 nativitate
1378 1821 1520 1873 nobis
1543 1821 1767 1891 ignotus,
1801 1837 1895 1873 nu-

298 1915 376 1972 sci
405 1911 632 1970 caluitii:
679 1921 922 1983 tempore,
966 1923 1021 1967 ut
1071 1929 1127 1967 se
1182 1913 1491 1967 imitandum
1537 1905 1895 1983 prte'bereL—

296 2005 554 2060 Dominus
581 2004 722 2059 Deus
751 2016 935 2059 noster
963 2005 1119 2060 Jesus
1145 2001 1391 2060 Christus
1433 2006 1485 2059 in
1511 2020 1577 2059 eo
1608 2005 1749 2072 quod
1783 2006 1886 2059 vir-

292 2105 380 2151 tus
405 2108 458 2152 et
483 2097 742 2166 sapientia
771 2097 868 2153 Dei
894 2109 995 2161 est,
1025 2098 1092 2152 de
1115 2097 1275 2152 Patre
1301 2107 1426 2152 ante
1455 2107 1698 2167 tempora
1730 2107 1887 2152 natus

286 2199 374 2246 est
399 2186 458 2255 (Ι
485 2189 604 2242 Cor.
639 2205 676 2254 ιε
703 2171 830 2263 2Ᾰ);
859 2189 945 2243 vel
971 2185 1148 2257 potius
1185 2190 1306 2257 quia
1339 2197 1364 2225 ι
1402 2204 1500 2243 nec
1527 2189 1693 2256 C(Ppit
1714 2173 1881 2255 msci,

285 2295 388 2334 nec
427 2281 608 2346 desiit,
639 2281 883 2335 dicamus
914 2282 1094 2356 verius
1124 2285 1338 2349 semper
1361 2291 1538 2335 natus.
1569 2277 1684 2337 Non
1708 2292 1884 2336 autem

285 2384 575 2438 possumus
608 2370 790 2424 dicere
814 2385 1033 2439 semper
1058 2373 1314 2433 nascitur,
1342 2387 1408 2425 ne
1438 2371 1782 2441 imperfectus
1810 2376 1887 2425 Vim

284 2460 504 2518 deatur.
535 2464 606 2514 At
632 2475 760 2516 vero
793 2469 849 2514 ut
867 2471 1100 2516 aeternus
1132 2461 1398 2533 designari
1427 2463 1602 2517 valeat
1624 2471 1678 2517 et
1711 2465 1886 2531 perfe-

283 2565 428 2618 ctus,
459 2571 672 2622 semper
699 2537 940 2611 dicamus
965 2566 1019 2610 et
1051 2565 1228 2622 natus,
1267 2567 1536 2623 quatenus
1562 2568 1617 2612 et
1641 2557 1883 2618 natusad

283 2647 674 2715 perfectionem
703 2650 986 2718 pertineat,
1009 2658 1062 2702 et
1090 2663 1306 2716 semper
1327 2647 1394 2703 ad
1419 2653 1799 2714 aeternitatem,
1826 2661 1883 2703 ut

281 2754 614 2809 quocunque
661 2740 822 2795 modo
853 2741 939 2794 illa
969 2743 1203 2795 essentia
1234 2743 1351 2795 sine
1399 2753 1640 2814 tempore
1671 2753 1883 2809 tempu-

283 2833 382 2888 rali
411 2833 588 2886 valeat
607 2834 872 2902 designari
904 2835 1451 2900 sermonemuamvis
1477 2833 1579 2887 hoc
1613 2834 1728 2904 ipso
1745 2835 1885 2903 quod

281 2924 580 2994 perfectum
608 2927 858 2988 dicimus,
888 2925 1110 2978 multum
1135 2925 1204 2978 ab
1232 2926 1376 2980 illius
1399 2925 1642 2981 veritatis
1665 2942 1886 2994 expres-

279 3019 435 3073 siOne
464 3019 760 3086 deviamus,
792 3017 913 3084 quia
937 3019 1073 3081 qtm'l
1103 3015 1299 3070 factum
1329 3033 1432 3071 non
1461 3026 1545 3072 est
1566 3034 1670 3072 non
1704 3027 1885 3087 potest
1941 3082 1949 3097 ι

279 3110 384 3164 dici
415 3110 732 3180 perfectum.
775 3109 838 3162 Et
881 3121 1056 3163 tamen
1107 3108 1432 3164 infirmitatis
1478 3121 1676 3164 nostra-
1710 3112 1887 3165 verbis

279 3199 539 3254 Dominus
568 3201 1025 3262 condescendens,
1087 3203 1198 3256 ait:
1260 3183 1432 3256 Estote
1461 3203 1697 3274 perfecti,
1745 3204 1886 3256 sicut

171 3349 184 3358 ,
277 3303 328 3347 σι
375 3292 528 3346 Patcr
557 3303 720 3347 vester
748 3293 966 3348 caelestis
1015 3295 1274 3364 perfectus
1309 3304 1384 3347 est
1434 3289 1649 3365 (Matth.
1683 3311 1735 3359 v,
1767 3295 1886 3365 48).

281 3385 340 3439 In
375 3387 463 3440 illa
499 3389 676 3455 itaque
705 3375 984 3442 nativitate
1013 3387 1192 3441 divina
1219 3388 1286 3441 ab
1313 3389 1544 3442 humano
1566 3405 1766 3456 genere
1793 3401 1885 3443 c0-

165 3525 182 3544 ,
277 3479 464 3550 utilisei
498 3494 600 3531 non
628 3488 873 3552 poterat;
916 3471 1158 3548 proinde
1190 3481 1242 3533 in
1289 3479 1620 3535 humanitate
1650 3480 1794 3534 venit
1826 3493 1879 3532 ut

277 3573 573 3634 videretur,
611 3573 778 3627 videri
826 3573 997 3626 voluit
1026 3583 1082 3626 ut
1129 3573 1448 3628 imitaretur.
1508 3574 1638 3640 Qua:
1690 3574 1876 3626 carnis

187 3675 196 3682 ‘
275 3663 533 3718 nativitas
563 3665 813 3732 despecta
864 3665 977 3716 visa
1002 3672 1084 3716 est
1112 3663 1445 3730 sapientibus
1492 3661 1711 3726 mundi;
1747 3678 1876 3716 con-

273 3767 622 3826 tempserunt
662 3773 890 3826 namque
931 3756 1142 3810 infirma
1193 3757 1542 3810 humanitatis
1600 3756 1734 3825 ejus,
1769 3755 1879 3810 Deo

271 3850 394 3904 haec
423 3851 638 3916 indigna
679 3851 1002 3919 iudicantes.
1035 3847 1129 3904 Cui
1162 3861 1309 3902 tanto
1350 3851 1518 3920 magis
1543 3849 1702 3905 homo
1729 3850 1880 3904 debi-

273 3951 360 3996 tor
378 3942 494 4004 fuit,
519 3953 720 4008 quanto
749 3957 846 4008 pro
884 3941 978 3996 illo
1003 3943 1142 3996 Deus
1173 3943 1331 3995 etiam
1362 3941 1576 4011 indigna
1612 3945 1874 4010 suscepit.

275 4035 415 4100 Quia
437 4035 569 4086 enim
596 4051 696 4087 non
721 4021 956 4103 cognovil
982 4031 1205 4087 mundus
1237 4050 1327 4102 per
1359 4036 1665 4101 sapientiam
1695 4023 1873 4100 Dedin",

257 4127 474 4194 placuit
505 4125 616 4178 Deo
645 4140 735 4192 per
763 4111 1037 4178 stultitiam
1083 4123 1466 4196 prwdicationis
1496 4123 1664 4179 salvos
1701 4125 1877 4195 facere

279 4217 544 4269 credentes
577 4213 629 4285 (1
661 4216 781 4270 Cor.
815 4232 854 4282 ι,
899 4213 1014 4284 Ἥ).
1063 4219 1138 4270 Ac
1169 4213 1213 4268 si
1244 4216 1484 4270 diceret:
1516 4214 1650 4269 Cum
1683 4216 1873 4278 Deum,

271 4308 364 4376 qui
393 4317 476 4360 est
526 4307 810 4375 sapientia,
843 4307 1177 4381 nequaquam
1211 4305 1303 4372 per
1348 4305 1666 4374 Sapientiam
1719 4321 1870 4361 suam

274 4399 509 4451 mundus
543 4397 822 4461 inveniret,
858 4397 1052 4462 placuit
1078 4385 1131 4448 "ut
1171 4393 1335 4450 Deum
1362 4397 1634 4452 hominem
1661 4397 1863 4452 factum

271 4486 301 4527 ιδ
331 4503 427 4556 μει-
460 4477 808 4542 humanitatis
851 4487 1132 4541 Stultitiam
1155 4490 1160 4496 ”
1185 4499 1556 4556 cognosceret,
1613 4501 1877 4557 quatenus

241 4582 391 4650 .ejus
431 4581 691 4647 sapientia
736 4589 759 4618 ι
791 4579 856 4631 ad
889 4589 1070 4634 nostra
1101 4581 1677 4642 stulta'descenderet,
1713 4591 1767 4636 et
1795 4582 1877 4635 ln-

269 4689 391 4728 cem
427 4687 671 4740 superme
700 4667 996 4741 prudentia:
1038 4673 1149 4726 luto
1179 4685 1290 4726 sine
1333 4674 1518 4726 carnis
1566 4672 1867 4727 illuntinata

271 4776 460 4819 nostra
493 4765 709 4818 caecitas
755 4765 975 4818 videret.
1027 4764 1191 4818 Natus
1238 4764 1399 4834 igitur
1442 4777 1509 4818 ex
1560 4765 1719 4818 Patre
1749 4765 1868 4819 sine

273 4870 538 4926 tempore,
565 4873 630 4912 ex
661 4867 834 4913 matre
865 4859 1011 4912 nasci
1040 4855 1125 4912 eSt
1153 4857 1400 4928 dignatus
1433 4859 1482 4911 in
1516 4865 1779 4924 tempore,
1813 4869 1870 4913 ut

270 4963 372 5018 per
424 4949 526 5001 hoc
571 4947 708 5016 quod
742 4957 918 5001 ortum
971 4947 1126 5003 Suum
1173 4948 1312 5003 inter
1343 4949 1548 5004 initium
1603 4951 1871 5018 finemque

268 5023 640 5105 concluderet,
685 5028 932 5093 humandi
973 5041 1168 5096 mentis
1199 5041 1370 5096 oculis
1403 5052 1604 5107 ortum,-
1651 5043 1742 5111 qui
1771 5053 1872 5096 nec

273 5123 430 5187 initio
456 5125 712 5197 sumi'tur,
755 5141 854 5186 nec
888 5131 993 5186 line
1023 5137 1357 5201 anguttta‘tur,
1391 5135 1662 5203 Iaperit'et.
1713 5133 1868 5190 Unde

273 5229 416 5285 bene
446 5235 586 5285 nunc
611 5231 678 5286 ad
705 5227 920 5287 beatum
958 5221 1060 5288 Job
1089 5233 1286 5288 dicitur
1310 5251 1322 5286 :

350 5375 380 5406 ι
418 5365 672 5432 Vindoc.,
699 5383 791 5422 nec
812 5368 960 5432 capit
987 5383 1112 5422 esse.

345 5434 374 5474 δ
415 5438 581 5509 Laud.
606 5446 658 5491 et
683 5433 1083 5509 Corb.,Germ.,
1114 5454 1204 5509 per
1230 5433 1561 5492 humanitatis
1608 5437 1788 5494 stulta.

349 5519 374 5548 ε
415 5509 488 5563 Ita
533 5508 763 5574 Turon.,
827 5508 1074 5572 Vindoc.,
1119 5508 1387 5572 thudun.,
1439 5509 1598 5562 Corb.
1650 5509 1858 5573 Gerin.,

274 5577 496 5636 Ibi-oio.
543 5579 742 5647 aliique
793 5581 1003 5644 Norm.;
1052 5579 1225 5635 Editis
1266 5575 1609 5647 habentibus,
1655 5582 1724 5633 ad
1765 5597 1861 5634 no-

223 5689 228 5694 .
265 5651 433 5708 mum
456 5651 745 5706 stultitiam.
967 5703 972 5714 .
1075 5709 1082 5716 .
1363 5664 1372 5668 ’

343 5723 371 5759 ἀ
413 5722 504 5777 Sic
531 5722 811 5792 legendum
861 5723 1089 5790 probant
1117 5730 1228 5776 tum
1262 5719 1388 5776 Mss.
1425 5717 1634 5792 Anglic.
1676 5734 1729 5778 et
1759 5739 1859 5780 no-

270 5795 395 5858 atri,
425 5805 534 5846 tum
567 5791 684 5860 ipse
729 5805 1009 5848 contextus
1037 5794 1138 5848 Job
1187 5793 1276 5862 qui
1319 5791 1673 5860 esplanalur:
1723 5812 1858 5848 nuu-

271 5866 397 5944 quid
411 5874 526 5940 post
549 5875 733 5922 ortum.
762 5864 820 5923 lu
837 5868 1104 5925 veteribus
1128 5875 1310 5923 tamen
1325 5863 1470 5924 Edit.
1487 5865 1544 5923 in
1567 5863 1857 5938 Gilotiana,
1919 5926 1926 5932 ,

1907 3521 1956 3584 C

2477 1723 2708 1782 canor
2749 1726 2793 1780 ιι
2832 1725 2979 1799 [περ.
3012 1721 3123 1796 ".1

2078 1817 2234 1874 Vitis.
2274 1819 2360 1875 1⁵2.
2391 1850 2461 1860 -
2502 1817 2753 1890 Nunquid
2784 1813 2897 1888 poti
2928 1829 3096 1872 ortum
3117 1825 3264 1872 luunt
3308 1816 3595 1889 prtzcept'slt

2000 1911 2255 1974 diluculo,
2290 1922 2334 1966 et
2367 1912 2636 1966 ostendisti
2657 1925 2859 1964 aurora:
2880 1907 3048 1964 locum"
3086 1910 3273 1963 suum?

2070 2003 2124 2056 ἓ.
2169 2002 2295 2057 Orto
2330 2003 2569 2066 Domino,
2615 2001 2848 2058 Ecclesia
2881 2007 3126 2071 (utiquam
3149 2003 3344 2053 aurora
3382 2013 3414 2050 tt
3457 2009 3592 2052 tene-

2000 2095 2103 2150 bris
2131 2097 2183 2148 in
2218 2098 2382 2168 lucem
2413 2109 2578 2150 versa.
2601 2124 2671 2137 —
2695 2093 2962 2151 Subaudls
2988 2105 3045 2147 ut
3071 2107 3191 2162 ego.
3216 2092 3378 2147 Ortus
3400 2091 3593 2159 quippe

1991 2185 2285 2240 divmitatis
2317 2187 2430 2253 eius
2458 2199 2578 2239 ante
2609 2195 2663 2240 et
2689 2195 2809 2253 post
2831 2187 2936 2250 non
2960 2184 3144 2240 habet.
3174 2173 3274 2238 Cui
3296 2181 3425 2236 dum
3449 2196 3592 2235 sem-

1993 2294 2086 2346 per
2115 2291 2234 2332 esse
2265 2287 2347 2331 est
2373 2293 2470 2348 per
2499 2273 2876 2342 aiternitatem,
2902 2283 3028 2330 dum
3049 2285 3212 2328 omne
3228 2273 3369 2342 quod
3391 2271 3590 2327 labitur

1989 2353 2406 2434 circumscribit,
2434 2369 2576 2424 intra
2606 2370 2958 2437 semetipsum
2982 2375 3286 2436 temporum
3311 2364 3589 2420 discursus

1989 2463 2210 2517 οΙηιιιιῑι.
2248 2465 2410 2516 Ortus
2441 2477 2562 2516 vera
2595 2460 2943 2515 humanitatis
2983 2461 3122 2529 ejus,
3154 2453 3279 2528 q'u'ta
3318 2469 3370 2512 et
3399 2457 3588 2525 cmpit,

1994 2567 2048 2608 et
2079 2556 2257 2619 desiit,
2281 2553 2337 2610 et
2365 2555 2490 2611 ante
2514 2565 2567 2610 et
2613 2562 2736 2623 post
2766 2553 2964 2609 habere
2993 2567 3020 2606 ιι
3073 2553 3316 2621 tempore
3360 2551 3589 2619 accepit.

1991 2645 2097 2702 Sed
2128 2649 2277 2717 quia,
2312 2651 2437 2702 dum
2491 2649 2604 2714 ipse
2655 2647 2874 2701 umbras
2927 2652 3126 2700 nostrae
3178 2642 3590 2711 tetnporalitatis

1990 2744 2246 2809 suscepit,
2282 2743 2458 2796 lumen
2488 2741 2643 2794 nobis
2671 2753 2784 2795 sua:
2811 2739 3130 2794 aeternitatis
3158 2737 3369 2801 infudit,
3387 2735 3414 2776 ά
3439 2741 3588 2792 recte

1996 2837 2113 2898 {inst
2153 2836 2296 2888 hunc
2336 2843 2512 2888 ortum
2543 2849 2704 2904 quem
2735 2844 2949 2888 crt'ator
2977 2833 3078 2887 sibi
3109 2833 3161 2886 in
3193 2839 3436 2901 tempore
3458 2845 3587 2884 con-

1991 2924 2127 2978 didit
2154 2925 2328 2980 locum
2384 2940 2539 2979 suum
2594 2927 2711 2980 sine
2759 2933 3002 2992 tempore
3062 2937 3254 2978 aurora
3309 2921 3586 2991 cognovit.

1993 3018 2126 3082 Quia
2160 3017 2300 3071 enim
2333 3017 2627 3071 diluculum
2675 3017 2760 3070 vel
2788 3031 2982 3071 aurora
3010 3031 3035 3066 a
3056 3014 3294 3070 tenebris
3325 3015 3376 3068 in
3409 3013 3586 3068 lucem

1994 3109 2244 3170 vertitur,
2277 3123 2382 3162 non
2429 3109 2698 3163 lmmerlto
2724 3109 2940 3163 diluculi
2985 3108 3068 3163 vel
3117 3121 3325 3162 aurorae
3371 3105 3589 3160 nomine

1992 3206 2167 3257 omnis
2197 3203 2489 3258 electorum
2518 3199 2762 3257 Ecclesia
2807 3201 3138 3272 designatur.
3187 3200 3308 3271 ipsa
3357 3199 3588 3268 namque

1994 3295 2117 3348 dum
2150 3289 2215 3347 ab
2243 3289 2572 3349 inﬁdelitatis
2599 3299 2754 3347 nocte
2784 3293 2858 3348 ad'
2881 3295 3052 3348 lucem
3078 3293 3200 3347 ll‘dei
3222 3292 3453 3356 ducitur,
3486 3305 3586 3346 ve-

1996 3387 2072 3439 l-s't
2100 3399 2308 3440 aurorae
2346 3395 2497 3443 more
2526 3385 2578 3440 in
2601 3385 2741 3440 diem
2776 3395 2896 3454 post
2919 3387 3168 3442 tenebras
3188 3387 3476 3454 ‘spl'endore
3497 3395 3581 3440 Su-

1994 3493 2176 3546 pernae
2207 3479 2467 3533 claritatis
2509 3481 2768 3548 aperitur.
2803 3477 2958 3536 Unde
2983 3489 3042 3534 et
3077 3481 3216 3535 bene
3246 3482 3298 3534 ln
3347 3479 3584 3534 Canticis

1985 3551 2314 3624 Canticorum
2345 3571 2599 3628 dicitur:.
2634 3575 2762 3640 Quae
2810 3583 2886 3626 est
2939 3558 3037 3627 ista
3085 3579 3201 3642 qui:
3251 3572 3581 3642 progreditur

1984 3663 2129 3730 quasi
2157 3665 2348 3716 aurora
2370 3679 2682 3734 consurgens
2732 3663 2908 3730 (Cant.
2944 3677 3018 3727 τι,
3047 3661 3146 3725 9)?
3191 3663 3388 3719 Sancta
3431 3663 3577 3718 enim

1987 3755 2229 3810 Ecclesia
2274 3755 2512 3810 cmleslis
2550 3756 2674 3810 vitae
2704 3753 2919 3824 praemia
2951 3761 3234 3824 appetens,
3262 3765 3454 3810 aurora
3479 3769 3578 3809 vo-

1987 3855 2106 3903 Cala
2131 3860 2235 3913 est,
2275 3849 2398 3916 quia
2431 3847 2558 3902 dum
2592 3857 2932 3917 peccatorum
2977 3848 3228 3902 tenebras
3251 3847 3474 3912 deserit,
3494 3847 3580 3917 ju-

1981 3943 2140 3996 stitite
2164 3943 2281 3997 luce
2307 3941 2573 4012 fulgescit.

2053 4033 2198 4106 [γει.
2227 4031 2338 4107 11.]
2364 4033 2418 4088 5.
2464 4035 2710 4102 Quaudiu
2730 4035 2965 4100 vivimus,
2996 4045 3184 4087 aurora
3213 4041 3303 4095 ett,
3328 4047 3431 4088 non
3459 4047 3579 4104 per-

1981 4129 2144 4195 fectus
2173 4127 2299 4181 dies.
2335 4157 2399 4166 —
2427 4127 2696 4181 Habemus
2727 4131 2904 4180 tamen
2934 4126 3182 4179 subtilius
3205 4111 3404 4196 aliquid
3429 4127 3569 4194 quod

1979 4217 2314 4291 considerata
2365 4219 2620 4286 qualitate
2647 4218 2872 4273 diluculi
2902 4217 2987 4272 vel
3017 4211 3230 4272 aurit'rm
3263 4223 3570 4286 pensemus.

1980 4305 2182 4361 Aurora
2214 4317 2444 4378 namque
2473 4310 2556 4364 vel
2583 4309 2876 4378 diluculum
2934 4321 3146 4364 noctem
3176 4311 3392 4378 quidem
3428 4326 3565 4378 pra:-

1982 4398 2190 4451 teriisse
2221 4399 2492 4465 nuntiant,
2527 4413 2625 4454 nec
2647 4376 2827 4454 lumen
2859 4401 2964 4454 diei
2987 4401 3288 4455 claritatem
3312 4403 3572 4469 integrum

1979 4497 2288 4554 ostentant;
2340 4490 2431 4542 sed
2480 4490 2610 4544 dum
2653 4490 2800 4544 illam
2833 4491 3056 4561 pellunt,
3087 4491 3226 4544 hanc
3254 4488 3574 4560 suscipiunt,

1980 4583 2152 4637 lucem
2184 4585 2420 4638 tenebris
2446 4585 2753 4652 permistam
2776 4592 2979 4639 tenent.
3009 4584 3151 4650 Quid
3179 4585 3358 4652 itaque
3380 4587 3432 4639 in
3465 4585 3564 4640 hac

1985 4675 2087 4728 vita
2111 4689 2300 4729 omnes
2347 4674 2436 4744 qui
2467 4676 2746 4731 veritatem
2777 4677 3076 4745 sequimur,
3127 4675 3228 4729 nisi
3275 4689 3466 4732 aurora
3491 4676 3573 4731 vel

1979 4768 2273 4822 diluculum
2338 4768 2566 4823 sumus?
2595 4771 2718 4838 quia
2749 4778 2805 4824 et
2831 4758 3077 4839 quaedam
3113 4771 3224 4839 jam
3274 4785 3392 4836 qua:
3442 4770 3575 4824 lucis

1981 4868 2106 4912 sunt
2136 4859 2366 4930 agimus,
2411 4870 2464 4912 et
2489 4871 2665 4914 tamen
2695 4862 2746 4936 in
2775 4861 3092 4932 quibusdam
3122 4862 3298 4938 adhuc
3327 4863 3575 4918 tenebra-

1985 4967 2100 5003 rum
2121 4951 2363 5020 reliquiis
2385 4969 2487 5005 non
2502 4968 2770 5008 caremus.
2790 4953 2889 5008 Per
2905 4937 3227 5023 Prnpltetam
3241 4955 3438 5024 quippe
3461 4952 3572 5006 Deo
3624 4937 3640 4988 ε

1976 5047 2170 5099 dicitur
2200 5061 2215 5100 :
2252 5043 2376 5098 Non
2393 5044 2770 5115 justiﬁcabitur
2804 5045 2859 5098 in
2897 5056 3171 5118 conspectu
3194 5055 3283 5102 tuo
3313 5045 3476 5099 omnis
3499 5045 3573 5114 tti-
3637 5049 3648 5102 ἱ

1972 5151 2094 5190 oens
2125 5133 2298 5202 (Psal.
2332 5149 2494 5199 cxut,
2545 5135 2624 5208 Ξ).
2660 5137 2998 5208 Rursumque
3041 5137 3302 5206 scriptum
3346 5142 3469 5190 est:
3504 5133 3572 5188 In

1935 5231 2144 5314 “multis
2173 5229 2482 5298 offendimus
2509 5247 2683 5287 omnes
2712 5230 2856 5301 (Jac.
2883 5248 2960 5298 ιιι,
3002 5233 3084 5302 2).
3115 5230 3312 5288 Paulus
3354 5242 3567 5299 quoque
3627 5217 3634 5224 ’

1975 5359 2226 5436 Xaticana
2261 5377 2315 5420 et
2364 5361 2658 5433 (lussanv.,
2714 5367 2907 5436 quibus
2965 5367 3110 5420 favet
3155 5355 3317 5419 Co’rb.
3375 5335 3634 5436 Germ.

1929 5439 1934 5444 '
1971 5429 2124 5501 Mss.,
2152 5438 2343 5505 legitur
2365 5451 2499 5491 recte
2548 5429 2654 5508 per-
2689 5429 2824 5492 hunc
2851 5449 3044 5492 ortum.
3091 5436 3188 5491 Ubi
3216 5438 3350 5508 satis
3379 5437 3564 5493 mirari
3602 5429 3624 5488 »ἶ

1980 5518 2084 5576 ῃοη
2137 5525 2426 5576 possumus
2461 5507 2683 5564 acerbas
2727 5508 2948 5562 Jamezii
2998 5509 3251 5560 adversus
3298 5507 3568 5564 Romanos

1931 5571 1934 5574 ’
1973 5571 2222 5634 Editorcs
2245 5581 2509 5648 querelas.
2541 5579 2690 5642 Quis,
2717 5579 2888 5646 inquit
2911 5582 2976 5632 ad
3008 5579 3144 5631 hunc
3174 5579 3370 5640 locum,
3401 5595 3561 5634 excu-

1971 5661 2085 5721 {are
2107 5654 2288 5721 poterit
2317 5661 2591 5704 extremam
2614 5651 2944 5721 supinitatem
2979 5649 3406 5721 _llomancnsium,
3453 5660 3560 5707 etc.

1923 5711 1934 5730 '
1971 5711 2132 5782 Onas'i
2166 5737 2292 5775 vero
2325 5723 2528 5790 priores
2559 5721 2628 5790 Ita
2676 5711 3022 5790 scripserint;
3066 5725 3120 5775 et
3165 5723 3352 5790 eadem
3395 5711 3563 5779 lectio

1971 5803 2073 5860 non
2107 5783 2404 5858 reperiaiur
2429 5793 2479 5844 in
2515 5783 2653 5844 Etlil.
2687 5783 2846 5844 Basil.
2877 5783 3020 5850 1505
3037 5797 3094 5850 ει
3119 5789 3279 5860 15M,
3310 5793 3361 5849 in
3385 5791 3559 5853 Paris.

1972 5859 2135 5936 1488,
2170 5863 2329 5934 uss,
2357 5863 2496 5921 1518
2525 5861 2772 5940 ειμι-ιι,
2809 5871 2916 5920 etc.
