4004 6350
468 370 477 375 ι
550 342 657 404 479
1398 344 1409 349 ’
1772 342 2017 405 SANCTI

2186 340 2382 400 lGORll
2420 341 2633 404 IAGNI
2722 378 2731 389 ι
3684 353 3767 413 480

545 468 621 523 ait
651 483 667 523 :
712 466 869 525 Video
898 470 1053 526 aliam
1084 467 1249 545 legem
1273 472 1329 527 in
1348 470 1585 527 membris
1611 469 1737 525 meis
1766 476 2137 539 repugnantem
2162 461 2220 523 Δ
2242 463 2570 521 desiderium
2590 463 2791 522 habere
2815 478 2877 522 se
2894 464 3100 523 diceret
3122 464 3363 534 dissolvi,
3385 474 3440 524 et
3456 481 3568 525 cum
3586 471 3769 534 Christo

544 558 645 631 legi
673 561 855 617 mentis
881 579 1024 629 mete,
1048 558 1095 617 ei
1123 564 1376 631 raptivum
1399 580 1481 617 me
1514 563 1781 617 ducentem
1808 562 1863 615 in
1885 560 1994 631 lege
2019 574 2138 628 pee-
2240 570 2386 614 esse.
2421 575 2435 610 :
2464 557 2531 611 Et
2552 572 2766 637 rursum
2793 556 2929 611 Mihi
2946 557 3110 612 viuere
3136 555 3366 613 Christus
3385 567 3475 627 est,
3500 570 3543 613 et
3569 565 3683 617 mori
3702 566 3772 621 lu-

542 652 663 717 eati,
694 669 812 722 qua:
838 665 911 707 est
937 654 991 707 in
1017 654 1251 709 membris
1280 657 1405 709 meis
1430 653 1853 725 (Rom.vn,23).
1882 649 1982 707 Ubi
2003 648 2135 721 ergo
2240 667 2383 707 crum
2412 650 2639 724 (Philip.
2668 667 2707 717 ι,
2733 650 2854 721 21).
2888 652 2954 706 Ει
2996 666 3210 708 rursum
3242 669 3258 707 :
3288 652 3485 709 Scimus
3511 657 3776 725 quoniamsi

544 741 630 797 lex
651 744 850 813 peccati
874 746 1039 817 919
1056 760 1177 800 cum
1204 746 1321 818 lege
1347 746 1542 801 mentis
1570 744 1867 814 contendit,
1898 743 2136 812 proiecto
2238 743 2493 797 terrestris
2522 743 2705 798 domus
2734 752 2911 798 nostra
2936 742 3097 816 hujus
3122 744 3463 800 habitationis
3483 746 3770 818 dissolvatur,

543 838 717 893 adhuc
738 854 926 894 aurora
952 849 1055 903 est,
1088 842 1212 909 quia
1239 842 1325 895 lux
1351 856 1468 911 quae
1485 842 1599 908 jam
1629 838 1873 904 emicuit,
1902 837 2134 893 necdum
2237 835 2376 906 quod
2414 836 2810 907 wdiﬁcationem
2836 852 2899 892 ea:
2922 833 3035 892 Deo
3059 838 3324 905 habemus,
3354 838 3554 894 domum
3575 858 3667 898 non
3686 861 3777 902 ma.

545 942 930 1001 praetereuntes
978 932 1218 990 funditus
1265 934 1514 991 tenebras
1563 934 1782 1005 pressit.
1821 933 2011 989 Adhuc
2039 946 2136 987 au-
2237 930 2524 998 nulactam,
2550 936 2796 985 teternant
2820 929 2874 985 in
2897 930 3035 985 castis
3052 927 3145 1003 (II
3163 929 3284 987 Cor.
3301 945 3352 998 v,
3370 930 3454 1002 4).
3475 931 3608 990 Bene
3626 946 3775 996 autem

550 1042 669 1084 rora
710 1039 811 1092 est,
842 1028 965 1098 quia
997 1028 1122 1082 dum
1154 1028 1239 1083 lex
1286 1028 1465 1083 carnis
1496 1027 1668 1098 legem
1717 1025 1935 1091 mentis,
1965 1032 2022 1080 et
2049 1024 2136 1080 lex
2158 1006 2179 1023 ”
2238 1031 2359 1093 post
2379 1033 2555 1080 ortum
2585 1039 2745 1080 suum
2773 1024 2951 1081 locum
2980 1025 3259 1096 proprium
3279 1040 3483 1084 aurorae
3509 1031 3778 1090 ostendisse

542 1118 737 1173 mentis
761 1118 932 1190 legem
958 1122 1136 1178 carnis
1165 1118 1415 1186 percutit,
1436 1118 1577 1173 inter
1606 1133 1667 1173 se
1698 1115 1934 1171 vicissim
1959 1114 2050 1170 lux
2079 1122 2136 1171 et
2240 1130 2306 1174 se
2335 1117 2604 1188 perbibet,
2642 1120 2766 1189 quia
2800 1116 2996 1175 futura:
3027 1118 3394 1177 retributionis
3414 1121 3776 1194 beatitudinem,

542 1210 729 1266 umbra
756 1210 1014 1283 conﬂigit.
1052 1210 1201 1268 Unde
1226 1227 1439 1267 rursum
1487 1211 1684 1266 Paulus
1727 1224 1852 1265 cum
1889 1209 2131 1264 diceret:
2242 1211 2554 1283 priusquam
2595 1226 2695 1282 per
2723 1226 2919 1282 corpus
2948 1214 3067 1283 ipse
3115 1213 3492 1281 innotesceret,
3534 1216 3587 1270 in
3612 1231 3777 1285 pauco-

542 1302 667 1358 Nox
697 1306 952 1374 prtzccssit
977 1304 1153 1375 (Rom.
1196 1321 1313 1372 xm,
1346 1304 1459 1375 l2),
1510 1319 1841 1375 nequaquam
1873 1302 2131 1370 subdidit,
2236 1321 2356 1361 rum
2386 1307 2666 1363 intellectu
2692 1307 2980 1363 continuit.
3017 1306 3153 1364 Cum
3198 1322 3325 1366 vero
3353 1307 3590 1365 humanas
3617 1310 3778 1364 nativi-

539 1394 661 1451 Dies
690 1398 855 1464 venit,
884 1397 979 1452 sed
1012 1395 1134 1451 Dies
1176 1407 1345 1452 autem
1370 1395 1957 1469 appropinquavithui
1985 1396 2133 1452 enim
2237 1397 2361 1452 tatis
2408 1398 2619 1456 inﬁrma
2672 1400 2933 1467 suscepit,
2985 1407 3227 1455 ventura:
3279 1398 3533 1455 claritatis
3567 1398 3777 1457 notitiam

535 1496 657 1555 post
686 1485 985 1543 discessum
1011 1489 1189 1544 noctis
1211 1488 1321 1559 jam
1351 1504 1457 1543 non
1487 1491 1699 1545 venisse
1728 1487 1824 1543 sed
1849 1488 2130 1558 appropin-
2231 1491 2396 1563 920
2425 1499 2450 1529 ο
2506 1490 2561 1546 in
2592 1491 2955 1548 multitudinis
3004 1492 3303 1548 innumeras
3331 1505 3512 1548 amore
3547 1489 3775 1550 dilatavit.

534 1594 730 1650 quasse
753 1582 890 1638 diem
920 1582 1173 1649 insinuat,
1193 1598 1313 1639 esse
1333 1598 1393 1638 se
1416 1574 1603 1652 procul
1629 1582 1791 1638 dubio
1811 1591 1935 1639 ante
1957 1581 2125 1638 solem
2230 1584 2339 1640 Sed
2386 1598 2511 1641 cum
2557 1583 2729 1640 divini
2768 1586 2949 1655 operis
2985 1585 3301 1659 mysterium
3341 1584 3421 1640 sic
3456 1582 3777 1641 miseriwrdia

528 1684 655 1747 post
684 1679 931 1733 tenebras
958 1678 1136 1735 adhuc
1159 1680 1215 1733 in
1262 1694 1458 1734 aurora
1487 1679 1837 1735 demonstrat.
2231 1686 2470 1747 peragat,
2502 1687 2559 1732 ut
2589 1685 2768 1732 tamen
2798 1688 2854 1733 et
2883 1675 2963 1733 ira
2993 1677 3306 1743 comitetur,
3343 1684 3597 1747 quatenus
3630 1673 3777 1730 occul-

613 1771 662 1823 4.
708 1770 829 1827 Dies
853 1772 968 1839 erit,
991 1788 1107 1827 cum
1138 1771 1297 1826 nulla:
1329 1772 1525 1842 peccati
1552 1771 1773 1827 tenebrae
1798 1780 2121 1841 supererunt.
2229 1777 2317 1827 tus
2345 1772 2549 1827 arbiter
2598 1771 2734 1828 alios
2778 1771 3075 1843 respiciens
3120 1772 3371 1838 redimat,
3402 1770 3531 1826 alios
3556 1770 3777 1827 deserens

535 1892 604 1905 --
625 1862 775 1919 Tunc
803 1872 981 1918 autem
1019 1864 1173 1932 plene
1203 1873 1388 1918 sancta
1416 1864 1714 1920 electorum
1744 1862 1982 1919 Ecclesia
2013 1862 2130 1919 dies
2154 1857 2206 1921 B
2236 1866 2444 1936 perdat,
2462 1858 2599 1935 quia
2616 1867 2968 1935 cognovimus
2994 1862 3266 1936 quomodo
3278 1878 3373 1934 per
3391 1861 3773 1919 incarnationem

531 1959 657 2023 erit,
688 1972 812 2033 cum
832 1957 881 2014 ei
906 1957 1131 2013 admista
1154 1959 1355 2028 peccati
1380 1959 1565 2013 umbra
1591 1958 1703 2030 jam
1717 1973 1822 2013 non
1835 1960 1958 2013 erit.
1977 1957 2130 2013 Tunc
2232 1972 2387 2014 suam
2415 1959 2620 2015 electos
2646 1959 2937 2028 illuminet,
2967 1958 3248 2015 audiamus
3282 1971 3424 2014 nunc
3445 1954 3778 2028 quomodon-

530 2049 688 2127 plene
716 2048 833 2105 dies
860 2049 988 2120 erit,
1017 2050 1232 2118 quando
1258 2050 1456 2105 interni
1482 2049 1970 2120 luminis~perfecto
1995 2046 2109 2105 fer-
2236 2050 2437 2122 probos
2464 2048 2705 2107 damnet.
2747 2049 3006 2120 Sequitur
3030 2066 3045 2103 :

533 2158 667 2200 vore
697 2142 975 2200 claruerit.
1019 2142 1173 2200 Tunc
1203 2144 1363 2214 plene
1384 2143 1500 2200 dies
1529 2145 1653 2209 erit,
1685 2143 1898 2213 quando
1926 2143 2129 2200 nullam
2665 2138 2896 2200 CAPUT
2933 2140 3001 2198 lll
3040 2138 3195 2214 [Rec.
3248 2137 3394 2213 Ill].
3666 2206 3667 2209 η

529 2238 790 2295 malorum
814 2252 1035 2293 suorum
1068 2246 1365 2294 tentantem
1386 2236 1702 2292 memoriam
1724 2236 1981 2303 tolerans,
2008 2251 2130 2292 om-
2304 2240 2470 2296 Vens.
2496 2241 2587 2297 15.
2618 2268 2690 2282 —-
2719 2238 2977 2311 Nunquid
3007 2238 3214 2295 tenuisti
3257 2236 3544 2295 concutiens
3585 2243 3777 2294 esttrans

529 2349 625 2389 nes
651 2349 680 2388 a
710 2348 770 2390 se
794 2333 1138 2390 tenebrarum
1164 2332 1329 2389 etiam
1360 2331 1947 2402 reliquiasiabscondet.
1974 2330 2130 2388 Unde
2231 2340 2405 2399 terra,
2430 2342 2477 2386 et
2494 2332 2765 2387 excussisti
2788 2331 2976 2401 impios
3001 2347 3067 2385 ex
3096 2347 3157 2385 ea
3173 2330 3200 2384 .9

528 2433 582 2478 et
609 2424 746 2480 bene
772 2424 889 2480 haec
916 2438 1107 2480 aurora
1132 2425 1289 2495 quasi
1318 2424 1495 2480 adhuc
1523 2426 1579 2479 in
1632 2424 1864 2479 transitu
1896 2424 2124 2480 demoa-
2304 2426 2359 2481 5.
2399 2424 2655 2481 Dominus
2682 2424 2907 2492 abjectos
2934 2433 2984 2479 et
3004 2422 3226 2477 humiles
3267 2424 3440 2493 elegit.
3471 2448 3539 2461 -
3562 2418 3775 2476 Extrema

529 2527 747 2586 stratur,
766 2533 888 2574 cum
903 2518 1126 2574 dicitur:
1151 2517 1221 2572 Et
1242 2517 1729 2573 ostendistiaurorte
1755 2517 1925 2572 locum
1950 2534 2125 2572 suum.
2232 2530 2388 2574 terrae
2422 2518 2680 2573 Dominus
2709 2516 2900 2583 tenuit,
2953 2516 3080 2587 quia
3135 2515 3194 2570 in
3236 2514 3349 2572 line
3393 2512 3689 2569 saeculorum
3724 2509 3775 2566 ad

529 2605 627 2661 Cui
656 2609 801 2664 enim
833 2606 984 2665 locu‘s
1011 2624 1142 2665 suus
1170 2609 1495 2676 ostenditur,
1530 2607 1770 2679 profecto
1795 2624 1864 2664 ex
1909 2609 2017 2665 alio
2059 2608 2128 2665 ad
2231 2611 2547 2667 destitutam
2568 2609 2681 2680 jam
2710 2617 2765 2666 et
2791 2607 3110 2681 alienigenis
3137 2606 3355 2679 regibus
3374 2605 3629 2662 subditam
3649 2617 3774 2677 syna-

529 2698 672 2754 aliud
702 2708 943 2756 vocatur.
973 2690 1112 2770 Quid
1140 2709 1225 2756 est
1246 2700 1389 2755 enim
1413 2698 1567 2755 locus
1598 2713 1832 2768 aurorae,
1870 2700 1973 2757 nisi
2000 2715 2128 2772 par-
2182 2770 2189 2773 Α
2229 2719 2421 2775 gogam
2452 2703 2629 2769 venit;
2654 2711 2817 2773 atque
2843 2717 2909 2759 ex
2940 2701 3033 2757 illa
3055 2698 3251 2770 impios
3276 2698 3534 2764 excussit,
3560 2697 3671 2767 quia
3688 2695 3772 2765 spi-

529 2790 665 2846 lecta
697 2792 913 2847 claritas
936 2802 961 2830 ο
1004 2791 1228 2848 visionis
1264 2790 1523 2848 internae?
1550 2790 1635 2846 Ad
1661 2778 1973 2861 quem'cum
2004 2807 2129 2861 per-
2229 2798 2405 2853 ritalia
2428 2795 2551 2853 lidei
2576 2795 2991 2866 praedicamenta
3010 2802 3327 2857 renuentes,
3356 2790 3517 2849 etiam
3540 2787 3767 2845 acarnalis

528 2880 689 2937 ducta
711 2883 941 2949 venerit,
966 2882 1078 2953 jam
1108 2882 1178 2938 de
1206 2890 1494 2938 transacta:
1519 2881 1695 2938 noctis
1718 2883 1954 2940 tenebris
1985 2883 2121 2941 nihil
2231 2876 2483 2942 sacriﬁcii
2517 2885 2686 2958 gloria
2716 2885 2933 2955 repulit.
2966 2883 3065 2940 Vel
3110 2893 3262 2939 certe
3282 2892 3528 2939 extrema
3552 2891 3687 2937 terra:
3708 2888 3764 2934 te-

528 2972 708 3031 habet.
734 2975 885 3032 Nunc
908 2986 1087 3031 autem
1130 2975 1307 3033 adhuc
1336 2977 1691 3032 tentationum
1718 2976 2117 3033 molestiassu-
2232 2982 2368 3047 nuit,
2401 2980 2526 3051 quia
2555 2995 2620 3037 ex
2647 2979 2833 3037 Judasa
2856 2993 3058 3050 paucos
3086 2977 3333 3049 abjectos
3356 2986 3414 3033 et
3440 2975 3656 3032 humiles
3688 2972 3770 3029 cie

528 3067 757 3135 stinens,
788 3068 913 3138 quia
943 3083 1037 3138 per
1058 3067 1411 3124 intentionem
1441 3067 1621 3124 cordis
1649 3068 1717 3125 ad
1737 3068 1883 3124 aliud
1902 3066 2129 3126 festinat
2229 3073 2309 3143 git
2336 3069 2554 3147 (Hatth.
2584 3088 2663 3141 tv,
2701 3073 2791 3139 18,
2814 3071 2968 3144 seq.).
3001 3071 3261 3129 Extrema
3288 3081 3448 3128 terra;
3478 3070 3646 3135 tenuit,
3677 3065 3775 3138 quia

530 3157 787 3225 Ecclesia,
814 3159 882 3214 ad
911 3159 1091 3214 locum
1117 3174 1276 3215 suum
1306 3159 1474 3215 tendit
1498 3174 1711 3216 aurora.
1735 3159 1908 3227 Quem
1938 3160 2111 3232 locum

2225 3167 2367 3239 legis
2387 3166 2636 3223 doctores
2661 3167 2937 3231 deserens,
2984 3165 3282 3234 piscatores
3321 3163 3611 3233 assumpsit.
3637 3159 3774 3223 Dum-

530 3251 576 3306 si
605 3262 788 3307 mente
825 3267 932 3307 non
959 3261 1233 3318 cerneret,
1258 3252 1312 3308 in
1342 3252 1503 3323 hujus
1532 3252 1662 3308 vita:
1703 3263 1861 3309 nocte
1882 3266 2129 3309 remane-
2156 3240 2338 3331 CAque
2357 3261 2474 3329 ejus
2491 3268 2732 3316 extrema
2763 3267 2926 3325 tenet,
2969 3272 3037 3312 ex
3086 3270 3155 3326 ea,
3184 3256 3384 3326 impios
3431 3254 3634 3317 excutit,
3675 3247 3777 3319 quia

531 3352 629 3398 ret.
663 3341 689 3381 δ
714 3342 822 3400 Sed
848 3359 970 3400 cum
986 3345 1227 3416 quotidie
1248 3345 1527 3401 contendit
1547 3343 1755 3416 perﬁci,
1784 3353 1841 3401 et
1864 3346 1921 3400 in
1949 3344 2127 3401 lucem
2208 3326 2357 3408 .dum
2385 3326 2628 3408 inﬁrmos
2654 3350 2842 3407 lideles
2890 3349 3132 3417 roborat,
3165 3348 3338 3405 fortes
3372 3347 3428 3404 in
3454 3347 3541 3403 illa
3575 3342 3779 3401 inﬁdeles

530 3435 771 3505 quotidie
798 3438 1008 3508 augeri,
1040 3440 1216 3493 locum
1241 3452 1400 3494 suum
1425 3438 1538 3509 jam
1569 3437 1855 3508 conspicit,
1887 3446 1944 3494 et
1969 3440 2127 3507 plene
2230 3444 2473 3501 damnat.
2532 3445 2700 3501 Recte
2729 3457 2859 3499 vero
2905 3444 3072 3498 etiam
3110 3442 3413 3501 concutiens
3441 3437 3649 3504 addidit,
3680 3432 3775 3506 quis

530 3528 631 3583 sibi
660 3528 961 3586 clarescere
987 3530 1155 3586 solem
1203 3528 1417 3602 quaerit.
1472 3529 1674 3586 Locum
1719 3545 1875 3586 suum
1926 3542 2124 3584 aurora
2231 3552 2327 3608 per
2345 3536 2633 3592 adventum
2673 3550 2829 3591 suum
2866 3532 2887 3573 ι
2928 3535 3190 3589 immensa
3224 3533 3520 3590 formidine
3546 3532 3771 3587 etiamne

529 3623 857 3691 considerat,
889 3624 1103 3695 quando
1128 3638 1315 3680 sancta
1342 3624 1520 3679 anima
1557 3623 1627 3679 ad
1652 3622 2126 3694 contemplandam
2233 3628 2526 3700 proborum
2556 3626 2722 3684 corda
2750 3626 3064 3682 commovit.
3094 3625 3356 3682 Concussi
3389 3622 3581 3696 quippe
3604 3620 3775 3677 fuerant

529 3714 827 3771 θοίιάίιοΐίε
852 3717 935 3771 sui
967 3716 1204 3786 δΡθοίθω
1252 3715 1463 3786 ίιθεηιο
1491 3715 1572 3770 Αά
1600 3715 1778 3771 locum
1808 3729 1967 3770 suum
2000 3728 2127 3782 Ρθῐ·
2231 3724 2326 3794 qui
2367 3722 2623 3779 dicebant
2651 3739 2663 3775 :
2723 3719 2875 3775 Nihil
2927 3720 3253 3789 proﬁcimus,
3299 3736 3414 3774 ecce
3443 3726 3572 3773 totus
3597 3713 3779 3769 mundus

532 3814 736 3884 tingere
760 3827 953 3868 aurora
982 3813 1278 3883 satagebat,
1318 3828 1441 3870 cum
1471 3811 1641 3868 David
1669 3810 1877 3867 diceret
1903 3828 1918 3864 :
1950 3808 2129 3867 Sitivit
2230 3826 2257 3867 ι
2280 3828 2393 3887 post
2423 3834 2537 3872 eum
2561 3815 2683 3871 abiit
2719 3813 2899 3897 ((Ioan.
2932 3829 3030 3884 xu,
3064 3811 3173 3884 l9).
3205 3813 3316 3869 Res
3344 3822 3521 3868 autem
3548 3822 3656 3880 qua:
3678 3819 3780 3863 con-

530 3905 703 3959 anima
731 3920 844 3959 mea
868 3905 937 3959 ad
976 3903 1145 3959 Deum
1187 3905 1376 3970 vivum,
1414 3906 1627 3976 quando
1653 3904 1854 3959 veniam
1880 3913 1929 3958 et
1958 3921 2111 3976 appa-

2230 3911 2429 3967 cutitur
2469 3910 2578 3966 huc
2606 3908 2840 3978 illucque
2878 3907 3037 3961 ducta
3085 3905 3359 3975 fatigatur.
3390 3904 3649 3961 Concussa
3671 3908 3775 3966 ergo

532 4001 648 4053 rebo
675 4009 793 4054 ante
817 3998 1005 4069 faciem
1026 3998 1121 4054 Dei
1149 3996 1324 4069 (Psal.
1357 4012 1465 4066 xu,
1491 3998 1586 4067 5)?
1609 3997 1809 4054 Locum
1843 4012 1998 4053 suum
2026 4013 2123 4054 ve-
2228 4003 2415 4059 Judaaa
2432 4002 2628 4068 fuerat,
2652 4017 2772 4074 quae
2787 4000 2858 4057 de
2880 3998 3097 4055 Christo
3127 4014 3224 4070 per
3245 4000 3383 4056 alios
3404 3997 3641 4055 dicebat:
3670 3990 3782 4057 Quia

531 4093 666 4146 ritas
693 4092 906 4145 auram
936 4090 1291 4161 monstrabat,
1320 4107 1442 4147 cum
1468 4080 1564 4161 per
1586 4091 1931 4149 Salomonem
1972 4093 2121 4151 dice-
2228 4098 2389 4152 bonus
2409 4106 2481 4151 est
2504 4096 2687 4169 (Joan.
2718 4110 2813 4161 vu,
2857 4093 2972 4164 12).
3000 4094 3067 4148 Ει
3113 4108 3208 4161 per
3237 4092 3376 4148 alios
3404 4088 3689 4151 resistebat,
3717 4080 3781 4135 di-

531 4196 617 4243 ret
650 4203 663 4240 :
689 4184 830 4251 Quid
848 4184 998 4241 habet
1019 4184 1244 4258 amplius
1266 4187 1470 4254 sapiens
1495 4203 1534 4266 α,
1552 4187 1746 4253 stulto;
1771 4197 1818 4241 et
1841 4188 1963 4258 quid
1989 4204 2125 4259 pau-
2228 4206 2358 4247 cens
2389 4208 2402 4244 :
2432 4189 2576 4256 Non,
2608 4189 2699 4242 sed
2719 4186 2915 4242 seducit
2942 4185 3116 4240 turbas
3137 4183 3359 4256 (lbid.).
3393 4184 3495 4239 Per
3520 4179 3644 4236 alios
3668 4174 3784 4231 dice-

532 4295 646 4351 per,
702 4278 803 4333 nisi
841 4287 898 4332 ut
926 4285 1106 4349 pergat
1139 4276 1267 4333 illuc
1308 4278 1393 4332 ubi
1436 4286 1512 4333 est
1560 4281 1664 4333 vita
1715 4277 1886 4351 (Eccl.
1920 4294 1993 4347 v1,
2028 4279 2127 4351 8)?
2227 4284 2320 4340 bat
2344 4302 2359 4337 :
2385 4281 2506 4338 Nisi
2528 4283 2610 4337 hic
2634 4291 2762 4337 esset
2791 4297 2822 4335 a
2845 4278 2977 4347 Deo,
3010 4294 3111 4333 non
3129 4286 3332 4349 poterat
3358 4281 3525 4348 facere
3542 4271 3783 4345 quidquam

533 4372 702 4440 Quem
733 4369 975 4443 proiecto
1024 4371 1199 4426 locum
1228 4370 1390 4426 etiam
1424 4372 1849 4441 praecedentibus
1875 4372 2125 4429 incarna-
2229 4376 2408 4450 (Joan.
2438 4392 2513 4445 1x,
2542 4377 2657 4446 55).
2680 4379 2856 4447 Atque
2876 4374 2943 4429 ad
2970 4383 3273 4430 extremum
3300 4387 3394 4442 per
3418 4370 3549 4425 alios
3577 4366 3782 4423 clamat:

534 4468 736 4523 tionem
773 4480 926 4521 suam
973 4465 1213 4536 patribus
1261 4474 1381 4535 post
1406 4473 1604 4520 ortum
1651 4480 1808 4521 suum
1868 4464 2126 4523 Dominus
2229 4475 2293 4531 si
2318 4491 2423 4529 non
2445 4470 2574 4528 esset
2595 4471 2678 4526 hie
2702 4468 3024 4539 malefactor,
3060 4484 3162 4522 non
3186 4468 3277 4521 tibi
3299 4464 3676 4545 tradidissemus
3694 4466 3783 4509 eum

532 4560 791 4625 ostendit,
822 4559 949 4630 quia
969 4558 1072 4615 nisi
1103 4573 1202 4629 per
1229 4557 1527 4628 prOphetiae
1554 4558 1824 4627 spiritum,
1846 4554 2128 4614 incarnan-
2159 4608 2208 4639 η
2232 4565 2416 4639 (Joan.
2449 4579 2603 4632 xvm,
2634 4560 2752 4633 50).
2810 4560 3069 4617 Concussi
3096 4560 3343 4630 quidem,
3391 4555 3485 4612 sed
3537 4567 3638 4609 non
3678 4560 3781 4618 pro-

532 4652 659 4708 dum
690 4668 938 4724 superna:
960 4652 1147 4723 patriae
1167 4666 1348 4722 regem
1375 4659 1785 4720 cognoscerent,
1808 4651 1951 4707 bona
1981 4650 2128 4723 ejus-
2153 4646 2206 4669 "
2236 4660 2394 4716 strati
2423 4664 2552 4713 sunt
2598 4654 2837 4725 reprobi,
2890 4668 3012 4709 cum
3064 4651 3224 4707 modo
3270 4649 3528 4707 miracula
3572 4646 3785 4707 obstupe

532 4748 655 4802 dem
687 4746 874 4817 patriai
903 4762 1062 4819 quam
1090 4755 1273 4802 essent
1299 4745 1689 4802 desiderabilia
1717 4760 1824 4802 non
1858 4746 2123 4803 viderent.
2243 4760 2460 4810 scentes
2486 4760 2794 4814 cernerent,
2841 4747 3002 4803 modo
3048 4744 3375 4801 inﬁrmitatis
3419 4736 3687 4813 opprobria
3713 4731 3786 4831 de:

535 4842 736 4898 Locum
784 4856 941 4897 suum
970 4841 1171 4897 veritas
1198 4855 1408 4897 aurora:
1455 4840 1729 4911 patefecit,
1761 4857 1883 4897 cum
1913 4842 2128 4921 Patrem
2239 4845 2526 4917 spicientes
2568 4842 2874 4899 irriderent.
2924 4844 3005 4897 An
3050 4854 3155 4895 non
3196 4835 3447 4894 concussi
3473 4833 3688 4893 fuerant,
3714 4836 3787 4894 qut

430 4978 433 4981 ν
532 4951 715 4993 coram
744 4935 1025 5005 discipulis
1055 4935 1227 5007 petiit,
1288 4935 1511 4991 dicens:
1546 4934 1727 5002 Pater,
1765 4952 1893 5007 quos
1942 4937 2127 4993 dedisti
2238 4939 2491 4996 dicebant
2523 4954 2537 4990 :
2567 4936 2844 5005 Quousque
2864 4934 3090 4988 animam
3112 5004 3117 5005 ί
3138 4943 3369 4987 nostram
3397 4926 3573 4985 tollis?
3599 4923 3640 4977 si
3678 4929 3723 4974 tu
3747 4930 3787 4968 σε

530 5029 679 5098 mihi,
705 5028 821 5084 uolo
844 5037 901 5082 ut
929 5030 1013 5083 ubi
1042 5043 1133 5099 ego
1158 5012 1328 5081 sum'cz
1372 5036 1419 5082 et
1445 5026 1525 5082 illi
1564 5028 1667 5082 sint
1697 5043 1899 5083 mecum
1942 5026 2125 5097 (Joan.
2238 5032 2490 5100 Christus,
2513 5032 2595 5087 die
2615 5028 2759 5085 nobis
2788 5030 2961 5101 palam
2998 5027 3180 5098 (Joan.
3212 5041 3272 5093 x,
3297 5022 3414 5096 24).
3442 5020 3535 5076 Vel
3560 5022 3695 5074 certe
3712 5023 3787 5065 cx-

532 5112 667 5188 xvtt,
698 5120 814 5190 24).
856 5120 1060 5177 Locum
1087 5135 1246 5176 suum
1278 5135 1487 5176 aurorae
1516 5121 1856 5187 monstravit,
1892 5136 2013 5176 cum
2044 5121 2128 5178 di-
2239 5137 2410 5184 trema
2438 5136 2599 5182 terra:
2626 5123 2902 5181 concussit
2940 5128 2994 5178 et
3036 5120 3230 5187 tenuit,
3272 5117 3398 5191 quia
3444 5128 3562 5171 cum
3605 5103 3785 5165 infirmi

531 5224 679 5271 ceret
706 5233 718 5268 :
749 5212 1050 5285 Ubicunque
1078 5212 1238 5285 fuerit
1258 5228 1463 5281 corpus,
1497 5208 1653 5266 dillie
1680 5214 2128 5285 congregabantur
2236 5218 2400 5276 corda
2442 5216 2723 5273 humilium
2767 5214 2855 5285 pio
2902 5213 3094 5269 timore
3140 5210 3352 5278 terruit,
3395 5211 3707 5276 nequaquam
3732 5206 3782 5247 ea

500 5332 505 5335 -
532 5319 579 5364 et
606 5309 795 5380 aqttt'ltz
823 5306 1042 5379 (Matth.
1096 5319 1247 5371 XXIV,
1272 5303 1388 5375 28).
1437 5305 1519 5360 Ad
1549 5304 1693 5361 hunc
1731 5305 1905 5361 locum
1966 5323 2127 5378 quem
2234 5310 2435 5381 judicio
2454 5309 2700 5366 districto
2725 5307 3035 5379 dereliquit.
3062 5304 3190 5363 inde
3211 5306 3355 5362 enim
3392 5297 3659 5389 multitudo
3684 5300 3785 5389 cre-

532 5411 858 5473 cognoverat
895 5400 1178 5473 pervenire
1205 5396 1735 5464 aurora‘lestinabat,
1774 5412 1896 5453 cum
1928 5398 2129 5459 Paulus
2238 5404 2478 5467 dentium
2504 5403 2561 5460 in
2587 5404 2756 5461 Deum
2781 5400 3054 5459 robustius
3079 5400 3249 5468 stetit,
3279 5396 3426 5454 unde
3452 5396 3506 5451 in
3540 5406 3599 5448 se
3634 5387 3782 5443 Ιιιιωίο

608 5547 634 5575 ι
656 5539 903 5615 _Turon.,
932 5536 1096 5594 Corb.
1124 5535 1335 5603 Germ.,
1365 5535 1586 5604 PratcL,
1614 5535 1783 5593 Laud.
1820 5544 1877 5592 et
1906 5537 2021 5604 alii,
2052 5539 2128 5592 vi-
2227 5543 2597 5615 gregabuntur.
2898 5614 2901 5615 ν
3655 5593 3736 5615 ...ξ

533 5611 693 5681 sionis
712 5601 947 5665 iuterntz.
1066 5680 1069 5681 ν
1322 5601 1358 5681 ί
1571 5601 1603 5681 ί
1637 5678 1646 5681 _
2005 5601 2033 5681 ί
2227 5601 2252 5615 ⁷
2302 5601 2343 5652 θ’
2367 5617 2561 5681 Laud.,
2585 5617 2639 5670 in
2662 5614 3015 5669 multitudines
3037 5626 3337 5668 innumeras
3354 5601 3769 5681 emarcuitqu-

606 5678 633 5718 ιι
655 5663 1019 5764 Turba-Iam
1038 5680 1163 5764 άιεεη
1182 5679 1409 5764 nam
1428 5679 1607 5764 augeri
1628 5678 1798 5735 ιοσιιηι
1821 5680 2128 5764 ,εααπιίαηι
2237 5756 2270 5764 _
2303 5683 2326 5725 ι
2367 5663 3010 5764 ἓῦῑᾷέέ,”ὲί’ὶιῑζ’ἱήᾢῐὲέίζς
3026 5663 3772 5764 aestumandae

534 5753 876 5835 conspicitaet
899 5753 1047 5835 plene
1065 5751 1163 5835 sibi
1180 5751 1457 5835 clarescere
1477 5751 1636 5808 solem
1669 5752 1876 5826 quierit.
2009 5751 2019 5752 ί
2230 5756 2444 5835 Germ.,
2476 5760 2531 5835 in
2562 5760 2811 5835 immensa
2848 5754 3163 5835 {omittitur
3307 5751 3315 5752 ί
3441 5822 3473 5835 η

613 5822 1498 5900 fLaud.,etillicsintmecumhu
1597 5896 1604 5900 Α
1682 5822 1691 5826 ⁷
1733 5896 1741 5900 _
2304 5839 2329 5876 s
2368 5822 2538 5889 Laud.
2568 5840 2624 5888 et
2647 5830 2810 5892 Corb.
2842 5822 3338 5900 Germ.,postettm
3357 5822 3518 5880 vadit.

584 5884 640 5933 ’⁸
674 5884 1093 5957 ϐοτδσάεηιι..
1136 5890 1360 5955 Patet“.
1410 5893 1552 5952 Ulic.
1593 5896 1647 5951 ei
1697 5896 1791 5955 al.,
1832 5894 1957 5952 illuc
2001 5900 2130 5952 cana
2190 5906 2254 5929 ρο·
