4036 6348
298 402 396 457 481

1037 394 1396 454 MORALIUM
1435 393 1560 452 LIB.
1607 390 1800 453 XXIX.
1841 422 1909 438 —

2052 391 2281 453 CAPUT
2318 394 2582 456 XXXVIII
2615 395 2678 457 Β.
2717 397 2862 456 JOB.

3477 394 3585 453 482

295 519 422 576 liata
455 513 763 585 trepidavit.
790 511 922 568 Nam
959 513 1085 584 quia
1127 528 1252 569 eum
1296 513 1435 568 Deus
1461 527 1620 583 quem
1651 511 1890 568 concutit
1914 516 1968 576 Α
1994 512 2088 566 tati
2115 515 2398 571 renueriut.
2429 543 2503 556 —
2527 505 2659 584 Quia
2681 514 2809 570 dum
2848 511 3072 571 credere
3095 510 3308 570 veritati
3331 519 3587 568 renuunt.

293 618 464 674 tenet,
497 608 732 662 insinuat
775 621 868 674 per
897 605 1235 676 prophetam,
1285 605 1473 660 dicens
1501 621 1516 660 :
1549 603 1722 674 Super
1743 619 1891 672 quem

294 701 566 769 requiescet
605 698 817 768 spiritus
842 713 1005 764 meus,
1058 698 1160 751 nisi
1203 713 1361 768 super
1405 696 1648 750 humilem
1676 707 1724 750 et
1751 695 1893 766 quie-

295 803 426 859 tum,
453 803 500 847 et
528 801 823 846 trementem
851 807 1107 846 sermones
1148 807 1285 845 meos
1315 788 1472 862 (Isai.
1519 805 1670 853 vat,
1701 788 1758 854 2,
1788 804 1889 842 sec.

295 882 514 951 LXX)?
552 883 687 949 Quia
715 897 837 937 eum
865 897 1024 952 quem
1065 882 1302 937 concutit
1332 891 1498 948 tenet,
1547 890 1574 918 ι
1605 881 1894 938 Salomone

295 984 581 1030 sttestante
604 975 901 1033 intimatur.
929 974 1053 1043 quia
1081 972 1155 1027 ait
1180 988 1197 1028 :
1228 971 1422 1026 Beatus
1452 974 1529 1025 uir
1556 972 1643 1042 qui
1687 987 1889 1040 semper

293 1079 366 1126 est
391 1071 640 1140 pauidus;
661 1072 752 1139 qui
785 1077 952 1121 autem
975 1068 1157 1121 mentis
1185 1078 1259 1120 est
1289 1068 1456 1132 dum,
1487 1064 1679 1119 corruit
1702 1067 1754 1119 in
1781 1080 1896 1117 ma—

298 1164 404 1216 lum
435 1160 621 1230 (Prov.
651 1177 837 1227 xxvut,
868 1158 981 1230 14).
1033 1159 1198 1230 Igitur
1233 1159 1358 1229 quia
1409 1166 1650 1214 extrema
1697 1156 1899 1212 Judzeae

298 1257 558 1313 Dominus
588 1257 642 1312 in
669 1256 928 1327 apostolis
952 1258 1148 1321 tenuit,
1187 1264 1349 1326 atque
1372 1270 1437 1310 ex
1485 1255 1573 1308 illa
1601 1252 1820 1309 Scribas
1845 1263 1900 1308 et

297 1349 602 1407 Pharisaaos
625 1365 689 1405 ac
716 1348 1000 1418 pontifices
1044 1348 1334 1415 impietatis
1384 1363 1496 1403 sua:
1544 1347 1737 1401 merito
1783 1343 1896 1400 exi-

300 1447 463 1516 gente
489 1443 816 1514 reprobavit,
852 1441 977 1513 quid
1021 1441 1196 1496 adhuc
1223 1439 1291 1496 de
1333 1455 1520 1496 eorum
1558 1438 1901 1494 damnatione

301 1538 563 1594 subdatur
589 1536 890 1592 audiamus.
923 1533 1179 1604 Sequitur
1204 1549 1217 1586 :

923 1624 1153 1679 CAPUT
1192 1623 1282 1678 IV.

374 1721 538 1778 Vens.
595 1721 684 1776 Η.
713 1750 783 1761 -
812 1717 1134 1774 Restituetur
1176 1726 1235 1772 ut
1281 1717 1446 1772 lutum
1484 1715 1825 1788 signaculum,
1857 1721 1905 1769 et

305 1815 459 1870 stabit
485 1815 609 1868 sicut
634 1814 1003 1869 vestimentum.

1994 605 2352 673 cognitionem
2376 606 2506 678 legis
2536 608 2589 663 in
2612 617 2927 683 perpetuum
2955 609 3209 663 amittunt
3235 625 3250 674 ;
3283 614 3339 664 et
3363 605 3489 662 dum
3509 606 3588 661 'de

1997 706 2220 767 accepta
2269 698 2386 768 lege
2429 700 2765 770 superbiunt,
2812 699 3064 755 nimirum
3095 700 3164 756 de
3210 699 3452 756 scientia:
3481 712 3593 752 sua:

1997 791 2167 861 gloria
2205 801 2494 847 czecantur.
2527 793 2796 862 Scriptum
2836 793 3031 864 quippe
3080 801 3206 848 est:
3242 792 3596 847 Obscurentur

1997 887 2136 940 oculi
2173 902 2370 952 eorum,
2403 903 2469 940 ne
2505 888 2715 941 uideant
2747 887 2922 958 (Psal.
2954 901 3142 953 vam,
3171 886 3289 957 24).
3336 886 3596 942 Rursum-

1997 995 2102 1049 que
2135 981 2392 1050 scriptum
2423 990 2543 1035 est:
2574 978 2795 1035 Excazca
2827 996 2916 1034 cor
2942 981 3121 1050 populi
3163 981 3339 1050 hujus,
3372 988 3418 1031 et
3445 993 3597 1032 aures

1999 1075 2112 1144 ejus
2142 1089 2370 1144 aggrava
2410 1071 2570 1144 (Isai.
2608 1087 2681 1139 vi,
2713 1071 2827 1140 10).
2856 1071 2924 1126 Ει
2952 1086 3166 1127 rursum
3196 1071 3450 1140 scriptum
3478 1077 3594 1123 est:

1999 1160 2067 1215 In
2087 1162 2347 1233 judicium
2392 1178 2485 1232 ego
2528 1162 2582 1214 in
2632 1162 2765 1215 hunc
2805 1162 3054 1215 mundum
3095 1162 3230 1227 veni,
3283 1169 3338 1214 ut
3379 1160 3467 1231 qui
3497 1175 3599 1213 non

1997 1255 2189 1321 uident,
2212 1254 2420 1308 videant
2439 1271 2461 1322 ;
2483 1265 2529 1309 et
2549 1255 2639 1325 qui
2668 1255 2861 1320 vident,
2882 1255 3004 1308 caci
3025 1254 3150 1322 fiant
3173 1251 3350 1323 (Joan.
3379 1269 3454 1318 1x,
3476 1249 3595 1322 59).

1999 1344 2069 1399 Et
2096 1345 2220 1414 quia
2249 1347 2571 1414 semetipsos
2600 1345 2669 1401 de
2699 1345 2830 1416 legis
2858 1345 3110 1416 operibus
3136 1353 3322 1400 contra
3350 1342 3590 1399 condito-

2000 1451 2115 1493 rem
2147 1437 2281 1509 legis
2309 1438 2640 1507 extulerunt,
2665 1448 2788 1508 apte
2816 1438 3066 1495 subditur
3090 1455 3104 1494 :
3281 1441 3284 1444 ’

2631 1530 2860 1588 CAPUT
2902 1531 2992 1587 Vl.

2075 1624 2205 1680 IBID.
2231 1653 2304 1666 —
2327 1628 2395 1679 Et
2415 1624 2683 1679 brachium
2711 1627 2969 1680 excelsum
2991 1632 3300 1682 conteretur.

2077 1717 2130 1771 9.
2165 1716 2402 1787 Superba
2428 1717 2553 1788 legis
2582 1717 2863 1772 observatio
2892 1717 3185 1789 reprobata.
3212 1749 3288 1762 —
3317 1716 3598 1772 Exceisum

2008 1811 2210 1880 quippe
2235 1810 2536 1878 [brachium
2591 1809 2908 1874 conteritur,
2951 1809 3183 1877 quando,
3218 1809 3507 1880 praedicata
3533 1807 3600 1862 li-

383 1907 438 1961 6.
486 1903 655 1961 Iudici
685 1907 750 1959 ab
778 1905 1000 1960 lateritio
1030 1919 1182 1972 opere
1211 1902 1352 1974 prius
1383 1901 1609 1968 liberati,
1639 1899 1765 1954 dum
1797 1909 1902 1954 ter-
1930 1901 1981 1964 Β
2008 1904 2094 1959 dei
2143 1905 2335 1974 gratia,
2384 1905 2613 1973 superba
2647 1902 2782 1974 legis
2817 1904 3061 1974 operatio
3091 1904 3432 1974 reprobatur,
3475 1915 3597 1957 cum

314 2015 440 2053 rena
487 1999 717 2067 sapiunt,
763 1997 949 2052 iterum
985 1997 1054 2050 ad
1111 1996 1293 2050 lateres
1334 1997 1616 2050 redierunt.
1646 2024 1718 2036 —
1765 1993 1901 2061 Quid

310 2091 454 2146 aliud
487 2081 744 2146 Dominus
779 2089 989 2160 plebem
1027 2089 1374 2146 lsraeliticam
1404 2089 1507 2144 nisi
1537 2089 1708 2144 lutum
1737 2102 1901 2158 repe-

306 2187 402 2249 rit,
434 2199 596 2255 quam
641 2185 914 2254 obsequiis
957 2183 1237 2254 gentilium
1277 2183 1512 2239 deditam
1563 2183 1616 2238 in
1669 2182 1905 2254 Egypto

302 2278 630 2333 servientem
659 2277 915 2332 lateribus
941 2277 1178 2332 invenit?
1207 2277 1377 2344 Quam
1404 2278 1531 2332 dum
1551 2286 1631 2332 tot
1661 2279 1903 2333 miracu-

302 2369 373 2426 lis
430 2371 499 2426 ad
533 2381 730 2426 terram
758 2370 1195 2441 repromissionis
1225 2370 1380 2425 duxit
1425 2369 1624 2441 (Exod.
1651 2385 1704 2435 v,
1749 2368 1904 2440 seq.),

304 2464 436 2518 dum
459 2465 780 2533 perductam
826 2462 1148 2533 cognitionis
1195 2477 1306 2518 suae
1357 2463 1585 2518 scientia
1641 2462 1905 2531 implevit,

305 2555 434 2609 dum
459 2562 539 2608 tot
565 2568 761 2609 arcana
785 2565 1116 2609 secretorum
1140 2554 1191 2609 ei
1218 2569 1316 2624 per
1343 2553 1678 2622 prephetiam
1706 2563 1905 2606 contu-

305 2644 402 2713 lit;
425 2645 552 2714 quid
579 2661 698 2700 eam
725 2645 870 2702 aliud
895 2661 1053 2715 quam
1109 2644 1361 2700 servandi
1390 2644 1629 2714 mysterii
1660 2645 1910 2713 signacu-

308 2735 422 2789 lum
467 2733 633 2791 fecit?
660 2734 688 2774 ιι
741 2735 857 2804 Ipsa
884 2735 1085 2805 quippe
1133 2734 1310 2788 divina
1360 2732 1638 2804 prophetia
1668 2732 1906 2787 clausum

307 2827 574 2882 continuit
602 2827 858 2898 quidquid
892 2826 961 2880 de
988 2841 1047 2881 se
1073 2826 1286 2880 Veritas
1313 2827 1472 2896 921
1507 2829 1560 2879 in
1603 2827 1710 2879 line
1757 2839 1910 2880 reve-

308 2919 457 2975 lavit.
490 2919 593 2975 Sed
625 2921 750 2974 dum
784 2928 904 2989 post
947 2926 1028 2972 tot
1055 2918 1237 2973 divina
1267 2927 1497 2981 secreta,
1531 2924 1656 2986 post
1683 2925 1761 2970 tot
1792 2931 1910 2985 per-

308 3020 464 3082 cepta
489 3013 745 3067 miracula
775 3013 827 3066 in
855 3010 1234 3081 Redemptoris
1259 3011 1344 3064 sui
1371 3009 1629 3077 adventu,
1656 3009 1777 3080 plus
1799 3018 1910 3064 ter-

311 3118 429 3157 ram
458 3118 618 3173 quam
659 3104 942 3159 veritatem
975 3101 1186 3167 dilexit,
1219 3115 1316 3172 per
1344 3099 1654 3156 sacerdotes
1683 3098 1906 3155 dicens:

312 3195 377 3252 Si
416 3197 724 3252 dimittimus
747 3213 882 3262 ,eum
911 3197 1008 3263 sic,
1049 3212 1224 3251 omnes
1256 3196 1463 3250 credent
1493 3196 1546 3248 in
1575 3210 1710 3258 eum,
1741 3203 1789 3248 et
1829 3209 1912 3247 ve-

2003 1997 2198 2052 dicitur
2217 2013 2233 2054 :
2255 1997 2337 2052 Ex
2361 1996 2598 2067 operibus
2615 1995 2742 2068 legis
2770 2013 2877 2052 non
2893 1996 3272 2068 iustiﬁcabitur
3293 1997 3459 2052 omnis
3481 2010 3604 2049 caro

2004 2088 2186 2160 (Rom.
2213 2104 2289 2154 ιιι,
2319 2088 2436 2159 20).

2079 2183 2168 2236 10.
2208 2179 2458 2236 Extrema
2496 2179 2748 2238 Ecclesia:
2775 2180 2862 2252 qui
2903 2179 3046 2237 Deus
3072 2189 3119 2235 et
3151 2189 3316 2237 teneat
3339 2190 3387 2236 et
3415 2194 3604 2235 concu-

2008 2277 2121 2331 tiat.
2151 2303 2223 2315 —
2252 2276 2459 2330 Cuncta
2498 2282 2677 2328 tamen
2713 2273 2826 2328 haec
2854 2273 3075 2344 intelligi
3102 2282 3156 2330 et
3181 2273 3338 2328 aliter
3359 2281 3603 2342 possunt.

2005 2368 2226 2424 Terram
2257 2368 2456 2438 quippe
2493 2365 2768 2439 Scriptura
2798 2380 2952 2422 sacra
2975 2381 3170 2423 vocare
3199 2366 3480 2421 consuevit
3507 2365 3606 2420 Ec-

2007 2439 2253 2520 clesiam.
2281 2461 2532 2515 Extrema
2559 2460 2724 2530 igitur
2748 2467 2909 2538 terra:
2942 2461 3203 2515 Dominus
3231 2466 3379 2516 tenet
3401 2464 3459 2514 et
3481 2471 3607 2513 con-

2006 2555 2162 2623 cutit,
2198 2556 2323 2626 quia
2355 2555 2611 2611 Ecclesia:
2641 2556 2970 2610 sum'ultima
3011 2569 3113 2626 per
3138 2555 3427 2610 adventum
3459 2553 3608 2608 Anti-

2008 2648 2196 2705 christi
2238 2649 2616 2718 persecutione
2645 2648 3035 2704 immanissima
3078 2647 3284 2704 turbari
3325 2635 3610 2716 permittit;

2011 2753 2112 2796 nec
2133 2735 2314 2794 tamen
2338 2738 2705 2808 permittendo
2726 2739 2949 2794 deserit.
2973 2737 3121 2794 Hanc
3142 2747 3342 2794 terram
3371 2736 3612 2806 aliquan-

2014 2831 2086 2886 do
2117 2831 2376 2886 Dominus
2403 2839 2572 2898 tenet,
2604 2839 2662 2888 et
2692 2847 2797 2886 non
2840 2832 3116 2902 concutit;
3145 2830 3436 2899 aliquando
3467 2836 3612 2884 tenet

2017 2933 2072 2980 et
2091 2924 2351 2990 concutit,
2383 2925 2507 2994 quia
2537 2924 2698 2979 modo
2723 2939 2841 2979 eam
2871 2924 3156 2994 tranquilla
3184 2938 3317 2994 pace
3339 2923 3464 2976 ﬁdei
3488 2937 3612 2991 pos-

2013 3017 2173 3082 sidet,
2208 3019 2371 3074 modo
2400 3017 2734 3074 commoveri
2767 3017 2968 3087 impetu
3002 3016 3398 3088 persecutionis
3435 3015 3612 3086 jubet.

2087 3113 2174 3168 11.
2208 3110 2277 3166 In
2305 3110 2552 3168 Ecclesiae
2580 3112 3018 3184 persecutionibus
3050 3111 3173 3181 falsi
3203 3109 3488 3165 Christiani
3526 3124 3614 3164 ea:-

2015 3205 2284 3259 cutiuntur
2323 3206 2456 3260 sicut
2482 3203 2666 3276 paleae.
2710 3234 2782 3251 -
2804 3203 2950 3259 Bene
2987 3211 3166 3257 autem
3213 3217 3335 3257 cum
3367 3200 3614 3255 diceret:

313 3292 453 3345 nient
500 3291 748 3358 Romani,
807 3301 853 3346 et
910 3292 1090 3346 tollent
1141 3299 1370 3345 nostrum
1422 3291 1591 3343 locum
1631 3300 1678 3343 et
1708 3299 1908 3361 gentem

2021 3297 2269 3366 Nunquid
2302 3298 2511 3351 tenuisti
2540 3299 2837 3351 concutiens
2878 3303 3109 3351 extrema
3135 3302 3304 3355 terras.
3339 3293 3482 3347 illico
3517 3291 3614 3345 ad-

313 3383 498 3454 (Joan.
525 3401 601 3452 ιι,
633 3384 749 3456 48),
772 3384 925 3458 quasi
945 3384 1009 3440 ad
1035 3400 1128 3440 eos
1155 3399 1290 3454 quos
1315 3385 1368 3438 in
1399 3382 1635 3454 {Egypto
1665 3383 1905 3454 relique-

314 3485 400 3531 ret
432 3476 627 3532 lateres
659 3477 856 3543 rediit;
889 3485 944 3530 et
992 3491 1112 3546 quae
1142 3477 1278 3531 facta
1305 3475 1414 3544 iam
1447 3475 1540 3529 Dei
1573 3475 1906 3546 signaculum

314 3569 512 3634 fuerat,
544 3571 611 3623 ad
647 3568 749 3624 hoc
777 3583 838 3625 se
869 3569 1062 3624 iterum
1116 3567 1260 3638 quod
1308 3567 1626 3648 deseruerat
1674 3566 1909 3634 inﬂexit;

315 3659 599 3731 lutumque
619 3675 678 3718 se
699 3670 821 3733 post
845 3661 1179 3730 signaculum
1211 3661 1264 3712 in
1288 3658 1460 3713 oculis
1493 3659 1734 3713 veritatis
1759 3659 1914 3713 exhi-

315 3752 457 3821 buit,
486 3769 608 3808 cum
634 3770 731 3824 per
760 3753 1053 3824 impietatis
1082 3749 1342 3806 malitiam
1383 3750 1590 3820 accepti
1620 3750 1770 3805 verbi
1802 3765 1915 3822 my-

317 3846 482 3901 steria
511 3846 764 3918 perdidit,
794 3853 852 3902 et
884 3845 998 3900 sola
1023 3853 1235 3900 terrena
1267 3856 1459 3911 sapere
1487 3856 1606 3911 quae
1631 3840 1915 3911 inquinant

319 3940 506 4011 elegit.

391 4033 447 4088 7.
474 4032 590 4089 Soli
607 4032 790 4088 littera:
803 4032 1072 4087 servientes
1098 4028 1210 4084 Deo
1233 4044 1325 4100 per
1353 4027 1655 4081 charitatem
1681 4025 1913 4078 adluere-

318 4142 376 4180 re
406 4123 703 4179 noluerunt.
726 4154 796 4165 —
820 4124 920 4180 Ubi
951 4133 1074 4194 apte
1098 4121 1473 4192 subiungitur:
1503 4118 1572 4173 Et
1602 4119 1750 4172 stabit
1781 4121 1913 4172 sicut

320 4219 696 4274 uestimentum.
722 4219 963 4289 lmpolita
986 4231 1220 4286 namque
1246 4225 1302 4272 et
1328 4214 1598 4284 grossiora
1623 4213 1915 4268 vestimen-

322 4319 379 4366 ta
409 4312 570 4368 etiam
597 4326 717 4367 cum
746 4311 929 4366 induta
956 4310 1182 4375 fuerint,
1210 4308 1330 4379 quia
1359 4307 1632 4378 induentis
1660 4306 1916 4362 membris

321 4406 465 4462 bene
495 4406 758 4476 applicata
786 4419 895 4458 non
927 4402 1218 4470 inhaerent,
1250 4410 1396 4456 stare
1425 4400 1690 4456 feruntur.
1729 4397 1916 4453 Judaaa

321 4498 490 4572 igitur
544 4499 687 4554 circa
738 4497 980 4553 veritatis
1029 4495 1274 4550 notitiam
1335 4493 1498 4548 etiam
1543 4506 1665 4547 cum
1713 4491 1918 4546 servire

322 4591 600 4648 videretur
624 4635 638 4661 ,
670 4591 812 4647 sicut
839 4589 1218 4645 vestimentum
1257 4585 1444 4650 stetit,
1485 4585 1608 4654 quia
1639 4598 1735 4654 per
1764 4592 1917 4640 cxte-

322 4681 473 4738 riora
506 4681 756 4738 mandata
779 4681 984 4737 servire
1008 4693 1067 4735 se
1090 4675 1318 4734 Domino
1339 4676 1600 4744 ostendit,
1623 4676 1716 4729 sed
1735 4676 1919 4730 adha-

324 4790 453 4831 rere
481 4773 532 4830 ei
575 4785 598 4814 ο
627 4789 723 4845 per
751 4773 1032 4829 cbaritatis
1067 4769 1474 4841 intelligentiam
1505 4769 1695 4822 noluit.
1731 4765 1759 4804 ἀ
1786 4767 1920 4822 Dum

325 4868 501 4926 solam
521 4868 577 4923 in
600 4868 884 4938 preceptis
908 4867 1005 4923 Dei
1029 4867 1262 4920 litteram
1287 4862 1480 4926 tenuit.
1507 4869 1562 4915 et
1586 4874 1922 4931 nequaquam

325 4977 391 5018 se
416 4977 512 5032 per
537 4961 784 5032 spiritum
813 4961 1061 5016 sensibus
1103 4958 1308 5014 intimis
1329 4955 1536 5027 iunxit,
1577 4955 1728 5025 quasi
1756 4958 1803 5010 ei
1833 4956 1923 5025 qui

326 5069 392 5110 se
422 5053 665 5110 induerat
694 5068 800 5110 non
831 5052 1078 5108 adhaesit.
1106 5050 1209 5106 Ubi
1235 5061 1292 5108 et
1317 5058 1440 5120 apte
1468 5048 1848 5118 subiungitur:
1921 5055 1938 5064 "

965 5141 1194 5198 CAPUT
1234 5141 1300 5196 V.

406 5235 574 5293 Vens.
605 5237 694 5293 15.
719 5263 792 5276 —-
811 5236 1086 5307 Auferetur
1113 5234 1176 5287 ab
1196 5233 1369 5305 impiis
1397 5233 1490 5287 lux
1516 5249 1644 5323 sua.‘

405 5328 463 5386 8.
494 5329 842 5403 Cognitionem
873 5328 1000 5394 leqis
1038 5329 1339 5393 amiserunt,
1386 5326 1522 5396 quod
1544 5324 1751 5380 credere
1795 5323 1924 5379 veri-

408 5521 434 5550 ⁸
475 5512 640 5570 Corb.
683 5511 893 5580 Germ.,
947 5511 1200 5574 Vindoc.,
1251 5507 1446 5570 Laud..
1495 5505 1716 5573 Pratel.,
1764 5503 1924 5562 Salo-

331 5600 484 5638 mone
512 5592 781 5638 attestante
801 5601 891 5640 nos
921 5585 1126 5640 instruit
1151 5583 1237 5650 qui
1261 5583 1355 5634 ait.

407 5653 437 5694 δ
503 5656 592 5711 Sic
637 5656 803 5711 Corb.
853 5656 1068 5721 (ierim,
1128 5649 1356 5716 Turon.,
1404 5649 1635 5706 Vindoc.
1685 5657 1737 5703 et
1787 5662 1926 5704 unus

331 5725 550 5781 Ebroic.
579 5727 632 5780 In
663 5726 832 5781 Laud.
876 5728 1070 5797 legitur
1099 5744 1111 5780 :
1145 5727 1199 5780 in
1228 5725 1349 5797 ipsa
1383 5725 1570 5791 quippe
1598 5721 1771 5775 divina
1801 5736 1924 5791 pro-

333 5797 530 5868 phetia.
553 5799 609 5852 In
624 5798 847 5862 Pratel.,
868 5794 1102 5854 Uticensi
1130 5807 1185 5852 et
1208 5798 1280 5849 al.
1308 5794 1519 5860 Noram,
1537 5808 1673 5864 quos
1691 5806 1926 5859 sequun-

337 5881 426 5924 tur
458 5869 756 5938 Edili,'ipsa
776 5870 962 5938 quippe
991 5871 1078 5922 diu
1100 5871 1153 5922 in
1174 5868 1461 5939 prophetia.

416 5950 438 5979 ο
470 5939 621 5996 Alter
648 5935 1009 6003 Ebro'ic.'.vper
1036 5935 1295 5995 cbaritatis
1325 5935 1712 6004 indulgentiam.

2008 3388 2187 3459 iunxit
2224 3404 2239 3443 :
2275 3385 2342 3441 Et
2375 3386 2646 3443 excussisti
2675 3387 2861 3458 impios
2894 3403 2959 3442 ea:
2982 3388 3094 3442 ea?
3125 3389 3430 3442 Attestante
3468 3383 3613 3439 enim

2013 3480 2204 3544 Paulo,
2235 3479 2479 3550 plerique
2509 3481 2562 3534 in
2612 3494 2675 3534 ea
2718 3490 2845 3534 sunt
2889 3479 2978 3548 qui
3014 3478 3339 3533 conﬁtentur
3367 3490 3426 3530 se
3455 3487 3617 3529 nosse

2014 3572 2207 3640 Deum,
2235 3571 2393 3627 factis
2434 3580 2613 3627 autem
2642 3580 2840 3641 negant
2874 3569 3000 3640 (Tit.
3032 3585 3072 3636 ι,
3107 3568 3217 3641 16).
3251 3567 3448 3638 lmpios
3484 3579 3616 3636 ergo

2014 3677 2079 3714 ex
2118 3675 2181 3715 ea
2211 3660 2469 3715 Dominus
2497 3663 2724 3725 excutit,
2755 3662 2878 3728 quia
2911 3658 2966 3713 hi
2994 3673 3129 3729 quos
3151 3673 3295 3713 nunc
3326 3656 3509 3711 intima
3536 3657 3618 3710 vi-

2018 3754 2088 3808 tia
2113 3752 2414 3823 possident,
2449 3763 2574 3808 tunc
2602 3752 2656 3807 in
2686 3752 2995 3822 voraginem
3028 3761 3230 3820 aperta:
3276 3746 3613 3803 inﬁdelitatis

2014 3844 2208 3900 Cadent
2234 3860 2250 3911 ;
2281 3854 2440 3914 atque
2464 3844 2517 3898 in
2549 3859 2801 3899 acervum
2833 3843 3105 3914 palearum
3136 3847 3421 3897 transeunt
3442 3880 3459 3908 ,
3491 3854 3614 3896 cum

2017 3937 2328 3992 tentationis
2357 3936 2502 3990 illius
2528 3950 2656 3990 aura
2705 3943 3140 3992 commoventur.
3175 3935 3243 3988 Et
3265 3932 3515 4001 quamvis
3554 3945 3617 3987 se

2017 4045 2160 4083 nunc
2199 4029 2302 4084 sub
2329 4028 2508 4098 specie
2536 4027 2659 4085 lidei
2706 4031 2844 4083 intra
2872 4042 3014 4084 area:
3043 4029 3220 4083 sinum
3253 4035 3457 4099 tegant,
3485 4036 3612 4082 tunc

2017 4120 2269 4176 nimirum
2296 4129 2446 4174 extra
2474 4135 2764 4189 granorum
2790 4121 3067 4177 cumulum
3088 4121 3318 4178 districti
3336 4120 3602 4178 examinis

2018 4215 2314 4270 ventilabro
2345 4215 2613 4270 resilient.

2091 4306 2238 4380 Ilico.
2274 4306 2406 4382 IV.]
2434 4307 2594 4381 922
2625 4309 2712 4365 η.
2744 4309 2810 4364 In
2839 4309 2946 4365 illis
2967 4312 3290 4382 signaculum
3319 4310 3442 4381 ﬁdei
3467 4311 3616 4366 verti-

2021 4410 2103 4455 tur
2134 4403 2188 4455 in
2215 4401 2398 4456 lutum.
2428 4432 2500 4443 —
2530 4402 2682 4456 Unde
2711 4413 2764 4458 et
2793 4413 2917 4472 apte
2943 4403 3321 4474 subiungitur:
3355 4405 3616 4458 Restitua-

2023 4505 2106 4549 tur
2129 4503 2183 4546 ut
2212 4494 2377 4548 lutum
2401 4494 2746 4567 signaculum.
2772 4495 2850 4550 Ac
2876 4495 2918 4548 si
2944 4505 3127 4564 aperte
3156 4495 3364 4551 diceret
3387 4514 3398 4549 :
3432 4495 3496 4550 Ili
3526 4496 3618 4566 qui

2027 4606 2168 4646 nunc
2191 4590 2437 4645 videntur
2463 4591 2514 4644 in
2547 4591 2806 4646 Ecclesia:
2827 4591 2946 4646 sinu
2976 4592 3331 4660 signaculum,
3361 4600 3489 4647 tunc
3516 4607 3616 4646 an-

1945 4685 2001 4749 D
2025 4692 2078 4738 te
2103 4684 2291 4739 oculos
2321 4684 2559 4738 omnium
2590 4684 2944 4738 restituentur
2984 4692 3043 4738 ut
3084 4684 3273 4747 lutum,
3305 4684 3357 4740 id
3387 4693 3490 4751 est,
3520 4699 3619 4739 ne-

2027 4791 2290 4848 quaquam
2318 4775 2519 4846 judicia
2551 4775 2827 4831 hominum
2857 4777 2926 4832 de
2964 4777 3301 4848 professione
3344 4776 3621 4845 religionis

2026 4868 2240 4932 fallunt,
2274 4877 2298 4904 °
2343 4869 2436 4922 sed
2468 4868 2607 4938 quod
2639 4877 2852 4923 terrena
2891 4870 3127 4939 sapiant,
3160 4869 3617 4926 demonstrantur.

2028 4960 2176 5016 Solet
2207 4961 2348 5016 enim
2391 4961 2666 5031 Scriptura
2692 4976 2843 5017 sacra
2869 4977 2966 5032 pro
3010 4962 3114 5019 lide
3139 4963 3411 5033 appellare
3438 4963 3619 5032 signa-

2029 5053 2228 5119 culum,
2262 5069 2359 5122 pro
2391 5053 2668 5123 iniquitate
2706 5053 2897 5110 lutum.
2944 5054 3076 5110 Nam
3111 5038 3251 5109 illius
3277 5053 3462 5123 iunior
3505 5053 3618 5121 qui,

2030 5155 2346 5215 consumpta
2369 5147 2688 5212 substantia,
2705 5147 2770 5202 ad
2793 5156 3001 5217 patrem
3025 5147 3184 5202 rediit
3211 5147 3365 5218 (Luc.
3389 5160 3476 5208 xv,
3499 5143 3618 5214 2-2),

2030 5236 2087 5292 in
2117 5252 2341 5293 munere
2373 5238 2629 5294 annulum
2660 5239 2888 5308 accepit.
2914 5237 3143 5292 Gentilis
3191 5237 3335 5291 enim
3365 5234 3619 5304 populus.

2032 5313 2579 5396 qui,'immorta|itate
2617 5327 2820 5398 perdita
2842 5368 2858 5393 ,
2889 5326 2958 5381 ad
2992 5326 3156 5380 Deum
3186 5323 3494 5395 pmnitendo
3537 5339 3621 5380 re-

2101 5503 2129 5545 δ
2161 5506 2216 5563 In
2257 5507 2388 5563 Mss.
2413 5507 2624 5573 Norm.,
2671 5506 2787 5560 haec
2826 5505 2892 5560 ad
2946 5501 3282 5571 superiorem
3333 5500 3617 5572 periodum

2030 5580 2531 5657 pertinent,_sieque
2561 5577 2754 5657 legitur
2786 5577 2918 5657 :_se_d
2944 5576 3206 5657 adlicerere
3307 5590 3420 5657 per.
3445 5573 3619 5627 chari-

2031 5643 2150 5704 tatis
2176 5643 2566 5720 intelligentiam
2589 5643 2710 5720 ([1].,
2741 5646 3145 5717 indulgentiam)
3175 5643 3362 5720 noluit,
3385 5646 3508 5720 dum
3534 5661 3619 5720 so-

2032 5721 2205 5775 lam...
2238 5716 2360 5774 lect.
2381 5721 2561 5773 tenuit.
2608 5716 2677 5771 Et
2727 5733 3050 5788 nequaquam
3101 5716 3222 5774 se...
3263 5719 3463 5790 iunxit,
3496 5718 3619 5787 quia

2030 5794 2097 5858 ei,
2131 5800 2237 5846 etc.

2106 5871 2128 5898 ε
2157 5861 2321 5944 Corb.
2350 5859 2532 5922 Germ.
2557 5901 2578 5944 ρ
2624 5859 2793 5933 Laud.
2821 5903 2838 5931 ,
2886 5861 3084 5920 Pratel.
3107 5871 3159 5920 et
3189 5861 3261 5919 al.
3292 5861 3504 5929 Norm.,
3536 5860 3621 5917 sed

2031 5949 2186 5998 quam
2227 5943 2427 5988 terrena
2457 5943 2679 5997 sapiant.
