4004 6350
557 295 664 390 is;

552 528 753 584 sponso
776 529 873 582 suo
902 513 1156 578 Ecclesia;
1189 515 1420 568 dicitur:
1459 513 1599 572 Pone
1629 531 1707 568 me
1734 523 1793 567 ut
1819 515 2147 584 signaculum

550 623 709 676 super
733 625 822 663 cor
849 618 993 676 tuum
1025 607 1200 679 (Cant.
1232 625 1345 674 vni,
1381 608 1460 684 6).
1490 607 1690 666 Idcirco
1717 590 1945 678 namque
1967 611 2130 682 signa-

552 699 730 752 culum
759 698 920 762 rebus
953 697 1189 766 ponitur,
1225 714 1288 750 ne
1314 714 1415 770 qua
1447 698 1812 767 diripientium
1843 713 2142 774 pressump-

551 791 694 845 tione
749 793 1099 854 temerentur.
1130 775 1372 859 Sponsus
1397 806 1527 860 ergo
1561 798 1588 827 ι
1617 791 1669 844 in
1711 790 1872 844 corde
1900 792 2143 859 signacu-

549 881 660 942 lum
711 881 927 948 ponitur
962 883 1176 950 quando
1221 881 1341 935 lidei
1371 881 1485 950 ejus
1516 880 1830 952 mysterium
1878 881 1930 934 in
1961 891 2142 934 custo-

549 969 633 1025 dia
669 983 869 1028 nostra:
912 973 1252 1042 cogitationis
1291 973 1637 1042 imprimitur,
1682 979 1741 1028 ut
1794 972 1882 1025 ille
1912 972 2140 1026 inlidelis

547 1080 753 1133 servus,
781 1067 1034 1136 nimirum
1059 1076 1242 1124 noster
1263 1069 1628 1136 adversarius,
1653 1083 1772 1122 cum
1799 1069 2004 1136 signata
2036 1068 2142 1136 ﬁde

545 1161 704 1240 corda
735 1157 1064 1229 considerat,
1098 1159 1433 1226 tentanddea
1467 1161 1766 1228 irrumpere
1799 1176 1902 1238 non
1932 1174 2138 1238 ιιι-φευ-

451 1269 454 1272 ·
539 1265 676 1330 mat.
709 1251 735 1290 δ
770 1251 872 1324 Per
899 1251 1063 1306 lutum
1089 1269 1218 1308 vero
1243 1253 1724 1328 terrena-contagia
1754 1252 2137 1308 demonstrau-

545 1361 653 1413 tur,
687 1356 974 1402 attestante
997 1348 1275 1418 Psalnlista
1306 1347 1394 1416 qui
1424 1346 1531 1399 ait:
1565 1346 1808 1400 Eduxiin
1831 1365 1908 1402 me
1929 1348 1993 1402 de
2022 1350 2139 1410 lacu

542 1439 782 1504 miseriae,
807 1447 855 1491 et
883 1437 1075 1491 delato
1100 1437 1242 1506 {lacis
1272 1436 1446 1508 (‘PsaL
1480 1453 1663 1504 χχχιι,
1696 1439 1771 1508 5).
1806 1438 1937 1504 Quia
1981 1439 2139 1508 igitur

543 1530 695 1584 multi
728 1531 778 1584 in
812 1529 1041 1602 terrenis
1085 1529 1348 1600 contagiis
1391 1529 1630 1597 inventi,
1667 1530 1910 1599 perducti
1939 1531 2136 1606 adEc-

540 1624 780 1696 clesiam,
827 1621 1059 1678 cmlestis
1085 1605 1215 1676 ﬁdei
1249 1631 1588 1678 sacramento
1621 1605 2008 1693 signantur,'et
2057 1636 2138 1678 ta-

540 1733 660 1772 men
689 1717 758 1772 ab
790 1715 982 1786 iniquis
1028 1715 1283 1786 operibus
1319 1731 1424 1772 non
1473 1718 1769 1782 recedunt,
1800 1731 1964 1788 seque
1995 1733 2135 1774 nunc

1758 303 2005 376 sanari
2044 303 2374 368 cuneos"
2413 307 2634 370 usam

559 418 808 504 vertitur‘,
862 435 958 498 per
998 420 1117 494 ﬁdei
1151 420 1500 500 signaculum
1545 419 1804 480 munitur.
1853 420 2004 476 Unde
2034 431 2089 482 et
2116 437 2147 476 a
2179 430 2220 492 Α

2865 424 3092 482 CAPUT
3135 425 3247 481 νη.

2327 514 2491 572 Vens.
2528 515 2616 570 15.
2638 546 2709 556 -
2732 517 3008 586 Auferetur
3034 520 3098 572 ab
3129 520 3297 591 impiis
3325 523 3410 577 lux
3434 541 3538 582 sua.

2231 689 2236 692 .
2319 607 2408 661 Η.
2443 608 2777 662 Credenlibus
2807 619 2854 661 et
2881 610 3015 664 male
3040 612 3315 668 viventibus
3343 617 3458 686 ﬁdei
3484 619 3641 690 lumen
3660 625 3776 698 aufe-

2245 708 2407 764 retur,
2459 702 2682 754 maxime
2723 701 3092 782 persecutionis
3150 701 3445 759 Antichristi
3487 718 3777 780 tempore...

2247 789 2430 861 Neqne
2460 793 2604 846 enim
2630 781 2730 846 eos
2756 809 2896 847 nunc
2929 793 3021 848 Dei
3052 795 3232 850 lumen
3263 781 3506 864 illustrai,
3531 803 3674 876 923
3698 811 3774 876 qui

2246 881 2541 954 iniquitatis
2570 899 2682 938 suae
2711 885 2972 964 malitiam
2999 887 3121 972 ﬁdei
3165 889 3378 943 nomine
3405 893 3626 960 palliant.
3653 895 3774 972 [νει.

2244 976 2364 1044 III,
2410 978 2535 1034 Rec.
2592 979 2682 1052 V.|
2714 981 2850 1058 Nam
2887 981 3013 1035 dum
3052 982 3199 1050 juxta
3234 985 3642 1053 praedicationem
3679 993 3779 1049 ﬁdei

2245 1072 2428 1126 vivere
2484 1073 2763 1154 negligunt
2797 1117 2810 1140 ,
2841 1081 2896 1128 et
2921 1083 3098 1156 tamen
3149 1061 3389 1132 eamdem
3441 1080 3589 1136 ﬁdem
3631 1087 3779 1152 specie

2245 1173 2403 1218 lenus
2431 1174 2783 1232 venerantur,
2817 1165 3078 1222 honorem
3107 1168 3230 1223 vitae
3257 1174 3528 1240 przesentis
3551 1190 3608 1229 ex
3638 1177 3780 1232 nomi-

2243 1273 2311 1314 ne
2362 1259 2642 1330 religionis
2691 1273 2976 1348 quzerunt,
3029 1263 3236 1336 hocque
3290 1267 3368 1322 eis
3409 1283 3471 1324 ex
3501 1269 3597 1324 ﬁde
3621 1271 3776 1342 locet,

2237 1348 2382 1426 quod
2413 1364 2504 1402 eos
2533 1349 2668 1404 ﬁdes
2689 1365 2870 1405 coram
2904 1353 3212 1410 hominibus
3252 1358 3472 1414 refovet.
3517 1359 3641 1416 Sunt
3674 1380 3779 1420 vero

2239 1440 2506 1503 nonnulli,
2537 1439 2628 1510 qui
2657 1452 2856 1497 :nterna
2883 1461 3004 1526 qua:
3033 1448 3261 1502 audiunt
3291 1452 3546 1513 veraciter
3570 1455 3778 1522 credunt,

2238 1537 2299 1606 et.
2325 1538 2502 1584 tamen
2531 1531 2709 1586 eidem
2735 1549 2896 1602 quam
2927 1544 3111 1602 tenent
3139 1537 3264 1594 ﬁdei
3291 1539 3426 1594 male
3455 1541 3666 1598 vivendo
3688 1559 3782 1600 con-

2241 1622 2528 1677 tradicunt.
2582 1623 2795 1702 Habent
2841 1626 2894 1680 hi
2951 1643 3168 1699 quoque
3199 1627 3225 1666 ἀ
3267 1631 3320 1686 in
3364 1632 3589 1688 tenebris
3638 1637 3780 1702 lucem

2240 1723 2416 1782 suam,
2449 1715 2574 1782 quia
2621 1701 2748 1769 dum
2781 1731 3032 1784 perversa
3058 1703 3243 1791 agunt,
3276 1732 3330 1777 et
3375 1737 3550 1779 tamen
3595 1726 3655 1781 de
3695 1701 3782 1782 Deo

539 1808 657 1863 lidei
680 1806 944 1882 velamine
966 1818 1279 1886 contegunt,
1305 1807 1544 1882 sedcutn
1583 1809 2129 1877 lempusinvenerint,
2161 1811 2210 1888 Β
2239 1813 2383 1856 recta
2415 1809 2672 1870 sentiunt,
2712 1824 2777 1859 ne
2815 1810 3190 1866 tenebrescant
3226 1805 3482 1879 funditus,
3504 1807 3566 1886 ex
3587 1817 3778 1886 quadam

533 1901 660 1978 quid
691 1901 797 1955 sint
837 1902 1100 1972 veraciter
1139 1899 1452 1962 ostendunt,
1490 1913 1638 1956 recte
1677 1902 1914 1984 dicitur:
1959 1903 2158 1956 Resti-e

537 2005 698 2049 tuetur
728 2005 781 2049 ut
821 1995 984 2048 lutum
1010 1994 1354 2064 signaculum.
1384 1993 1533 2059 Quos
1588 1994 1731 2049 enim
1766 2009 1906 2048 nunc
1949 1994 2134 2049 ﬁdeles

511 2073 820 2152 'credimus,
868 2086 1015 2158 ipsos
1059 2095 1186 2148 tunc,
1231 2087 1353 2142 ﬁdei
1413 2087 1600 2146 hostes
1658 2088 2026 2154 inveniemus;
2079 2101 2134 2143 et

535 2183 775 2251 quamvis
830 2163 1124 2262 appareant
1171 2195 1273 2233 non
1307 2178 1876 2248 tentati‘signaculum
1907 2224 1922 2246 ,
1966 2192 2126 2234 erunt

535 2273 720 2342 procul
772 2271 936 2325 dubio
970 2271 1154 2324 tentati
1211 2271 1402 2346 lutum.
1432 2267 1591 2326 Unde
1629 2280 1682 2323 et
1726 2279 1871 2325 recte
1901 2269 2129 2334 dicitur,

537 2362 869 2426 Restituetur,
903 2361 1025 2434 quia
1059 2361 1232 2430 qualis
1263 2376 1450 2415 earum
1483 2362 1811 2416 conscientia
1844 2378 1968 2417 esse
2007 2374 2131 2419 ante
2165 2431 2178 2439 ί

539 2456 696 2508 lidctn
742 2455 940 2540 potuit,
997 2464 1020 2492 ε
1064 2453 1196 2530 tales
1224 2465 1319 2508 eos
1347 2462 1469 2523 post
1509 2453 1725 2508 modum
1762 2455 1985 2522 reproba
2026 2456 2130 2509 vita

535 2544 824 2600 convincit.
853 2543 926 2600 De
952 2544 1143 2627 quibus
1169 2553 1293 2613 apte
1323 2543 1704 2615 subjungitur:
1735 2544 1802 2598 Et
1825 2544 1980 2600 stabit
2002 2547 2131 2599 sicut

534 2640 902 2694 vestimentum.
1671 2703 1674 2708 Ι

610 2733 698 2788 15.
745 2730 925 2785 Multis
954 2747 1089 2783 nunc
1116 2729 1263 2800 quasi
1285 2729 1595 2784 vestimentis
1634 2739 1846 2782 ornatur
1873 2727 2128 2795 Ecclesia,

535 2828 737 2896 quibus,
766 2827 1020 2896 ﬂagrante
1056 2805 1426 2896 persecutione,
1457 2821 1755 2876 uudabitur.
1777 2804 1964 2875 —T.ot
1989 2837 2132 2877 nunc

532 2917 683 2988 quasi
708 2915 949 2972 vestibus
972 2922 1154 2969 saneta
1177 2914 1415 2968 Ecclesia
1441 2913 1703 2976 induitur,
1727 2927 1854 2983 quot
1892 2913 2128 2966 ﬁdelium

534 3010 880 3086 Venet-alioue
896 3008 1200 3063 decoratur.
1227 3003 1382 3064 Unde
1403 3015 1459 3061 et
1485 3009 1532 3060 ei
1556 2991 1788 3061 ostensis
1809 3006 2123 3082 gentilibus,

505 3120 562 3170 _a
611 3102 842 3176 ‘Domino
874 3091 970 3172 per
1027 3100 1346 3172 pmpbetam
1389 3101 1624 3154 dicitur:
1665 3098 1792 3154 Vivo
1847 3114 1962 3170 ego,
2005 3100 2130 3152 dicit

2241 1903 2389 1963 parte
2442 1897 2648 1966 fulgore
2703 1899 2922 1956 luminis
2978 1903 3340 1959 illustrantur.
3379 1897 3484 1972 'Qui
3533 1909 3647 1961 dum
3691 1909 3780 1977 plus

2240 1995 2448 2039 terrena
2478 2003 2636 2056 quam
2668 1991 2912 2045 cmlestia
2942 2035 2954 2057 ,
2987 1995 3108 2061 plus
3139 2011 3262 2066 quae
3308 1998 3489 2054 vident
3515 2015 3659 2068 quam
3687 1987 3780 2069 qua

2238 2080 2483 2164 audiunt,
2519 2090 2542 2116 θ
2571 2081 2818 2158 diligunt,
2845 2087 3092 2154 pulsante
3118 2079 3737 2158 persecutioiiis'articulo
3764 2133 3776 2159 ,

2242 2171 2384 2238 quod
2418 2167 2623 2226 rectum
2653 2176 2875 2232 credere
2908 2179 3235 2236 videbantur
3265 2184 3530 2240 amittunt.
3553 2183 3689 2252 Quod
3707 2187 3778 2241 illo

2241 2261 2473 2317 maiime
2506 2275 2743 2338 tempore
2773 2269 3118 2340 multiplicius
3168 2280 3378 2342 agitur,
3422 2277 3641 2345 quando,
3678 2271 3777 2332 sur-

2236 2365 2392 2425 gente
2425 2358 2540 2425 ipso
2573 2360 2872 2428 iniquorum
2897 2363 3092 2434 capite,
3141 2368 3193 2420 in
3231 2357 3483 2423 sanctam
3533 2370 3779 2424 Ecclesiam

2237 2455 2613 2514 persecutione
2637 2451 2846 2519 ultima,
2866 2454 3050 2509 liberis
3066 2455 3178 2510 suis
3195 2457 3405 2514 viribus
3427 2461 3539 2528 ejus
3561 2459 3774 2514 fortitudo

2232 2550 2532 2606 grassatur.
2563 2541 2638 2594 lbi
2667 2551 2795 2596 tunc
2824 2560 2917 2598 cor
2947 2546 3368 2620 uniuscujusque
3391 2545 3690 2616 ostenditur,
3708 2549 3776 2604 ubi

2235 2631 2486 2698 quidquid
2541 2633 2593 2687 in
2641 2637 2870 2690 occultis
2924 2639 3124 2694 latebat
3161 2647 3443 2712 aperitur;
3475 2645 3632 2714 etqui
3673 2657 3780 2698 nunc

2233 2737 2328 2776 ore
2357 2733 2484 2777 sunt
2529 2725 2621 2793 pii,
2679 2739 2733 2780 et
2759 2731 2922 2782 corde
2964 2741 3088 2786 sunt
3127 2733 3302 2802 impii,
3335 2736 3593 2805 publicata
3622 2735 3776 2790 malitia

2234 2823 2522 2882 corruunt,
2559 2828 2614 2873 et
2643 2820 2812 2874 lliCt'nl
2846 2823 2966 2876 ﬁdei
2995 2839 3154 2894 quam
3177 2827 3363 2896 specie
3385 2835 3532 2882 tenus
3552 2817 3775 2882 tenuerant

2227 2909 2484 2992 perdunt.
2532 2909 2637 2965 Sed
2677 2914 2816 2966 inter
2855 2914 2990 2968 lttcc'
3016 2931 3238 2990 necesse
3264 2928 3358 2974 est
3388 2925 3445 2974 ut
3475 2913 3779 2987 unusquisque

2238 3014 2482 3058 nostrum
2512 3005 2578 3057 ad
2611 3005 2790 3061 cordis
2838 3007 2920 3060 sui
2967 3019 3233 3074 secretum
3283 3011 3494 3080 redeat,
3525 3021 3574 3067 ct
3595 3007 3781 3064 actionis

2235 3109 2346 3148 sua:
2380 3096 2571 3162 damna
2608 3099 2974 3165 pertimescat,
3009 3117 3092 3166 ne,
3124 3104 3468 3172 exigentibus
3492 3104 3684 3164 meritis,
3706 3113 3784 3170 per

535 3196 807 3260 Dominus,
847 3195 968 3276 quia
1000 3195 1233 3248 omnibus
1269 3195 1348 3249 his
1382 3195 1518 3247 velut
1560 3203 1859 3248 ornamento
1907 3192 2134 3246 vestieris
2159 3193 2207 3259 ο
2239 3185 2536 3241 districtum
2571 3189 2833 3257 justitiam
2860 3193 3189 3260 judiciorum
3225 3195 3328 3252 Dei
3359 3199 3412 3252 in
3436 3197 3606 3252 talium
3634 3192 3785 3248 helui-

535 3283 689 3356 (Isai.
721 3302 841 3340 Itle
871 3327 885 3352 ,
917 3282 1032 3352 18).
1066 3285 1248 3340 Multis
1289 3295 1469 3339 tamen
1506 3281 1658 3354 quasi
1693 3283 1940 3337 ﬁdelibus
1985 3285 2128 3335 nunc

475 3373 478 3376 ’
534 3378 712 3449 Specie
743 3390 896 3433 tenus
926 3377 1184 3443 induitur,
1213 3378 1305 3432 sed
1334 3377 1578 3447 pulsante
1609 3376 1998 3444 persecutionis
2025 3372 2127 3428 im-

529 3457 677 3548 petu,
703 3483 828 3528 tunc
851 3471 930 3528 eis
959 3481 1116 3552 exulta
1141 3469 1431 3526 nudabitur
1455 3487 1469 3534 ;
1511 3469 1580 3524 de
1605 3483 1831 3538 quorum
1863 3477 2008 3521 ειη-ιθ
2042 3469 2127 3522 hic

532 3563 762 3634 dicitur:
815 3563 880 3616 Et
923 3563 1074 3615 stabit
1112 3562 1245 3616 sicut
1278 3563 1648 3616 vestimentum.
1685 3559 1840 3614 Stare
1867 3573 1996 3612 vero
2028 3559 2130 3612 hoc

487 3639 502 3646 ’
541 3655 658 3708 loco
691 3654 906 3724 ponitur
937 3654 990 3706 in
1025 3661 1246 3723 peccato
1292 3654 1600 3722 persistere.
1660 3653 1811 3706 Unde
1863 3656 2126 3720 scriptum

490 3815 496 3824 η
533 3756 618 3802 est
654 3763 668 3799 :
708 3745 773 3799 Et
791 3743 850 3799 "in
874 3747 958 3816 via
995 3754 1318 3815 peccatorum
1353 3763 1453 3799 non
1485 3727 1625 3798 stetit
1658 3744 1826 3812 (Psal.
1853 3761 1893 3812 ι,
1926 3746 2001 3814 1).
2039 3745 2130 3799 Vel

487 3907 492 3912 _
527 3835 681 3906 certe
705 3837 968 3910 reprobus
989 3839 1227 3912 quisque
1254 3838 1396 3890 sicut
1423 3824 1801 3890 vestimentum
1827 3849 1971 3890 stare
1999 3838 2127 3890 dici-

535 3941 647 3998 tur,
671 3941 858 3985 utnon
899 3909 1055 3997 posse
1083 3940 1228 3984 stare
1259 3939 1607 3996 monstretur,
1637 3931 1756 4000 quia
1784 3934 1922 3985 sicut
1946 3932 2128 3996 induta

501 4023 694 4095 vestis
725 4025 775 4076 in
807 4022 1030 4077 visionis
1083 4037 1202 4076 suae
1263 4023 1444 4092 specie
1485 4038 1580 4090 per
1609 4037 1806 4092 corpus
1853 4024 2124 4085 tenditur,

533 4125 694 4168 exuta
719 4122 900 4166 autem
936 4110 1105 4165 fracta
1139 4111 1511 4180 complicatur,
1549 4113 1620 4165 ita
1645 4117 2006 4182 unusquisque
2037 4114 2126 4182 qui

529 4220 557 4260 a
587 4213 790 4259 sanctae
822 4203 1082 4258 Ecclesia:
1119 4213 1245 4258 tunc
1295 4212 1431 4258 statu
1486 4207 1791 4270 receSserit,
1841 4214 2023 4261 tensus
2063 4222 2126 4261 ac

534 4298 768 4352 decorus
796 4293 954 4366 quasi
977 4295 1104 4349 dum
1136 4296 1450 4348 inducretur
1477 4295 1600 4360 fuit,
1634 4297 1726 4348 sed
1760 4307 1952 4350 exutus
1977 4307 2122 4366 post-

528 4385 772 4452 modum,
826 4386 1137 4442 confractus
1185 4395 1345 4453 atque
1373 4385 1618 4454 abjectus
1655 4387 1873 4454 jaeebit.
1907 4387 1963 4441 Si
1997 4404 2126 4443 vero

527 4487 671 4532 stare
701 4477 1054 4548 intelligimus
1085 4477 1398 4547 perdurare,
1448 4476 1588 4530 sicut
1618 4477 1994 4532 vestimentum
2021 4488 2126 4532 stat

2236 3295 2360 3330 num
2397 3295 2676 3333 numerum
2712 3283 2968 3338 incurrat.

2303 3371 2454 3443 [tua
2503 3371 2628 3445 VL]
2670 3374 2757 3426 15.
2798 3373 2922 3428 lam
2954 3377 3005 3429 in
3038 3379 3275 3432 membris
3308 3381 3416 3434 suis
3442 3381 3558 3434 uiuit
3599 3385 3639 3432 rt
3672 3375 3783 3431 snit

2235 3462 2595 3518 Autichristus.
2627 3497 2698 3507 —
2719 3463 2886 3518 Nemo
2917 3482 3095 3522 antem
3128 3471 3226 3524 sibi
3255 3471 3472 3526 incaute
3502 3469 3774 3529 blandiatur,

2232 3565 2284 3606 et
2317 3554 2519 3610 idcirco
2547 3556 2563 3592 ί
2601 3573 2659 3611 se
2687 3572 2715 3611 a
2741 3559 2835 3612 tali
2863 3574 2991 3614 casu
3019 3543 3338 3618 extraneum
3370 3565 3572 3629 credat,
3609 3562 3713 3633 quia
3730 3557 3778 3613 ad

2232 3647 2376 3702 illius
2403 3654 2737 3722 tempestatis
2766 3655 3058 3722 procellam
3101 3649 3402 3725 pervenire
3422 3674 3479 3712 se
3511 3673 3605 3711 non
3627 3653 3782 3709 existi-

2234 3755 2364 3798 mat.
2396 3747 2440 3800 0
2470 3747 2652 3813 quanti
2705 3748 2843 3802 illius
2889 3752 3199 3804 tentationis
3249 3762 3492 3823 tempora
3539 3767 3637 3804 non
3662 3745 3786 3802 vide-

2233 3847 2377 3902 runt,
2407 3849 2462 3891 et
2487 3849 2660 3894 tamen
2695 3841 2744 3892 in
2771 3841 2888 3908 ejus
2917 3844 3228 3898 tentationis
3258 3845 3496 3912 procella
3519 3847 3783 3915 versantur.

2233 3928 2361 3980 tlain
2397 3937 2607 4006 tempus
2650 3930 2966 3985 Antichristi
3015 3947 3122 3985 non
3162 3934 3318 4000 vidit,
3359 3943 3415 3988 et
3443 3947 3616 3990 tamen
3644 3941 3785 3983 mem-

2233 4021 2386 4074 brum
2421 4022 2730 4074 Anticbristi
2770 4038 2866 4092 per
2897 4011 3144 4078 meritum
3171 4023 3267 4078 fuit
3301 4023 3508 4096 (Cenes.
3537 4022 3626 4092 tv).
3653 4020 3786 4074 ludas

2231 4113 2496 4167 s‘wvitiam
2555 4115 2940 4181 persecutionis
2995 4116 3135 4172 illius
3175 4119 3465 4187 ignoravit,
3502 4125 3526 4164 Β
3559 4104 3610 4170 et
3634 4123 3784 4166 tamen

2233 4205 2434 4258 viribus
2466 4205 2798 4261 crudelitatis
2829 4209 2964 4275 ejus,
2980 4209 3199 4264 avaritia
3223 4191 3509 4278 suadente,
3535 4203 3784 4264 succubuit

2229 4294 2449 4367 (Matth.
2470 4314 2628 4365 xxvi,
2664 4298 2777 4368 15).
2810 4298 2997 4354 Simon
3015 4300 3220 4357 divisus
3245 4301 3408 4375 longe
3429 4293 3786 4372 abAnticbristi

2229 4389 2561 4454 temporibus
2591 4391 2818 4457 exstitit,
2852 4402 2907 4448 et
2943 4403 3120 4448 tamen
3150 4395 3266 4464 ejus
3298 4411 3361 4451 se
3391 4393 3680 4466 superbiae,
3707 4387 3788 4442 mi-

2230 4483 2531 4535 raculorum
2567 4485 2857 4551 petentiam
2887 4485 3144 4554 perve‘rse
3171 4489 3481 4556 appetendo
3503 4530 3518 4554 ,
3541 4479 3787 4553 conjunxit

527 4569 753 4640 quisque
803 4569 1068 4639 reprobus
1119 4570 1208 4639 qui
1243 4570 1296 4622 in
1331 4570 1431 4621 bac
1461 4570 1568 4621 vita
1601 4585 1758 4637 quam
1791 4569 1963 4639 diligit
1995 4571 2118 4624 bre-
2152 4577 2202 4636 1)
2231 4571 2368 4642 (Act.
2400 4587 2513 4642 vui,
2569 4574 2682 4642 i9).
2732 4571 2820 4630 Sic
2875 4575 3110 4650 iniquum
3161 4591 3362 4646 corpus
3387 4593 3486 4632 suo
3516 4574 3696 4644 capiti,
3725 4569 3787 4623 sic

492 4639 506 4660 ⁴
526 4639 664 4715 viter
694 4662 872 4715 durat.
911 4661 1062 4716 Unde
1091 4671 1144 4714 et
1174 4676 1272 4730 per
1303 4659 1629 4728 Prnpbetam
1659 4660 1858 4715 dicitur
1893 4679 1904 4714 :
1937 4662 2128 4716 Urania

525 4739 657 4807 sicut
677 4753 1031 4807 vestimentum
1061 4763 1399 4818 veterascent,
1433 4762 1481 4806 et
1510 4753 1642 4806 sicut
1670 4757 1985 4820 opertorium
2008 4773 2125 4810 mu-

479 4863 484 4871 '
525 4846 656 4900 tabis
701 4861 780 4911 ea,
834 4856 880 4898 et
931 4847 1261 4898 mutabuntur
1293 4845 1466 4910 (Psal.
1499 4859 1575 4908 cr,
1600 4843 1717 4915 28).
1749 4847 1870 4900 Haec
1895 4849 2074 4917 itaque
2101 4886 2119 4916 ,

523 4959 641 5013 qua:
671 4941 1050 5010 allegoriarum
1081 4942 1222 4996 nube
1271 4948 1416 4993 recta
1474 4939 1695 5006 intulit,
1749 4955 1888 4996 nunc
1944 4942 2120 4997 verbis

522 5035 882 5108 apertioribus
919 5036 1231 5101 innotescit,
1264 5033 1506 5087 subdens
1541 5049 1554 5086 :

595 5141 619 5166 κ
651 5126 998 5200 Ιὶόεῖηοοάε,
1022 5127 1075 5181 in
1107 5143 1195 5200 cur
1221 5127 1547 5200 signaculum

595 5200 620 5238 δ
645 5199 855 5254 'Pratel.
887 5213 941 5252 et
959 5197 1130 5253 Corb.
1167 5199 1381 5263 Germ.,
1417 5197 1700 5265 per-lutum
1721 5214 1839 5252 vero
1865 5201 1987 5269 quia
2007 5211 2112 5253 ter-

519 5290 644 5325 rena
664 5271 901 5340 contagia
922 5273 1362 5340 demonstrantur,
1390 5278 1663 5332 attestatur
1683 5270 1872 5340 proph.

561 5385 574 5394 η
594 5354 615 5379 ο
644 5339 1017 5397 (ὶοῐὺμϐθιδιη.
1050 5349 1104 5392 et
1146 5339 1338 5404 Laud.,
1364 5343 1492 5394 tales
1520 5339 1696 5392 eorum
1718 5354 1764 5394 et
1792 5343 2115 5411 postmodum

517 5417 734 5480 reprobo
763 5414 882 5465 vita.

589 5482 1041 5562 ξίϐοι-ὺμᾷθηῃη
1067 5479 1296 5536 Vindoc.
1326 5523 1342 5547 ,
1380 5482 1601 5552 Pratel.,
1637 5473 1773 5542 Utic.
1800 5525 1814 5550 ,
1872 5486 2004 5539 inter
2045 5495 2115 5539 te-
2168 5501 2176 5504 ‘

517 5556 886 5698 "etrftixattts
913 5625 1027 5698 _bic
1061 5625 1212 5678 locus
1259 5626 1552 5698 omissione
1597 5630 1746 5684 verbi
1785 5628 2023 5698 diligunt,
2059 5627 2110 5680 in

519 5697 662 5752 Edit.
684 5691 883 5762 'Gilot.,
913 5693 1084 5750 Vatic.
1119 5707 1178 5751 et
1205 5697 1324 5750 aliis
1345 5711 1450 5749 non
1485 5702 1694 5765 pauCis,
1726 5691 2111 5760 restititttts’est

517 5766 774 5890 opeurg‘s.
804 5767 1012 5836 Anglic.
1039 5775 1095 5820 et
1116 5767 1380 5830 Gallican.
1405 5783 1611 5822 necnon
1640 5781 1746 5824 vet.
1769 5772 1906 5823 ladit'.
1937 5770 2085 5823 Parus

518 5852 573 5894 ct.
673 5851 720 5892 ει
743 5869 761 5888 .

2225 4665 2482 4718 membris
2527 4666 2764 4720 membra
2791 4665 3088 4734 junguntur
3112 4709 3128 4730 ,
3159 4683 3279 4722 cum
3311 4681 3367 4723 et
3407 4666 3700 4736 cognitione
3737 4671 3785 4710 se

2195 4749 2511 4821 nesciunt,
2542 4771 2596 4811 et
2620 4767 2799 4812 tamen
2826 4769 2991 4826 prava
3047 4759 3148 4813 sibi
3197 4763 3414 4815 actione
3473 4757 3783 4827 cupulantur.

2223 4849 2408 4919 Neque
2455 4838 2598 4903 enim
2641 4847 2935 4921 bet-gamus
2965 4849 3180 4904 Balaam
3215 4851 3384 4905 libros
3413 4858 3507 4904 aut
3535 4849 3687 4902 verba
3711 4853 3786 4895 co-

2219 4953 2500 5012 gnoverat,
2531 4954 2583 4997 et
2613 4950 2790 4996 tamen
2822 4944 2940 5011 eius
2986 4945 3279 5013 nequitiam
3333 4958 3600 5014 sequens,
3619 4938 3651 4980 -Ιι
3678 4947 3788 4989 voce

2219 5051 2466 5103 Superos:
2493 5035 2876 5102 increpatiOnis
2903 5037 3154 5089 audiebat
3185 5052 3202 5090 :
3239 5034 3423 5103 Habes
3455 5035 3566 5088 illic
3597 5035 3786 5084 tenentes

2303 5127 2322 5165 ί
2357 5130 2432 5182 lla
2457 5129 2618 5202 Corrb.
2651 5129 2861 5191 θεῖ-ιη..
2880 5129 3601 5202 ΥάηάοςηίΕῢΓοῇρ.ᾲεΙίρψιβ
3620 5123 3781 5202 Diutiu-

2221 5215 2284 5255 ac
2313 5213 2420 5252 vet.
2446 5201 2568 5253 Edit
2597 5201 2768 5254 Paris.
2790 5200 2929 5253 uss
2951 5191 3184 5255 “.1495.
3209 5202 3268 5256 In
3301 5200 3445 5256 Edil.
3467 5191 3779 5255 ParisJEilb'.

2219 5286 2274 5338 et
2308 5273 2359 5324 in
2387 5273 2564 5340 Baeti.
2597 5269 2740 5340 ,15ᾡό
2769 5287 2832 5342 ac
2876 5271 3034 5340 iii-l4,
3060 5272 3251 5342 legitur
3278 5271 3596 5342 simpliciter
3635 5285 3646 5318 :
3690 5277 3736 5314 se
3757 5275 3783 5310 ll

2224 5342 2314 5395 tali
2356 5339 2653 5396 extraneum
2681 5339 2889 5396 credat.
2925 5343 2980 5396 In
3021 5339 3226 5397 recent.
3273 5339 3439 5397 babes
3482 5354 3676 5402 occasu,
3701 5346 3782 5402 pro

2223 5432 2512 5538 “attulit-rb.
2533 5484 2743 5552 Germ.,
2773 5484 2989 5538 Ebroic.
3017 5483 3214 5549 aliique
3239 5484 3422 5538 Noun.
3455 5484 3672 5552 etvetus
3693 5475 3777 5552 Ed.

2227 5557 2417 5619 l’aris.,
2450 5565 2494 5608 et
2520 5565 2690 5610 tamen
2709 5547 2819 5628 juri
2831 5547 3244 5628 crudelitatis...
3290 5553 3573 5628 succubuit.
3609 5547 3774 5628 Laud.»

2222 5635 2267 5679 et
2296 5618 2470 5710 tamen
2499 5629 2622 5698 jure
2663 5618 2981 5680 crudelitatis
3009 5628 3121 5697 ejus
3145 5626 3362 5680 avaritia
3399 5623 3658 5677 suadentis
3679 5618 3778 5670 sub.

2222 5698 2604 5834 “inmundae”
2629 5767 2819 5833 Laud.,
2844 5768 3066 5834 Pratel.,
3093 5773 3205 5823 etc.
3232 5808 3249 5835 ,
3269 5782 3441 5822 uocem
3471 5773 3692 5835 suum
3708 5759 3774 5810 ἀπ’

2224 5839 2552 5907 crepationis.
2813 5849 2816 5852 ·
3289 5847 3296 5852 ‘
3591 5837 3616 5852 "
