4036 6348
210 473 217 481 .
251 416 361 478 485

971 372 1331 477 tuomtuum
1369 419 1497 475 LIB.
1538 415 1775 481 xxvut.
1818 446 1888 471 -.-
1929 417 1994 491 tu
2032 416 2261 489 cum
2301 419 2566 477 xxxviii
2609 423 2667 476 Β.
2707 418 2849 478 JOB.

3428 418 3541 487 486

250 538 544 623 doctrinam
572 535 813 601 Balaam,
844 537 937 605 qui
963 536 1175 590 docebat
1196 534 1360 589 Balac
1397 536 1595 589 mittere
1623 534 1846 587 scanda—
1871 535 1926 598 Α
1948 533 2016 589 de
2041 519 2629 604 confessiondChristi,
2645 539 2740 599 sed
2760 538 2829 593 de
2846 536 3073 605 justitite
3092 535 3323 593 veritate
3350 538 3538 606 requi-

248 633 361 689 lum
388 624 588 685 crit-am
625 630 749 700 ﬁliis
779 627 967 694 Israel,
999 630 1147 689 edere
1194 638 1242 684 et
1279 628 1529 697 fornicari
1571 626 1755 699 (Apoc.
1787 642 1845 692 ιι,
1880 650 1885 659 ·

252 727 370 793 Η).
405 724 682 795 Thyatira:
730 739 945 794 quoque
996 723 1283 781 ecclesiam
1326 740 1358 779 a
1396 722 1614 779 Iezabel
1658 722 1847 776 notitia

252 827 277 859 ι·
303 828 361 874 et
389 825 635 885 tempora
661 824 716 870 et
743 815 861 873 loca
890 814 1233 882 dividebant;
1266 815 1362 871 sed
1409 815 1532 884 quia
1581 828 1699 869 eam
1750 828 1847 883 par

253 913 379 965 vita:
429 919 612 965 reatus
657 910 1017 973 astrinxerat,
1068 910 1246 965 inesse
1270 910 1322 965 ei
1345 908 1565 971 Jezabel
1602 909 1797 965 dicitur
1829 949 1843 970 .

250 1010 416 1069 atque
438 1000 702 1069 operibus
730 1002 1002 1069 perversis
1019 1002 1290 1068 insistere,
1320 1000 1513 1071 angelo
1534 1008 1843 1064 attestaute,

252 1093 347 1161 qui
402 1092 516 1149 ait:
550 1090 728 1155 Habeo
777 1093 1023 1167 adversus
1063 1105 1111 1148 te
1154 1093 1371 1161 aliqua;
1430 1092 1551 1162 quia
1599 1093 1850 1162 permittis

252 1185 523 1243 mulierem
583 1181 795 1245 lambe!
831 1223 848 1249 ,
900 1197 1019 1252 qua
1072 1199 1125 1243 se
1188 1184 1314 1243 dicit
1367 1182 1649 1253 propheten
1678 1220 1696 1246 ,
1752 1182 1845 1234 do-

250 1293 369 1337 cere
394 1286 443 1331 et
468 1278 709 1335 seducere
736 1293 907 1333 servos
934 1292 1094 1345 meos,
1118 1276 1364 1346 fornicari
1385 1288 1437 1335 et
1455 1276 1766 1337 manducare
1785 1276 1848 1328 de

249 1371 553 1442 idolothytis
582 1370 771 1441 (lbid.,
800 1369 919 1441 20).
952 1371 1093 1426 Ecce
1115 1370 1241 1440 quia
1269 1368 1492 1438 reperiri
1518 1377 1843 1437 potuerunt,

248 1467 344 1535 qui
371 1464 595 1527 Iezabel
623 1465 787 1521 vitam
814 1464 1045 1534 reproba
1072 1465 1288 1525 actione
1313 1461 1489 1523 secuti
1534 1470 1663 1529 sum
1687 1503 1703 1527 ,
1752 1462 1845 1516 Je-

248 1558 406 1623 zabel
438 1556 552 1619 illic
575 1558 792 1617 inventa
823 1555 1316 1626 memoratur,quia
1342 1554 1599 1619 videlicet
1623 1568 1846 1621 pravum
1883 1607 1901 1629 ,

250 1658 454 1719 Corpus
482 1648 761 1717 mnjunati
791 1662 972 1713 mores
1000 1662 1167 1707 unum
1205 1646 1406 1709 faciunt
1430 1686 1447 1711 ,
1473 1636 1637 1702 etiam
1666 1647 1711 1701 si
1743 1647 1846 1700 hoc

250 1741 376 1807 loca
415 1742 499 1801 vel
552 1748 792 1808 tempore
832 1740 1107 1799 scindunt.
1144 1740 1297 1799 Unde
1323 1740 1464 1803 litat
1492 1739 1546 1803 in
1576 1740 1845 1807 perversis

252 1836 371 1899 suis
399 1836 758 1897 imitatoribus
784 1843 839 1891 et
858 1836 1077 1904 iniquus
1100 1836 1327 1906 quisque
1348 1844 1568 1891 matteat
1605 1837 1694 1903 qui
1728 1834 1843 1904 jam

1949 626 2087 679 situs
2116 626 2370 691 occubuit
2400 626 2596 697 (Marc.
2631 644 2708 693 vi,
2736 627 2867 696 28);
2899 626 2995 693 sed
3022 627 3143 697 quia
3186 626 3430 682 Christus
3458 634 3543 683 est

1949 718 2169 785 veritas,
2200 719 2267 775 ad
2292 727 2519 781 mortem
2552 735 2722 790 usque
2748 718 2951 783 idcirco
2981 734 3079 790 pro
3109 718 3327 775 Christo
3346 761 3362 785 ,
3412 708 3561 799 qui‘a'

1953 810 2205 868 videlicet
2232 827 2335 883 pro
2362 815 2609 882 veritate,
2641 814 2908 884 pervenit.
2943 812 3209 881 Ponamus
3247 829 3377 885 ergo
3415 823 3542 870 ante

1950 904 2134 961 oculos
2161 903 2307 970 quod
2337 905 2533 974 aliquis
2571 915 2951 973 percunctatus
2983 920 3271 976 personam
3303 906 3539 975 potentis

1949 998 2179 1067 accepit,
2207 1008 2262 1065 et
2278 1014 2353 1063 pe
2374 1000 2522 1055 verbi
2554 999 2743 1069 saltem
2775 999 3028 1067 iniuriam
3057 1008 3330 1070 pateretur
3351 1039 3367 1067 ,
3391 1002 3539 1055 veri-

1952 1101 2116 1147 tatem
2147 1094 2379 1162 negavit.
2430 1093 2571 1169 Quid
2603 1108 2732 1163 rogo
2762 1093 2866 1149 iste
2904 1092 3107 1161 laceret
3137 1093 3193 1146 in
3217 1092 3404 1148 dolore
3427 1107 3539 1163 pm-

1920 1172 2138 1257 ‘naru'm
2158 1231 2174 1256 ,
2202 1190 2293 1258 qui
2326 1187 2598 1253 Christum
2624 1186 2839 1243 erubuit
2887 1187 3027 1241 inter
3075 1182 3321 1252 ﬂagellaf
3342 1184 3539 1241 Verbo-

1950 1272 2103 1343 rum?
2135 1280 2274 1335 Ecce
2304 1288 2361 1335 et
2382 1289 2505 1351 post
2532 1282 2650 1337 haec
2680 1287 2808 1334 ante
2847 1278 3033 1335 oculos
3061 1276 3337 1335 hominum
3361 1275 3540 1341 adhuc

1948 1371 2287 1427 Christianus
2318 1380 2423 1438 est,
2452 1382 2509 1433 et
2540 1381 2719 1437 tamen
2767 1371 2810 1423 si
2850 1383 2974 1437 eum
3007 1368 3265 1429 Dominus
3301 1367 3541 1423 districte

1949 1466 2210 1533 disposuit
2235 1465 2505 1535 judicare,
2536 1465 2648 1533 jam
2679 1477 2787 1519 non
2818 1473 2921 1518 eat.
3632 1446 3633 1449 “

2020 1555 2108 1611 17.
2137 1555 2205 1621 Et
2259 1558 2345 1625 qui
2400 1556 2655 1625 corrigere
2688 1598 2702 1623 ,
2754 1569 2872 1611 cttm
2918 1563 3209 1620 teneantur,
3253 1553 3540 1625 negligunt.‘

1952 1646 2074 1709 Non
2099 1649 2282 1721 desunt
2309 1648 2365 1707 in
2387 1663 2509 1715 pace
2528 1646 2772 1713 Ecclesiae
2801 1646 3103 1711 Antichristi
3133 1653 3543 1705 nutrimenta.—

1950 1740 2120 1799 Video
2163 1749 2344 1795 autem
2375 1739 2553 1805 alios,
2606 1740 2804 1815 quibus
2858 1752 2953 1806 per
3004 1739 3182 1797 locum
3238 1722 3538 1809 magisterii
3604 1746 3609 1751 ‘

1948 1831 2269 1888 exhortandi
2304 1842 2431 1885 sunt
2459 1831 2635 1903 otticia
2683 1818 3054 1899 arguendique
3097 1830 3407 1894 commissa,
3448 1828 3543 1898 qui

238 1922 561 1997 praeteriit,
589 1936 649 1987 et
699 1925 767 1987 in’
800 1928 913 1983 suis
954 1918 1332 1992 operatbribus
1363 1926 1479 1993 ipse
1532 1925 1843 1993 iniquorum
1873 1921 1925 1995 Β
1953 1927 2139 1979 vident
2172 1922 2374 1993 aliquid
2403 1921 2646 1975 illicitum
2677 1921 2925 1987 admitti,
2958 1931 3011 1975 et
3038 1931 3216 1985 tamen
3247 1922 3371 1974 dum
3404 1934 3545 1991 quo-

259 2031 451 2085 θηριω-
465 2019 571 2087 jam
600 2027 879 2087 appareat,
904 2018 1071 2089 92h
1091 2019 1183 2088 qui
1211 2018 1455 2074 necdum
1492 2019 1659 2073 venit.
1715 2018 1849 2075 llinc

257 2111 491 2183 Joannes
510 2111 585 2177 ait
610 2127 624 2177 ς
654 2108 811 2173 Nunc
829 2109 1130 2175 Antichristi
1152 2109 1298 2169 multi
1320 2111 1444 2179 facti
1468 2118 1589 2171 sunt
1610 2107 1664 2180 (I
1687 2106 1845 2175 Joan.

252 2218 316 2267 tt,
346 2201 441 2269 18)
471 2240 486 2269 ,
522 2202 647 2267 quia
690 2202 857 2270 iniqui
893 2215 1082 2267 clunes
1118 2202 1227 2267 jatn
1256 2201 1373 2269 ejus
1402 2203 1642 2263 membra
1682 2211 1810 2257 sunt
1832 2241 1848 2265 ,

249 2307 374 2362 qua
404 2293 609 2363 scilicet
636 2306 889 2359 perverse
915 2292 1059 2345 edita
1085 2302 1249 2359 caput
1278 2307 1432 2355 suum
1452 2292 1591 2346 male
1616 2292 1850 2372 vivendo

254 2390 660 2451 praevenerunt.
704 2380 842 2441 Hinc
881 2372 1074 2451 Paulus
1098 2384 1195 2441 ait
1228 2398 1243 2437 :
1282 2381 1351 2449 Ut
1382 2384 1634 2439 reveletur
1660 2386 1715 2443 in
1758 2400 1850 2437 suo

244 2484 523 2543 tempore;
577 2490 696 2541 nam
748 2474 1044 2542 mysterium
1088 2475 1205 2543 jam
1274 2462 1516 2547 aperatur
1566 2474 1851 2544 iniquitatis

248 2562 300 2639 (1
308 2562 338 2616 I
370 2562 550 2618 Thess.
565 2577 626 2627 ti,
650 2562 729 2632 υ).
755 2565 833 2616 Ac
862 2563 907 2617 si
932 2564 1165 2631 diceret:
1184 2562 1335 2631 Tunc
1356 2564 1719 2631 antichristus
1737 2578 1853 2621 ma-

250 2654 483 2723 nifestus
516 2653 819 2721 videbitur;
852 2669 975 2708 nam
1025 2656 1080 2723 in
1108 2655 1362 2717 cordibus
1403 2658 1709 2725 iniquorum
1759 2672 1848 2712 se—

250 2758 395 2815 creta
429 2759 529 2798 sua
550 2744 665 2814 jam
693 2758 835 2811 nunc
866 2742 1109 2811 occultus
1159 2756 1435 2813 operatur.
1494 2745 1565 2815 Ut
1591 2746 1737 2800 enim
1777 2747 1848 2801 de

252 2836 628 2915 apertioribus
647 2835 963 2893 criminibus
1003 2845 1211 2899 taceam
1235 2876 1253 2903 ,
1280 2852 1409 2895 ecce
1432 2837 1573 2892 alius
1599 2838 1754 2893 lratri
1797 2843 1850 2895 ia

252 2928 419 2999 corde
447 2943 547 2995 suo
578 2929 774 2995 tacitus
805 2927 1026 2995 invidet,
1054 2938 1113 2983 .et
1139 2930 1183 2982 si
1211 2929 1551 2993 occasionem
1586 2930 1843 2999 reperiat,

244 3037 375 3093 eum
407 3021 755 3091 supplantare
778 3020 1054 3074 contendit
1077 3037 1091 3086 ;
1112 3020 1265 3089 cujus
1297 3022 1524 3076 alterius
1547 3023 1848 3077 membrum

250 3125 356 3181 est,
390 3114 492 3171 nisi
518 3112 633 3181 ejus
673 3113 741 3166 de
768 3127 877 3182 quo
908 3114 1167 3180 scriptum
1200 3123 1284 3181 est
1327 3131 1339 3166 :
1394 3113 1610 3177 Invidia
1656 3116 1852 3187 diaboli

244 3220 391 3283 mor;
414 3203 629 3275 intravit
650 3202 708 3273 in
736 3206 909 3256 orbem
948 3198 1205 3267 terrat’um
1244 3203 1400 3275 (Sap.
1450 3220 1510 3271 tt,
1533 3205 1626 3277 ‘24)
1650 3206 1673 3259 ?
1699 3208 1851 3262 Alius

1954 2016 2196 2077 rumdam
2228 2022 2508 2085 potentum
2540 2012 2814 2066 offendere
2870 2012 3094 2081 gratiam
3140 2020 3421 2081 metuunt,
3451 2027 3545 2065 ar-

1955 2124 2122 2178 guere
2146 2124 2251 2162 non
2288 2116 2641 2175 praesumunt.
2674 2105 2927 2175 Quisquis
2972 2109 3073 2169 iste
3103 2116 3207 2171 est,
3237 2107 3364 2174 quid
3393 2105 3543 2161 aliud

1955 2201 2104 2271 facit,
2139 2200 2240 2256 nisi
2267 2202 2415 2255 videt
2446 2202 2627 2269 lupum
2654 2200 2979 2265 venientem,
3004 2206 3060 2253 et
3102 2199 3236 2269 fugit
3264 2198 3448 2267 (Joan.
3484 2215 3565 2264 x,~

1960 2295 2089 2365 12)?
2122 2293 2298 2364 Fugit,
2323 2295 2445 2362 quia
2470 2294 2866 2359 tacuit;tacuit,
2893 2294 3037 2361 quia,
3062 2291 3315 2361 despecta
3338 2299 3551 2347 aeterna

1953 2387 2148 2463 gratia,
2182 2384 2533 2457 temporalem
2566 2385 2792 2454 gloriam
2826 2385 2943 2453 plus
2973 2385 3192 2437 amavit.
3246 2383 3388 2451 Ecce
3422 2390 3547 2436 ante

1955 2483 2189 2551 potentis
2221 2481 2413 2535 faciem
2458 2482 2593 2535 intra
2626 2482 2705 2535 sui
2733 2495 2792 2535 se
2819 2468 3051 2535 latebras
3081 2480 3278 2535 silentii
3321 2480 3546 2535 abscon-

1954 2574 2053 2639 dit,
2082 2581 2138 2627 et
2164 2572 2304 2627 sicut
2328 2573 2690 2641 persecutioni
2722 2570 2967 2639 publicm,
2989 2581 3012 2610 α
3036 2572 3113 2625 sic
3132 2571 3343 2633 occulto
3368 2571 3546 2624 locum

1924 2666 2103 2741 ‘dedit
2152 2665 2354 2718 timori.
2404 2666 2548 2725 Bene
2594 2664 2661 2717 de
2722 2664 2916 2717 talibus
2966 2663 3160 2717 dicitur
3196 2680 3207 2715 :
3240 2662 3547 2717 Dilexerunt

1952 2760 2170 2829 gloriam
2205 2759 2471 2813 hominum
2516 2757 2681 2825 magis
2726 2773 2884 2827 quam
2934 2755 3030 2809 Dei
3076 2754 3256 2825 (Joan.
3290 2771 3384 2821 xu,
3426 2756 3543 2827 45).

1955 2849 2210 2919 Quisquis
2238 2851 2401 2920 igitur
2433 2848 2556 2902 talis
2586 2854 2689 2911 est,
2718 2848 2763 2901 si
2792 2848 2907 2913 hinc
2928 2847 3500 2917 districtejudicantur
3527 2891 3543 2914 ,

1955 2943 2052 2997 etsi
2088 2941 2391 3008 persecutio
2423 2938 2633 3009 publica
2667 2939 2860 3006 defuit,
2909 2948 3087 2995 tamen
3133 2941 3361 2995 tacendo
3381 2940 3545 3013 925

1954 3035 2226 3099 Christum
2253 3033 2484 3103 negavit.
2516 3034 2629 3087 Non
2652 3046 2784 3101 ergo
2805 3031 3000 3087 desunt
3020 3033 3106 3087 vel
3130 3032 3183 3086 in
3209 3047 3341 3103 pace
3365 3034 3547 3089 Eccle-

1955 3132 2049 3185 siae
2080 3128 2398 3183 Antichristi
2432 3134 2786 3183 tentamenta.
2833 3126 3004 3187 Nemo
3031 3128 3211 3197 itaque
3246 3128 3334 3181 illa
3366 3142 3549 3196 perse-

1954 3222 2187 3276 cutionis
2214 3228 2474 3287 extremae
2506 3228 2749 3288 tempora
2796 3220 2944 3288 quasi
2992 3219 3104 3273 sola
3149 3218 3547 3287 perhorrescat.

250 3298 439 3383 praeui
474 3296 652 3367 meriti
681 3310 802 3353 €558
829 3310 890 3350 Se
918 3298 1224 3364 ωειίιηθιιε,
1251 3313 1351 3381 per
1374 3309 1643 3363 tumorem
1671 3302 1853 3355 cordis
1880 3308 1929 3375 C
1958 3315 2111 3381 Apud
2140 3313 2350 3382 iniquos
2384 3326 2615 3381 namque
2638 3310 2881 3380 quotidie
2900 3325 2989 3365 res
3010 3310 3326 3364 Antichristi
3353 3310 3548 3379 agitur,

252 3376 467 3461 cunctis
516 3401 575 3439 se
616 3385 929 3457 prmierens,
986 3401 1175 3440 omnes
1226 3376 1521 3457 semetipso
1574 3390 1858 3445 interiores

254 3464 469 3551 credit;
510 3477 666 3551 cujus
695 3478 919 3532 alterius
948 3478 1252 3547 membrum
1297 3491 1380 3533 est
1410 3524 1425 3547 ,
1472 3482 1574 3535 nisi
1623 3481 1742 3551 ejus
1790 3485 1858 3537 de

255 3589 362 3644 quo
392 3574 649 3643 scriptum
673 3580 757 3627 est
786 3590 798 3623 :
829 3569 995 3624 Omne
1015 3571 1232 3625 sublime
1255 3571 1410 3635 videt,
1442 3583 1488 3625 et
1512 3573 1624 3642 ipse
1667 3584 1739 3626 est
1767 3589 1858 3639 rm:

258 3683 415 3736 super
442 3666 706 3720 universos
736 3663 873 3731 ﬁlios
910 3662 1164 3733 superbia:
1195 3662 1337 3732 (Job.
1371 3679 1481 3728 xu,
1522 3662 1665 3734 25)?
1707 3665 1858 3718 Alius

260 3759 450 3814 mundi
482 3757 638 3828 hujus
665 3755 960 3826 potentiam
993 3754 1211 3825 qurerit,
1240 3769 1347 3808 non
1377 3747 1632 3823 quo'aliis
1661 3757 1851 3823 prosit,

254 3836 355 3906 sed
385 3866 492 3919 quo
525 3852 641 3919 ipse
670 3849 827 3904 alteri
859 3847 1106 3901 subditus
1162 3861 1267 3900 non
1317 3846 1421 3909 sit;
1451 3845 1606 3914 cujus
1636 3848 1857 3900 alterius

260 3940 564 3995 membrum
596 3948 679 4005 est
708 3980 724 4006 ,
757 3937 858 3992 nisi
881 3936 1001 4007 ejus
1039 3936 1107 3992 de
1152 3952 1259 4006 quo
1306 3937 1565 4007 scriptum
1593 3946 1673 3989 est
1703 3955 1714 3989 :
1754 3936 1858 4004 Qui

260 4035 394 4087 dixit
421 4048 440 4085 :
468 4032 669 4091 Sedebo
690 4032 743 4085 in
770 4040 940 4084 monte
966 4029 1280 4095 testamenti,
1310 4028 1361 4081 in
1406 4027 1653 4082 lateribus
1697 4029 1859 4098 Aqui-

259 4126 432 4191 lonis;
462 4124 734 4177 ascendam
755 4140 908 4192 super
939 4120 1264 4175 altitudinem
1285 4120 1531 4183 nubium;
1564 4122 1747 4175 similis
1768 4139 1857 4175 cro

259 4218 526 4275 Altissimo
556 4215 716 4284 (Isai.
752 4230 861 4282 xxv,
899 4214 1042 4283 18)?
1099 4213 1259 4268 Solus
1304 4214 1501 4283 quippe
1546 4213 1857 4268 Altissimus

248 4308 326 4365 ita
352 4311 664 4363 dominatur
706 4322 872 4377 super
921 4305 1123 4373 omnia,
1178 4317 1237 4360 ut
1290 4306 1447 4359 alteri
1496 4307 1720 4360 subesse
1750 4322 1857 4362 non

255 4402 453 4473 possit.
482 4400 654 4467 Quem
699 4398 946 4454 diabolus
976 4398 1173 4452 imitari
1203 4382 1463 4466 perverse
1494 4397 1701 4463 voluit,
1735 4413 1855 4452 cum

256 4508 417 4548 suum
450 4491 747 4545 dominium
778 4503 1049 4556 quaerens,
1083 4487 1133 4542 ei
1154 4488 1379 4543 subesse
1411 4490 1702 4542 recusavit.
1736 4489 1857 4543 Imi-

256 4591 408 4637 tatur
423 4596 553 4653 ergo
575 4579 847 4635 diabolum
867 4579 1110 4649 quisquis
1134 4578 1338 4633 idcirco
1353 4588 1675 4647 potestatem
1702 4595 1855 4634 suam

1958 3406 2081 3476 quia
2114 3406 2167 3459 in
2209 3418 2399 3459 eorum
2430 3403 2685 3463 cordibus
2724 3402 3041 3474 mysterium
3086 3416 3240 3455 suum
3269 3402 3378 3469 jam
3412 3416 3550 3456 nunc

1959 3498 2205 3552 occultus
2234 3506 2509 3566 operatur.
2547 3494 2619 3549 Et
2644 3494 2689 3548 si
2719 3494 2876 3555 multi
2906 3507 3049 3547 nunc
3079 3492 3257 3562 specie
3286 3500 3442 3548 tenus
3466 3492 3550 3545 in-

1960 3601 2038 3645 tra
2072 3590 2366 3645 Ecclesium
2399 3589 2677 3643 constituti
2706 3587 2964 3643 simulant
2995 3604 3055 3644 se
3096 3603 3219 3644 esse
3260 3590 3404 3659 quod
3445 3604 3551 3647 non

1959 3691 2101 3748 sunt,
2137 3683 2193 3735 in
2223 3683 2452 3735 adventu
2477 3688 2654 3733 tamen
2681 3677 2883 3750 judicis
2905 3681 3203 3749 prodentur
3229 3678 3369 3748 quod
3392 3687 3551 3735 sunt:

1957 3774 2028 3855 de
2058 3770 2252 3841 quibus
2286 3770 2421 3823 bene
2443 3769 2696 3823 Salomon
2728 3770 2802 3823 ait
2833 3786 2847 3822 :
2889 3766 3013 3822 Vidi
3050 3769 3235 3839 impios
3281 3768 3551 3849 sepultos,
3640 3836 3649 3853 l

1958 3865 2047 3936 qui
2078 3866 2229 3935 etiam
2254 3879 2366 3915 cunt
2395 3861 2567 3914 adhuc
2591 3861 2835 3927 viverent,
2859 3861 2913 3914 in
2943 3860 3055 3914 loco
3085 3870 3261 3915 sancto
3287 3869 3433 3914 erant
3459 3902 3475 3926 ,
3507 3870 3554 3917 et

1960 3957 2309 4011 laudabuntur
2335 3956 2391 4010 in
2411 3956 2638 4021 civitate,
2661 3957 2807 4024 quasi
2826 3958 3094 4027 justorum
3120 3972 3330 4027 operum
3356 3957 3552 4029 (Eccle.

1958 4064 2072 4112 vui,
2109 4049 2224 4119 10).
2272 4048 2436 4116 Igitur
2488 4055 2770 4119 postquam
2814 4047 2883 4102 de
2927 4049 3126 4118 iniquis
3171 4049 3376 4105 dictum
3426 4061 3509 4105 est
3538 4092 3555 4117 ,

1962 4142 2279 4196 Restituetur
2304 4151 2357 4195 ut
2387 4144 2553 4193 lutum
2575 4140 2901 4210 signaculum
2928 4183 2942 4205 ,
2971 4150 3018 4194 et
3046 4121 3201 4194 stabit
3227 4142 3360 4194 sicut
3398 4142 3569 4195 vesti-r

1962 4247 2212 4299 mentum,
2245 4241 2293 4285 et
2315 4232 2583 4303 auferetur
2614 4232 2675 4285 ab
2702 4224 2876 4299 impiis
2900 4233 2991 4285 lux
3014 4248 3112 4286 sua
3135 4273 3151 4300 ,
3188 4231 3334 4301 quod
3374 4233 3555 4302 utique

1962 4326 2016 4380 in
2045 4325 2135 4381 illa
2168 4333 2252 4379 est
2285 4323 2598 4379 Antichristi
2625 4325 3003 4393 persecutione
3032 4323 3339 4380 faciendum
3363 4365 3378 4391 ,
3403 4340 3553 4394 mox,

1963 4421 2031 4476 de
2075 4418 2318 4489 ejusdem
2361 4417 2679 4473 Antichristi
2705 4416 2732 4455 ά
2766 4418 3071 4487 perditione
3099 4433 3201 4475 nos
3225 4419 3513 4476 consolans
3537 4458 3554 4487 ,

2002 4513 2041 4565 it

1960 4527 2041 4566 an
2561 4579 2792 4636 CAPUT
2835 4579 2969 4635 Vlll.

256 4675 491 4745 appetit,
545 4675 669 4746 quia
702 4674 749 4728 ei
796 4671 888 4742 qui
934 4672 1036 4727 sibi
1093 4681 1175 4726 est
1220 4687 1457 4741 superna
1482 4672 1856 4737 ,ordinatione
1883 4686 1939 4747 D
2037 4676 2200 4730 Vatis.
2245 4675 2332 4729 lii.
2357 4674 2520 4727 -—Et
2550 4674 2815 4727 brachium
2854 4679 3110 4729 excelsum
3140 4685 3451 4735 conteretur.

257 4767 584 4836 praepositus
609 4765 833 4820 subesse
855 4763 1075 4820 fastidit.

364 4860 483 4914 νει.
521 4855 656 4930 IV.‘J
688 4858 778 4912 16.
812 4857 1147 4926 lnﬁdelitalis
1175 4859 1251 4910 rei
1284 4867 1410 4917 sunt
1436 4899 1453 4929 ,
1482 4861 1572 4929 qui
1597 4861 1860 4914 veritatem

259 4962 473 5023 negant.
505 4981 573 4993 -—
600 4951 740 5007 Sunt
765 4962 1026 5020 praeterea
1056 4951 1283 5019 plurima
1318 4932 1441 5021 quas.
1478 4952 1742 5022 quosdam
1801 4953 1857 5007 in

259 5050 385 5118 ipsa
417 5060 549 5114 pace
578 5044 837 5111 Ecclesia:
867 5045 1187 5100 constitutos
1227 5044 1472 5102 inﬁdeles
1502 5060 1622 5099 esse
1652 5062 1853 5101 renun-

264 5126 423 5194 tient.
452 5136 622 5193 Video
660 5150 890 5207 namque
932 5137 1217 5191 nonnullos
1242 5137 1314 5190 ita
1350 5154 1631 5207 personam
1667 5150 1855 5209 poten-

265 5232 334 5285 tis
368 5229 635 5298 accipere,
669 5236 727 5295 ut
753 5227 998 5297 requisiti
1028 5228 1095 5281 ab
1117 5244 1203 5294 eo,
1234 5245 1331 5297 pro
1359 5228 1544 5286 favore
1584 5232 1700 5299 ejus
1749 5249 1854 5287 non

265 5324 521 5379 dubitent
550 5314 602 5375 in
630 5336 790 5387 causa
824 5304 1053 5389 proximi
1078 5323 1355 5387 veritatem
1391 5339 1605 5396 negare.
1642 5326 1706 5379 Et
1737 5328 1858 5396 quis

261 5430 348 5472 est
386 5419 608 5481 veritas,
643 5415 757 5470 nisi
776 5415 865 5471 ille
893 5414 984 5485 qui
1012 5411 1147 5468 dixit
1174 5432 1184 5465 :
1218 5414 1327 5487 Ego
1357 5431 1470 5469 sum
1500 5417 1601 5481 via,
1646 5418 1853 5483 veritas,

256 5494 307 5591 et
337 5512 441 5595 vita
471 5509 651 5593 (Joau.
685 5524 799 5585 xxv,
827 5498 931 5580 6)?)
947 5496 1138 5581 Neque
1164 5504 1309 5569 enim
1352 5509 1589 5595 Joannes
1619 5510 1853 5579 Baptista

336 5634 365 5695 ξ
396 5622 851 5695 Laud.,_tempora
879 5624 1033 5695 longa
1062 5622 1369 5695 dividebant.
1441 5651 1449 5655 >

336 5692 552 5834 bﬁlge'm
580 5692 740 5757 cum,
773 5703 818 5746 et
840 5696 948 5767 ipse
968 5692 1050 5748 "est
1070 5709 1161 5748 rex
1180 5692 1450 5764 superbia,
1482 5709 1633 5764 super
1659 5697 1863 5753 univer-

268 5773 348 5825 ξοδ
462 5780 539 5817 08-

263 5787 348 5825 308
382 5787 539 5825 Πασσ-

330 5848 368 5877 ‘c
390 5837 628 5911 'Turon,
649 5836 721 5889 sic
743 5836 998 5911 occultum
1028 5847 1193 5890 torum
1216 5837 1356 5901 dedit
1379 5837 1567 5891 timori.
1586 5838 1856 5911 Laudun.,

272 5915 344 5965 sic
369 5908 569 5963 occulte
589 5906 755 5961 locum
779 5906 918 5960 dedit
941 5909 1130 5973 timori.
1472 5920 1477 5923 ‘

2037 4768 2125 4823 18.
2165 4768 2469 4821 Antichristi
2506 4765 2747 4835 superbia
2781 4773 2829 4820 et
2857 4783 3027 4821 casus.
3075 4769 3300 4840 Angelus
3332 4780 3379 4825 et
3409 4770 3557 4826 Itonia

1961 4861 2112 4929 lapsi,
2147 4862 2266 4930 quia
2295 4862 2400 4914 Deo
2430 4860 2622 4915 similes
2659 4876 2765 4914 esse
2785 4878 2876 4932 per
2898 4863 3196 4930 potentiam,
3224 4880 3326 4918 non
3358 4880 3447 4933 per
3464 4860 3556 4936 ᾔεις

1962 4954 2173 5017 stitiam‘,
2217 4950 2601 5006 volaerunt.—
2634 4950 2772 5018 Quid
2824 4968 3054 5023 namque
3102 4955 3243 5008 aliud
3290 4957 3557 5012 excelsum

1963 5046 2238 5101 brachium
2263 5046 2540 5114 accipitur,
2564 5046 2663 5100 nisi
2687 5046 2915 5115 superba
2938 5047 3247 5103 Antichristi
3272 5048 3557 5114 celsitudo,

1963 5153 2082 5207 quas
2124 5152 2288 5207 super
2336 5139 2592 5207 reprobas
2640 5148 2846 5195 mentes
2879 5140 3158 5195 hominum
3200 5141 3343 5196 fastu
3370 5142 3557 5212 gloria:

1963 5234 2234 5289 saecularis
2278 5234 2520 5305 erigitur,
2566 5234 2636 5288 ita
2686 5243 2744 5288 ut
2783 5234 2946 5290 homo
2995 5245 3264 5306 peccator,
3297 5245 3352 5289 et
3379 5246 3558 5292 tamen

1964 5329 2223 5410 aestimari
2262 5328 2423 5383 homo
2452 5329 2781 5398 deSpicicns,
2811 5329 2977 5384 Deum
3021 5345 3081 5384 se
3121 5344 3282 5396 super
3314 5330 3558 5385 homines

1948 5426 2285 5487 mentiatur?
2330 5422 2481 5479 Unde
2511 5434 2566 5477 et
2586 5424 2785 5478 Paulus
2813 5424 3089 5493 apostolus
3119 5425 3250 5478 dicit
3276 5440 3285 5473 :
3317 5424 3399 5478 Ita
3424 5436 3478 5479 ut
3510 5428 3559 5480 in

1967 5516 2157 5581 templo
2184 5517 2277 5571 Dei
2308 5517 2499 5578 sedeat,
2537 5518 2807 5569 ostendens
2836 5531 2892 5569 se
2922 5525 3165 5583 tanquam
3192 5520 3257 5571 sit
3282 5518 3422 5574 Deus
3470 5517 3559 5587 (Il

2043 5625 2069 5664 ἀ
2113 5630 2164 5682 In
2196 5626 2359 5701 Gilﬁot.
2392 5630 2534 5684 Edit.
2582 5644 2644 5685 ac
2673 5631 2742 5701 al.
2776 5641 3000 5697 recent.,
3030 5638 3416 5701 persecutione;
3448 5636 3559 5701 for-

1972 5708 2118 5781 tasse
2147 5700 2289 5781 quod
2322 5697 2674 5781 incongruum
2697 5700 3006 5781 judicarent
3031 5697 3202 5757 Deum
3235 5697 3333 5781 ηερε
3451 5697 3559 5765 Λή-

1973 5724 2118 5781 Lasso.
2147 5724 2289 5767 quuu
2323 5724 2674 5781 IllC'Ullgl'Ulllﬂ
2697 5724 3006 5767 ,ιυυιυξπυηι
3036 5724 3202 5757 1181111]
3360 5724 3393 5779 ρ(
3451 5724 3559 5765 an-

1968 5770 2186 5823 tichrtsti
2235 5771 2517 5831 perditione
2560 5772 2838 5826 consolari.
2879 5773 2982 5828 Sed
3033 5784 3349 5839 seususfesu
3398 5724 3560 5837 {leum

1971 5842 2126 5914 nobis
2154 5840 2578 5914 consolationem
2609 5842 2821 5909 atl‘erre,
2856 5844 3209 5914 praenuntiata
3241 5848 3416 5911 futura
3449 5852 3559 5907 An-

1966 5911 2201 5966 tichristi
2234 5911 2555 5981 perditione.
