4036 6348
619 429 720 490 487

619 547 800 602 Tltess.
823 561 886 617 ll,
913 544 996 618 4).
1025 545 1190 616 Cujus
1216 552 1276 600 ut
1307 551 1571 599 tumorem
1619 541 1834 613 plenius
1881 538 2206 604 ostenderet,
2241 535 2288 595 A

616 641 872 710 prta-misit
897 659 909 694 :
936 640 1035 706 Qui
1059 642 1357 693 adversatur
1377 646 1426 691 et
1449 635 1709 690 extollitur
1731 650 1885 704 super
1905 649 2051 687 omne
2071 633 2206 697 quod

615 733 806 786 dicitur
833 732 993 793 Deus,
1020 741 1110 784 aut
1137 731 1275 800 quod
1301 732 1488 783 colitur
1517 727 1728 800 (lbid.).
1765 727 1904 782 Deus
1933 727 2076 780 enim
2102 725 2206 780 dici

564 843 571 848 λ
614 825 901 896 aliquando
932 832 986 879 et
1014 825 1177 877 homo
1203 831 1398 892 potest,
1429 821 1582 890 juxta
1611 820 1753 889 quod
1784 820 1848 872 ad
1881 819 2095 886 Moysen
2127 817 2206 870 di-

614 919 754 973 citur
791 933 805 970 :
858 916 990 972 Ecce
1021 917 1264 970 constitui
1293 927 1341 968 te
1370 913 1535 967 Deum
1565 911 1853 965 Pharaonis
1889 910 2086 982 (Exod.
2112 924 2204 968 vtt,

614 1011 691 1081 1).
724 1009 865 1067 Deus
891 1025 1022 1066 vero
1047 1009 1150 1065 coli
1178 1024 1344 1075 purus
1370 1008 1533 1062 homo
1560 1021 1664 1060 non
1695 1013 1888 1074 potest.
1919 1004 2050 1071 Quia
2080 1016 2206 1058 vero

614 1116 674 1158 se
697 1101 1067 1158 Antichristus
1106 1109 1162 1155 et
1199 1114 1361 1170 super
1397 1107 1616 1153 sanctos
1655 1111 1898 1165 quosque
1939 1094 2204 1158 homines,

614 1207 668 1251 et
714 1212 877 1266 super
926 1195 1095 1263 ipsius
1145 1195 1441 1265 potentiam
1490 1191 1788 1248 divinitatis
1834 1190 2062 1256 extollit,
2115 1203 2208 1258 per

613 1299 859 1344 exactum
893 1289 991 1343 sibi
1026 1303 1218 1342 nomen
1265 1287 1472 1356 gloriae,
1507 1293 1562 1341 et
1594 1285 1695 1339 hoc
1726 1282 1868 1352 quod
1898 1281 2042 1338 Deus
2071 1279 2205 1334 dici-

615 1393 722 1448 tur,
771 1393 825 1438 et
871 1382 1161 1453 hoc-quod
1213 1381 1355 1436 Deus
1403 1381 1618 1446 colitur,
1671 1378 1901 1432 transire
1958 1384 2203 1429 conatur.

615 1471 912 1531 Notandum
948 1489 1076 1529 vero
1107 1483 1190 1529 est
1220 1474 1270 1527 in
1298 1483 1548 1542 quantam
1583 1471 1851 1541 superbia:
1883 1470 2088 1524 foveam
2119 1481 2206 1522 ce-

616 1567 768 1631 cidit,
799 1570 886 1636 qui
919 1568 970 1621 in
1005 1581 1253 1621 mensura
1287 1567 1456 1619 ruinae
1485 1579 1587 1634 qua
1618 1565 1798 1634 lapsus
1831 1572 1914 1618 est
1945 1577 2048 1616 non
2081 1575 2207 1630 per-

615 1662 834 1717 mansit.
867 1661 1123 1715 Diabolus
1150 1661 1346 1730 quippe
1375 1659 1458 1713 vel
1491 1659 1649 1711 homo
1697 1673 1724 1710 a
1777 1665 1918 1711 statu
1946 1656 2208 1710 conditio-

615 1757 696 1811 nis
726 1757 956 1826 propria:
988 1755 1127 1810 elata
1163 1737 1343 1809 mente
1366 1762 1705 1816 corruerunt,
1735 1761 1791 1805 ut
1821 1751 1901 1805 vel
1947 1751 2032 1805 ille
2062 1748 2205 1804 dice-

613 1860 732 1904 ret:
778 1849 1065 1902 Ascendam
1111 1863 1266 1916 super
1293 1847 1617 1900 altitudinem
1654 1845 1886 1907 nubium,
1919 1843 2098 1898 similis
2121 1858 2206 1898 ero

1824 423 2067 480 SANCTI
2107 414 2432 476 GREGORII
2473 414 2687 471 usam
3741 419 3817 473 ηε

2936 527 3164 585 CAPUT
3204 526 3294 584 IX.

2387 624 2548 679 Vens.
2590 625 2680 680 15.
2709 655 2779 666 —-
2810 624 3064 693 Nunquid
3104 623 3307 676 tenuisti
3348 621 3618 678 concutiens
3649 636 3821 682 extrema

2311 726 2480 781 terrae.
2500 727 2549 771 et
2572 717 2837 771 excussisti
2859 715 3041 782 impios
3061 731 3124 769 ea:
3148 716 3243 768 ea?

2383 808 2470 861 :20.
2497 807 2635 861 Deus
2665 809 2918 861 hominem
2947 823 3050 860 non
3071 806 3275 872 deserit,
3305 814 3351 860 et
3379 806 3431 860 in
3458 810 3670 864 extremis
3685 812 3825 866 electos

2312 899 2585 954 sollicitius
2606 909 2819 971 purgat.
2841 927 2912 941 —
2948 897 3050 954 Per
3078 906 3276 953 terram
3309 899 3500 968 quippe
3527 901 3667 956 homo
3688 903 3829 958 inﬁma

2313 993 2526 1062 sapiens
2557 994 2886 1062 designatur,
2918 992 3003 1046 cui
3051 992 3293 1060 peccanti
3325 990 3520 1047 dictum
3549 1003 3624 1048 est
3658 1009 3670 1045 :
3709 993 3830 1049 Terra

2311 1101 2380 1150 es,
2415 1095 2460 1138 et
2494 1087 2546 1138 in
2585 1097 2775 1139 terram
2809 1085 2910 1138 ibis
2942 1083 3152 1152 (Cenes.
3187 1099 3268 1150 m,
3296 1083 3407 1154 19).
3457 1082 3556 1140 Sed
3600 1085 3705 1155 quia
3745 1088 3830 1154 pius

2310 1178 2557 1231 conditor
2582 1177 2842 1232 facturam
2874 1192 3024 1232 suam
3054 1191 3159 1232 non
3192 1175 3418 1242 deserit,
3445 1177 3575 1231 mala
3611 1178 3830 1234 hominum

2315 1265 2344 1305 δ
2387 1277 2442 1322 et
2489 1283 2585 1338 per
2629 1284 2780 1324 suam
2825 1267 3142 1340 sapientiam
3188 1269 3422 1336 tolerat,
3470 1280 3522 1325 et
3565 1285 3652 1339 per
3691 1285 3830 1328 eorum

2310 1361 2629 1432 quandoque
2657 1364 3072 1419 conversionem
3103 1364 3330 1420 relaxat.
3365 1367 3497 1420 Cum
3530 1375 3690 1420 autem
3713 1365 3833 1421 durat

2313 1464 2476 1525 atque
2525 1457 2868 1513 insensibiles
2895 1466 3107 1513 mentes
3146 1457 3386 1528 respicit,
3414 1457 3567 1512 modo
3593 1472 3675 1513 eas
3697 1458 3832 1524 minis.

2310 1550 2471 1605 modo
2493 1549 2828 1616 verberibus,
2861 1550 3019 1606 modo
3043 1549 3462 1606 revelationibus
3489 1558 3660 1614 terret,
3683 1561 3728 1604 ut
3751 1567 3834 1620 qua

2313 1644 2546 1712 pessima
2578 1643 2868 1699 securitate
2909 1653 2932 1682 ε
2967 1643 3282 1708 duruerant,
3316 1641 3514 1698 salubri
3544 1643 3714 1698 timore
3736 1643 3834 1697 mol-

2311 1733 2536 1800 lescant,
2589 1743 2857 1805 quatenus
2904 1734 2987 1790 vel
3038 1749 3162 1790 sero
3205 1733 3450 1802 redeant,
3497 1742 3549 1788 et
3578 1736 3670 1790 hoc
3708 1733 3837 1805 ipsum

2312 1827 2525 1892 saltem,
2573 1827 2714 1897 quod
2762 1827 2851 1883 diu
2899 1828 3191 1896 exspectati
3242 1836 3369 1883 sunt
3415 1826 3730 1883 erubescant.
3772 1827 3835 1883 Sic

612 1943 875 1999 Altissimo
902 1943 1055 2012 (Isai.
1089 1958 1200 2011 xlv,
1236 1943 1356 2012 l5);
1390 1942 1474 1995 vel
1513 1943 1610 1995 iste
1655 1926 1898 1994 audiens'
1926 1941 2202 1995 crederet:

2315 1920 2454 1974 enim
2483 1921 2738 1975 Dominus
2776 1921 2899 1990 quia
2939 1931 3182 1977 extrema
3219 1921 3342 1976 vita:
3382 1930 3574 1976 nostra
3611 1921 3716 1991 plus
3735 1919 3838 1990 judi-

611 2038 915 2106 Aperientur
940 2035 1078 2091 oculi
1101 2037 1272 2102 uestri,
1299 2046 1346 2091 et
1369 2038 1509 2090 eritis
1536 2037 1661 2090 sicut
1687 2037 1760 2088 dii
1783 2035 1992 2105 (Cenes.
2023 2052 2098 2100 ιιι,
2125 2035 2202 2104 5).

611 2126 814 2186 Idcirco
855 2146 984 2201 ergo
1028 2142 1252 2201 uterque
1293 2130 1505 2194 cecidit,
1553 2131 1675 2198 quia
1717 2143 1836 2182 csse
1868 2129 1979 2182 Deo
2017 2129 2205 2182 similis

612 2238 719 2277 non
768 2237 864 2289 per
912 2221 1194 2291 justitiam,
1243 2221 1334 2275 sed
1392 2236 1488 2290 per
1537 2222 1829 2288 potentiam
1879 2219 2204 2289 concupivit.

611 2317 718 2371 Sed
746 2317 909 2370 homo
937 2331 1033 2384 per
1061 2316 1285 2384 gratiam
1318 2314 1600 2380 liberatus,
1632 2315 1720 2383 qui
1757 2314 1848 2368 Dei
1904 2312 2210 2367 similitudi-

611 2425 734 2464 nem
764 2423 1016 2478 perverse
1046 2407 1351 2479 appetendo
1381 2407 1668 2472 ceciderat,
1701 2408 1751 2460 in
1783 2416 1933 2462 reatu
1965 2405 2206 2461 criminis

589 2486 689 2555 sui
734 2500 890 2569 longe
919 2499 1029 2554 Deo
1068 2500 1326 2568 imparem
1369 2511 1430 2553 se
1457 2513 1578 2554 esse
1616 2513 1948 2568 cognoscens
1978 2499 2203 2552 clamat:

611 2591 854 2659 Domine,
879 2594 995 2662 quis
1022 2593 1204 2646 similis
1237 2593 1325 2646 tibi
1348 2590 1516 2661 (Psal.
1541 2607 1802 2657 Lxxxvrtt,
1833 2591 1930 2659 8)?
1963 2590 2209 2646 Diabolus

613 2701 746 2742 vero
777 2687 830 2741 in
859 2687 1008 2756 lapsu
1040 2687 1121 2740 sui
1149 2685 1391 2740 criminis
1411 2683 1541 2752 justi
1569 2683 1842 2749 tlimiSSus,
1877 2685 1926 2736 in
1959 2697 2207 2736 mensura

611 2780 782 2835 ruina:
811 2794 920 2834 suae
952 2779 1172 2832 minime
1203 2777 1532 2846 permansit;
1565 2775 1660 2829 sed
1689 2784 1887 2844 quanto
1913 2773 2112 2828 diutius
2142 2773 2210 2828 ab

611 2870 996 2940 omnipotentis
1038 2871 1208 2939 gratia
1251 2869 1445 2932 defuit,
1480 2876 1630 2921 tanto
1663 2868 1834 2936 magis
1862 2876 2067 2921 reatum
2098 2866 2208 2920 cri-

614 2964 772 3018 minis
796 2962 1104 3018 cumulavit.
1138 2960 1268 3014 Nam
1292 2960 1380 3030 qui
1415 2959 1537 3014 ideo
1563 2959 1777 3024 cecidit,
1804 2959 1924 3028 quia
1954 2972 2210 3028 perverso

614 3055 805 3109 ordine
835 3054 946 3108 Deo
984 3066 1107 3107 esse
1145 3051 1334 3105 similis
1373 3052 1562 3116 voluit,
1605 3066 1672 3107 eo
1716 3066 1882 3121 usque
1923 3052 2210 3120 perductus

613 3156 714 3210 cst,
764 3155 820 3200 ut
863 3145 916 3199 in
946 3127 1332 3200 Antichristum
1376 3144 1617 3206 veniens,
1668 3144 1839 3198 videri
1870 3144 1978 3199 Deo
2019 3144 2211 3198 similis

609 3235 950 3304 dedignetur,
981 3243 1141 3304 atque
1170 3250 1292 3289 eum
1324 3249 1480 3304 quem
1530 3235 1729 3289 habere
1772 3251 1875 3289 non
1908 3236 2075 3304 potuit
2117 3252 2207 3290 su-

2308 2023 2417 2080 cat,
2450 2024 2503 2068 et
2534 2014 2740 2070 idcirco
2775 2015 2974 2070 electos
3003 2031 3128 2071 suos
3160 2016 3213 2070 in
3248 2016 3354 2071 line
3383 2015 3654 2071 sollicitius
3679 2025 3836 2086 purgat.

2309 2106 2578 2176 Scriptum
2620 2109 2816 2178 quippe
2861 2117 2992 2163 est:
3035 2109 3174 2163 Deus
3205 2109 3469 2181 judicabit
3505 2110 3626 2179 ﬁnes
3667 2105 3838 2177 terra:(l

2309 2195 2441 2266 Reg.
2470 2213 2528 2263 tt,
2557 2197 2664 2268 10).
2694 2198 2866 2254 Tanto
2889 2213 3017 2270 ergo
3049 2200 3345 2270 impensius
3370 2200 3568 2255 ultimis
3595 2200 3768 2256 nostris
3787 2198 3838 2253 im

2319 2289 2534 2357 vigilat,‘
2555 2297 2756 2357 quanto
2787 2291 2838 2344 in
2872 2291 3004 2358 ipsis
3037 2291 3270 2358 pendere
3299 2289 3454 2346 initia
3480 2290 3602 2346 vitae
3630 2289 3841 2361 sequentis

2311 2389 2520 2450 pensat.
2545 2380 2698 2447 Quod
2727 2381 2848 2450 quia
2877 2382 3298 2438 misericorditer
3323 2383 3473 2448 facit,
3503 2382 3691 2454 pietate
3715 2398 3788 2437 sua
3809 2383 3842 2436 in

2311 2475 2545 2529 medium
2579 2475 2829 2543 deducta,
2861 2491 2964 2546 qua
2994 2476 3158 2532 etiam
3185 2492 3308 2532 sero
3335 2491 3624 2534 conversos
3652 2486 3843 2547 peccato-

2313 2583 2401 2623 res
2431 2569 2641 2637 recipit,
2681 2568 2818 2625 beati
2847 2569 2949 2625 Job
2977 2570 3240 2640 justitiam
3271 2571 3473 2638 erudit,
3505 2572 3678 2626 dicens
3702 2588 3714 2623 :
3737 2567 3843 2622 Nun-

2311 2659 2436 2727 quid
2457 2661 2666 2715 tenuisti
2687 2662 2979 2716 concutiens
2991 2671 3217 2716 extrema
3241 2674 3416 2729 terras,
3430 2674 3478 2719 et
3499 2660 3757 2718 excussisti
3779 2663 3845 2712 im-

2313 2749 2424 2819 pios
2467 2765 2530 2803 ex
2570 2752 2667 2805 ea?
2712 2751 2982 2808 Subaudis
3027 2762 3084 2807 ut
3129 2768 3282 2825 ergo,
3325 2756 3420 2825 qui
3460 2755 3514 2810 in
3554 2755 3659 2810 suis
3697 2750 3846 2807 ultimis

2315 2856 2459 2912 saepe
2490 2853 2805 2913 peccatores
2850 2846 3104 2901 terrendo
3132 2849 3407 2915 concutio,
3444 2846 3847 2903 convertendote-

2315 2951 2441 3002 neo,
2472 2946 2631 3008 atque
2656 2938 2723 2992 ab
2756 2953 2943 2994 eorum
2991 2941 3246 2997 cordibus
3292 2943 3493 3012 impios
3533 2940 3846 3012 COgitationum

2315 3042 2492 3086 motus
2515 3033 2715 3116 'evello.
2759 3035 2827 3090 Et
2855 3045 3004 3091 recte
3037 3037 3198 3092 beato
3225 3037 3328 3092 Job
3357 3037 3614 3093 Dominus
3640 3031 3849 3107 quomodo

2314 3124 2463 3194 juxta
2514 3126 2672 3182 linem
2719 3127 3035 3198 peccatores
3084 3139 3366 3186 convertat
3441 3132 3685 3187 insinuat.
3723 3128 3785 3183 Ac
3819 3123 3851 3180 si

2317 3231 2509 3289 aperte
2547 3222 2689 3277 dicat
2719 3238 2735 3278 :
2768 3222 3149 3280 Misericordia:
3183 3241 3318 3280 meae
3346 3226 3639 3296 potentiam
3679 3220 3854 3292 respice.

612 3328 812 3400 perbus
857 3327 1140 3396 aequalem,
1183 3325 1466 3380 damnatus
1513 3326 1822 3382 inferiorem
1856 3337 2022 3396 putet.
2074 3327 2204 3382 Nam

2319 3324 2510 3392 ettuas
2534 3315 2758 3386 iustitiae
2800 3318 3091 3374 elationem
3125 3334 3329 3388 preme.
3381 3320 3520 3388 Quae
3558 3328 3764 3376 extrema
3787 3316 3852 3368 ho-

613 3435 732 3474 cum
763 3419 830 3474 de
860 3419 952 3473 illo
981 3419 1083 3472 hoc
1112 3418 1251 3488 quod
1278 3418 1390 3488 jam
1418 3419 1776 3488 praemisimus
1805 3421 2001 3475 dicitur
2035 3437 2050 3473 :
2103 3420 2210 3475 Ea-

614 3513 792 3565 tollens
821 3527 874 3565 se
895 3527 1054 3580 supra
1081 3526 1230 3564 omne
1259 3510 1396 3581 quod
1425 3511 1616 3565 dicitur
1643 3509 1803 3572 Deus.
1836 3523 1926 3567 aut
1955 3515 2093 3583 quod
2123 3530 2208 3568 co-

613 3605 735 3659 litur
766 3602 854 3674 {II
880 3602 1063 3657 Thess.
1096 3619 1152 3668 ll,
1185 3602 1267 3672 4),
1299 3614 1482 3672 aperte
1525 3614 1854 3659 monstratur
1884 3609 2005 3676 quia
2053 3623 2216 3677 appe-

614 3696 776 3751 tendo
821 3695 1021 3751 dudum
1054 3696 1146 3749 Dei
1193 3695 1621 3763 similitudinem,
1661 3699 1812 3768 quasi
1866 3698 2016 3768 juxta
2050 3699 2213 3754 Deum

615 3788 822 3858 erigere
848 3803 908 3843 se
938 3789 1126 3853 voluit,
1161 3789 1254 3842 sed
1296 3787 1348 3842 in
1381 3789 1650 3856 superbia:
1691 3789 1847 3859 culpa
1887 3792 2208 3857 crescendo,

615 3879 719 3952 iam
751 3897 809 3935 se
839 3891 1191 3950 supra'omne
1219 3881 1360 3951 quod
1394 3883 1531 3937 Deus
1562 3882 1763 3937 dicitur
1791 3893 1846 3937 et
1873 3884 2066 3938 colitur
2114 3901 2210 3940 ex-

616 3974 770 4029 tollit.
815 3976 949 4042 Quia
989 3991 1116 4045 ergo
1143 3975 1258 4031 haec
1301 3976 1416 4046 ejus
1461 3978 1709 4046 superbia
1754 3979 1983 4033 districti
2021 3980 2215 4047 judicis

616 4068 718 4122 erit
740 4069 970 4123 adventu
1001 4067 1263 4135 ferienda,
1298 4069 1434 4125 sicut
1462 4074 1716 4140 scriptum
1749 4082 1831 4126 est
1858 4091 1868 4124 :
1900 4073 2062 4139 Quem
2098 4074 2209 4129 Do-

620 4162 786 4215 minus
807 4161 839 4215 ,Ι
848 4177 960 4215 esus
977 4161 1249 4229 inter/iciet
1265 4162 1447 4230 spiritu
1475 4165 1577 4217 oris
1603 4163 1703 4232 sui,
1729 4165 1894 4235 926
1917 4175 1962 4218 et
1989 4167 2214 4221 destruet

621 4253 961 4308 illustratione
984 4253 1231 4306 adventus
1259 4253 1341 4306 sui
1371 4253 1562 4324 (Ibid.,
1592 4255 1673 4325 8),
1697 4267 1841 4311 recte
1872 4258 2066 4312 dicitur
2100 4277 2112 4310 :
2147 4258 2215 4315 Et

620 4342 879 4398 brachium
907 4343 1164 4397 excelsum
1193 4353 1504 4397 conteretur.

726 4435 780 4489 9.
830 4432 985 4487 Verbi
1015 4433 1198 4498 diuini,
1229 4449 1331 4503 quo
1360 4433 1476 4500 plus
1505 4435 1706 4501 teritur,
1740 4436 1900 4489 virtus
1930 4438 2092 4507 magis
2121 4455 2216 4492 au-

624 4539 786 4598 getur.
808 4558 877 4568 —
900 4527 1102 4582 Cuncta
1153 4536 1328 4583 tamen
1361 4527 1497 4593 haec,
1529 4545 1648 4597 quae
1680 4529 1761 4585 bis
1789 4531 2034 4586 discussa
2066 4541 2209 4598 sunt,

624 4618 797 4675 adhuc
849 4619 1070 4690 intelligi
1120 4629 1176 4674 et
1221 4622 1377 4675 aliter
1427 4631 1669 4690 possunt.
1719 4623 1893 4678 Verba
1941 4628 2084 4681 enim
2117 4628 2211 4683 Dei

2320 3412 2481 3466 minis
2506 3414 2651 3483 quia,
2685 3414 2847 3469 etiam
2887 3429 3006 3469 cum
3048 3417 3387 3472 convertitur
3428 3431 3526 3488 per
3562 3414 3724 3472 carnis
3753 3422 3854 3466 mor-

2321 3511 2451 3573 tem,
2486 3505 2570 3558 illa
2603 3506 2835 3576 antiqua:
2863 3507 3036 3574 culpae
3063 3508 3293 3563 vindicta
3321 3507 3630 3574 comitatur,
3661 3500 3852 3576 protinus

2320 3597 2576 3667 insinuat,
2607 3616 2728 3656 cum
2758 3601 2883 3656 dici'
2904 3620 2917 3634 -

2941 3692 3168 3755 CAPUT
3209 3698 3278 3754 Χ.

2395 3783 2559 3839 Vsus.
2603 3787 2690 3841 M.
2715 3783 2786 3828 -'—-
2811 3789 3129 3845 Restituetur
3169 3802 3226 3845 ut
3268 3792 3442 3846 lutum
3469 3787 3796 3862 signaculum,
3825 3787 3854 3834 ei

2319 3876 2471 3930 stabit
2503 3880 2633 3932 sicut
2663 3885 3038 3936 uestimentum.

2389 3967 2479 4022 21.
2522 3968 2696 4026 Homo
2718 3970 2817 4026 Dei
2845 3973 3173 4043 signaculum
3209 3983 3255 4029 et
3284 3974 3484 4047 imago,
3521 3977 3574 4028 in
3606 3985 3779 4045 plenam
3801 3981 3854 4019 tlt-

2319 4062 2528 4130 Ρενῢίω,
2578 4080 2669 4132 per
2711 4077 2927 4119 mortem
2970 4067 3028 4133 ﬁt
3073 4076 3208 4122 terra
3256 4075 3303 4121 et
3349 4068 3598 4122 cinis.—
3636 4062 3856 4120 Hominem

2318 4154 2514 4224 quippe
2540 4155 2818 4224 Dominus,
2849 4174 3009 4228 quem
3039 4160 3107 4214 ad
3152 4175 3302 4215 suam
3352 4157 3743 4215 similitudinem
3768 4165 3855 4207 con-

2317 4244 2472 4308 didit,
2497 4248 2647 4315 quasi
2677 4249 2947 4316 quoddam
2976 4262 3090 4305 suae
3120 4250 3378 4319 potentia:
3408 4248 3730 4322 signaculum
3753 4239 3856 4297 fecit.

2318 4340 2471 4406 Quod
2504 4351 2680 4398 tamen
2712 4350 2771 4397 ut
2800 4343 2974 4398 lutum
3014 4345 3352 4414 restituetur,
3385 4346 3517 4416 quia
3549 4344 3668 4400 licet
3705 4346 3856 4394 aeterm

2318 4433 2576 4502 Supplicia
2607 4449 2703 4503 per
2732 4439 3142 4494 conversionem
3175 4438 3376 4508 fugiat,
3412 4441 3470 4495 in
3503 4436 3695 4494 ultione
3721 4440 3854 4486 tamen

2319 4533 2638 4593 perpetratae
2667 4527 2936 4595 superbia:
2961 4528 3139 4584 cat-nis
3170 4537 3346 4585 morte
3372 4530 3674 4584 damnatur.
3697 4523 3762 4579 Ex
3781 4519 3856 4572 Iulo

2319 4618 2516 4687 quippe
2565 4619 2726 4673 homo
2776 4621 3045 4689 conditus,
3095 4633 3148 4678 et
3183 4622 3379 4678 mentis
3425 4630 3645 4690 accepta
3682 4614 3855 4671 ratione.

621 4714 769 4780 quasi
797 4711 1065 4782 pigmenta
1097 4713 1339 4782 quaedam
1372 4715 1541 4769 nostri
1581 4724 1705 4770 sunt
1734 4717 2008 4783 adjutorii.
2047 4719 2112 4772 Et
2141 4720 2214 4773 si-
2238 4726 2291 4787 υ
2319 4711 2668 4767 Similillldine
2695 4713 2893 4769 diVina‘.
2920 4714 3165 4785 imaginis
3194 4715 3504 4780 decoratum
3533 4711 3748 4769 elatione
3771 4715 3858 4758 cor-

623 4811 714 4855 cut
741 4801 1074 4874 pigmentum
1106 4813 1306 4871 quanto
1335 4805 1451 4874 plus
1481 4806 1690 4873 teritttr,
1719 4816 1864 4861 tanto
1891 4809 2010 4877 plus
2041 4809 2091 4862 in
2119 4825 2212 4878 po-

622 4893 739 4950 culo
785 4894 903 4964 ejus
948 4896 1116 4950 virtus
1163 4906 1406 4966 augetur,
1461 4899 1533 4953 ita
1582 4900 1760 4954 divina
1811 4901 2019 4972 eloquia
2053 4912 2078 4939 ⁸
2108 4920 2213 4972 quo

620 4989 791 5060 magis
819 4989 1135 5059 exponendo
1178 4992 1524 5055 conterimus,
1556 5007 1628 5047 eo
1663 4993 1941 5050 audientes
1986 4997 2214 5064 amplius

619 5081 769 5152 quasi
802 5081 1046 5137 bibentes
1083 5079 1353 5152 juvamus.
1384 5081 1528 5156 [Vet.
1566 5083 1653 5156 V.]
1695 5084 1825 5151 Quia
1857 5087 2019 5154 igitur
2048 5089 2212 5146 misc—

617 5176 790 5229 ricors
830 5173 970 5229 Deus
1009 5173 1099 5228 diu
1139 5183 1360 5244 peccata
1402 5175 1677 5230 hominum
1717 5178 1952 5246 tolerat,
1997 5189 2053 5234 et
2088 5196 2209 5237 cum

617 5264 725 5334 jam
750 5265 983 5320 vicinum
1017 5266 1181 5321 finem
1235 5265 1476 5334 respicit,
1508 5266 1820 5340 plerumque
1851 5280 2057 5328 mentes
2088 5290 2211 5343 pec-

623 5359 857 5414 cantium
883 5359 1148 5428 immutat,
1181 5368 1329 5415 recte
1360 5359 1427 5415 de
1451 5375 1531 5428 se,
1562 5360 1667 5416 vim
1699 5372 1856 5419 tantae
1888 5366 2102 5435 pietatis
2129 5366 2212 5423 in-

617 5451 858 5521 sinuans,
887 5453 992 5507 ait:

703 5652 1090 5730 “_Gussanvill.
1132 5665 1196 5707 ac
1234 5650 1474 5730 nonnulli
1517 5651 1683 5721 Edit.,
1725 5673 1824 5725 quo
1853 5657 2015 5729 magis
2056 5676 2215 5730 expo-

627 5725 818 5798 nendo_
841 5734 1302 5798 co_nteruntur,__eo
1349 5726 1732 5798 audientes”...
1761 5725 2029 5797 juvant-ur.
2063 5725 2215 5798 Quod

622 5794 1032 5922 (e‘mtindZVimus
1080 5812 1145 5848 cx
1190 5794 1315 5848 Mss.
1367 5796 1602 5865 Anglic,
1633 5794 1913 5866 Nonium,
1945 5794 2116 5856 Laud:
2164 5814 2218 5858 et

653 5868 730 5921 ‘or
755 5885 788 5920 l.
843 5865 997 5918 ‘erm.

699 5937 724 5976 ιι
755 5937 826 5992 Ita
851 5935 1100 5999 Vindoc.,
1127 5933 1340 5992 Ebroic.
1367 5935 1563 5994 aliiaue
1581 5944 1790 6007 l‘torm.,
1817 5941 2082 6002 Laudun..
2107 5957 2214 6002 etc.

2317 4802 2402 4858 dis
2453 4804 2855 4878 intumescens,
2910 4811 3052 4878 quod
3099 4809 3167 4864 de
3215 4809 3415 4864 infimis
3463 4810 3716 4864 formatus
3755 4802 3859 4855 6556‘

2317 4893 2516 4948 oblitus
2546 4907 2648 4948 est.
2688 4894 2840 4952 Unde
2869 4898 3008 4952 mira
3039 4896 3333 4954 conditoris
3364 4897 3577 4969 justitia
3617 4902 3771 4950 actum
3801 4892 3858 4940 es!

2316 4997 2375 5041 ut
2421 4987 2545 5057 quia
2594 5004 2692 5060 per
2741 5004 2963 5046 sensum
3014 4992 3293 5059 intumuit,
3337 5006 3500 5062 quem
3550 4983 3858 5045 rationabilem

2317 5081 2544 5149 accepit,
2589 5097 2776 5138 rursus
2819 5091 2962 5138 terra
3010 5098 3108 5154 per
3137 5091 3366 5140 mortem
3400 5084 3578 5150 ﬁeret,
3608 5092 3749 5152 quam
3774 5082 3858 5129 esse

2314 5188 2374 5228 se
2403 5173 2747 5230 considerare
2793 5174 3068 5231 humiliter
3114 5176 3322 5243 noluit;
3374 5185 3428 5233 et
3468 5175 3595 5248 quia
3642 5162 3858 5244 peccando

2317 5265 2411 5320 Dei
2455 5265 2859 5322 similitudinem
2905 5268 3157 5338 perdidit,
3192 5268 3477 5325 moriendo
3519 5281 3648 5324 vero
3674 5261 3734 5318 ad
3774 5250 3856 5312 limi

2315 5359 2395 5412 sui
2429 5360 2709 5414 materiam
2741 5360 2914 5426 redit,
2946 5369 3093 5417 recte
3121 5361 3352 5417 dicitur:
3383 5362 3698 5418 Restituetur
3728 5362 3774 5408 ut
3801 5350 3858 5402 ll“

2315 5466 2423 5509 tum
2437 5455 2779 5528 signaculum.
2813 5453 3026 5526 thuia
3054 5455 3122 5511 de
3148 5470 3379 5526 corpore
3406 5456 3536 5511 dum
3568 5450 3767 5524 spiritus
3789 5454 3856 5494 v0-

2321 5557 2494 5613 catur,
2539 5547 2769 5617 quodam
2800 5545 2950 5616 quasi
2998 5546 3275 5603 involucra
3302 5561 3414 5603 suae
3453 5545 3630 5602 carnis
3670 5537 3853 5598 exuitur,

2324 5662 2394 5717 At
2421 5658 2562 5713 Editi
2609 5672 2732 5713 cum
2769 5656 2869 5710 Ms.
2899 5655 3064 5710 Corb.
3115 5657 3323 5725 Germ.,
3356 5666 3403 5711 et
3426 5671 3517 5726 per
3546 5668 3684 5710 suam
3702 5646 3854 5726 potica:

2321 5710 2707 5786 ῐῖάηῖἶόιεὲάι.
2773 5728 3042 5801 _Fortasse_
3102 5710 3508 5801 perieulum};
3563 5710 3767 5801 tolerare.
3807 5710 3854 5801 ad

2321 5803 2620 5874 patientiam
2678 5799 2852 5874 potius
2909 5796 3389 5869 pertinere'quam
3441 5799 3511 5854 ad
3578 5796 3852 5864 sapientiam;

2323 5871 2509 5930 vocem
2541 5871 2680 5925 hanc
2710 5873 2762 5924 in
2790 5871 3014 5924 alteram
3045 5874 3354 5928 mutandam
3384 5874 3720 5927 censuerunt.

2398 5955 2419 5982 ε
2463 5941 2730 6002 Laudun..
2760 5943 3094 5998 durauerant.
