4036 6348
224 403 247 427 χ
278 325 388 385 489

964 320 1360 381 ἸΙΟΒΔΙΛῸΜ
1396 318 1528 377 LIB.
1571 317 1762 376 XXIX.
1802 345 1871 359 -

2006 284 2221 373 CAPUT
2259 312 2526 371 xxxvnt
2566 312 2625 369 Β.
2664 311 2803 369 tua.

3403 337 3415 349 κ
3454 303 3561 364 ιθο

280 438 442 512 927
473 445 596 508 apte
616 436 686 493 de
710 434 903 493 eodem
929 435 1044 491 luto
1068 434 1410 505 subiungitur
1434 452 1447 488 :
1475 433 1543 488 Et
1561 434 1713 488 stabit
1743 432 1872 503 sicut
1900 434 1963 513 ,Α⁸
2050 430 2193 504 [γει.
2228 429 2354 501 VL]
2390 409 2480 485 ἐι.
2522 428 2589 482 In
2627 431 2833 497 inferno
2869 425 3239 493 deambulavit,
3276 424 3397 494 quia
3434 424 3568 479 liber

236 520 657 608 'eestinrentum.
694 528 884 584 Lutum
939 544 1171 599 namque
1226 536 1468 582 nostrum
1518 530 1659 581 sicut
1702 523 1878 608 vesti-:-

281 598 525 682 mcntum
575 630 721 677 stare
763 631 847 677 est
878 636 1046 690 usque
1092 621 1158 674 ad
1210 619 1619 675 resurrectionis
1667 598 1878 684 tempus

283 719 448 773 inane
475 730 806 783 exutumque
837 714 1145 783 perdurare.
1197 712 1301 775 Sed
1334 714 1455 783 quia
1500 712 1637 771 hanc
1669 726 1877 794 poenam

285 806 555 874 superbire
586 820 686 860 nec
716 804 791 858 illi
825 812 1123 871 transeunt,
1155 804 1245 872 qui
1290 813 1345 858 et
1389 803 1634 857 eamdem
1684 816 1880 870 super-

286 898 428 954 hiatu
458 898 685 952 vivendo
715 897 987 950 humiliter
1017 894 1268 959 vincunt;
1299 910 1418 963 qua:
1465 897 1535 949 sit
1564 894 1881 965 superbien‘

286 992 423 1045 tium
450 990 700 1061 specialis
727 1004 907 1059 pmna,
935 987 1205 1056 subjuugit
1234 987 1453 1041 dicens:

906 1077 1128 1133 CAPUT
1171 1077 1265 1135 XI.

363 1174 529 1229 Vens.
581 1174 668 1229 15.
693 1173 1057 1242 —Auferetur
1096 1150 1161 1224 ab
1188 1170 1359 1241 impiis
1402 1170 1495 1224 lux
1522 1186 1635 1235 sua,
1679 1176 1729 1223 et
1769 1168 1885 1223 brae

286 1265 461 1322 cliiusn
497 1264 753 1319 excelsum
791 1280 884 1316 con
892 1265 1166 1333 fringetur.
1557 1264 1561 1268 ”

362 1355 457 1410 22.
496 1356 641 1410 Mors
667 1373 781 1427 qum
810 1332 993 1409 electos
1024 1355 1125 1407 luci
1150 1355 1393 1417 restituit,
1436 1352 1665 1422 reprobis
1699 1332 1885 1421 lucem,

287 1451 538 1504 nimirum
569 1450 830 1517 prasentis
861 1449 977 1502 vitta
1006 1448 1225 1518 gloriam
1267 1448 1419 1502 tollit.
1460 1476 1532 1488 —
1570 1446 1713 1500 Mors
1742 1448 1885 1501 enim

286 1541 493 1606 muris,
523 1557 643 1611 qua:
682 1541 887 1596 electos
935 1539 1041 1593 luci
1086 1554 1197 1593 sure
1236 1538 1486 1604 rrstituit,
1532 1538 1704 1592 lucem
1736 1552 1887 1592 suam

286 1635 540 1703 reprobis
578 1634 737 1687 tollit.
779 1632 893 1687 Lux
935 1648 1168 1702 namque
1209 1631 1571 1701 superbientis
1610 1641 1691 1686 est
1718 1630 1887 1700 gloria

290 1726 421 1779 vitae
466 1722 762 1794 pra-sentis.
804 1724 932 1789 Qua:
971 1724 1021 1777 ei
1066 1722 1155 1775 lux
1195 1732 1321 1777 tunc
1357 1721 1720 1782 subtrahitur.
1768 1735 1888 1787 cum

1980 521 2254 593 adligatos
2284 520 2786 589 venit.-—Vigilanti
2816 534 2940 574 vero
2967 528 3049 573 est
3072 534 3197 575 cura
3228 519 3559 588 pensandum

1981 614 2120 683 quod
2153 624 2173 654 ο
2208 614 2259 668 in
2289 613 2580 667 novissimo
2609 612 2785 684 abyssi
2816 611 3186 666 deambulasse
3211 626 3270 663 se
3294 610 3559 679 perhibet.

1982 705 2335 761 Deambulare
2376 707 2573 775 quippe
2624 722 2728 758 nun
2774 704 3069 767 constricti,
3114 703 3211 760 sed
3261 701 3415 758 liberi
3460 708 3565 767 esu.
3650 758 3655 765 ,

1982 782 2360 869 ρυρηιέηἱίη
2429 802 2641 856 vincula
2705 800 2994 866 stringunt,
3035 798 3154 869 ejus
3217 797 3565 853 nihilominus

1982 909 2197 965 gressus
2236 894 2551 961 impediunt.
2598 894 2730 959 Quia
2772 892 3215 982 igitur\Dominus
3258 890 3403 945 nulla
3446 904 3573 958 pec-

1984 991 2087 1044 cati
2123 990 2331 1043 vincula
2374 988 2611 1056 pertulit,
2657 988 2708 1040 in
2752 976 2960 1039 inferno
2998 983 3375 1038 deambulavit.
3410 976 3569 1035 Liber
3606 985 3637 995 “

1986 1079 2182 1148 quippe
2213 1078 2277 1131 ad
2316 1078 2506 1147 ligatos
2537 1077 2703 1131 venit.
2761 1075 2910 1131 Unde
2946 1075 3205 1140 scriptum
3235 1082 3351 1127 est:
3380 1068 3578 1125 Fartus

1985 1186 2102 1223 sum
2144 1169 2275 1224 sicut
2314 1170 2464 1222 homo
2505 1171 2614 1222 sine
2651 1168 2947 1238 adjutorio,
2996 1167 3128 1219 inter
3172 1173 3397 1218 mortuos
3452 1163 3581 1216 liber
3615 1162 3661 1236 λ

1988 1261 2163 1329 (Psal.
2196 1277 2433 1329 Lxxsvn,
2456 1259 2536 1328 5).
2574 1260 2627 1313 In
2658 1259 2963 1314 novissimis
2989 1274 3116 1327 ergo
3145 1257 3324 1327 abyssi
3351 1255 3580 1309 Domino

1987 1353 2329 1408 deambulare
2371 1363 2452 1407 est
2490 1353 2542 1406 in
2586 1346 2707 1406 loco
2750 1348 3110 1405 damnationis
3146 1350 3276 1403 nihil
3313 1364 3426 1404 sua:
3484 1361 3574 1401 re-

1993 1444 2250 1499 tentionis
2282 1445 2548 1510 invenire,
2576 1454 2867 1499 attestante
2894 1444 3075 1512 Petro,
3106 1445 3197 1513 qui
3227 1443 3303 1497 ait
3336 1459 3349 1493 :
3381 1439 3581 1495 Salutis

1991 1535 2258 1589 doloribus
2296 1536 2513 1605 inferni,
2544 1540 2700 1609 juxta
2740 1540 2877 1603 quod
2915 1536 3228 1607 impossibile
3271 1543 3382 1589 erat
3424 1534 3585 1587 teneri

1993 1627 2140 1681 ilium
2163 1630 2226 1681 ab
2248 1644 2307 1681 eo
2334 1629 2473 1698 (Act.
2505 1644 2565 1695 ιι,
2597 1628 2710 1699 94).
2748 1629 2838 1683 Vel
2868 1642 3013 1685 certe
3043 1630 3162 1699 quia
3191 1627 3587 1684 deambulando

1995 1732 2094 1771 nos
2134 1734 2253 1771 cum
2293 1718 2360 1772 de
2398 1721 2514 1773 loco
2544 1720 2710 1789 928
2738 1720 2805 1773 ad
2836 1721 3009 1774 locum
3037 1720 3301 1784 ducimur,
3334 1718 3422 1772 hic
3450 1717 3587 1772 illic'

296 1830 400 1887 per
427 1817 593 1869 carnis
632 1814 912 1869 interitum
951 1822 978 1851 ι
1010 1814 1076 1868 ad
1108 1814 1516 1868 retributionum
1556 1828 1772 1866 suarum
1813 1822 1890 1887 te:
1922 1821 1969 1881 Β
1996 1826 2100 1880 que
2138 1819 2432 1879 praesentes
2474 1812 2804 1878 invenimur;
2856 1813 3229 1867 deambulasse
3274 1814 3327 1867 in
3374 1810 3588 1866 inferno

299 1907 493 1963 nebras
513 1916 749 1962 vocatur.
782 1896 853 1961 lbi
884 1917 1009 1963 tunc
1038 1907 1308 1961 exeel-um
1336 1906 1614 1961 brachium
1644 1906 1884 1961 confrin-

296 2002 460 2072 gitur,
505 2003 628 2070 quia
674 1985 936 2055 celsitudo
984 2000 1163 2055 cordis
1212 2000 1347 2055 ultra
1398 2011 1604 2054 naturae
1637 2000 1885 2053 ordinem

295 2096 558 2150 violenter
623 2103 834 2161 arrepta
898 2093 1250 2162 upprimentis
1307 2108 1368 2147 se
1414 2092 1612 2147 divinae
1666 2089 1889 2161 justitire

288 2188 438 2243 mole
464 2186 775 2254 dissipatur,
812 2194 871 2239 ut
898 2186 1023 2255 quia
1054 2200 1112 2239 se
1143 2201 1395 2254 perverse
1426 2186 1476 2237 in
1512 2184 1659 2238 brevi
1691 2198 1886 2237 erexe-

289 2290 395 2343 rat,
426 2295 523 2349 per
555 2278 761 2347 pondus
787 2277 971 2347 judicii
1004 2278 1059 2331 in
1087 2286 1347 2332 :eternum
1379 2276 1547 2331 fracta
1578 2283 1887 2347 cognoscat.

287 2371 485 2427 Nullus
512 2379 689 2426 autem
721 2380 962 2425 nostrum
993 2369 1117 2440 quid
1153 2378 1268 2437 post
1316 2378 1541 2424 mortem
1575 2377 1893 2435 sequeretur

288 2473 644 2532 agnosceret,
699 2462 799 2516 nisi
850 2462 977 2515 vitte‘
1026 2471 1225 2529 nostra:
1273 2461 1521 2537 conditor
1571 2459 1636 2513 ad
1678 2474 1892 2529 pinnam

291 2568 467 2623 usque
508 2555 699 2607 mortis
729 2561 930 2607 nostra:
957 2552 1181 2607 veniret.
1232 2552 1343 2607 Nisi
1369 2553 1510 2629 enim
1540 2550 1655 2621 ipse
1684 2552 1896 2606 miseri-

290 2645 532 2701 corditer
570 2644 753 2713 intima
794 2652 1021 2713 peteret,
1065 2660 1399 2714 nequaquam
1444 2660 1541 2699 nos
1583 2654 1703 2711 post
1740 2657 1894 2697 suam

288 2738 583 2808 imaginem
634 2737 872 2808 perditos
901 2738 1043 2807 iuste
1073 2736 1140 2791 ad
1170 2752 1379 2791 summa
1404 2744 1707 2792 revocaret.
1743 2735 1896 2792 Unde
1962 2724 1966 2728 ’

192 2826 195 2829 ¹
293 2839 354 2885 et
382 2840 532 2885 recte
560 2831 898 2899 subjtmgitur
921 2845 936 2882 :

722 2888 948 2975 diem
991 2918 1086 2975 xu
1127 2919 1274 2990 ιηεε.
1322 2888 1484 2990 VII].

376 3013 539 3070 Vens.
572 3015 662 3070 16.
686 3044 757 3055 -
781 3010 1041 3081 Nunquid
1072 3015 1332 3081 ingressus
1358 3030 1409 3067 es
1445 3013 1760 3084 profundum
1788 3028 1901 3067 ma-

289 3106 391 3170 ris,
418 3118 467 3159 et
500 3107 553 3160 in
583 3106 871 3159 novissimis
900 3105 1071 3175 abyssi
1094 3105 1475 3160 deambulasti?

1998 1901 2256 1956 Dominus
2286 1904 2497 1969 dicitur,
2531 1913 2590 1958 ut
2619 1905 2805 1959 electis
2844 1906 3123 1960 animabus
3154 1904 3209 1959 in
3238 1906 3371 1960 locis
3400 1906 3587 1975 singu-

1992 1998 2062 2054 lis
2091 2013 2185 2066 per
2207 1994 2501 2053 divinitatis
2530 2004 2821 2068 potentiam
2852 2015 3088 2069 praesens
3117 1998 3286 2054 fuisse
3316 2007 3584 2054 monstra-

1994 2099 2158 2143 retur.
2193 2088 2345 2144 Unde
2374 2099 2427 2144 et
2457 2091 2677 2159 spiritus
2706 2092 2982 2161 sapientiae
3027 2092 3240 2147 mobilis
3262 2091 3585 2147 describitur

1996 2184 2150 2257 (Sap.
2180 2200 2275 2252 vn,
2307 2184 2385 2253 4),
2420 2196 2477 2239 ιιι
2507 2201 2602 2255 per
2631 2187 2730 2241 hoc
2770 2188 2912 2257 quod
2961 2202 3221 2256 nusquam
3266 2186 3441 2253 deest,
3472 2186 3586 2243 ubi-

1994 2296 2098 2348 que
2130 2280 2283 2332 nobis
2312 2294 2598 2334 occurrere
2627 2279 2957 2351 designetur.
2982 2282 3151 2346 Quam
3176 2279 3586 2337 descensionem

1997 2386 2148 2426 suam
2179 2371 2436 2426 Dominus
2466 2382 2613 2427 tanto
2642 2374 3209 2444 mirabilemlrespicit.
3241 2383 3438 2451 quanto
3467 2388 3589 2432 eam

1998 2464 2277 2535 redempta
2326 2464 2526 2519 homini
2582 2466 2825 2522 crebrius
2880 2466 3126 2522 infundit.
3182 2465 3313 2521 Eam
3356 2481 3591 2537 namque

2000 2556 2176 2612 adhuc
2203 2557 2474 2626 replicans
2504 2557 2685 2612 subdit
2718 2577 2731 2611 :

2601 2650 2829 2707 CAPUT
2870 2652 3003 2707 XIII.

2076 2743 2239 2797 Vsus.
2272 2742 2361 2798 i7.
2383 2773 2454 2782 -
2473 2734 2721 2811 Nunquid
2741 2755 2929 2813 aperta:
2949 2754 3066 2798 sunt
3094 2745 3186 2798 tibi
3208 2755 3367 2813 portu:
3390 2746 3588 2810 mortis,

2002 2844 2050 2889 et
2071 2836 2205 2889 ostia
2228 2836 2489 2890 tenebrosa
2508 2836 2717 2889 vidisti?

2072 2926 2164 2982 ‘25.
2207 2927 2396 2983 Portas
2419 2930 2615 2993 mortis,
2651 2930 2746 2982 hoc
2770 2940 2847 2983 est
2874 2939 3144 2999 potestates
3170 2932 3407 2985 adversas
3444 2942 3596 2998 supe-

2000 3020 2243 3073 ravit.—
2268 3020 2442 3075 Portae
2466 3022 2608 3075 enim
2639 3022 2828 3076 mortis
2859 3034 2981 3076 sunt
3010 3028 3301 3092 potestates
3329 3025 3591 3079 adversar.

2004 3112 2150 3179 Quas
2179 3114 2512 3169 descendens
2544 3115 2799 3169 Dominus
2837 3116 3066 3184 aperuit,
3102 3109 3225 3184 quia
3265 3130 3449 3170 earum
3480 3115 3594 3170 for-

368 3196 460 3249 25.
490 3196 755 3281 'Dominus
794 3212 895 3249 non
932 3196 1099 3249 solum
1134 3197 1185 3249 in
1219 3198 1499 3263 mundum,
1535 3196 1625 3249 sed
1657 3197 1809 3249 ctiam
1843 3196 1898 3249 in
1926 3216 1974 3280 ρ
2010 3205 2290 3262 ιὶιυάίυθιη
2347 3208 2627 3262 moriendo
2686 3209 2978 3277 superavit.
3055 3207 3185 3275 Qum
3234 3208 3593 3277 appellatio“

291 3292 554 3369 infernum
580 3306 674 3361 pro
708 3289 851 3342 nobis
885 3289 1167 3351 descendit.
1193 3320 1263 3343 -τ-
1284 3293 1362 3346 Ac
1389 3292 1431 3344 si
1463 3289 1605 3344 dicat
1632 3307 1642 3342 :
1680 3287 1749 3345 Ut
1774 3304 1898 3357 ego,

298 3383 391 3452 qui
433 3397 537 3436 non
580 3382 754 3435 solum
798 3396 966 3445 mare,
1009 3382 1060 3435 id
1101 3392 1183 3435 est
1220 3383 1496 3446 saeculum,
1552 3397 1645 3451 per
1693 3396 1903 3437 assum-

294 3482 444 3545 ptarn
495 3473 782 3527 humanam
833 3487 1049 3526 carnem
1098 3480 1259 3541 atque
1312 3474 1544 3526 animam
1595 3473 1743 3541 petii,
1804 3472 1902 3526 sed

293 3564 462 3620 etiam
505 3568 599 3634 per
637 3579 755 3618 eam
796 3572 987 3631 sponte
1028 3564 1081 3616 in
1124 3568 1297 3625 morte
1339 3564 1591 3631 positam,
1637 3577 1805 3632 usque
1834 3561 1905 3616 ad

296 3659 490 3712 ultima
528 3657 719 3712 inl‘erni
746 3696 761 3722 ,
803 3657 954 3726 quasi
991 3657 1057 3709 ad
1099 3657 1262 3710 maris
1304 3656 1563 3721 profunda
1616 3655 1898 3711 descendi.

296 3752 358 3809 Si
389 3754 534 3807 enim
580 3767 751 3817 mare,
785 3765 936 3805 more
967 3748 1134 3804 divini
1188 3749 1406 3821 eloquii,
1454 3750 1712 3806 szeculum
1745 3749 1907 3805 debet

296 3843 550 3911 intelligi,
579 3842 708 3897 nihil
740 3841 985 3909 prohibet
1016 3837 1491 3909 prol'undanmris
1534 3840 1727 3894 interni
1760 3841 1908 3894 clau-

297 3944 411 3989 stra
442 3933 650 3988 sentiri.
695 3932 846 3998 Quod
875 3930 1203 4000 profundum
1251 3933 1413 3986 maris
1443 3933 1699 3987 Dominus
1733 3932 1905 3999 petiit,

299 4042 423 4082 cum
469 4025 664 4081 inferni
712 4023 1037 4092 novissima,
1088 4026 1382 4081 electorum
1432 4041 1651 4080 suorum
1700 4026 1909 4081 animas

260 4174 265 4175 ,
301 4128 607 4184 erepturus,
639 4117 875 4169 intravit.
907 4113 1060 4169 Unde
1094 4128 1146 4171 et
1194 4132 1288 4187 per
1317 4116 1632 4186 prophetam
1679 4115 1905 4172 dicitur:

302 4208 537 4263 Posuisti
577 4208 889 4279 profundum
942 4209 1100 4262 maris
1122 4211 1275 4275 viam,
1310 4218 1363 4262 ut
1396 4209 1674 4263 transirent
1705 4210 1909 4264 liberati

299 4301 705 4373 (lsai.u,10).
758 4303 885 4358 Hoc'
917 4318 1147 4372 namque
1198 4302 1518 4371 profundum
1569 4301 1735 4359 maris
1783 4312 1908 4357 ante

304 4395 687 4464 Redemptoris
734 4399 1023 4451 adventum
1077 4413 1181 4449 non
1229 4395 1348 4463 via,
1406 4396 1500 4450 sed
1550 4413 1737 4450 carcer
1786 4398 1907 4462 fuit,

302 4491 430 4559 quia
471 4490 615 4543 inse
646 4491 806 4545 rtiam
850 4492 1115 4547 bonorum
1156 4492 1381 4557 animas,
1423 4494 1668 4561 quamvis
1708 4509 1812 4546 non
1854 4494 1907 4549 iu

1972 3352 1975 3355 .
2004 3318 2219 3375 quoque
2257 3305 2361 3360 alia
2406 3306 2686 3361 tenebrosa
2718 3304 2852 3360 ostia
2880 3314 3160 3372 vocantur,
3191 3304 3314 3374 quia
3345 3296 3468 3358 dum
3498 3318 3596 3373 per

2007 3395 2380 3451 occultationis
2423 3412 2535 3451 suae
2585 3395 2807 3451 insidias
2868 3412 2973 3450 non
3028 3396 3300 3463 videntur,
3354 3394 3595 3462 deceptis

2009 3488 2278 3544 mentibus
2300 3489 2441 3542 viam
2469 3490 2656 3543 mortis
2682 3489 2947 3557 aperiunt.
2979 3489 3110 3556 Quae
3142 3487 3425 3543 tenebrosa
3457 3487 3596 3541 ostia

2009 3580 2265 3635 Dominus
2295 3582 2461 3647 videt,
2511 3582 2635 3650 quia
2684 3581 3083 3636 immundurum
3128 3580 3412 3650 spirituum
3452 3580 3601 3634 trau-

1968 3720 1973 3721 ,
2008 3672 2278 3727 dulentam
2325 3672 2581 3728 malitiam
2611 3683 2667 3728 et
2698 3674 2919 3742 respicit
2966 3683 3020 3729 et
3048 3673 3265 3744 premit.
3311 3673 3454 3738 Quos
3496 3672 3600 3726 nisi

2009 3764 2126 3831 ipse
2170 3764 2326 3819 nobis
2373 3764 2735 3819 nescientibus
2782 3763 3013 3836 videndo
3064 3764 3394 3833 prohiberet,
3442 3774 3493 3817 et
3524 3763 3599 3816 nil

2010 3856 2080 3914 de
2118 3858 2326 3913 insidiis
2363 3874 2551 3915 eorum
2592 3873 2744 3913 mens
2789 3869 2966 3914 nostra
3012 3869 3381 3930 cognosceret,
3416 3867 3469 3912 et
3494 3858 3599 3913 eis-

2012 3952 2133 4005 dem
2180 3952 2389 4006 insidiis
2427 3962 2581 4022 capta
2609 3953 2901 4023 deperiret.
2939 3954 3067 4019 Quae
3111 3954 3395 4009 tenebrosa
3438 3954 3599 4008 etiam

2012 4059 2112 4097 nos
2158 4044 2294 4099 ostia
2346 4045 2638 4111 cernimus,
2698 4046 2913 4115 quando
2950 4058 3211 4116 'supernze
3261 4044 3392 4100 lucis
3438 4043 3602 4097 radiis

2015 4135 2370 4190 illustrantur.
2404 4135 2557 4191 Unde
2581 4144 2635 4190 et
2660 4150 2757 4205 per
2787 4140 3102 4207 prephctam
3135 4137 3333 4199 dicitur
3361 4152 3374 4187 :
3418 4134 3602 4189 Domi-

2013 4236 2110 4283 nus
2156 4231 2284 4284 mihi
2326 4231 2533 4302 adjutor
2569 4240 2673 4295 est,
2724 4238 2773 4283 et
2821 4246 2914 4303 ego
2958 4232 3134 4285 videbo
3191 4230 3424 4283 inimicos
3468 4244 3607 4282 meas

2018 4320 2192 4392 (Psal.
2226 4337 2397 4389 cxvn,
2444 4322 2520 4393 7).
2574 4323 2768 4377 llostes
2812 4324 2969 4393 igitur
3018 4332 3230 4377 nostros
3277 4321 3394 4390 ipse
3439 4319 3601 4386 videt,

2015 4415 2107 4483 qui
2155 4429 2252 4469 suo
2279 4429 2374 4468 eos
2418 4431 2641 4470 nnmere
2674 4416 2829 4469 nubis
2876 4414 3108 4469 visibiles
3139 4413 3283 4469 facit.
3334 4412 3429 4469 Vel
3459 4412 3625 4469 certe

2019 4506 2307 4560 tenebrosa
2354 4515 2479 4561 tunc
2527 4507 2665 4561 ostia
2715 4501 2969 4561 Dominus
3010 4507 3160 4571 vidit,
3207 4520 3329 4560 cum
3373 4506 3606 4560 claustra.

303 4581 440 4636 locis
490 4583 831 4649 primatibus,
878 4585 1091 4639 clausit.
1151 4582 1303 4651 Quod
1352 4593 1532 4637 tamen
1583 4584 1897 4653 profundunt

2021 4594 2214 4650 inl‘erui
2243 4606 2549 4665 penetrans,
2580 4597 2830 4652 crudeles
2855 4596 3073 4666 spiritus
3102 4596 3348 4666 perculit,
3379 4605 3436 4652 et
3463 4613 3609 4661 mur-

300 4673 449 4728 viam
502 4674 762 4729 Dominus
816 4677 1011 4746 posuit,
1063 4677 1184 4746 quia
1233 4676 1358 4730 illuc
1406 4678 1656 4743 veniens,
1708 4677 1908 4733 electos

298 4779 434 4819 suos
478 4783 506 4817 ει
539 4767 785 4825 claustris
837 4768 1030 4822 interni
1061 4768 1128 4822 ad
1159 4768 1396 4822 caelestia
1427 4750 1654 4821 transire
1685 4782 1909 4822 conces-

301 4859 396 4912 sit.
448 4857 599 4913 linde
629 4867 685 4913 et
723 4869 846 4927 apte
883 4862 990 4915 illic
1028 4862 1259 4917 dicitur:
1290 4860 1357 4916 Ut
1382 4864 1661 4915 transirent
1690 4862 1913 4917 libertati

306 4949 503 5020 (lbid.,
543 4950 658 5021 10).
721 4952 875 5019 Quod
927 4969 1052 5008 vero
1100 4955 1418 5023 profundum
1465 4955 1629 5010 maris
1680 4956 1909 5025 dixerat,

306 5044 436 5107 hoc,
468 5041 599 5119 aliis
614 5043 792 5098 verbis
824 5044 1113 5112 replicans,
1141 5047 1319 5117 θιιγδδί
1351 5030 1697 5101 novissimum
1731 5056 1906 5119 vocat,

306 5136 433 5204 quia
492 5122 629 5190 sicut
681 5152 940 5207 aquarum
988 5139 1216 5208 abyssus
1273 5140 1418 5195 rhilla
1466 5153 1649 5197 nostra
1698 5142 1910 5196 visione

306 5227 813 5295 comprehenditur,
866 5229 938 5283 ita
988 5230 1196 5283 occulta
1244 5229 1438 5285 inferni
1486 5233 1633 5287 nullo
1680 5247 1711 5286 a
1754 5232 1911 5289 nobis
1978 5276 1981 5279 .

305 5318 338 5359 ι’
370 5323 698 5391 cognitionis
728 5337 890 5378 sensu
925 5332 1290 5394 penetrantur.
1328 5324 1429 5391 Qui
1457 5326 1599 5379 enim
1634 5326 1755 5380 hinc
1780 5328 1913 5381 sub-

307 5413 603 5469 trahantur
649 5417 941 5481 cernimus,
990 5416 1084 5471 sed
1136 5430 1255 5483 qua:
1302 5418 1422 5471 illos
1462 5417 1611 5484 juxta
1654 5418 1909 5482 meritum

308 5507 598 5561 retributio
628 5507 1011 5579 suppliciorum
1045 5516 1291 5575 maneat,
1321 5523 1425 5563 non
1459 5508 1725 5563 videmus.

394 5679 421 5704 ⁸
465 5667 557 5722 Sic
578 5665 809 5727 Turon.,
838 5664 1274 5735 Ebroic..aliique
1305 5665 1560 5719 Normau.
1592 5681 1711 5720 cum
1743 5665 1914 5721 Laud.

314 5737 425 5791 Pro
452 5737 840 5791 retributianum
885 5738 1020 5790 Editi
1053 5740 1247 5792 habent
1272 5739 1550 5791 rationum.
1608 5737 1741 5803 Ipsis
1772 5738 1916 5794 favet

313 5807 482 5865 εστι).
512 5807 720 5872 Gertu.,
755 5810 806 5861 in
834 5824 941 5877 quo
973 5811 1117 5876 prius
1148 5810 1420 5877 legebatur
1459 5808 1769 5865 orationum.

608 5900 881 5960 Ριτίιοι..
911 5898 1201 5970 LXXVI.

2024 4691 2091 4744 tis
2121 4690 2439 4759 praepositos
2472 4691 2752 4746 moriendo
2779 4691 3071 4746 damnavit.
3103 4691 3254 4759 Quod
3287 4692 3488 4746 idcirco
3519 4690 3609 4746 hic

1976 4820 1979 4823 -
2020 4800 2126 4838 non
2158 4784 2334 4839 adhuc
2361 4785 2427 4839 de
2463 4784 2664 4861 futuro,
2708 4787 2805 4841 sed
2831 4789 2944 4854 jam
2972 4786 3040 4841 de
3072 4786 3346 4855 praeterito
3392 4784 3608 4850 dicitur.

2018 4876 2139 4946 quia
2172 4877 2272 4932 hoc
2307 4879 2451 4948 quod
2496 4880 2733 4935 tacturus
2768 4890 2885 4936 erat
2916 4881 2983 4957 in
3009 4893 3191 4948 Opere,
3223 4878 3471 4934 nimirum
3498 4873 3613 4949 iam

2020 4970 2220 5026 fecerat
2259 4974 2308 5025 in
2351 4972 2840 5041 prtedestinatione.
2890 4974 3025 5041 Quia
3055 4989 3182 5028 vero
3230 4981 3352 5043 post
3378 4979 3611 5025 mortem

2020 5066 2576 5135 resm'rectionentque
2627 5067 2744 5134 ejus
2798 5067 2966 5122 crevit
3025 5065 3288 5130 Ecclesia,
3341 5071 3502 5130 atque
3554 5060 3612 5115 in

2019 5156 2225 5212 cunctis
2255 5165 2339 5212 est
2364 5157 2613 5228 gentibus
2641 5158 2887 5221 dilatata,
2916 5169 3041 5224 apte
3083 5154 3423 5222 subiungitur
3447 5168 3463 5206 :

2432 5251 2660 5309 CAPUT
2690 5250 2815 5331 .XIV
2856 5249 2999 5322 [νει.
3038 5246 3196 5317 VII].

2092 5343 2261 5401 Vsus.
2313 5347 2401 5404 18.
2442 5378 2513 5390 --
2575 5346 2825 5416 Nunquid
2886 5342 3228 5398 considerasti
3283 5342 3614 5400 latitudinem

2017 5446 2167 5493 terra
2186 5439 2212 5493 ?

2087 5529 2181 5586 26.
2216 5528 2384 5585 Morte
2404 5527 2597 5584 Christi
2621 5528 2774 5581 crevit
2795 5526 3046 5583 Ecclesia.
3072 5526 3345 5600 Tanquam
3368 5526 3617 5595 Samson,

2096 5665 2126 5704 δ
2173 5663 2367 5728 Laud.,
2400 5660 2615 5735 Ehrnic.
2646 5672 2703 5735 et
2729 5663 2816 5719 alii
2845 5663 3055 5729 Norm.,
3090 5664 3410 5735 rogitationis
3440 5676 3618 5720 sensu.

2030 5818 2033 5823 Α
2099 5748 2123 5775 ο
2164 5735 2333 5793 Laud.
2366 5743 2423 5795 et.
2446 5734 2607 5792 Curb.
2644 5734 2848 5805 Germ.,
2876 5737 2931 5792 in
2961 5734 3259 5793 novissima.

3137 5895 3213 5951 16
