4036 6348
492 282 503 289 ι
566 251 665 327 t9!

1784 250 2029 333 SANCTI
2068 242 2399 309 GREGORII
2437 248 2652 351 uacui
3693 262 3776 322 un
3844 242 3853 251 ’

560 342 739 447 sine.
760 374 982 453 hostium
1005 375 1225 449 moriens
1245 373 1486 429 exstinxit
1507 390 1664 445 quam
1682 376 1872 429 vivens.
1914 405 1984 417 -
2018 375 2151 429 Dum
2185 344 2228 427 Ᾰ
2258 366 2641 447 deambulant?
2675 364 2704 404 ά
2732 364 2863 435 Quae
2882 364 3028 422 enim
3052 373 3136 422 est
3177 362 3426 439 abyssus,
3455 362 3548 453 nisi
3565 383 3694 426 mens
3711 375 3776 431 hu-

565 473 707 522 enim
734 468 987 522 Dominus
1015 468 1287 535 angustias
1320 469 1505 523 mortis
1532 464 1701 537 petiit,
1725 468 1883 522 ﬁdem
1914 481 2065 522 suam
2098 466 2152 519 in

500 614 511 623 λ
564 562 811 631 gentibus
839 560 1100 626 dilatavit,
1131 569 1292 630 atque
1322 558 1387 613 ad
1421 562 1697 614 innumera
1727 560 1891 615 corda
1922 558 2153 639 creden-

565 656 695 709 tium
727 662 962 707 sanctam
986 651 1279 707 Ecclesium
1306 651 1565 707 extendit.
1593 652 1691 707 Cui
1721 668 1812 717 per
1835 652 2151 722 prophetam

561 732 755 799 dicitur
780 760 794 799 :
825 724 999 797 Dilatd
1024 746 1189 797 locum
1220 744 1428 797 tentorii
1458 745 1557 810 tui,
1588 753 1635 797 et
1660 742 1821 812 pelles
1851 736 2153 798 tabernacu-

560 838 728 909 lorum
757 844 957 888 tuorum
986 836 1219 901 extende,
1246 852 1309 889 ne
1336 851 1539 904 parcas,
1574 836 1751 906 longos
1780 838 1865 905 {ac
1894 835 2153 903 funiculus

558 942 692 991 tuos,
727 939 772 982 et
798 928 966 982 clavos
997 936 1110 982 tuos
1139 927 1435 992 consolida;
1466 928 1533 979 ad
1558 926 1820 981 dexteram
1846 929 1981 981 enim
2009 935 2059 982 et
2086 929 2153 980 ad

558 1022 737 1074 lteram
781 1020 1094 1089 penetrabis,
1144 1028 1189 1072 et
1220 1036 1390 1073 semen
1432 1030 1576 1072 tuum
1620 1030 1790 1090 gentes
1831 1019 2153 1074 hmreditabt't

475 1095 481 1103 ’
557 1110 715 1183 (Isai.
742 1127 847 1179 Liv,
876 1109 953 1180 2).
979 1111 1107 1177 Quae
1130 1110 1354 1165 latitudo
1389 1118 1545 1165 terra:
1574 1110 1813 1178 profecto
1843 1126 1947 1164 non
1970 1106 2147 1178 ﬁeret,

558 1204 663 1257 nisi
694 1205 806 1273 ipse
828 1204 977 1272 prius
1006 1211 1058 1256 et
1085 1206 1245 1256 vitam
1275 1216 1432 1271 quam
1463 1202 1708 1255 novimus
1736 1201 2017 1255 moriendo
2054 1199 2150 1255 de~

554 1298 808 1366 spiceret,
833 1304 885 1350 et
901 1298 1061 1349 vitam
1081 1310 1239 1364 quam
1262 1309 1367 1349 non
1391 1295 1636 1349 novimus
1658 1294 1986 1364 resurgendo
2009 1308 2153 1346 mon-

555 1398 772 1443 straret.
796 1390 850 1442 In
875 1397 1047 1442 morte
1066 1389 1264 1458 quippe
1280 1402 1372 1442 sua
1399 1396 1595 1440 nostrm
1617 1384 1802 1440 oculos
1824 1385 2153 1454 mentisape-

555 1482 684 1545 ruit,
716 1491 768 1535 et
795 1496 913 1548 qua:
940 1489 1084 1535 esset
1111 1480 1215 1534 vita
1233 1493 1353 1550 qua:
1377 1486 1691 1547 sequeretur
1718 1476 1971 1531 ostendit.
1996 1473 2151 1531 Unde

554 1586 607 1628 et
628 1575 767 1628 hunc
799 1574 850 1626 in
868 1572 1157 1641 Evangelio
1184 1572 1426 1626 ordinem
1453 1568 1957 1638 tenens,discipulis
1985 1568 2146 1623 dicit:

555 1664 649 1717 Sic
696 1663 955 1731 oportebat
982 1660 1240 1716 Christum
1284 1663 1412 1733 pati,
1458 1672 1507 1715 et
1552 1677 1816 1732 resurgere
1861 1677 1892 1713 a
1933 1660 2149 1714 mortuis

556 1757 704 1809 tertia
731 1757 831 1821 die,
864 1764 913 1809 et
944 1756 1219 1822 prmdicari
1246 1756 1301 1807 in
1326 1750 1529 1808 nomine
1557 1755 1669 1823 ejus
1693 1753 2063 1823 panitentiam,
2096 1762 2146 1809 et

552 1848 901 1900 remissionem
929 1856 1253 1915 peccatorum
1284 1861 1375 1913 per
1406 1861 1579 1899 omnes
1604 1854 1778 1913 gentes
1806 1844 1959 1917 (Luc.
1992 1858 2141 1911 xnv,

552 1935 670 2007 46).
704 1935 866 1991 Pauci
890 1938 1034 1991 enim
1064 1952 1129 1991 ex
1163 1936 1319 2005 plebe
1352 1936 1641 1990 Israelitica
1671 1937 1789 2004 ipso
1817 1936 2144 2006 praedicante

551 2031 937 2097 crediderunt;
993 2034 1261 2089 innumeri
1314 2048 1445 2089 vero
1489 2035 1726 2104 gentium
1777 2034 1955 2103 pepuli
2000 2036 2142 2088 viam

524 2124 678 2176 vita:
724 2126 987 2179 moriente
1030 2124 1125 2179 illo
1172 2129 1341 2180 secuti
1389 2112 1537 2181 sunt.
1592 2126 1864 2195 Superbos
1913 2140 2145 2196 namque

498 2212 505 2217 ’
550 2210 679 2267 dum
727 2215 901 2269 adhuc
951 2214 1219 2280 passibilis
1266 2218 1470 2272 viveret
1512 2218 1755 2288 pertulit,
1785 2226 1813 2255 ι
1843 2233 1875 2273 a
1907 2220 2143 2288 passibili

549 2318 683 2381 vero
709 2304 817 2359 vita
847 2318 1091 2361 mortuus
1119 2309 1328 2363 stravit.
1361 2309 1516 2377 Quod
1545 2310 1683 2365 bene
1712 2310 1941 2367 Samson
1975 2314 2029 2367 in
2057 2328 2144 2368 se-

550 2395 784 2463 metipso
808 2396 1007 2451 dudum
1040 2398 1333 2470 figuraliter
1363 2401 1629 2469 expressit
1656 2402 1858 2471 (Judic.
1890 2419 2002 2469 xvi,
2026 2402 2142 2474 30),

496 2487 642 2558 «qui
666 2505 863 2555 paucos
902 2492 1115 2561 quidem
1146 2484 1508 2550 dum-viveret
1538 2495 1841 2562 interemit;
1869 2496 2143 2553 destructo

526 2587 727 2635 autem
759 2581 981 2652 templo,
1013 2582 1195 2640 hostes
1224 2584 1537 2640 innumeros
1566 2600 1686 2641 cum
1718 2599 2021 2643 moreretur
2039 2593 2145 2646 ‘oc-

548 2668 695 2737 cidit,
727 2673 851 2741 quia
892 2672 1143 2728 nimirum
1172 2673 1433 2730 Dominus
1480 2677 1549 2729 ab
1601 2677 1836 2732 elatione
1878 2680 2143 2747 superbia

546 2776 747 2830 paucos
793 2779 919 2819 cum
964 2752 1211 2834 viveret,
1265 2767 1449 2836 plures
1498 2782 1625 2823 vero
1690 2782 1813 2823 cum
1882 2771 2143 2840 templum

480 2922 487 2931 κ
544 2855 712 2927 929
738 2858 819 2911 sui
846 2858 1090 2928 corporis
1116 2859 1414 2914 solveretur
1441 2860 1700 2915 exstinxit
1726 2859 1908 2928 (Joan.
1930 2877 1987 2927 tt,
2017 2862 2140 2932 £9);

549 2958 712 3016 atque
757 2947 959 3003 electos
1009 2951 1375 3020 ex.gentibus
1414 2965 1551 3019 quos
1600 2952 1826 3007 vivendo
1864 2952 2137 3021 sustinuit,

544 3037 706 3093 simul
762 3055 949 3095 omnes
1009 3042 1290 3097 moriendo
1361 3045 1668 3110 prostravit.
1736 3042 1902 3099 Recte
1957 3045 2139 3113 itaque

2192 454 2197 461 ’
2258 474 2438 526 mana,
2462 474 2584 530 qua:
2606 457 2733 516 dum
2766 452 3573 530 semetipsam'compreb'endere
3590 460 3683 519 nuit
3705 480 3785 521 va-
3820 476 3825 481 '

2262 551 2361 618 let,
2385 564 2509 606 sese
2536 551 2590 606 in
2640 566 2804 608 omne
2832 552 2975 621 quod
3030 560 3135 617 est,
3161 551 3309 606 velut
3344 549 3561 607 obscura
3579 556 3780 626 διψία,

2255 639 2424 697 latet?
2453 642 2608 703 Unde
2638 642 2775 699 bene
2798 657 2895 713 per
2920 644 3237 713 prophetam
3257 642 3482 698 dicitur:
3506 642 3788 719 oetam.-

2253 750 2343 789 sus
2376 750 2550 790 vocem
2567 744 2736 802 suam,
2764 736 2829 790 ab
2854 736 3130 791 altitudine
3156 736 3439 806 phantasia:
3476 752 3575 792 suc
3596 738 3785 809 (Hebae.

2254 842 2333 896 ill,
2364 830 2475 897 10),
2526 831 2649 899 'quia
2682 830 2809 885 dum
2859 830 3207 900 semetipsam
3262 844 3413 885 mens
3452 829 3664 886 humana
3702 848 3791 890 non

2255 930 2521 990 penetrat,
2554 938 2621 978 ex
2670 923 3075 994 comparatione
3120 924 3234 988 sui,
3265 923 3460 979 divinae
3493 936 3679 981 natura:
3711 943 3790 997 po-

2252 1016 2475 1069 tentiam
2519 1028 2681 1084 quam
2732 1014 3195 1085 comprehendere
3218 1029 3327 1071 non
3366 1014 3557 1071 sufficit
3576 1016 3793 1076 humilius

2251 1102 2454 1158 laudat.

2321 1193 2415 1250 28.
2448 1195 2516 1251 In
2544 1197 2832 1252 novissimis
2881 1198 3055 1270 abyssi
3093 1199 3420 1264 deambulat,
3448 1216 3559 1254 cum
3586 1201 3796 1268 nequissi-

2250 1303 2452 1341 morum
2480 1289 2639 1341 corda
2668 1291 2933 1344 conuertit.
2957 1321 3029 1332 —
3058 1291 3114 1346 In
3142 1293 3448 1347 novissimis
3487 1309 3610 1364 ergo
3648 1296 3797 1366 abyssi

2252 1378 2363 1434 Deo
2391 1374 2739 1435 deambulare
2762 1392 2846 1438 est
2866 1383 3034 1439 etiam
3064 1386 3513 1455 neqttissimorum
3552 1389 3701 1442 corda
3726 1392 3801 1443 ho-

2249 1474 2454 1528 minum
2485 1487 2825 1541 convertere,
2857 1484 2911 1532 et
2940 1478 3253 1545 desperatas
3283 1489 3490 1535 mentes
3519 1478 3803 1539 visitatibnis

2250 1578 2364 1619 sua:
2406 1565 2648 1636 vestigiis
2695 1567 2963 1637 tangendo
3004 1570 3332 1626 mirabiliter
3372 1572 3674 1632 reformare.
3695 1574 3803 1629 Cum

2249 1658 2393 1711 enim
2418 1666 2541 1725 post
2562 1658 2824 1712 immensa
2858 1660 3064 1715 scelera
3082 1702 3099 1727 ,
3128 1663 3499 1732 unusquisque
3526 1665 3807 1733 compungi-

2174 1754 2224 1816 Β
2250 1757 2355 1813 tur,
2372 1748 2500 1817 quid
2522 1750 2666 1804 aliud
2684 1765 2842 1820 quam
2872 1751 2925 1805 in
2951 1753 3258 1808 novissimis
3284 1754 3627 1825 abyssiDeus
3650 1755 3805 1811 deam-

2248 1840 2441 1896 bulans
2464 1842 2711 1897 videtur?
2740 1843 2905 1911 Quasi
2932 1846 2983 1898 in
3006 1846 3205 1917 abysso
3227 1844 3459 1915 namque
3492 1848 3628 1902 Deus
3656 1846 3808 1902 deam-

2247 1933 2419 2000 bulat,
2446 1935 2891 1995 cumobscurum
2921 1951 3017 1991 cor
3046 1946 3365 2015 penetrans~
3380 1938 3577 1993 ﬂuctus
3603 1940 3808 1994 invisibi-

2246 2025 2328 2081 les
2353 2026 2605 2081 vitiorum
2634 2027 2828 2083 calcat.
2863 2028 3183 2099 Plerumque
3221 2032 3367 2086 enim
3420 2032 3687 2101 praeterita
3731 2033 3812 2089 alia

2245 2120 2570 2189 plangimus,
2604 2129 2663 2175 et.
2709 2120 2830 2176 aliis
2878 2123 3236 2191 praesentibus
3286 2139 3567 2196 urgemur,
3598 2136 3653 2180 ut
3680 2124 3811 2181 modo

2246 2211 2494 2279 superbia
2522 2257 2539 2288 ι
2571 2213 2735 2267 modo
2786 2215 2887 2281 ira,
2920 2216 3081 2270 modo
3126 2215 3366 2283 luxuria,
3406 2216 3573 2272 modo
3629 2218 3817 2281 avaritia

2246 2311 2491 2357 tentante
2545 2303 2850 2373 fatigamur.
2882 2305 2990 2361 Sed
3031 2321 3152 2360 cum
3204 2317 3397 2363 cuncta
3430 2296 3554 2363 haec
3599 2309 3652 2363 in
3680 2307 3815 2364 corde

2246 2405 2432 2449 nostro
2459 2394 2717 2450 Dominus
2740 2397 2964 2451 occultae
2988 2398 3312 2455 visitationis
3369 2414 3489 2455 suae
3530 2401 3717 2455 timore
3756 2414 3822 2455 re-

2245 2488 2450 2553 primit,
2478 2489 2602 2556 quid
2651 2488 2793 2542 aliud
2852 2504 3011 2558 quam
3062 2491 3120 2544 in
3167 2491 3363 2560 abysso
3412 2506 3636 2563 gressus
3657 2490 3820 2561 τροηίιῖ

2244 2577 2390 2645 Quos
2418 2593 2635 2648 gressus
2664 2588 2845 2634 mente
2867 2579 3248 2649 conspicimus,
3281 2583 3509 2650 quando
3555 2591 3732 2638 contra
3754 2582 3821 2635 in-

2245 2672 2515 2742 surgentia
2539 2673 2665 2727 vitia
2705 2673 2974 2742 quomodo
3026 2673 3236 2730 timoris
3290 2674 3414 2744 ejus
3446 2675 3669 2730 obvient
3708 2674 3822 2729 dona

2244 2772 2555 2831 pensamus.
2590 2763 2699 2818 Hos
2730 2779 2963 2834 namque
2986 2779 3205 2835 gressus
3240 2765 3523 2836 Propheta
3557 2772 3824 2835 conspexe-

2243 2865 2349 2920 rat,
2375 2868 2495 2908 cum
2552 2854 2767 2911 dicebat
2795 2873 2807 2909 :
2841 2855 2953 2910 Visi
2984 2866 3103 2910 sunt
3131 2859 3401 2929 ingressus
3452 2861 3553 2925 tui,
3588 2859 3826 2923 Demitt-

2244 2961 2447 3017 gressus
2474 2944 2573 3000 Dei
2600 2948 2718 3011 mei,
2749 2948 2886 3018 regis
2932 2951 3052 3014 mei,
3081 2953 3168 3018 qui
3215 2957 3290 3005 est
3340 2952 3399 3003 in
3455 2961 3642 3006 sancto
3690 2936 3827 3023 ipsius

2247 3036 2424 3108 (Psai.
2451 3052 2615 3105 LXVII,
2645 3037 2761 3106 25).
2799 3038 2903 3105 Qui
2930 3039 3073 3094 cnim
3104 3040 3446 3096 inordinatos
3490 3053 3668 3098 motus
3691 3040 3831 3095 animi

543 3138 830 3201 postquam
863 3129 1073 3187 inferna
1102 3141 1418 3202 penetrasse
1445 3148 1506 3190 se
1534 3134 1738 3201 docuit,
1787 3137 2139 3193 consideran-
2168 3141 2215 3205 C
2252 3130 2562 3184 ἀίνίηοτιιηι
2590 3129 2915 3199 iudiciorum
2938 3133 3196 3207 memoria
3221 3135 3273 3187 in
3296 3146 3357 3189 se
3387 3136 3623 3205 reprimi
3650 3130 3835 3201 consil“

545 3224 670 3279 dam
719 3241 843 3280 mox
897 3235 1056 3281 terra:
1105 3227 1440 3282 latitudinem
1488 3227 1767 3300 subiunxit
1817 3245 1833 3283 :
1886 3228 2137 3297 Nunquid

542 3318 880 3373 considerasti
921 3318 1247 3374 latitudinem
1282 3312 1469 3375 terra?
1495 3317 1597 3375 'Ac
1642 3322 1687 3375 si
1732 3320 1998 3389 ﬂagellato
2041 3323 2140 3377 bo-

546 3410 678 3465 mini
718 3410 924 3468 diceret
957 3430 972 3466 :
1004 3412 1285 3483 Perpende
1313 3412 1440 3484 quid
1473 3414 1685 3483 pertuli,
1718 3416 1772 3469 et
1798 3422 1966 3486 pensa
1996 3416 2138 3487 quod

546 3503 691 3569 emi;
720 3518 820 3559 nec
847 3506 1092 3575 queraris
1122 3506 1239 3575 ipse
1266 3505 1335 3560 de
1360 3506 1609 3572 verbere,
1641 3507 1768 3561 dum
1816 3510 1995 3563 nescis
2016 3516 2138 3577 qna

542 3602 597 3650 te
623 3596 843 3665 praemia
870 3605 1124 3653 maneant
1151 3599 1204 3653 in
1234 3598 1607 3653 retributione.
1641 3598 1784 3653 Inter
1812 3598 1928 3654 haec
1956 3600 2137 3669 itaque

542 3691 709 3745 verba
739 3691 1003 3746 creatoris
1028 3702 1208 3761 operte
1234 3691 1462 3760 pretium
1490 3700 1645 3761 puto,
1677 3692 1719 3744 si
1748 3704 1779 3745 a
1810 3691 1953 3746 bono
1989 3706 2141 3747 com-

540 3780 691 3835 muni
718 3794 782 3836 ac
810 3780 1030 3850 publico
1057 3796 1345 3852 parumper
1386 3784 1572 3838 oculos
1610 3770 1899 3849 ﬂectimus,
1927 3794 1982 3838 et
2009 3782 2138 3852 quid

438 3872 439 3883 ‘
540 3872 597 3926 in
662 3872 888 3943 singulis
946 3872 1103 3929 nobis
1167 3873 1397 3929 latenter
1458 3882 1584 3945 agat
1643 3875 1938 3932 intuemur.
1997 3876 2137 3933 Dicit

539 3975 683 4016 enim
710 3977 725 4015 2

954 4053 1185 4114 CAPUT
1204 4057 1298 4111 XV
1338 4057 1487 4131 [Rec.
1527 4057 1722 4133 VIII].

613 4146 778 4202 Vsus.
808 4148 901 4204 l6.
923 4177 997 4190 -—
1020 4147 1278 4218 Nunquid
1312 4151 1573 4222 ingressus
1597 4166 1649 4206 es
1677 4152 1996 4225 profundum
2023 4168 2136 4207 ma-

574 4238 649 4291 is?

538 4253 649 4293 ηδτ

610 4332 702 4386 2'1.
736 4330 904 4386 Maris
950 4334 1267 4404 profundum
1296 4334 1436 4389 Deus
1471 4334 1781 4406 ingreditur,
1808 4351 1925 4390 eum
1950 4350 2127 4405 pecca-

541 4426 667 4481 toris
690 4433 909 4480 mentem
936 4426 1355 4483 oisitat.—-Mare
1375 4427 1571 4497 quippe
1590 4436 1674 4482 est
1700 4441 1852 4482 mens
1878 4428 2143 4496 humana,

2247 3223 2343 3283 cit,
2374 3221 2527 3291 quasi
2551 3222 2944 3277 deambulantis
2981 3224 3033 3278 in
3081 3234 3141 3279 se
3167 3238 3390 3294 gressus
3447 3227 3664 3281 Domini
3688 3224 3836 3279 videt.

2241 3312 2465 3368 Dicatur
2487 3328 2625 3385 ergo
2654 3315 2813 3369 beato
2847 3314 2978 3372 Job:
3006 3314 3261 3386 Nunquid
3276 3318 3551 3388 ingressus
3574 3333 3626 3372 es
3647 3315 3838 3389 profun-

2242 3407 2368 3461 dunt
2393 3408 2574 3475 maris,
2605 3418 2655 3463 et
2698 3409 2754 3463 in
2802 3410 3097 3464 novissimis
3141 3411 3312 3480 abyssi
3341 3412 3738 3467 deambulasti?
3756 3410 3840 3464 Su-

2242 3498 2431 3554 baudis
2455 3508 2515 3553 ut
2542 3514 2665 3569 ego,
2690 3500 2781 3569 qui
2810 3501 2947 3555 mira
3013 3502 3394 3558 mlsericordia
3425 3504 3485 3558 in
3517 3510 3841 3574 peccatorum

2241 3591 2497 3646 cordibus
2514 3592 2673 3646 modo
2691 3593 2849 3659 iram,
2864 3593 3025 3650 modo
3043 3594 3328 3659 luxuriam.
3356 3597 3534 3651 modo
3556 3596 3835 3663 avaritiam,

2239 3688 2402 3743 modo
2463 3697 2770 3758 surgentem
2845 3688 3151 3758 superbiam
3219 3689 3396 3745 calco.
3464 3690 3639 3763 93o
3681 3692 3753 3745 Ac
3800 3695 3843 3753 si

2239 3780 2289 3835 ei
2334 3788 2519 3849 aperte
2565 3779 2884 3837 diceretur:
2930 3781 2985 3835 Si
3044 3781 3265 3837 latentia
3323 3784 3524 3839 cordis
3580 3784 3710 3837 vitia
3768 3793 3841 3834 me

2237 3872 2413 3925 solum
2472 3873 2769 3941 reprimere
2809 3872 3115 3943 conspicis,
3149 3878 3205 3928 tu
3260 3874 3462 3931 extolli
3525 3876 3598 3931 de
3649 3869 3840 3946 propria

2234 3962 2620 4034 justiﬁeatione
2650 3958 2931 4021 cessabis.
2985 3963 3131 4039 [Vet.
3173 3964 3376 4039 VIII.]
3436 3968 3514 4023 Et
3571 3969 3697 4040 quia
3741 3977 3845 4018 cum

2234 4056 2491 4112 divinitus
2542 4056 2832 4112 visitamur
2859 4059 3024 4113 etiam
3047 4057 3114 4112 de
3139 4059 3363 4113 occultis
3386 4070 3450 4113 et
3493 4060 3705 4129 illicitis
3743 4066 3873 4135 mod

2236 4146 2379 4205 tibus
2405 4149 2600 4205 mentis
2628 4149 2693 4205 ad
2714 4149 3112 4207 confessionem
3144 4152 3422 4216 ducimur,
3457 4164 3619 4211 recte
3644 4149 3850 4222 subjun-

2234 4244 2375 4316 gitur
2399 4261 2414 4297 :
3386 4238 3405 4249 κ

2827 4336 3059 4394 CAPUT
3087 4336 3229 4392 XVI.

2307 4426 2470 4483 Vnus.
2496 4426 2915 4498 i7.—Nunquid
2937 4439 3129 4499 apertae
3157 4436 3278 4483 sunt
3299 4430 3393 4484 tibi
3418 4440 3607 4500 parte:
3639 4423 3848 4485 mortis!

486 4578 499 4589 Ι
538 4517 694 4586 cujus
723 4516 985 4585 profunda
1016 4516 1157 4572 Deus
1184 4517 1480 4588 ingreditur
1510 4517 1723 4588 quando
1750 4531 1846 4586 per
1869 4518 2133 4588 cognitio-
2159 4535 2210 4595 ι)
2304 4519 2393 4574 29.
2419 4518 2595 4575 Porta
2617 4521 2797 4575 mortis
2821 4530 2937 4575 sunt
2958 4521 3286 4593 cogitationes
3330 4526 3547 4593 pravae,
3581 4540 3717 4593 quas
3757 4518 3851 4573 Deo

537 4622 662 4662 nem
692 4620 845 4662 suam
875 4609 942 4662 ad
971 4608 1207 4664 lamenta
1239 4609 1572 4679 paenitentiae
1597 4611 1666 4665 ab
1693 4610 1895 4666 intimis
1924 4611 2127 4680 cogita-

538 4694 778 4755 tidnibus
820 4702 1184 4771 perturbatur,
1214 4703 1430 4773 quando
1480 4703 1675 4771 prioris
1706 4704 1830 4758 vita:
1862 4706 2127 4774 nequitias

538 4791 605 4845 ad
637 4793 949 4859 memoriam
978 4794 1207 4861 reducit,
1238 4804 1294 4850 et
1313 4796 1661 4852 fluctuantem
1681 4796 1709 4836 δ
1731 4798 1787 4853 in
1808 4798 2128 4855 confusione

534 4895 632 4938 sua
663 4880 904 4938 animum
948 4886 1199 4939 concutit.
1230 4880 1558 4942 Profundum
1587 4888 1751 4944 maris
1777 4890 1919 4945 Deus
1957 4904 2128 4959 pene-

534 4986 665 5042 trat,
694 4976 913 5047 quando
929 4978 1091 5032 etiam
1120 4978 1402 5049 desperata
1431 4982 1593 5037 corda
1631 4991 1918 5051 permutat.
1955 4994 1979 5022 σ
2007 4983 2128 5053 Ipse

535 5077 678 5128 enim
698 5084 850 5127 mare
870 5071 1035 5126 intrat
1059 5074 1276 5144 quando
1294 5087 1390 5131 cor
1416 5077 1676 5132 saeculare
1705 5074 1969 5143 bumlliat,
2001 5090 2129 5147 pro.

534 5168 758 5225 fundum
775 5172 939 5227 maris
954 5172 1252 5244 ingreditur
1266 5171 1481 5243 quando
1500 5170 1718 5227 visitare
1733 5176 1946 5226 mentes
1964 5172 2124 5226 etiam

536 5275 751 5329 pressas
805 5263 1101 5320 sceleribus
1147 5278 1252 5319 non
1302 5263 1644 5333 dedignatur.
1676 5262 1833 5319 Unde
1876 5271 1931 5318 et
1979 5273 2126 5320 recte

536 5350 938 5420 percunctando
981 5356 1357 5428 subjungitur:
1393 5355 1461 5410 Et
1510 5357 1566 5410 in
1616 5355 1903 5411 novissimis
1951 5356 2125 5428 abyssi

612 5498 640 5525 ⁸
678 5488 752 5544 Ita
800 5489 1053 5555 Vindoc.,
1099 5491 1261 5547 Corb.
1294 5488 1502 5555 Germ.,
1545 5490 1772 5559 Pratel.,
1815 5488 1960 5549 Utic.
1989 5491 2135 5546 Con-

538 5559 704 5614 sentit
732 5559 999 5628 Laudun.,
1018 5563 1128 5619 nisi
1156 5562 1296 5630 quod
1330 5577 1428 5630 pro
1456 5564 1690 5616 mortuus
1717 5562 1978 5617 mendose
2008 5564 2133 5631 legi-

543 5640 628 5709 tur
658 5641 901 5686 mortuos.
935 5636 1004 5709 At
1031 5633 1196 5697 Edit.,
1222 5651 1255 5687 α
1277 5634 1508 5703 passibilt'
1535 5650 1649 5687 vero
1671 5635 1772 5688 vita
1800 5635 1986 5687 multos
2006 5634 2131 5686 dum

541 5703 819 5755 moreretur
841 5703 1037 5755 stravit.

614 5771 643 5811 δ
669 5774 880 5826 Ebroic.
913 5782 965 5825 et
987 5771 1078 5823 alii
1109 5772 1316 5837 Norm.,
1345 5775 1397 5828 in
1423 5775 1743 5842 confessione
1768 5791 1867 5829 sua
1893 5771 2125 5826 animum

2232 4626 2324 4684 per
2351 4611 2719 4680 confessionem
2741 4612 3033 4683 pandimus.
3044 4613 3289 4669 --Portm
3311 4616 3469 4669 enim
3508 4614 3710 4669 mortis
3733 4614 3841 4665 sunt

2234 4704 2589 4776 cogitationes
2631 4720 2832 4775 pravas,
2860 4721 2994 4776 quas
3025 4707 3136 4762 Deo
3168 4708 3501 4777 pandimus,
3536 4708 3762 4780 quando
3776 4715 3854 4759 ess

2234 4799 2289 4853 in
2314 4798 2625 4868 pmnitentia
2652 4797 2833 4854 ﬂendo
2856 4797 3200 4855 conﬁtemur.
3218 4800 3365 4869 Quas
3382 4801 3572 4855 etiam
3607 4814 3716 4855 non
3741 4809 3853 4850 con-

2236 4874 2683 4959 fessasintuctur,
2704 4892 2797 4947 sed
2821 4892 3099 4950 confessas
3122 4894 3454 4967 ingreditur.
3483 4895 3653 4973 Tunc
3675 4895 3856 4973 quippe

2231 4989 2373 5042 viam
2402 4986 2505 5042 sibi
2530 4985 2585 5041 in
2609 4985 2778 5054 portis
2791 4985 2979 5039 mortis
2991 4986 3185 5053 aperit.
3207 4968 3856 5055 quando,solutispravis

2233 5078 2677 5148 cogitationibus,
2704 5076 2774 5133 ad
2817 5090 2914 5133 nos
2943 5088 3068 5148 post
3098 5075 3525 5134 confessionem
3553 5076 3860 5143 venit.Qas

2234 5176 2402 5240 parta:
2427 5172 2616 5225 mortis
2634 5164 2836 5225 idcirCo
2862 5172 3231 5234 vocataa'sunt,
3263 5168 3385 5238 quia
3405 5171 3679 5239 profecto
3703 5169 3784 5222 via
3800 5161 3858 5217 ad

2234 5259 2507 5317 interitum
2540 5276 2634 5332 per
2662 5262 2874 5330 iniquas
2892 5270 2918 5300 ο
2935 5274 3152 5333 semper
3196 5248 3586 5332 cogitationes
3611 5261 3857 5334 aperitur-

2231 5355 2385 5421 Quod
2402 5355 2577 5411 adhuc
2600 5354 2912 5424 replicatur,
2939 5364 3062 5411 cum
3093 5356 3393 5412 subditur:

2238 5490 2503 5561 convertit.
2535 5489 2594 5545 In
2619 5489 2849 5546 Vindoc.
2882 5506 3096 5561 quoque
3122 5490 3317 5561 legitur
3342 5496 3651 5549 convertit.

2308 5571 2332 5599 ο
2362 5560 2612 5628 Vindoc.,
2637 5560 2831 5629 Laud.,
2855 5562 3077 5627 Pratel.,
3096 5576 3226 5630 etc.,
3246 5563 3319 5617 sic
3338 5562 3502 5618 enim
3528 5566 3681 5619 niare
3694 5564 3856 5616 intrat.

2233 5629 2394 5701 Corb.
2410 5630 2629 5701 Germ“
2658 5635 2703 5687 si
2724 5635 2879 5688 enim.

2305 5700 2333 5778 sf
2358 5700 2573 5778 libroic.
2603 5714 2655 5758 et
2684 5705 2793 5769 alii,
2821 5703 2945 5778 quid
2968 5705 3103 5778 enim
3131 5711 3224 5757 est.
3551 5774 3583 5778 _
3768 5773 3780 5778 _
3800 5769 3831 5778 ..

2308 5774 2336 5805 °
2363 5772 2532 5827 Abest
2576 5793 2773 5841 semper
2807 5769 2840 5830 ai
2865 5775 3062 5830 Pratel.
3094 5782 3151 5828 et
3192 5774 3507 5833 nonnullis.
3544 5774 3703 5833 Sane
3736 5769 3856 5849 abii.

2828 5934 3125 5951 ηιιο-σ-α--ν-ει-
