4004 6350
521 352 628 418 ιθδ

1743 361 1986 423 SANCTI
2025 357 2353 421 GREGORII
2390 357 2602 417 MAGNI

3668 316 3669 319 γ
3697 349 3795 410 tas

523 488 649 532 num
671 484 932 548 repente'
952 475 1099 533 reddi
1125 471 1225 531 luci
1243 472 1466 546 iustitiae
1486 472 1705 531 liberos.
1731 476 1927 532 Multos
1948 475 2109 532 etiam
2138 482 2192 542 Α
2217 489 2314 529 cur
2343 472 2532 528 beatus
2566 469 2666 525 Job
2695 467 2764 524 de
2808 473 2915 521 tam
2947 461 3119 521 valida
3144 458 3445 536 qnmsﬁone
3482 460 3793 534 requiritur,

522 571 767 626 novimus
793 571 959 626 semel
990 571 1264 626 inventam
1296 572 1433 625 viam
1454 571 1673 641 iustitia:
1704 571 1909 627 illibate
1937 585 2104 639 usque

519 665 587 719 ad
632 676 859 719 mortem
909 665 1166 731 tenuisse,
1198 673 1251 717 et
1284 665 1568 734 plerosque
1607 669 1986 732 conspeximus
2017 677 2107 718 us-

518 771 623 825 que
647 756 712 809 ad
755 757 956 809 exitum
986 766 1163 824 erepta
1194 757 1361 811 semel
1390 755 1612 811 crimina
1661 757 1777 811 sine
1807 757 2107 811 cessatione

517 848 843 902 cumulasse.

586 938 1021 994 35.1udiciorum
1055 936 1152 992 Dei
1181 938 1375 1004 nubila,
1399 938 1580 994 mentis
1610 948 1794 993 ucstra:
1820 939 1980 992 radiis
2010 938 2105 990 im-

516 1031 918 1111 pervia—Quis
939 1047 1069 1088 vero
1113 1034 1251 1087 inter
1290 1034 1387 1087 iSta
1418 1033 1751 1088 occultorum
1782 1031 2104 1102 iudiciorum

515 1124 694 1178 nubila
730 1126 924 1179 mentis
954 1141 1065 1179 sure
1096 1125 1304 1178 radium
1338 1125 1535 1187 ntittat,
1562 1136 1621 1179 ut
1649 1126 1823 1193 aliqui
1858 1123 2106 1178 conside-

512 1216 728 1271 ratione
749 1218 1043 1280 discernat,
1070 1216 1155 1270 vel
1190 1216 1310 1283 quis
1340 1216 1594 1284 petduret
1625 1218 1676 1269 in
1709 1215 1870 1279 malo,
1885 1215 1964 1269 vel
1987 1214 2107 1283 quis

512 1317 820 1376 perseveret
860 1307 912 1361 in
966 1306 1123 1371 bono,
1157 1309 1239 1361 vel
1269 1307 1389 1377 quis
1438 1307 1504 1360 ab
1536 1306 1738 1360 inﬁmis
1782 1306 1944 1378 932
1977 1321 2104 1358 con-

514 1406 752 1453 vertatur
779 1396 846 1451 ad
884 1414 1114 1461 summa,
1144 1400 1225 1453 vel
1258 1401 1376 1468 quis
1402 1413 1433 1452 a
1479 1399 1704 1452 summis
1731 1395 1760 1436 δ
1795 1406 2100 1452 revertatur

513 1490 582 1543 ad
616 1491 831 1545 intima?
861 1491 1051 1546 Latent
1083 1492 1199 1545 haec
1240 1505 1435 1545 sensus
1468 1491 1776 1556 hominum,
1808 1505 1910 1544 nec
1945 1488 2105 1559 quid-

517 1598 677 1650 quam
703 1585 769 1636 de
799 1583 1086 1652 cujuslibet
1115 1585 1218 1637 line
1244 1583 1611 1652 cognoscitur,
1644 1585 1767 1653 quia
1799 1581 2103 1638 divinorum

509 1672 837 1741 iudiciorum
868 1676 1094 1745 abyssus
1123 1676 1371 1729 humana:
1403 1676 1601 1729 mentis
1616 1676 1770 1753 oculo
1802 1676 2104 1730 nullatenus

515 1766 846 1830 penetratur.
880 1765 1134 1821 Videmus
1185 1781 1416 1835 namque
1450 1767 1591 1838 quod
1622 1756 1712 1820 illa
1744 1768 1966 1821 adversa
1994 1767 2106 1822 Deo

2210 582 2330 636 qua:
2386 565 2605 620 omnino
2629 565 2695 617 ab
2747 559 3057 617 hominibus
3104 559 3396 635 ignoratur,
3427 564 3486 610 ut
3530 557 3797 625 iustorum

2212 660 2621 729 iniquorumque
2667 655 2955 711 terminum
2996 650 3552 729 compreltcndat,nisi
3584 658 3647 702 ut
3669 648 3799 703 alio-

2184 740 2328 808 ‘mu
2357 754 2514 807 tinem
2547 764 2875 821 cognoscere
2900 762 3005 803 non
3035 744 3327 811 valens,ad
3349 759 3503 798 suum
3535 750 3797 809 recurrat,

2210 847 2331 917 quia
2381 848 2517 901 sicut
2548 848 2799 909 aliorum,
2836 844 2914 898 sic
2963 842 3124 897 etiam
3173 856 3328 894 suum
3358 839 3587 904 nesciat,
3620 846 3679 890 et
3707 851 3801 891 ne-

2188 934 2388 995 sciens
2419 940 2623 1003 timeat,
2655 938 2849 992 timens
2901 935 3231 999 ltumilietur,
3264 930 3573 986 humiliatus
3596 930 3709 999 iam
3739 928 3804 985 de

2186 1029 2464 1097 (Operibus
2514 1028 2627 1083 suis
2685 1025 2869 1082 extolli
2927 1041 3033 1079 non
3086 1018 3296 1088 debeat,
3334 1031 3388 1076 et
3416 1037 3517 1075 non
3549 1021 3723 1075 elatus
3751 1020 3803 1074 in

2180 1116 2183 1123 ’
2210 1125 2403 1191 gratia:
2430 1137 2553 1177 arce
2585 1119 2870 1192 persistat?
2898 1118 3117 1173 Dicatur
3139 1131 3270 1187 ergo
3297 1115 3345 1170 ei
3367 1123 3413 1168 :e
3433 1111 3626 1167 Indica
3656 1112 3803 1179 mihi,

2208 1215 2255 1268 si
2288 1215 2438 1267 habes
2466 1212 2958 1285 intelligentiant,lin
2988 1226 3091 1280 qua
3120 1209 3200 1261 uia
3225 1207 3417 1259 habitet
3448 1207 3560 1270 lux,
3595 1216 3640 1258 et
3669 1215 3805 1256 tene-

2212 1306 2417 1360 brarunt
2448 1306 2561 1375 quis
2592 1307 2733 1358 locus
2783 1304 2888 1369 sit;
2916 1311 2970 1355 ut
3000 1302 3158 1354 ducas
3180 1297 3571 1367 unumquodque
3601 1296 3673 1347 ad
3710 1304 3804 1346 ter-

2213 1397 2380 1450 minos
2409 1412 2550 1449 suos.
2579 1398 2655 1449 Ac
2682 1396 2727 1449 si
2758 1395 3065 1448 diceretur:
3097 1392 3247 1446 Sicut
3269 1391 3357 1459 qui
3386 1391 3455 1445 de
3485 1387 3645 1443 malis
3680 1403 3805 1443 con-

2180 1474 2493 1543 'vertantur
2519 1487 2584 1541 ad
2613 1489 2771 1553 bona,
2790 1486 2874 1541 vel
2895 1487 2984 1554 qui
3014 1484 3083 1539 de
3114 1484 3269 1538 bonis
3289 1482 3355 1536 ad
3386 1481 3525 1535 mala
3558 1480 3802 1545 redeant,

2180 1566 2185 1569 “
2214 1574 2412 1645 nescis,
2439 1580 2511 1631 ita
2537 1579 2697 1633 etiam
2729 1593 2827 1631 nec
2852 1576 2921 1631 de
2948 1589 2999 1630 te
3020 1574 3143 1644 quid
3173 1577 3277 1629 tuis
3307 1574 3512 1629 meritis
3540 1572 3805 1641 exigenti-

2213 1671 2315 1725 bus
2353 1680 2541 1739 agatur
2598 1670 2874 1739 intelligis.
2908 1667 2974 1722 Et
3033 1668 3171 1721 sicut
3221 1666 3452 1720 alienum
3498 1663 3807 1718 nullatenus

2212 1762 2751 1841 compreltendis,—ita
2778 1761 2937 1816 etiam
2973 1769 3119 1813 tuum
3154 1757 3442 1813 terminum
3468 1766 3808 1824 praenoscere

509 1860 781 1929 gentilitas
805 1859 1027 1928 iustitia:
1075 1860 1196 1915 luce
1230 1859 1446 1927 perfusa
1479 1873 1579 1927 est,
1609 1871 1662 1915 et
1689 1859 1871 1916 Judzea
1901 1859 2102 1915 dudum
2137 1892 2185 1953 Β
2214 1869 2319 1907 non
2349 1853 2513 1907 vales.
2543 1852 2662 1907 Jam
2691 1852 2836 1907 enim
2867 1857 3120 1916 quantum
3160 1847 3277 1916 ipse
3324 1845 3624 1916 profeceris
3679 1843 3803 1911 scis,

505 1942 701 2006 dilecta
734 1951 967 2021 perﬁdiae
990 1960 1075 2005 est
1103 1960 1261 2006 nocte
1284 1963 1504 2006 crncata.
1536 1951 1748 2008 Scimus
1775 1954 1935 2007 etiam
1959 1953 2100 2022 quod

508 2038 650 2093 latro
680 2040 746 2096 de
802 2040 1040 2109 patibulo
1087 2042 1333 2096 transivit
1378 2043 1445 2096 ad
1504 2058 1726 2112 regnum
1760 2042 1913 2116 (Luc.
1947 2059 2100 2111 mu,

504 2132 623 2204 i5),
653 2133 819 2189 ludas
851 2134 917 2189 de
938 2134 1275 2202 apostolatus
1297 2134 1469 2202 gloria
1516 2146 1599 2190 est
1643 2136 1824 2203 lapsus
1845 2135 1897 2188 in
1940 2144 2100 2190 tarta-

506 2240 622 2279 rum
671 2225 1089 2298 (Mattthvn,
1124 2227 1203 2296 5).
1256 2226 1599 2296 Rursumque
1649 2228 1771 2297 quia
1812 2228 2101 2298 aliquando

502 2326 679 2369 sortes
722 2332 839 2383 quae
863 2316 1125 2384 cmperint
1156 2331 1262 2369 non
1298 2324 1595 2381 mutantur,
1627 2326 1681 2370 et
1712 2318 1973 2371 latronem
2008 2333 2104 2372 uo-

510 2406 683 2460 vimus
706 2406 866 2462 alium
898 2406 1213 2475 pervenisse
1241 2406 1309 2461 ad
1350 2408 1673 2478 supplicium
1692 2449 1708 2475 ,
1729 2420 1782 2461 et
1832 2410 2102 2478 apostolos

507 2499 710 2553 scimus
749 2498 1054 2567 percepisse
1086 2500 1419 2566 prOpositum
1469 2499 1612 2569 quod
1663 2499 2105 2555 desideraverant

504 2603 756 2659 regnum.
790 2588 919 2656 Quis
941 2604 1069 2658 ergo
1101 2588 1355 2643 discutiat
1394 2588 1449 2643 in
1481 2606 1585 2661 qua
1616 2590 1699 2643 via
1732 2590 1936 2645 habitet
1986 2591 2097 2657 lux,

503 2691 559 2738 et
588 2672 932 2737 tenebrarum
953 2682 1072 2751 quis
1095 2681 1245 2737 locus
1274 2681 1366 2749 sit,
1400 2691 1456 2737 ut
1495 2682 1659 2737 ducat
1683 2685 2102 2753 unumquodque

502 2772 568 2826 ad
614 2772 874 2827 terminos
900 2787 1050 2837 suos,
1078 2781 1135 2827 et
1162 2772 1424 2842 intelligat
1471 2766 1689 2828 semitas
1719 2775 1909 2829 domus
1948 2775 2101 2844 eius?

507 2865 678 2922 Video
708 2867 935 2921 Paulum
983 2881 1049 2920 ex
1090 2867 1178 2921 illa
1209 2867 1603 2936 persecutionis
1626 2869 1849 2927 ,sazvitia
1885 2870 1952 2924 ad
1980 2885 2104 2940 gra-

501 2958 630 3013 tiam
658 2963 991 3028 apostolatus
1022 2969 1268 3039 vocatnm
1305 2960 1441 3027 (Act.
1466 2976 1542 3026 is,
1584 2961 1634 3029 l,
1663 2960 1819 3030 ηιμ),
1841 2972 1892 3018 et
1923 2972 2103 3039 tamen

503 3052 582 3105 sic
611 3052 751 3105 inter
786 3050 990 3119 iudicia
1030 3036 1247 3104 occulta
1307 3048 1578 3114 formidat,
1606 3061 1663 3105 ut
1719 3053 1995 3121 reprobati
2020 3036 2099 3119 se,

509 3143 671 3198 etiam
708 3152 989 3213 postquam
1020 3152 1242 3197 vocatus
1297 3152 1403 3212 est,
1436 3144 1641 3199 timeat.
1675 3146 1764 3200 Ait
1787 3146 1930 3201 enim
1960 3165 1972 3200 :
1998 3146 2102 3201 Ca-

497 3236 626 3303 stigo
652 3249 837 3303 corpus
868 3252 1056 3301 meum,
1088 3247 1109 3275 ο
1138 3249 1186 3291 et
1214 3240 1268 3291 in
1298 3240 1588 3293 servitutem
1617 3241 1795 3310 redigo
1816 3282 1830 3307 ,
1854 3257 1917 3295 ne
1965 3242 2101 3312 forte
2132 3271 2180 3336 ο

498 3329 620 3381 aliis
650 3331 965 3398 prwdicans,
991 3331 1100 3401 ipse
1123 3332 1370 3403 reprobus
1419 3333 1608 3403 e/ﬁciar
1643 3332 1695 3402 (Ι
1726 3334 1847 3389 Cor.
1879 3346 1954 3398 tt,
1980 3334 2099 3406 27).

502 3420 566 3473 Et
595 3435 852 3477 tttrsum:
902 3419 1017 3495 Ego
1064 3440 1145 3477 me
1195 3441 1301 3492 non
1351 3424 1578 3480 arbitror
1626 3427 2104 3496 comprehendisse;

500 3529 659 3567 unum
690 3525 884 3581 autem,
917 3513 945 3552 ἀ
983 3533 1099 3587 qua:
1143 3518 1350 3588 quidem
1372 3510 1533 3571 ﬂretro
1562 3527 1682 3571 sunt
1711 3520 1917 3583 oblitus,
1943 3518 2012 3571 ad
2044 3536 2106 3574 ea

496 3622 615 3677 quae
633 3614 751 3661 sunt
777 3608 955 3677 priora
994 3598 1272 3663 extendens
1294 3610 1565 3678 meipsum,
1590 3611 1658 3663 ad
1689 3610 1997 3664 destinatum
2023 3627 2110 3665 se:

502 3716 653 3770 quor,
687 3703 753 3754 ad
805 3706 1037 3772 palmam
1067 3720 1301 3775 superna:
1338 3706 1617 3758 vocationis
1648 3703 1765 3771 Dei,
1797 3706 1853 3757 in
1899 3702 2105 3759 Christo

468 3794 471 3795 ⁷
499 3788 650 3846 Jesu.
686 3793 891 3863 Sequor
921 3805 1095 3848 autent
1117 3797 1159 3849 si
1191 3798 1638 3864 comprehendam,
1670 3798 1723 3851 in
1753 3812 1853 3868 quo
1878 3807 2102 3852 obeam-

500 3883 785 3952 prehensus
814 3901 926 3938 sum
973 3883 1196 3955 (Philip.
1226 3902 1308 3951 ttt,
1338 3885 1446 3956 15).
1481 3886 1549 3940 Ει
1577 3899 1723 3942 certe
1749 3886 1861 3956 iam
1892 3889 1959 3943 de
2010 3888 2105 3943 illo

501 3989 638 4029 voce
668 3976 936 4031 dominica
960 3977 1162 4031 dictum
1188 3979 1360 4032 iuerat
1387 3998 1399 4031 ι
1442 3977 1547 4033 Vas
1578 3980 1841 4034 electionis
1870 3980 1999 4034 milti
2029 3990 2106 4036 est

508 4065 649 4135 (Act.
681 4082 755 4134 ιι,
790 4067 911 4138 15);
935 4077 990 4123 et
1013 4079 1190 4125 tamen
1216 4071 1393 4127 adhuc
1418 4074 1688 4143 castigans
1715 4089 1913 4142 corpus
1944 4090 2105 4133 suum

504 4159 699 4213 metuit
724 4176 790 4214 ne
820 4161 1154 4227 reprubctur.
1676 4160 1687 4171 ’

574 4250 664 4306 34.
694 4251 853 4320 Spem
874 4262 1101 4307 nostram
1122 4255 1289 4324 potius
1316 4257 1583 4311 comitetur
1602 4256 1758 4313 timor
1782 4275 1937 4330 quam
1961 4277 2105 4316 secu-
2168 4232 2173 4237 ἢ

500 4344 650 4398 ritas.
691 4343 785 4399 Va:
816 4345 1071 4400 laudabili
1096 4347 1253 4401 etiam
1283 4350 1418 4415 vitta,
1444 4351 1488 4406 si
1504 4346 1710 4406 remota
1750 4354 1934 4422 pietate
1954 4354 2108 4425 judi-

466 4506 469 4511 ι
507 4436 843 4494 cetum—Va:
863 4437 1075 4494 miseris
1104 4440 1381 4511 nobis,qui
1412 4441 1479 4498 de
1501 4443 1766 4499 electione
1792 4426 1974 4500 nosnra
1988 4446 2108 4501 nul-

507 4528 614 4583 lam
667 4530 841 4586 adhuc
894 4532 987 4586 Dei
1021 4545 1205 4586 vocem
1257 4535 1627 4603 cognovimus,
1662 4544 1716 4591 et
1758 4535 1867 4606 iam
1900 4535 1955 4590 in
1997 4536 2108 4591 otio

507 4623 659 4692 quasi
684 4623 750 4677 de
781 4624 1069 4679 securitate
1098 4610 1396 4694 torpemus.
1430 4625 1602 4682 Debet
1646 4630 1908 4696 prnl'ctSto,
1943 4627 2106 4682 debet

505 4714 561 4770 in
593 4730 685 4785 spe
714 4731 835 4772 esse
878 4732 997 4773 non
1039 4718 1213 4773 solum
1245 4720 1525 4784 securitas,
1554 4723 1649 4776 sed
1679 4718 1839 4777 etiam
1866 4723 2024 4776 timor
2050 4722 2105 4777 in

408 4794 417 4803 Χ
503 4810 940 4877 conversatione,
968 4820 1027 4865 ut
1080 4822 1135 4867 et
1193 4812 1283 4866 illa
1332 4821 1604 4870 certantes
1658 4812 1860 4879 foveat,
1890 4823 1946 4869 et
2004 4816 2107 4871 iste

506 4913 784 4972 torpentes
810 4913 1027 4975 pungat.
1051 4903 1204 4960 Unde
1228 4917 1374 4962 recte
1404 4923 1500 4975 per
1523 4909 1841 4976 prophetam
1866 4907 2062 4962 dicitur
2087 4927 2101 4963 :

505 4995 609 5063 Qui
630 4999 806 5053 timent
840 4998 1143 5063 Dominum,
1175 5010 1379 5068 sperent
1408 5002 1462 5055 in
1494 5001 1715 5055 Domino
1748 5001 1922 5072 (Psal.
1950 5017 2105 5073 CXIII,

505 5086 618 5159 Η).
648 5092 723 5146 Ac
748 5090 795 5144 si
822 5101 1003 5159 aperte
1032 5092 1237 5147 diceret
1275 5109 1289 5147 :
1328 5094 1401 5146 De
1443 5108 1540 5163 spe
1586 5093 1852 5148 incassum
1896 5110 2103 5161 praesu-

503 5184 621 5254 mit,
655 5183 743 5253 qui
777 5184 964 5239 timere
1019 5183 1188 5240 Deum
1247 5183 1303 5239 in
1324 5185 1439 5239 suis
1470 5188 1723 5253 operibus
1764 5186 1961 5241 renuit.
1994 5188 2104 5243 Sed

578 5331 602 5357 ἰ
630 5322 791 5395 Corb:
818 5320 1031 5395 Germ“
1066 5322 1305 5389 Ebroic.,
1337 5329 1467 5388 etc.,
1507 5322 1653 5375 reddi
1707 5323 1821 5378 luce
1858 5324 2105 5395 justitiw.

507 5395 576 5445 Ita
608 5402 716 5447 vet.
754 5392 853 5446 Ed.
896 5393 1066 5445 Paris.
1100 5404 1151 5447 et
1187 5396 1352 5447 liasit.

578 5462 604 5501 ι’
636 5464 855 5528 l’ratel.,
885 5463 1121 5517 Landun.
1158 5475 1211 5517 et
1243 5466 1352 5525 AL,
1378 5464 1747 5520 reverberetur.

578 5543 600 5570 ο
635 5534 854 5607 Pratel.,
877 5546 924 5587 et
955 5537 1185 5607 servituti
1211 5538 1409 5606 redigo.
1435 5534 1605 5590 Laud.
1631 5545 1685 5589 ct
1714 5536 2103 5607 Corb.Germ.,

508 5612 554 5655 et
580 5605 808 5675 scrui'uti
836 5606 1076 5675 subjicio.
1240 5648 1243 5649 ν

577 5672 1150 5747 dTusca,qtt'odretro
1180 5678 1384 5732 oblitus.
1409 5678 1568 5733 (Iorb.
1595 5677 1805 5747 Gcrm.,
1832 5697 1994 5734 unum
2011 5697 2108 5735 au-

508 5754 607 5798 tem
644 5762 756 5812 quae
792 5757 930 5800 retro
954 5746 1160 5799 oblitus.

583 5824 608 5852 ⁸
644 5813 885 5876 Vindoc.,
920 5817 1115 5871 Pratel.
1144 5828 1198 5871 et
1227 5820 1295 5869 al.
1331 5818 1541 5885 Norm.,
1571 5822 1745 5875 indica
1780 5822 1909 5875 mihi
1936 5824 1981 5875 si
2003 5838 2101 5875 no-

513 5891 578 5939 stt
606 5887 799 5951 omnia,
824 5896 881 5939 ut
930 5887 1123 5954 legitur
1162 5888 1213 5941 in
1240 5887 1485 5958 Vulgata.
1526 5891 1863 5949 ltetinuimus
1920 5904 2100 5948 tamen

2212 1945 2309 2001 sed
2344 1946 2468 2016 quid
2495 1946 2668 1999 adhuc
2697 1944 2764 1999 de
2796 1953 2848 1998 te
2876 1958 2975 2012 ego
3007 1942 3059 1996 in
3087 1941 3296 1996 occulto
3326 1940 3552 1995 sentiam
3585 1940 3792 1991 nescis.

2210 2036 2328 2093 Jam
2358 2038 2584 2106 iustitiae
2616 2046 2720 2091 tute
2750 2045 2869 2091 acta
2901 2034 3237 2099 consideras,
3260 2031 3354 2086 sed
3377 2046 3536 2100 quam
3556 2030 3806 2083 districte

2211 2129 2351 2198 apud
2382 2137 2789 2203 me‘pensentur
2820 2130 3055 2198 ignoras.
3073 2124 3165 2179 Va:
3186 2123 3347 2179 etiam
3394 2122 3653 2176 laudabili
3686 2121 3808 2174 vitae

2208 2222 2372 2293 933
2398 2222 2700 2287 hominum,
2730 2221 2775 2274 si
2798 2230 3006 2273 remota
3032 2217 3231 2286 pietate
3252 2214 3544 2282 iudicetur,
3569 2212 3698 2282 quia
3729 2210 3811 2264 di-

2207 2314 2396 2368 stricte
2417 2311 2659 2369 discussa
2690 2310 2816 2365 inde
2838 2320 2960 2364 ante
2981 2308 3171 2365 oculos
3223 2306 3417 2376 iudicis
3444 2303 3588 2359 unde
3611 2318 3673 2358 se
3706 2304 3812 2371 pla-

2210 2422 2335 2462 cere
2377 2407 2686 2476 suspicatur
2731 2405 2999 2460 obruitur.
3049 2402 3204 2458 Unde
3233 2411 3380 2456 recte
3407 2400 3514 2453 Deo
3552 2413 3651 2467 per
3687 2396 3811 2451 Pro-

2209 2498 2425 2568 pltetatn
2449 2498 2643 2553 dicitur
2666 2515 2681 2552 :
2713 2497 2834 2552 Non
2860 2498 3017 2551 intres
3035 2497 3087 2549 in
3108 2495 3359 2567 iudicium
3384 2510 3500 2547 cum
3522 2508 3669 2547 servo
3699 2500 3807 2558 tuo,

2208 2593 2331 2662 quia
2370 2608 2471 2645 non
2506 2592 2880 2661 justi/imbitur
2906 2594 2960 2645 in
3008 2600 3279 2659 conspectu
3318 2598 3406 2642 tuo
3435 2587 3605 2641 omnis
3642 2587 3810 2639 virens

2213 2685 2388 2757 (Psal.
2408 2702 2577 2755 cxut,
2604 2686 2687 2758 2).
2721 2683 2875 2740 Unde
2907 2685 3045 2740 bene
3074 2700 3167 2753 per
3187 2682 3528 2737 Salomonem
3561 2680 3762 2735 dicitur
3790 2695 3806 2732 :

2212 2778 2351 2833 Sunt
2387 2780 2520 2850 justi
2573 2788 2723 2847 atque
2771 2779 3046 2845 sapientes,
3076 2786 3123 2831 et
3153 2793 3309 2846 opera
3356 2792 3532 2830 eorum
3561 2774 3616 2826 in
3647 2787 3798 2824 manu

2212 2869 2332 2936 Dei,
2347 2879 2394 2925 et
2419 2880 2587 2923 tamen
2609 2870 2765 2924 nescit
2794 2860 2944 2925 hoino
2968 2880 3139 2924 utrum
3160 2878 3361 2933 ‘amore,
3381 2885 3446 2922 an
3480 2868 3599 2921 odio
3619 2865 3801 2935 dignus

2174 2954 2175 2957 “
2209 2966 2298 3032 sit,
2331 2965 2421 3018 sed
2444 2966 2615 3018 omnia
2639 2967 2693 3017 in
2720 2967 2949 3034 futurum
3000 2972 3265 3017 servantur
3286 2961 3480 3043 incerta
3501 2957 3703 3029 (Hrcle.
3732 2970 3807 3021 ιι,

2210 3054 2450 3123 4).,llinc
2482 3069 2695 3107 rursum
2746 3068 2841 3119 per
2879 3053 3126 3107 eumdem
3186 3052 3525 3106 Salomouetn
3567 3047 3814 3123 dit-itur:

2215 3145 2346 3210 Quis
2369 3144 2633 3197 hominum
2654 3144 2942 3214 intelligere
2968 3144 3152 3213 poterit
3183 3144 3318 3196 viam
3339 3157 3485 3195 suam
3503 3126 3694 3211 (Prov.
3716 3152 3817 3203 xx,

2209 3236 2343 3306 9.5)?
2371 3238 2436 3291 Et
2459 3238 2708 3292 nimirum
2741 3239 2877 3292 bona
2903 3239 3109 3293 malave
3135 3239 3254 3306 quis
3279 3236 3478 3290 ficiens
3529 3234 3821 3289 conscien-

2216 3331 2286 3385 tia
2318 3337 2614 3385 attestante
2642 3327 2659 3366 ί
2692 3330 3049 3399 cognoscitur.
3084 3330 3189 3386 Sed
3216 3328 3425 3384 idcirco
3451 3326 3651 3382 dicitur
3671 3324 3819 3395 quod

2216 3422 2302 3477 via
2332 3437 2426 3476 sua
2456 3422 2525 3477 ab
2564 3420 2869 3477 hominibus
2897 3423 3187 3485 nesciatur,
3221 3422 3345 3491 quia
3376 3420 3536 3475 etiam
3569 3420 3616 3472 si
3668 3426 3816 3472 recta

2213 3532 2274 3573 se
2296 3520 2524 3587 quisque
2552 3531 2718 3585 opera
2749 3532 2912 3586 agere
2933 3516 3333 3588 intelligat,sub
3354 3515 3603 3570 districto
3632 3523 3809 3575 tamen

2215 3592 2464 3665 examine
2508 3625 2615 3680 quo
2638 3610 2840 3677 tendat,
2872 3612 3100 3681 ignorat.
3122 3609 3265 3683 [νει.
3298 3620 3343 3663 et
3368 3608 3494 3663 Rec.
3522 3605 3626 3678 X.]
3651 3606 3812 3677 Igitur

2215 3712 2499 3772 postquam
2530 3703 2680 3761 illum
2725 3703 2793 3757 de
2832 3703 2931 3757 ista
2966 3703 3086 3757 linis
3106 3704 3186 3756 sui
3234 3701 3668 3756 consideratione
3696 3715 3820 3771 per»

2168 3786 2174 3795 ’
2216 3796 2430 3859 terruit,
2459 3795 2525 3848 ad
2547 3794 2969 3851 examinandum
2998 3795 3117 3863 eius
3141 3792 3420 3848 exordium
3452 3793 3630 3856 redit;
3659 3806 3728 3844 ac
3753 3804 3821 3845 ne

2170 3956 2171 3959 η
2216 3900 2582 3957 conqueratur
2604 3904 2701 3944 cur
2730 3890 2887 3944 tinem
2914 3903 3066 3943 suum
3101 3887 3332 3952 nesciat,
3356 3894 3820 3940 commemoratur

2166 4054 2167 4057 η
2217 3984 2376 4037 etiam
2409 3984 2536 4052 quia
2560 3998 2658 4040 nec
2674 3999 2781 4054 quo
2812 3983 2915 4039 huc
2942 3980 3094 4037 initio
3121 3980 3661 4051 accessit/intelligat.
3683 3977 3822 4036 Nam

2168 4140 2177 4144 ,
2214 4073 2486 4145 sequitur:
2682 4098 2685 4103 -
3541 4072 3553 4082 ”

2802 4158 3032 4219 CAPUT
3064 4161 3215 4219 XIX.
3278 4170 3281 4175 '
3350 4168 3351 4171 “

2288 4258 2455 4313 Vens.
2481 4258 2574 4313 2t.
2595 4286 2666 4298 —
2687 4255 2897 4313 Sciebas
2940 4271 3059 4312 tunc
3094 4258 3234 4328 quod
3268 4257 3560 4313 nasciturus
3587 4271 3755 4326 esses,
3778 4265 3820 4312 et

2217 4367 2486 4405 numerum
2518 4351 2715 4405 dierum
2748 4360 2952 4404 tuorum
2984 4350 3236 4403 noveras?

2288 4444 2377 4500 '53.
2416 4443 2611 4499 Nullus
2641 4431 2904 4498 hominum
2935 4460 3084 4498 suum
3111 4442 3311 4497 initium
3338 4442 3478 4497 norit
3513 4443 3817 4511 aut’ﬁnem.

2216 4536 2389 4590 ~—Ac
2418 4534 2464 4589 si
2508 4546 2693 4604 aperte
2744 4533 3148 4598 diceret:t)uid
3197 4534 3388 4588 mirum
3430 4532 3477 4588 si
3523 4534 3820 4589 terminum

2132 4666 2189 4728 Β
2218 4634 2506 4680 tuunrnon
2534 4627 2813 4694 intelligis,
2841 4626 2932 4694 qui
2964 4641 3064 4680 nec
3104 4624 3316 4679 initium
3360 4624 3823 4693 comprehendisi

2114 4718 2179 4747 "
2215 4724 2287 4778 Et
2306 4724 2395 4793 qui
2423 4722 2637 4792 ignoras
2672 4737 2779 4791 quo
2807 4719 2911 4775 huc
2938 4720 3093 4774 initio
3120 4719 3354 4781 veneris.
3389 4719 3513 4788 quid
3543 4718 3747 4773 mirum
3774 4718 3821 4773 si

2214 4818 2424 4872 nescias
2452 4832 2557 4885 quo
2601 4816 2702 4870 line
2746 4813 3117 4868 subtraltaris?
3144 4814 3203 4868 Si
3246 4827 3376 4883 ergo
3408 4827 3585 4866 meum
3618 4811 3729 4867 fuit
3770 4824 3822 4871 te

2212 4928 2311 4981 per
2340 4910 2549 4965 initium
2572 4925 2634 4964 ex
2661 4908 2888 4964 occultis
2909 4908 2975 4961 ad
3008 4917 3254 4977 prompta
3276 4905 3599 4976 producere,
3628 4920 3819 4961 meum

2214 5018 2431 5075 quoque
2478 5000 2583 5056 erit
2631 5000 2791 5055 etiam
2825 5010 2875 5056 te
2905 5016 2971 5055 ex
3018 4999 3278 5070 promptis
3305 4998 3371 5053 ad
3400 4998 3612 5053 occulta
3658 5016 3825 5055 revo-

2170 5130 2175 5139 -
2216 5109 2362 5150 care.
2387 5091 2497 5148 Cur
2520 5093 2587 5146 de
2614 5093 2734 5146 vitae
2768 5101 2871 5145 tua:
2892 5092 3298 5161 dispensatione
3316 5088 3517 5159 aliquid
3538 5094 3816 5159 quereris.

2218 5187 2312 5259 qui
2349 5187 2402 5241 in
2433 5200 2596 5242 manu
2642 5185 2862 5240 artilicis
2901 5186 3243 5255 temetipsum
3288 5185 3539 5265 nesciens
3571 5184 3823 5240 teneris?

2219 5322 2503 5391 lectionem
2551 5319 2708 5375 Corb.
2745 5317 2929 5375 Germ.
2955 5331 3011 5376 et
3062 5319 3417 5381 Excusorum,
3444 5318 3587 5387 quod
3633 5333 3759 5372 eam
3791 5334 3819 5370 a

2172 5434 2175 5437 μ
2218 5408 2406 5448 sancto
2436 5393 2694 5462 Gregorio
2724 5403 3030 5460 usurpatam
3058 5391 3365 5452 credamus.
3396 5405 3497 5462 nee
3519 5391 3818 5462 immerito.

2213 5466 2273 5520 Si
2296 5466 2438 5519 enim
2470 5460 2650 5522 aliam,
2681 5479 2798 5530 qua:
2827 5472 2909 5518 est
2935 5462 3188 5532 Vulgata,
3219 5470 3435 5515 secutus
3464 5460 3821 5532 fuisset,quid

2219 5550 2397 5589 causa:
2448 5534 2635 5589 fuisset
2682 5529 3096 5588 amanuensibus
3145 5533 3458 5585 mutationis
3516 5529 3818 5586 faciendae?
3884 5538 3891 5543 '

2218 5608 2417 5660 Contra
2440 5620 2566 5659 vero
2594 5620 2714 5657 cum
2739 5604 3113 5658 observasseut
3138 5603 3303 5659 verba
3335 5605 3469 5667 ltatc,
3484 5603 3529 5656 si
3556 5601 3712 5657 habes
3735 5601 3817 5652 in-

2221 5678 2576 5747 telligentiam,
2608 5678 2914 5743 disrrepare
2951 5691 2980 5727 a
3010 5683 3152 5729 testu
3191 5675 3317 5739 Job,
3351 5672 3700 5747 ltisgomissis,
3727 5686 3819 5727 re—

2218 5743 2567 5802 stittiertttttsi
2603 5747 2735 5798 nosti
2765 5748 2958 5808 omnia,
2988 5752 3045 5799 ut
3072 5748 3345 5814 legitur.in
3376 5743 3494 5799 Job.

2293 5816 2313 5856 ί
2349 5818 2577 5886 'l‘uron.,
2624 5816 2789 5873 Corb.
2821 5818 3026 5885 Germ.,
3080 5813 3293 5873 Ebroic.
3348 5815 3547 5885 aliique
3588 5813 3810 5881 Norrn.,

2214 5890 2492 5960 cognoscit.
