4036 6348
243 318 358 374 ΜΠ

1010 311 1379 371 MORADIUM
1417 312 1547 369 L'IB.
1584 312 1790 401 .XXIX.
1827 338 1901 355 -
1939 313 2008 370 IN
2046 314 2275 374 CAPUT
2315 318 2589 376 XXXVIII
2625 320 2688 377 B.
2730 296 2871 376 JOB:

1932 230 1972 241 ..Δ

3438 321 3547 381 498

241 427 448 503 Extolli
498 427 677 496 itaque
717 434 867 481 tanto
920 427 1091 496 magis
1143 442 1246 482 non
1278 426 1444 482 debes
1490 428 1543 483 in
1585 443 1652 483 eo
1699 429 1841 499 quod
1875 430 1922 490 A
1953 430 2284 488 indicaverat
2315 436 2399 489 vel
2445 436 2616 493 bonos
2662 437 2729 492 ad
2776 437 2998 504 malum,
3029 437 3117 495 vel
3147 436 3317 495 malos
3344 438 3410 496 ad
3440 440 3538 495 bo-

237 525 378 594 agis,
408 532 607 592 quanto
632 522 767 574 intra
797 522 971 575 sinum
996 522 1314 576 aeternitatis
1342 521 1576 587 clausus,
1603 536 1704 601 nec
1734 538 1841 592 quo

239 616 350 670 huc
400 614 592 667 ordine
641 613 887 685 veneris,
916 627 1015 669 nec
1063 613 1277 682 quando
1306 613 1387 669 vel
1423 614 1689 685 quomodo
1719 614 1845 671 hinc

238 708 494 765 cdticaris
517 706 787 776 agnoscis.

315 801 408 856 56.
439 800 517 855 Ab
559 802 653 853 hac
692 801 800 869 lege
848 798 1085 855 Christus
1130 800 1635 856 eximitur.—ll:ec
1663 782 1873 857 tamen.

238 896 478 964 intelligi
508 904 561 949 et
590 888 745 947 aliter
775 902 995 961 possunt
1022 912 1033 947 :
1062 892 1272 950 Sciebas
1304 903 1427 948 tunc
1467 896 1606 964 quod
1628 886 1871 965 nascitu-g‘

253 1007 349 1043 rus
364 1003 520 1051 esses,
535 996 582 1038 rt
595 1002 857 1039 numerum
874 986 1071 1039 dierum
1100 994 1299 1039 tuorum
1313 1003 1525 1042 noveras
1537 989 1673 1060 .{Sul
1695 985 1848 1042 audis

257 1092 319 1136 ut
349 1096 473 1150 ego,
507 1078 594 1149 qui
628 1094 712 1133 me
740 1078 1069 1133 naSciturum
1099 1079 1244 1145 novi,
1272 1083 1396 1150 quia
1424 1092 1478 1136 et
1502 1091 1626 1137 ante
1657 1070 1869 1136 huma?

248 1172 438 1228 nitatis
489 1179 667 1223 ortum
721 1169 771 1223 in
821 1170 1101 1225 divinitate
1156 1185 1372 1241 semper
1422 1173 1846 1228 substantialiter

242 1263 379 1319 vixi.
430 1263 691 1317 Homines
736 1262 935 1330 quippe
980 1272 1108 1316 tunc
1151 1276 1272 1318 esse
1322 1264 1601 1333 incipiunt,
1634 1280 1755 1319 cum
1788 1265 1844 1321 in

241 1366 479 1413 matrum
513 1370 728 1409 suarum
753 1364 942 1409 ventre
983 1364 1296 1410 nascuntur.
1329 1355 1462 1411 Nam
1489 1358 1601 1427 ipsa
1633 1373 1846 1428 quoque

242 1451 534 1519 conceptio
563 1448 808 1502 nativitas
838 1448 1052 1512 dicitur,
1082 1446 1235 1518 juxta
1268 1448 1369 1503 hoc
1395 1449 1538 1519 quod
1584 1452 1844 1519 scriptum

241 1555 323 1602 est
346 1562 358 1599 :
379 1543 531 1610 Quod
553 1543 603 1595 in
626 1558 683 1595 ea
702 1552 877 1594 natum
897 1550 991 1608 est,
1014 1542 1079 1594 de
1102 1541 1302 1612 Spiritu
1325 1551 1504 1595 sancta
1530 1555 1599 1597 est
1621 1540 1842 1615 (Matth.

239 1654 284 1708 ι,
315 1638 437 1708 20).
489 1638 553 1691 Ει
595 1636 794 1691 idcirco
820 1622 897 1690 se
942 1637 1245 1691 nascituros
1274 1636 1557 1701 nesciunt,
1591 1637 1711 1707 quia
1744 1652 1845 1692 nec

196 1774 217 1810 ξ
241 1734 559 1803 priusquam
587 1739 840 1785 creentur
871 1730 1127 1787 existunt.
1155 1732 1295 1787 Deus
1321 1744 1451 1785 vero
1478 1731 1567 1798 qui
1596 1731 1713 1786 sine
1744 1730 1846 1784 ini-

1906 522 1909 525 ’
1954 540 2079 578 num
2105 540 2259 595 posse
2289 516 2549 593 converii,
2573 528 2715 586 illico
2743 539 2961 587 secutus
2989 531 3229 601 adiunxit
3255 550 3268 585 :
3292 531 3567 601 Nunquid.

1950 617 2208 687 ingressus
2247 636 2300 674 es
2350 620 2616 675 thesauros
2666 624 2818 689 nivis,
2850 633 2939 677 aut
2972 614 3241 695 thesauros
3271 627 3547 695 grandinis

1950 712 2218 779 aspexisti,
2252 716 2383 781 qua!
2406 716 2691 783 prwparavi
2740 715 2794 769 in
2835 725 3034 785 tempus
3078 714 3270 786 hostis,
3298 718 3368 791 in
3410 719 3546 772 diem

1950 818 2137 873 pagum
2159 815 2203 857 et
2233 804 2390 859 belli?
2421 807 2474 860 In
2499 808 2623 861 nive
2641 808 2724 862 vel
2747 808 3008 879 grandine
3034 810 3246 880 frigida,
3274 810 3362 865 vel
3386 810 3546 877 dura,
3642 830 3657 839 κ

1951 904 2009 950 ut
2036 896 2237 951 dictum
2268 907 2372 961 est.
2399 899 2691 968 accipimus
2732 901 2891 955 corda
2936 916 3247 971 pravorum.
3282 901 3390 958 Sed
3420 903 3549 972 quia

1950 990 2291 1058 omnipotens
2338 991 2482 1046 Deus
2513 1000 2731 1047 sanctos
2769 1008 2897 1048 suos
2948 994 3015 1048 de
3063 994 3252 1049 talibus
3280 984 3466 1064 elegit,
3497 1003 3553 1051 et

1949 1096 2110 1151 quam
2144 1083 2342 1137 multos
2371 1084 2576 1141 electos
2597 1087 2773 1143 adhuc
2798 1087 2939 1142 inter
2962 1103 3244 1157 pravorum
3272 1086 3444 1142 vitam
3462 1103 3550 1141 re-

1904 1252 1917 1267 ,
1948 1176 2157 1249 positos
2191 1179 2388 1234 habeat
2415 1182 2583 1250 novit,
2610 1191 2739 1251 apte
2768 1182 2821 1236 in
2853 1182 2996 1246 nive,
3021 1183 3107 1235 vel
3136 1183 3395 1252 grandine
3421 1182 3542 1237 the-

1947 1284 2139 1326 sauros
2190 1271 2389 1327 habere
2425 1287 2484 1329 se
2529 1274 2793 1344 perhibet.
2846 1273 3161 1330 Thesaurus
3203 1276 3398 1344 quippe
3441 1274 3543 1332 ἀπὸ

1947 1372 2039 1425 τῆς
2066 1365 2286 1431 θέσεως,
2320 1365 2372 1420 id
2405 1375 2486 1421 est
2512 1382 2542 1421 a
2585 1367 2851 1436 positione
2879 1367 3207 1421 nominatur.
3240 1367 3307 1423 Et
3344 1367 3551 1437 pleros-

1946 1469 2049 1523 que
2080 1456 2133 1509 in
2162 1455 2263 1508 vita
2294 1455 2480 1526 frigida
2507 1455 2598 1511 diu
2628 1458 2856 1513 latentes
2888 1458 3111 1526 respicit
3132 1499 3148 1523 ,
3180 1473 3316 1528 quos
3344 1458 3410 1513 ad
3436 1474 3552 1514 me-

1946 1544 2093 1601 dittm
2124 1562 2245 1600 cum
2269 1546 2421 1615 jubet
2450 1550 2716 1617 producit,
2752 1558 2805 1604 et
2828 1548 3054 1620 justitite
3083 1549 3261 1604 nitore
3292 1549 3553 1605 candidos

1948 1654 2045 1710 per
2097 1654 2385 1709 supernam
2434 1641 2661 1711 gratiam
2710 1641 2969 1696 ostendit.
3027 1640 3302 1711 Scriptum
3357 1643 3555 1712 quippe

1916 1784 1932 1801 ,
1950 1740 2035 1787 est
2056 1748 2070 1784 :
2102 1730 2317 1786 Lavabis
2340 1748 2436 1797 me,
2458 1741 2505 1786 et
2526 1749 2687 1800 super
2705 1720 3175 1786 nivem'dealbabor
3198 1730 3370 1801 (Psal.
3398 1747 3451 1799 ι,
3471 1733 3553 1799 9).

244 1830 326 1879 tio
354 1839 561 1892 semper
589 1824 794 1879 evslitit
821 1825 1091 1891 prtescivit
1119 1825 1189 1878 de
1210 1839 1271 1879 se
1292 1823 1396 1879 hoc
1432 1822 1573 1891 quod
1606 1822 1659 1877 in
1694 1833 1848 1879 utero
1876 1809 1929 1873 Β
1953 1826 2101 1892 Quos
2143 1825 2211 1879 ad
2253 1824 2397 1878 diem
2431 1824 2558 1880 belli
2593 1840 2889 1895 pugnaeque
2931 1835 3262 1894 praeparatos
3291 1823 3386 1879 diu
3416 1825 3557 1881 intra

138 1958 150 1971 .
247 1914 488 1983 Virginis
516 1924 541 1952 ι
572 1916 778 1970 initium
810 1916 1071 1986 sumpsit;
1098 1925 1151 1971 et
1176 1915 1300 1985 quia
1341 1914 1639 1986 praescivit,
1664 1914 1849 1983 dispo-

250 2012 395 2073 suit;
419 2011 536 2080 quia
564 2009 852 2078 disposuit,
882 2007 1013 2062 nihil
1043 2007 1283 2077 profecto
1313 2008 1365 2061 in
1398 2006 1637 2061 humana
1671 2005 1847 2062 forma

249 2101 368 2157 sine
395 2117 487 2156 sua
518 2102 792 2157 voluntate
817 2099 1084 2156 toleravit.
1114 2098 1473 2155 Convincatur
1499 2114 1627 2168 ergo
1652 2114 1748 2154 cur
1775 2099 1845 2154 de

246 2197 475 2266 ﬂagellis
499 2198 611 2251 suis
638 2200 799 2252 homo
818 2196 1080 2265 queritur,
1102 2195 1192 2265 qui
1213 2202 1388 2249 ortum
1412 2208 1566 2249 suum
1594 2192 1847 2261 przescire

242 2304 351 2345 non
377 2292 569 2357 potuit,
593 2287 620 2329 δ
643 2290 686 2343 si
707 2292 823 2358 ipse
843 2287 1002 2343 etiam
1026 2288 1115 2358 qui
1138 2297 1312 2343 ortum
1334 2302 1487 2342 suum
1511 2286 1845 2357 praesciendo

239 2384 511 2451 disposuit
537 2397 599 2438 se
643 2383 785 2437 inter
834 2380 1080 2435 homines
1126 2378 1197 2434 ad
1245 2379 1454 2449 ﬂagella
1500 2378 1840 2449 praeparavit.

239 2475 503 2546 Sequitur
525 2491 541 2529 :
1040 2526 1041 2535 χ

694 2564 921 2620 CAPUT
962 2564 1062 2620 xx
1092 2564 1239 2635 inec.
1274 2562 1403 2636 XI].
1504 2632 1507 2633 ί

313 2656 487 2712 Vens.
522 2646 614 2725 92,
641 2656 730 2712 25.
766 2686 836 2698 -—
876 2656 1127 2727 Nunquid
1174 2658 1438 2728 ingressus
1484 2672 1537 2710 es
1578 2657 1846 2712 thesauros

242 2752 399 2813 nivis,
421 2760 511 2805 aut
541 2750 813 2829 thesauros
831 2752 1100 2821 grandinis
1128 2750 1395 2819 aspexisti,
1424 2764 1539 2817 qui:
1558 2751 1846 2822 preparari

244 2845 303 2900 in
332 2850 532 2916 tempus
560 2846 738 2910 hostis,
761 2846 814 2898 in
838 2846 972 2907 diem
1004 2861 1191 2917 pugnis
1214 2855 1261 2899 et
1292 2848 1454 2901 belli?

317 2940 409 2993 57.
440 2936 674 3005 [mprobi
699 2939 765 2991 ad
787 2940 1052 3009 justorunt
1082 2938 1433 3007 probationem
1459 2951 1746 2997 servantur.
1776 2970 1847 2984 -

242 3029 385 3097 Quid
432 3030 575 3084 aliud
622 3031 746 3086 nive
776 3031 855 3084 vel
887 3031 1182 3099 grandine,
1214 3032 1318 3087 nisi
1367 3032 1561 3101 frigida
1600 3048 1665 3103 ac
1712 3032 1849 3089 dura

242 3122 589 3194 intelligenda
622 3133 748 3177 sunt
793 3124 956 3177 corda
989 3124 1315 3190 pravorum?
1359 3124 1511 3181 Sicut
1552 3126 1696 3179 enim
1738 3127 1847 3180 ler-

1951 1933 2069 1974 sute
2114 1917 2466 1987 prmscientite
2508 1919 2687 1972 sinum
2722 1919 2879 1988 tegit;
2911 1918 3008 1973 sed
3041 1932 3167 1973 cum
3212 1930 3436 1987 repente
3459 1934 3554 1974 eos

1951 2009 2217 2076 eduxerit,
2247 2008 3038 2067 resistentiasadversariorum
3086 2016 3305 2078 pectora
3334 2009 3553 2064 illorum

1951 2090 2129 2171 verbis
2156 2116 2221 2156 ac
2250 2100 2727 2171 redargutionibus
2773 2101 2929 2171 quasi
2973 2099 3292 2171 quibusdam
3340 2100 3555 2170 grandi-

1951 2194 2111 2249 nibus
2141 2201 2167 2265 ε
2198 2192 2443 2261 percutit.
2491 2191 2645 2247 Unde
2674 2192 2813 2250 alias
2849 2190 3109 2261 scriptum
3154 2200 3277 2245 est:
3301 2188 3423 2244 Prae
3450 2189 3555 2258 {ut-

1950 2303 2074 2357 gore
2108 2286 2162 2339 in
2205 2294 2477 2354 conspectu
2518 2287 2631 2356 ejus
2673 2285 2831 2339 nubes
2880 2287 3223 2350 transierunt,
3265 2284 3464 2355 grando
3508 2291 3558 2337 et

1952 2376 2195 2431 carbones
2225 2378 2359 2448 ignis
2386 2375 2561 2448 (Psal.
2591 2392 2723 2441 xvn,
2758 2376 2874 2444 15).
2900 2376 3017 2431 Prae
3047 2376 3258 2446 fulgore
3287 2376 3428 2431 enim
3457 2392 3556 2431 nu-
3594 2366 3607 2387 ⁴

1847 2483 1855 2491 ’
1950 2468 2047 2524 bes
2099 2476 2399 2534 transeunt,
2449 2468 2571 2537 quia
2634 2468 3017 2537 prazdicatores
3066 2468 3240 2523 sancti
3290 2467 3549 2523 universa

1856 2606 1859 2607 ν
1951 2559 2140 2615 mundi
2168 2560 2341 2630 spatia
2385 2560 2775 2637 miraculorum
2801 2560 3047 2615 claritate
3078 2570 3418 2629 percurrunt.
3449 2560 3555 2629 Qui

1952 2653 2115 2708 etiam
2144 2653 2350 2723 grando
2378 2662 2433 2708 et
2461 2636 2724 2707 carbones
2766 2636 2907 2722 ignis
2950 2652 3125 2707 vocati
3156 2661 3317 2718 sunt,
3346 2653 3469 2723 quia
3500 2660 3557 2707 et

1951 2762 2051 2817 per
2077 2748 2475 2817 correptionetn
2511 2748 2730 2815 feriunt,
2764 2756 2823 2803 et
2847 2765 2943 2819 per
2969 2726 3240 2804 ﬂammam
3272 2750 3555 2805 charitatis

1953 2842 2274 2896 accendunt.
2308 2841 2427 2910 Ipsa
2457 2856 2670 2912 quoque
2700 2841 2863 2897 libera
2898 2851 3208 2896 sanctorum
3257 2843 3558 2909 increpatio

1952 2943 2146 2990 natura
2185 2934 2458 3002 grandinis
2504 2938 2892 2991 convenienter
2936 2935 3278 3006 exprimitur.
3334 2936 3554 2991 Grande

1952 3028 2095 3081 enim
2144 3028 2369 3083 veniens
2418 3028 2671 3098 percutit,
2700 3028 2897 3096 liquata
2938 3030 3095 3098 rigat.
3146 3028 3328 3084 Sancti
3375 3039 3554 3083 autem

1952 3112 2056 3176 viri
2086 3122 2252 3176 corda
2283 3122 2617 3177 audientium
2648 3130 2703 3178 et
2751 3120 3016 3180 terrentes
3062 3121 3284 3191 feriunt,
3321 3131 3375 3179 et
3404 3124 3557 3177 blan-

242 3228 377 3269 vore
405 3214 672 3279 charitas,
707 3214 785 3268 sic
809 3214 949 3270 sulet
977 3215 1028 3269 in
1057 3230 1212 3269 sacro
1253 3216 1470 3285 eloquio
1498 3213 1700 3286 frigore
1732 3232 1844 3274 ma-
1880 3194 1929 3262 (ἶ
1960 3216 2168 3271 dientes
2206 3215 2513 3270 infundunt.
2546 3216 3163 3284 Nam'quemadmodum
3193 3216 3390 3273 feriant
3421 3216 3554 3271 Pro-

243 3305 360 3361 Iitia
392 3305 682 3371 designari.
708 3304 979 3373 Scriptum
1014 3320 1245 3377 namque
1266 3318 1349 3361 est
1376 3326 1388 3361 :
1417 3307 1567 3365 Sicut
1601 3310 1850 3380 [rigidam

243 3397 369 3467 facit
400 3396 619 3450 cisterna
648 3413 835 3466 aquam
859 3414 1039 3462 suam,
1081 3400 1154 3452 sic
1181 3400 1434 3469 [rigidam
1464 3402 1590 3471 facit
1620 3404 1851 3457 animam

244 3487 447 3541 malitia
489 3503 582 3540 sua
628 3486 845 3557 (.Ierem.
889 3504 964 3552 v1,
998 3490 1076 3557 7).
1130 3491 1197 3544 Et
1224 3493 1439 3547 rursum
1465 3509 1480 3548 :
1504 3503 1528 3532 θ
1558 3494 1850 3550 Abundabit

242 3578 513 3649 iniquitas,
530 3587 579 3631 et
603 3579 891 3650 refrigescet
909 3580 1136 3635 Charitas
1160 3582 1443 3637 multorum
1458 3583 1672 3654 (Matth.
1700 3604 1847 3655 μιν,

243 3671 362 3741 i2).
394 3672 447 3726 lu
478 3669 642 3742 934
687 3672 883 3742 frigore
912 3687 1043 3742 ergo
1071 3673 1229 3739 nivis,
1260 3676 1346 3729 vel
1374 3676 1425 3729 in
1457 3676 1650 3733 duritia
1680 3694 1848 3747 graus

244 3762 409 3830 dinis,
438 3762 561 3832 quid
592 3763 761 3833 accipi
789 3763 968 3832 aptius
994 3772 1177 3833 potest
1203 3780 1362 3835 quam
1397 3766 1502 3820 vita
1538 3784 1845 3836 pravorum.

243 3868 364 3922 qua:
393 3861 447 3908 et
476 3869 570 3923 per
600 3863 869 3924 torporem
919 3856 1178 3926 frigescit,
1215 3853 1239 3893 δ
1267 3867 1322 3915 et
1353 3873 1448 3927 per
1476 3861 1687 3917 duritiae
1732 3879 1845 3916 ma-

241 3945 412 4001 litiam
441 3948 707 4015 percutit?
728 3947 966 4016 Quorum
1013 3958 1192 4007 tamen
1221 3952 1387 4007 vitam
1422 3953 1683 4011 Dominus
1707 3957 1840 4015 tole-

240 4050 351 4108 rat,
377 4042 497 4110 quia
524 4056 622 4097 eos
650 4043 720 4097 ad
745 4043 1012 4112 justorum
1060 4060 1283 4101 suorum
1326 4048 1693 4117 probationem
1727 4067 1843 4110 ser-

240 4143 354 4188 vat.
403 4134 554 4189 L'nde
601 4144 654 4189 et
701 4145 847 4191 recte
896 4137 1173 4206 subiunxit
1209 4156 1225 4193 :
1268 4140 1397 4207 Qua:
1449 4144 1734 4210 prteparavi
1772 4146 1829 4199 in

240 4232 441 4296 tempus
469 4224 632 4279 hostis
656 4270 672 4293 ,
706 4227 758 4280 in
787 4227 920 4281 diem
950 4244 1134 4297 pugna:
1158 4239 1207 4283 et
1234 4229 1373 4285 belli.
1406 4230 1471 4287 Ut
1498 4247 1618 4288 cum
1646 4235 1840 4290 adver-

238 4318 419 4374 sarius
470 4326 651 4372 noster
696 4318 942 4374 diabolus
985 4328 1194 4375 tentare
1239 4337 1339 4377 nos
1386 4323 1573 4379 nititur
1600 4366 1617 4390 ,
1648 4341 1836 4382 eorum

236 4410 484 4466 moribus
507 4411 658 4481 quasi
685 4412 796 4465 suis
819 4420 1010 4467 contra
1036 4428 1133 4467 nos
1155 4414 1321 4468 armis
1347 4423 1545 4470 utatur.
1566 4417 1670 4473 Per
1691 4419 1837 4489 ipsos

236 4503 441 4573 quippe
490 4518 589 4558 nos
631 4504 858 4558 sreviens
903 4504 1151 4569 cruciat,
1183 4505 1277 4559 sed
1326 4508 1576 4563 nesciens
1621 4520 1834 4581 purgat.

1958 3307 2129 3378 pheta
2162 3316 2410 3372 testatur,
2453 3308 2681 3363 dicens:
2714 3307 2966 3364 Virtutem
3002 3310 3308 3364 terribilium
3350 3320 3556 3363 tuorum

1958 3397 2219 3466 dicent,‘et
2243 3400 2645 3470 magnitudinem
2677 3411 2817 3454 tuam
2854 3402 3139 3457 narrabant
3172 3402 3347 3471 (Psal.
3373 3419 3553 3471 cxuv,

1956 3489 2034 3563 6).
2067 3492 2131 3546 Et
2157 3490 2613 3559 quemadmodum
2644 3491 2982 3547 blandientes
3009 3494 3186 3561 rigent
3211 3502 3430 3548 secutus
3459 3496 3556 3548 ad-

1950 3582 2131 3653 junxit
2158 3598 2173 3635 :
2200 3581 2509 3635 Memoriam
2535 3581 2869 3637 abundantia:
2895 3583 3163 3637 suavitatis
3200 3593 3304 3637 tua:
3345 3592 3555 3637 eructa~

1954 3676 2095 3740 bunt,
2139 3683 2186 3729 et
2225 3675 2435 3744 justitia
2481 3684 2569 3726 tua
2618 3674 2948 3729 exsultabunt
2998 3674 3189 3741 (Ibid.,
3220 3675 3298 3743 7).
3344 3677 3399 3729 In
3432 3676 3552 3730 nive

1953 3778 2082 3833 ergo
2111 3764 2197 3817 vel
2226 3758 2489 3833 grandine
2531 3763 2798 3818 habentur
2829 3764 3101 3829 thesauri,
3135 3766 3260 3834 quia
3306 3764 3549 3835 plerique

1951 3853 2249 3924 iniquitatis
2298 3863 2519 3922 torpore
2568 3852 2769 3924 frigidi,
2814 3853 2833 3891 ί
2876 3853 2942 3907 ad
2985 3869 3274 3923 supernam
3321 3855 3549 3925 gratiam

1952 3946 2233 4013 assumpti,
2268 3944 2318 3998 in
2350 3952 2535 3999 sancta
2569 3945 3050 4015 Ecclesiajustitiie
3074 3946 3194 4001 luce
3225 3946 3544 4016 fulgescunt.

1950 4048 2004 4093 et
2050 4052 2267 4106 pravam
2316 4036 2751 4091 adversariorum
2802 4037 3083 4093 scientiam
3126 4037 3387 4093 doctrina:
3433 4054 3546 4095 sua:

1950 4131 2143 4186 ictibus
2174 4129 2423 4185 tundunt.
2480 4129 2631 4197 Upde
2676 4138 2732 4184 et
2762 4140 2887 4200 apte
2936 4131 3209 4186 subditum
3262 4140 3383 4187 est:
3415 4131 3547 4198 Qua:

1948 4222 2237 4292 pra’paravi
2280 4224 2334 4273 in
2381 4230 2577 4292 tempus
2609 4220 2793 4286 hostis,
2832 4223 2889 4275 in
2921 4221 3059 4275 diem
3088 4238 3276 4294 pugna:
3315 4231 3363 4275 et
3404 4223 3542 4279 belli.

1948 4313 2093 4388 [Vet.
2126 4313 2293 4384 Χ11.]
2323 4312 2423 4368 Nix
2453 4314 2651 4383 quippe
2682 4314 2767 4369 vel
2798 4314 3003 4383 grando
3026 4317 3198 4369 fuerat
3225 4313 3421 4370 Saulus
3452 4332 3545 4383 per

1948 4407 2196 4478 frigidam
2230 4406 2877 4473 insensibilitatemysed
2932 4408 3024 4461 nix
3065 4416 3120 4463 et
3168 4409 3374 4478 grando
3415 4425 3546 4465 con-

1949 4508 2027 4555 tra
2060 4499 2490 4553 adversariorum
2515 4497 2678 4569 935
2723 4510 2937 4565 pectora
2964 4498 3136 4581 factus
3166 4509 3267 4562 est,
3301 4500 3385 4554 vel
3410 4514 3545 4555 can-

237 4593 483 4650 Peccatis
511 4610 740 4663 namque
760 4596 957 4653 nostris
979 4597 1076 4662 ipsi
1102 4597 1310 4666 ﬂagella
1341 4598 1497 4666 llunt,
1520 4599 1588 4655 de
1610 4618 1838 4671 quorum

1946 4594 2078 4648 dore
2114 4591 2340 4662 justitim
2369 4630 2387 4655 ,
2442 4591 2527 4645 vel
2571 4590 2801 4644 districti
2840 4590 3036 4661 eloquii
3068 4584 3446 4661 correptione.
3498 4592 3544 4650 Ο

236 4688 334 4743 tali
367 4689 471 4741 vita
520 4688 643 4743 dum
688 4691 1039 4758 percutimur,
1074 4690 1142 4744 ab
1187 4700 1385 4761 teter-na
1418 4702 1591 4747 morte
1632 4685 1838 4749 libera-

238 4795 384 4835 mur;
417 4779 571 4835 Unde
602 4781 777 4850 agitur
806 4790 867 4835 ut
909 4782 1204 4838 electorum
1241 4783 1363 4838 vita:
1400 4783 1645 4851 proficiat
1672 4788 1834 4841 etiam

236 4872 453 4943 perdita
483 4874 591 4927 vita
621 4873 998 4941 reproborum,
1021 4882 1075 4928 et
1098 4874 1309 4928 utilitati
1340 4883 1538 4929 nostra:
1560 4876 1687 4931 dum
1712 4877 1835 4932 illo-

237 4980 361 5019 rum
394 4965 624 5034 perditio
658 4966 884 5030 militat,
918 4969 1054 5022 mira
1097 4968 1499 5036 dispensatione
1530 4970 1622 5025 ﬁat
1650 4981 1836 5038 quate-

238 5074 343 5117 nus
366 5059 552 5113 electis
581 5058 670 5112 Dei
699 5073 803 5114 non
838 5068 1022 5127 pereat
1048 5060 1208 5113 etiam
1240 5075 1399 5114 omne
1428 5062 1570 5131 quod
1600 5066 1759 5132 perit.
1832 5112 1839 5117 .

256 5196 259 5197 ,
312 5150 454 5225 [γει.
483 5148 616 5222 XI
642 5148 733 5204 38.
764 5149 939 5213 Aliqui
976 5166 1039 5204 ea:
1079 5150 1183 5203 illis
1211 5152 1357 5206 electi
1394 5163 1534 5218 sunt,
1564 5164 1610 5208 et
1639 5156 1838 5219 adima-

240 5243 378 5299 sima
406 5242 591 5296 vocati.
613 5268 684 5284 —
723 5240 948 5308 Intelligi
985 5243 1088 5296 hoc
1117 5257 1331 5312 quoque
1360 5244 1518 5299 aliter
1554 5256 1747 5315 potest,
1776 5259 1837 5305 ut

237 5335 359 5406 quia
391 5333 569 5389 verbis
592 5331 1019 5400 praecedentibus
1038 5333 1258 5407 ‘videtur
1286 5350 1582 5400 annexum,
1610 5354 1639 5393 a
1667 5354 1827 5410 supe-

164 5424 174 5431 ’
234 5428 399 5486 rioris
441 5442 628 5482 versus
671 5426 1012 5496 expositione
1056 5441 1162 5481 non
1211 5426 1503 5500 diserepet.
1532 5429 1664 5486 Nam
1690 5435 1830 5500 quia

312 5552 338 5581 ι
371 5543 449 5597 Ita
473 5541 725 5604 Vindoc..
756 5542 1027 5605 Laudun.,
1051 5540 1277 5606 Prntel.,
1306 5550 1414 5599 etc.
1436 5546 1507 5601 At
1536 5544 1679 5602 Editi
1706 5563 1825 5605 cum

236 5615 403 5672 Cerb.
437 5613 649 5672 Germ"
683 5630 770 5678 per
800 5615 1003 5667 initium
1032 5614 1268 5684 sumpsit.
1438 5634 1445 5635 ί

240 5724 245 5733 .
314 5686 339 5723 δ
376 5685 594 5755 Pralel.,
624 5701 737 5738 cum
768 5687 895 5755 ipse.

320 5766 341 5793 ε
380 5740 646 5819 l.audun.,
677 5740 872 5810 Praiel.
898 5740 1147 5818 ειέυῑίοη
1177 5755 1473 5814 abundavit.

316 5824 344 5865 ἀ
373 5826 600 5894 Pratel.,
633 5843 723 5899 per
750 5827 997 5885 duritiam
1023 5826 1257 5885 malitia.

1948 4685 2159 4757 qualem
2191 4684 2331 4738 hunc
2374 4682 2685 4736 thesaurum
2716 4681 2767 4735 in
2802 4683 2926 4735 nive
2949 4693 3005 4737 et
3032 4683 3294 4752 grandine
3333 4685 3542 4751 habuit,

1947 4780 2160 4851 quando
2181 4778 2494 4832 illum'inter
2518 4790 2802 4844 pravorum
2832 4775 2996 4829 vitam
3022 4777 3249 4845 positum
3274 4776 3383 4847 jam
3415 4789 3542 4833 tunc
3606 4792 3609 4793 '

1946 4873 2177 4927 electum
2222 4884 2375 4923 suum
2422 4863 2677 4922 Dominus
2712 4866 2943 4922 latenter
2971 4868 3134 4923 vidit!
3165 4868 3209 4924 Ο
3242 4870 3307 4924 ad
3340 4879 3538 4940 quanta

1943 4959 2371 5020 adversariorum
2422 4968 2639 5027 pectora
2688 4956 2930 5013 ferienda
2980 4960 3118 5013 hanc
3149 4960 3201 5014 in
3233 4976 3393 5015 manu
3437 4974 3534 5014 sua

1941 5053 2257 5128 grandinem
2272 5052 2520 5120 sumpsit,
2538 5064 2630 5119 per
2647 5064 2806 5121 quam
2826 5057 2903 5105 tot
2919 5049 3022 5105 sibi
3046 5050 3349 5106 resistentia
3366 5050 3534 5106 corda

1979 5144 2255 5201 rostravit.

1979 5162 2255 5201 rosrravit.
3308 5180 3311 5185 ,

1939 5162 1976 5219 p
2010 5238 2099 5295 59.
2127 5236 2297 5301 Nemo
2320 5232 2622 5299 extollatur,
2645 5248 2793 5289 nemo
2808 5232 3063 5304 desperet.
3080 5231 3332 5288 —Nemo
3355 5231 3537 5302 itaque

1938 5335 2005 5391 de
2034 5333 2144 5388 suis
2172 5329 2425 5399 operibus
2450 5330 2762 5395 extollatur,
2792 5342 2953 5382 nemo
2980 5328 3232 5395 desperet
3258 5340 3353 5381 eos
3396 5341 3532 5396 quos

1938 5431 2115 5485 adhuc
2162 5427 2383 5497 frigidos
2428 5425 2595 5489 videt,
2623 5425 2748 5493 quia
2801 5424 3087 5479 thesauros
3116 5423 3211 5479 Dei
3242 5424 3295 5478 in
3322 5423 3453 5479 nive
3480 5432 3537 5480 et

2012 5556 2036 5584 ο
2064 5545 2107 5598 Τ
2111 5558 2265 5598 uron.
2298 5552 2350 5597 el
2381 5540 2647 5603 Laudun.,
2681 5522 3051 5605 percutiuntur.

2015 5616 2035 5654 ί
2072 5616 2188 5670 vet.
2224 5614 2319 5666 Ed.
2357 5612 2526 5665 Paris.
2574 5620 2629 5663 ct
2678 5611 2838 5664 llasil.
2883 5611 3108 5679 alteque
3154 5617 3354 5680 poster.
3403 5629 3525 5671 cum

1940 5682 2101 5745 Coti).
2137 5685 2344 5745 Germ.,
2377 5698 2407 5733 a
2449 5697 2669 5748 superna
2708 5682 2876 5750 gratia
2924 5685 3192 5750 assuntpti.
3241 5683 3527 5748 Sequimur

1941 5762 2070 5816 MSS-
2085 5758 2309 5817 Τυτοηο,
2332 5753 2579 5837 Vinduc..
2598 5751 2793 5837 μυσὶ,
2813 5752 3024 5837 [ξυνοῖς.
3043 5754 3517 5837 aliosquel‘ior‘m.‘

1944 5832 2038 5904 qui
2066 5829 2202 5884 miro
2231 5836 2496 5885 consensu
2526 5822 2745 5891 habent,
2774 5824 2843 5901 ad
2864 5840 3141 5881 sitnernam
3169 5828 3407 5900 gratiam.
