4036 6348
318 339 421 401 501

1069 344 1430 401 MORALIUM
1472 342 1602 399 LIB.
1635 342 1837 398 XXIX.
1877 371 1928 381 --
1986 340 2050 395 IN
2090 338 2319 401 CAPUT
2352 347 2616 405 XXXVIII
2659 351 2720 405 Β.
2761 352 2899 407 JOB.

3468 349 3591 409 “502

315 456 465 521 tibus
495 462 724 520 illustre.
746 452 873 519 Haec
892 464 1086 534 quippe
1106 458 1284 517 omnia
1316 476 1414 517 nos
1435 460 1571 516 facta
1602 459 1891 521 cernimus,
1924 460 1969 519 Α
1998 460 2227 525 scondit,
2266 472 2414 517 recte
2442 463 2640 519 dicitur
2665 479 2681 519 :
2711 463 2971 519 Dividitur
3008 474 3164 520 testas
3190 480 3343 536 super
3372 473 3583 519 terram.

315 544 442 625 nam
472 554 701 627 dualiter
728 557 1049 613 intrinsecus
1074 556 1376 612 efﬁciantur
1399 558 1727 626 ignoramus.
1752 553 1902 607 Hanc
1956 540 1965 555 ’

312 650 459 705 viam
490 642 624 704 lucis
650 663 773 704 esse
803 648 958 703 nobis
986 646 1342 712 invisibilem,
1369 647 1423 701 in
1472 646 1763 717 Evangelio
1792 644 1902 701 Ve-

312 743 450 799 ritas
479 741 737 805 ostendit,
762 734 944 798 dicens
970 758 984 794 :
1012 739 1239 810 Spiritus
1271 740 1355 793 ubi
1385 740 1492 793 vult
1516 740 1713 808 spirat;
1739 748 1787 793 et
1808 754 1902 791 vo-

313 849 427 888 cem
470 837 585 904 ejus
624 830 805 901 audis,
832 842 860 871 ι
887 828 933 889 et
959 833 1121 888 nescis
1167 833 1304 887 unde
1350 832 1517 887 ueniat
1546 842 1593 886 et
1622 847 1722 903 quo
1748 818 1904 885 vadat

311 922 370 995 (1
378 940 499 979 oan.
530 938 609 987 Ill,
643 922 717 993 8).

388 1013 533 1085 [Ven
566 1012 649 1069 XI
667 1012 751 1089 ν.]
780 1012 868 1069 44.
896 1002 1011 1068 Hac
1030 1013 1143 1069 luce
1160 1022 1430 1080 crescente,
1456 1014 1760 1068 tentationes
1786 1027 1903 1067 suc-

311 1106 571 1163 crescunt.
604 1107 795 1165 —Sed
833 1108 956 1177 quia
986 1122 1107 1163 cum
1152 1107 1241 1161 lux
1270 1108 1537 1175 Spargitur
1565 1122 1687 1161 mox
1718 1105 1785 1160 ab
1809 1120 1903 1160 oc-

308 1207 461 1261 culto
478 1204 786 1260 adversario
805 1216 991 1259 contra
1015 1202 1301 1275 fulgentem
1322 1211 1553 1257 mentem
1575 1208 1901 1256 tentamenta

306 1280 685 1360 succrescunt,
704 1306 847 1353 recte
872 1295 1213 1367 subjuugitur
1237 1314 1248 1346 :
1278 1293 1540 1348 Dividitur
1563 1301 1721 1348 aestus
1746 1306 1902 1363 super

306 1398 526 1445 terram.
577 1390 753 1446 Hostis
792 1403 1022 1458 namque
1070 1386 1296 1442 callidus
1346 1400 1481 1454 quos
1507 1385 1734 1455 juStitite
1785 1385 1905 1439 luce

306 1483 612 1538 enitescere
639 1480 921 1548 conspicit,
950 1493 1136 1534 eorum
1160 1487 1366 1533 mentes
1396 1475 1598 1531 illicitis
1620 1473 1903 1528 desideriis

306 1572 649 1628 inﬂammare
676 1569 990 1633 contendit,
1027 1580 1087 1624 ut
1141 1569 1453 1638 plerumque
1497 1567 1616 1637 plus
1654 1566 1814 1637 937
1845 1578 1904 1619 se

306 1666 494 1735 urgeri
538 1663 922 1726 tentationibus
953 1663 1227 1726 sentiant,
1258 1676 1419 1729 quam
1452 1668 1579 1713 tunc
1619 1674 1740 1713 cum
1772 1656 1905 1713 lucis

308 1757 540 1813 interna!
561 1755 740 1812 radios
770 1771 877 1809 non
906 1753 1181 1809 videbant.
1210 1752 1367 1809 Unde
1396 1756 1449 1806 et
1476 1751 1730 1807 Israelita:
1760 1762 1902 1821 post-

2077 549 2168 605 46.
2212 552 2353 606 Deus
2380 556 2685 608 tentationes
2711 556 3027 624 moderatur,
3052 572 3116 609 ne
3135 566 3225 608 aut
3254 554 3429 609 multa
3461 555 3588 616 sint,

2004 654 2095 698 aut
2126 646 2317 701 nimiae.
2341 675 2412 687 -—
2431 646 2537 703 Sed
2567 660 2687 701 cum
2735 648 3075 716 praemittitur
3100 663 3115 701 :
3144 645 3245 703 Per
3270 662 3420 711 quam
3453 648 3590 700 viam

2005 741 2276 811 spargitur
2322 740 2435 795 laz.
2483 740 2782 807 Statimque
2819 740 3192 812 subjungitur:
3224 739 3485 795 Dividitur
3512 755 3588 793 te-

2004 844 2113 889 stus
2150 849 2303 898 super
2349 842 2554 887 terram.
2600 832 2863 888 Nimirum
2914 849 3010 902 per
3036 833 3279 890 eamdem
3322 834 3461 885 viam
3494 846 3591 900 per

2004 914 2163 997 quam
2218 926 2306 979 lux
2349 924 2617 994 spargitur
2662 926 2823 980 etiam
2871 924 3036 983 dividi
3078 934 3243 979 matus
3294 924 3583 980 indicatur.

2007 1016 2126 1069 Alta
2156 1016 2354 1085 quippe
2381 1025 2542 1085 atque
2575 1015 3134 1085 incomprehensibilis
3155 1015 3387 1086 Spiritus
3412 1013 3587 1069 sancti

2006 1109 2175 1178 gratia
2202 1123 2322 1162 cum
2353 1108 2471 1162 luce
2520 1124 2616 1163 sua
2668 1120 2881 1162 nostras
2910 1118 3115 1163 mentes
3154 1107 3391 1173 irradiat,
3423 1108 3585 1162 etiam

2008 1201 2329 1256 tentationes
2359 1200 2653 1256 adversarii
2684 1200 3049 1268 dispensanda
3086 1198 3376 1263 modilleat,
3425 1208 3484 1253 ut
3513 1198 3588 1251 si-

2008 1294 2120 1349 mul
2146 1294 2330 1349 multae
2357 1307 2465 1367 non
2492 1292 2729 1354 veniant,
2776 1301 2869 1345 aut
2912 1291 3041 1359 ipsae
3072 1290 3440 1357 tantummodo
3463 1300 3587 1357 quas

2011 1387 2136 1441 ferri
2183 1393 2407 1455 possunt
2458 1383 2778 1440 illustratum
2823 1379 2935 1452 iam
2979 1397 3009 1434 a
3054 1382 3162 1436 Deo
3193 1379 3426 1437 animam
3471 1388 3591 1434 tan-

2007 1489 2134 1547 gant
2155 1519 2172 1544 ,
2201 1488 2260 1534 ut
2286 1493 2407 1533 cum
2436 1486 2609 1532 tactus
2636 1475 2719 1531 sui
2748 1474 2944 1530 ardore
2974 1488 3072 1528 nos
3101 1473 3372 1535 cruciant,
3405 1469 3585 1538 perfe-

2006 1571 2202 1628 ctionis
2250 1568 2499 1625 incendio
2526 1582 2633 1622 nou
2676 1575 2945 1632 exurant;
2992 1564 3160 1627 Paulo
3188 1570 3476 1618 attestante
3499 1559 3590 1629 qui

2006 1666 2118 1717 ait:
2145 1660 2346 1716 Fidelis
2392 1671 2563 1714 autem
2603 1657 2761 1724 Deus,
2794 1659 2887 1728 qui
2935 1674 3039 1713 non
3083 1657 3307 1723 patietur
3352 1672 3439 1709 vos
3469 1663 3593 1707 ten-

2008 1757 2112 1809 tari
2138 1753 2159 1794 ί
2191 1771 2352 1819 supra
2402 1753 2456 1806 id
2485 1751 2623 1821 quod
2668 1750 2897 1819 potestis,
2944 1748 3033 1802 sed
3071 1748 3221 1819 faciet
3268 1732 3385 1811 cum
3423 1753 3591 1800 tenta-

314 1864 478 1919 quam
504 1849 672 1901 vocati
700 1855 845 1911 sunt,
874 1854 1061 1913 contra
1092 1844 1311 1916 Moysen
1341 1842 1370 1882 ιι
1399 1852 1454 1897 et
1501 1843 1679 1897 Aaron
1709 1844 1777 1897 de
1803 1848 1905 1921 ex-_'
1929 1838 1980 1907 Β
2006 1848 2143 1901 tione
2163 1855 2187 1893 8
2223 1846 2374 1899 etiam
2414 1844 2634 1907 exitum,
2664 1851 2720 1894 ut
2765 1841 2969 1911 possitis
2997 1836 3352 1909 sustinereﬂl
3384 1835 3503 1892 Cor.
3533 1851 3590 1903 ι,

317 1946 588 1994 crescente
616 1937 804 1991 labore
835 1942 1258 2005 conqueruntur,
1278 1933 1520 1988 dicentes
1548 1950 1560 1986 :
1585 1932 1769 1987 Videat
1800 1932 1903 1986 Do-

314 2028 483 2082 minus
500 2037 547 2081 et
559 2027 777 2098 judicet,
791 2028 1032 2091 quoniam
1051 2026 1211 2095 fetere
1222 2025 1418 2094 fecistis
1445 2025 1655 2078 odorem
1673 2038 1904 2078 nostrum

310 2136 487 2174 coram
532 2118 807 2173 Pharaone
852 2127 897 2172 et
944 2120 1099 2173 servis
1145 2119 1257 2188 ejus
1277 2157 1293 2182 ,
1320 2130 1367 2171 et
1396 2118 1687 2186 prtebuistis
1716 2120 1762 2170 ei
1790 2120 1904 2188 gla-

302 2214 471 2278 dium,
504 2221 562 2264 ut
607 2211 915 2280 interﬁceret
961 2228 1057 2264 nos
1106 2209 1304 2278 (Exod.
1340 2225 1395 2273 v,
1424 2210 1541 2278 Ἦ).
1588 2208 1904 2264 Volentibus

300 2303 506 2372 quippe
525 2318 590 2359 ex
611 2303 844 2373 Egypto
871 2302 1171 2367 discedere,
1192 2302 1399 2355 Pharao
1422 2300 1599 2369 paleas
1622 2300 1902 2355 subtraxe-

300 2407 413 2459 rat,
445 2406 500 2449 et
532 2403 714 2451 tamen
742 2393 986 2465 ejusdem
1020 2408 1287 2449 mensura:
1322 2402 1347 2431 ο
1380 2408 1545 2460 opera
1571 2393 1897 2461 requirebat.

300 2489 472 2556 Quasi
500 2502 629 2558 ergo
656 2500 844 2542 contra
898 2487 1075 2557 legem
1125 2501 1276 2541 mens
1323 2487 1749 2553 submurmurat,
1781 2497 1903 2556 post

304 2578 465 2646 cujus
520 2577 876 2647 cognitionem
938 2576 1293 2631 tentationum
1359 2576 1610 2631 stimulos
1664 2568 1901 2633 acrioles

306 2677 491 2736 portat
510 2677 607 2732 ;-et
632 2683 752 2722 cum
780 2666 883 2722 sibi
910 2666 1125 2721 labores
1154 2681 1404 2728 crescere
1427 2668 1714 2735 conspicit,
1753 2670 1803 2721 in
1833 2684 1900 2725 eo

192 2740 203 2745 ’
300 2758 455 2829 quod
485 2758 794 2813 adversario
828 2758 1099 2828 displicet,
1129 2758 1279 2827 quasi
1330 2758 1500 2813 fetere
1544 2773 1605 2813 se
1644 2759 1699 2813 in
1729 2761 1901 2816 oculis

308 2850 609 2905 Pharaonis
653 2849 822 2905 dolet.
854 2849 983 2904 Post
1030 2851 1203 2904 lucem
1249 2864 1380 2918 ergo
1429 2859 1592 2903 aestus
1635 2850 1901 2920 sequitur,

304 2944 441 3012 quia
486 2952 607 3007 post
635 2934 1079 2997 illuminaiionem
1109 2940 1281 2995 divini
1311 2941 1550 2997 muneris
1594 2942 1901 2997 tentationis

300 3046 587 3091 certamen
612 3047 855 3105 augetur.
878 3024 884 3043 ³

377 3125 474 3181 45.
518 3124 624 3180 Pro
654 3126 807 3180 unius
832 3129 1083 3198 cujusque
1101 3127 1275 3181 indole
1299 3128 1460 3182 hostis
1488 3127 1556 3181 ad
1583 3130 1775 3182 malum
1797 3145 1892 3183 nos

2011 1939 2121 2009 15).
2155 1939 2306 1993 llunc
2344 1952 2471 2007 ergo
2517 1942 2709 1990 aestum
2753 1932 2906 1987 aliter
2929 1932 3118 1985 dividit
3163 1931 3389 1985 callidus
3414 1929 3441 1965 ιι
3464 1943 3588 1997 sup-

2008 2032 2298 2102 plantator,
2341 2029 2499 2082 aliter
2526 2025 2833 2080 misericors
2878 2023 3143 2079 conditor.
3177 2021 3270 2075 llle
3316 2019 3504 2074 dividit
3534 2028 3593 2071 ut

2007 2138 2105 2194 per
2132 2122 2285 2176 illum
2317 2120 2476 2175 citius
2518 2117 2813 2179 interimat,
2859 2115 2963 2181 iste
3007 2123 3064 2167 ut
3091 2127 3215 2167 eum
3258 2109 3590 2165 tolerabilem

2010 2214 2221 2271 reddat.
2267 2214 2334 2267 Et
2357 2214 2481 2282 quia
2510 2226 2631 2268 cum
2662 2211 2967 2267 .tentatione
3001 2208 3305 2277 fatigamur,
3359 2219 3465 2263 non
3503 2217 3592 2257 so-

2006 2306 2116 2361 lum
2141 2307 2353 2361 interno
2382 2305 2471 2359 Dei
2505 2303 2697 2372 spiritu
2728 2301 3065 2363 instruimur,
3108 2299 3205 2354 sed
3246 2298 3409 2354 etiam
3444 2303 3596 2350 exte—
3626 2290 3635 2299 ’

2007 2398 2242 2453 rioribus
2271 2395 2675 2465 pradicantium
2705 2393 2882 2449 verbis
2925 2391 3262 2459 adjuvantur,
3295 2396 3442 2444 recte
3473 2394 3594 2455 post

2005 2488 2234 2543 divisum
2262 2498 2449 2543 aestum
2478 2487 2724 2541 subditur
2744 2504 2761 2539 :

2202 2578 2429 2636 CAPUT
2472 2577 2654 2634 χχιιι.
2697 2574 2995 2648 [γειχγ.
3027 2574 3151 2628 ιιεε.
3182 2570 3381 2642 XIII].

2080 2671 2244 2725 Vens.
2273 2668 2362 2723 25.
2392 2699 2460 2709 —
2481 2670 2648 2740 938
2672 2668 2805 2735 Quis
2847 2668 2990 2722 dedit
3030 2666 3475 2735 vehementissimo
3499 2663 3599 2716 im-

2007 2763 2084 2815 bri
2110 2761 2355 2815 cursum?
2628 2780 2637 2791 σ

2076 2853 2165 2908 47.
2225 2854 2495 2910 Crescente
2536 2856 2903 2929 persecutione,
2948 2854 3103 2907 crevit
3145 2853 3497 2919 apostolorum
3536 2860 3585 2903 et
3628 2882 3633 2899 ι

2003 2956 2300 3000 sanctorum
2345 2946 2743 3014 praedicatorum
2772 2945 2949 2998 ardor.
2986 2942 3323 3011 Prwdicatio,
3368 2954 3596 2997 cessante

2003 3040 2195 3108 gratia,
2229 3039 2297 3090 ad
2337 3054 2426 3091 cor
2465 3054 2569 3092 non
2625 3037 3003 3093 transit.—~Si
3030 3040 3202 3099 .v'ero,
3252 3046 3311 3089 ut
3348 3035 3599 3104 superius

2002 3129 2238 3185 diximus
2263 3130 2454 3201 (Num.
2484 3129 2602 3197 lli),
2628 3130 2785 3185 divisi
2827 3139 2990 3186 aestus
3038 3131 3257 3186 nomine
3284 3130 3368 3184 illa
3414 3128 3469 3184 in
3493 3129 3594 3184 Ju-

306 3215 853 3275 sollicitat.—Recte
897 3231 1026 3272 vero
1055 3219 1218 3273 etiam
1260 3218 1429 3272 dividi
1468 3229 1634 3273 aestus
1679 3219 1895 3285 dicitur,
1926 3218 1976 3286 Ε
2002 3229 2145 3280 utea:
2191 3224 2503 3295 regionibus
2556 3227 2860 3294 persecutio
2905 3226 3248 3294 designatur,
3303 3226 3427 3295 quia
3477 3220 3594 3294 ipsa

308 3307 436 3370 auia
468 3307 719 3362 nimirum
769 3322 875 3361 non
926 3306 1118 3376 singuli
1143 3309 1417 3373 omnibus,
1451 3308 1545 3363 sed
1581 3308 1901 3378 quibusdam

311 3396 503 3452 vicinis
528 3412 593 3453 ac
614 3398 761 3466 juxta
788 3398 976 3467 positis
1020 3398 1166 3455 vitiis
1198 3398 1511 3467 fatigantur.
1544 3400 1699 3455 Prius
1750 3402 1899 3457 enim

308 3489 752 3558 conspersionem
800 3487 1220 3558 uniuscujusque
1260 3488 1514 3559 antiquus
1560 3490 1901 3547 adversarius

306 3581 569 3650 perspicit
599 3622 612 3641 .
646 3590 702 3635 et
726 3590 857 3637 tunc
888 3582 1201 3637 tentationis
1228 3582 1451 3651 laqueos
1479 3584 1718 3654 apponit.
1751 3586 1903 3643 Alius

308 3687 548 3742 namque
599 3673 761 3740 latis,
806 3672 945 3727 alius
989 3672 1255 3738 tristibus,
1304 3675 1441 3729 alius
1490 3675 1713 3742 timidis,
1764 3676 1903 3732 alius

304 3766 468 3821 elatis
497 3765 737 3831 moribus
779 3765 985 3819 existit.
1036 3765 1156 3831 Quo
1183 3754 1315 3836 ergo
1355 3766 1601 3829 occultus
1643 3768 1903 3825 adversa-

304 3860 422 3914 rius
467 3858 624 3913 facile
667 3858 867 3927 capiat,
920 3856 1178 3912 vicinasd
1229 3858 1706 3927 conspersionibus
1744 3856 1905 3916 dece-

307 3953 523 4020 ptiones
571 3962 743 4018 parat.
787 3949 923 4017 Quia
972 3948 1172 4004 etenim
1219 3949 1420 4004 laetitia
1447 3951 1706 4018 ;voluptas
1747 3950 1904 4020 juxta

308 4052 420 4112 est,
451 4042 588 4097 laztis
619 4042 858 4096 moribus
890 4041 1154 4105 luxuriam
1183 4040 1452 4110 preponit.
1490 4041 1560 4096 Et
1586 4042 1711 4113 quia
1737 4043 1903 4107 tristi-

321 4138 396 4203 tia
443 4137 498 4197 in
544 4137 679 4191 iram
708 4135 862 4190 facile
890 4136 1105 4208 labitur,
1139 4136 1378 4195 tristibus
1408 4137 1656 4203 poculum
1694 4138 1902 4195 discor-

312 4226 425 4281 dia:
458 4227 698 4297 porrigit.
728 4225 862 4293 Quia
885 4224 1058 4279 timidi
1083 4224 1341 4293 supplicia
1368 4224 1675 4291 formidant,
1706 4242 1902 4294 paven-

306 4320 455 4375 tibus
480 4329 719 4375 terrores
761 4319 1009 4373 intentat.
1044 4319 1108 4371 Et
1136 4318 1261 4387 quia
1306 4318 1479 4372 elatos
1508 4319 1693 4373 extolli
1732 4320 1901 4374 laudi-

306 4414 414 4470 bus
455 4412 741 4481 conSpicit,
773 4424 868 4465 eos
897 4410 973 4464 ad
1001 4410 1492 4478 quasquemoluerit
1515 4411 1723 4467 blandis
1751 4411 1901 4466 favo-

306 4506 461 4560 ribus
493 4504 679 4558 trahit.
719 4502 957 4574 Singulis
981 4501 1142 4570 igitur
1183 4500 1489 4559 hominibus
1527 4502 1673 4556 vitiis
1702 4518 1901 4561 conve-

2010 3319 2403 3388 persecutionis
2425 3318 2687 3386 asperitas
2712 3318 3092 3387 prtedicatores
3117 3325 3331 3375 sanctos
3359 3331 3594 3387 superno

1984 3424 2234 3465 .munere
2262 3394 2485 3478 adjutus
2507 3424 2536 3462 a
2567 3409 2969 3479 praedicationis
2992 3424 3104 3464 suae
3130 3408 3430 3473 ministerio
3445 3408 3597 3462 nullo

2008 3502 2200 3555 timore
2226 3502 2584 3571 compescuit,
2635 3511 2759 3569 apte
2788 3500 3100 3572 subiungit:
3130 3500 3257 3568 Quis
3286 3500 3428 3554 dedit
3450 3500 3598 3554 vehe-

1996 3576 2317 3647 mentissimo
2369 3593 2522 3646 imbri
2561 3593 2805 3647 cursum?
2834 3596 2911 3647 Ac
2956 3594 3001 3646 si
3047 3592 3250 3647 diceret
3282 3591 3427 3647 :nisi
3471 3603 3594 3659 ego.

2009 3685 2194 3740 Diviso
2234 3687 2381 3741 enim
2431 3694 2588 3751 testu,
2639 3700 2860 3741 cursum
2900 3684 3376 3745 vehementissimo
3434 3682 3598 3737 imbri
3698 3734 3709 3755 κ

2013 3776 2229 3831 dedisse
2250 3785 2333 3831 est
2358 3776 2497 3831 inter
2524 3777 2668 3846 ipsas
2694 3777 3083 3846 persecutionis
3101 3775 3375 3847 angustias
3398 3775 3593 3844 praedi-

2006 3867 2230 3924 cationis
2255 3869 2516 3938 impetum
2556 3868 2862 3935 roborasse,
2897 3868 2913 3907 ί
2959 3878 3020 3924 ιιι
3045 3878 3195 3923 tanto
3225 3868 3395 3937 magis
3424 3868 3596 3922 virtus

2011 3960 2411 4027 prtedicantium
2466 3971 2758 4033 cresceret,
2807 3971 3008 4030 quanto
3064 3962 3234 4031 magis
3286 3975 3603 4030 persequen-

2010 4051 2143 4105 tium
2170 4051 2465 4106 crudelitas
2493 4052 3047 4122 obviaret,.quateuus
3077 4052 3286 4119 arentia
3316 4052 3481 4117 corda
3504 4066 3599 4105 au-

2005 4143 2267 4199 dientium
2322 4143 2516 4209 pluvia:
2562 4144 2728 4212 guttis
2782 4144 3142 4206 infunderent,
3195 4152 3252 4199 et
3300 4146 3598 4215 siccitatem

2006 4232 2248 4301 perﬁdiae
2297 4233 2520 4293 uberius
2550 4234 2858 4303 irrigarent,
2904 4244 2964 4289 ut
2990 4235 3234 4304 quamvis
3276 4245 3462 4290 contra
3505 4250 3601 4289 eos

2004 4324 2228 4385 saevitia:
2258 4333 2420 4378 aestus
2450 4325 2818 4393 candesceret,
2872 4340 2969 4391 per
3004 4340 3099 4382 eos
3127 4335 3303 4399 tamen
3335 4341 3437 4399 vox
3469 4341 3597 4397 gra-

2006 4415 2094 4468 tiae
2122 4429 2227 4495 non
2255 4424 2480 4470 taceret.
2511 4416 2662 4489 llunc
2693 4415 3083 4483 persecutionis
3108 4425 3295 4470 aestum
3326 4416 3525 4472 Paulus
3544 4424 3601 4471 et

2006 4506 2266 4561 tolerabat
2293 4515 2350 4561 et
2394 4507 2672 4575 irrigabat,
2698 4520 2821 4561 cum
2844 4505 3087 4562 diceret:
3112 4506 3314 4561 Laboro
3352 4523 3508 4575 usque
3531 4506 3600 4560 ad
3642 4574 3647 4577 1

308 4595 585 4653 aientibus
608 4594 911 4650 insidiatur.
937 4590 1120 4661 Neque
1143 4591 1289 4647 enim
1318 4590 1475 4647 facile
1503 4592 1822 4661 captivaret,
1845 4595 1895 4665 si
1920 4598 1977 4661 Ι)
2001 4598 2226 4663 vincula,
2269 4600 2420 4668 quasi
2448 4597 2581 4651 male
2606 4613 2849 4667 operans,
2891 4599 2982 4653 sed
3010 4599 3214 4652 verbum
3260 4598 3359 4653 Dei
3388 4615 3492 4657 non
3519 4607 3598 4653 est

305 4699 401 4743 aut
424 4688 718 4743 luxuriosis
744 4684 988 4754 praemia,
1017 4691 1110 4738 aut
1139 4683 1317 4739 avaris
1346 4691 1525 4739 scorta
1551 4696 1897 4755 proponeret,

308 4780 358 4834 si
386 4791 479 4832 aut
509 4792 731 4843 voraces
758 4777 829 4831 de
853 4774 1196 4841 abstinentiae
1217 4774 1411 4844 gloria,
1443 4784 1537 4829 aut
1565 4775 1899 4853 abstinentes

311 4872 379 4927 de
410 4871 546 4941 gulae
570 4870 935 4923 imbecillitate
965 4866 1225 4937 pulsaret,
1258 4867 1305 4922 si
1351 4870 1507 4921 mites
1538 4882 1633 4936 per
1661 4870 1896 4925 studium

308 4963 621 5023 certaminis
648 4969 743 5023 aut
773 4961 1055 5027 iracundos
1082 4975 1279 5030 capere
1306 4970 1331 4999 °
1356 4975 1453 5029 per
1500 4975 1752 5029 pavorem
1783 4961 1898 5018 for-

306 5056 525 5113 midinis
566 5061 877 5122 quaereret.‘
913 5053 1049 5121 Quia
1098 5068 1226 5123 ergo
1274 5054 1329 5107 in
1362 5054 1671 5109 tentationis
1699 5057 1894 5112 ardore

194 5190 205 5201 ,
306 5147 501 5203 callide
525 5144 750 5215 singulis
774 5142 1037 5199 insidians
1059 5144 1264 5199 vicinos
1287 5145 1529 5200 moribus
1556 5130 1780 5216 laqueos
1798 5148 1895 5209 ab-

380 5273 406 5301 σι
437 5263 689 5328 Vindoc.,
722 5262 892 5317 Laud.
925 5270 979 5316 et
998 5260 1161 5316 Corb.
1190 5262 1399 5327 Germ.,
1425 5264 1517 5318 sed
1542 5264 1704 5319 nescis
1734 5265 1896 5322 unde.

308 5335 384 5389 Ita
408 5336 572 5390 etiam
595 5335 790 5389 Pratet.
818 5348 882 5388 ac
906 5332 1042 5388 Utic.

306 5476 348 5531 Ρ
376 5404 609 5528 “‘DIeestt
621 5414 668 5459 et
696 5407 871 5459 Aaron
897 5405 951 5458 in
983 5401 1148 5458 Corb.
1175 5401 1382 5468 Germ.,
1411 5402 1664 5471 Vindoc.,
1698 5405 1897 5477 Laud.,

355 5492 410 5530 ra
439 5490 468 5528 e
494 5512 534 5531 ..
558 5491 589 5530 e
615 5492 669 5531 c.

355 5486 534 5539 ratel.,
558 5486 669 5534 etc.

385 5556 407 5615 ς
438 5545 652 5599 Ebroie.
682 5546 881 5610 aliique
913 5543 1101 5599 Norm.
1134 5557 1195 5615 ac
1222 5542 1472 5610 Vindnc.,
1506 5546 1688 5599 lateres
1717 5563 1823 5615 req.

382 5614 406 5653 δ
439 5617 689 5671 intelligit
718 5616 960 5686 corporis
985 5625 1041 5670 et
1066 5613 1260 5670 animat
1291 5615 1470 5671 varios
1501 5615 1738 5671 habitus.
1766 5613 1899 5677 Vide

309 5688 407 5751 lib.
438 5702 496 5759 ιιι
533 5687 764 5759 Dialog.,
796 5702 846 5753 c_.
878 5688 933 5741 6.
1006 5757 1015 5759 Α
1064 5723 1073 5733 ι

386 5768 409 5796 ο
435 5758 489 5810 ιιι
524 5758 665 5811 Edit.
692 5756 852 5812 llasil.
888 5757 1044 5818 15M.
1068 5757 1240 5812 Paris.
1273 5756 1433 5825 1518,
1469 5756 1656 5825 Gilol.,
1685 5759 1881 5828 Velim,

310 5829 605 5899 Gussanv.,
638 5845 728 5900 per
756 5832 983 5902 favorem
1013 5830 1338 5901 formidinis;
1372 5830 1654 5887 manifesto
1686 5828 1895 5901 errore,

2000 4689 2274 4757 alligatum
2319 4686 2411 4757 (II
2441 4687 2577 4741 Tim.
2613 4703 2675 4752 ιι,
2720 4688 2801 4758 9).
2849 4688 2924 4753 De
2967 4688 3071 4745 hoc
3097 4689 3267 4745 imbre
3297 4689 3437 4744 alias
3462 4689 3596 4744 dici-

2002 4790 2125 4833 tur:
2153 4778 2413 4834 Mandabo
2453 4781 2671 4834 nubibus
2714 4796 2779 4834 ne
2806 4781 2986 4849 pluunt
3027 4796 3185 4850 super
3228 4797 3346 4835 eam
3387 4780 3601 4835 imbrem

2001 4870 2158 4945 (Isai.
2187 4888 2242 4938 v,
2273 4870 2353 4942 6).
2387 4873 2466 4927 De
2496 4874 2600 4928 hoc
2652 4888 2812 4928 cursu
2854 4873 3043 4937 imbris
3071 4874 3163 4944 qui
3210 4873 3267 4929 in
3295 4873 3597 4929 electorum

2005 4962 2259 5018 cordibus
2288 4964 2463 5033 agitur
2487 4963 2777 5019 Psalmista
2795 4971 3058 5030 testatur,
3080 4965 3305 5021 dicens:
3337 4964 3595 5027 Velociter

2004 5057 2164 5111 currit
2184 5071 2351 5110 sermo
2387 5058 2501 5128 ejus
2530 5054 2709 5123 (Psal.
2737 5071 2937 5121 chvlt,
2968 5055 3082 5127 15).
3114 5057 3438 5126 Plerumque
3467 5070 3598 5111 vero

2006 5149 2181 5205 imber
2200 5157 2305 5214 est,
2334 5156 2391 5203 et
2417 5163 2632 5203 cursum
2676 5156 2784 5202 non
2821 5149 3005 5215 habet,
3033 5149 3157 5218 quia
3185 5146 3497 5217 praedicatio
3530 5146 3597 5200 ad

2007 5258 2497 5335 quem’curavimus
2519 5267 2811 5325 emendare
2830 5281 2935 5334 ope
2954 5267 3085 5333 Mss,
3112 5265 3351 5336 Anglic,"
3377 5265 3590 5332 Νοιτηιη

2004 5326 2169 5392 Corb.
2203 5338 2364 5403 Germ
2394 5377 2410 5401 ,
2454 5337 2723 5397 Laudun..
2772 5326 2907 5403 ρειαί,
2960 5347 3015 5391 et
3202 5326 3370 5393 'Edit.
3417 5326 3592 5393 Paris.

2009 5407 2149 5463 itas
2170 5416 2223 5460 et
2251 5394 2412 5469 itas;
2443 5424 2505 5462 ac
2536 5394 2890 5463 Basil.’ttsos.

2080 5475 2103 5517 ἲ
2128 5477 2371 5535 Laudun.
2399 5489 2451 5532 et
2480 5479 2640 5533 Corb.
2676 5479 2885 5542 Germ.,
2917 5494 3259 5548 supraquapn
3290 5480 3519 5548 potestis.

2082 5558 2107 5596 ις
2138 5548 2385 5612 Vindoc.,
2420 5549 2619 5621 Pr_atel.
2651 5549 2805 5621 ethal.
2837 5548 3045 5612 Norm.,
3074 5550 3230 5602 etiam
3264 5561 3589 5621 proventum,

2004 5621 2085 5675 vel
2116 5630 2426 5689 provectum.
2457 5617 2664 5681 Cra-ce,
2697 5617 2926 5673 ἔκϐασιν.

2077 5688 2101 5727 ὶί
2130 5690 2397 5742 l.audttn..
2429 5697 2663 5742 tentatur.

2154 5705 2397 5751 .auuun.,
2429 5705 2663 5743 tentatur.

2086 5760 2100 5797 ί
2130 5759 2401 5820 Laudun..
2432 5771 2486 5833 ut
2510 5770 2703 5833 quanto
2730 5762 2898 5829 magis
2933 5761 3087 5819 virtus
3114 5765 3280 5833 prad.
3312 5776 3583 5831 cresceret,

2008 5842 2244 5887 tanto....
2273 5831 2556 5886 crudelitas
2591 5830 2837 5886 obviaret.
