4036 6348
552 318 653 373 593

1770 308 2017 367 SANCTI
2060 303 2387 395 GBEQOBII
2424 302 2643 362 MAGNI

3682 308 3762 365 504

548 442 707 483 aures
737 427 902 494 venit,
944 427 1064 495 sed,
1095 436 1340 485 cessante
1378 427 1589 483 interna
1636 426 1830 497 gratia,
1875 425 1942 480 ad
1973 425 2130 480 corda
2162 433 2207 491 Α
2234 435 2464 490 superna
2498 420 2750 491 mysteria
2777 419 3087 477 terribiliter
3110 430 3133 460 ε
3165 421 3456 490 iusonaret,
3487 438 3542 479 se
3569 438 3595 479 a
3618 441 3669 483 se
3689 430 3764 486 hs-

550 518 881 573 audientium
917 534 1023 573 non
1064 519 1372 587 pertransit.
1408 518 1481 573 De
1531 517 1686 585 cujus
1737 516 2133 588 praedicatimiis

549 608 728 664 verbis
772 620 991 680 propter
1039 611 1238 666 electos
1281 610 1477 666 dicitur
1504 628 1517 664 :
1545 609 1747 663 Etenim
1790 612 1990 681 sagittae
2034 617 2135 661 tua:

552 705 951 773 pertransierunt
980 700 1153 771 (Psal.
1192 718 1373 767 Luvt,
1407 703 1519 768 19).
1567 701 1786 770 Sagitta:
1807 701 2005 770 quippe
2042 699 2135 754 Dei

554 802 933 864 pertranscunt
955 794 1169 864 quando
1198 795 1359 848 verba
1386 792 1783 863 praedicationis
1803 792 1917 859 ejus
1939 791 2006 844 ab
2035 804 2133 843 au-

550 886 704 944 ribus
748 886 814 940 ad
854 886 1018 940 corda
1065 884 1419 947 descendunt.
1468 883 1619 950 Quod
1644 884 1764 951 quia
1803 882 1918 935 solo
1952 881 2136 936 divino

552 992 778 1033 munere
816 978 1009 1047 agitur,
1054 975 1212 1031 imbri
1257 991 1477 1031 cursum
1535 976 1793 1031 Dominus
1836 989 1897 1031 se
1923 974 2137 1031 dedisse

552 1078 743 1126 teatatu
752 1085 796 1123 r.

621 1184 713 1239 48.
764 1181 914 1237 Verbi
942 1182 1102 1236 diuini
1128 1182 1349 1253 efﬁcacia
1376 1180 1732 1253 persuadentis
1758 1162 1933 1233 omnia
1973 1179 2138 1234 relin-

550 1291 724 1345 quere,
756 1275 929 1329 omnia
960 1274 1202 1328 tolerare.
1228 1302 1299 1315 —
1326 1274 1434 1328 Sed
1482 1273 1776 1327 notandum
1809 1271 1968 1327 video
1994 1272 2136 1341 quod

550 1369 799 1423 eumdem
832 1368 1056 1421 imbrem
1084 1383 1189 1421 non
1221 1366 1618 1430 vehementem,
1650 1365 1742 1420 sed
1772 1366 2135 1421 vehementis-

550 1462 743 1518 simum
776 1471 945 1515 vocat.
982 1461 1155 1515 Imber
1181 1462 1476 1515 vehemens
1502 1469 1585 1515 est
1613 1461 1695 1513 vis
1723 1474 1933 1529 magna,
1967 1460 2137 1516 imber

551 1570 681 1611 vero
730 1554 1231 1610 vehementissimus
1270 1554 1350 1607 vis
1390 1555 1659 1608 immensa
1716 1552 2132 1621 praedicationis.

556 1649 862 1704 Vehemens
915 1662 1147 1717 namque
1196 1640 1368 1713 imber
1417 1656 1534 1701 erat
1584 1661 1704 1699 cum
1750 1645 2135 1715 przedicatorcs

552 1740 729 1795 sancti
755 1748 779 1776 ι
816 1738 1039 1794 credere
1060 1737 1248 1807 gaudia
1275 1745 1472 1791 τίσιες-ηε
1496 1737 1814 1791 suadebant.
1842 1737 2015 1791 Imber
2040 1753 2135 1792 au-

2240 514 2369 569 bete
2400 528 2506 567 non
2548 528 2704 580 posse
2756 515 3117 583 conspiciens,
3149 514 3435 583 discipulos
3469 517 3761 590 admonebat,

2236 607 2459 663 dicens:
2487 606 2703 661 Orontes
2729 609 2883 661 simul
2931 617 2976 660 et
3010 625 3104 677 pro
3134 609 3299 676 nobis,
3350 619 3404 661 ut
3445 607 3572 664 Deus
3606 618 3765 681 aperiat

2237 704 2381 756 nobis
2410 703 2594 755 ostium
2634 703 2792 771 verbi,
2820 704 2901 756 ad'
2935 704 3248 773 loquendum
3291 706 3577 774 mysterium
3613 704 3769 765 Christi

2241 794 2436 868 (Colos.
2468 811 2544 861 tv,
2578 797 2655 865 ὅ).
2688 796 2788 862 Qui
2816 810 2945 867 ergo
2977 796 3296 866 loquebatur
3321 797 3585 867 mysteria,
3628 801 3706 852 sed
3729 801 3770 856 in

2238 887 2408 942 corde
2440 888 2769 941 audientium
2795 888 2998 943 eisdem
3026 890 3297 960 mysteriis
3323 904 3351 941 ιι
3379 890 3591 942 Domino
3610 893 3770 958 aperiri

2238 983 2435 1037 ostium
2466 982 2801 1047 precabatur,
2847 982 3079 1038 habebat
3107 981 3324 1052 quidem
3363 982 3470 1051 jam
3502 983 3770 1050 tonitruum,

2238 1075 2331 1128 sed
2363 1074 2481 1129 dari
2511 1074 2561 1129 ei
2591 1076 2825 1143 desuper
2852 1075 3329 1143 viam‘quzerebat.
3365 1075 3511 1131 lianc
3551 1076 3673 1130 viam
3712 1094 3776 1133 ne-

2238 1180 2501 1236 quaquam
2530 1182 2588 1221 se
2617 1166 2851 1222 Joannes
2881 1168 3008 1221 dare
3039 1182 3196 1236 posse
3234 1178 3583 1237 cognoverat,
3609 1170 3688 1236 qui
3713 1171 3774 1223 di-

2238 1258 2390 1311 cebat
2412 1273 2427 1311 :
2454 1256 2576 1310 Non
2602 1274 2801 1311 necesse
2823 1258 3016 1311 [rubetis
3038 1269 3091 1311 ut
3121 1259 3310 1328 aliquis
3336 1267 3509 1314 doceat
3540 1276 3639 1324 vos,
3666 1257 3682 1298 ί
3707 1263 3775 1316 sed

2239 1348 2374 1402 sicut
2425 1350 2596 1402 unctio
2635 1350 2747 1419 ejus
2795 1351 2943 1404 docet
2986 1367 3071 1404 vos
3111 1352 3175 1405 de
3212 1352 3447 1405 omnibus
3479 1351 3529 1420 (l
3573 1349 3708 1406 Joan.
3731 1369 3775 1419 ll,

2239 1438 2360 1507 27).
2392 1438 2540 1494 llanc
2567 1443 2705 1493 viam
2736 1454 2950 1495 rursum
2975 1441 3170 1496 Paulus
3195 1446 3315 1511 quis
3342 1443 3495 1497 daret
3523 1442 3777 1511 intimabat,

2237 1531 2461 1611 dicens:
2496 1529 2676 1601 Neque
2719 1534 2806 1599 qui
2843 1533 3045 1604 plantat
3068 1544 3141 1587 est
3168 1535 3389 1604 aliquid,
3430 1551 3585 1603 neque
3616 1536 3691 1605 qui
3722 1537 3779 1588 ri-
3822 1570 3827 1575 ι

2237 1637 2346 1700 gat,
2378 1627 2468 1680 sed
2507 1628 2595 1694 qui
2639 1628 3006 1680 incrementum
3048 1628 3138 1681 dat
3190 1628 3330 1683 Dens
3368 1627 3422 1700 (1
3457 1628 3571 1682 Cor.
3625 1644 3692 1692 ut,
3718 1630 3782 1701 7).

2238 1720 2471 1785 Accepta
2499 1718 2656 1789 igitur
2682 1720 2764 1772 via
2796 1720 2924 1788 quid
2957 1721 3059 1774 iste
3103 1721 3275 1775 imber
3322 1736 3387 1776 ac
3418 1722 3667 1777 tonitruus
3689 1731 3783 1792 agat

552 1841 661 1888 tem
688 1830 1215 1896 vehementissimus,
1251 1831 1468 1901 quando
1500 1838 1719 1897 propter
1756 1844 1905 1896 spem
1953 1829 2137 1883 admo-

2243 1814 2540 1866 audiamus.
2573 1812 2866 1881 Sequitur:

554 1924 753 1979 nebant
795 1939 907 1979 rem
938 1923 1138 1989 deseri,
1168 1932 1360 1977 cuncta
1381 1921 1615 1975 visibilia
1648 1931 1866 1989 propter
1896 1921 2138 1975 invisibi-

548 2018 619 2072 lia
657 2018 947 2085 contemni,
970 2062 973 2067 μ
997 2024 1053 2071 et
1103 2024 1323 2092 propter
1366 2015 1547 2069 audita
1579 2015 1767 2081 gaudia
1799 2012 1825 2051 ι)
1854 2015 2138 2083 praesentis

549 2110 732 2165 szcculi
781 2125 966 2179 poenas
996 2110 1369 2176 cruciatusque
1419 2104 1658 2160 tolerari.
1696 2104 1799 2160 Sed
1851 2122 1994 2171 Clllll,
2034 2105 2139 2160 tlde

494 2254 517 2285 ,
551 2202 783 2273 cognita,
814 2202 1072 2258 saeviente
1097 2211 1229 2255 testu
1279 2198 1685 2265 persecutionis,
1722 2205 1799 2252 tot
1827 2197 1981 2252 electi
2018 2213 2138 2265 pos-

547 2308 698 2347 sessa
740 2294 1090 2362 reliquerunt,
1132 2301 1154 2328 ε
1188 2288 1416 2343 carnalis
1462 2287 1686 2341 allectus
1714 2287 1866 2341 ohliti
1910 2296 2057 2353 sunt,
2085 2297 2139 2342 et

550 2401 662 2454 prae
703 2385 897 2455 gaudio
947 2386 1165 2452 spiritus
1207 2384 1259 2437 in
1303 2381 1631 2436 cruciatibus
1670 2381 1907 2434 membra
1952 2396 2140 2450 posue-

548 2487 704 2542 runt,
734 2477 860 2545 quid
893 2476 1041 2530 aliud
1068 2476 1325 2530 Dominus
1349 2474 1499 2537 fecit,
1528 2473 1627 2527 nisi
1658 2474 1815 2527 eziam
1849 2472 2137 2527 vehemen-

550 2572 761 2624 tissimo
802 2570 957 2624 imbri
985 2584 1202 2623 cursum
1250 2567 1500 2637 prtnbuit,
1550 2565 1638 2634 qui
1670 2581 1838 2634 usque
1867 2565 1933 2619 ad
1982 2582 2138 2621 exse-

547 2663 754 2731 quenda
781 2675 992 2717 summa
1032 2668 1295 2730 praecepta
1342 2675 1438 2729 per
1465 2658 1626 2713 verba
1675 2658 1917 2725 corporis
1948 2657 2135 2712 invisi-

550 2757 674 2809 hilia
707 2756 884 2811 cordis
911 2754 1186 2825 irrigavit?
1217 2754 1314 2810 Ubi
1342 2764 1395 2809 et
1425 2762 1548 2821 apte
1576 2752 1957 2822 sultjungitur:

925 2888 1151 2946 CAPUT
1187 2886 1356 2943 xxw
1398 2887 1541 2961 [Vet.
1589 2885 1774 2958 XVI].
1988 2900 2039 2955 ,κ

620 3028 747 3083 lBtD.
771 3058 839 3068 —
869 3026 896 3064 ά
934 3012 1000 3080 Et
1029 3027 1163 3080 viam
1193 3027 1399 3081 sonanti
1429 3028 1660 3080 tonitrui.

615 3118 703 3174 49.
748 3118 995 3173 Tonitruo
1024 3120 1143 3171 hinc
1170 3119 1338 3171 simile
1367 3118 1578 3172 dicitur.
1614 3112 1773 3173 Solus
1809 3117 1946 3171 Deus
1974 3119 2132 3171 corda

2619 1903 2848 1959 CAPUT
2889 1892 3033 1959 rxv
3076 1904 3224 1979 [ηιε.
3258 1903 3446 1975 XIV].

2317 1995 2476 2051 Vens.
2508 1995 2598 2052 26.
2622 2024 2695 2040 --
2727 1995 2794 2050 (Jt
2834 1995 3035 2068 plueret
3080 2014 3235 2066 super
3283 2009 3473 2052 terram
3521 1997 3692 2069 absque
3718 1999 3784 2053 Ito-

2240 2089 2374 2141 ntine
2404 2090 2456 2141 in
2492 2090 2710 2154 deserto,
2745 2089 2831 2143 ubi
2862 2091 3037 2143 nullus
3067 2090 3361 2144 mortalium
3390 2102 3732 2145 commoratur.

2312 2181 2403 2236 50.
2447 2182 2713 2237 Centi‘litas
2742 2184 3000 2237 desertum
3036 2192 3133 2248 est,
3164 2184 3356 2239 caelesti
3388 2185 3555 2257 gratia
3584 2195 3784 2256 tanquam

2194 2310 2203 2323 .
2239 2273 2398 2327 imbre
2422 2275 2721 2329 irroratum.
2752 2303 2822 2315 —
2844 2273 3015 2344 Super
3041 2288 3241 2331 terram
3282 2276 3490 2349 absque
3532 2278 3722 2339 homine
3744 2279 3781 2332 in

2240 2370 2455 2427 deserto
2484 2373 2666 2453 pluere
2696 2383 2779 2429 est
2812 2363 3034 2429 verbum
3074 2376 3167 2430 Dei
3196 2378 3486 2445 gentilitati
3516 2379 3779 2449 praulicare.

2239 2463 2370 2530 Quae
2400 2464 2526 2519 dum
2559 2467 2767 2521 nullum
2797 2468 3002 2522 cultum
3028 2468 3330 2525 Divinitatis
3371 2473 3562 2536 tenuit,
3593 2472 3780 2526 nullam-

2238 2573 2343 2628 que
2385 2560 2540 2615 iu‘se
2592 2564 2827 2632 speciem
2888 2562 3011 2618 boni
3063 2567 3242 2632 operis
3280 2566 3542 2632 ostendit,
3580 2566 3784 2621 videlicet

2238 2650 2509 2705 desertum
2543 2653 2659 2707 iuit.
2693 2653 2748 2707 lu
2780 2667 2882 2722 qua
2913 2656 3034 2722 quia
3068 2654 3339 2725 legislator
3359 2672 3467 2710 non
3490 2657 3620 2724 .fuit,
3643 2665 3691 2712 et
3714 2656 3782 2724 qui

2239 2742 2627 2799 rationabiliter
2658 2744 2822 2798 Deum
2862 2757 3130 2815 quaereret
3180 2761 3282 2800 non
3318 2747 3436 2814 fuit,
3471 2752 3613 2817 quasi
3644 2748 3780 2801 homi-

2236 2849 2365 2889 num
2397 2835 2574 2891 nullus
2622 2837 2740 2904 fuit,
2771 2845 2824 2891 et
2864 2837 3010 2893 velut
3036 2839 3171 2893 solis
3201 2839 3392 2895 bestiis
3422 2852 3686 2911 occupata,
3715 2855 3786 2893 va-

2237 2942 2335 2983 cua
2366 2945 2396 2983 a
2428 2930 2741 3003 mortalibus
2766 2932 2990 2986 exstitit.
3016 2941 3043 2981 ι
3075 2934 3147 2986 De
3172 2932 3271 2991 hac
3292 2934 3494 2989 deserti
3524 2943 3659 2989 terra
3678 2933 3784 2987 alias

2238 3020 2431 3077 dicitur
2457 3040 2469 3078 :
2495 3022 2676 3079 Posuit
2716 3028 2770 3078 in
2816 3027 3011 3080 deserto
3037 3028 3171 3081 riam
3222 3026 3379 3097 (Isai.
3413 3043 3563 3093 xuu,
3593 3028 3693 3098 19).
3729 3027 3786 3081 De

2244 3109 2345 3167 hac
2392 3114 2772 3183 przedicatioue
2807 3117 3089 3185 gentilitati
3135 3133 3392 3172 concessa
3429 3118 3688 3173 Psalmista
3726 3126 3786 3173 te-

548 3227 639 3283 per
667 3212 889 3281 gratiam
917 3212 1101 3278 aperit.
1126 3208 1352 3276 —Quid
1382 3212 1523 3263 enim
1556 3224 1654 3279 per
1677 3209 1990 3273 tonitruum,
2027 3210 2127 3263 nisi
2160 3199 2210 3264 C
2241 3215 2433 3271 Statur,
2480 3207 2701 3262 dicens:
2734 3207 2911 3261 Posuit
2945 3211 3168 3279 ﬂumina
3205 3211 3259 3264 in
3309 3212 3516 3265 deserto
3548 3211 3657 3283 (Ps.
3699 3225 3783 3274 CV1.

542 3304 854 3377 praedicatio
892 3304 1108 3375 superni
1147 3304 1374 3358 terroris
1419 3302 1715 3371 accipitur?
1744 3304 1913 3369 Quem
1957 3302 2134 3354 terro-

542 3410 662 3452 rem
693 3397 821 3451 dum
850 3395 1149 3466 percipiunt
1183 3394 1411 3447 humana
1457 3392 1618 3446 corda
1650 3392 1987 3462 quatiuntur.
2020 3391 2135 3445 Ali-

548 3490 764 3562 quando
792 3502 919 3543 vero
949 3487 1000 3542 in
1032 3486 1267 3541 touitruo
1310 3487 1421 3554 ipse
1449 3485 1759 3539 incarnatus
1793 3484 2046 3537 Dominus
2080 3480 2136 3534 li-

543 3590 790 3653 guratur,
820 3578 912 3648 qui
937 3594 1001 3632 ex
1031 3579 1369 3647 antiquorum
1399 3585 1603 3645 patrum
1628 3574 1983 3629 conveniente
2013 3589 2136 3641 pro-

547 3674 727 3741 phetia
760 3670 829 3726 ad
866 3658 1111 3727 notitiam
1154 3678 1392 3723 nostram
1442 3667 1592 3737 quasi
1640 3682 1705 3721 ex
1738 3667 1958 3721 nubium
1999 3680 2134 3719 cou-

546 3767 797 3821 cursione
823 3764 1062 3834 prolatus
1092 3771 1195 3818 est.
1225 3762 1328 3829 Qui
1370 3762 1509 3816 inter
1538 3776 1638 3816 nos
1664 3760 1947 3817 visibilitcr
1974 3772 2138 3829 appa-

542 3875 692 3927 rens,
746 3875 809 3914 ea
856 3875 974 3929 qua:
1029 3872 1190 3926 super
1237 3872 1333 3910 nos
1382 3866 1535 3910 erant
1579 3855 1891 3910 terribiliter
1935 3856 2133 3908 sonuit.

542 3949 699 4007 Unde
725 3959 781 4005 et
805 3950 907 4018 ipsi
935 3950 1104 4004 sancti
1135 3947 1362 4016 apostoli
1408 3947 1475 4001 de
1517 3946 1635 4015 ejus
1665 3948 1836 4015 gratia
1866 3944 2137 4015 generati,

548 4032 873 4110 Doa‘nerges,
907 4039 959 4093 id
988 4049 1070 4095 est
1096 4038 1186 4092 ﬁlii
1215 4038 1433 4092 tonitrui
1464 4044 1589 4091 sunt
1620 4038 1796 4091 vocati
1827 4036 2023 4109 (Marc.
2054 4051 2133 4103 ιιι,

544 4135 659 4203 Π).
694 4132 997 4203 Aliquando
1036 4142 1243 4197 autem,
1293 4133 1432 4186 sicut
1478 4133 1679 4185 dictum
1731 4140 1833 4195 est,
1867 4131 2135 4185 tonitruus

544 4226 661 4293 ipsa
709 4226 826 4294 ejus
859 4224 1166 4293 praedicatio
1208 4222 1494 4290 accipitur,
1535 4222 1703 4294 939
1727 4237 1820 4289 per
1848 4237 2006 4290 quam
2049 4238 2140 4276 su-

545 4332 841 4390 pernorum
889 4315 1214 4387 judiciorum
1246 4324 1420 4369 terror
1448 4316 1687 4367 auditur;
1715 4314 1820 4369 Sed
1853 4316 1977 4382 quia
2025 4316 2139 4385 qui-

549 4413 681 4468 libet
729 4409 1053 4480 prtrdicator
1093 4407 1253 4463 verba
1298 4409 1427 4463 dare
1465 4407 1685 4461 auribus
1733 4416 1929 4476 potest,
1975 4407 2137 4461 corda

546 4519 680 4560 vero
709 4503 921 4573 aperire
956 4516 1060 4557 non
1093 4512 1267 4571 potem
1293 4517 1309 4566 ;
1336 4510 1392 4555 et
1434 4501 1543 4555 nisi
1579 4516 1672 4570 per
1703 4502 1965 4554 iuternam
2012 4516 2136 4569 gra-

2241 3297 2367 3367 55).
2398 3297 2539 3370 [νει.
2583 3299 2806 3373 ηιμ]
2853 3288 3153 3356 Notandum
3204 3317 3330 3357 \‘ero
3374 3315 3460 3359 est
3496 3303 3627 3374 quod
3675 3310 3786 3373 post-

2241 3405 2401 3459 quam
2434 3400 2597 3445 :i-stus
2629 3406 2790 3460 super
2822 3403 3016 3447 terram
3049 3394 3251 3448 divisus
3292 3404 3398 3460 est,
3429 3411 3634 3450 cursum
3663 3400 3788 3450 vehe-

2241 3483 2611 3537 mentiSsimus
2668 3485 2839 3538 lﬂlllt'l'
2882 3485 3106 3555 accepit,
3155 3495 3215 3539 ut
3265 3487 3317 3540 in
3350 3489 3566 3541 deserto
3599 3486 3784 3555 plueret,

2243 3576 2370 3646 quia
2405 3585 2688 3644 postquam
2718 3577 2770 3631 in
2808 3576 2989 3633 Judtna
3022 3578 3283 3649 asperitas
3328 3581 3699 3647 persecutionis
3730 3580 3789 3633 in-

2245 3671 2481 3735 horruit,
2518 3682 2576 3726 ut
2606 3687 2710 3725 non
2740 3674 2910 3727 solum
2957 3673 3115 3729 iidem
3172 3675 3398 3730 minime
3426 3680 3689 3744 reciperet,
3714 3671 3788 3728 sed

2244 3765 2405 3817 etiam
2466 3779 2588 3818 eam
2640 3764 2831 3833 gladiis
2880 3767 3238 3837 impugnaret,
3298 3768 3365 3821 ad
3412 3762 3588 3822 'lsrat-l
3634 3768 3789 3820 missus

2248 3859 2475 3928 qui~que
2518 3859 2835 3927 prmdicator
2887 3860 2952 3913 ad
3006 3862 3308 3933 evocandas
3358 3873 3547 3933 gentes
3592 3858 3785 3914 deﬂexit.

2246 3923 2401 4007 Unde
2429 3923 2597 4005 sancti
2651 3952 2873 4021 apostoli
2920 3952 3159 4007 llebrmis
3190 3923 3652 4024 persequentibus,
3687 3962 3790 4022 quas

2244 4044 2520 4110 deserunt,
2545 4046 2769 4101 dicunt:
2798 4045 2953 4099 Vobis
2994 4047 3252 4113 Oportebat
3295 4048 3521 4113 primum
3559 4045 3687 4110 loqui
3710 4058 3790 4095 rer-

2245 4137 2363 4191 bum
2412 4138 2505 4191 Dei
2523 4154 2541 4200 ;
2570 4136 2596 4175 ιι
2622 4139 2712 4193 sed
2742 4139 2863 4206 quia
2904 4138 3152 4208 repellitis
3183 4137 3335 4202 illud,
3388 4150 3435 4191 et
3463 4140 3697 4205 indignos,
3725 4149 3790 4197 vos

2245 4230 2486 4293 iudicatis
2540 4241 2746 4285 teter-nu:
2791 4231 2934 4294 vitm,
2985 4245 3097 4284 ecce
3128 4231 3492 4283 convertimur
3542 4228 3607 4281 ad
3650 4232 3789 4297 gentes

2246 4322 2386 4390 (Act.
2421 4338 2535 4387 xm,
2580 4322 2697 4391 4b).
2726 4322 2905 4376 Diviso
2937 4322 3097 4391 igitur
3124 4329 3282 4385 atsttt,
3313 4322 3524 4375 deserta
3549 4331 3600 4374 et
3624 4308 3797 4383 absque»

2247 4414 2464 4470 homine
2507 4426 2648 4469 terra
2695 4416 3037 4484 cumpluitur,
3081 4412 3203 4481 quia
3262 4412 3501 4481 dispersa
3544 4413 3591 4464 in
3627 4408 3789 4464 Judre

2246 4510 2558 4579 regionibus
2608 4512 2978 4579 persecutione
3031 4508 3288 4568 ﬁdelium,
3335 4506 3585 4561 derelicta
3623 4501 3786 4556 dudum

548 4598 678 4651 tiam
710 4596 857 4651 solus
884 4594 1223 4662 omnipotens
1254 4592 1395 4646 Deus
1424 4592 1826 4661 praedicandum
1859 4592 2035 4647 verbis
2067 4593 2132 4646 ad
2165 4591 2218 4652 D
2246 4610 2301 4657 et
2328 4602 2478 4671 quasi
2513 4600 2580 4655 ab
2627 4600 2892 4654 inlusione
2934 4598 3157 4652 rationis
3197 4598 3395 4663 aliena,
3438 4590 3788 4665 przedicationis

547 4690 715 4747 corda
745 4689 1072 4745 audientium
1124 4687 1458 4742 invisibiliter
1506 4687 1724 4741 aditum'
1758 4694 2005 4755 praestet,
2057 4688 2138 4740 in-

550 4796 761 4838 cassum
790 4780 1102 4848 ‘prredicatio
1146 4772 1274 4833 aure
1333 4779 1601 4833 audientis
1652 4780 1968 4847 percipitur,
2016 4797 2136 4846 quzn

550 4875 836 4944 pervenire
860 4872 939 4927 ad‘
960 4874 1145 4926 intima
1172 4871 1334 4927 corde
1380 4872 1545 4925 surdo
1575 4871 1912 4938 prohibetur,
1943 4886 2001 4925 se
2032 4870 2138 4924 Do-

550 4968 733 5023 minus
756 4965 897 5033 viam
938 4951 1150 5018 sonanti
1193 4964 1413 5018 tonitrui
1456 4964 1585 5017 dare
1631 4964 1844 5026 asserit,
1878 4964 1969 5031 qui
2016 4979 2139 5018 cum

551 5057 950 5130 praedicatidnis
969 5056 1130 5111 verba
1158 5056 1363 5121 tribuit,
1395 5071 1490 5123 per
1519 5049 1781 5109 terrerent
1809 5056 1972 5109 corda
1999 5070 2142 5110 com-

549 5152 759 5223 pungit.
788 5149 940 5205 Hanc
962 5150 1102 5202 viam
1145 5148 1341 5204 Paulus
1367 5148 1688 5217 praedicator
1712 5148 1979 5219 egregius,
2009 5148 2135 5203 dum

623 5277 650 5304 ι
679 5258 1127 5329 Vindoc.,.Norm
1157 5270 1214 5316 et
1241 5257 1405 5316 Corb.
1433 5259 1641 5327 Germ.,
1672 5262 1835 5315 credi.

602 5336 834 5393 tbCorb.
884 5331 1095 5399 (ἴθι-ω..
1124 5331 1372 5397 Vin‘doc.,
1412 5333 1636 5401 Pratel.,
1692 5343 1822 5401 etc.,
1871 5341 2143 5400 prmaentes

554 5424 851 5532 “triginta.
872 5462 1083 5543 Germ.,
1110 5474 1327 5531 Ebroic.
1356 5481 1413 5530 et
1442 5473 1533 5529 alii
1559 5472 1769 5538 Norm.,
1800 5473 2035 5529 carnales
2060 5476 2167 5545 αἶρ’

641 5560 690 5599 lit
726 5589 740 5602 .

557 5552 653 5655 md
685 5566 740 5672 1³η
770 5617 891 5672 aliis
921 5612 1110 5681 Editis,
1136 5627 1184 5671 et
1223 5618 1356 5670 viam
1396 5616 1660 5678 sonantis;
1683 5614 1958 5683 sequimur
2003 5615 2135 5672 Mss.

558 5691 770 5750 Narin"
801 5688 893 5742 ubi
944 5688 1159 5757 legitur,
1193 5690 1393 5743 sonanti
1413 5706 1445 5754 ;\
1463 5701 1514 5741 et
1546 5687 1762 5758 quidem
1806 5686 2159 5741 convenien-e

561 5768 666 5814 tius
709 5760 775 5814 ad
806 5760 895 5813 illa
928 5774 1047 5827 qua:
1071 5760 1380 5827 praecedunt
1406 5777 1421 5813 :
1445 5761 1556 5824 quis
1584 5758 1818 5813 dedit....
1848 5758 1999 5811 imbri
2021 5776 2142 5811 cur-

561 5848 695 5901 suns,
711 5841 757 5887 et
774 5832 910 5887 uiam
928 5830 1134 5884 sonanti
1156 5829 1386 5885 tonitrui.
1420 5830 1635 5886 Dativus
1664 5841 1749 5885 est
1778 5830 1886 5896 hic,
1910 5830 2140 5884 tonitrui.

2230 5294 2233 5301 -
2323 5275 2348 5303 ε
2375 5266 2612 5327 Ehrnic.,
2647 5276 2778 5332 etc.,
2809 5265 3083 5318 intonaret.

2239 4693 2403 4763 guttis
2456 4692 2724 4762 gentilitas
2752 4693 3023 4744 irroratur.
3048 4690 3175 4757 Qui:
3202 4689 3475 4758 gentilitas
3527 4686 3668 4756 quasi
3710 4681 3788 4736 ad-

2244 4788 2349 4840 huc
2394 4801 2422 4838 a
2473 4784 2914 4855 pricdicatoribus
2958 4785 3029 4837 sit
3086 4786 3302 4838 inventa
3348 4780 3660 4842 ostenditur,
3690 4788 3787 4830 cum

2245 4878 2493 4932 subditur
2519 4894 2533 4928 :
3020 4876 3035 4893 θ

2318 4967 2482 5021 Vens.
2509 4965 2696 5021 21—
2727 4965 2793 5021 Ut
2816 4966 3046 5037 impleret
3066 4966 3257 5021 inviam
3283 4974 3329 5020 et
3352 4963 3644 5018 desolatam.

2318 5059 2457 5125 Quid
2490 5073 2619 5112 vero
2641 5059 2927 5128 compluta.
2940 5057 3195 5127 reddidit,
3227 5042 3573 5121 monstratur,
3597 5065 3703 5108 cum
3729 5046 3789 5103 il-

2244 5151 2350 5208 lico
2379 5152 2684 5222 adjungitur
2711 5170 2724 5206 :
2812 5160 2819 5171 ’
3704 5154 3707 5157 ’

2325 5335 2446 5391 rlta
2472 5322 2696 5398 Pratel.,
2749 5322 2911 5398 ὑπ..
2960 5334 3186 5390 Vindnc.
3235 5343 3290 5387 et
3330 5332 3491 5388 Corh.
3536 5329 3707 5398 Germ.
3733 5322 3786 5376 Αι

2247 5408 2452 5463 Turon.
2491 5418 2546 5461 et
2577 5395 2769 5473 Laud,
2798 5409 2886 5468 sed
2902 5395 3046 5460 sicut
3068 5406 3336 5460 instructio
3358 5406 3490 5467 eius.
3519 5395 3782 5476 Lugendum

2245 5482 2401 5553 s_ic_ut,
2445 5480 2596 5548 juxta
2629 5466 2835 5533 textum
2883 5466 3165 5553 Grtecuni;
3195 5477 3349 5530 abest
3383 5466 3560 5528 tamen
3586 5466 3647 5523 ab
3686 5466 3780 5519 aliis

2248 5550 2444 5605 Editis.

2326 5631 2351 5669 κ
2377 5622 2604 5683 Pratel..
2636 5621 2700 5675 de
2729 5621 2823 5674 hac
2852 5620 3053 5675 deserta
3074 5628 3227 5675 terra.

2322 5691 2348 5729 ιι
2372 5671 3323 5759 meditatas:iiscausam,
3351 5700 3438 5748 sea
3456 5688 3590 5759 quis
3617 5671 3779 5753 repuli-

2247 5764 2383 5821 stis“
2396 5803 2434 5819 ..
2466 5773 2514 5819 et
2530 5764 2828 5839 judicastis.
