4036 6348
230 289 336 347 505

794 401 1020 460 CAPUT
1059 405 1256 462 XXVI.

293 498 421 556 Isto.
446 525 517 540 —-
541 494 609 553 Et
636 498 941 566 produceret
965 498 1148 553 herbas
1178 500 1415 554 virentes.

293 594 386 650 51.
431 589 590 644 Prius
615 592 749 643 invia
788 590 1090 658 prophetire,
1139 593 1303 660 patuit
1339 593 1540 663 gratia’.
1569 623 1640 635 —
1666 592 1811 648 Invia

221 703 451 755 namque
474 685 672 737 dudmn
701 685 969 752 gentilitas
995 685 1109 749 fuit,
1140 685 1205 739 ad
1229 702 1386 755 quam
1411 689 1499 740 via
1531 685 1624 740 Dei
1649 687 1813 741 verbo

222 799 327 838 non
357 779 542 850 patuit.
581 777 938 846 Redemptore
975 777 1170 845 quippe
1215 788 1399 831 nostro
1427 781 1702 846 veniente,
1735 781 1812 836 sic

222 868 428 933 accepit
453 866 787 919 vocationem
831 865 1034 934 gratiae,
1065 863 1231 935 9&0
1257 876 1312 919 ut
1343 880 1446 919 non
1486 867 1537 920 in
1569 881 1630 921 ea
1661 869 1811 936 prius

220 961 376 1013 fuerit
407 961 487 1010 via
520 957 835 1025 prophetize.
871 956 1119 1011 Desolata
1141 958 1300 1010 etiam
1329 967 1472 1011 recte
1495 969 1680 1012 vocata
1703 967 1806 1026 est,

218 1055 300 1109 vel
339 1055 547 1108 ratione
593 1053 842 1107 videlicet
870 1051 1104 1119 Consilii;
1148 1054 1228 1104 vel
1264 1051 1440 1106 fructu
1475 1051 1598 1106 boni
1631 1054 1810 1123 operis
1853 1046 1866 1062 ⁸

220 1151 499 1205 destituta.
556 1148 712 1203 Dedit
757 1163 886 1216 ergo
921 1147 1178 1215 Dominus
1210 1141 1688 1201 vehementissimo
1713 1149 1811 1200 im-

219 1242 300 1296 bri
329 1256 566 1305 cursum,
619 1251 676 1293 et
706 1239 846 1292 vium
886 1241 1096 1292 sonanti
1141 1238 1382 1302 tunitrui,
1427 1248 1482 1291 ut
1511 1239 1562 1292 in
1594 1239 1811 1292 deserto

218 1334 451 1406 plueret,
487 1341 540 1386 et
571 1331 811 1399 impleret
849 1329 1045 1383 inviam
1090 1337 1145 1383 et
1175 1329 1490 1393 desolatam,
1521 1339 1574 1383 et
1609 1331 1808 1397 produ-

220 1438 361 1482 ceret
386 1424 583 1479 herbas
616 1423 880 1487 virentes;
909 1421 959 1475 id
1000 1430 1107 1488 est,
1151 1422 1404 1476 exteriori
1439 1422 1810 1489 prmdicationi

217 1521 483 1576 intcrnam
523 1515 903 1587 aspirationem
954 1515 1198 1580 contulit,
1235 1526 1291 1568 ut
1321 1516 1483 1568 corda
1525 1515 1807 1584 gentilium

217 1613 421 1667 arentia
459 1609 814 1674 virescerent,
855 1609 1032 1662 clausa
1063 1617 1422 1676 patescerent,
1459 1607 1638 1662 inania
1665 1622 1811 1661 com-

220 1710 514 1779 plerentur,
541 1703 824 1758 infecunda
856 1702 1244 1772 germinarent.

972 287 1328 346 MORALIUM
1368 286 1498 344 LIB.
1540 288 1733 346 XXIX.
1771 316 1844 333 --
1880 289 1950 347 IN
1987 290 2217 348 CAPUT
2254 289 2521 350 Χλχνιιι
2561 293 2623 350 Β.
2657 293 2778 350 .IOB

3410 295 3513 353 506

1846 415 1898 474 ,Δ
1925 412 2026 468 bus
2070 413 2232 484 hujus
2265 414 2451 468 mundi
2481 414 2671 470 confisi
2700 421 2830 468 sunt
2866 411 3112 470 dicentes
3138 430 3150 467 :
3179 413 3372 486 Regem
3410 431 3515 470 non

1916 505 2160 559 habemus
2206 507 2307 560 nisi
2349 507 2603 561 Casarem
2655 504 2994 578 (Joan.‘xrx,
3039 505 3155 575 15).
3209 504 3515 561 Traxerunt

1917 607 2110 652 ventos
2160 599 2313 667 quasi
2362 600 2644 664 dracones,
2677 600 2800 667 quia
2843 599 3034 667 spiritu
3064 597 3308 652 elationis
3345 596 3513 652 inﬂati

1917 690 2169 758 superbia
2200 689 2464 744 malitiosa
2517 701 2844 746 tumuerunt.
2879 689 3201 744 Defecerunt
3227 687 3368 743 oculi
3410 703 3509 744 eo-

1916 797 2059 849 rum,
2087 782 2206 850 quia
2239 782 2442 838 scilicet
2471 799 2592 848 spes
2622 798 2807 837 eorum
2837 782 2905 836 ab
2933 797 2998 836 eo
3029 783 3172 850 quod
3200 782 3512 838 intendebat

1916 874 2190 931 corruit.‘
2223 874 2354 941 Quae
2403 863 2715 943 temporalia
2761 875 3031 942 diligens,
3090 874 3386 942 praestolari
3434 890 3509 929 :1:-

1919 977 2067 1022 terna
2117 969 2371 1037 neglexit,
2406 980 2461 1023 et
2506 978 2717 1023 terrena
2749 968 2870 1022 ideo
2911 968 3034 1037 quia
3067 968 3177 1022 Deo
3217 971 3508 1037 prmposuit

1918 1061 2118 1116 amisit.
2153 1063 2415 1116 Dixerunt
2445 1063 2589 1116 enim
2617 1080 2631 1116 :
2660 1063 2720 1118 Si
2748 1063 3054 1115 dimittimus
3075 1079 3190 1116 eum
3216 1065 3310 1128 sic,
3339 1081 3515 1119 omnes

1866 1187 1878 1204 .
1919 1154 2122 1207 credent
2154 1155 2206 1209 in
2230 1172 2366 1222 eum,
2400 1164 2447 1208 et
2473 1156 2674 1209 venient
2705 1156 2948 1220 Romani,
2984 1165 3031 1207 et
3058 1157 3234 1210 tollent
3274 1164 3512 1211 nostrum

1918 1245 2088 1299 locum
2128 1257 2173 1300 et
2208 1258 2401 1318 gentem
2436 1247 2616 1318 (Joaa.
2653 1263 2727 1315 XI,
2754 1247 2864 1313 48).
2898 1248 3215 1302 'l‘imuemnt
3241 1263 3307 1304 ne
3338 1251 3511 1302 locum
3584 1307 3588 1314 ,

1918 1355 2023 1394 non
2055 1341 2232 1394 occiso
2283 1341 2512 1395 Domino
2541 1341 2848 1410 perderent,
2889 1350 2945 1396 ct
2977 1350 3154 1396 tamen
3190 1343 3369 1396 occiso
3400 1357 3513 1410 per-

1917 1430 2185 1486 diderunt.
2237 1432 2343 1488 Sed
2393 1447 2491 1488 Cur
2540 1435 2901 1508 istauniseris
2944 1436 3249 1499 evenerint,
3298 1435 3511 1490 subdit:

1927 1521 2063 1588 Quia
2092 1539 2194 1578 non
2236 1535 2344 1577 erat
2373 1523 2529 1578 herba
2557 1543 2574 1586 ;
2607 1526 2658 1579 id
2710 1535 2814 1590 est,
2850 1527 2973 1595 quia
3025 1541 3210 1580 eorum
3262 1527 3515 1581 cordibus

1919 1616 2092 1671 defuit
2127 1618 2441 1673 :eternitatis
2471 1621 2719 1688 scientia,
2769 1632 2823 1676 et
2855 1621 3001 1675 nullo
3050 1637 3145 1677 eos
3185 1622 3370 1677 refecit
3417 1637 3509 1692 pa-

1919 1705 2102 1775 bulob
2131 1707 2418 1762 viriditatis
2463 1709 2687 1764 internae
2728 1711 3011 1767 doctrinm.
3049 1712 3161 1768 IIoc
3211 1715 3370 1783 igitur
3399 1715 3518 1769 loco

287 1799 436 1871 [νει.
463 1795 719 1866 XVIII.]
760 1794 849 1850 52.
893 1794 1126 1849 Αἰιετηω
1147 1794 1262 1847 vita:
1302 1808 1460 1861 opera
1489 1792 1805 1847 doctrinam-
1840 1803 1890 1866 Β
1919 1801 2044 1869 quid
2097 1801 2238 1855 aliud
2296 1803 2532 1858 virentes
2587 1805 2780 1859 herbas
2833 1806 2939 1862 nisi
2997 1816 3196 1862 sancta:
3250 1809 3517 1866 doctrinm

226 1910 319 1965 que
344 1892 655 1962 germinavit.
685 1919 758 1932 —
782 1889 836 1944 In
870 1889 1144 1957 Scriptura
1175 1886 1318 1942 enim
1343 1903 1492 1942 sacra
1524 1889 1808 1957 aliquando

231 1987 389 2042 herba
435 1987 578 2040 viror
620 1983 808 2054 gloria:
840 1983 1152 2052 temporalis
1198 1983 1477 2056 accipitur,
1522 1983 1808 2050 aliquando

228 2077 442 2134 reiectio
492 2076 728 2142 diaboli,
775 2075 1064 2144 aliquando
1115 2075 1437 2129 sustentatio
1487 2074 1809 2141 prmdicato-

225 2186 358 2232 rum,
392 2167 680 2236 aliquando
702 2167 840 2220 bona
865 2166 1128 2234 operatio,
1159 2165 1445 2235 aliquando
1474 2173 1692 2220 teternze
1723 2167 1808 2218 vi-

220 2268 278 2312 ta:
329 2259 556 2313 scientia
611 2269 771 2323 atque
822 2257 1087 2310 doctrina.
1147 2257 1299 2310 Viror
1362 2272 1593 2324 namque
1639 2259 1809 2327 gloria

135 2351 138 2353 ’
215 2348 530 2415 temporalis
561 2347 844 2416 accipitur,
877 2348 1014 2401 sicut
1041 2347 1307 2416 Propheta
1340 2349 1413 2401 ait
1437 2365 1448 2399 :
1475 2347 1635 2402 Mane
1675 2349 1809 2403 sicut

211 2439 366 2492 herba
421 2448 667 2501 transeat,
715 2454 866 2492 mane
916 2439 1098 2506 ﬂoreat
1161 2448 1208 2492 et
1261 2449 1582 2507 pertranseat
1633 2438 1805 2507 (Psal.

211 2551 435 2600 LXXXIX,
471 2534 551 2604 b‘).
596 2534 746 2588 Mane
792 2548 1018 2602 namque
1045 2533 1187 2588 sicut
1219 2533 1383 2588 herba
1417 2534 1609 2588 llorere
1647 2542 1809 2602 atque

211 2629 444 2683 transire
478 2636 561 2680 est
590 2627 644 2681 in
689 2629 1045 2694 prOSperitate
1074 2626 1230 2691 hujus
1261 2625 1444 2679 szeculi
1497 2627 1808 2692 temporalis

209 2721 400 2790 gloria:
431 2719 594 2773 decus
636 2718 896 2772 velociter
921 2733 1189 2771 arescere.
1235 2717 1408 2771 Herba
1433 2715 1657 2772 refectio
1688 2718 1808 2771 dia-

204 2813 318 2868 boli
351 2813 633 2881 accipitur,
667 2811 807 2865 sicut
834 2811 900 2864 de
933 2810 1025 2865 illo
1055 2826 1102 2878 ay
1131 2811 1356 2865 Domino
1389 2811 1586 2864 dicitur
1613 2828 1628 2867 :
1665 2811 1804 2865 Huic

204 2916 411 2960 montes
442 2907 624 2960 herbas
673 2906 841 2974 {erunt
876 2904 1018 2974 (Job.
1052 2921 1143 2968 XL,
1199 2905 1310 2974 15).
1355 2906 1435 2960 Ac
1473 2905 1516 2959 si
1557 2905 1807 2961 diceret:

205 2998 445 3068 Superbi
489 3013 551 3052 ac
582 3000 767 3052 tumidi
795 2999 919 3053 dum
968 3013 1026 3052 se
1051 2999 1250 3052 illicitis
1287 3001 1699 3068 cogitationibus
1723 3011 1808 3053 at-

203 3109 320 3163 que
347 3094 644 3147 actionibus
673 3092 926 3158 eﬁ‘eruut,
955 3093 1066 3146 suis
1105 3093 1251 3144 illum
1309 3091 1676 3160 iniquitatibus
1717 3107 1810 3162 pa-

1926 1892 2212 1947 scientiam
2243 1894 2329 1948 vel
2366 1908 2630 1961 congruas
2675 1898 3019 1966 operatioues
3055 1899 3387 1967 accipimus?
3416 1901 3514 1956 De-

1917 1993 2058 2039 selta
2091 1984 2250 2054 igitur
2281 1995 2422 2040 terra
2451 1987 2616 2058 94]Ι
2647 1990 2992 2058 compluitur,
3041 2002 3098 2043 ut
3146 1992 3211 2045 ab
3240 2007 3302 2045 ea
3332 1993 3514 2048 viren-

1919 2083 2000 2130 tes
2030 2077 2214 2130 herba:
2256 2078 2642 2146 producantur,
2677 2082 2802 2150 quia
2860 2081 2985 2135 dum
3017 2093 3215 2137 sancta
3244 2084 3509 2152 pra-dica-

1919 2165 2082 2218 tionis
2115 2166 2338 2219 imbrem
2370 2167 2640 2236 gentilitas
2670 2171 2931 2238 percepit,
2963 2184 3016 2226 et
3040 2173 3164 2227 vitae
3194 2188 3357 2241 opera
3389 2184 3411 2213 ο
3452 2186 3507 2230 et

1919 2253 2184 2309 doctrinae
2239 2255 2462 2311 herbam
2517 2261 2856 2329 germinavit.
2917 2262 3022 2316 Ista
3082 2264 3324 2320 viriditas
3375 2282 3508 2323 voco

1921 2350 2234 2415 pr0phetica
2282 2351 2513 2406 desertte
2543 2362 2717 2407 teme
2755 2356 3062 2426 pollicetur,
3114 2373 3234 2413 cum
3265 2360 3457 2416 dicitur
3492 2379 3505 2416 :

1919 2439 1986 2494 In
2015 2441 2264 2495 cubilibus
2293 2443 2346 2496 in
2391 2445 2572 2512 quibus
2603 2447 2749 2517 prius
2776 2449 3024 2508 dracones
3056 2451 3354 2505 habitabant
3381 2454 3516 2508 orie-

1919 2543 2002 2588 tur
2030 2535 2167 2587 viror
2208 2535 2394 2588 calami
2437 2547 2484 2589 et
2504 2541 2655 2609 junci
2704 2537 2860 2610 (Isai.
2893 2535 3061 2606 xxxv,
3090 2542 3167 2611 7).
3201 2542 3338 2610 Quid
3367 2545 3510 2597 enim

1917 2639 2014 2695 per
2039 2626 2305 2680 calamum
2337 2623 2362 2663 δ
2397 2626 2498 2682 nisi
2546 2629 2950 2698 praedicatores,
2990 2633 3116 2702 quid
3170 2647 3266 2701 per
3289 2633 3510 2702 juncum

1916 2716 2006 2786 qui
2036 2716 2187 2784 juxta
2232 2733 2387 2787 aqua:
2430 2720 2708 2774 humorem
2757 2737 2973 2791 semper
3016 2724 3255 2799 nascitur
3283 2724 3384 2778 nisi
3415 2742 3512 2794 pu-

1916 2806 2022 2860 silli
2054 2821 2117 2860 ac
2166 2811 2338 2863 teneri
2384 2811 2656 2866 auditores
2700 2815 2841 2867 sacri
2873 2815 3073 2884 eloquii
3122 2814 3512 2885 de~ignanturi

1918 2896 1976 2952 In
2015 2897 2311 2952 draconum
2363 2905 2494 2971 ergo
2540 2903 2806 2958 cubilibus
2855 2907 3000 2960 viror
3043 2906 3232 2961 calami
3284 2917 3340 2962 et
3363 2909 3511 2978 junci

1919 2989 2113 3056 oritur,
2139 2991 2261 3059 quia
2298 2993 2347 3045 in
2391 2994 2470 3048 eis
2501 2996 2714 3064 p0pulis
2745 3012 2879 3066 quos
2906 3000 3106 3069 antiqui
3143 3000 3312 3056 hostis
3359 3003 3511 3056 mali-

1918 3083 1989 3136 tia
2023 3085 2350 3152 possidebat,
2399 3097 2452 3142 et
2489 3088 2769 3144 doctorum
2817 3091 3061 3160 scientia,
3097 3100 3152 3147 et
3197 3093 3504 3149 auditorum

202 3199 393 3242 scunt.
430 3185 605 3239 llerba
651 3185 973 3240 sustentatio
1019 3183 1422 3251 pratdicantium
1474 3182 1811 3242 demonstra-
1839 3189 1884 3253 ρ
1919 3175 2222 3230 obedientia
2249 3189 2616 3234 coacervatur.

205 3288 324 3344 tur,
386 3293 504 3331 cum
547 3278 781 3331 dicitur:
815 3274 1067 3330 Producit
1106 3277 1160 3329 iu
1211 3275 1464 3328 montibus
1518 3278 1714 3346 fenum,
1762 3284 1812 3329 et

203 3371 426 3425 herbam
454 3370 680 3424 servituti
723 3369 986 3422 hominum
1012 3365 1184 3438 (Psal.
1228 3381 1353 3434 cst,
1385 3365 1468 3437 8).
1505 3367 1559 3420 In
1611 3369 1810 3420 momi-

205 3465 319 3519 bus
351 3463 545 3533 quippe
576 3461 756 3517 ferrum
798 3471 863 3531 ct_
880 3461 1121 3515 servituti
1172 3459 1450 3513 hominum
1487 3459 1652 3514 herba
1684 3475 1808 3528 pro-

203 3554 450 3617 ducitur,
478 3569 598 3607 cum
646 3553 910 3608 sublimes
945 3552 1100 3618 hujus
1121 3551 1326 3616 saeculi,
1372 3551 1436 3604 ad
1469 3549 1590 3604 Iidei
1622 3551 1806 3622 cogni-

201 3647 419 3702 tionem
452 3645 648 3709 vocati,
681 3643 882 3698 sanctis
921 3642 1362 3714 przcdzcatoribus
1406 3643 1458 3696 in
1503 3642 1660 3713 hujus
1684 3646 1807 3698 vitae

202 3738 419 3794 itinere
451 3737 756 3791 transitoria
799 3737 1050 3790 alimenta
1085 3733 1402 3802 largiuntur.
1440 3733 1615 3788 lIerba
1664 3734 1804 3789 bona

202 3828 460 3900 operatio
491 3829 725 3898 ponitur,
755 3828 891 3882 sicut
926 3827 1184 3895 scriptum
1225 3835 1306 3881 est
1330 3841 1345 3878 :
1373 3824 1634 3879 Germiuet
1669 3837 1836 3888 terra.

203 3921 426 3976 herbam
463 3922 704 3974 virentem
729 3917 932 3989 (Genet.
967 3933 1002 3982 ι,
1035 3917 1143 3987 ll).
1179 3917 1330 3984 Quod
1359 3917 1484 3971 licet
1531 3919 1581 3971 in
1613 3917 1804 3972 condi-

203 4015 366 4068 tione
397 4009 579 4064 muudi
623 4012 693 4065 ita
743 4011 998 4066 historice
1028 4009 1225 4064 factum
1272 4018 1574 4074 teneamus,
1605 4018 1802 4064 terram

207 4116 400 4159 tamen
429 4103 723 4158 Ecclesiam
756 4103 1014 4173 ﬁgurasse
1043 4118 1147 4156 non
1181 4095 1624 4157 inconvenienter
1665 4104 1808 4157 acci-

205 4201 415 4272 pimus,
448 4213 566 4268 quaa
592 4199 642 4251 in
672 4212 738 4254 eo
788 4197 1113 4270 germinavit
1151 4196 1374 4252 herbam
1423 4199 1716 4264 virentem,
1747 4200 1804 4254 in

208 4307 325 4362 quo
351 4290 417 4344 ad
451 4291 669 4346 verbum
696 4292 789 4346 Dei
820 4291 1042 4345 fecunda
1077 4290 1460 4346 misericordia:
1486 4305 1647 4360 opera
1685 4307 1808 4360 pro-

209 4383 364 4466 tulit.
409 4383 637 4438 Ilerbam
669 4383 955 4452 aliquando
993 4382 1275 4437 scientiam
1315 4393 1477 4452 atque
1503 4382 1806 4438 doctrinam

211 4491 439 4534 merum
468 4478 754 4531 viriditatis
785 4467 1094 4543 accipimus,
1126 4476 1264 4528 sicut
1291 4489 1384 4543 per
1413 4473 1702 4529 Jeremiam
1725 4477 1808 4530 di-

1988 3267 2131 3339 [Vet.
2165 3267 2302 3324 XIX
2311 3269 2349 3343 .]
2392 3269 2478 3326 55.
2521 3272 2857 3344 Singulorum
2890 3277 3047 3330 corda
3081 3286 3198 3331 sunt
3239 3277 3374 3332 velut
3405 3276 3498 3333 de-

1913 3373 2122 3426 sertum,
2155 3373 2428 3432 antequam
2463 3365 2625 3419 imbre
2677 3371 2856 3436 gratia:
2896 3369 3254 3439 fecundentur.
3284 3400 3356 3412 —
3378 3371 3536 3426 ch‘

1915 3467 2092 3512 tamen
2126 3473 2245 3526 qua:
2274 3460 2602 3527 generaliter
2650 3460 2720 3514 de
2763 3461 3066 3528 gentilitate
3116 3463 3260 3517 dicta
3302 3472 3425 3517 sunt
3455 3464 3505 3518 si

1915 3549 2144 3603 solerter
2173 3549 2510 3617 inspicimus,
2538 3552 2675 3604 intra
2707 3551 2882 3605 sinum
2911 3562 3114 3607 sancta:
3142 3554 3396 3609 Ecclesia:
3417 3553 3503 3624 agi

1913 3640 1968 3694 in
1999 3639 2224 3708 singulis
2255 3642 2516 3695 videmus.
2567 3644 2702 3698 Sunt
2750 3643 2894 3697 enim
2945 3644 3187 3715 plerique
3231 3646 3298 3700 ad
3337 3648 3501 3702 verba

1918 3733 2010 3788 Dei
2042 3733 2197 3787 Valde
2231 3735 2594 3801 insensibiles,
2622 3738 2709 3804 qui
2738 3735 2859 3791 lidei
2891 3738 3106 3806 quidem
3131 3739 3346 3793 nomine
3371 3754 3503 3794 cen-

1914 3836 2121 3891 sentur,
2157 3826 2315 3881 verba
2349 3829 2472 3882 vita:
2498 3829 2717 3882 auribus
2745 3829 2999 3896 audiunt,
3032 3830 3126 3885 sed
3171 3846 3231 3886 ea
3267 3834 3502 3889 transire

1912 3931 2082 3982 usque
2109 3917 2174 3969 ad
2208 3907 2413 3971 interna
2442 3919 2624 3973 cordis
2653 3918 2876 3974 minime
2905 3921 3243 3988 permittunt.
3277 3924 3338 3977 lli
3368 3924 3497 3994 quid

1913 4007 2056 4061 aliud
2083 4024 2242 4078 quam
2274 4009 2487 4063 deserta
2527 4019 2669 4065 terra
2718 4013 2882 4067 sunt?
2917 4013 3048 4080 Quae
3094 4015 3308 4070 scilicet
3357 4025 3498 4072 terra

1866 4105 1872 4111 ’
1913 4099 2184 4156 hominem
2215 4116 2321 4166 non
2351 4103 2534 4162 habet,
2566 4103 2695 4173 quia
2727 4119 2914 4158 eorum
2949 4121 3102 4160 mens
3133 4121 3296 4162 sensu
3327 4108 3493 4163 ratio-

1913 4194 1997 4248 nis
2024 4203 2192 4248 caret.
2220 4193 2285 4247 Et
2312 4195 2490 4248 nullus
2523 4195 2832 4251 mortalium
2871 4195 2925 4251 in
2958 4199 3057 4253 hac
3085 4207 3223 4254 terra
3259 4213 3503 4254 commo-

1912 4298 2082 4352 ratur,
2113 4289 2231 4356 quia
2263 4299 2315 4342 et
2343 4287 2386 4343 si
2418 4291 2634 4359 quando
2666 4290 2718 4343 in
2747 4305 2934 4346 eorum
2975 4292 3304 4347 conscientia
3335 4295 3510 4348 ratio-~

1914 4379 2170 4434 nabilium
2217 4394 2474 4433 sensuum
2525 4382 2878 4449 cogitationes
2905 4383 3160 4451 veniunt,
3191 4399 3297 4438 non
3327 4385 3502 4453 persi-

1912 4481 2080 4524 stuut.
2105 4471 2274 4524 Prava
2299 4471 2439 4525 enim
2463 4472 2727 4526 desideria
2755 4459 2808 4526 in
2835 4489 3019 4527 eorum
3043 4474 3295 4530 cordibus
3317 4475 3500 4530 sedem

211 4574 399 4628 citur:
431 4572 628 4642 Uuagri
676 4579 924 4624 steterunt
965 4569 1018 4622 in
1060 4567 1296 4636 rupibus,
1328 4576 1596 4621 traxerunt
1635 4579 1808 4624 ventos
1841 4589 1892 4650 ο
1918 4563 2237 4628 inveniunt,
2269 4575 2413 4618 recta
2443 4581 2573 4619 vero
2601 4566 2644 4618 si
2676 4566 2888 4632 quando
2914 4567 3195 4633 venerint,
3227 4583 3292 4622 ac
3321 4567 3366 4622 si
3402 4571 3502 4623 im-

212 4667 370 4734 quasi
401 4667 671 4728 dracones,
700 4664 997 4734 defecerunt
1028 4660 1167 4714 oculi
1197 4675 1393 4723 eorum,
1428 4660 1548 4728 quia
1579 4674 1680 4712 non
1704 4670 1810 4713 erat

215 4760 379 4811 herba
407 4755 623 4824 (lerant.
659 4772 771 4821 stv,
797 4758 874 4824 5).
906 4758 1026 4821 Quo
1052 4753 1196 4808 dicto
1238 4752 1471 4822 superba
1501 4767 1564 4805 ac
1595 4754 1810 4822 nequis-

216 4850 354 4906 sima
418 4849 726 4904 Judaeorum
792 4857 874 4902 est
926 4844 1232 4916 persecutio
1305 4843 1640 4914 pr0pbetata.
1704 4845 1811 4914 Ipsi

211 4942 419 5012 quippe
449 4941 634 5009 onagri
664 4953 760 5006 pro
801 4939 994 4993 mentis
1024 4937 1277 5002 elatione,
1306 4935 1404 5004 ipsi
1427 4937 1688 4989 dracones
1710 4949 1810 5003 pro

213 5037 484 5088 virulenta
534 5031 854 5100 cogitatione
903 5030 1078 5083 vocati
1119 5039 1263 5083 sunt.
1298 5029 1400 5097 Qui
1445 5034 1713 5082 steterunt
1753 5027 1808 5081 in

216 5129 467 5197 rupibus,
503 5125 624 5196 quia
657 5141 762 5178 non
792 5125 848 5178 in
896 5122 1031 5189 Deo,
1065 5122 1160 5178 sed
1197 5124 1250 5177 in
1283 5123 1508 5177 summis
1541 5121 1812 5192 potestati-

293 5255 319 5281 ⁸
351 5247 424 5299 Ita
482 5245 748 5302 Laudun..
780 5241 1057 5303 Norman.,
1090 5250 1192 5294 etc.
1224 5240 1278 5293 In
1314 5237 1500 5302 Cnrb.,
1532 5236 1714 5292 Germ.
1749 5246 1803 5292 et

212 5329 329 5372 vet.
385 5317 526 5370 Edit.
577 5320 766 5385 legitur
825 5314 927 5378 Qui
959 5312 1276 5385 temporalia
1311 5312 1550 5385 diligens.
1595 5311 1692 5385 _Ubi
1720 5310 1806 5378 qui

212 5389 458 5444 refertur
489 5388 551 5439 ad
581 5379 779 5455 pedem.
817 5385 968 5439 Prius
995 5386 1160 5446 enim,
1193 5381 1278 5434 ubi
1310 5379 1648 5455 habemusiu
1681 5388 1802 5432 ozrt.

211 5461 504 5527 .‘ltss._qu:‘u
531 5451 719 5512 scilicet
750 5472 888 5524 spes,
919 5457 1020 5510 iste
1055 5462 1313 5527 cum__vet.
1352 5451 1588 5527 \’u'_ga_lis
1617 5452 1808 5527 legen-

210 5531 345 5585 dum
380 5521 602 5602 exhibet
629 5529 752 5597 quia
781 5521 984 5602 scilicet
1015 5540 1124 5602 pes.
1159 5523 1402 5602 _Iteceut.
1438 5521 1577 5602 Editi
1607 5523 1810 5602 optime

212 5604 440 5672 quidem
502 5601 600 5654 hoc
641 5593 1030 5673 't-mendarunt,
1088 5597 1391 5673 habentque
1443 5593 1569 5673 quia
1615 5593 1809 5645 scilicet

213 5666 373 5738 spes;
407 5680 462 5724 at
488 5671 812 5739 gravissimo
841 5683 1029 5723 errore
1063 5666 1402 5721 retinuerunt
1426 5666 1514 5733 qui
1554 5672 1810 5733 tempora-

218 5745 320 5798 lia.
357 5743 664 5812 Legendqu
697 5754 824 5812 ergo
851 5755 982 5808 qtae,
1012 5739 1216 5812 scilicet
1235 5751 1383 5812 spes.

1918 4657 2206 4726 pellantur,
2240 4657 2551 4710 decurrunt.
2587 4657 2692 4712 Sed
2735 4671 2858 4710 cum
2892 4658 3199 4712 misericors
3233 4659 3373 4714 Deus
3403 4659 3506 4716 itn-

1915 4748 1996 4804 bri
2029 4765 2126 4802 suo
2153 4763 2366 4802 cursum
2391 4759 2446 4803 et
2473 4748 2683 4802 sonanti
2708 4749 2922 4804 touitrui
2951 4751 3090 4804 viam
3127 4751 3259 4807 dare
3281 4761 3303 4789 ε
3323 4753 3506 4822 digna-

1917 4851 2024 4910 tur,
2072 4842 2377 4908 compuncti
2429 4856 2527 4910 per
2564 4842 2834 4895 internam
2886 4843 3110 4910 gratiam
3155 4845 3338 4900 verbis
3385 4849 3509 4901 vita:

1912 4950 2072 4990 aures
2102 4935 2278 4989 cordis
2309 4935 2583 5004 aperiunt.
2615 4933 2682 4988 Et
2713 4931 2966 5005 impletur
2997 4945 3134 4992 terra
3168 4937 3307 4990 invia
3333 4979 3345 5001 ,
3382 4939 3504 5007 quia

1917 5030 2043 5084 dum
2076 5029 2278 5098 prmbet
2311 5025 2330 5064 τ
2361 5028 2597 5082 auditum
2626 5029 2788 5084 verbo
2811 5069 2828 5096 ,
2867 5030 3172 5084 cumulatur
3216 5031 3496 5100 mysterio.

1919 5121 1989 5175 Et
2016 5120 2260 5189 producit
2291 5120 2486 5175 herbas
2517 5124 2785 5187 virentes,
2816 5124 2941 5192 quia
2970 5138 3064 5193 per
3103 5124 3328 5193 graliam
3359 5136 3508 5174 com-

1908 5236 2176 5292 doctrina.
2211 5236 2400 5301 L:tud.,
2439 5239 2640 5293 interna
2663 5239 2919 5295 doctrina.

1985 5320 2008 5348 ε
2038 5310 2127 5362 bis
2153 5309 2382 5371 ΤΜ-οη..
2415 5311 2653 5374 Ebroic.,
2687 5310 2884 5364 Pratel.
2916 5308 3116 5378 aliique
3147 5307 3368 5378 βοωπις
3402 5308 3496 5360 sed

1911 5378 2180 5442 Laudun.,
2199 5389 2244 5431 et
2271 5381 2520 5435 doctrina:
2538 5383 2690 5435 herba
2707 5375 3041 5451 germinavit.
3063 5379 3116 5432 In
3133 5377 3294 5431 Curb.
3315 5375 3492 5432 Germ.

1911 5464 1965 5506 et
1990 5451 2040 5521 in
2072 5451 2320 5505 omnibus
2347 5451 2535 5515 Editis,
2561 5453 2710 5505 verba
2740 5451 3063 5521 germinavit.

1984 5519 2010 5558 ἀ
2047 5522 2260 5576 Ebroic.
2293 5522 2491 5589 aliique
2517 5519 2863 5585 Nortn.,‘nisi
2882 5522 3176 5587 scriptores.

1990 5601 2014 5628 ε
2048 5592 2314 5652 Laudun..
2335 5592 2646 5662 designatur.
2673 5593 2833 5646 Corb.
2860 5591 3069 5652 Germ.,
3097 5591 3186 5644 sed
3211 5591 3499 5648 misericors

1922 5663 2130 5718 Deus...
2165 5673 2210 5716 et
2237 5665 2463 5716 sonantis
2490 5663 2706 5717 tonitrui
2731 5665 2864 5716 viam
2893 5662 3014 5715 dare
3043 5662 3306 5732 dignatur.

2002 5733 2020 5773 τ
2055 5735 2279 5789 Itecent.
2312 5733 2410 5788 Ed.
2444 5747 2564 5786 cum
2595 5733 2758 5789 Corb.
2800 5734 3008 5801 Germ,
3039 5733 3275 5802 aditum,
3318 5734 3504 5792 invitis

301 5817 329 5854 δ
357 5803 525 5870 υοῖὺ.
550 5803 992 5880 ϐετωάῬι-ἒιιει
1024 5820 1082 5868 et
1104 5803 1576 5879 Utic.,’viriditatis
1603 5806 1818 5864 internae
1925 5814 2047 5865 catt.
2082 5806 2212 5864 Mss.
2243 5815 2297 5861 et
2325 5813 2432 5863 vet.
2456 5803 2705 5861 Excusis.
