4004 6350
233 329 338 386 509

224 557 318 610 pro
349 543 469 610 ipsa
500 543 694 596 duritia
725 541 1018 610 aliquando
1058 543 1289 611 gentiles
1319 543 1495 610 populi
1527 543 1817 611 designan-

222 642 323 687 tur.
360 633 468 701 Ipsi
491 633 687 702 quippe
715 633 921 702 lapides
941 634 1247 688 coluerunt.
1279 634 1338 686 Et
1367 633 1434 688 de
1466 633 1547 687 his
1576 649 1670 700 per
1695 625 1820 702 pro?

221 723 436 793 phetam
465 725 666 780 dictum
691 723 773 780 est
798 744 809 778 :
837 724 1047 782 Similes
1079 725 1187 780 illis
1214 727 1345 795 ﬁant
1372 728 1459 797 qui
1490 727 1688 798 faciunt
1717 743 1813 794 ea,

217 827 264 869 et
301 833 482 869 omnes
524 818 615 887 qui
657 808 924 882 confidunt
968 818 1024 870 in
1070 818 1142 871 eis
1190 816 1362 886 (Psal.
1402 834 1516 884 xm,
1557 817 1635 888 8).
1668 817 1820 875 Unde

215 905 453 962 Joannes
481 906 699 962 Iudaeos
726 907 993 976 aspiciens
1017 906 1044 947 δ
1075 923 1135 964 se
1163 907 1233 964 de
1262 917 1548 966 stemmate
1587 925 1816 980 genera-

215 999 378 1051 tionis
422 998 720 1064 extollere,
755 1007 809 1052 et
846 999 1074 1068 gentiles
1115 994 1420 1068 praevidens
1464 1000 1531 1055 ad
1571 1001 1806 1056 Abrahte

214 1089 422 1154 prolem
441 1087 566 1142 ﬁdei
585 1088 890 1154 cognitione
920 1091 1171 1154 transire,
1207 1091 1320 1144 ait:
1346 1089 1430 1144 Ne
1457 1091 1621 1146 velitis
1648 1092 1820 1147 dicere

213 1182 350 1232 intra
376 1197 500 1246 eos,
534 1179 743 1234 Putrem
771 1181 1012 1234 habemus
1039 1182 1320 1236 Abraham.
1356 1182 1487 1236 Dico
1512 1184 1647 1236 enim
1675 1184 1820 1239 vobis

211 1275 330 1345 quia
361 1285 551 1344 potens
588 1285 665 1329 est
709 1275 844 1329 Deus
875 1275 939 1330 de
967 1276 1226 1340 lapidibus
1256 1277 1370 1330 istis
1396 1278 1645 1332 suscitare
1675 1278 1818 1344 ﬁlios

211 1369 434 1423 Abrahae
455 1368 676 1436 (Matth.
701 1385 793 1433 ιιι,
815 1369 906 1439 9);
938 1370 1142 1438 lapides
1172 1371 1354 1440 utique
1401 1373 1564 1426 duros
1593 1374 1814 1440 perﬁdia

210 1463 444 1533 gentiles
471 1473 495 1501 ο
526 1478 746 1518 vocans.
775 1463 908 1531 Quia
935 1478 1065 1532 ergo
1089 1467 1318 1532 primum
1349 1464 1532 1520 Judaea
1563 1466 1672 1521 Deo
1697 1483 1818 1522 cre-

211 1557 367 1621 didit,
395 1556 702 1625 gentilitate
725 1560 871 1610 omni
898 1557 947 1609 in
968 1557 1206 1625 perﬁdia:
1225 1572 1334 1610 sum
1351 1557 1713 1613 obstinatione
1730 1574 1818 1613 rc-

216 1658 492 1714 manente,
527 1647 873 1717 postmodum
895 1662 1024 1702 vero
1057 1649 1121 1700 ad
1153 1649 1312 1702 ﬁdem
1343 1651 1626 1717 gentilium
1648 1651 1817 1706 corda

215 1742 413 1795 mollita
444 1751 597 1806 sunt,
629 1749 683 1795 et
708 1739 1016 1795 Judznorum
1041 1740 1335 1796 inﬁdelitas
1358 1743 1637 1810 obdurata,
1665 1744 1810 1799 bene

986 334 1348 391 MOBALIUM
1388 325 1516 389 LIB.
1563 331 1756 389 XXIX.
1796 331 1957 389 -ΙΝ
1984 333 2211 392 CAPUT
2250 327 2517 394 XXXVIII
2560 340 2616 392 Β.
2652 337 2790 394 JOB.

220 449 328 519 jam
360 447 563 517 saepius
588 447 870 503 edocuisse
912 455 999 503 me
1043 449 1287 502 memini.
1319 455 1348 486 ι
1381 448 1435 502 In
1469 447 1650 518 lapide
1681 461 1811 500 vero
1839 447 1896 507 Α

3398 333 3501 384 ζιιι)

1989 448 2078 503 58.
2124 448 2274 503 Dicta
2298 452 2361 503 de
2386 449 2692 504 Judceorum
2723 451 2917 505 duritia
2947 461 2993 505 et
3019 453 3404 522 reprobatione,
3433 453 3498 507 de

1922 541 2122 596 Satana
2151 554 2363 613 possunt
2390 545 2810 617 intelligi.—Per
2840 546 2940 600 hoc
2967 562 3098 601 vero
3127 547 3268 616 quod
3296 547 3497 601 dictum

1919 645 2000 689 est
2027 653 2040 688 :
2075 634 2152 689 De
2171 639 2318 707 cujus
2341 649 2483 692 utero
2504 643 2706 709 egressa
2732 647 2802 692 est
2829 640 3040 709 glacies.
3073 648 3121 692 et
3150 638 3266 710 gelu
3284 641 3346 693 de
3367 640 3494 693 caelo

1917 731 2032 800 quis
2056 733 2267 803 genuit?
2292 733 2452 790 etiam
2481 733 2645 789 Satan
2675 734 2728 789 in
2755 735 2876 804 gelu
2909 743 2961 788 et
2991 735 3161 804 glacie
3203 735 3276 790 nil
3323 736 3503 790 obstat

1919 823 2163 893 intelligi.
2194 824 2314 895 Ipse
2343 827 2540 896 quippe
2569 827 2723 896 quasi
2753 827 2822 882 de
2854 828 2943 882 Dei
2972 839 3128 882 utero
3158 827 3357 895 glacies
3388 843 3510 896 pro-

1919 915 2100 982 cessit,
2122 919 2245 985 quia
2271 934 2298 969 a
2323 918 2504 973 calore
2528 927 2856 974 secretorum
2885 918 3022 988 ejus,
3053 920 3266 973 malitiae
3290 928 3510 988 torpore

1920 1006 2184 1077 frigidus,
2239 1009 2496 1074 magister
2549 1010 2850 1078 iniquitatis
2901 1010 3088 1065 exivit.
3137 1009 3255 1078 Ipse
3283 1010 3406 1080 gelu
3442 1010 3510 1064 de

1919 1100 2057 1153 coalo
2084 1108 2170 1154 est
2200 1099 2410 1169 genitus
2429 1141 2442 1163 ,
2468 1097 2590 1168 quia
2622 1101 3009 1156 constricturus
3035 1102 3195 1157 corda
3243 1102 3507 1171 reprobo-

1919 1204 2114 1254 rum,a
2143 1178 2368 1244 summis
2407 1191 2602 1246 cadere
2652 1202 2734 1245 est
2778 1192 2844 1245 ad
2894 1192 2998 1246 ima
3042 1193 3355 1261 permissus.
3404 1189 3509 1258 Qui

1920 1280 2056 1335 bene
2088 1281 2140 1334 in
2172 1281 2485 1336 coelestibus
2514 1283 2795 1350 conditus,
2827 1283 2881 1337 in
2909 1284 3083 1354 culpae
3125 1285 3325 1354 frigore
3355 1299 3507 1337 men-

1920 1386 2000 1432 tes
2041 1381 2348 1446 sequacium
2389 1380 2540 1446 quasi
2587 1379 2711 1446 gelu
2743 1387 2768 1415 ⁶
2798 1379 2925 1433 dum
2978 1379 3177 1434 cecidit
3231 1377 3504 1433 astrinxit.

1917 1470 2082 1542 944
2111 1472 2210 1539 Qui
2257 1473 2320 1525 ad
2363 1481 2561 1526 terram
2610 1475 2873 1539 veniens,
2929 1473 3053 1543 quid
3099 1471 3151 1525 in
3203 1472 3509 1527 hominibus

1919 1564 2111 1632 egerit,
2143 1565 2390 1632 expletur
2420 1579 2539 1618 cum
2572 1564 2854 1618 subditur:
2886 1562 2952 1617 In
2989 1564 3179 1630 lapidis
3212 1563 3509 1618 similitudi-

1919 1670 2033 1706 nem
2072 1671 2217 1723 aqua:
2245 1657 2516 1708 durantur.
2549 1654 2653 1709 Per
2691 1669 2856 1724 aquas
2888 1670 3119 1724 namque
3160 1655 3380 1723 populi,
3414 1669 3512 1722 per
3567 1643 3574 1648 ’

1923 1743 2151 1811 lapidein
2176 1761 2304 1800 vero
2331 1746 2571 1815 ejusdem
2595 1746 2808 1799 Satanm
2832 1745 3024 1799 duritia
3055 1746 3384 1814 designatur.
3415 1743 3512 1798 Illo

224 1834 420 1889 dictum
444 1845 564 1889 est:
596 1833 662 1888 In
694 1834 1083 1888 similitudinem
1121 1836 1311 1903 lapidis
1340 1853 1490 1906 aqua:
1531 1838 1808 1894 durantur.
1841 1823 1894 1892 Β
1922 1833 2083 1902 igitur
2109 1836 2174 1888 ad
2203 1837 2307 1889 ima
2328 1841 2595 1900 veniente,
2620 1836 2671 1889 in
2700 1836 3106 1890 similitudinem
3133 1837 3326 1904 lapidis
3353 1849 3506 1904 aqua:

232 1928 306 1979 Ac
331 1927 372 1978 si
400 1925 596 1981 diceret
626 1943 640 1979 :
671 1924 768 1980 Illa
795 1927 978 2000 mollia
1007 1941 1069 1980 ac
1099 1928 1450 1994 penetrabilia
1482 1929 1604 1984 ﬁdei
1642 1930 1809 1985 corda

231 2019 525 2075 Iudaeorum
575 2022 631 2074 in
675 2021 1141 2076 insensibilitatem
1199 2030 1480 2089 vertuntur
1535 2024 1796 2090 gentium.

225 2112 346 2166 Cum
375 2114 520 2167 enim
552 2112 861 2167 misericors
886 2114 1023 2168 Deus
1050 2122 1240 2183 gentes
1272 2116 1461 2178 traxit,
1495 2116 1664 2169 iratus
1701 2115 1807 2169 Ju-

217 2204 379 2257 daeum
408 2203 627 2273 repulit.
653 2205 951 2270 Actumquc
982 2215 1062 2260 est
1092 2215 1147 2258 ut
1181 2206 1319 2260 sicut
1347 2207 1550 2260 dudum
1580 2207 1644 2259 ad
1677 2221 1806 2276 per-

209 2297 515 2365 cipieudam
538 2295 699 2350 ﬁdem
732 2297 1000 2365 gentilitas
1031 2299 1204 2352 luerat
1229 2297 1513 2361 obdurata,
1547 2299 1619 2352 ita
1651 2308 1810 2367 post-

207 2387 430 2443 modum
455 2389 526 2442 ad
559 2388 718 2444 ﬁdem
736 2390 1034 2459 gentilitate
1052 2401 1323 2459 suscepta,
1350 2390 1551 2445 .Iudteze
1575 2394 1812 2462 populus

207 2480 451 2549 perﬁdia:
484 2491 704 2550 torpore
727 2482 1064 2538 duresceret.
1104 2483 1259 2540 Unde
1293 2483 1492 2540 Paulus
1533 2487 1810 2554 apostolus

205 2573 414 2626 eisdem
448 2572 700 2639 gentibus
731 2573 859 2627 dicit
888 2591 902 2625 :
928 2573 1077 2628 Sicut
1104 2575 1389 2645 aliquando
1409 2592 1495 2629 vos
1513 2593 1618 2630 non
1643 2578 1813 2631 credi-

204 2664 352 2718 distis
384 2662 523 2726 Deo,
567 2681 702 2717 nunc
737 2674 909 2718 autem
951 2667 1362 2720 misericordiam
1401 2669 1660 2721 consecuti
1689 2667 1810 2722 estis

204 2766 417 2825 propter
443 2758 655 2810 illorum
677 2758 1125 2823 incredulitatem;
1157 2760 1230 2812 ita
1257 2771 1306 2812 et
1335 2761 1422 2813 isti
1450 2776 1553 2813 non
1575 2761 1810 2814 credide-

204 2858 326 2901 runt
357 2847 414 2900 in
453 2857 622 2900 uestra
653 2847 1039 2915 misericordia,
1078 2859 1134 2902 ut
1177 2859 1224 2903 et
1267 2850 1369 2916 ipsi
1408 2851 1810 2904 misericordiam

210 2950 610 3007 consequantur.
646 2938 913 2992 Conclusit
935 2941 1073 2994 enim
1104 2939 1241 2994 Deus
1262 2942 1436 2994 omnia
1459 2942 1510 2993 in
1527 2941 1811 2994 increduli-

218 3041 336 3096 tate,
361 3041 414 3085 ut
435 3033 672 3084 onmium
697 3032 999 3085 misereatur
1025 3032 1208 3101 (Rom.
1238 3047 1314 3096 xt,
1343 3032 1455 3102 50).
1485 3037 1656 3098 Quam
1681 3048 1810 3087 sen—

218 3125 432 3180 tentiam
466 3139 620 3180 suam
669 3125 899 3193 primum
947 3125 1162 3192 quidem
1185 3124 1254 3180 de
1285 3126 1567 3180 vocatione
1587 3125 1808 3180 Judan-

1915 1927 2122 1980 duratze
2153 1936 2306 1988 sunt,
2352 1928 2474 1996 quia
2507 1927 2621 1996 ejus
2662 1927 2920 1980 malitiam
2971 1925 3165 1980 itnitati
3217 1927 3464 1980 homines
3491 1968 3506 1993 ,

1914 2018 2096 2072 mollia
2143 2021 2349 2072 viscera
2391 2018 2668 2073 cliaritatis
2717 2019 3032 2073 amiserunt.
3077 2017 3241 2086 Cujus
3281 2018 3507 2071 fraudu-

1915 2112 2056 2168 lenta
2083 2115 2305 2169 consilia
2337 2115 2460 2183 quia
2507 2129 2537 2168 a
2570 2115 2808 2168 seductis
2838 2113 3143 2169 hominibus
3175 2111 3508 2182 deprehendi
3549 2149 3552 2153 -

1915 2220 2021 2259 Ion
2049 2213 2292 2273 possunt,
2322 2215 2470 2261 recte
2493 2205 2832 2276 subiungitur
2858 2223 2872 2260 :
2903 2204 2970 2257 Et
3009 2205 3306 2274 superﬁcies
3335 2204 3510 2275 abyssi

1916 2299 2306 2369 constringitur.
2336 2299 2499 2354 Aliud
2548 2301 2747 2369 quippe
2785 2300 2834 2352 ei
2885 2300 3207 2353 intrinsecus
3238 2298 3397 2363 latet,
3431 2308 3513 2351 at-

1916 2406 2021 2459 que
2045 2390 2193 2444 aliud
2223 2392 2563 2447 extrinsecus
2593 2387 3252 2460 ostendit."l‘ransﬁgurat
3279 2391 3421 2446 enim
3451 2404 3512 2446 se

1923 2482 2071 2537 velut
2099 2485 2349 2550 angelum
2383 2483 2522 2538 lucis
2555 2480 2648 2552 (II
2678 2480 2800 2537 Cor.
2825 2497 2910 2548 xi,
2947 2481 3072 2550 M),
3107 2490 3163 2536 et
3198 2481 3388 2535 callida
3417 2480 3514 2535 tle-

1916 2577 2186 2645 ceptionis
2217 2587 2333 2630 arte
2367 2576 2683 2646 plerumque
2711 2578 2966 2645 proponit
2993 2576 3283 2631 laudabilia
3303 2617 3318 2640 ,
3353 2583 3411 2628 ut
3440 2567 3509 2628 ad

1915 2666 2102 2721 illicita
2150 2667 2444 2734 pertrahat.
2485 2666 2679 2736 Abyssi
2710 2681 2840 2736 ergo
2884 2666 3199 2735 superﬁcies
3237 2667 3513 2718 constrin-

1913 2758 2078 2827 gitur,
2110 2757 2233 2826 quia
2259 2757 2386 2811 dum
2411 2758 2562 2827 quasi
2590 2757 2728 2812 bona
2757 2757 3123 2824 persuasionis
3147 2754 3266 2828 ejus
3295 2755 3508 2824 species

1914 2849 2062 2904 velut
2090 2845 2261 2903 solida
2291 2848 2522 2916 desuper
2551 2846 2754 2916 glacies
2794 2847 3120 2911 ostenditur,
3154 2847 3209 2902 in
3236 2845 3506 2916 profundo

1916 2942 2090 2997 latens
2117 2942 2234 3010 ejus
2266 2943 2464 2996 malitia
2495 2956 2601 2995 non
2632 2941 2869 2996 videtur.

1988 3035 2080 3090 59.
2122 3034 2190 3087 Et
2219 3035 2284 3087 de
2311 3033 2542 3103 superbis
2566 3042 2774 3105 propter
2800 3044 3011 3103 accepta
3038 3035 3176 3086 dona
3197 3033 3510 3086 insolescen-

1915 3127 2071 3185 tibus.
2096 3155 2168 3172 --
2195 3126 2395 3182 Cuncta
2429 3136 2607 3181 tamen
2641 3125 2756 3180 haec
2786 3125 3086 3196 intelligere
3115 3133 3171 3179 et
3199 3124 3356 3178 aliter
3388 3136 3509 3189 pos-

206 3231 356 3279 rum.
403 3225 462 3271 et
508 3214 819 3284 repulsione
863 3216 1140 3286 gentium.
1174 3215 1513 3284 postmodum
1565 3231 1696 3270 vero
1732 3215 1803 3271 de
1835 3203 1884 3268 C
1929 3235 2122 3276 sumus
2149 3261 2164 3284 ,
2213 3222 2258 3274 si
2296 3221 2587 3274 moraliter
2629 3218 2993 3286 exquiramus.
3047 3215 3196 3290 [Vet.
3254 3211 3533 3288 XXIII]-

203 3310 492 3364 vocatione
505 3309 766 3378 gentium,
790 3318 842 3361 et
864 3307 1172 3378 repulsione
1193 3309 1505 3365 .Iudaeorum
1528 3310 1801 3366 subtiliter

206 3415 474 3470 pensans,
506 3415 671 3468 seque
713 3401 921 3454 occulta
956 3399 1048 3455 Dei
1089 3400 1287 3480 judicia
1337 3401 1800 3468 comprehendere

205 3510 310 3549 non
361 3508 524 3562 posse
568 3491 956 3554 considerans.
1000 3491 1353 3548 exclamando
1392 3492 1672 3558 subiunxit
1703 3511 1724 3550 ι
1752 3491 1797 3545 0

205 3589 428 3641 altitudo
480 3577 779 3638 divitiarum
829 3585 1094 3655 sapientiai
1131 3594 1178 3638 et
1213 3585 1440 3638 scientia:
1476 3583 1573 3638 Dei
1595 3623 1612 3649 ,
1652 3600 1807 3653 quam

210 3678 741 3748 incomprehensibilia
777 3686 894 3731 sunt
915 3677 1119 3746 judicia
1160 3679 1306 3748 ejus,
1348 3687 1396 3736 et
1431 3677 1808 3747 inrestigabiles

218 3773 313 3824 uite
331 3769 649 3841 ejus(lbid.,
680 3769 812 3839 35)!
852 3769 1001 3825 Unde
1048 3770 1138 3824 hic
1171 3783 1382 3838 quoque
1426 3783 1549 3822 cum
1599 3769 1667 3822 de
1711 3767 1808 3824 Ju-

222 3861 448 3916 daorum
481 3860 706 3929 perﬁdia
737 3862 995 3915 Dominus
1024 3860 1230 3915 diceret
1260 3879 1272 3914 :
1308 3858 1376 3913 In
1404 3859 1799 3915 similitudinem

214 3954 394 4022 lapidis
432 3968 584 4021 aqua:
622 3952 899 4016 durantur,
931 3963 989 4006 ut
1032 3952 1099 4006 de
1134 3951 1443 4021 repulsione
1483 3965 1671 4006 eorum
1703 3967 1796 4008 oc-

204 4050 347 4101 culta
377 4061 504 4101 esse
534 4061 628 4100 sua
661 4046 861 4115 judicia
894 4046 1293 4099 demonstraret
1319 4086 1334 4110 ,
1369 4054 1492 4111 apte
1521 4044 1798 4099 subdidit:

573 4137 800 4192 CAPUT
839 4137 988 4190 xxx
1029 4135 1176 4210 [γει.
1218 4133 1440 4206 XXII].

270 4231 408 4286 iam.
432 4261 506 4270 —
530 4229 600 4284 Et
630 4230 932 4299 superﬁcies
958 4230 1131 4299 abyssi
1159 4228 1554 4295 constringitur.

270 4324 365 4376 57.
408 4320 620 4376 Judicia
645 4320 741 4375 Dei
765 4321 978 4390 abyssus
1015 4320 1198 4372 multa.
1227 4346 1299 4359 —
1327 4318 1461 4384 Quia
1493 4315 1806 4386 superiecto

196 4415 439 4483 quodam
487 4415 799 4483 ignorantia:
849 4422 1046 4466 nostrae
1087 4410 1384 4470 velamine,
1428 4409 1456 4444 ά
1503 4410 1810 4477 incompre~

197 4505 626 4562 hensibilitatem
667 4503 834 4558 divini
863 4501 1056 4573 iudicii
1096 4501 1347 4554 humana:
1387 4500 1584 4552 mentis
1613 4498 1807 4553 oculus

1918 3312 2127 3367 Mentes
2171 3326 2402 3382 namque
2434 3311 2711 3366 hominum
2741 3312 3088 3380 omnipotens
3118 3309 3260 3364 Deus
3288 3308 3415 3363 dum
3450 3307 3505 3362 iu

1915 3416 2014 3455 suo
2040 3403 2231 3456 timore
2262 3399 2478 3462 format,
2503 3400 2656 3469 quasi
2684 3401 2941 3468 concipit,
2969 3414 3173 3467 easque
3195 3398 3259 3452 ad
3282 3410 3499 3466 apertas

1914 3493 2141 3546 virtutes
2165 3531 2181 3555 ,
2213 3491 2340 3545 dum
2367 3490 2615 3559 provehit
2639 3532 2654 3555 ,
2690 3490 2893 3558 gignit;
2922 3489 3019 3543 sed
3065 3487 3111 3543 si
3153 3487 3222 3542 de
3268 3485 3506 3554 acceptis

1913 3583 2197 3637 virtutibus
2238 3582 2584 3641 extolluntur.
2639 3580 2912 3649 relinquit.
2947 3580 3014 3634 Et
3045 3593 3193 3647 saepe
3239 3577 3502 3645 quosdam

1912 3671 2259 3741 cognovimus
2305 3670 2569 3726 malorum
2619 3685 2836 3724 suorum
2884 3666 3323 3725 consideratione
3360 3681 3512 3720 com-

1912 3769 2096 3836 pungi,
2124 3764 2288 3820 divini
2314 3766 2538 3820 terroris
2567 3779 2763 3833 pavore
2786 3761 3112 3827 fervescere,
3130 3770 3187 3816 et
3213 3775 3310 3830 per
3337 3775 3505 3828 pavo-

1913 3860 1990 3914 ris
2019 3858 2238 3914 exordia
2278 3872 2446 3928 usque
2475 3855 2494 3894 τ
2527 3857 2593 3911 ad
2630 3857 2891 3910 virtutum
2938 3868 3145 3908 summa
3192 3852 3532 3923 pervenire;

1915 3951 2010 4006 sed
2040 3949 2168 4005 dum
2195 3949 2263 4005 de
2292 3949 2494 4004 eisdem
2526 3950 2818 4004 virtutibus
2847 3962 2980 4016 quas
3010 3947 3279 4015 accipiunt
3314 3943 3528 3999 ωσι--

1913 4041 2116 4105 luntur,
2162 4041 2342 4095 inanis
2369 4037 2560 4109 gloriae
2591 4040 2784 4107 laqueo
2824 4037 3064 4100 astricti,
3115 4036 3182 4090 ad
3225 4035 3508 4105 antiquum

1915 4141 2184 4200 torporem
2229 4132 2474 4187 redeunt.
2509 4130 2676 4186 Recte
2720 4144 2848 4198 ergo
2897 4142 3021 4183 cum
3068 4128 3202 4181 tales
3240 4125 3502 4181 Dominus

1912 4223 2131 4295 proiicit
2149 4225 2307 4280 dicit:
2334 4223 2412 4278 De
2432 4228 2582 4297 cujus
2606 4234 2754 4278 utero
2776 4238 2977 4294 egressa
3001 4232 3073 4276 est
3095 4221 3321 4292 glacies?
3341 4219 3511 4286 Quasi

1913 4317 2057 4370 enim
2089 4315 2158 4369 de
2189 4315 2285 4369 Dei
2317 4325 2471 4370 utero
2509 4313 2710 4384 glacies
2741 4313 3038 4384 egreditur,
3081 4310 3297 4381 quando
3328 4309 3384 4363 hi
3414 4307 3512 4376 qui

1909 4412 2019 4477 jam
2055 4407 2200 4462 intus
2227 4407 2562 4462 incaluerant
2589 4421 2658 4461 ex
2689 4406 2946 4460 virtutum
2982 4404 3126 4476 dono
3166 4401 3496 4472 frigescunt;

1913 4510 1967 4554 et
2019 4499 2144 4554 inde
2193 4498 2516 4553 exteriorem
2574 4497 2803 4566 gloriam
2861 4505 3132 4564 torpentes
3193 4501 3497 4564 appetunt,

195 4599 514 4652 nullatenus
557 4604 820 4666 penetrat.
859 4595 1134 4662 Scriptum
1180 4592 1378 4660 quippe
1429 4600 1513 4644 est
1547 4607 1560 4641 :
1591 4587 1807 4645 Judicia
1833 4577 1888 4637 Ῑ)
1913 4589 2057 4645 unde
2086 4599 2111 4637 κ
2143 4590 2210 4643 ad
2256 4589 2469 4643 interna
2519 4588 2792 4657 diligenda
2832 4586 3109 4640 ardentius
3148 4584 3378 4656 ﬂagrare
3406 4582 3509 4638 de-

198 4700 293 4742 tua
314 4691 535 4757 abyssus
582 4688 746 4739 multa
795 4684 971 4756 (Psal.
1007 4698 1170 4750 xxxv,
1203 4682 1280 4749 7).
1313 4680 1481 4735 Nemo
1517 4694 1644 4748 ergo
1677 4695 1804 4748 per-

195 4782 434 4836 scrutari
462 4788 678 4850 appetat
706 4793 803 4833 cur
832 4791 953 4833 cum
976 4776 1116 4830 alius
1144 4772 1452 4842 repellitur,
1475 4771 1613 4824 alius
1635 4772 1806 4841 eliga-

200 4885 325 4941 tur;
350 4875 439 4929 vel
459 4888 558 4928 cur
586 4888 706 4928 cum
736 4871 873 4926 alius
894 4870 1133 4941 eligitur,
1160 4870 1298 4924 alius
1321 4867 1650 4935 repellatur;
1678 4867 1804 4936 quia

197 4969 522 5037 superlicies
545 4967 726 5037 abyssi
747 4964 1158 5034 constringitur,
1180 4971 1565 5033 et,,attestante
1593 4960 1802 5017 Paulo:

203 5058 584 5115 lnscrutabilia
619 5068 737 5112 sunt
777 5057 984 5128 judicia
1019 5060 1133 5128 ejus
1157 5095 1172 5121 ,
1211 5065 1260 5109 et
1306 5053 1683 5122 investigabiles
1714 5056 1808 5107 vita

205 5154 311 5220 ejus
335 5153 525 5223 (Rom.
556 5166 629 5217 χι,
657 5149 771 5220 55).

275 5345 298 5371 ι
331 5334 592 5395 Vindoc.,
634 5332 797 5386 Corb.
829 5330 1014 5386 Germ.
1063 5336 1121 5384 et
1169 5329 1307 5397 pler.
1342 5324 1554 5389 Norm.,
1589 5324 1800 5393 lapis...

202 5408 413 5476 gentilis
442 5403 624 5476 populi
651 5403 974 5476 designatur.

276 5476 302 5515 δ
331 5474 534 5538 Laud.,
566 5491 618 5528 se
645 5474 706 5526 de
734 5474 1090 5527 testimatione.

278 5559 301 5587 ε
341 5549 542 5601 Pratel.
570 5553 628 5599 et
651 5544 816 5606 Utic.,
848 5554 1012 5596 uocat.

275 5617 304 5656 ⁴
335 5618 505 5672 Corb.
553 5615 762 5680 Cerm.,
806 5605 1010 5677 Laud.,
1051 5609 1252 5666 Pratel.
1287 5616 1339 5662 et
1369 5605 1442 5680 al.
1471 5606 1684 5680 Nortu.,
1717 5607 1802 5668 ine

204 5679 806 5750 compre/tensibilitas...
838 5689 1080 5738 humana:
1109 5680 1294 5735 mentis
1330 5679 1475 5732 oculo
1505 5679 1802 5734 nullatenus

209 5772 530 5829 penetratur.

288 5843 309 5870 ε
339 5833 505 5886 Miror
533 5828 638 5901 legi
668 5829 722 5885 in
753 5827 946 5896 Gilot.,
973 5823 1284 5884 Gussauvil.
1310 5830 1365 5879 et
1392 5821 1509 5877 aliis
1538 5820 1802 5891 Ed.,dum

1916 4681 2166 4734 buerunt.
2197 4679 2441 4748 Dumque
2470 4679 2572 4732 iste
2597 4679 2788 4745 signis,
2824 4676 2918 4731 ille
2946 4677 3201 4739 scientia,
3248 4675 3352 4729 iste
3375 4687 3508 4743 pro-

1919 4773 2126 4842 phetia,
2181 4773 2272 4826 ille
2311 4770 2520 4841 magnis
2541 4771 2796 4838 operibus
2842 4769 3042 4838 pollet,
3073 4779 3235 4839 atque
3266 4783 3360 4837 per
3390 4769 3510 4823 haec

1916 4867 2055 4920 dona
2086 4865 2303 4934 placere
2332 4863 2640 4917 hominibus
2680 4862 2912 4932 appetit,
2957 4877 3118 4917 omne
3168 4860 3312 4929 quod
3359 4859 3508 4928 prius

1917 4957 2167 5011 intimum
2211 4955 2478 5019 caluerat,
2518 4955 2842 5010 exteriorem
2895 4953 3110 5008 laudem
3158 4953 3418 5022 diligens,
3449 4950 3508 5004 in
3568 4971 3570 4973 ν

1917 5059 2186 5118 torporem
2220 5048 2398 5102 vertit.
2432 5047 2599 5117 Quasi.
2625 5060 2755 5116 ergo
2783 5047 2986 5115 glacies
3015 5047 3080 5099 de
3109 5054 3262 5115 utero
3291 5042 3507 5110 egredi-

1915 5151 2024 5208 tur,
2053 5141 2180 5214 dutn
2209 5149 2329 5211 post
2359 5140 2623 5196 donorum
2654 5139 2912 5194 beneﬁcia
2942 5155 2973 5191 a
3003 5137 3302 5193 visceribus
3332 5137 3506 5203 picta:

1918 5325 2119 5388 cecinit,
2143 5323 2284 5394 quod
2311 5338 2470 5378 sensu
2503 5330 2673 5386 caret,
2706 5318 3252 5394 antecedentibusque
3284 5333 3345 5372 ac
3349 5336 3497 5394 39n-

1917 5389 2264 5464 sequentibus
2294 5395 2568 5450 cohmrere
2596 5408 2700 5446 non
2729 5401 2922 5464 potest.
2957 5389 3302 5464 Antiquiores
3347 5390 3490 5464 Edit.

1916 5459 2090 5521 Paris.
2123 5473 2176 5522 et
2205 5465 2367 5520 Basil.
2398 5466 2595 5518 habent
2623 5477 2742 5515 cum
2773 5459 2898 5516 Mss.
2932 5459 3052 5512 dum
3093 5459 3290 5512 cecidit.
3340 5463 3498 5518 Solos

1915 5537 2142 5597 Turon..
2172 5535 2335 5592 Corb.
2365 5534 2575 5600 Germ.,
2611 5533 2822 5586 Ebroic.
2868 5531 3111 5599 aliosque
3150 5529 3335 5587 Norm.
3379 5532 3494 5589 lau-

1915 5610 2072 5662 dasse
2100 5609 2350 5663 sulliciat.

1991 5678 2009 5715 ί
2046 5680 2268 5745 Pratel.,
2299 5677 2368 5729 ad
2387 5677 2629 5730 uirtutum
2645 5688 2923 5745 summam.

1985 5760 2009 5796 κ
2041 5744 2289 5816 Vindoc.,
2317 5745 2512 5802 Pratel.
2538 5757 2588 5801 et
2617 5745 2686 5800 al.
2708 5744 2917 5812 Norm.,
2942 5744 3012 5797 ad
3031 5751 3240 5799 azterna.
