4004 6350
534 324 631 381 5H

1749 322 1997 382 SANCTI
2040 320 2379 379 GREGORII
2417 318 2637 378 MAGNI
3669 331 3753 390 512

529 436 602 492 tis
630 451 875 508 superna:
905 447 1205 506 separatur.
1237 437 1319 493 An
1348 451 1457 493 non
1491 444 1618 494 sunt
1642 436 1875 509 glacies,
1926 437 2014 508 qui
2062 435 2119 489 in
2143 436 2200 496 Δ
2224 451 2373 507 aqua:
2420 437 2678 490 durantur
2700 475 2715 500 ,
2766 433 3157 507 et'superﬁcies
3204 437 3373 510 abyssi
3420 432 3752 517 constringitur.

529 532 815 590 virtutibus
845 522 980 602 quas
1009 534 1281 600 accipiunt
1311 532 1499 591 laudes
1526 533 1594 588 ab
1636 532 1946 588 hominibus
1977 547 2125 604 qua:-

530 630 691 682 runt?
724 626 788 680 Et
821 636 995 681 tamen
1027 626 1262 682 venienti
1284 626 1453 696 judici
1483 626 1623 683 dona
1646 642 1740 682 sua
1764 626 1835 682 ad
1857 626 1975 697 ejus
2004 641 2123 680 me-

530 708 758 775 moriam
787 729 1126 781 revocantes,
1153 720 1337 774 dicunt
1361 737 1376 775 :
1408 720 1655 786 Domine,
1682 720 1917 787 Domine,
1952 738 2122 777 nonne

530 812 583 866 in
608 813 809 864 nomine
834 820 929 863 tua
951 811 1363 881 praphetavimus
1382 851 1397 877 ,
1422 820 1469 865 et
1494 813 1549 865 iu
1572 812 1780 866 nomine
1806 812 1895 866 tuo
1932 812 2126 866 da'mo-

531 903 618 955 nia
646 903 905 974 ejerimus,
943 913 988 954 et
1019 903 1071 955 in
1104 905 1308 958 nomine
1346 912 1433 957 tuo
1462 904 1669 959 virtutes
1699 905 1886 959 multas
1916 905 2125 976 fecimus

531 993 750 1063 (.llrmh.
784 1008 875 1057 vn,
904 992 1038 1061 22)?
1066 993 1170 1049 Sed
1196 995 1470 1065 quomodo
1503 996 1639 1051 hanc
1680 996 1903 1066 glaciem
1936 996 2123 1050 Domi-

528 1099 630 1139 nus
644 1080 902 1153 ”prnjiciat
928 1087 1188 1154 ostendit,
1225 1087 1412 1142 dicens
1435 1104 1450 1142 ι
1485 1087 1671 1142 Nescio
1696 1104 1786 1145 vos
1811 1087 1952 1142 unde
1974 1088 2123 1153 sitis,

527 1178 773 1232 discedite
797 1194 832 1229 α
856 1194 953 1239 me,
979 1195 1154 1234 omnes
1176 1180 1400 1249 aperarii
1432 1180 1714 1251 iniquitatis
1735 1178 1948 1250 (Ibid.).
1976 1181 2126 1235 llauc

528 1269 751 1339 glaciem
780 1284 921 1327 nunc
952 1271 1002 1325 in
1032 1280 1185 1328 utero
1217 1272 1470 1327 Dominus
1496 1282 1693 1341 portat,
1723 1274 1846 1343 quia
1881 1276 2020 1328 intra
2047 1273 2125 1329 si-

532 1380 657 1419 nmn
694 1364 950 1419 Ecclesiae
997 1366 1211 1424 tolerat.
1246 1366 1351 1423 Sed
1396 1373 1522 1421 tunc
1568 1376 1754 1436 aperte
1788 1366 1967 1437 ejicit,
1999 1383 2121 1423 cum

527 1456 668 1512 tales
692 1473 723 1511 a
749 1459 975 1513 secretis
1001 1457 1311 1513 cmlestibus
1336 1473 1431 1528 per
1449 1467 1748 1513 extremum
1773 1466 1829 1512 et
1852 1457 2122 1527 publicum

524 1550 784 1622 judirium
818 1550 1049 1621 repellit.
1085 1552 1178 1606 llis
1204 1553 1385 1623 itaque
1427 1538 1606 1606 verbis
1636 1552 1760 1621 quid
1793 1562 1978 1621 aperte
2008 1552 2123 1622 agi-

529 1652 636 1707 tur,
667 1644 766 1698 nisi
795 1654 850 1698 ut
876 1645 1060 1700 beatus
1084 1645 1185 1701 .lob
1207 1648 1274 1699 de
1306 1646 1533 1700 summis
1564 1646 1675 1700 suis
1704 1646 1995 1701 virtutibus
2023 1646 2122 1699 bu-

527 1737 801 1805 milietur,‘
831 1754 899 1793 ne
938 1740 989 1793 in
1037 1731 1138 1792 hoc
1188 1739 1331 1809 quod
1387 1740 1524 1793 bene
1573 1740 1807 1794 vivendo
1854 1739 2115 1806 calu’erat,

2227 527 2395 598 Aquae
2432 528 2574 583 enim
2606 522 2704 597 per
2728 527 2955 597 glaciem
2985 528 3038 582 in
3065 530 3346 599 superficie
3373 530 3660 602 durescunt,
3682 542 3759 597 sed

2227 620 2408 676 liuida:
2448 621 2501 677 in
2542 620 2747 677 intimis
2774 632 3075 678 remanent.
3127 624 3194 678 Et
3234 626 3358 693 quid
3390 641 3481 694 per
3506 641 3654 699 aquas
3680 634 3761 691 nisi

2227 714 2372 769 ﬂuxa
2392 714 2683 782 accipimus
2703 712 2862 769 corda
2886 715 3273 785 reproborum?
3295 717 3424 784 Quae
3449 706 3561 775 cum
3584 738 3641 778 ex
3665 741 3762 793 pro-

2227 806 2407 877 posito
2431 805 2682 861 virtutem
2710 806 2986 874 deserunt,
3019 808 3185 864 fortes
3205 824 3264 865 se
3299 810 3349 864 in
3377 811 3523 867 bonis
3551 818 3764 882 operibus

2228 915 2326 971 per
2352 898 2682 970 hypocrisim
2713 900 3039 966 ostendunt;
3070 901 3305 971 dumque
3353 903 3405 957 in
3449 906 3635 961 intimis
3672 916 3764 966 suis

2228 995 2295 1050 ad
2340 996 2467 1051 vitia
2516 995 2776 1060 defluunt,
2826 1000 2881 1051 et
2919 997 3051 1052 foris
3079 1011 3139 1054 se
3168 1009 3469 1054 sanctorum
3498 1015 3557 1056 ac
3583 1002 3764 1060 fortium

2228 1085 2528 1143 imitatores
2560 1087 2784 1157 fingunt,
2820 1088 2983 1158 Aqua:
3009 1090 3062 1143 in
3086 1091 3471 1145 similitudinem
3499 1094 3669 1159 lapidis
3691 1097 3768 1151 du-

2226 1188 2429 1245 rantur,
2475 1189 2522 1234 ει
2560 1182 2855 1251 superﬁcies
2901 1182 3072 1252 abyssi
3118 1170 3501 1255 constringitur,
3542 1186 3652 1252 quia
3684 1203 3762 1255 per

2227 1275 2611 1345 superductam
2652 1275 2953 1329 sanctitatis
2994 1276 3228 1345 speciem
3273 1276 3412 1330 fluxa
3456 1290 3517 1330 ac
3545 1277 3768 1335 instabilis

2228 1380 2417 1422 eorum
2484 1366 2810 1421 conscientia
2871 1365 3181 1421 hominibus
3235 1368 3449 1437 tegitur.
3503 1366 3624 1423 Nam
3670 1387 3766 1427 cum

2227 1457 2575 1526 sibimetipsis
2633 1458 2956 1513 intrinsecus
3015 1467 3197 1528 turpes
3244 1460 3371 1523 sint.
3429 1470 3547 1514 ante
3596 1462 3765 1519 alienos

2227 1559 2406 1605 tamen
2448 1550 2633 1606 oculos
2685 1551 2914 1621 quadam
2952 1551 3156 1605 vivendi
3185 1562 3449 1607 vetustate
3476 1553 3762 1613 vestiuntur.

2298 1647 2386 1700 63.
2418 1642 2779 1712 Prwposteros
2801 1646 3001 1699 virtutis
3023 1645 3223 1713 fructus
3253 1643 3392 1699 Deus
3412 1642 3648 1714 sapienter
3671 1666 3765 1719 pre-

2224 1738 2338 1793 mit.
2362 1767 2433 1779 —
2454 1737 2561 1793 Sed
2591 1752 2659 1792 ne
2681 1738 2802 1807 quis
2834 1738 2948 1792 haec
2976 1738 3141 1791 verba
3173 1737 3382 1791 Domini
3410 1737 3461 1792 in
3493 1739 3671 1792 bonum
3698 1741 3764 1794 in-

528 1833 889 1898 sitperbieudo
938 1834 1216 1904 frigescat,
1247 1840 1305 1888 et
1334 1848 1362 1886 a
1392 1833 1704 1888 Divinitatis
1748 1846 1903 1889 utero
1932 1837 2115 1905 repul-
2150 1821 2198 1883 Β
2226 1831 2394 1901 telligi
2428 1840 2633 1901 partem
2674 1832 2825 1895 velit,
2865 1830 3128 1885 debemus
3153 1831 3232 1885 sic
3259 1830 3422 1884 etiam
3451 1833 3765 1899 qurereutibus

526 1937 619 1978 sus
650 1932 803 1978 exeat
824 1965 838 1989 ,
871 1924 917 1979 si
944 1926 1081 1979 intra
1123 1924 1296 1979 sinum
1327 1925 1410 1980 sui
1440 1923 1619 1980 cordis
1657 1940 1718 1980 se
1748 1924 1989 1982 tumidus
2018 1942 2118 1982 cx-
2156 1976 2163 1987 .

528 2017 722 2070 tollat?

599 2102 742 2180 [νει.
776 2107 882 2163 XX
886 2108 914 2163 1
929 2107 1017 2181 V.]
1060 2109 1149 2165 60.
1193 2109 1463 2182 Superbia:
1492 2127 1662 2178 poma,
1694 2111 1978 2167 induratio.
2006 2112 2121 2177 Quo

522 2218 671 2257 sensu
701 2202 839 2256 Deus
861 2204 1059 2258 dicatur
1085 2205 1350 2259 indurare.
1376 2210 1457 2246 —'-‘
1476 2207 1540 2259 Et
1566 2205 1690 2275 quia
1730 2207 1876 2273 justo
1917 2208 2121 2276 judicio

522 2292 785 2362 superbas
816 2303 1025 2350 mentes
1072 2296 1138 2349 ad
1171 2297 1387 2363 culpam
1427 2296 1611 2365 egredi
1653 2313 1719 2351 ex
1760 2310 1980 2368 accepta
2013 2301 2121 2353 vir-

522 2390 638 2438 tute
667 2385 949 2452 permittit,
982 2396 1131 2441 recte
1167 2388 1343 2442 adhuc
1381 2388 1763 2457 subiungitur:
1797 2388 1864 2443 Et
1894 2392 2013 2463 gelu
2056 2392 2122 2447 de

522 2474 649 2529 calo
697 2475 811 2540 quis
860 2478 1078 2546 genuit?
1132 2470 1453 2548 Plerumque
1508 2481 1650 2534 enim
1707 2481 1848 2535 sacri
1914 2482 2121 2553 eloquii

520 2564 802 2622 scientiam
834 2578 1073 2636 prmstat,
1102 2568 1195 2623 sed
1225 2569 1354 2624 dum
1387 2570 1455 2625 de
1478 2571 1668 2626 eadem
1700 2572 1929 2628 scientia
1956 2575 2002 2629 is
2030 2574 2121 2644 qui

524 2658 719 2729 accipit
746 2661 1035 2724 extollitur,
1064 2661 1227 2734 955
1259 2662 1336 2716 ira
1380 2661 1610 2717 districti
1652 2664 1850 2733 judicis
1895 2666 1950 2720 in
2000 2666 2120 2731 ipso

522 2765 679 2809 Iacro
700 2753 914 2821 eloquio
936 2765 1186 2822 caecatur,
1205 2765 1263 2811 ut
1287 2759 1589 2812 exteriores
1613 2755 1827 2814 favores
1852 2775 1948 2828 per
1970 2761 2119 2818 illam

525 2857 782 2914 sequens,
810 2843 926 2914 ejus
954 2849 1061 2915 jam
1093 2848 1302 2903 interna
1330 2864 1435 2903 non
1467 2847 1680 2915 videat;
1732 2860 1787 2905 et
1831 2853 1922 2922 qui
1969 2853 2114 2910 intus

525 2949 753 2991 manens
780 2936 956 2991 calere
982 2946 1215 3005 poterat,
1240 2939 1492 2995 exeundo
1523 2940 1774 3007 frigescat
1803 2984 1818 3009 ,
1861 2942 2114 3001 duratus-

521 3027 704 3096 quein
736 3026 837 3081 ima
868 3040 1115 3095 corruat,
1147 3030 1239 3100 qui
1288 3032 1354 3085 ad
1405 3032 1771 3105 cognitionem
1825 3035 1921 3092 Dei
1975 3039 2123 3106 prius

416 3136 427 3139 ‘
521 3120 818 3179 tractabilis
840 3119 893 3175 in
924 3124 1148 3176 summis
1168 3123 1627 3193 liquidus‘stabat.
1655 3127 1737 3180 An
1760 3142 1975 3182 sacrum
2006 3132 2121 3185 elo-

2226 1933 2493 1988 astruere,
2531 1920 2557 1960 ά
2588 1923 2878 1977 dummodo
2925 1922 3146 1977 minime
3183 1920 3484 1991 judicemur
3521 1938 3631 1993 qna-
3668 1940 3765 1994 per-

2223 2015 2512 2072 scrutanda
2560 2014 2771 2069 fuerant
2818 2013 3138 2083 neglexisse.
3182 2014 3615 2082 Superioricnim
3643 2029 3766 2070 versu

2224 2108 2460 2164 dicitur:
2492 2106 2618 2172 Quis
2655 2117 2729 2161 est
2769 2105 2956 2175 pluvia:
2992 2116 3139 2179 pater
3174 2107 3255 2160 vel
3292 2106 3404 2176 quis
3443 2108 3602 2177 genuit
3626 2108 3763 2162 stillat

2225 2200 2402 2254 roris?
2433 2199 2734 2267 Statimque
2774 2199 2988 2253 additur
3013 2214 3029 2255 :
3055 2196 3133 2251 De
3162 2201 3316 2268 cujus
3346 2208 3487 2252 utero
3512 2215 3689 2269 egressa
3710 2209 3766 2253 est

2224 2295 2441 2365 glacies,
2485 2303 2533 2347 et
2581 2296 2699 2365 gelu
2736 2294 2801 2348 de
2845 2294 2972 2348 caelo
3009 2286 3125 2362 quis
3167 2293 3382 2363 genuit?
3428 2294 3479 2347 Si
3505 2310 3621 2361 ergo
3643 2293 3765 2348 dictis

2226 2386 2660 2458 praecedentibus
2700 2400 2934 2455 sequens
2976 2385 3242 2439 sententia
3282 2400 3387 2437 non
3418 2384 3602 2452 diSpari
3638 2399 3764 2441 sensu

2226 2480 2591 2549 conjungitur,
2626 2479 2869 2549 profecto
2895 2475 3022 2531 etin
3051 2476 3246 2532 bonam
3285 2486 3487 2544 partem
3517 2476 3653 2531 nobis
3675 2477 3763 2545 ejus

2226 2572 2579 2640 intelligentia
2634 2572 2752 2625 sine
2807 2568 3087 2624 obstaculo
3142 2568 3480 2637 difficultatis
3552 2569 3758 2637 aperitur.

2228 2663 2373 2738 [Vet.
2397 2662 2499 2717 XX
2513 2662 2604 2741 γε]
2628 2663 2795 2717 Terra
2820 2648 2966 2716 enim
2998 2675 3118 2716 cum
3142 2675 3263 2714 cum
3275 2658 3491 2728 pluitur,
3535 2659 3698 2728 jactata
3721 2659 3758 2713 in

2226 2773 2345 2814 eam
2376 2758 2581 2811 semina
2618 2756 2848 2812 feracius
2879 2764 2902 2792 ο
2934 2754 3186 2821 ligantur.
3219 2751 3330 2807 Sed
3361 2767 3568 2807 rursum
3593 2754 3630 2807 si
3651 2752 3752 2804 illam

2227 2853 2404 2923 pluvia
2434 2849 2838 2906 immoderatius
2867 2848 3071 2917 irrigat,
3100 2844 3120 2884 ί
3149 2847 3201 2899 in
3222 2845 3409 2900 culmo
3434 2834 3746 2915 pinguedinem

2226 2943 2481 3002 frumenti
2510 2940 2869 3011 virtutemque
2908 2948 3096 2994 mutat.
3138 2937 3231 2993 Sin
3283 2953 3412 2992 vero
3440 2938 3665 3006 jactatum
3687 2948 3748 2987 se-

2227 3054 2355 3095 men
2398 3045 2517 3107 post
2564 3036 2797 3101 pluviam
2843 3032 2965 3101 gelu
3014 3033 3302 3102 premitur,
3354 3044 3459 3097 quo
3499 3028 3614 3082 foris
3643 3024 3761 3091 citius

2229 3144 2496 3200 apparere
2526 3126 2832 3197 repellitur,
2862 3139 2928 3179 eo
2959 3124 3104 3177 intus
3126 3122 3410 3177 fecundius
3433 3121 3701 3183 radicatur;
3724 3124 3766 3172 et

522 3212 706 3305 quium
736 3212 932 3268 caelum
964 3228 1068 3268 nou
1098 3223 1198 3278 est,
1220 3215 1359 3284 quod
1391 3216 1532 3271 diem
1560 3218 1718 3273 nobis
1738 3219 2117 3290 intelligentiae
2147 3212 2194 3275 C
2224 3237 2332 3291 quo
2364 3228 2575 3273 vetetur
2608 3216 2883 3286 progredi,
2914 3214 3125 3282 cogitur
3154 3213 3524 3282 multiplicari,
3550 3210 3654 3281 quia
3673 3223 3765 3262 cum

520 3306 794 3377 aperiens,
820 3307 935 3361 sole
966 3322 1066 3362 nos
1090 3308 1315 3376 iustitia:
1363 3308 1627 3375 illustrat,
1672 3312 1816 3382 quod
1848 3313 1973 3367 dum
2018 3330 2117 3369 nos

521 3399 646 3454 vitae
690 3401 970 3469 praesentis
1000 3416 1103 3457 nox
1134 3402 1409 3469 continet,
1451 3404 1626 3458 stellis
1650 3406 1806 3461 nobis
1835 3409 2119 3462 mandato-

521 3507 642 3550 rum
667 3492 867 3560 fulget?
889 3495 995 3550 Sed
1020 3495 1143 3564 quia
1165 3504 1377 3565 Oportet
1398 3511 1516 3553 esse
1542 3498 1797 3575 haereses,
1828 3510 1883 3553 ut
1905 3502 2116 3569 probati

523 3584 798 3642 manifesti
827 3585 953 3639 fiant
980 3583 1037 3657 (I
1056 3582 1175 3641 Cor.
1202 3604 1277 3654 xl,
1301 3587 1553 3659 i9),cum
1584 3592 1651 3646 ab
1685 3592 1959 3647 intellectu
1978 3608 2121 3649 sano

526 3690 683 3732 luens
713 3677 944 3748 superba
972 3678 1269 3748 repellitur,
1297 3681 1500 3736 ultione
1526 3681 1753 3738 districti
1777 3685 1977 3755 judicis
1998 3687 2120 3757 gelu

524 3767 595 3826 de
622 3769 762 3825 ctelo
790 3780 1106 3840 generatur,
1139 3781 1197 3827 ut
1224 3787 1345 3827 cum
1398 3773 1510 3843 ipsa
1543 3776 1821 3844 Scriptura
1866 3766 2020 3832 sacra
2067 3779 2123 3833 in

524 3864 818 3921 electorum
848 3857 1105 3918 cordibus
1126 3866 1331 3932 caleat,
1360 3881 1455 3921 eos
1496 3869 1586 3936 qui
1629 3884 1688 3923 se
1716 3870 1949 3940 superbe
1979 3872 2123 3929 scire

524 3962 787 4025 appetunt
810 3970 839 4008 a
868 3969 927 4010 se
953 3954 1179 4025 frigidos
1212 3958 1445 4012 emittat.
1478 3956 1555 4015 lbi
1585 3961 1785 4030 quippe
1818 3973 2003 4029 errant
2034 3964 2125 4019 ubi

510 4042 802 4114 corrigere
822 4053 1002 4100 errata
1031 4045 1366 4113 debuerant;
1396 4057 1451 4102 et
1471 4048 1596 4103 dum
1626 4065 1656 4103 a
1688 4067 1923 4120 superna
1959 4054 2124 4109 intel-

527 4137 747 4208 ligentia
796 4138 1193 4206 reSplendeutis
1221 4141 1451 4211 eloquii,
1481 4152 1538 4197 et
1576 4143 1822 4199 obdurati
1848 4145 1974 4214 ipsi,
2012 4156 2037 4184 ι
2072 4155 2127 4202 et

520 4229 805 4309 seducturi
830 4241 1082 4295 caeteros,
1113 4235 1442 4299 corrunt,ad
1470 4235 1574 4288 ima
1598 4236 1875 4293 venientes
1901 4249 1956 4293 ut
1977 4241 2123 4307 gelu,
2166 4254 2171 4263 ‘

531 4330 588 4377 et
608 4321 741 4376 alios
770 4324 1090 4393 astringunt.
1124 4323 1488 4393 Semetipsum
1521 4335 1698 4382 tamen
1737 4329 1997 4384 Dominus
2023 4333 2125 4387 hoc

530 4423 652 4493 ge'u
678 4420 897 4491 gignere
937 4421 1211 4489 perbibet,
1250 4438 1355 4479 non
1403 4424 1545 4493 quod
1581 4439 1869 4493 pravorum
1920 4436 2129 4483 mentes

533 4511 651 4582 ipse
680 4510 747 4566 ad
772 4513 982 4581 culpam
1013 4513 1226 4578 formet,
1256 4514 1350 4569 sed
1383 4515 1522 4582 quod
1578 4534 1606 4568 ει
1662 4518 1817 4585 culpa
1850 4533 1956 4572 non
1995 4518 2129 4574 libe-

2226 3316 2295 3373 ab
2337 3316 2624 3369 immaturo
2671 3320 2791 3364 ortu
2840 3309 3207 3377 restringitur,
3272 3316 3299 3355 ε
3343 3322 3406 3361 ex
3459 3301 3766 3373 conceptionis

2226 3423 2339 3464 sua:
2378 3406 2546 3478 946
2576 3403 2832 3458 tarditate
2862 3402 3098 3455 laxatum
3122 3399 3184 3453 ad
3210 3398 3445 3455 fructum
3471 3396 3666 3453 uberius
3689 3395 3765 3448 im-

2226 3499 2427 3572 pletur.
2474 3496 2610 3565 Quid
2648 3504 2732 3549 est
2761 3508 2891 3565 ergo
2915 3492 3060 3563 quod
3104 3492 3370 3547 Dominus
3417 3491 3559 3563 prius
3597 3488 3760 3558 quidem

2227 3570 2435 3663 patrem
2464 3605 2525 3645 se
2563 3588 2758 3659 pluvia:
2804 3585 3057 3645 insinuat,
3088 3584 3435 3655 postmodum
3466 3596 3587 3639 vero
3612 3580 3669 3634 de
3688 3590 3757 3633 tuo

2228 3683 2412 3757 egredi
2454 3691 2610 3737 utero
2638 3680 2863 3750 glaciem
2895 3686 3101 3740 narrat,
3133 3691 3305 3744 seque
3343 3676 3464 3745 gelu
3511 3675 3699 3745 gignere
3720 3670 3767 3769 de

2228 3778 2366 3834 coelo
2390 3775 2719 3845 pronuntiat,
2754 3772 2854 3826 nisi
2877 3769 3017 3840 quod
3043 3768 3181 3823 miro
3207 3769 3377 3824 modo
3399 3767 3562 3822 nostri
3587 3767 3771 3834 pectoris

2230 3881 2432 3928 terram
2464 3872 2530 3925 ad
2562 3866 2903 3935 suscipienda
2947 3862 3099 3918 verbi
3152 3865 3363 3918 semina
3386 3905 3401 3928 ,
3448 3870 3502 3915 et
3537 3858 3669 3927 prius
3699 3868 3771 3925 per

2229 3963 2457 4019 occulue
2490 3960 2677 4031 gratiae
2719 3957 2950 4026 pluviam
2986 3954 3241 4019 infundit,
3276 3964 3333 4010 et
3363 3953 3696 4024 postmodum,
3722 3960 3773 4000 ne

2232 4056 2289 4112 in
2318 4052 2594 4122 conceptis
2620 4052 2910 4105 virtutibus
2939 4046 3348 4103 immoderatius
3377 4046 3617 4117 profluat,
3645 4036 3773 4095 disci-

2231 4150 2381 4221 plina
2404 4147 2607 4202 intimze
2633 4141 3051 4213 dispensationis
3074 4138 3295 4211 premit,
3323 4150 3379 4193 ut
3403 4153 3556 4209 quam
3582 4138 3775 4200 accepta

2231 4244 2420 4316 gratia:
2455 4239 2637 4309 pluvia'
2663 4230 2879 4307 irrigat,
2921 4235 3081 4290 etiam
3123 4234 3424 4305 disciplima
3450 4232 3589 4301 rigor
3614 4224 3775 4281 astrin-

2234 4348 2361 4409 gat,
2404 4352 2472 4391 ne
2515 4334 2562 4389 si
2605 4342 2699 4386 aut
2740 4340 3026 4399 antequam
3065 4328 3247 4392 debet,
3292 4336 3384 4381 aut
3414 4326 3671 4395 plusquam
3706 4328 3777 4418 ne-

2236 4444 2394 4487 cesse
2452 4435 2535 4482 est
2587 4432 2881 4493 conceptas
2937 4421 3165 4476 virtutes
3216 4421 3493 4488 proferat,
3544 4414 3702 4478 fruges
3738 4414 3776 4459 in

2236 4521 2462 4577 herbam
2510 4517 2727 4572 vertat?
2777 4515 3102 4579 Plerumque
3132 4510 3276 4566 enim
3329 4508 3399 4564 ab
3448 4498 3776 4562 inchoantibus

532 4615 637 4671 rat,
667 4606 804 4661 sicut
829 4608 1088 4674 scriptum
1120 4616 1202 4661 est
1230 4626 1241 4660 :
1276 4606 1390 4676 Ego
1422 4609 1685 4664 obdurabo
1714 4627 1802 4664 cor
1834 4610 2130 4669 Pharaonis
2157 4598 2210 4658 Ῑ)
2235 4630 2370 4683 Opus
2416 4613 2615 4668 bonum
2648 4609 2774 4663 dum
2809 4606 3118 4677 priusquam
3169 4610 3388 4672 Oportet
3432 4596 3723 4653 ostenditur,
3755 4600 3777 4638 α

537 4697 734 4768 (Exod.
765 4713 835 4761 κ,
866 4697 981 4768 27).
1030 4698 1184 4765 Quod
1235 4700 1357 4769 quia
1414 4701 1840 4758 misericordter
1886 4703 2132 4760 emollire

536 4790 732 4857 noluit,
763 4792 999 4857 profecto
1027 4793 1271 4849 districta
1299 4793 1328 4832 ιο
1359 4811 1419 4850 se
1449 4796 1743 4853 obdurasse
1770 4799 2056 4853 nuntiavit.

608 4883 698 4938 61.
744 4884 967 4939 Amissa
1000 4887 1221 4951 virtutis,
1255 4889 1439 4941 virtute
1481 4891 1663 4960 imago
1712 4907 1846 4961 sirpe
1870 4894 2131 4947 retinetur.

538 4980 675 5048 Quia
703 4994 832 5035 vero
861 4993 983 5033 cum
1016 4980 1264 5034 inchoata
1293 4980 1458 5036 divini
1484 4985 1692 5039 timoris
1722 4994 1743 5021 ο
1764 4988 1949 5039 ~virtus
1979 4990 2136 5041 amit-

488 5130 497 5137 ,
544 5075 696 5144 titur,
728 5084 951 5145 propter
992 5075 1251 5129 humanas
1300 5075 1486 5131 laudes
1531 5077 1741 5132 virtutis
1785 5080 1959 5151 imago
2002 5081 2134 5135 reti-

546 5180 728 5253 netur,
786 5178 934 5224 recte
974 5156 1354 5237 subiungitur:
1386 5166 1454 5222 In
1499 5169 1892 5226 similitudinem
1944 5173 2168 5244 lapidis;

614 5292 641 5321 ι
675 5283 902 5347 Turon.,
941 5291 990 5337 et
1021 5282 1313 5339 seductores
1344 5283 1535 5340 caueri.
1567 5283 1761 5353 Laud,
1784 5294 1834 5340 et
1852 5287 2143 5345 seductores

541 5358 735 5410 ueteris
760 5364 1026 5409 corruant.

617 5422 644 5463 δ
679 5426 731 5479 In
763 5426 924 5480 Corb.
972 5422 1157 5481 Germ.
1207 5432 1263 5480 et
1294 5422 1479 5493 ‘Edit.,
1532 5442 1586 5481 se
1631 5426 1904 5482 obdurare.
1948 5430 2142 5487 Melius

545 5497 674 5554 Mss.
708 5497 900 5563 Lamb,
936 5496 1150 5552 Ebroic.
1181 5504 1237 5552 et
1262 5497 1351 5551 alii
1382 5496 1593 5564 Norm.,
1625 5515 1678 5551 se
1710 5502 2011 5557 obdurasse.

623 5581 644 5607 ο
696 5567 973 5634 Vindoc.,'
1008 5567 1204 5633 Laud.,
1248 5568 1464 5624 Ebroic.
1505 5580 1561 5625 et
1599 5571 1671 5625 al.
1714 5569 1923 5638 Nortn.,
1978 5574 2133 5628 virtus

546 5639 820 5695 omittitur.

624 5686 869 5776 311236.,
892 5709 1015 5763 dum
1053 5686 1259 5784 mundo
1293 5708 1493 5784 minimi
1524 5712 1845 5784 judicantur.
1889 5714 2179 5783 Comm.“

548 5784 794 5846 tissime;
823 5796 942 5849 qua;
987 5792 1164 5852 tamen
1210 5781 1596 5837 dissimulanda
1626 5800 1729 5839 non
1782 5781 2132 5852 censuimus,

553 5866 610 5911 ut
641 5868 706 5910 ex
739 5852 841 5908 boc
868 5853 986 5907 loco
1013 5851 1181 5908 lector
1211 5863 1468 5923 agnoscat
1492 5854 1846 5924 castigatione
1884 5851 2135 5925 indigere

2235 4702 2799 4778 grano~perfectionis
2843 4698 3104 4761 inanitur,
3143 4704 3197 4751 et
3233 4695 3544 4762 plerumque
3597 4687 3779 4778 virtutes

2237 4770 2363 4856 dum
2387 4770 2506 4866 plus
2528 4811 2686 4867 quam
2717 4806 2939 4848 necesse
2955 4798 3039 4844 est
3060 4787 3358 4843 exuberant
3378 4770 3780 4867 exbalanullntlc

2239 4902 2296 4950 et
2336 4864 2630 4947 electorum
2683 4899 2902 4941 suorum
2947 4882 3202 4936 Dominus
3229 4880 3465 4935 velante
3496 4882 3686 4939 tempus
3710 4864 3783 4916 tle-

2241 4985 2439 5042 sideria
2489 4982 2689 5042 renuit.
2736 4978 2820 5033 vel
2852 4990 3066 5031 rursum
3095 4979 3150 5028 in
3174 4983 3416 5040 tempore
3446 4967 3574 5021 ultra
3604 4970 3783 5015 mensu-

2242 5094 2359 5135 ram
2407 5073 2679 5145 profectus
2718 5069 2936 5140 premit.
2987 5082 3056 5121 ne
3096 5064 3143 5120 si
3174 5073 3268 5120 aut
3294 5069 3570 5129 antequam
3600 5050 3779 5144 debentt

2246 5162 2338 5228 aut
2367 5169 2487 5239 plus
2529 5181 2689 5243 quam
2732 5163 2952 5239 debent,
2986 5157 3291 5229 proficiant,
3323 5166 3420 5223 per
3446 5146 3695 5219 profectus
3715 5149 3779 5190 sol

2248 5285 2504 5341 Codicem
2544 5282 2707 5336 bunc.
2738 5277 3168 5335 Membranarum
3202 5273 3342 5329 enim
3373 5273 3660 5323 nostrarum
3682 5265 3756 5309 cor

2248 5355 2737 5488 “filiisﬁliiiiﬁ
3420 5415 3527 5463 vet.
3548 5400 3675 5458 Εάίιο
3700 5393 3778 5448 Ρ³’

2246 5499 2345 5557 ris.
2379 5515 2427 5555 et
2466 5498 2628 5552 Basil.
2660 5495 2977 5564 lugreeenlj.
3012 5490 3272 5564 τὶθαηιανο
3301 5554 3311 5564 _
3372 5551 3383 5564 ,
3477 5490 3694 5564 γέμῃ-,ε

2326 5540 2345 5609 ἓ
2379 5533 3773 5624 ’ἶς’άῆῖῖἰέπέὀὶιῖἶῗόὲτᾉιῗζ’ἑὶῖὶίιιηιε,Ατειυοιεριξιζιιε

2243 5641 2373 5697 Mss.
2386 5613 2897 5704 ,
2914 5613 3116 5695 Laud”,
3136 5626 3347 5683 Ebroic.
3372 5613 3588 5686 aliisque
3602 5613 3773 5666 Nomio,

2244 5711 2709 5783 qnnsrsequimur.
2796 5777 2810 5783 _
2900 5775 2932 5783 _
2998 5772 3012 5783 _
3092 5771 3129 5783 η
3311 5762 3538 5783 ΑΗΔ-,-
3601 5752 3620 5783 ..

2317 5757 2863 5852 i'"vi.iiia'c'l',’i;aud.,
2892 5772 3056 5833 Corb.
3088 5771 3273 5847 Germ.
3301 5774 3357 5823 et
3383 5762 3583 5847 Narnia
3601 5757 3650 5807 ίπ
3675 5757 3774 5803 ⁶⁰³⁴

2243 5855 2512 5921 ceptionis.
