4036 6348
286 384 401 449 815

1024 385 1389 449 MORALIUM
1426 387 1556 447 LIB.
1598 387 1796 447 XXIX.
1838 417 1910 430 —
1948 386 2015 446 ΙΝ
2053 388 2283 446 CAPUT
2324 388 2593 448 XXXVIII
2635 392 2699 448 Β.
2742 391 2885 450 JOB.

3463 395 3573 455 δη

282 509 712 581 magnitudinem
766 508 825 566 in
872 509 1123 567 elationis
1171 512 1439 568 delectum
1484 511 1698 567 cadant.
1741 510 1877 566 Nam
1905 514 1958 574 Α
2056 506 2147 564 65.
2173 508 2467 563 Adversitas
2503 511 2807 566 ualentiores
2843 511 3007 583 efﬁcit
3041 523 3269 570 unctos.
3295 539 3365 557 ι-
3392 516 3576 575 Potest

281 617 410 659 cum
442 617 536 657 cor
570 609 692 673 post
717 612 934 673 peccata
964 605 1363 675 compuugitur,
1394 614 1539 659 terra
1565 618 1686 672 qua:
1716 616 1874 657 arue-

284 707 374 753 rat
400 696 671 753 inlusione
703 697 893 766 pluvia:
932 698 1136 768 rigatur
1163 715 1177 764 ;
1206 708 1263 753 et
1289 712 1411 753 cum
1443 697 1647 752 relictis
1678 693 1878 763 iniqui-

282 793 489 845 tatibus
530 789 670 846 bona
712 790 935 861 exsequi
966 806 1128 863 opera
1169 794 1437 862 proponit,
1468 793 1618 862 quasi
1651 802 1769 862 post
1796 792 1876 847 in-

283 888 550 940 fusionem
580 900 763 939 semen
795 886 1010 955 accipit.
1043 895 1070 921 ι
1105 886 1168 939 Et
1200 885 1441 955 plerique
1464 902 1585 957 cum
1608 885 1875 941 desideria

280 986 469 1030 sancta
502 976 829 1044 concipiunt,
864 976 916 1029 in
948 975 1172 1030 summis
1196 976 1309 1049 jam
1339 975 1365 1014 δ
1393 976 1635 1032 exerceri
1667 975 1877 1032 virtuti-

282 1065 383 1119 lms
404 1066 753 1120 inardescunt
782 1076 833 1119 ut
857 1082 962 1120 non
986 1068 1158 1120 solum
1188 1070 1339 1137 culpa
1368 1069 1743 1137 operationem
1767 1083 1874 1122 non

280 1158 546 1225 inquinet,
580 1158 673 1211 sed
708 1172 805 1212 nec
828 1157 1218 1226 cogitationem
1250 1159 1445 1228 pulset.
1475 1158 1541 1213 Et
1564 1160 1739 1213 adhuc
1759 1160 1878 1228 qui-

277 1248 404 1301 dem
438 1250 489 1301 in
520 1264 745 1317 corpore
794 1248 960 1317 positi
1001 1259 1147 1316 sunt,
1198 1250 1294 1304 sed
1328 1250 1401 1304 nil
1427 1248 1538 1317 jam
1572 1250 1776 1320 perpeti
1806 1248 1877 1307 de

277 1342 661 1396 communione
702 1343 984 1410 przesentis
1024 1342 1145 1396 vita:
1185 1343 1409 1408 volunt;
1442 1343 1635 1397 imitari
1666 1358 1759 1412 per
1788 1342 1876 1397 iu-

276 1435 576 1490 temionem
604 1445 625 1473 ε
653 1434 918 1490 internam
969 1435 1165 1490 mentis
1214 1433 1562 1489 stabilitatem
1592 1443 1873 1506 appetunt,

276 1526 375 1583 sed
409 1527 885 1582 intervenientibus
925 1525 1316 1582 tentationibus
1354 1526 1783 1592 reverberantur,
1817 1534 1878 1579 ut

278 1618 530 1674 videlicet
580 1618 911 1673 infirmitatis
963 1634 1077 1673 suae
1126 1617 1493 1687 meminerint,
1542 1625 1601 1673 et
1644 1616 1768 1673 elati
1806 1616 1877 1697 de

277 1710 571 1767 virtutibus
600 1726 734 1782 quas
765 1710 1035 1781 accipiunt
1081 1725 1188 1765 non
1231 1709 1362 1764 sint.
1402 1708 1555 1776 Quod
1582 1708 1711 1763 dum
1740 1708 1875 1763 mira

278 1798 955 1893 disciplintelrepressioue
984 1803 1179 1875 agitur,
1212 1803 1338 1874 quid
1362 1802 1503 1857 aliud
1529 1816 1689 1871 quam
1713 1816 1876 1871 super

1979 602 2143 656 etiam
2193 602 2246 656 in
2296 601 2421 671 gelu
2469 604 2550 659 vel
2599 604 2769 674 glacie
2812 605 3094 674 praesentis
3122 607 3247 662 vita
3276 607 3577 668 adversitas

1979 692 2275 763 designari,
2320 709 2439 765 qua:
2486 695 2612 749 dum
2644 692 2984 765 “asperitate
3028 712 3123 754 sua
3173 711 3386 757 sanctos
3426 716 3579 760 come
3628 732 3629 737 π

1979 787 2181 854 primit,
2229 786 2553 843 valentiores
2594 788 2789 843 reddit.
2840 792 2976 845 Dum
3008 790 3165 857 \enim
3195 808 3294 848 nos
3323 795 3576 865 omnipo-

1980 887 2098 933 tens
2146 878 2287 934 Deus
2344 880 2604 935 molestiis
2650 883 2901 936 exerceri
2959 882 3240 950 permittit,
3293 894 3455 955 atque
3503 883 3575 941 ad

1978 970 2219 1025 melioris
2237 973 2365 1025 vita:
2392 981 2593 1026 statum
2622 972 3019 1029 interveniente
3052 976 3264 1030 tristitia
3295 979 3571 1045 provehit,

1978 1064 2116 1118 miro
2149 1065 2377 1119 consilio
2407 1080 2573 1134 super
2600 1062 2833 1121 futuram
2880 1068 3087 1138 frugem
3117 1070 3237 1139 gelu
3265 1079 3321 1125 et
3344 1071 3573 1139 glaciem

1977 1161 2163 1230 gignit,
2210 1169 2267 1214 ut
2310 1160 2515 1216 electus
2559 1161 2785 1231 quisque
2833 1162 2885 1215 in
2936 1161 3034 1218 bac
3066 1163 3197 1229 vita,
3232 1172 3483 1231 tanquam
3518 1148 3603 1219 in!

1979 1253 2179 1319 hieme,
2202 1254 2429 1310 adversa
2450 1262 2733 1309 ventorqu
2757 1264 2811 1310 et
2833 1253 3090 1326 frigorum
3117 1255 3329 1320 toleret,
3352 1265 3409 1311 et
3426 1258 3575 1312 velut

1978 1342 2033 1399 in
2081 1345 2268 1400 aestiva
2315 1345 2608 1400 serenitate
2658 1347 2996 1415 postmodum
3040 1346 3244 1402 fructus
3289 1363 3425 1418 quos
3478 1349 3569 1405 bic

1978 1436 2289 1507 conceperit
2326 1436 2684 1491 demonstret.
2726 1437 2880 1499 Unde
2907 1448 2961 1494 et
2984 1440 3165 1505 sponsi
3186 1454 3329 1494 ,voce
3364 1440 3571 1495 unicui-

1978 1540 2084 1596 que
2126 1527 2318 1580 animte
2359 1536 2480 1597 post
2521 1526 2679 1596 hujus
2704 1527 2888 1582 mundi
2931 1528 3172 1584 turbines
3198 1530 3265 1582 ad
3296 1529 3386 1584 illa
3415 1544 3576 1585 auer-

1980 1619 2163 1674 nitatis
2205 1634 2417 1675 amoena
2466 1621 2775 1689 prOperanti
2822 1621 3021 1676 dicitur
3060 1639 3074 1676 :
3111 1621 3299 1693 Surge,
3326 1638 3571 1692 propera,

1980 1714 2150 1767 amica
2195 1730 2326 1777 mea,
2364 1713 2595 1781 formosa
2632 1730 2767 1781 mea,
2811 1723 2867 1781 et,
2897 1714 3043 1779 veni;
3080 1715 3197 1783 jam
3236 1716 3373 1769 enim
3414 1714 3576 1769 hiems

1982 1804 2209 1869 transiit,
2240 1804 2401 1858 imber
2427 1804 2550 1858 abiit
2576 1814 2622 1858 et
2653 1806 2863 1858 recessit
2898 1804 3074 1876 (Cant.
3106 1821 3165 1871 Il,
3198 1806 3309 1875 10).
3334 1807 3424 1860 Ἐι
3449 1804 3573 1876 quia

284 1895 518 1951 infusam
558 1897 911 1967 terram.gelu
941 1896 1009 1952 de
1034 1897 1175 1952 caelo
1214 1896 1541 1966 generatur?
1570 1895 1708 1964 Quid
1732 1894 1875 1950 aliud
1908 1902 1956 1963 Β
1986 1905 2011 1934 ε
2042 1898 2088 1951 si
2112 1898 2233 1979 sola.
2255 1896 2408 1951 nobis
2436 1901 2630 1951 adsunt
2651 1912 2906 1968 prospera
2934 1900 3214 1965 solvimur,
3244 1899 3311 1953 ad
3345 1899 3571 1955 virtutes

281 2005 442 2060 quam
481 1988 545 2045 de
587 1991 678 2044 Dei
715 1999 871 2045 utero
921 1991 1119 2061 glacies
1168 1990 1511 2061 produc‘tur,
1556 1990 1772 2059 quindo
1806 1988 1874 2044 de

285 2082 499 2135 interno
544 2093 756 2137 secreto
800 2083 1131 2152 dispensatio
1158 2083 1454 2153 egreditur,
1488 2090 1543 2136 et
1572 2083 1873 2138 voluntates

276 2183 484 2226 nostra:
512 2172 671 2227 etiam
706 2173 759 2226 in
792 2172 947 2226 bonis
976 2172 1257 2228 desideriis
1288 2172 1598 2227 frenantur?

347 2262 438 2318 65.
496 2263 647 2329 Quod
683 2264 919 2331 edentulo
968 2263 1031 2320 S.
1082 2263 1243 2318 Pauli
1290 2266 1651 2333 conﬁrmatur.
1686 2262 1876 2317 —Vi-

272 2356 527 2420 deamus,
561 2357 779 2423 Paulus,
813 2357 985 2412 infusa
1036 2357 1290 2413 videlicet
1341 2367 1504 2421 terra,
1537 2366 1733 2427 quanta
1764 2355 1876 2411 dis-

270 2448 494 2516 ciplina:
552 2447 720 2516 glacie
782 2459 1081 2517 prematur,
1112 2452 1237 2504 dum
1289 2450 1419 2503 ait:
1466 2448 1607 2502 Velle
1670 2448 1875 2520 adjacet

268 2537 425 2604 mihi,
471 2540 714 2607 perﬁcere
751 2548 923 2595 autem
970 2542 1155 2595 bonum
1194 2557 1296 2595 non
1335 2541 1539 2595 invenio
1564 2539 1742 2612 (Rom.
1777 2555 1870 2607 vti,

273 2628 391 2700 18).
425 2631 525 2699 Qui
556 2633 699 2687 enim
733 2633 872 2687 velle
904 2633 1101 2688 habere
1130 2647 1191 2687 se
1220 2634 1435 2697 asserit,
1463 2632 1573 2701 jam
1606 2647 1701 2702 per
1731 2630 1872 2685 infu-

272 2720 489 2777 sionem
535 2725 743 2794 gratiae,
795 2739 916 2793 quae
946 2724 1000 2779 in
1029 2740 1088 2779 se
1119 2725 1320 2779 lateant
1367 2725 1573 2779 semina
1612 2720 1871 2781 ostendit.

274 2815 386 2870 Sed
419 2816 545 2870 dum
580 2816 840 2886 perlicere
882 2818 1081 2872 bunum
1115 2834 1222 2872 non
1254 2818 1481 2879 invenit.
1518 2819 1762 2887 profecto
1789 2817 1871 2873 in-

272 2911 422 2966 dicat
472 2920 672 2980 quanta
718 2910 866 2965 illum
916 2911 1340 2981 dispensationis
1384 2926 1632 2981 superna:
1672 2911 1872 2979 glacies

272 3015 507 3078 premat.
541 3008 625 3063 An
658 3009 758 3063 ista
789 3007 987 3077 glacies
1021 3019 1208 3077 eorum
1238 3003 1402 3058 corda
1435 3018 1540 3057 non
1576 3012 1866 3071 presserat,

268 3100 472 3166 quibus
499 3100 706 3156 dicebat
728 3142 745 3168 ,
782 3100 850 3156 Ut
877 3116 980 3154 non
1002 3114 1319 3171 quaecunque
1347 3086 1517 3157 vultis,
1549 3095 1641 3148 illa
1664 3093 1868 3166 faciatis

269 3189 421 3262 (Gal.
453 3207 503 3257 v,
540 3193 669 3263 l7)?
710 3197 787 3249 Ac
826 3192 873 3246 si
916 3200 1102 3261 aperte
1145 3189 1390 3245 diceret:
1420 3188 1641 3271 Occulta
1688 3188 1867 3243 cordis

1982 2003 2110 2044 vero
2133 1990 2326 2043 melius
2355 2004 2449 2059 per
2471 1990 2697 2045 adversa
2738 1991 3054 2059 solidarnur,
3104 2000 3250 2047 recte
3292 1993 3575 2062 subjungi-

1978 2078 2273 2149 tur:[Vet.
2329 2078 2603 2151 XXVI“
2642 2078 2710 2135 In
2757 2083 3147 2137 similitudinem
3192 2082 3383 2151 lapidis
3430 2097 3579 2148 aqua

1979 2173 2256 2227 durantur.
2301 2174 2505 2229 blentes
2553 2176 2697 2230 enim
2745 2193 2864 2247 qua:
2898 2193 2993 2246 per
3036 2193 3293 2248 prospera
3339 2179 3577 2234 molliter

1979 2263 2248 2319 tinxerant
2286 2266 2593 2321 constrictae
2618 2267 3033 2323 adversizatibus
3061 2268 3389 2333 durescunt;
3423 2278 3478 2322 et
3505 2268 3574 2324 ad

1977 2356 2386 2416 similitudinem
2421 2358 2613 2429 lapidis
2651 2375 2788 2429 aqua
2819 2359 3152 2429 perducitur,
3188 2362 3402 2432 quando
3424 2358 3574 2415 infir-

1977 2460 2099 2499 mus
2129 2447 2357 2517 quisque
2390 2463 2485 2518 per
2515 2459 2787 2518 acceptam
2820 2450 3052 2520 desuper
3085 2452 3420 2506 tolerantiam
3450 2465 3574 2521 pas-

1978 2539 2161 2593 siones
2191 2546 2271 2593 sui
2306 2542 2714 2610 ltedemptionis
2760 2544 3017 2601 imitatur.
3071 2545 3127 2599 In
3159 2524 3571 2601 similitudinem

1978 2632 2175 2711 quippe
2218 2632 2414 2700 lapidis
2459 2649 2598 2702 aqua
2641 2634 2923 2702 duruerat,
2956 2653 3077 2691 cum
3106 2637 3196 2692 ille
3224 2640 3371 2708 prius
3400 2640 3575 2707 impa-

1983 2721 2124 2776 tiens
2152 2737 2466 2792 persecutor
2504 2727 2842 2795 postmodum
2878 2728 3071 2783 Paulus
3100 2730 3345 2785 dicebat:
3373 2728 3575 2800 Impleo

1976 2829 2038 2867 ea
2075 2831 2191 2885 qua:
2228 2817 2409 2871 desunt
2460 2820 2762 2886 passionum
2804 2818 2997 2873 Christi
3028 2820 3080 2874 in
3107 2836 3262 2875 carne
3288 2838 3400 2876 utea
3440 2820 3571 2893 (Co-

1979 2906 2100 2971 luss.
2129 2922 2165 2972 l,
2192 2905 2309 2976 24).
2380 2932 2385 2935 ι
3148 2916 3149 2919 “
3498 2970 3503 2985 δ

1997 2994 2005 3004 ’
2049 3001 2138 3055 66.
2183 3001 2248 3054 Et
2271 3003 2338 3055 ad
2357 3002 2563 3067 interna
2594 3004 2729 3057 dona
2750 3003 3086 3058 custodienda
3112 3004 3275 3077 magis
3303 3004 3575 3061 sollicitos.

1974 3118 2046 3131 —
2076 3091 2290 3161 thuia
2329 3108 2451 3148 cum
2502 3095 2887 3165 deprimuntur
2914 3093 3174 3160 adversis,
3208 3095 3459 3150 solertnus
3496 3095 3551 3150 in

1978 3195 2132 3241 terna
2162 3187 2303 3242 dona
2338 3186 2669 3253 custodiunt,
2711 3199 2858 3243 recte
2886 3187 3144 3242 additur:
3174 3186 3241 3241 Et
3276 3188 3577 3257 superﬁcies

273 3284 442 3337 vestri
484 3284 689 3339 semina
713 3283 824 3354 jam
858 3284 1075 3354 prodire
1119 3283 1173 3337 in
1216 3283 1421 3353 frugem
1465 3291 1734 3351 quarunt,
1777 3280 1872 3337 sed
1901 3271 1948 3336 C
1981 3278 2155 3347 abyssi
2184 3279 2574 3349 constringitur.
2605 3278 2755 3334 Solet
2782 3278 3133 3356 enimimtitia
3162 3294 3355 3333 art-ana
3380 3280 3578 3335 tuentis

273 3376 496 3443 superni
532 3376 917 3431 moderaminis
955 3375 1074 3446 gelu
1107 3386 1445 3445 premuntur,
1483 3382 1540 3428 ut
1571 3384 1718 3428 tanto
1755 3382 1875 3443 post
1930 3440 1933 3447 ,

272 3462 562 3521 fecundius
611 3476 827 3534 exeant,
876 3477 1082 3539 quanto
1128 3468 1295 3523 divini
1342 3466 1528 3539 iudicii
1571 3469 1872 3538 prementia

275 3559 515 3629 pondera
546 3562 829 3629 patientius
862 3571 1097 3630 portant.

349 3651 493 3725 [Υιι.
534 3652 637 3708 XX
655 3651 776 3727 γι.]
817 3654 903 3707 64.
948 3654 1081 3708 lude
1119 3670 1299 3725 graves
1338 3661 1601 3725 emergant
1641 3652 1877 3727 tentatioj

273 3760 389 3810 nes,
428 3761 543 3816 qua:
581 3747 705 3800 bene
729 3746 927 3800 tivendi
957 3746 1324 3800 consuetudine
1347 3758 1684 3812 superantur.
1712 3776 1783 3786 κ-
1806 3746 1875 3802 Et

274 3835 404 3902 quia
434 3812 745 3907 plerumque
796 3838 1030 3891 liutnana
1071 3836 1233 3891 corda
1285 3836 1540 3906 quoniam
1586 3850 1874 3907 erumpere

275 3926 346 3981 ad
399 3926 625 3982 virtutes
670 3944 800 3997 quas
849 3935 1110 3998 appetunt
1141 3942 1246 3981 non
1277 3928 1480 3994 valent,
1522 3943 1589 3983 eo
1619 3930 1736 3998 ipso
1764 3945 1872 3998 quo

276 4019 348 4073 ab
394 4019 704 4075 intentionis
753 4035 865 4074 suae
921 4019 1251 4089 perfectione
1296 4020 1571 4087 resiliunt,
1622 4022 1874 4075 tentatio-
1924 4078 1925 4081 η

274 4127 407 4179 nutu
438 4112 671 4167 stimulis
702 4112 1010 4183 fatigantur,
1041 4112 1135 4168 sed
1167 4121 1343 4168 tamen
1374 4113 1589 4167 easdem
1625 4113 1874 4169 tentatio-

274 4221 377 4261 nes
404 4192 785 4277 cogitationum
809 4208 1192 4277 comprimunt,
1220 4223 1387 4277 seque
1414 4223 1507 4277 per
1526 4206 1689 4279 957
1719 4223 1873 4264 exer-

273 4301 546 4356 citationis
590 4296 835 4356 usumin
881 4302 1111 4368 quodam
1164 4299 1377 4353 vivendi
1424 4299 1602 4369 rigore
1647 4313 1870 4366 compo-

274 4403 438 4460 nunt,
472 4394 609 4448 bene
648 4393 939 4447 subditur:
966 4391 1035 4446 In
1068 4392 1457 4445 similitudinem
1497 4390 1686 4462 lapidis
1725 4407 1874 4462 aqua:

206 4496 209 4499 ‘
275 4488 558 4541 durantur.
607 4487 743 4554 Quia
788 4488 889 4542 etsi
943 4474 1123 4541 ﬂuxze
1153 4485 1504 4555 c0gilationes
1537 4485 1762 4540 interius
1794 4485 1871 4541 la-

275 4590 525 4649 cessum,
574 4594 912 4651 nequaquam
971 4588 1150 4633 tamen
1205 4591 1376 4647 usque
1426 4577 1493 4630 ad
1546 4593 1870 4632 consensum

1979 3370 2214 3439 aperire,
2242 3380 2402 3440 atque
2432 3371 2723 3439 aperiendo
2750 3371 3031 3438 amittere;
3058 3370 3283 3426 adversa
3304 3386 3430 3427 vero
3452 3386 3576 3427 cum

1980 3476 2084 3516 nos
2112 3464 2351 3516 exterius
2383 3454 2716 3532 deprimunt,
2749 3463 2975 3518 interius
3006 3463 3277 3518 cautiores
3321 3463 3577 3519 reddunt.

1977 3554 2106 3609 P05t
2134 3554 2255 3624 gelu
2297 3554 2478 3623 itaque
2508 3554 2595 3609 vel
2624 3556 2851 3625 glaciem
2884 3555 3203 3625 superﬁcies
3232 3553 3417 3625 abyssi
3446 3570 3575 3635 con:

1977 3647 2278 3716 stringitur,
2328 3647 2453 3716 quia
2498 3660 2649 3702 mens
2677 3653 2883 3713 nostra,
2930 3646 2998 3700 ad
3040 3646 3407 3700 conservanda
3454 3660 3574 3714 pro-

1978 3739 2142 3794 funda
2190 3739 2331 3793 dona
2380 3755 2499 3808 qua:
2529 3741 2821 3809 acceperit,
2861 3738 3281 3795 adversitatibus
3311 3740 3571 3794 munitur.

1928 3824 1929 3829 “
1979 3831 2179 3901 Abyssi
2216 3830 2359 3885 enim
2390 3846 2516 3901 sua:
2559 3829 2896 3899 superﬁciem
2949 3829 3111 3885 Isaias
3151 3830 3574 3897 constrinxerat,

1975 3914 2099 3981 cuin
2130 3925 2340 3979 dicebat
2366 3898 2679 3979 :'Secretum
2723 3940 2892 3978 meum
2931 3922 3080 3994 mihi,
3122 3933 3369 3977 secretum
3409 3937 3574 3975 ineun-

1976 4017 2104 4069 milii
2134 4015 2291 4084 (lsai.
2333 4032 2479 4081 xxiv,
2511 4015 2624 4087 16).
2650 4015 2846 4087 Abyssi
2868 4029 2981 4072 sua:
3010 4016 3351 4085 superﬁciem
3375 4013 3573 4069 Paulus

1975 4113 2398 4178 constrinxerat,
2439 4110 2534 4180 qui
2567 4117 2644 4165 tot
2674 4102 2927 4181 periculis
2953 4125 3017 4166 ac
3043 4110 3461 4165 adversitatibus
3490 4109 3573 4164 in-

1975 4204 2201 4269 sudans,
2246 4204 2346 4259 sub
2394 4213 2659 4274 prtetextu
2687 4202 2965 4277 cujusdam
2991 4204 3057 4259 de
3088 4202 3379 4271 semetipso
3404 4201 3550 4272 loqui

1978 4306 2083 4365 tur,
2123 4297 2349 4352 dicens:
2379 4297 2569 4351 Audiui
2596 4312 2791 4350 arcana
2828 4295 2998 4363 verba,
3044 4302 3159 4366 qute
3199 4312 3301 4349 non
3331 4296 3444 4349 licet
3481 4296 3576 4348 Ito-

1974 4392 2101 4445 mini
2124 4391 2264 4462 loqui
2291 4387 2378 4461 (11
2414 4387 2534 4444 Cor.
2562 4405 2657 4456 xu,
2691 4388 2771 4459 4).
2797 4388 2863 4442 Et
2893 4403 3105 4442 rursum
3135 4404 3148 4439 :
3185 4386 3357 4440 Pareo
3378 4395 3572 4455 autem,
3616 4396 3631 4407 “

1975 4497 2039 4534 ne
2076 4482 2188 4550 quis
2218 4496 2295 4533 me
2325 4481 2575 4535 existimet
2610 4496 2769 4550 supra
2804 4478 2860 4531 id
2900 4479 3036 4547 quod
3084 4477 3218 4530 videt
3252 4478 3307 4530 in
3342 4493 3441 4542 me,
3482 4484 3574 4530 aut

1976 4575 2119 4626 audit
2157 4571 2175 4611 ῐ
2226 4574 2423 4644 aliquid
2452 4590 2515 4627 ea:
2554 4588 2634 4625 me
2674 4570 2865 4641 (lbid.,
2888 4568 2973 4641 '6).
3004 4570 3103 4638 Qui
3134 4570 3292 4639 igitur
3319 4570 3452 4624 foris
3480 4570 3573 4641 ad-

275 4673 440 4744 pravi
471 4674 651 4744 operis
683 4673 924 4729 trahunt.
957 4671 1063 4726 Sed
1104 4684 1257 4726 mens
1287 4670 1386 4724 sub
1416 4669 1597 4723 inolita
1625 4669 1760 4726 bene
1792 4670 1870 4725 vi-
1898 4670 1954 4732 D
1982 4681 2140 4723 versa
2170 4668 2434 4732 tolerans,
2462 4682 2529 4722 ne
2561 4666 2789 4719 fortasse
2814 4665 2867 4719 in
2895 4662 3147 4718 laudibus
3176 4663 3454 4731 deflueret,
3487 4679 3573 4718 ar-

275 4766 443 4821 vendi
484 4764 873 4820 consuetudine
914 4762 1066 4834 quasi
1095 4762 1195 4817 sub
1224 4761 1451 4831 quadam
1484 4760 1678 4814 duritia
1710 4772 1864 4815 exte-

274 4858 392 4914 rius
422 4857 702 4912 abscondit
731 4855 984 4926 quidquid
1028 4855 1174 4908 intus
1198 4853 1286 4907 ‘ex
1334 4849 1642 4906 tentationis
1689 4851 1868 4922 pulsa-

278 4952 429 5005 tiooe
468 4949 751 5005 mollescit.
798 4948 949 5004 Unde
986 4956 1040 5002 et
1080 4946 1218 5002 bene
1257 4944 1595 5015 subiungitur
1627 4962 1639 4997 :
1668 4943 1735 4998 Et
1772 4962 1861 4999 su-

274 5044 514 5117 perﬁcies
542 5043 711 5114 abyssi
743 5042 1133 5111 constringitur.
1165 5040 1299 5107 Quia
1328 5055 1489 5117 prava
1527 5039 1784 5111 cogitatio
1814 5049 1870 5095 et

279 5114 327 5192 si
378 5114 547 5206 usque
592 5137 658 5191 ad
701 5135 1103 5206 suggestionem
1145 5135 1310 5199 venit,
1348 5114 1515 5204 usque
1545 5122 1611 5187 ad
1640 5148 1871 5188 consen-

279 5245 400 5284 sum
447 5243 556 5284 non
596 5230 828 5299 prosilit,
870 5228 996 5300 quia
1037 5226 1354 5281 fluctuantes
1384 5236 1557 5281 motus
1585 5226 1751 5282 animi
1780 5240 1872 5281 su-

280 5324 571 5397 perductus
594 5322 739 5396 rigor
758 5333 960 5380 sanctze
983 5320 1388 5379 deliberationis
1417 5322 1634 5389 premit.
1663 5346 1671 5354 -

351 5499 380 5527 ⁸
409 5488 519 5544 Αι..
548 5492 598 5540 et
624 5486 940 5555 plerumque.

352 5559 381 5601 δ
414 5557 608 5621 Luud.,
640 5571 896 5610 exercere.
1868 5586 1875 5593 κ

357 5642 379 5669 ο
417 5630 611 5692 l.aud.,
656 5627 872 5680 Ebroic.
912 5624 1112 5694 aliique
1144 5623 1350 5688 Norm.,
1394 5632 1639 5677 azternam
1685 5621 1844 5675 menti

277 5702 636 5757 stabilitatem.
681 5698 841 5753 Corb.
888 5696 1099 5765 Gerun,
1130 5713 1217 5766 per
1251 5700 1429 5750 inteut.
1464 5705 1643 5748 ment.s
1687 5705 1865 5748 wtern.

278 5775 598 5908 mitam"
623 5838 788 5896 Corb.
818 5838 1033 5907 Germ.,
1057 5838 1275 5895 Ebroic.
1304 5838 1497 5909 aliique
1525 5835 1737 5907 Norm.,
1768 5837 1865 5894 sub

278 5917 575 5986 asperitate.

1983 4773 2117 4813 cana
2148 4774 2243 4813 sua
2274 4758 2482 4828 aperire
2530 4756 2820 4821 metuebat,
2856 4756 2983 4826 quid
3024 4753 3167 4809 aliud
3206 4770 3365 4825 quam
3395 4770 3571 4811 secre-

1985 4862 2160 4906 torum
2201 4866 2422 4904 suorum
2454 4851 2706 4921 abyssum
2738 4864 2833 4919 per
2858 4847 3207 4904 eoustrictam
3233 4846 3571 4917 superﬁciem

1974 4943 2282 5016 presserat?
2321 4942 2577 5015 sequitur
2595 4942 2611 4997 Ξ

2350 5033 2578 5089 eaeor
2620 5031 2790 5087 χχχι
2818 5031 2968 5107 [Rec.
3000 5029 3187 5104 XVI].

2045 5126 2213 5184 Vsus.
2242 5125 2333 5183 51.
2362 5157 2435 5167 -
2464 5125 2720 5196 Nunquid
2747 5127 3060 5197 conjungere
3100 5122 3289 5178 ualebis
3326 5121 3571 5174 micantes

1975 5223 2151 5278 stellas
2198 5220 2479 5291 Pleiades,
2535 5212 2861 5291 aut‘gyrum
2908 5200 3119 5272 Arcturi
3176 5213 3366 5286 poteris
3416 5208 3571 5265 dissi-

1980 5333 2103 5386 pare
2122 5320 2147 5373 ?

2064 5490 2089 5519 ο
2119 5479 2280 5535 Multa
2303 5479 2390 5533 hic
2417 5478 2613 5535 desunt
2640 5477 2692 5530 in
2724 5477 2868 5534 Edit.
2897 5471 3060 5527 Gilot.
3092 5478 3149 5524 et
3177 5466 3451 5531 Vaticana,
3480 5465 3570 5524 ubi

1978 5550 2176 5621 legitur
2198 5568 2213 5604 :
2236 5554 2278 5604 si
2301 5550 2410 5604 sola
2433 5548 2576 5621 nobis
2596 5548 2787 5601 adsunt
2809 5559 3073 5619 prospera,
3097 5540 3415 5621 solidantur;
3436 5552 3570 5593 con-
3598 5588 3624 5609 ο

1980 5618 2064 5677 tra
2103 5623 2274 5678 sancti
2324 5618 2570 5678 Duc-toris
2616 5632 2876 5685 lllelllelll,
2929 5622 3112 5685 veram
3166 5618 3443 5685 pietatem,
3496 5622 3565 5665 ac

1978 5693 2106 5748 Mss.
2160 5695 2341 5747 tidem.
2372 5691 2429 5744 In
2462 5688 2673 5757 Anglic.
2726 5679 3282 5763 enimLNormannis,
3334 5679 3565 5763 furens,

1977 5764 2172 5827 Laud.,
2204 5764 2366 5817 Corb.
2401 5763 2613 5826 ὕεται,
2643 5769 2779 5826 etc,,
2809 5760 2970 5818 lectio
2993 5766 3176 5814 ucstra
3198 5760 3489 5812 invenitur.

2051 5834 2072 5874 ί
2107 5836 2269 5890 Deest
2294 5831 2494 5903 aliquid
2523 5833 2577 5888 in
2609 5831 2785 5890 Laud.
