2002 3175
278 142 332 172 515

307 186 400 236 ’948
415 198 462 227 67.
484 189 562 233 Quid
588 195 707 224 Pleiades
728 199 751 223 et
774 194 977 222 Ανοιιιτιηιοεί
993 193 1077 221 omni-

280 246 421 283 potentiam
441 247 585 281 pensantes,
608 242 770 277 inﬁrmitatis
789 247 885 269 nostra:
897 241 1076 268 admonemur.

263 309 265 313 ι
280 307 318 315 —-
330 292 454 320 Pleiades
467 290 553 318 stellae
565 289 617 317 ἀπὸ
630 291 676 317 τοῦ
687 288 820 321 πλιιστου,
841 286 869 314 id
881 292 952 317 est~a
967 286 1078 322 plurali-

281 342 338 365 tate
351 340 453 364 vocata
471 339 545 363 sunt.
565 335 605 362 Ita
625 338 716 361 autem
739 333 835 360 vicinae
859 332 912 360 sibi
934 336 962 360 et
984 331 1079 371 divisa:

282 373 491 413 sunt-conditas,
513 384 543 407 ut
562 384 591 406 et
610 379 689 407 simul
706 379 775 410 sint.
797 382 826 405 et
848 382 936 405 tamen
952 376 1078 412 conjungi

264 430 266 433 ’
283 435 452 463 nequaquam
475 426 591 461 possint,
615 429 749 460 quatenus
777 428 790 443 λ
810 424 949 451 vicinitate
970 423 1078 458 quidem

264 496 266 500 .
284 474 435 509 conjunctae
457 472 523 505 sint,
547 471 594 499 sed
608 475 681 498 tactu
701 470 853 505 disiunctae.
870 471 1002 497 Arcturus
1013 476 1079 497 vero

283 521 321 548 ita
346 524 477 547 nocturna
499 523 621 554 tempora
635 518 763 550 illustrat,
780 522 809 544 ut
822 517 849 544 in
864 516 926 545 (ιωιί
941 523 992 544 axe
1006 516 1079 552 posi-

263 577 267 580 ’
284 573 327 596 tus
341 575 388 602 per
402 567 509 595 diversa
524 574 555 594 se
569 569 669 599 vertat,
684 572 734 594 nec
749 569 839 592 tamen
855 563 972 591 occidat.
987 563 1080 598 Neque

284 614 357 641 enim
376 617 451 642 extra
467 612 481 632 ιτ
494 620 525 640 se
547 618 661 640 currens
681 611 806 643 volvitur,
825 609 871 638 sed
887 610 985 637 inloco
999 609 1080 642 situs,

265 668 268 671 ·
283 660 312 688 in
324 659 428 687 cunctis
443 658 536 686 mundi
552 657 674 693 partibus
688 663 857 691 nequaquam
878 652 990 683 casurus
1003 654 1081 686 incli-

262 717 266 720 λ
286 711 376 734 natur.
392 704 461 738 Quid
475 711 539 739 ergo
554 707 596 731 est
608 702 680 738 quod
696 702 778 729 homo
792 708 824 729 ex
839 704 910 729 terra
925 701 1020 734 factus,
1041 704 1080 727 at-

288 758 341 786 que
354 751 380 777 in
396 756 466 777 terra
480 749 583 784 positus
599 747 703 784 (Cenes.
716 754 748 779 ιι,
764 746 805 780 7),
826 745 862 786 de
880 745 982 773 ctelesti
996 745 1081 773 admi-

263 778 448 824 .'n.istratione
462 778 617 827 discutitur,
631 793 693 828 quia
708 792 832 821 Pleiades
842 778 1007 826 c‘onjungere
1026 797 1079 818 non

261 860 263 862 η
286 843 371 876 valet,
397 849 464 877 quas
488 840 591 868 vicinas
615 838 791 873 sibimetipsis
818 837 940 865 conditas
963 842 991 868 et
1012 843 1080 871 pene

262 906 265 910 ι
285 888 444 923 coniunctas
463 887 550 920 videt,
560 885 622 920 quia
635 885 742 913 Arcturi
756 891 853 919 gyrum
873 883 1006 920 dissipare
1025 889 1079 910 non
1096 891 1119 920 Β

263 954 266 957 .
285 934 385 968 potest,
403 939 482 967 quem
498 938 586 958 tamen
601 937 714 958 eernere
734 929 791 964 ipsa
807 936 854 956 sua
869 929 999 963 vertigine
1013 936 1080 963 pene

286 978 446 1012 disIsipatum
463 976 570 1012 potest?
581 977 622 1004 An
638 982 666 1002 nt
681 976 707 1002 in
723 975 782 1003 istis
792 973 949 1008 ministeriis
963 974 1081 1002 auctoris

230 1032 234 1038 ν
286 1024 432 1060 potentiam
455 1029 584 1058 pensans,
610 1020 774 1049 inﬁrmitatis
793 1028 850 1048 sua:
869 1020 1032 1053 meminerit,
1052 1024 1082 1047 et

285 1068 441 1105 eum'quem
454 1068 541 1096 adhuc
553 1068 578 1096 in
592 1067 734 1102 majestate
748 1073 795 1093 sua
809 1065 901 1093 videre
913 1072 965 1092 non
977 1069 1082 1100 poterat

284 1123 365 1150 quam
387 1116 422 1142 sit
437 1113 634 1142 inaestimabilis
657 1113 683 1140 in
709 1112 767 1147 ipsa
792 1111 1002 1140 ministeriorum
1026 1118 1082 1138 cm-

285 1160 397 1189 Iestium
408 1159 603 1196 gubernatione
618 1157 784 1193 perpendat?

318 1234 420 1262 Sensus
441 1242 581 1262 nrs'ricus.
594 1250 631 1255 —
646 1234 785 1263 Pleiadum
799 1235 902 1263 nomine
913 1237 995 1263 sancti
1013 1237 1082 1264 desi-

283 1286 407 1326 gnantu‘r.
423 1296 458 1301 -—
469 1281 517 1309 68.
532 1273 585 1308 Séd
601 1289 650 1308 cur
669 1282 720 1309 ista
742 1283 887 1316 loquimur,
908 1282 954 1317 qui
972 1283 1082 1310 stimulo

221 1343 224 1350 -
283 1319 398 1355 rationis
425 1334 561 1362 urgemur,
585 1332 614 1354 ut
637 1327 694 1354 hazc
717 1327 797 1354 verba
819 1328 940 1362 mysticis
959 1327 1082 1355 sensibus

285 1373 395 1408 gravida
422 1374 637 1408 cognoscamus?
660 1372 732 1409 [Vel.
747 1372 798 1400 XX
808 1372 903 1410 VIII.]
923 1374 991 1407 Quid
1010 1375 1081 1402 enim

285 1422 416 1450 micantes
441 1422 574 1454 Pleiades,
589 1428 650 1456 quae
663 1425 691 1449 et
704 1418 808 1456 septem
824 1426 897 1456 sunt,
915 1421 986 1466 aliud
1002 1416 1081 1457 quam

285 1473 394 1496 sanctus
415 1475 509 1495 omnes
527 1467 699 1500 denuntiant,
716 1468 761 1501 qui
778 1467 848 1494 inter
862 1467 1004 1502 prmsentis
1022 1468 1082 1495 vita;

285 1514 409 1541 tenebras
430 1504 593 1548 septiformis
613 1508 731 1550 Spiritus
750 1512 844 1548 gratiae
870 1520 920 1551 nos
935 1512 1036 1551 lumine
1051 1512 1083 1539 il-

283 1559 410 1591 lustrant,
427 1558 472 1593 qui
486 1558 522 1585 ab
537 1557 593 1592 ipSa
616 1557 709 1584 mundi
731 1558 835 1592 origine
861 1555 946 1592 usque
966 1557 999 1585 ad
1022 1557 1083 1592 ejus

257 1596 260 1600 Δ
287 1607 429 1633 terminum
462 1604 575 1631 diversis
612 1602 778 1639 temporibus
806 1603 840 1630 ad
866 1603 1078 1639 proplietandum

255 1638 260 1687 ξ
286 1652 373 1686 missi,
391 1656 417 1679 et
430 1651 505 1685 juxta
524 1649 626 1685 aliquid
646 1650 694 1677 sibi
717 1638 850 1684 conjuncti
870 1645 947 1681 sunt,
962 1653 988 1676 et
999 1648 1079 1687 juxta

256 1690 259 1695 ’
286 1697 384 1732 aliquid
406 1695 551 1731 disjuncti?
576 1694 666 1722 Stellae
683 1695 754 1721 enim
769 1693 902 1726 Pleiades,
916 1694 985 1721 sicut
999 1692 1079 1728 supra

255 1736 260 1778 ί
285 1743 385 1770 dictum
401 1748 453 1776 est,
471 1741 608 1769 vicinitate
633 1741 684 1768 sibi
708 1732 860 1775 conjuncti‘n
877 1736 951 1773 sunt,
966 1738 994 1768 et
1007 1736 1080 1776 tactu

286 1789 436 1822 disjunclae.
463 1787 548 1815 Simul
569 1787 675 1822 quidem
696 1786 755 1814 sita:
776 1783 848 1818 'suni,
868 1790 895 1814 et
910 1784 999 1814 tamen
1014 1786 1081 1814 lucis

285 1842 340 1862 sure
354 1840 365 1854 ο
379 1835 478 1861 viritim
497 1833 586 1861 radios
604 1833 727 1859 tundunt.
740 1831 753 1850 α
767 1832 804 1859 l'ta
816 1835 910 1860 omnes
922 1833 1007 1860 sancti
1021 1833 1081 1860 aliis

284 1884 366 1914 atque
381 1879 439 1906 aliis
459 1879 491 1905 ad
515 1873 713 1913 praedicandum
730 1875 895 1912 temporibus
911 1882 1080 1912 apparentes,

256 1921 258 1925 ’
285 1932 312 1953 et
327 1926 454 1960 disjuncti
471 1929 533 1951 sunt
546 1932 592 1959 per
610 1924 741 1951 visionem
754 1931 810 1951 sua:
824 1923 958 1959 imaginis,
975 1929 1002 1951 et
1016 1922 1082 1951 con-

283 1971 370 2007 juncti
388 1979 435 2006 per
447 1968 622 1998 intentionem
644 1969 753 1996 mentis.
778 1968 864 1996 Simul
884 1969 995 2003 micant,
1018 1970 1081 2004 quia

256 2011 259 2014 ’
286 2025 368 2045 unum
391 2016 537 2052 praedicant
551 2024 557 2048 ;
574 2015 621 2042 sed
636 2023 689 2042 non
704 2009 864 2049 semetipst
880 2018 1002 2049 tangunt,
1018 2014 1082 2049 quia

288 2065 316 2091 iu
333 2063 426 2090 divisis
441 2062 608 2097 temporibus
623 2060 784 2096 partiuntur.
896 2056 898 2059 ’

327 2118 373 2147 69.
393 2109 502 2151 ὀιηηεδΙ
518 2117 596 2144 etiam
615 2117 658 2153 qui
673 2115 803 2155 Christum
818 2120 1011 2151 praeesserunt,
1026 2123 1084 2155 eum

256 2202 258 2204 μ
288 2165 442 2203 pradicant,
458 2169 482 2191 et
494 2157 629 2191 Trinitatis
652 2155 812 2198 mysterium.
827 2177 862 2181 -—
873 2161 957 2207 Quam
970 2159 1084 2204 diversis

289 2213 458 2248 temporibus
477 2211 556 2245 Abel,
580 2210 680 2248 Isaias”
701 2215 729 2237 et
747 2210 863 2238 Joannes
887 2211 1081 2245 apparuerunt!

290 2260 375 2288 Divisi
397 2259 505 2294 quidem
529 2252 638 2298 luerunt
662 2261 795 2299 tempore,
819 2248 866 2283 sed
887 2263 940 2282 non
955 2255 1084 2299 pradica-

254 2331 258 2335 ,
290 2307 374 2334 tione.
386 2306 451 2340 Nam
464 2304 530 2332 Abel
541 2303 730 2338 Redemptoris
743 2301 826 2329 nostri
839 2300 990 2336 passionem
1002 2297 1084 2335 signi-

291 2353 386 2385 ﬁcans,
400 2359 497 2389 agnum
512 2351 539 2378 in
554 2348 689 2378 sacriﬁcio
710 2348 806 2375 obtulit
818 2342 922 2383 (Gener.
938 2345 973 2378 tv,
991 2346 1030 2382 4),
1051 2341 1085 2374 de

290 2398 368 2434 cujus
393 2394 518 2434 passione
541 2395 623 2435 Isaias
644 2395 700 2421 ait:
718 2393 793 2421 Sicut
816 2400 899 2434 agnus
919 2389 1006 2419 coram
1027 2397 1085 2419 lon-

290 2444 365 2471 dente
378 2451 404 2470 ει
419 2443 583 2473 obmutescet,
598 2445 621 2468 et
634 2438 789 2475 nondperiet
802 2447 829 2465 os
841 2446 914 2465 suum
932 2437 1008 2473 (lini.
1025 2435 1083 2471 ut",

290 2489 330 2525 7).
347 2488 385 2516 De
395 2495 449 2526 quo
463 2488 580 2527 Joannes
591 2493 698 2525 quoque
712 2482 749 2511 ait
762 2493 768 2511 :
781 2483 849 2527 Ecce
860 2492 942 2519 agnus
953 2484 1011 2518 Dei,
1029 2491 1085 2512 ecce

253 2564 256 2568 ,
289 2537 334 2572 qui
356 2536 424 2564 tollit
445 2525 548 2572 peccata
566 2534 657 2562 mundi
679 2534 770 2574 (Joan.
783 2527 803 2575 ι,
816 2525 875 2570 29).
898 2532 968 2560 Ecce
992 2534 1087 2577 divisis

327 2631 341 2646 ι
356 2625 425 2654 Malo
440 2625 466 2652 in
480 2624 564 2656 Edil.,
579 2624 709 2651 uicinitate
724 2623 846 2656 quadam.
1084 2647 1088 2651 ,

329 2662 343 2682 h
358 2661 497 2689 Omittitur
518 2668 545 2687 se
556 2660 583 2688 in
603 2659 700 2692 Laud.,
717 2656 799 2686 Corb.
814 2658 909 2687 Germ.
925 2665 957 2687 ac
972 2656 1086 2692 Pratel.,

298 2698 413 2732 aliisque
427 2696 519 2733 l‘iorm.
596 2730 618 2733 __
673 2730 688 2733 η
723 2729 729 2733 _
765 2729 781 2733 _
877 2729 898 2733 __
928 2702 943 2733 ·

330 2738 343 2753 ο
351 2728 543 2767 Siclegendurn
551 2737 586 2758 ex
596 2730 660 2767 Mss.
668 2729 749 2758 Corb.
761 2729 866 2767 (ὶιει-ιιι.⁷
877 2729 969 2767 Norm.
978 2734 1009 2767 et
1018 2728 1087 2767 aliis,

292 2777 345 2796 non
358 2765 485 2795 oariaiim.
502 2766 608 2794 Viritim
622 2766 665 2793 hie
675 2766 826 2800 opponitur
839 2766 976 2800 particula
986 2765 1088 2798 simul;

292 2800 373 2838 supra
389 2803 449 2830 νει.
466 2803 514 2830 Ed.
530 2802 616 2829 Paris.
638 2806 665 2829 et
685 2801 767 2829 Basil.
794 2801 894 2829 habent
915 2800 1024 2834 mistim,
1039 2800 1087 2828 sed

294 2841 431 2873 comtpte.

293 2882 299 2888 -
329 2872 343 2892 ⁴
358 2874 452 2905 haud,
466 2874 503 2900 ita
517 2873 599 2900 sancti
609 2872 735 2899 homines.

879 113 1002 166 sanari
1021 134 1185 178 cnsconu
1205 134 1313 164 MAGNI
1364 131 1369 134 ‘

1843 141 1887 174 5n

1092 197 1116 225 Α
1129 192 1237 227 quidem
1257 188 1421 228 temporibus
1443 188 1534 226 missi,-
1550 196 1578 220 et
1595 196 1684 222 tamen
1696 196 1850 226 concorditer
1862 191 1889 229 de

1129 237 1320 272 Redemptoris
1330 239 1415 267 nostri
1439 238 1593 272 innocentia
1614 241 1764 275 seruientes.
1786 236 1889 272 eumdem

1127 290 1226 319 agnum
1241 283 1358 312 Joannes
1372 284 1552 327 ostendendo,
1564 284 1646 315 Isaias
1656 287 1825 329 prtevidlendo,
1837 290 1890 323 ᾼιιει

1128 329 1270 361 oderendo
1293 331 1399 358 locutus
1418 335 1480 363 est;
1501 335 1530 359 et
1547 338 1626 365 quem
1649 331 1762 366 Joannes
1780 333 1806 361 in
1818 341 1893 369 osten-

1128 376 1217 409 sione,
1237 383 1317 411 quem
1334 375 1416 411 Isaias
1430 375 1457 403 in
1476 375 1621 410 locutione,
1640 375 1711 411 hunc
1727 377 1790 413 Abel
1808 380 1894 415 signiti-

1129 420 1215 456 cando
1227 420 1252 447 in
1266 420 1388 457 manibus
1403 420 1499 448 tenuit.

1165 465 1211 494 70.
1231 465 1299 502 Quia
1321 466 1401 501 igitur
1424 465 1558 501 quomodo
1576 465 1699 494 Pleiades
1721 467 1800 495 stellae
1813 468 1842 496 de
1855 469 1896 496 Ιιιι-

1130 512 1259 539 manitate
1281 510 1470 547 Redemptoris
1491 511 1543 540 sibi
1557 512 1699 540 concinant
1710 512 1829 546 diximus,
1839 522 1898 543 nunc

1110 582 1113 586 ,
1129 556 1264 593 quomodo
1275 556 1303 584 in
1313 556 1477 585 ostendenda
1488 557 1591 585 unitate
1602 557 1739 595 Trinitatis
1749 560 1898 588 concorditer

1133 602 1241 630 luceant
1260 602 1490 638 demonstremus.
1510 603 1628 631 Diversis
1642 604 1741 640 quippe
1756 607 1898 640 temporibus

1130 646 1194 685 buic
1216 648 1317 683 mundo
1336 648 1430 688 David,
1448 648 1538 681 Isaias
1552 652 1580 686 et
1601 649 1699 677 Paulus
1717 651 1846 688 apparuit;
1860 653 1899 679 sed

1132 697 1220 731 tamen
1235 693 1323 728 nullus
1341 685 1434 730 eorum
1446 693 1523 728 alteri
1538 694 1674 735 diverspm
1687 685 1779 730 sensit,
1793 696 1848 734 quia
1861 698 1899 736 etsi

1131 739 1292 777 semetipsos
1313 746 1366 776 non
1388 746 1517 779 noverant
1543 740 1623 774 facie,
1649 749 1732 778 unum
1752 746 1835 782 tamen
1848 743 1900 782 didi-

1131 789 1225 821 cerant
1238 792 1270 823 ex
1282 785 1371 829 divina
1385 786 1551 826 cognitione.
1565 786 1648 825 David
1663 787 1761 827 quippe
1774 793 1810 824 ut
1828 794 1901 827 aucto-

1131 837 1188 864 rem
1205 830 1326 858 omnium
1340 835 1351 848 ε
1368 830 1453 869 Deum
1469 832 1495 859 in
1513 830 1644 870 Trinitate
1657 832 1818 874 ostenderet,
1830 833 1900 860 dixit:

1131 874 1272 919 Benedicaf
1293 885 1338 904 nos
1350 876 1429 917 Deus,
1444 877 1512 917 Deus
1622 883 1721 917 noster,
1735 879 1854 919 ienedt'cat
1866 888 1902 907 nos

1111 939 1114 941 ι
1131 920 1201 962 Deus
1210 920 1294 962 (Paul.
1305 930 1382 960 pxw,
1394 922 1435 958 8).
1446 924 1484 950 Ac
1495 923 1617 963 ne‘tertio
1625 923 1711 955 Deum
1722 925 1851 964 nominans
1860 930 1901 952 tres

1119 1005 1127 1009 ἃ
1137 967 1206 994 Deos
1221 966 1321 995 dixisse
1334 972 1485 1003 putaretur,
1505 968 1576 997 illico
1591 970 1722 997 unitatem
1736 971 1845 1005 ejusdem
1858 972 1903 999 Tri-

1132 1014 1378 1042 nitatis'insinuaus
1389 1015 1493 1049 addidlt
1506 1023 1514 1042 :
1529 1015 1560 1042 Et
1571 1021 1686 1044 metuant
1697 1025 1752 1045 eum
1764 1026 1842 1046 omnes
1852 1019 1902 1053 ﬁnes

1140 1065 1216 1088 terra:
1236 1059 1344 1096 (lbid.).
1360 1061 1410 1095 Qui
1425 1061 1496 1089 enim
1508 1070 1560 1095 non
1575 1070 1632 1096 eos,
1657 1064 1704 1091 sed
1724 1072 1783 1092 eum
1796 1065 1901 1098 subdidit,

1133 1114 1214 1133 unum
1228 1107 1278 1134 tria
1293 1114 1352 1141 qua:
1366 1107 1472 1147 dixerat
1488 1102 1632 1135 intimavit.
1650 1109 1733 1138 Isaias
1747 1118 1843 1145 quoque
1854 1119 1901 1139 cum

1132 1150 1239 1179 Iaudem
1268 1152 1301 1179 de
1329 1153 1432 1180 unitate
1459 1152 1599 1181 Trinitatis
1630 1155 1764 1188 aperiret;
1785 1156 1900 1191 Serspbim

1132 1204 1213 1225 voces
1223 1196 1385 1239 exprimens,
1398 1198 1434 1225 ait
1446 1206 1453 1226 :
1467 1198 1592 1233 Sanctus,
1602 1206 1720 1235 sanctus,
1731 1206 1827 1229 sanctus
1838 1202 1899 1238 (Ιωὶ.

1133 1250 1170 1275 vr,
1193 1243 1240 1278 5);
1257 1251 1289 1273 at:
1312 1251 1346 1271 ne
1365 1245 1446 1271 tertio
1466 1249 1588 1283 sanctum
1612 1248 1757 1275 nominans
1774 1247 1783 1266 τ
1799 1248 1901 1275 unitatem

1132 1289 1230 1317 divinas
1261 1290 1419 1330 substantiae
1448 1291 1572 1319 scindere
1598 1292 1758 1326 videretur,
1786 1293 1900 1331 adjunxit:

1133 1334 1263 1362 Dominus
1284 1335 1355 1363 Deus
1380 1336 1498 1364 sabaoth.
1520 1337 1586 1378 Quia
1606 1346 1674 1374 ergo
1693 1347 1745 1377 non
1759 1339 1849 1378 domini
1865 1339 1900 1371 dii,

1134 1381 1183 1422 sed
1212 1381 1341 1420 Dominus
1363 1382 1435 1410 Deus
1461 1375 1581 1416 addidit,
1610 1375 1698 1412 unum.
1720 1375 1829 1413 existere
1845 1384 1899 1420 quod

1134 1427 1216 1455 tertio
1238 1433 1359 1455 sanctum
1382 1434 1525 1456 vocaverat
1547 1423 1691 1458 indicavit.
1711 1423 1806 1459 Paulus
1818 1436 1898 1467 quoque

1134 1477 1163 1511 nt
1187 1474 1372 1515 operationem
1396 1479 1496 1502 sancttc
1521 1466 1665 1515 Trinitatis
1686 1477 1839 1510 ostenderet,
1856 1476 1898 1509 ait,

1133 1517 1176 1546 Ex
1188 1512 1257 1554 ipsa,
1270 1524 1294 1546 et
1309 1528 1355 1558 per
1369 1520 1464 1555 ipsum,
1484 1525 1508 1548 et
1527 1512 1558 1548 in
1580 1522 1639 1557 ipsa
1662 1527 1721 1549 sunt
1743 1516 1901 1559 omniumom.

1096 1580 1120 1611 ο
1133 1572 1173 1597 xt,
1186 1564 1244 1601 56).
1265 1567 1353 1601 Atque
1369 1571 1398 1593 ut
1412 1568 1541 1594 unitatem
1562 1567 1686 1602 ejusdem
1707 1566 1839 1613 Trinitatis
1853 1567 1903 1594 inti-

1134 1615 1228 1651 maret,
1256 1612 1378 1646 protinus
1400 1612 1502 1639 addidit
1515 1620 1524 1640 :
1539 1612 1594 1648 Ipsi
1607 1613 1694 1649 gloria
1708 1613 1735 1641 in
1747 1612 1833 1641 tacula
1841 1621 1904 1640 μετιε-

1132 1658 1228 1692 lorum,
1251 1666 1325 1685 amen
1350 1657 1458 1694 (Ιὸίά.).
1483 1659 1533 1693 Qui
1560 1660 1643 1695 igitur
1661 1662 1714 1687 n'on
1729 1661 1800 1695 ipsis,
1813 1661 1853 1687 sed
1867 1659 1903 1695 ipsi

1134 1704 1265 1738 subdidit,
1279 1713 1359 1732 unum
1375 1710 1388 1729 tt
1403 1706 1570 1739 naturaliter,
1583 1708 1632 1734 tria
1646 1696 1791 1735 secundum
1802 1712 1904 1743 personas

1132 1742 1261 1783 innotuit,
1289 1751 1359 1785 quod
1386 1752 1512 1786 superius
1526 1752 1605 1779 tertio
1620 1752 1739 1788 idipsum
1753 1753 1826 1781 dixit.
1841 1750 1902 1785 Quasi

1132 1804 1197 1833 ergo
1209 1803 1234 1825 ct
1247 1805 1300 1824 uno
1313 1798 1339 1824 in
1354 1798 1413 1825 loco
1427 1794 1550 1825 Pleiades
1572 1798 1632 1825 sita».
1655 1804 1729 1832 sunt,
1755 1793 1813 1834 quia
1825 1798 1852 1826 de
1861 1797 1903 1824 Deo

1133 1843 1305 1871 concorditer
1326 1838 1455 1877 sentiunt,
1478 1848 1506 1871 et
1521 1848 1612 1872 tamen
1630 1845 1791 1880 semetipsos
1807 1851 1852 1872 nou
1861 1849 1906 1870 tau-

1132 1894 1208 1925 gum,
1225 1890 1286 1925 quia
1299 1888 1367 1932 sicut
1379 1889 1479 1917 dictum
1490 1894 1531 1918 est
1544 1897 1592 1926 per
1606 1890 1689 1925 hujus
1702 1883 1793 1919 mundi
1806 1894 1903 1924 tempora

1134 1935 1238 1962 diversa
1252 1936 1414 1969 partiuntur.

1171 1980 1200 2007 Ἡ
1209 2000 1215 2007 .
1233 1980 1325 2008 Sancti
1337 1988 1424 2008 omnes
1438 1981 1500 2016 ﬁdei
1512 1989 1542 2008 ac
1553 1981 1676 2009 virtutum
1688 1983 1848 2010 unanimitate
1860 1988 1907 2008 con-

1130 2025 1293 2069 iunguntur.
1308 2041 1344 2048 υ·-
1356 2021 1432 2061 Quod
1448 2028 1517 2070 bene
1531 2034 1564 2054 ac
1585 2020 1705 2056 breviter
1725 2020 1841 2056 E'zecbiel
1858 2033 1907 2070 pro-

1135 2073 1215 2109 pheta
1235 2074 1384 2114 describit,
1404 2068 1452 2110 qui
1469 2082 1532 2114 cum
1555 2074 1658 2102 diversi
1679 2069 1786 2112 generis
1803 2068 1907 2101 animum

1136 2121 1229 2149 videre
1244 2121 1273 2149 se
1287 2122 1407 2155 diceret,
1422 2122 1545 2156 adjunxit
1561 2131 1568 2149 :
1589 2116 1745 2159 Iunctaque
1757 2127 1825 2151 erant
1837 2126 1907 2158 penna

1136 2173 1226 2193 eorum
1249 2167 1355 2194 alterius
1379 2167 1414 2195 ad
1439 2167 1551 2195 alterum
1579 2161 1700 2203 (Eieclt.
1717 2165 1743 2201 ι,
1832 2164 1909 2195 Pennz

1137 2213 1237 2248 quippe
1251 2213 1409 2241 animalium
1425 2214 1539 2242 alterius
1553 2215 1588 2241 ad
1609 2215 1726 2243 alterum
1739 2216 1836 2250 juncta:
1848 2217 1908 2243 sunt»

1097 2274 1125 2305 Β
1137 2254 1199 2295 quia
1214 2260 1267 2299 etsi
1282 2261 1423 2288 dissimilia
1439 2266 1501 2299 sunt
1515 2257 1577 2296 qua:
1596 2267 1698 2297 agunt,
1715 2257 1768 2305 uno
1781 2250 1862 2305 tamen
1875 2265 1909 2286 eo-

1138 2306 1256 2340 demque
1269 2314 1349 2334 sensu
1364 2307 1414 2334 sibi
1429 2313 1583 2334 sanctorum
1605 2315 1688 2336 voces
1708 2301 1862 2342 virtutesque
1878 2311 1910 2331 so-

1138 2352 1253 2379 ciantur.
1268 2346 1301 2379 Et
1314 2353 1436 2388 quamvis
1450 2349 1520 2379 alius
1534 2351 1731 2381 rationabiliter
1742 2345 1833 2380 cuncta
1846 2354 1908 2386 agen-

1139 2397 1174 2425 do
1199 2398 1233 2425 sit
1257 2398 1355 2432 homo,
1376 2398 1444 2425 alius
1464 2397 1494 2425 in
1518 2389 1689 2436 passionibus
1718 2397 1793 2426 fortis
1817 2398 1909 2425 adversi

1139 2444 1233 2484 mundi
1256 2452 1310 2483 non
1331 2445 1453 2473 timendo
1470 2437 1507 2473 sit
1525 2446 1580 2478 leo,
1602 2446 1670 2473 alius
1683 2436 1909 2481 per‘abstinentiant

1139 2492 1315 2526 semetipsum
1340 2491 1429 2518 vivam
1455 2491 1571 2519 hostiam
1596 2488 1734 2530 oderendo
1757 2488 1791 2530 sit
1813 2489 1908 2518 vitulus.

1141 2529 1209 2577 alius
1223 2544 1253 2564 se
1266 2536 1293 2564 in
1309 2535 1363 2564 alta
1379 2534 1392 2555 ¹ι
1408 2536 1536 2572 rapiendo
1549 2529 1786 2573 contemplationis
1794 2532 1909 2564 volatu‘sit

1182 2628 1194 2642 θ
1209 2623 1317 2661 Ebroic.
1329 2625 1429 2661 aliique
1438 2625 1543 2659 Norm.,
1557 2626 1677 2655 Laudun.
1691 2630 1720 2655 et
1730 2623 1808 2655 Corb.
1823 2623 1908 2654 Germ"

1143 2658 1227 2686 Deum
1239 2658 1393 2692 Trinitatem
1406 2661 1559 2689 ostenderet.
1584 2672 1589 2679 ι
1632 2675 1635 2679 ι
1651 2677 1654 2679 -
1673 2676 1676 2679 -
1692 2666 1697 2678 '
1728 2663 1733 2668 '
1826 2668 1838 2676 ν’

1183 2694 1192 2714 ι
1214 2696 1314 2733 'l‘tiron.
1324 2717 1331 2728 ,
1348 2704 1398 2723 tres
1411 2697 1471 2733 deos
1486 2698 1583 2724 dixisse
1597 2701 1742 2733 putaretur,
1756 2696 1824 2723 illico
1842 2693 1910 2721 utﬁt!-

1144 2734 1194 2757 tem
1209 2732 1304 2768 diuina:
1318 2732 1467 2760 substantiis
1480 2732 1622 2768 adjunaitt-
1636 2738 1665 2752 ἰιι
1676 2745 1679 2748 λ
1691 2746 1695 2751 ~

1181 2771 1194 2789 ε
1215 2767 1243 2803 Id
1257 2758 1475 2800 est,rserunduim
1489 2758 1624 2802 adimam,
1643 2773 1674 2796 et
1689 2766 1829 2803 opponitur
1845 2758 1912 2792 alteﬂ

1141 2802 1264 2839 membro
1273 2822 1281 2834 ,
1296 2805 1438 2829 secundum
1451 2811 1586 2839 personas.

1177 2836 1193 2856 λ
1213 2837 1298 2866 Laud.
1306 2857 1315 2870 ,
1330 2836 1455 2873 capiendo
