4036 6348
303 361 411 421 ΕΠ

1047 356 1410 415 MORALIUM
1447 353 1577 425 ue.
1618 354 1808 429 xm.
1842 310 1916 400 4-
1950 357 2021 437 ω
2046 330 2278 439 parur
2315 359 2587 435 xxxvm
2628 362 2689 419 Β.
2720 362 2863 418 δυθ.

3478 366 3580 423 518

301 478 483 550 aquila
508 517 523 542 ,
555 474 753 545 pennis
780 487 843 533 se
871 483 1050 532 tamen
1080 475 1208 531 dum
1249 475 1430 553 volant
1466 483 1724 547 tangunt,
1764 475 1891 567 quia
1917 479 1972 551 Δ
1996 479 2263 551 Arcturus
2288 479 2544 553 volvitur,
2571 482 2697 559 quia
2727 481 2926 563 bteesin
2957 480 3130 567 noctis
3352 480 3579 569 tributae

300 583 357 629 et
381 568 724 627 confessione
751 583 945 624 vocum
963 609 979 635 ,
1008 575 1064 623 et
1091 570 1349 622 virtutum
1390 566 1489 622 sibi
1530 566 1899 655 unanimitate

298 666 615 735 junguntur.
642 660 799 730 Quod
828 662 955 731 quia
983 660 1156 737 solius
1182 661 1380 719 divinae
1419 660 1636 717 virtutis
1675 670 1792 727 est,
1832 666 1889 716 et

222 712 275 827 ξ
298 712 613 827 Itin—ris};
628 712 965 821 ιέεἷιῇἶπῖιῖἐιὲ
985 712 1888 821 sieggjtrna‘inusta.

246 815 271 915 ξ
297 815 657 919 conjungere,
688 815 1132 901 et-disSimilibus
1161 815 1456 901 virtutibus
1494 815 1751 911 praeditos
1778 843 1887 907 lul-

255 916 264 953 ί
295 954 425 1012 gare
456 916 776 995 intentionis
808 936 998 1001 unire,
1029 944 1176 992 recte
1204 934 1423 998 dicitur,
1467 935 1722 1005 Nunquid
1759 952 1887 991 con-

288 1035 511 1103 iungere
546 1028 739 1084 ualebis
767 1028 1013 1082 micantes
1040 1027 1219 1083 stellas
1245 1024 1537 1084 Pleiades?
1566 1029 1644 1087 Ac
1670 1027 1717 1082 si
1745 1028 1890 1084 dicat

287 1138 347 1177 ut
375 1137 513 1195 ego,
545 1122 639 1192 qui
682 1136 822 1176 unus
862 1122 1044 1177 omnia
1081 1120 1319 1195 impleo,
1362 1133 1524 1191 atque
1565 1122 1622 1175 in
1669 1122 1889 1181 unitatis

286 1229 457 1270 sensu
490 1215 789 1269 electorum
820 1221 1031 1268 mentes
1062 1210 1338 1281 implendo
1364 1210 1657 1283 conjungo.

358 1306 451 1360 '72.
484 1307 739 1360 Arcturus
765 1313 925 1360 tatam
950 1302 1240 1359 Ecclesiam
1269 1303 1551 1373 signiﬁcat.
1575 1302 1735 1359 Docet
1762 1304 1887 1374 ﬁdei

284 1398 439 1451 simul
470 1412 532 1450 ac
563 1395 815 1450 bonarum
842 1410 1054 1465 aperum
1082 1394 1457 1449 necessitatem.
1479 1421 1549 1434 —
1567 1393 1625 1449 ln
1654 1394 1887 1450 Arcturo

282 1497 503 1554 autem,
546 1488 635 1558 qui
678 1502 777 1557 per
818 1502 1013 1558 gyrum
1054 1501 1209 1542 suum
1251 1496 1514 1543 nocturna
1559 1488 1729 1557 spatia
1776 1503 1884 1553 non

282 1596 580 1636 occasurus
630 1581 901 1647 illustrat,
954 1595 1291 1651 nequaquam
1338 1579 1699 1650 particulatim
1741 1581 1884 1643 edita

288 1676 401 1727 vita
445 1681 759 1727 sanctorum
782 1714 797 1738 ,
829 1673 933 1727 sed
955 1680 1067 1726 tota
1096 1671 1258 1727 simul
1290 1670 1527 1729 Ecclesia
1552 1671 1883 1741 designatur,

280 1780 407 1835 quae
431 1763 773 1834 latigationes
803 1764 1018 1835 quidem
1049 1764 1270 1833 patitur,
1303 1776 1405 1818 nec
1432 1772 1613 1818 tamen
1638 1762 1706 1819 ad
1735 1752 1893 1831 defe-I

290 1864 444 1910 etum
470 1854 673 1925 proprii
700 1864 874 1909 status
902 1854 1194 1931 inclinatur
1224 1871 1239 1906 :
1284 1868 1475 1924 gyrum
1518 1852 1759 1935 laborum
1800 1862 1883 1907 to-
1910 1859 1961 1937 β

1991 574 2227 629 tionibus
2265 582 2491 629 rotatur.
2535 574 2643 631 Sed
2685 554 2831 631 hunc
2861 552 3077 631 Arcturi
3337 544 3582 663 qlia.ch-

1992 680 2097 735 que
2126 665 2383 741 Dominus
2410 666 2670 747 dissipat,
2700 668 2825 749 quia
2853 654 3071 753 labores
3096 644 3454 749 Ecélesizenad
3488 685 3574 747 re-

1991 758 2169 833 quiem
2211 769 2497 839 permutat.
2538 759 2690 841 Tunc
2729 769 2784 823 et
2828 760 3073 817 Pleiades
3114 761 3325 832 plenius
3366 762 3577 835 jungit,

1989 866 2111 905 cum
2161 868 2350 925 gyrum
2397 853 2618 910 Arcturi
2666 854 2931 935 destruit,
2980 857 3103 937 quia
3148 865 3276 913 tunc
3316 844 3580 913 nimirum

1989 945 2163 1000 sancti
2190 960 2381 1001 omnes
2410 947 2574 1003 etiam
2600 946 2832 1003 visionis
2860 948 2963 1004 sibi
3006 950 3189 1031 specie
3230 938 3577 1019 capulantur,

1988 1038 2206 1111 quando
2242 1038 2298 1095 in
2342 1040 2448 1111 line
2484 1039 2671 1096 mundi
2706 1048 2892 1121 sancta
2936 1028 3176 1115 Ecclesia
3221 1028 3290 1097 ab
3327 1041 3412 1095 bis
3442 1054 3579 1111 quos

1970 1114 2134 1187 ‘nunc
2160 1134 2389 1213 sustinet
2415 1133 2687 1205 laboribus
2718 1114 2966 1209 solvitur.
3008 1136 3163 1213 picat
3199 1151 3330 1215 ergo
3359 1153 3374 1189 :
3419 1136 3578 1192 Nun-

1986 1226 2112 1294 quid
2139 1228 2451 1298 conjungere
2478 1226 2668 1282 ualcbis
2698 1230 2948 1283 micantes
2977 1228 3158 1299 stellas
3191 1228 3453 1303 Pleiades,
3486 1238 3580 1285 aut

1986 1334 2170 1397 gyrum
2197 1319 2405 1389 Arcturi
2432 1319 2620 1393 poteris
2647 1320 2937 1397 dissipare?
2958 1308 3225 1397 subaudis
3252 1329 3311 1391 ut
3335 1336 3459 1392 ego,
3487 1320 3581 1389 qui

1988 1400 2115 1479 tunc
2157 1420 2468 1483 sanctorum
2508 1412 2676 1485 vitam
2724 1413 2887 1489 etiam
2938 1396 3037 1489 per
3081 1396 3317 1487 speciem
3349 1410 3376 1451 δ
3411 1415 3536 1466 unio
3560 1452 3577 1480 ,

1988 1514 2108 1575 cum
2139 1516 2332 1573 gyrum
2363 1499 2694 1577 universalis
2723 1500 2979 1577 Ecclesizn
3010 1502 3362 1573 corporaliter
3402 1492 3578 1558 solvo.

1986 1594 2049 1651 Et
2094 1593 2216 1662 quis
2263 1578 2540 1667 hominum
2572 1582 2759 1671 solius
2806 1576 3001 1671 divina}
3028 1576 3148 1649 hoc
3189 1608 3315 1649 esse
3364 1593 3580 1649 virtutis

1986 1683 2247 1754 ignorat?
2277 1683 2384 1740 Sed
2416 1694 2474 1739 ut
2512 1668 2804 1754 cognoscat
2834 1668 2997 1749 humo
3025 1685 3149 1754 quid
3181 1685 3296 1756 ipse
3326 1686 3430 1752 sit,
3460 1701 3579 1742 tne-

1987 1784 2229 1830 moretur
2261 1775 2477 1832 assidue
2502 1776 2632 1847 quid
2662 1776 2809 1830 solus
2840 1762 3099 1830 Dominus
3126 1758 3319 1847 possit.

2059 1864 2149 1920 75.
2194 1865 2418 1920 Rursum
2455 1882 2546 1939 per
2586 1854 2979 1921 Arcturum'lex
3004 1856 3181 1934 uetus,
3214 1885 3306 1940 per
3333 1868 3578 1924 Pleiades

286 1948 462 2013 lerat,
489 1947 582 2002 sed
614 1947 685 2002 ad
711 1960 963 2002 occasum
984 1936 1116 2000 ’cum
1148 1945 1481 2014 temporibus
1506 1957 1615 1999 non
1640 1944 1873 2011 festinat.

1985 1953 2122 2010 Novi
2150 1936 2466 2010 Testamenti
2494 1959 2662 2026 gratia
2692 1958 2945 2028 signatur.
2991 1987 3064 1999 —
3104 1936 3372 2025 [iubemus
3402 1960 3579 2016 adhuc

282 2036 467 2108 Neque
490 2039 632 2093 enim
660 2038 727 2093 ad
756 2039 861 2092 ima
885 2038 993 2106 poli
1018 2041 1279 2092 Arcturus
1306 2051 1430 2090 cum
1454 2043 1719 2095 nocturno
1744 2044 1880 2091 tem-

280 2146 413 2201 pore
430 2126 667 2198 ducitur,
697 2130 791 2186 sed
817 2130 947 2185 dum
976 2129 1092 2199 ipse
1116 2128 1368 2194 volvitur,
1398 2141 1504 2181 nox
1527 2124 1880 2195 ﬁnitumquia

280 2221 539 2277 nimirum
569 2220 697 2275 dum
727 2229 912 2275 sancta
952 2218 1192 2274 Ecclesia
1231 2217 1535 2275 innumeris
1574 2219 1880 2274 tribulatio-

272 2312 436 2367 nibus
475 2312 735 2381 quatitur,
779 2310 1066 2379 praesentis
1106 2309 1231 2364 vitae
1276 2309 1465 2365 umbra
1506 2304 1873 2378 terminatur;

272 2416 451 2473 caque
480 2408 660 2457 stante
692 2416 799 2457 nox
831 2402 1105 2471 praeterit,
1134 2403 1258 2470 quia
1305 2401 1394 2455 illa
1435 2402 1490 2457 in
1532 2417 1629 2457 sua
1669 2404 1877 2458 incolu-

271 2496 464 2550 mitate
497 2495 822 2563 perdurante
843 2535 858 2559 ,
888 2495 1235 2550 mortalitatis
1262 2494 1422 2564 hujus
1448 2497 1554 2551 vita
1582 2499 1873 2567 percurrit.

272 2585 439 2660 [γει.
471 2585 731 2658 ΧΧΙΧ.]
781 2586 879 2641 Est
925 2587 978 2641 in
1029 2588 1261 2643 Arctum
1303 2588 1445 2654 quod
1487 2589 1875 2647 consideratius

208 2712 213 2715 ι
273 2681 544 2751 possimus
575 2680 797 2735 intueri.
842 2680 901 2735 In
929 2689 1136 2750 septem
1170 2681 1367 2751 quippe
1399 2682 1573 2737 stellis
1606 2682 1869 2751 volvitur,

272 2781 329 2828 et
356 2774 522 2827 modo
543 2774 763 2843 quidem
791 2785 898 2828 tres
924 2774 990 2827 ad
1020 2788 1229 2828 summa
1256 2778 1464 2840 elevat,
1485 2782 1647 2843 atque
1670 2776 1735 2829 ad
1766 2776 1870 2831 ima

270 2875 505 2935 quatuor
542 2866 795 2931 inclinat,
839 2866 1000 2921 modo
1028 2866 1196 2938 950
1221 2876 1454 2935 quatuor
1483 2868 1731 2936 superius
1759 2870 1872 2924 eri-

271 2958 383 3027 git,
418 2968 473 3013 et
502 2968 613 3013 tres
645 2960 877 3014 Inferius
907 2962 1120 3026 premit.
1152 2958 1352 3014 Sancta
1381 2975 1596 3031 quoque
1626 2961 1871 3018 Ecclesia

282 3064 411 3105 cum
455 3051 619 3106 modo
659 3051 971 3106 inﬁdelibus
1036 3049 1317 3105 Trinitatis
1379 3048 1661 3120 notitiam,
1707 3053 1870 3109 modo

277 3151 462 3199 autem
496 3142 744 3200 fidelibus
772 3142 995 3198 virtutes
1025 3151 1276 3211 quatuor,
1303 3143 1355 3197 id
1388 3152 1471 3199 est
1493 3145 1864 3213 prudentiam,

1982 2046 2127 2119 quod
2156 2046 2226 2103 de
2254 2048 2427 2104 stellis
2475 2048 2781 2103 l’leiadibus
2808 2057 2971 2119 atque
3002 2051 3233 2123 arcturo
3271 2051 3419 2106 aliud
3449 2065 3577 2123 sen-
3630 2130 3635 2133 ν

1982 2143 2199 2197 tiamus.
2236 2153 2259 2182 ε
2290 2136 2763 2219 Pleiadesquippe
2788 2145 2855 2198 ab
2882 2144 3124 2219 Oriente,
3152 2149 3414 2223 arcturus
3441 2161 3575 2201 vero

1980 2247 2047 2288 ex
2088 2242 2246 2302 parte
2287 2234 2567 2305 Aquilonis
2611 2236 2803 2305 surgit.
2839 2233 2867 2272 ά
2904 2237 3253 2305 Quocumque
3291 2246 3470 2293 autem
3513 2252 3574 2295 se

1954 2374 1957 2377 Α
1980 2338 2078 2393 per
2107 2338 2299 2395 gyrum
2331 2340 2486 2378 suum
2517 2324 2781 2399 Arcturus
2810 2326 3063 2390 verterit,
3101 2326 3344 2399 Pleiades
3384 2339 3575 2381 osten-

1954 2414 2057 2489 ‘dit
2089 2430 2104 2479 ;
2138 2422 2194 2471 et
2220 2430 2343 2468 cum
2375 2414 2471 2469 lux
2504 2408 2612 2470 diei
2648 2416 2757 2487 jam
2788 2415 2962 2470 vicina
3000 2416 3254 2481 elficitur,
3297 2416 3575 2485 Stellarum

1977 2504 2094 2573 ejus
2124 2503 2264 2559 ordo
2302 2514 2325 2549 ε
2359 2490 2701 2560 distenditur.
2732 2507 2913 2561 Potest
2940 2507 3101 2576 igitur
3122 2522 3217 2576 per
3246 2511 3571 2581 Arcturum,

1976 2596 2068 2663 qui
2095 2609 2125 2649 a
2157 2595 2310 2665 plaga
2337 2596 2555 2671 frigoris
2583 2598 2840 2675 nascitur,
2870 2596 2989 2662 lex;
3020 2612 3115 2669 per
3140 2596 3387 2655 Pleiades
3414 2614 3569 2667 vero,

1977 2699 2098 2755 qua:
2127 2684 2197 2741 ab
2226 2684 2449 2741 Oriente
2479 2694 2707 2755 Surgunt
2733 2687 3066 2743 Tcstamenti
3097 2688 3229 2743 Novi
3259 2688 3433 2758 gratia
3465 2690 3560 2745 de-

1980 2776 2203 2853 signari.
2233 2778 2396 2853 Quasi
2426 2779 2569 2831 enim
2598 2777 2665 2832 ab
2707 2779 2971 2847 Aquilone
3008 2768 3096 2833 lex
3128 2780 3398 2850 venerat,
3441 2795 3565 2851 qua:

1983 2876 2128 2921 tanta
2172 2868 2417 2925 subditos
2463 2870 2750 2939 rigiditatis
2793 2874 3086 2949 asperitate
3133 2874 3388 2929 terrebat.
3432 2875 3569 2931 Nam

1975 2957 2103 3011 dum
2129 2972 2225 3026 pro
2247 2959 2418 3035 culpis
2441 2961 2554 3033 suis
2579 2961 2713 3015 alios
2737 2962 3052 3031 praeciperet
3074 2952 3341 3031 lapidibus
3366 2964 3560 3035 obrui,

1976 3049 2111 3103 alios
2139 3047 2305 3119 gladii
2337 3060 2513 3105 morte
2544 3051 2821 3116 mulctari,
2852 3053 3008 3123 plaga
3040 3060 3261 3125 torpens
3282 3094 3297 3120 ,
3328 3062 3383 3108 et
3416 3054 3563 3110 velut

1940 3210 1943 3213 _
1970 3152 2001 3192 a
2029 3141 2147 3195 sole
2174 3140 2452 3195 cltaritatis
2482 3140 2679 3208 aliena,
2702 3152 3089 3212 praeceptorum
3112 3157 3330 3197 suorum
3360 3144 3582 3198 semina‘

266 3234 638 3296 fortitudinem
667 3276 684 3304 ,
742 3236 1186 3306 temperantiam,
1239 3237 1506 3306 justitiam
1563 3239 1824 3307 przedicat
1847 3280 1864 3305 ,
1897 3247 1942 3309 ο
1976 3230 2097 3305 plus
2128 3231 2405 3303 premebat
2437 3246 2501 3286 ex
2534 3231 2732 3300 frigore
2760 3247 2919 3302 quam
2953 3247 3018 3287 ex
3050 3233 3228 3311 calore
3269 3234 3566 3291 nutriebat.
3616 3298 3617 3301 η

269 3329 428 3397 quasi
468 3337 649 3384 rotatu
680 3330 1083 3398 praedicationis
1112 3339 1287 3388 status
1324 3330 1685 3400 sui,speciem
1723 3347 1868 3401 quo-

264 3419 559 3475 dammodo
602 3424 873 3477 immutat.
922 3422 1055 3477 Nam
1098 3438 1223 3478 curn
1265 3422 1582 3493 quibusdam
1623 3422 1693 3479 de
1736 3438 1868 3492 ops-

266 3514 423 3567 ribus
451 3514 563 3567 suis
590 3514 951 3583 gloriantibus
992 3514 1377 3569 confidentiam
1424 3512 1628 3582 proprii
1667 3513 1868 3570 laboris

263 3610 528 3670 evacuat,
576 3612 631 3657 et
668 3603 831 3660 fidem
869 3604 1150 3659 Trinitatis
1181 3604 1420 3669 exaltat,
1450 3605 1578 3674 quid
1606 3604 1748 3661 aliud
1780 3604 1862 3659 la-

260 3694 340 3747 cit
379 3693 483 3747 nisi
527 3689 638 3748 tres
675 3695 863 3753 stellas
891 3696 1156 3753 Arcturus
1196 3697 1402 3762 elevat,
1443 3705 1673 3765 quatuor
1700 3694 1856 3750 incli-

264 3785 410 3839 nat?
439 3784 506 3839 Et
534 3786 660 3841 dum
689 3788 953 3857 quosdam
986 3791 1124 3843 bona
1156 3803 1319 3859 opera
1349 3801 1458 3847 non
1502 3786 1769 3844 habentes
1794 3789 1865 3871 de

259 3877 384 3932 sola
417 3877 522 3932 ﬁde
559 3893 894 3947 presumere
930 3880 1218 3951 prohibet,
1259 3879 1357 3936 sed
1398 3882 1612 3950 operari
1648 3881 1865 3937 enixius

256 3984 388 4040 quae
416 3981 684 4041 praecepta
712 3981 840 4026 sunt
859 3970 1046 4042 jubet,
1077 3972 1207 4042 quid
1236 3969 1381 4027 aliud
1414 3973 1679 4026 Arcturus
1709 3971 1862 4040 facit,

259 4064 372 4117 nisi
415 4072 650 4133 quatuor
690 4064 876 4120 stellas
913 4065 1103 4136 erigit,
1136 4074 1249 4139 tres
1276 4064 1545 4134 deponit?
1575 4064 1863 4139 Videamus

257 4156 543 4225 quomodo
596 4167 707 4214 tres
750 4158 959 4223 elevet,
1003 4169 1237 4229 quatuor
1281 4159 1536 4228 deponat.
1584 4159 1724 4215 Ecce
1768 4173 1864 4228 per

257 4249 489 4306 Paulum
520 4261 706 4315 contra
749 4252 910 4306 tidem
939 4251 1008 4307 de
1034 4267 1200 4321 opere
1240 4251 1684 4320 superbientibus
1723 4252 1860 4308 dici-

256 4353 399 4398 tur:
446 4344 509 4398 Si
539 4345 802 4399 Abraham
831 4361 897 4400 ex
925 4344 1164 4414 aperibus
1195 4346 1520 4415 justi/lentus
1559 4353 1669 4412 est,
1710 4344 1863 4400 habet
1912 4382 1915 4387 ι

256 4435 517 4505 gloriam,
545 4438 635 4490 sed
659 4452 760 4490 non
786 4436 931 4504 apud
952 4435 1122 4489 Deum
1151 4436 1332 4494 (liam.
1359 4451 1431 4497 tv,
1449 4434 1528 4505 3).
1550 4434 1687 4502 Quid
1715 4437 1857 4492 enim

254 4527 542 4595 Scriptura
569 4529 744 4584 dicit?
765 4528 999 4583 Credidit
1025 4527 1284 4580 Abraham
1309 4526 1421 4581 Deo
1439 4568 1454 4590 ,
1481 4537 1532 4582 et
1558 4536 1857 4595 reputatum

1918 3382 1923 3389 ί
1972 3320 2136 3392 Cujus
2176 3323 2548 3394 Oppressionis
2586 3324 2796 3393 pondus
2836 3324 3030 3385 Petrus
3072 3326 3394 3397 horruerat,
3440 3342 3566 3383 cum

1956 3418 2188 3481 dicebat
2216 3433 2233 3470 :
2270 3418 2411 3485 Quid
2445 3420 2650 3472 tentatis
2678 3416 2877 3487 Deum,
2917 3422 3178 3490 imponere
3204 3422 3386 3490 iugum
3413 3435 3570 3491 super

1972 3511 2219 3565 cervicem
2248 3510 2629 3581 discipulorum
2652 3553 2667 3577 ,
2699 3513 2839 3583 quod
2870 3528 3031 3579 neque
3070 3522 3239 3589 patres
3268 3516 3432 3589 nostri
3472 3492 3565 3569 ne-
3638 3544 3646 3558 ι

1967 3619 2068 3669 que
2098 3619 2192 3657 nos
2216 3611 2423 3674 portare
2448 3603 2712 3674 potuimus
2742 3602 2904 3675 (Act.
2928 3618 3020 3668 xv,
3049 3603 3195 3679 ψη
3226 3603 3335 3675 Nec
3366 3606 3563 3681 mirum

1930 3728 1935 3733 -
1971 3696 2114 3764 quod
2148 3711 2243 3765 per
2267 3697 2487 3752 Arcturi
2523 3706 2730 3765 septem
2774 3696 2961 3751 stellas
3004 3695 3410 3769 Testamentum
3452 3696 3559 3752 Ve—

1968 3797 2056 3842 tus
2083 3787 2424 3856 exprimitur,
2457 3787 2581 3859 quia
2612 3794 2668 3859 et
2710 3786 3055 3842 veneratione
3086 3787 3215 3857 legis
3435 3787 3557 3843 dies

1918 3926 1921 3929 ,
1967 3882 2233 3948 septimus
2262 3880 2470 3936 exstitit
2508 3878 2527 3953 ς
2560 3880 2917 3946 venerabilis,
2944 3889 2999 3935 et
3032 3894 3127 3959 per
3168 3880 3562 3951 hebdomadam

1965 3971 2227 4042 integram
2255 3973 2531 4027 constituti
2560 3972 2807 4027 sacrificii
2836 3981 2956 4043 vota
2986 3972 3361 4029 tendebantur.
3389 3973 3562 4031 Pleia-

1965 4067 2061 4120 des
2076 4080 2204 4120 vero
2219 4080 2338 4136 quae
2352 4065 2483 4134 ipsm
2498 4079 2730 4137 quoque,
2747 4064 2885 4120 sicut
2897 4064 3147 4136 superius
3166 4066 3421 4133 diximus,
3444 4080 3559 4136 sep-

1965 4142 2073 4229 tem
2090 4158 2583 4229 sunt,Testamenti
2618 4156 2990 4229 Novigratiam
3029 4168 3177 4213 tanto
3197 4142 3433 4233 apertius
3477 4161 3563 4213 in-

1964 4251 2183 4317 dicant,
2214 4261 2417 4322 quanto
2446 4250 2624 4305 cuncti
2657 4250 2858 4321 liquido
2897 4251 3168 4325 cernimus
3193 4292 3208 4317 ,
3236 4261 3261 4299 6
3288 4252 3434 4321 quod
3463 4265 3560 4320 per

1967 4344 2114 4399 illaut
2152 4344 2345 4417 ﬁdeles
2373 4357 2502 4399 suos
2533 4343 2766 4411 Spiritus
2809 4352 3033 4397 sanctus
3071 4341 3400 4419 septiformis
3440 4357 3561 4397 mu-

1962 4437 2108 4493 neris
2158 4435 2361 4491 lumine
2410 4436 2664 4490 illustrat.
2714 4432 2940 4505 Quaqua
2988 4434 3150 4504 igitur
3191 4449 3250 4489 se
3293 4437 3559 4490 Arcturus

1962 4528 2158 4593 vertit,
2190 4526 2441 4595 Pleiades
2470 4528 2745 4599 ostendit,
2774 4527 2901 4596 quia
2930 4541 3027 4596 per
3065 4540 3226 4581 omne
3268 4526 3411 4595 quod
3454 4526 3559 4581 Te-

182 4644 187 4647 -
253 4631 335 4674 est
366 4620 448 4675 illi
477 4622 546 4674 ad
568 4622 832 4693 justitiam
870 4619 1102 4692 (Cenes.
1138 4636 1225 4685 xv,
1256 4619 1354 4690 6).
1396 4618 1689 4676 Videamus
1720 4636 1854 4689 quo-
1879 4633 1936 4695 ι)
1959 4630 2285 4693 stamentum
2336 4620 2500 4674 Vetus
2555 4617 2789 4691 loquitur
2835 4618 3167 4693 Testamenti
3211 4618 3344 4673 Novi
3390 4634 3555 4693 opera

253 4714 427 4769 modo
453 4726 684 4783 quatuor
710 4716 919 4782 elevet,
965 4724 1076 4770 tres
1105 4714 1359 4784 deponat.
1395 4712 1534 4769 Ecce
1562 4729 1660 4782 per
1686 4714 1851 4770 Jaco-

240 4806 389 4861 ’bum
421 4802 449 4842 ἀ
482 4806 551 4861 de
580 4806 687 4861 llde
715 4812 911 4862 contra
934 4821 1095 4876 opera
1137 4804 1576 4883 superbientibus
1615 4806 1811 4860 dicitur
1839 4824 1854 4861 :

250 4897 416 4954 Sicut
458 4915 647 4967 corpus
685 4901 796 4953 sine
823 4900 1011 4969 spiritu
1050 4906 1317 4954 mortuum
1345 4908 1454 4961 est,
1485 4898 1560 4953 ita
1588 4899 1717 4967 ﬁdes
1743 4900 1856 4955 sine

224 4992 498 5061 .operibu‘s
522 5002 727 5046 mortua
751 4999 825 5046 est
855 4990 994 5061 (Jac.
1016 5007 1054 5045 tt
1070 5035 1084 5057 ,
1106 4990 1222 5060 26).
1248 4994 1505 5047 Arcturus
1531 4991 1709 5060 itaque
1737 4990 1851 5045 vol—

248 5083 425 5148 vitor,
457 5083 581 5152 quia
612 5089 798 5161 sancta
842 5082 1079 5137 Ecclesia
1106 5082 1262 5151 juxta
1288 5081 1600 5137 auditorum
1630 5095 1849 5139 suorum
1894 5140 1897 5141 ν

255 5169 472 5229 mentes
500 5174 553 5228 in
582 5159 801 5229 diverso
824 5172 994 5228 latere
1017 5172 1416 5245 praedicationis
1440 5182 1557 5229 arte
1588 5180 1851 5229 versatur.
1890 5226 1895 5227 ,

333 5298 359 5328 ι
400 5287 765 5357 Corrupte‘ln
810 5284 1013 5357 Gllot.,
1062 5278 1274 5357 vatim,
1319 5283 1583 5357 Gussanv.
1610 5294 1683 5357 et
1715 5285 1850 5357 aliis

243 5361 358 5417 Ed.
392 5361 553 5416 etiam
578 5355 787 5429 antiq.,
817 5359 881 5429 de
920 5356 1024 5429 ﬁde
1062 5355 1191 5429 ἀπε⁸
1209 5371 1384 5429 agere.
1417 5356 1564 5429 piam
1592 5356 1843 5429 Anglic.,

160 5460 163 5461 ν
239 5432 484 5496 Norm.,
533 5425 777 5493 Turoni,
828 5427 1100 5493 Vindoc.,
1155 5426 1354 5489 Corb.,
1405 5425 1591 5483 Germ.
1643 5427 1850 5496 aliique

242 5505 385 5559 Mss.
436 5502 663 5565 habent,
694 5502 758 5555 de
784 5499 888 5569 fide
916 5498 1098 5552 contra
1125 5502 1307 5568 opera.
1410 5506 1413 5509 ‘
1542 5508 1553 5515 ‘

326 5573 355 5613 δ
394 5572 568 5628 Laud.
586 5614 601 5637 ,
634 5575 828 5625 munlo.

330 5657 352 5683 ο
398 5643 475 5697 lta
506 5636 671 5698 Corb.
700 5642 907 5706 Germ.,
962 5639 1218 5704 Vindoc.,
1249 5638 1445 5704 Laud.,
1476 5637 1697 5699 Ebroic.
1730 5636 1849 5692 alii-

284 5732 359 5773 ne
387 5715 599 5777 Norm.,
634 5727 844 5767 necnon
878 5711 1118 5778 plerique
1142 5710 1307 5771 Editi.
1332 5713 1597 5779 Corrupte
1626 5724 1757 5765 vero
1788 5709 1846 5766 in

284 5735 359 5773 ue
388 5735 599 5777 “0111].,
634 5735 844 5767 llccuun
878 5735 1118 5778 pterltjuc
1143 5735 1307 5771 mutu.
1332 5735 1597 5779 purruptc
1630 5735 1689 5765 νυ

238 5735 565 5845 ἓωωηνίι.
599 5784 789 5851 legitur
817 5780 1138 5837 Pleiadibus.
1432 5849 1449 5851 _
1682 5810 1689 5817 ι

324 5856 355 5896 ⁸
396 5858 516 5922 AL,
556 5849 761 5924 quagua
796 5862 996 5918 autem,
1036 5870 1089 5907 ut
1131 5853 1298 5909 habes
1336 5852 1391 5908 in
1417 5849 1581 5909 Corb.
1611 5852 1840 5925 Germ.,

1960 4713 2301 4769 nuntiantur.
2336 4713 2448 4771 Sub
2475 4721 2624 4767 textu
2656 4711 2800 4767 enim
2832 4711 3026 4767 litterae
3059 4711 3190 4781 tegit
3229 4715 3553 4784 mysterium

1960 4806 2283 4885 prophetim.
2318 4805 2386 4861 Et
2417 4803 2571 4871 quasi
2601 4802 2827 4877 inclinat
2854 4817 2914 4858 se
2942 4803 3207 4879 Arcturus
3234 4812 3288 4858 et
3318 4804 3553 4858 demon-

1957 4890 2125 4967 Strat,
2156 4896 2278 4965 quia
2306 4895 2371 4949 ad
2417 4895 2543 4951 dum
2589 4893 2883 4962 spiritalem
2928 4893 3257 4969 intellectum
3294 4893 3552 4961 ﬂectitur,

1958 4986 2258 5057 signiﬁcata
2301 5000 2395 5063 per
2434 4983 2560 5039 illud
2593 4984 2681 5037 lux
2712 4982 2899 5056 gratim
2928 4983 3257 5063 septiformis
3287 4985 3549 5053 aperitur.

1960 5078 2028 5151 Et
2058 5060 2445 5147 propinquante
2469 5074 2573 5149 diei
2604 5073 2756 5153 luce,
2788 5060 3063 5153 stellarum
3094 5074 3211 5145 ejus
3238 5075 3373 5128 ordo
3404 5071 3433 5110 ιι
3466 5072 3550 5127 di-

1961 5169 2254 5247 stenditur,
2306 5167 2434 5245 quia
2479 5176 2763 5257 postquam
2800 5152 2816 5203 ί
2852 5180 2951 5249 per
2995 5166 3343 5245 semetipsum
3392 5161 3551 5219 nobis

1956 5281 2222 5347 Vindoc.,
2253 5280 2469 5345 Ebroic.
2499 5279 2726 5348 aliisque
2752 5278 2940 5337 Norm.

2031 5363 2055 5390 θ
2100 5340 2303 5421 Laud},
2339 5340 2648 5406 ostenditur;

2030 5421 2050 5461 ί
2093 5414 2585 5517 absterritus
2615 5436 2643 5473 a
2677 5421 2805 5476 Mss.
2832 5417 2997 5507 Corp.
3030 5414 3237 5483 Germ.,
3269 5416 3543 5517 itaudun"

1953 5493 2153 5549 Pratel.
2186 5492 2412 5561 aliisque
2442 5492 2639 5547 Herm.

2026 5574 2053 5613 ι
2092 5566 2262 5621 lidem
2308 5558 2479 5631 Cod.,
2528 5561 2664 5628 quod
2717 5575 2806 5630 per
2845 5558 3020 5627 illud,
3072 5558 3330 5616 nimirum
3376 5566 3549 5617 testa-

1950 5646 2200 5691 mentum.
2468 5666 2477 5679 ι

1954 5708 1969 5715 “
2024 5704 2053 5745 δ
2096 5704 2302 5767 L’aud.,
2334 5701 2647 5758 ostenditur.

2028 5778 2045 5817 ί
2093 5776 2351 5840 Vindoc.,
2381 5783 2495 5846 post
2523 5771 2871 5855 semetipsum.

2878 5993 2951 6009 αρτ
3006 6004 3051 6010 ...ν
3072 6006 3077 6010 .
3095 5978 3125 6010 ζ.
3148 5984 3157 6008 ᾇ
3212 5991 3343 6009 sco-4'
3355 5991 3447 6005 ὀνο-ο
