4004 6350
582 345 688 410 ειθ

1805 362 2051 422 SANCTI
2088 356 2417 421 GREGORII
2457 357 2672 420 MAGNI

578 474 795 539 Veritas
840 479 1110 551 innotuit,
1162 482 1234 539 ab
1279 480 1554 554 obsequiis
1602 478 1912 540 carnalibus
1966 483 2160 539 litterae
2189 486 2242 549 Α
2269 497 2390 552 pore
2430 496 2555 585 suo,
2600 488 2648 535 et
2682 493 3146 585 vesperums‘uper
3184 480 3317 551 ﬁlios
3355 490 3498 539 terra
3529 499 3786 561 consurgere

584 588 849 649 praecepta
881 578 1096 658 laxavit.

654 670 801 747 [νει.
828 671 879 726 Χ
886 671 933 725 Χ
937 670 987 726 Χ
992 670 1033 744 .]
1074 672 1165 727 74.
1206 669 1442 727 Christus
1468 670 1609 726 solus
1637 687 1812 727 omnes
1843 673 2007 727 sancti
2034 671 2169 741 Spi-

581 768 714 823 ritus
755 768 1076 838 operationes
1117 766 1172 820 in
1211 783 1265 821 se
1306 754 1807 822 manentes‘habuit.
1838 798 1911 808 —
1939 766 2170 821 Redem-

584 869 712 929 ptor
739 867 917 914 autem
946 868 1130 915 noster
1162 859 1215 913 in
1246 874 1409 915 carne
1440 860 1661 914 veniens
1689 860 1933 915 Pleiades
1958 858 2136 930 junxit
2157 899 2173 926 ,

584 954 706 1021 quia
738 952 1082 1018 operationes
1107 948 1440 1018 septiformis
1462 948 1695 1017 Spiritus
1717 950 1877 1005 simul
1909 953 1960 1004 in
1985 964 2045 1005 se
2066 961 2091 987 ι
2121 961 2176 1005 et

582 1050 809 1095 cunctas
837 1050 891 1096 et
919 1052 1198 1096 manentes
1223 1041 1428 1096 habuit.
1462 1041 1536 1096 De
1563 1055 1670 1109 quo
1695 1056 1793 1111 per
1815 1041 2003 1095 Isaiam
2035 1040 2174 1096 dici-

586 1141 672 1186 tur
695 1150 705 1181 :
736 1129 1045 1202 Egredietur
1069 1132 1214 1200 virga
1239 1133 1302 1185 de
1327 1132 1503 1186 radice
1524 1129 1690 1197 Iesse,
1720 1142 1769 1186 et
1794 1135 1892 1203 ﬂos
1915 1133 1978 1187 de
2000 1132 2177 1201 radice

582 1225 696 1293 ejus
720 1223 981 1290 ascendet,
1006 1232 1051 1277 et
1074 1224 1347 1292 requiescet
1370 1240 1526 1292 super
1545 1240 1663 1279 eum
1687 1222 1918 1293 Spiritus
1945 1223 2174 1291 Domini,

584 1316 1091 1385 spiritus-sapientia:
1115 1325 1163 1369 et
1190 1317 1495 1383 intellectus,
1522 1317 1735 1385 spiritus
1764 1317 1967 1373 consilii
1991 1327 2039 1371 et
2068 1317 2178 1388 [or-

585 1409 840 1475 titudinis,
870 1411 1079 1481 spiritus
1105 1410 1332 1465 scientia:
1358 1421 1407 1464 et
1436 1412 1660 1483 pietatis,
1684 1409 1715 1451 ιι
1745 1422 1794 1466 et
1822 1410 2035 1484 replebit
2061 1428 2178 1466 eum

584 1503 799 1571 spiritus
827 1504 1026 1558 tim‘oris
1057 1503 1269 1559 Domini
1297 1503 1461 1577 (Isai.
1492 1521 1574 1573 st,
1605 1506 1693 1575 i).
1735 1505 1813 1561 De
1840 1520 1947 1577 quo
1975 1503 2181 1560 Zacha-

584 1590 692 1645 rias
739 1593 860 1647 ait:
914 1592 1084 1659 Super
1132 1594 1356 1663 lapidem
1402 1612 1565 1649 unum
1612 1606 1829 1664 fseptem
1878 1596 2014 1651 oculi
2058 1602 2179 1649 sunt

585 1681 773 1753 (Zaclt.
801 1699 890 1751 ut,
914 1684 995 1754 9).
1027 1691 1203 1753 Atque
1231 1689 1423 1743 iterum
1453 1705 1467 1740 :
1500 1685 1567 1742 Et
1597 1688 1653 1741 in
1683 1687 1992 1742 candelabro
2019 1703 2176 1741 aureo

589 1774 813 1831 lucerna:
843 1789 1032 1847 septem
1065 1777 1230 1851 (Ibid.
1250 1821 1265 1847 ,
1298 1798 1373 1848 IV,
1401 1779 1484 1851 2).
1519 1781 1708 1837 Nullus
1739 1797 1869 1837 vero
1902 1782 2177 1837 hominum

584 1870 926 1936 operationes
951 1873 1123 1925 sancti
1153 1872 1385 1939 Spiritus
1410 1875 1571 1929 simul
1598 1890 1787 1930 omnes
1812 1875 1997 1930 habuit
2020 1918 2035 1941 ,
2069 1876 2171 1930 nisi
2202 1894 2253 1958 Β

586 1957 731 2010 solus
758 1957 1017 2016 Mediator
1048 1961 1142 2017 Dei
1172 1971 1227 2019 et
1259 1964 1565 2035 hominum,
1594 1966 1749 2036 cujus
1776 1978 1857 2021 est
1886 1968 2025 2023 idem
2054 1968 2176 2038 Spi-

534 2062 537 2065 ·
586 2045 719 2100 ritus
740 2088 757 2113 ,
789 2048 884 2118 qui
914 2050 981 2105 de
1011 2050 1171 2107 Patre
1200 2062 1325 2110 ante
1353 2055 1550 2111 smcula
1581 2056 1843 2123 procedit.
1878 2056 2019 2112 Bene
2049 2072 2177 2128 ergo

586 2134 782 2191 dicitur
808 2155 821 2191 :
853 2136 1024 2211 Super
1049 2142 1275 2213 lapidem
1297 2160 1459 2199 unum
1486 2155 1679 2218 septem
1708 2146 1847 2202 oculi
1870 2158 2011 2204 sunt.
2040 2148 2177 2204 Huic

589 2227 735 2281 enim
768 2226 932 2297 lapidi
961 2241 1170 2301 septem
1202 2236 1389 2289 oculos
1420 2237 1619 2292 habere
1648 2246 1733 2291 est
1771 2238 1929 2292 simul
1960 2253 2178 2295 omnem

587 2316 844 2371 virtutem
891 2317 1135 2387 Spiritus
1167 2323 1499 2392 septiformis
1545 2326 1732 2396 gratia:
1772 2325 1826 2381 in
1870 2329 2181 2398 operatione

585 2408 843 2462 retinere.
868 2407 1019 2463 Alius
1049 2425 1279 2481 namque
1306 2414 1645 2485 prephetinm
1664 2457 1679 2479 ,
1710 2417 1848 2471 alius
1873 2419 2179 2487 scientiam,

589 2494 729 2551 alius
758 2498 981 2554 virtutes
1002 2540 1018 2565 ,
1051 2500 1189 2555 alius
1221 2518 1417 2574 genera
1450 2505 1788 2576 linguarum,
1825 2509 1961 2563 alius
2006 2509 2179 2564 inter-

591 2589 921 2658 pretationes
966 2606 1281 2649 sermonum
1326 2596 1479 2665 juxta
1525 2598 1961 2655 distributionem
2010 2601 2183 2657 sancti

591 2679 827 2752 Spiritus
868 2685 1065 2754 accipit
1106 2683 1179 2755 (Ι
1209 2685 1332 2741 Cor.
1362 2703 1466 2756 xu,
1501 2687 1577 2757 8)
1607 2706 1620 2755 ;
1664 2690 1730 2744 ad
1774 2691 2019 2748 habenda
2052 2709 2183 2749 vero

600 2783 795 2828 cuncta
824 2771 1065 2845 ejusdem
1098 2775 1586 2846 Spiritusmunera
1615 2795 1777 2837 nemo
1807 2784 2077 2853 pertingit.
2115 2786 2186 2839 At

594 2874 733 2921 vero
761 2866 1008 2933 conditor
1034 2878 1221 2923 noster
1246 2868 1459 2925 inﬁrma
1490 2880 1678 2926 nostra
1709 2874 2029 2943 suscipiens,
2059 2874 2185 2943 quia

601 2970 700 3026 per
727 2955 1020 3013 divinitatis
1051 2973 1163 3013 sua:
1192 2960 1484 3029 potentiam
1516 2961 1675 3016 simul
1697 2976 1756 3037 se
1779 2962 1976 3018 habere
1997 2977 2186 3018 omnes

604 3044 777 3100 sancti
828 3045 1061 3116 Spiritus
1112 3048 1339 3104 virtutes
1386 3049 1636 3118 edocuit,
1688 3054 1951 3108 micantes
1999 3054 2187 3122 procul

601 3135 764 3193 dubio
824 3139 1069 3196 Pleiades
1121 3141 1320 3210 junxit.
1363 3142 1499 3197 Dum
1532 3140 1670 3199 vero
1709 3143 1955 3201 Pleiades
1978 3144 2184 3215 jungit,

596 3229 817 3285 Arcturi
844 3246 1034 3303 gyrum
1077 3231 1338 3302 dissipat,
1378 3235 1502 3303 quia
1546 3234 1674 3289 dum
1715 3235 2070 3303 semetipsum
2109 3234 2187 3289 ia-

2281 572 2413 643 facis
2435 572 2462 626 Ρ

2348 665 2440 721 75.
2481 661 2716 719 Christus
2738 679 2887 719 uerus
2910 656 3115 736 lucifer,
3146 666 3364 720 maxime
3385 668 3436 721 in
3457 674 3793 741 resurrectione;
3821 721 3832 729 .

2275 769 2453 820 uesper
2487 764 2661 809 autem
2703 755 3067 809 Antichristus.
3113 754 3253 809 Huic
3271 758 3411 828 juste
3444 760 3702 815 subdantur
3726 764 3795 817 lto-

2278 847 2443 900 mines
2474 860 2623 901 terra:
2662 846 2844 901 dediti.
2884 877 2957 889 —
2995 846 3151 903 Pater
3178 851 3372 918 quippe
3404 851 3454 904 in
3484 861 3699 924 tempore
3723 871 3797 909 suo

2278 942 2561 997 luciferum
2602 943 2885 1011 produxit,
2920 944 3075 1011 quia,
3107 941 3243 997 sicut
3279 946 3525 1012 scriptum
3552 957 3628 1001 est
3652 967 3664 1001 :
3691 948 3789 1001 Cum

2277 1033 2413 1086 venit
2458 1033 2722 1100 plenitudo
2769 1022 3039 1103 temporis.
3088 1033 3225 1087 misit
3265 1032 3400 1088 Deus
3439 1032 3620 1088 Filium
3655 1054 3799 1103 suum,

2277 1136 2453 1175 natum
2490 1138 2555 1176 ea:
2591 1124 2837 1188 muliere,
2880 1124 3075 1192 factum
3112 1122 3203 1176 sub
3244 1124 3383 1193 lege,
3423 1134 3476 1175 ut
3509 1139 3588 1178 eos
3623 1126 3698 1191 qui
3732 1128 3799 1181 sub

2278 1213 2390 1287 lege
2417 1222 2595 1281 erant,
2627 1216 2894 1270 redimeret
2925 1214 3071 1286 (Cal.
3102 1230 3185 1278 tv,
3214 1213 3247 1266 4
3265 1216 3307 1284 ).
3337 1213 3433 1281 Qui
3464 1224 3607 1269 natus
3632 1232 3687 1270 ex
3715 1218 3800 1272 Vir-

2275 1306 2399 1377 gine
2421 1349 2435 1369 ,
2468 1308 2614 1363 velut
2643 1307 2830 1365 lucifer
2858 1306 3000 1363 inter
3032 1307 3281 1361 tenebras
3322 1318 3515 1360 uosme
3553 1309 3705 1361 noctis
3729 1326 3799 1378 ap-

2280 1399 2498 1465 paruit,
2548 1397 2668 1469 quia
2719 1398 2895 1469 lugata
2942 1396 3266 1452 obscuritate
3315 1396 3545 1463 peccati,
3588 1408 3799 1452 anernum

2280 1484 2437 1541 nobis
2467 1501 2623 1541 mane
2656 1486 2943 1543 nuntiavit.
2976 1486 3281 1541 Luciferum
3323 1501 3448 1540 vero
3487 1499 3541 1540 se
3585 1487 3798 1556 innotuit,

2278 1578 2402 1647 quia
2440 1576 2678 1633 diluculo
2722 1593 2786 1634 ex
2829 1587 3005 1633 morte
3042 1578 3312 1645 surrexit,
3340 1588 3395 1632 et
3431 1576 3623 1647 fulgore
3647 1579 3714 1633 sui
3746 1579 3803 1632 lu-

2281 1666 2446 1723 minis
2487 1668 2831 1724 mortalitatis
2873 1678 3074 1723 nostra:
3104 1678 3304 1723 terram
3333 1668 3603 1737 caliginem
3634 1668 3800 1737 pressit.

2277 1753 2374 1811 Cui
2409 1758 2548 1813 hem
2592 1774 2687 1827 per
2724 1757 2985 1813 Joannem
3034 1758 3229 1814 dicitur
3258 1776 3275 1813 :
3311 1758 3474 1815 Ste'la
3508 1760 3743 1828 splendida
3768 1768 3803 1813 et

2279 1848 2534 1901 matutina
2564 1849 2582 1919 (
2608 1851 2771 1917 Apoc.
2805 1865 2951 1915 χιιι,
2982 1849 3048 1904 16
3072 1850 3117 1919 ).
3164 1850 3328 1904 Vivus
3365 1850 3555 1918 quippe
3591 1865 3802 1919 apparens

2281 1946 2402 2006 post
2429 1947 2658 1993 mortem
2678 1978 2693 2003 ,
2725 1938 2984 1993 matutina
3012 1934 3167 1993 nobis
3192 1940 3379 1994 stellas
3406 1938 3567 1993 factus
3589 1949 3661 1994 est
3677 1980 3691 2004 ,
3713 1940 3803 2007 quia

2281 2029 2410 2083 dum
2454 2030 2506 2083 in
2557 2032 2853 2099 semetipso
2900 2032 3211 2101 exemplum
3261 2032 3418 2087 nobis
3460 2033 3806 2089 resurrectiuns

2285 2119 2517 2188 praebuit
2535 2160 2552 2186 ,
2581 2136 2699 2186 qum
2725 2120 2814 2174 lus
2838 2130 3095 2190 sequatur
3116 2119 3396 2176 indicavit.
3426 2120 3690 2190 Vesperqu
3712 2137 3805 2175 vero

2283 2225 2447 2278 super
2476 2219 2633 2265 terra:
2663 2211 2802 2267 ﬁlios
2828 2212 3085 2268 Dominus
3108 2228 3437 2285 consurgere
3464 2213 3606 2278 iacit,
3628 2216 3729 2286 quia
3750 2215 3807 2270 in-

2285 2300 2531 2355 ﬁdelibus
2566 2301 2874 2357 Judaornm
2903 2303 3159 2359 cordibus
3185 2304 3452 2360 dominari
3484 2307 3805 2360 Antichristum

2284 2404 2471 2446 eorum
2504 2395 2698 2449 merito
2736 2395 2985 2465 exigente
3017 2397 3303 2465 permittit.
3340 2398 3438 2465 Qui
3470 2396 3653 2453 idcirco
3678 2414 3702 2452 a
3727 2397 3801 2451 Do-

2286 2487 2434 2543 mino
2466 2488 2593 2543 huic
2618 2490 2831 2559 vesperi
2857 2490 3002 2559 juste
3032 2491 3361 2557 subduntun,
3389 2493 3511 2562 quia
3541 2493 3629 2560 ipsi
3656 2501 3802 2560 sponte

2286 2594 2381 2635 sua
2411 2581 2504 2635 lilii
2529 2591 2694 2637 terra:
2713 2595 2836 2637 esse
2859 2584 3168 2638 voluerunt.
3190 2583 3437 2638 Terrena
3459 2584 3639 2654 quippe
3662 2594 3805 2639 etnon

2286 2672 2526 2728 ccelestia
2567 2674 2939 2741 requirentes,
2983 2675 3010 2711 ά
3054 2689 3084 2728 a
3119 2674 3491 2743 perspicienda
3531 2673 3703 2729 lucileri
3734 2688 3806 2725 no-

2286 2766 2389 2821 stri
2421 2765 2664 2820 claritate
2690 2768 2946 2821 exczecati
2970 2777 3134 2831 sunt;
3165 2775 3220 2821 et
3243 2766 3376 2821 dum
3408 2781 3628 2838 prmesse
3643 2765 3719 2818 sibi
3739 2776 3805 2816 rc-

2293 2873 2511 2928 sperum
2558 2868 2858 2927 expetunt,
2891 2859 3268 2929 subsequentis
3301 2859 3636 2915 damnationis
3655 2867 3799 2911 eterna

2294 2960 2456 3007 nocte
2484 2963 2821 3022 merguntur.
2854 2952 2989 3007 llinc
3019 2954 3071 3007 in
3103 2953 3404 3024 Evangelia
3434 2953 3665 3008 Dominus
3685 2948 3805 3003 dicit:

2297 3042 2411 3113 Ego
2438 3044 2552 3098 ueni
2581 3045 2633 3097 in
2662 3045 2868 3099 nomine
2900 3043 3075 3099 Patris
3106 3047 3222 3112 mei,
3257 3056 3309 3100 et
3345 3062 3446 3100 nou
3476 3042 3712 3111 accepistis
3730 3053 3813 3104 nte;

2295 3136 2431 3189 alius
2461 3136 2621 3190 veniet
2649 3136 2702 3189 in
2734 3138 2938 3190 nomine
2967 3154 3060 3192 suo
3082 3179 3096 3200 ,
3130 3138 3385 3207 etipsum
3412 3139 3644 3207 recipietis
3680 3132 3813 3203 (loco.

2295 3242 2350 3293 v,
2379 3224 2496 3298 45).
2530 3226 2893 3281 ΙΙίηοηΡάιιΙυε
2923 3228 2999 3281 ait
3029 3245 3042 3280 :
3078 3227 3157 3281 Eo
3183 3231 3332 3299 quod
3367 3228 3648 3283 cltaritatcm
3678 3222 3816 3278 verita.

597 3327 744 3375 ctum
779 3284 1048 3377 hoiniinem
1082 3284 1284 3378 habei'e
1314 3284 1546 3379 cunctas
1577 3325 1747 3387 sancti
1790 3284 2023 3395 Spiritus
2052 3340 2188 3395 ope-
2215 3284 2264 3350 Ο
2295 3319 2358 3371 τῖε
2387 3332 2491 3371 non
2521 3328 2820 3387 τεθερεηιηι
2837 3362 2851 3385 .
2884 3330 2937 3373 υι
2963 3320 3095 3374 salvi
3124 3322 3313 3389 ﬁt’fenl
3333 3362 3347 3386 υ
3378 3324 3491 3376 ideo
3525 3330 3547 3357 ’
3574 3320 3710 3373 mill-4
3745 3312 3818 3368 ίίίίε

598 3414 839 3481 rationes
871 3412 1141 3482 innotuit,
1175 3415 1229 3470 in
1261 3415 1614 3472 Testamento
1645 3415 1829 3471 Veteri
1872 3417 2067 3471 litteras
2106 3415 2190 3471 la-

601 3502 790 3561 borem
832 3506 1028 3573 solvit,
1077 3518 1135 3562 ut
1178 3507 1353 3562 ﬁdelis
1395 3508 1623 3578 quisque
1654 3507 1766 3579 jam
1797 3524 1916 3564 cum
1949 3506 2225 3564 libertato'

597 3598 820 3668 spiritus
854 3598 984 3653 illud
1018 3597 1285 3671 intelligat
1313 3598 1400 3655 cui
1432 3602 1580 3666 prius
1620 3600 1673 3656 in
1719 3600 2005 3656 formidine
2048 3601 2193 3657 inter

599 3695 681 3742 tot
707 3687 1023 3744 discrimina
1055 3690 1349 3745 serviebat.
1384 3692 1582 3746 Audiat
1613 3693 1793 3759 itaque
1822 3693 2013 3746 beatus
2042 3691 2145 3747 Job
2173 3709 2187 3747 :

599 3775 857 3849 Nunquid
882 3784 1196 3854 conjungere
1217 3782 1407 3838 valebis
1432 3785 1680 3840 meantes
1703 3786 1882 3840 stellas
1911 3785 2152 3841 Pleiades
2167 3786 2195 3840 1’

602 3873 681 3928 Ac
710 3871 755 3928 si
787 3881 973 3940 aperte
1000 3873 1273 3929 diceretur
1300 3892 1313 3927 :
1344 3874 1558 3931 llabere
1585 3877 1799 3947 quidem
1833 3878 2032 3932 lumina
2064 3893 2197 3949 qua-

604 3966 850 4020 rumdam
878 3965 1134 4023 virtutum
1165 3979 1338 4038 potes,
1364 3971 1457 4026 sed
1492 3971 1727 4040 nunquid
1757 3986 2009 4027 exercere
2034 3970 2196 4026 simul

602 4072 792 4113 omnes
820 4060 1166 4129 operatioues
1201 4064 1373 4119 sancti
1404 4065 1636 4134 Spiritus
1665 4066 1869 4123 sufﬁcis
1893 4068 1917 4121 ἳ
1942 4067 2027 4125 Me
2063 4081 2196 4137 ergo

602 4148 1017 4220 conjungentem
1049 4151 1292 4210 Pleiades
1316 4155 1369 4209 in
1397 4158 1605 4211 cunctis
1635 4157 1926 4213 virtutibus
1954 4167 2197 4215 contem—

602 4240 753 4311 piare
773 4282 789 4307 ,
819 4250 873 4297 et
903 4253 959 4297 tu
987 4241 1055 4298 de
1085 4245 1268 4312 paucis
1297 4246 1365 4300 ab
1395 4246 1627 4303 elatione
1655 4263 2028 4317 compescere.
2052 4249 2197 4306 Audi

603 4332 746 4401 quod
767 4332 963 4388 dicitur
983 4350 998 4389 :
1016 4337 1117 4388 Aut
1139 4353 1323 4407 gyrum
1345 4337 1551 4411 {trctari
1579 4342 1767 4409 poteris
1789 4342 2043 4413 dissipare
2067 4345 2092 4397 .’
2119 4347 2198 4401 Ac

602 4415 650 4493 si
677 4421 726 4477 ei
753 4432 941 4492 aperte
965 4423 1236 4481 diceretur
1264 4444 1278 4481 :
1312 4427 1379 4482 Et
1402 4430 1445 4483 si
1473 4431 1587 4499 ipse
1608 4429 1721 4501 jam
1752 4446 1871 4501 quae
1899 4443 2041 4489 recta
2071 4444 2199 4491 sunt

572 4562 581 4575 ,
606 4514 797 4580 scutis,
828 4515 1063 4585 nunquid
1093 4517 1288 4574 virtute
1318 4528 1405 4574 tua
1436 4522 1599 4577 etiam
1632 4523 1686 4577 in
1718 4522 1913 4579 alienis
1941 4526 2197 4582 cordibus

610 4605 853 4663 laborem
884 4610 1176 4680 grossioris
1206 4612 1579 4685 intelligentiae
1618 4615 1850 4672 destruis
1871 4618 1896 4673 ἳ
1920 4619 2087 4692 952
2116 4620 2198 4676 Me

608 4697 789 4770 itaque
816 4703 1099 4759 considera
1119 4746 1135 4773 ,
1168 4706 1260 4776 qui
1292 4708 1586 4764 carnalium
1615 4712 1778 4766 stulta
1805 4713 2040 4793 corrigo,
2069 4715 2197 4771 dum

611 4807 700 4848 me
729 4809 824 4863 per
850 4797 1027 4852 carnis
1059 4801 1341 4856 stultitiam
1389 4803 1703 4868 manifesto,
1748 4815 1807 4860 ut
1847 4816 1996 4864 tanto
2036 4808 2205 4880 magis

611 4883 732 4940 huc
780 4901 903 4956 qua:
960 4899 1118 4961 putas
1170 4894 1425 4949 virtutum
1479 4906 1688 4951 tuarum
1737 4897 1892 4954 fortia
1921 4898 2204 4968 lmmilies,

578 4984 815 5045 ’qnanto
860 4993 960 5035 nec
1003 4982 1228 5054 vestigia
1271 5001 1407 5041 mea:
1450 4988 1780 5045 inﬁrmitatis
1818 4992 2200 5060 apprehendis.

612 5067 747 5134 Quia
782 5083 911 5125 vero
941 5072 993 5126 in
1027 5072 1145 5142 ipso
1190 5075 1476 5133 dominicae
1521 5079 1906 5136 incarnationis
1950 5084 2205 5152 mysterio

609 5162 730 5217 aliis
756 5161 850 5218 lux
882 5166 1123 5222 veritatis
1148 5172 1476 5239 ostenditur,
1503 5172 1732 5228 aliorum
1764 5189 1893 5230 vero
1922 5190 2019 5244 per
2046 5190 2207 5232 scan-

609 5253 790 5311 dalum
821 5258 988 5313 corda
1021 5260 1389 5328 tenebrantur,
1426 5273 1575 5320 recte
1603 5264 1945 5335 subiungitur
1971 5282 1986 5320 :

927 5350 1156 5408 CAPUT
1197 5351 1389 5409 XXXII
1431 5353 1603 5426 [Rem
1642 5354 1880 5429 XVII

689 5436 851 5495 Vsus.
883 5438 975 5496 52.
1002 5471 1073 5485 -
1096 5441 1351 5516 Nunquid
1382 5455 1409 5545 ξ
1432 5446 1672 5517 producis
1697 5446 1972 5518 luciferum
1998 5448 2054 5503 in
2080 5457 2206 5503 tem-

618 5711 650 5767 h
688 5651 715 5766 ἓ
752 5643 976 5768 ζῖοηεὶρ.
1006 5692 1020 5717 ,
1079 5656 1129 5701 et
1191 5646 1495 5715 coniunctas
1551 5647 1778 5704 innotuit
1833 5657 1883 5703 et
1940 5656 2205 5704 manentes

654 5728 685 5767 a
720 5730 768 5767 tn
800 5752 815 5767 .

544 5762 549 5765 _
618 5728 815 5767 naourt.

692 5783 719 5822 δ
760 5784 931 5840 Laud.
957 5828 972 5852 ,
1004 5800 1052 5842 et
1082 5790 1316 5856 repleuit.

693 5863 719 5895 ⁸
758 5856 925 5913 Laud.
948 5897 964 5925 ,
993 5862 1283 5914 uroduccs‘.
1318 5898 1332 5915 .
1363 5898 1377 5916 .
1411 5898 1425 5913 .
1452 5876 1754 5934 consurgere
1784 5866 1962 5935 facies.

2294 3408 2434 3479 Deus
2461 3411 2810 3479 operationem
2838 3412 3028 3466 erroris
3046 3454 3061 3479 ,
3092 3422 3144 3466 ut
3171 3414 3388 3468 credant
3416 3413 3681 3473 mendacio,
3705 3407 3821 3476 utiu-

2297 3505 2537 3559 dicentur
2568 3522 2744 3565 omnes
2771 3506 2873 3574 qui
2891 3522 2994 3560 non
3020 3507 3356 3562 crediderunt
3386 3506 3580 3562 veritati
3596 3546 3610 3571 ,
3639 3504 3709 3557 sed
3728 3515 3818 3552 con-

2295 3609 2563 3654 senserunt
2605 3600 2868 3669 iniquitati
2913 3598 3017 3672 (Il
3050 3598 3229 3654 Thess.
3270 3600 3501 3667 11,10).
3547 3598 3819 3664 Nequaquam

2295 3705 2426 3761 ergo
2455 3706 2620 3761 super
2650 3706 2745 3744 eos
2779 3705 2969 3761 vesper
2996 3703 3354 3761 consurgeret
3377 3736 3392 3760 ,
3424 3692 3470 3746 si
3499 3692 3612 3746 coeli
3641 3686 3714 3741 ﬁlii
3736 3694 3823 3737 esse

2307 3782 2630 3838 voluissent.
2662 3782 2769 3838 Sed
2798 3783 2924 3837 dum
2955 3781 3189 3837 visibilis
3217 3792 3519 3854 appetunt,
3549 3779 3720 3835 amisso
3739 3786 3824 3827 cor-

2306 3874 2391 3930 dis
2425 3875 2629 3931 lumine
2654 3919 2669 3941 ,
2699 3877 2801 3930 sub
2831 3877 3006 3930 noctis
3034 3876 3172 3932 duce
3204 3880 3602 3933 tenebrescunt.

2372 3965 2538 4039 [Vet.
2578 3966 2837 4040 XXXI.]
2878 3968 2966 4024 76.
3007 3969 3192 4025 Sermo
3231 3967 3336 4025 Dei
3375 3972 3461 4041 qui
3499 3967 3657 4023 electis
3691 3959 3826 4027 lucifa

2300 4068 2411 4128 est,
2452 4064 2684 4130 reprobis
2724 4064 2782 4133 ﬁt
2809 4079 3003 4135 uesper.
3045 4094 3117 4105 —
3142 4065 3308 4130 Quod
3343 4076 3516 4122 tamen
3546 4065 3586 4119 si
3614 4058 3829 4116 moralter

2308 4152 2658 4219 discutimus,
2707 4156 2978 4225 quomodo
3025 4152 3277 4226 quotidie
3325 4169 3513 4229 agatur
3558 4151 3828 4231 invenimus.

2304 4242 2435 4313 quia
2480 4243 2732 4300 nimirum
2774 4255 2828 4300 et
2863 4247 3052 4301 electis
3094 4247 3286 4303 luciter
3325 4249 3518 4313 oritur,
3559 4256 3609 4301 ct
3643 4238 3829 4311 reprobi!

2303 4335 2414 4390 Deo
2440 4338 2785 4405 permittente
2814 4353 3002 4409 vesper
3025 4341 3357 4395 dominatur.
3388 4341 3535 4397 Urnis
3565 4338 3691 4393 enirn
3715 4338 3830 4399 atque

2301 4431 2443 4487 idem
2475 4448 2655 4488 sermo
2687 4433 2779 4489 Dei
2821 4442 2906 4488 est
2944 4434 2996 4488 in
3038 4449 3135 4490 ore
3160 4433 3525 4501 prmdi'camis.
3555 4433 3707 4501 Quem
3741 4426 3829 4477 dum

2301 4522 2388 4577 isti
2414 4522 2715 4593 gaudendo,
2744 4522 2816 4577 illi
2843 4539 2973 4578 vero
3002 4523 3297 4581 invidendo
3322 4524 3564 4584 audiunt.
3592 4521 3831 4577 claritatem

2301 4615 2403 4669 sibi
2436 4614 2645 4670 lucileri
2670 4615 2724 4669 in
2747 4614 2956 4682 vesperi
2982 4615 3231 4670 tenebras
3255 4626 3488 4671 vertunt.
3519 4616 3641 4668 Dum
3667 4609 3737 4665 isti
3763 4607 3835 4698 hu:

2228 4673 2280 4736 υ
2305 4705 2509 4760 militer
2538 4720 2723 4760 vocem
2754 4713 2954 4759 sancta:
2988 4706 3385 4774 praedicationis
3414 4705 3699 4773 accipiunt,
3725 4686 3835 4763 ηυιεί

2307 4798 2374 4853 ad
2415 4798 2585 4853 stellae
2632 4798 2804 4852 lucem
2848 4798 3037 4853 oculos
3067 4799 3247 4853 cordis
3289 4805 3577 4869 aperiunt;
3608 4794 3835 4848 dumvcro

2308 4893 2387 4948 illi
2439 4893 2778 4948 benedicenti
2836 4893 3109 4961 invident,
3163 4902 3217 4949 et
3261 4910 3367 4949 non
3415 4891 3599 4947 salutis
3637 4893 3834 4973 causast.

2314 4986 2408 5040 sed
2438 4985 2692 5059 elationis
2719 4984 2945 5054 gloriam
2973 4993 3223 5055 quu'rttnt
3243 5030 3257 5052 ,
3290 4988 3667 5055 proruntpente
3695 4974 3837 5037 iniqu“

2308 5078 2437 5133 tatis
2457 5093 2571 5133 suae
2591 5092 2815 5147 vespere
2842 5079 2892 5133 in
2918 5092 3166 5134 somnum
3195 5078 3387 5132 mortis
3413 5074 3596 5129 oculos
3619 5064 3838 5162 claudat".

2313 5169 2419 5227 Per
2447 5172 2717 5227 occultum
2747 5186 2877 5243 ergo
2899 5170 3160 5241 judicium
3190 5170 3237 5225 is
3262 5171 3353 5240 qui
3384 5167 3569 5224 electis
3597 5156 3670 5217 est
3699 5149 3840 5211 lucili'r

2223 5309 2225 5311 ι
2313 5263 2560 5333 reprobis
2602 5264 2942 5318 auditoribus
2986 5262 3048 5317 lit
3088 5276 3299 5332 vesper,
3350 5260 3475 5329 quia
3522 5244 3839 5333 exhortatione

2312 5332 2499 5411 sancta
2525 5353 2544 5393 τ
2579 5372 2679 5423 qua
2713 5355 2839 5411 boni
2867 5356 2934 5410 ad
2963 5356 3124 5410 vitam
3148 5354 3376 5411 redeunt.
3402 5349 3552 5421 pravi
3575 5338 3781 5440 deterius

2313 5447 2472 5518 culpa
2515 5447 2839 5529 moriuntur.
2886 5446 3040 5505 Unde
3082 5448 3221 5505 bene
3260 5460 3375 5518 per,
3402 5442 3615 5500 Paulum
3656 5433 3841 5488 dicitur:

2386 5642 2414 5683 τι
2454 5645 2624 5701 Laud.
2648 5687 2663 5705 .
2696 5646 2764 5700 ad
2794 5647 3204 5715 perspiciendum
3234 5686 3248 5700 .
3280 5681 3295 5699 .
3329 5640 3343 5696 .
3375 5680 3389 5695 .
3415 5640 3704 5697 claritatem.

2390 5728 2414 5754 ο
2459 5718 2603 5771 ldern
2634 5716 2852 5784 Codex,
2886 5719 3060 5778 mittit.
3762 5767 3771 5778 .
3790 5750 3843 5817 Ἀ

2394 5785 2417 5817 ι
2462 5788 2666 5817 \t:...t....
2768 5790 2959 5817 nu.-..:..
3025 5797 3072 5817 ..ο
3121 5789 3168 5817 ,ι
3234 5787 3397 5817 λιιι-η.
3498 5793 3642 5817 annm
3670 5774 3769 5817 bant

2394 5785 2417 5826 ί
2462 5788 2723 5853 Vindoc.,
2766 5774 2982 5847 Eh'roic.
3023 5774 3079 5846 et
3120 5789 3191 5846 al.
3234 5787 3455 5850 Norm.,
3496 5793 3643 5854 quam
3670 5774 3769 5827 ml

2254 5882 2257 5887 ν
2311 5862 2473 5915 vitam
2501 5860 2741 5918 audiunt.
3064 5891 3070 5899 ·

2634 6000 2799 6015 -.⁸η”.-4
2852 5997 2909 6009 γε.
