4004 6350
221 335 319 393 521
927 340 1288 402 MORALIUM
1325 341 1457 402 LIB.
1497 341 1670 400 XXX.
1708 369 1779 392 --
1813 341 1879 398 IN
1917 342 2144 402 CAPUT
2183 341 2450 402 XXXVIII
2494 345 2553 401 Β.
2597 344 2738 404 JOB.

3369 341 3472 398 522

217 456 413 512 Christi
436 455 597 531 953
629 456 792 514 bonus
820 475 948 516 oaor
970 479 1144 516 sumus
1174 461 1286 517 Deo
1330 463 1385 516 in
1424 462 1505 516 his
1547 449 1636 533 qui
1673 461 1802 516 salvi
1824 470 1874 528 Α
1899 477 1990 516 sus
2005 461 2168 533 jacet.
2197 463 2345 517 Alius
2372 478 2562 520 vacare
2582 469 2809 534 appetit,
2829 471 2884 518 et
2912 460 3207 516 innumeris
3236 461 3464 531 negotiis

217 550 382 618 ﬁunt,
413 556 460 605 et
485 560 536 604 in
564 552 644 605 his
671 553 757 620 qui
786 567 1036 623 pereunt;
1061 557 1182 610 aliis
1211 557 1417 626 quidem
1460 555 1588 610 odor
1628 555 1799 610 mortis

213 643 264 695 in
300 652 548 709 mortem,
579 645 699 699 aliis
724 655 896 700 autem
925 649 1053 702 odor
1077 649 1193 703 vita:
1217 649 1270 702 in
1299 649 1455 702 vitam
1485 644 1574 720 (11
1595 645 1714 703 Cor.
1738 663 1796 718 ιι,

213 737 328 809 IS).
367 738 598 795 Verbum
628 741 806 811 itaque
832 758 984 797 suum
1013 743 1349 799 auditoribus
1373 757 1493 797 esse
1519 740 1797 798 luciferum

211 831 380 886 simul
423 841 478 887 et
522 848 800 902 vesperum
841 833 1004 901 vidit,
1048 849 1146 904 per
1187 835 1330 904 quod
1358 845 1414 890 ct
1440 827 1575 889 alios
1603 835 1670 888 ab
1700 832 1802 888 ini-

210 923 424 992 quitate
447 925 728 990 suscitari,
753 935 806 980 et
834 940 864 981 e
890 934 1075 980 contra
1100 925 1234 981 alios
1255 925 1421 993 sepiri
1445 925 1496 980 in
1526 924 1803 995 iniquitate

208 1018 523 1087 conspexit.
548 1019 699 1086 Quod
721 1021 841 1090 quia
865 1019 1083 1076 occultis
1110 1020 1202 1075 Dci
1224 1018 1438 1088 judicii‘s
1466 1018 1658 1089 agitur,
1682 1029 1803 1087 qua:

207 1106 258 1163 iu
291 1108 400 1164 hac
429 1110 537 1164 vita
565 1111 633 1165 ab
663 1110 970 1166 hominibus
998 1110 1381 1179 comprehendi
1411 1125 1515 1165 non
1544 1118 1803 1180 possunt,

204 1211 362 1255 recto
386 1200 495 1256 illic
517 1202 753 1257 subdidit
772 1222 786 1257 :
808 1200 874 1256 Et
893 1202 960 1256 ad
984 1203 1090 1257 haec
1111 1202 1226 1273 quis
1248 1213 1351 1256 tam
1373 1201 1586 1256 idoneus
1611 1201 1801 1271 (Ibid.,

208 1294 339 1364 l6)?
366 1299 444 1350 Ac
466 1296 511 1352 si
536 1297 765 1354 diceret:
792 1295 977 1354 ldonei
1000 1297 1210 1368 quidem
1238 1313 1421 1354 sumus
1448 1296 1514 1353 ad
1543 1297 1656 1356 lucc
1675 1312 1804 1352 con-

205 1386 503 1442 sideranda
528 1397 554 1424 α
580 1387 699 1458 quia
730 1390 862 1443 liunt
881 1431 896 1454 ,
927 1389 1019 1443 sed
1047 1389 1226 1444 idonei
1254 1403 1359 1443 non
1387 1401 1572 1443 sumus
1596 1387 1662 1443 ad
1689 1387 1804 1443 haec

203 1478 583 1545 investiganda
613 1494 710 1534 cur
742 1479 892 1533 ﬁant.
952 1478 1106 1534 Unde
1137 1479 1223 1533 hic
1252 1493 1464 1549 quoque
1497 1478 1764 1533 Dominus
1785 1519 1801 1544 ,

212 1573 338 1640 quia
389 1571 512 1624 aliis
554 1571 777 1640 produci
807 1571 1119 1637 luciferum,
1151 1571 1269 1626 aliis
1313 1586 1438 1627 vero
1477 1566 1805 1641 consurgere

220 1677 509 1726 vesperum
551 1663 792 1728 dixerat,
828 1680 895 1719 ne
925 1664 1247 1733 perscrutari
1275 1661 1438 1719 homo
1467 1663 1677 1719 occulta
1709 1661 1804 1716 Dei

213 1754 403 1825 judicia
432 1755 663 1818 audeat,
696 1754 837 1808 illico
865 1754 1134 1824 subjungit
1163 1773 1175 1808 :

327 1847 548 1903 CAPUT
581 1847 798 1904 XXXIII
829 1840 984 1921 [γετί
1003 1847 1250 1918 XXXII,
1285 1848 1408 1904 Ree.
1441 1846 1696 1921 XVIII].

300 1937 447 1992 \‘sns.
483 1941 572 1994 55.
599 1969 666 1979 -
702 1939 948 2011 Nunquid
979 1943 1113 1996 nosti
1135 1941 1365 1996 ordinem
1410 1943 1544 2009 caeli,
1569 1952 1617 1997 et
1646 1955 1801 2012 pones

230 2031 458 2084 rationem
489 2033 603 2100 ejus
631 2033 686 2085 in
718 2042 875 2086 terra.

288 2121 314 2172 7
323 2121 368 2176 7.
409 2123 747 2177 Judiciorum
770 2133 817 2178 et
839 2123 1304 2194 prtedestinationis
1332 2122 1427 2178 Dei
1455 2139 1635 2178 causas
1657 2141 1802 2180 nemo

215 2215 333 2280 scit;
363 2232 514 2270 nemo
544 2226 818 2271 scrutetur.
838 2217 1180 2273 —Ordinem
1230 2217 1351 2273 coeli
1409 2232 1565 2272 nosse
1593 2227 1676 2271 est
1714 2233 1804 2272 su-

206 2323 500 2379 pernarum
552 2308 964 2379 dispositionum
1015 2311 1253 2366 occultas
1306 2310 1804 2378 prmdestinationes

207 2398 414 2454 videre.
445 2398 725 2454 Rationem
749 2415 878 2454 vero
908 2399 1026 2468 ejus
1053 2398 1104 2452 in
1149 2411 1290 2453 terra
1335 2413 1554 2467 ponere,
1580 2408 1659 2453 est
1680 2407 1804 2453 ante

203 2492 448 2544 humana
478 2490 640 2544 corda
672 2491 854 2545 talium
885 2498 1213 2546 secretorum
1233 2505 1421 2545 causas
1439 2490 1669 2558 aperire.
1698 2489 1806 2543 Ita-

203 2583 411 2637 timiem
441 2582 693 2637 videlicet
712 2581 832 2638 cmli
853 2582 904 2637 in
937 2591 1076 2636 terra
1108 2598 1307 2652 ponere
1335 2591 1417 2636 est
1444 2597 1802 2651 supernorum

103 2709 106 2714 ι
202 2675 529 2746 iudiciorum
571 2674 825 2747 mysteria
855 2675 940 2729 vel
982 2673 1376 2730 considerando
1403 2674 1695 2740 discutere,
1719 2673 1804 2730 vel

205 2769 486 2839 loquendo
511 2769 883 2824 manifeStare.
916 2769 1070 2837 Quod
1100 2769 1282 2838 utique
1305 2767 1478 2822 facere
1502 2768 1553 2821 in
1578 2767 1675 2821 hac
1697 2768 1804 2820 vita

205 2865 415 2933 positus
471 2861 652 2917 nullus
696 2871 890 2927 potest.
929 2862 995 2917 Ut
1040 2861 1185 2916 enim
1217 2877 1245 2914 a
1279 2861 1455 2930 parvis
1485 2860 1551 2913 ad
1601 2858 1804 2927 majora

212 2955 515 3015 veniamus,
537 2953 656 3021 quis
679 2948 989 3022 intelligat"
1013 2967 1132 3023 qua:
1158 2967 1279 3007 esse
1305 2951 1444 3006 ratio
1471 2959 1802 3006 secretorum

221 3058 410 3117 potest,
444 3047 593 3118 quod
622 3062 766 3117 smpc
789 3047 1059 3117 virjustus
1082 3062 1109 3100 a
1133 3046 1337 3116 judicio
1362 3061 1467 3100 non
1497 3048 1669 3100 solum
1695 3058 1802 3098 non

218 3142 538 3205 vindicatus,
564 3140 660 3194 sed
692 3142 850 3194 etiam
881 3139 1099 3208 punitus
1129 3137 1332 3203 redeat,
1368 3147 1421 3192 et
1451 3137 1663 3206 iniquus
1686 3135 1803 3204 ejus

207 3232 554 3287 adversarius
579 3246 684 3285 non
713 3230 886 3285 solum
914 3245 1018 3284 non
1049 3229 1286 3299 punitus,
1317 3229 1413 3283 sed
1444 3228 1604 3283 etiam
1635 3227 1805 3282 victor

208 3323 504 3380 abscedat?
523 3324 654 3391 Quis
683 3323 946 3393 intelligat
968 3338 1063 3376 cur
1077 3320 1211 3376 vivit
1229 3321 1365 3375 alius
1381 3318 1640 3374 insidians
1661 3331 1806 3374 mor-

211 3415 344 3470 tibus
375 3416 766 3484 proximorum,
798 3423 854 3469 et
884 3414 1109 3468 moritur
1155 3413 1288 3467 alius
1340 3413 1432 3482 qui
1491 3408 1804 3481 profuturus

209 3520 352 3564 esset
383 3509 506 3564 vitae
536 3507 825 3562 multorum
857 3507 880 3559 ?
910 3507 1063 3561 Alius
1113 3506 1323 3560 culmen
1355 3504 1632 3574 potestatis
1659 3517 1808 3558 asse-

211 3599 516 3669 quitur,qui
541 3615 647 3655 non
674 3599 772 3654 nisi
805 3598 1002 3653 laedere
1033 3597 1241 3664 studet;
1282 3595 1421 3651 alius
1439 3596 1805 3652 tantummodo

218 3699 374 3749 laesos
413 3692 705 3748 defendere
754 3692 1107 3761 concupiscit,
1140 3699 1195 3746 et
1228 3699 1404 3746 tamen
1439 3690 1551 3759 ipse
1586 3704 1807 3759 oppres-

301 3815 326 3842 -‘
354 3805 408 3858 In
435 3804 614 3873 Gilot.,
650 3805 842 3870 Vatic.,
875 3804 1138 3861 Gussanv.
1176 3803 1298 3866 Ed..
1323 3813 1452 3873 etc.,
1477 3803 1798 3873 legiturque

231 3875 377 3944 ﬁunt.
407 3872 734 3945 Melius'quia
754 3877 902 3946 ﬁunt,
938 3887 992 3931 ut
1021 3876 1218 3930 habent
1249 3877 1375 3930 Mss.
1401 3872 1570 3946 Corb.
1589 3872 1796 3946 Germ,

227 3947 448 4018 Apglic.,
499 3947 706 4010 Norm.,
755 3945 929 4001 Laud.
982 3958 1037 4002 et
1066 3947 1179 4012 alii,
1229 3962 1292 4000 ac
1312 3956 1466 4002 vetus
1501 3945 1596 3999 Ed.
1624 3945 1797 3999 Paris.

218 4015 374 4083 “$.55,
409 4028 471 4072 ut
496 4020 562 4073 de
583 4019 791 4074 caeteris
810 4019 1084 4072 sileamus.
1517 4050 1526 4063 ι

282 4088 310 4128 δ
343 4091 510 4154 Editi,
537 4107 652 4158 qua:
677 4105 781 4144 esse
808 4100 1114 4143 secretorum
1137 4088 1397 4143 subtilitas
1420 4086 1799 4158 potesttAliam

209 4159 506 4215 lectionem
553 4156 904 4228 prmtulimus,
938 4177 1055 4230 qua:
1110 4171 1190 4213 est
1222 4161 1346 4215 Mss.
1394 4156 1557 4230 Gorb.
1589 4156 1800 4222 Germ.,

204 4230 429 4297 Nomm,
463 4227 656 4294 Laud.,
681 4231 928 4290 Vindoc..
953 4227 1340 4297 annotaturque
1370 4245 1399 4283 a
1430 4227 1692 4282 Gussanv.

286 4313 309 4340 ε
338 4300 506 4356 Corb.
541 4302 748 4367 (ierim,
774 4303 983 4356 Ebroic.
1017 4303 1214 4370 aliique
1232 4301 1440 4362 Norm.,
1469 4316 1569 4368 quo
1590 4299 1656 4351 ad
1686 4313 1803 4366 per-

201 4389 359 4427 uersa
389 4383 711 4442 prorumpat.
750 4372 1091 4440 Laud.,quod
1119 4373 1184 4442 ad
1216 4387 1449 4439 peruersa
1480 4377 1803 4439 prorumpat.

279 4441 310 4479 ά
337 4444 503 4498 Multa
529 4441 615 4498 hic
639 4444 840 4498 omissa
865 4444 916 4498 in
952 4445 1094 4497 Edit.
1142 4441 1406 4498 Gussanv.
1436 4442 1805 4508 supplevimus

203 4529 270 4569 ex
298 4514 438 4570 Mss.
473 4514 634 4569 Corb.
659 4513 866 4581 Germ.,
910 4513 1188 4579 Norman.,
1234 4525 1366 4577 etc.,
1397 4525 1604 4565 necnon
1633 4525 1699 4564 ex
1731 4510 1805 4562 al.

1255 4759 1607 4843 LIBER
1684 4753 2446 4841 TRIGESIMUS.

1903 553 2233 622 implicatur;
2269 556 2401 610 alius
2430 557 2652 626 negotiis
2671 553 2838 628 954
2867 554 3128 624 implicari
3178 553 3470 615 desiderat,

1902 652 1959 700 et
1979 655 2192 701 coactus
2218 655 2390 701 vacat.
2425 647 2570 701 Altus
2602 649 2739 702 male
2767 647 3024 702 iuchoans
3054 645 3226 717 usque
3253 651 3318 700 ad
3351 649 3474 700 vitae

1901 750 2012 792 sua:
2041 731 2323 792 terminum
2353 738 2417 792 ad
2459 737 2642 806 pejora
2669 737 3039 807 protrahitur;
3065 737 3202 792 alius
3231 739 3365 792 bene
3387 737 3471 790 in-

1903 831 2103 898 cipiens
2129 845 2223 900 per
2251 831 2630 901 longitudinem
2659 839 2955 899 temporum
2997 831 3205 898 prolicit
3247 829 3314 884 ad
3344 844 3476 898 ang-

1903 934 2080 979 menta
2110 926 2439 980 meritorum.-
2467 927 2536 980 At
2563 937 2772 990 contra,
2801 926 2933 979 alius
2957 926 3097 980 male
3145 926 3332 980 vivens
3384 926 3475 979 diu

1904 1027 2215 1073 reservatur
2237 1027 2296 1072 ut
2321 1034 2378 1072 se
2405 1019 2658 1088 corrigat,
2689 1019 2823 1072 alius
2851 1031 2977 1072 vero
3012 1018 3145 1072 bene
3167 1018 3377 1087 quidem
3400 1019 3477 1070 vi-

1903 1112 2060 1168 detur
2081 1114 2280 1182 vivere,
2304 1113 2396 1168 sed
2429 1114 2480 1166 in
2525 1113 2624 1167 hac
2653 1113 2756 1165 vita
2785 1127 2850 1166 eo
2875 1127 3044 1180 usque
3067 1113 3225 1166 durat
3251 1123 3270 1150 ε
3302 1111 3475 1180 quoad

1905 1205 1959 1261 in
1989 1220 2236 1276 perversa
2272 1216 2600 1274 prorumpat.
2643 1205 2791 1259 Alius
2837 1208 2886 1258 in
2932 1218 3116 1258 errore
3149 1203 3478 1256 inﬁdelitatis

1907 1310 2060 1354 natus
2087 1300 2137 1353 in
2160 1315 2342 1353 errore
2370 1297 2570 1366 deﬁcit,
2591 1296 2617 1334 ει
2643 1299 2778 1351 alius
2801 1300 2850 1351 in
2870 1297 3146 1351 catholica:
3179 1295 3301 1350 ﬁdei
3325 1294 3479 1349 recti-

1907 1393 2093 1446 tudine
2115 1392 2326 1461 genitus
2357 1392 2408 1444 in
2431 1391 2710 1445 catholica:
2736 1391 2858 1444 ﬁdei
2890 1389 3206 1444 rectitudine
3227 1402 3477 1443 consum-

1905 1492 2100 1537 matur.
2134 1483 2175 1537 E
2199 1493 2383 1537 contra
2416 1498 2543 1537 vero
2574 1481 2707 1535 alius
2737 1481 3014 1536 catholicae
3065 1483 3246 1534 matris
3292 1490 3480 1534 ventre

1905 1575 2079 1632 editus
2105 1577 2258 1644 juxta
2288 1576 2412 1629 vita:
2438 1577 2725 1629 terminum
2753 1575 2947 1628 erroris
2973 1573 3227 1641 voragine
3249 1572 3475 1626 devora-

1907 1677 2010 1738 tur,
2037 1669 2170 1724 alius
2202 1676 2377 1723 autem
2404 1668 2562 1721 vitam
2593 1682 2740 1721 suam
2763 1667 2815 1720 in
2843 1664 3103 1720 catholica
3125 1665 3320 1734 pietate
3348 1678 3480 1718 con-

1905 1768 2158 1824 summat,
2185 1762 2272 1829 qui
2294 1769 2446 1813 ortus
2477 1761 2526 1812 in
2560 1757 2778 1827 perﬁdia
2811 1773 2929 1811 cum
2973 1758 3113 1810 lacte
3137 1755 3320 1810 matris
3349 1755 3483 1808 hau-

1839 1860 1887 1921 Β
1914 1859 2059 1906 serat
2086 1848 2229 1905 virus
2245 1851 2466 1904 erroris.
2492 1851 2642 1903 Alius
2658 1848 3026 1904 celsitudinem
3058 1857 3081 1884 ο
3103 1847 3240 1902 bene
3270 1845 3481 1900 vivendi

1907 1952 2158 2012 appetere
2199 1952 2254 1998 et
2302 1943 2430 2006 vult,
2464 1954 2516 1997 et
2545 1944 2713 2006 valet;
2739 1941 2880 1995 alius
2907 1956 3006 1995 nec
3035 1941 3165 2005 vult,
3197 1953 3296 1993 nec
3317 1939 3477 1991 valet.

1906 2035 2058 2091 Alius
2087 2035 2220 2099 vult,
2240 2045 2414 2089 etnon
2443 2035 2611 2100 valet;
2640 2035 2773 2086 alius
2798 2034 2958 2098 valet,
2977 2040 3026 2086 et
3056 2047 3161 2085 non
3190 2030 3323 2087 vult.
3347 2029 3482 2094 Quis

1909 2145 2039 2201 ergo
2091 2129 2188 2184 ista
2239 2121 2558 2197 judiciorum
2601 2127 2905 2183 caelestium
2956 2133 3159 2179 secreta
3206 2120 3482 2177 discutiat!

1911 2219 1932 2258 τ
1964 2221 2097 2287 Quis
2129 2221 2386 2290 intelligat
2410 2231 2670 2273 secretam
2699 2217 2904 2272 lancem
2944 2214 3206 2285 aequitatis
3235 2211 3482 2268 occultae?

1909 2312 1991 2367 Ad
2015 2313 2415 2379 cognoscendos
2447 2310 2642 2380 quippe
2672 2320 2696 2358 Β
2727 2311 2858 2364 istos
2886 2308 3210 2378 judiciorum
3255 2315 3483 2361 secreto-

1911 2418 2029 2456 rum
2053 2403 2200 2456 sinus
2228 2402 2404 2456 nullus
2427 2402 2686 2456 ascendit.
2712 2400 2933 2453 Dicatur
2951 2414 3078 2468 ergo
3106 2397 3331 2461 hOmiui,
3355 2406 3411 2450 ut
3431 2410 3484 2451 se

1911 2494 2118 2560 nescire
2147 2503 2465 2563 cognoscat;
2518 2495 2844 2550 nescientem
2874 2507 3005 2546 vero
3034 2507 3094 2546 se
3125 2499 3409 2559 cognoscat
3434 2496 3485 2542 ut

1911 2589 2130 2651 timeat;
2163 2589 2348 2642 timeat
2386 2598 2440 2640 ut
2485 2583 2810 2649 humilietur,
2840 2585 3148 2640 humilietur
3190 2601 3256 2639 ne
3288 2598 3487 2653 prtesu-

1909 2689 2019 2736 mat
2066 2683 2118 2734 in
2169 2697 2257 2744 se;
2310 2696 2414 2734 non
2455 2688 2743 2748 praesumat
2771 2679 2825 2733 in
2857 2693 2936 2746 se,
2978 2685 3036 2732 ut
3079 2679 3371 2733 conditoris
3397 2675 3482 2729 sui

1909 2775 2162 2828 auxilium
2191 2773 2461 2858 requirat;
2499 2781 2553 2827 et
2586 2773 2676 2840 qui
2727 2787 2777 2825 in
2810 2786 2868 2826 se
2897 2772 3068 2824 ﬁdens
3117 2778 3359 2823 mortuus
3387 2775 3486 2836 est,

1894 2856 2142 2921 auctoris
2165 2866 2246 2919 sui
2269 2856 2592 2934 adjutorium
2627 2874 2887 2932 appetens
2918 2861 3080 2915 vivat.
3100 2860 3294 2914 Audiat
3315 2861 3487 2927 itaque

1910 2956 1994 3011 vir
2022 2956 2196 3026 justus
2229 2955 2340 3025 jam
2364 2953 2577 3023 quidem
2610 2969 2667 3007 se
2694 2953 2893 3016 sciens,
2922 2950 3017 3007 sed
3056 2950 3228 3004 adhuc
3257 2965 3375 3019 qua:
3403 2964 3488 3003 su-

1911 3062 2005 3118 pra
2034 3061 2092 3102 se
2117 3058 2239 3101 sunt
2268 3045 2512 3100 nesciens
2543 3041 2843 3115 :Nunquid
2872 3043 3003 3097 nosti
3029 3042 3258 3095 ordinem
3294 3039 3424 3104 creti,
3448 3048 3491 3092 et

1911 3154 2066 3207 pones
2088 3139 2311 3191 rationes
2343 3139 2452 3210 ejus
2475 3138 2526 3189 in
2556 3136 2732 3190 terra?
2766 3136 2816 3190 id
2864 3143 2964 3202 est,
2997 3133 3234 3203 nunquid
3256 3132 3488 3188 occultos

1830 3251 1878 3315 ρ
1911 3229 2130 3284 ordines
2179 3228 2503 3298 judiciorum
2553 3226 2850 3282 cmlestium
2914 3225 3356 3297 comprehendis,
3405 3231 3491 3279 aut

1912 3321 2123 3390 aperire
2153 3320 2400 3375 humanis
2430 3322 2648 3376 auribus
2689 3321 2928 3375 sufﬁcis?
2976 3321 3168 3376 Beatus
3215 3317 3375 3390 igitur
3395 3314 3489 3370 Joh

1912 3413 1981 3468 de
2029 3411 2349 3482 judiciorum
2411 3412 3033 3482 incomprehensibilium
3086 3407 3490 3478 investigatione

1914 3504 2225 3574 requiritur,
2271 3521 2332 3559 ac
2385 3505 2430 3559 si
2473 3506 2520 3559 ei
2577 3503 3073 3573 aperte'diceretur
3105 3520 3117 3556 :
3146 3501 3346 3557 Cuncta
3376 3512 3492 3569 qua

1925 3597 2127 3667 pateris
2151 3608 2298 3650 tanto
2321 3599 2548 3652 tolerare
2569 3597 2857 3664 patientius
2878 3595 3062 3659 debes,
3095 3604 3294 3664 quanto
3319 3605 3494 3647 secre~

1913 3697 2087 3744 torum
2118 3688 2414 3744 ccelestium
2443 3689 2659 3758 ignarus
2676 3703 2770 3743 cur
2799 3687 2915 3741 haec
2945 3686 3145 3756 pateris
3183 3687 3381 3741 nescis.

1909 3803 2053 3858 Edit.
2105 3807 2354 3860 Attamen
2397 3811 2606 3860 veteres
2661 3801 2830 3860 Paris.
2872 3803 3008 3859 1488
3035 3812 3089 3858 et
3120 3801 3257 3857 M93
3291 3801 3492 3855 habent

1911 3885 2136 3941 tantum,
2156 3884 2214 3928 ut
2234 3876 2518 3940 Gussanv.,
2537 3877 2668 3928 alius
2684 3877 2736 3929 in
2758 3875 3020 3930 catholica:
3040 3875 3162 3941 ﬁdei
3188 3873 3494 3926 rectitudine

1910 3956 2308 4012 consummatur,
2338 3946 2467 4013 Quae
2493 3948 2714 4001 deerant
2751 3947 3109 4016 suppeditavit
3150 3945 3309 3999 etiam
3337 3944 3486 4016 Edit,

1908 4017 2081 4074 Paris.
2119 4011 2522 4072 I518.Nostra
2563 4017 2722 4072 lectio
2771 4011 2961 4072 melius
3011 4017 3299 4084 respondet
3338 4011 3495 4067 alteri

1911 4092 2156 4212 animbro
2187 4105 2199 4141 :
2225 4089 2360 4143 alius
2404 4089 2457 4142 in
2503 4105 2678 4144 errore
2722 4088 3043 4158 inﬁdelitatis
3067 4096 3215 4140 natus
3246 4087 3300 4140 in
3323 4100 3496 4140 errore

1951 4175 1977 4211 e
2021 4171 2106 4212 αι.

1951 4161 2106 4226 e/icit.

1988 4241 2012 4267 ο
2043 4229 2286 4295 Vindoc.,
2315 4231 2516 4288 Pratel.
2539 4243 2590 4286 et
2615 4231 2728 4298 alii,
2758 4232 2880 4286 bene
2907 4231 3137 4285 vivendo.

1988 4297 2009 4337 ί
2045 4302 2097 4354 In
2129 4303 2296 4367 Edit.,
2332 4305 2442 4371 quis
2471 4297 2722 4373 intelligat
2776 4303 3067 4359 discretam.
3121 4300 3250 4358 MSS.
3283 4297 3495 4369 Anglic.

1912 4379 1967 4426 et
1989 4377 2158 4426 nostri
2182 4376 2399 4438 habent,
2427 4385 2690 4428 secretam.

1984 4451 2010 4489 ε
2049 4442 2084 4497 Τ
2091 4458 2244 4498 uron.
2274 4455 2328 4500 et
2359 4445 2549 4513 Laud.,
2576 4447 2765 4516 justas.

2433 4646 3490 4674 ,a—w

208 4924 718 5003 Expositionem
754 4929 896 4985 octo
926 4941 1217 4986 uersuum
1240 4922 1612 4984 ultimorum
1648 4916 1879 4998 capitis
1907 4934 2188 5003 xitum,
2221 4927 2277 5003 et
2309 4916 2566 5003 totidem
2600 4915 3100 5003 capitisgxxxtx,
3138 4915 3497 5003 complecti-

294 4995 428 5065 tur.
483 5002 604 5065 Ubi
658 5003 730 5063 de
782 5003 1121 5082 Evangelii
1179 5003 1629 5082 pradicatione
1677 4995 2030 5078 prasertim
2079 4999 2356 5077 plurima
2399 5000 2503 5078 pie
2545 5015 2618 5060 ac
2670 4995 2915 5063 Erudite
2953 4995 3208 5062 sanctus
3249 4995 3496 5059 Doctor

295 5085 610 5146 edisserit.

285 5205 547 5280 θεων
554 5216 618 5260 et.
647 5214 694 5260 et
718 5203 844 5264 Rec.
871 5203 952 5276 1.]
985 5206 1035 5260 l.
1059 5206 1164 5260 Cur
1188 5205 1286 5260 Job
1310 5223 1341 5260 a
1367 5204 1477 5260 Deo
1503 5204 1567 5290 de
1593 5212 1668 5258 tot
1689 5215 1804 5260 tan-
1829 5199 1887 5262 D
1913 5209 2081 5266 ratur,
2128 5202 2196 5256 de
2245 5215 2312 5257 eo
2357 5200 2538 5258 divina
2585 5199 2687 5260 Job
2733 5215 2867 5259 voce
2909 5200 3225 5271 requiritur;
3272 5195 3498 5251 dicitur-

201 5311 220 5356 t
231 5302 379 5370 isque
406 5300 764 5368 interrogatus.
784 5297 1062 5351 __.Beatus
1088 5295 1190 5351 Job
1221 5295 1348 5350 talia
1385 5305 1634 5352 utrumne
1666 5296 1814 5353 fece-

197 5394 302 5457 rit,
339 5390 567 5447 Domino
607 5391 986 5460 interrogante,
1027 5390 1343 5458 requiritur,
1405 5388 1586 5459 qualia
1626 5389 1812 5460 utique

201 5486 399 5543 facere
429 5500 535 5540 non
566 5492 741 5554 potest
768 5484 954 5552 homo,
997 5490 1056 5536 ut
1082 5481 1210 5536 dum
1254 5498 1315 5537 se
1352 5481 1456 5537 ista
1497 5482 1673 5537 facere
1703 5497 1809 5538 non

203 5593 382 5651 posse
405 5577 778 5647 deprehendit,
807 5577 872 5631 ad
903 5592 1026 5631 eum
1052 5576 1280 5644 refugiat
1299 5591 1458 5644 quem
1488 5575 1658 5630 solum
1687 5575 1812 5630 talia

202 5673 346 5745 quia
372 5672 550 5727 facere
579 5670 747 5741 possit
777 5668 1041 5739 intelligit,
1068 5677 1228 5738 atque
1251 5677 1375 5722 ante
1406 5667 1591 5723 oculos
1614 5667 1809 5737 judicis

205 5767 304 5824 sui
329 5765 501 5834 magis
530 5773 720 5832 potens
739 5770 1012 5832 appareat,
1046 5761 1091 5815 si
1135 5775 1229 5815 sua
1273 5758 1452 5814 verius
1481 5759 1687 5814 inﬁrma
1718 5775 1809 5815 co-

213 5866 481 5932 gnoscat.
505 5853 677 5922 Quod
707 5867 836 5924 ergo
866 5854 1000 5908 mire
1027 5867 1058 5907 a
1087 5851 1318 5909 Domino
1364 5851 1476 5907 ﬁeri
1510 5869 1614 5908 non
1653 5855 1800 5923 igno-

457 5957 730 6018 Psrnon.
779 5948 1069 6012 LXXVI.

1803 6029 1853 6040 ...ο

1919 5311 2022 5366 que
2049 5296 2099 5353 ei
2132 5315 2146 5352 :

2428 5391 2658 5449 CAPUT
2698 5389 2989 5447 PRIMUM.

1986 5481 2116 5539 CAP.
2141 5500 2363 5551 xxxvm,
2390 5500 2540 5540 vrtus.
2565 5481 2986 5552 34.—Nunquid
3005 5477 3220 5534 elevabis
3241 5476 3298 5529 in
3317 5469 3504 5526 nebula

1917 5595 2087 5632 uocem
2109 5587 2269 5642 tuum,
2299 5588 2346 5631 et
2375 5578 2595 5648 impetus
2620 5592 2872 5647 aquarum
2894 5573 3084 5645 aperiet
3109 5579 3156 5624 te
3172 5570 3197 5622 ?

1987 5673 2041 5725 2.
2071 5671 2138 5725 1η
2165 5673 2346 5726 nebula
2372 5671 2574 5724 verbum
2617 5669 2714 5724 Dei
2753 5669 3031 5742 spargitur,
3063 5672 3187 5718 dum
3213 5657 3506 5732 inﬁdelibus

1917 5769 2270 5821 annuntiatur.
2298 5795 2367 5805 —
2391 5764 2587 5820 Vocem
2618 5765 2816 5835 quippe
2842 5778 2993 5818 suam
3019 5761 3073 5816 in
3102 5757 3296 5814 nebula
3325 5751 3509 5810 Domi-

1916 5875 2016 5915 nus
2047 5859 2239 5927 elevat,
2297 5856 2506 5930 quando
2563 5869 2659 5926 per
2713 5855 3127 5930 praedicatorum
3155 5862 3377 5908 suorum
3405 5843 3512 5902 lin-

2985 5949 3060 6010 17
