4004 6350
9 379 24 454 ξ

5 463 20 518 ἰ

5 539 20 568 Il

9 623 20 694 ἱ

4 717 16 790 ἒ

4 791 14 834 i

5 845 16 868 Ιι

4 887 14 922 Ι

537 350 638 412 sar
1389 307 1397 316 ’
1742 355 1990 417 SANCTI
2031 351 2354 414 GREGORII
2393 357 2608 417 MAGNI
2964 321 2966 324 ’
3012 319 3072 353 ”⁷
3702 356 3805 419 sas

534 481 750 530 exeunt.
817 469 1098 532 Mittuntur
1146 479 1199 532 et
1243 473 1459 530 vadunt
1506 487 1628 529 cum
1685 488 1752 530 ex
1812 473 2125 530 abscondito
2150 475 2206 536 Α
2228 473 2596 543 designantur,
2620 471 2724 528 nisi
2755 472 2913 529 modo
2937 473 3040 530 alio
3061 472 3270 546 repetiti
3304 472 3461 531 iidem
3488 476 3810 546 pradicant-

539 573 924 642 speculationis
963 574 1161 628 intima:
1189 572 1241 626 in
1267 571 1452 626 activa:
1506 571 1630 625 vitee
1659 569 1988 625 latitudinem
2019 568 2119 623 dil—

468 731 473 738 ’
535 666 846 722 funduntur.
899 667 1004 723 Sed
1055 653 1386 722 revertentes
1432 667 1618 722 dicunt
1672 666 1803 731 Deo,
1841 667 2114 730 adsumus,

532 762 656 830 quia
712 770 831 828 post
885 774 1048 827 Opera
1106 760 1375 814 exteriora
1433 776 1553 829 quae
1611 769 1870 830 peragunt
1907 773 2119 828 semper

533 853 598 907 ad
648 849 820 906 sinum
881 852 1346 919 contemplationis
1393 861 1700 919 recurrunt,
1758 862 1816 907 ut
1873 852 1983 907 illic
2032 868 2118 907 ar-

531 944 680 998 doris
732 944 817 997 sui
873 946 1144 999 ﬂammam
1206 943 1488 1010 reﬁciant,
1557 955 1610 999 et
1657 947 1818 1014 quasi-
1857 962 1921 1000 ex
1978 955 2119 999 tactu

529 1050 775 1103 superna:
822 1035 1084 1090 claritatis
1138 1037 1434 1105 ignescant.
1488 1036 1654 1091 Citius
1706 1036 1847 1090 enim
1903 1046 1929 1072 ἰ
1979 1037 2120 1090 inter

527 1125 640 1193 ipsa
688 1126 810 1181 licet
854 1127 992 1182 bona
1041 1126 1306 1182 exteriora
1359 1141 1522 1196 opera
1581 1126 1958 1195 lrigescerent,
2010 1126 2115 1182 nisi

536 1218 834 1275 intentione
915 1220 1146 1274 sollicita
1231 1221 1296 1274 ad
1389 1221 1856 1289 contemplationis
1941 1209 2119 1292 ignem

531 1313 863 1367 incessanter
891 1312 1149 1367 redirent.
1181 1312 1330 1369 Unde
1356 1312 1492 1368 bene
1517 1327 1610 1382 per
1637 1313 1990 1370 Salomonem
2030 1314 2117 1369 di-

531 1406 707 1459 citur:
742 1406 822 1458 Ad
845 1406 1030 1467 locum,
1066 1405 1130 1458 de
1157 1421 1256 1471 quo
1286 1415 1472 1459 exeunt
1510 1407 1725 1474 [Iuntina
1767 1418 2117 1474 revertuntur,

529 1508 582 1550 ut
603 1498 786 1549 iterum
811 1497 976 1565 ﬂuant
1004 1494 1200 1562 (Eccle.
1234 1511 1273 1561 t,
1299 1496 1376 1566 7).
1408 1495 1514 1564 Ipsi
1537 1498 1730 1566 quippe
1759 1497 1866 1552 illic
1894 1497 2114 1552 ﬂumina

528 1589 618 1659 qui
649 1587 736 1642 hic
781 1587 987 1656 fulgura
1016 1596 1143 1642 sunt
1173 1588 1365 1641 vocati.
1427 1585 1453 1625 δ
1500 1588 1632 1656 Quia
1662 1591 1802 1643 enim
1833 1590 1994 1644 corda
2021 1606 2119 1642 au-

531 1681 787 1736 dientium
812 1683 1005 1749 rigant,
1057 1680 1309 1743 ﬂumina;
1353 1680 1474 1748 quia
1507 1696 1636 1736 vero
1660 1683 1983 1749 accendunt,
2016 1681 2112 1738 ful-

529 1789 658 1842 gura
691 1783 1075 1828 memorantur.
1120 1773 1197 1826 De
1245 1773 1437 1842 quibus
1464 1774 1630 1846 959
1681 1775 1815 1830 alias
1859 1777 2118 1844 scriptum

520 1863 609 1918 “*t
629 1883 640 1917 :
663 1863 997 1919 Elevaverunt
1021 1865 1260 1933 ﬂumina,
1277 1864 1529 1929 Domine;
1550 1869 1872 1922 elevaverunt
1899 1870 2119 1936 ﬂumina

550 1976 560 1990 ’
601 1973 745 2011 voces
785 1974 903 2011 suas
931 1956 1104 2022 (Psal.
1137 1973 1263 2024 xcu,
1295 1958 1371 2027 5).
1431 1958 1496 2011 Et
1526 1973 1737 2014 rursum
1773 1978 1788 2012 :
1819 1959 2114 2016 “luxerunt

528 2052 735 2123 fulgura
758 2053 870 2120 ejus
891 2051 999 2104 orbi
1022 2061 1168 2104 terra:
1192 2050 1365 2122 (Psal.
1396 2067 1538 2117 xcvr,
1563 2052 1640 2122 4).
1671 2053 1753 2108 Ad
1781 2054 1958 2108 locum
1986 2069 2114 2122 ergo

528 2143 595 2198 de
625 2157 730 2212 quo
759 2152 960 2198 exeunt
1008 2143 1224 2198 ﬂumina
1254 2153 1620 2209 revertuntur,
1668 2145 1793 2214 quia
1815 2147 1985 2200 sancti
2016 2143 2115 2200 viri

529 2238 629 2293 etsi
650 2253 678 2290 a
705 2247 994 2306 conspectu
1018 2237 1276 2291 creatoris
1299 2236 1408 2302 sui,
1429 2237 1580 2306 cujus
1606 2238 1905 2293 claritatem
1934 2250 2114 2295 mente

529 2330 840 2399 conspicere
863 2339 1145 2394 conantur,
1168 2330 1308 2384 foras
1331 2340 1546 2398 propter
1568 2347 1666 2386 nos
1688 2333 1755 2386 ad
1770 2335 1958 2388 activze
1991 2334 2113 2388 vita:

529 2420 882 2476 ministerium
916 2431 1156 2488 veniunt,
1192 2422 1526 2476 incessanter
1559 2434 1733 2478 tamen
1767 2427 1832 2478 ad
1864 2435 2108 2481 sanctum

529 2515 990 2584 contemplationis
1016 2514 1248 2569 studium
1275 2526 1575 2582 recurrunt,
1605 2527 1658 2573 et
1685 2517 1731 2572 si
1761 2519 1813 2572 in
1857 2519 2117 2588 praedica-

531 2613 676 2665 tione
718 2626 810 2664 sua
858 2609 1096 2665 exterius
1145 2610 1343 2664 nostris
1400 2611 1622 2665 auribus
1669 2627 1762 2678 per
1808 2614 2112 2682 corporalia

531 2701 693 2756 verba
720 2716 780 2756 se
800 2699 1046 2765 fundunt,
1076 2712 1256 2756 mente
1282 2710 1461 2756 tamen
1482 2703 1638 2756 tacita
1665 2703 1732 2755 ad
1760 2704 2113 2760 consideran-

533 2796 658 2850 dum
681 2810 894 2864 semper
914 2796 1086 2865 ipsum
1112 2795 1314 2850 fontem
1372 2795 1590 2851 luminis
1619 2808 1984 2853 revertuntur.
2036 2799 2113 2856 De

533 2888 723 2957 quibus
750 2895 805 2942 et
825 2887 963 2942 bene
1006 2886 1200 2942 dicitur
1231 2902 1245 2940 :
1284 2885 1350 2942 Ut
1376 2889 1556 2941 iterum
1597 2888 1781 2958 ﬂuant.
1832 2889 1943 2944 Nisi
1973 2890 2116 2944 enim

534 2982 600 3036 ad
654 2980 1124 3050 contemplandum
1179 2980 1347 3035 Deum
1395 2982 1622 3037 sollicita
1671 2997 1887 3053 semper
1937 2994 2117 3040 mente

534 3082 895 3138 recurrerent,
943 3071 1195 3127 nimirum
1245 3072 1271 3108 ά
1295 3074 1506 3127 interna
1532 3073 1744 3130 siccitas
1773 3079 1932 3130 etiam
1963 3087 2120 3152 exle-

535 3167 676 3221 riora
710 3165 1109 3237 praedicationis
1141 3181 1325 3221 eorum
1358 3168 1522 3222 verba
1571 3170 1818 3226 siccaret.
1855 3171 1959 3228 Sed
1991 3172 2116 3226 dum

2227 581 2316 621 res
2344 569 2538 632 sancti,
2569 565 2659 637 qui
2690 568 2829 622 inter
2856 569 3107 624 tenebras
3134 571 3256 625 vita:
3282 573 3565 641 praesentis
3594 572 3812 626 student

2224 671 2507 715 venturam
2568 659 2739 714 lucem
2809 659 3198 728 pradicando,
3265 662 3416 730 quasi
3497 662 3812 725 cantando,

2223 753 2508 806 nuntiare?
2557 751 2747 806 Dicunt
2793 752 2975 806 enim:
3012 751 3136 807 Non:
3163 755 3437 824 prwcessit,
3470 754 3580 806 dies
3637 763 3813 804 autem

2223 843 2845 914 appropinquaritUiom.
2871 861 2988 911 xut,
3008 844 3120 914 12).
3137 847 3236 913 Qui
3258 847 3477 902 vocibus
3490 846 3601 901 suis
3622 855 3646 882 ο
3672 860 3813 898 50m-

2227 953 2356 992 num
2381 939 2544 992 nostri
2583 939 2816 1008 torporis
2854 940 3150 1006 excutiunt,
3189 939 3479 994 clamantes
3513 957 3525 991 :
3565 937 3714 992 Hora
3744 947 3816 989 est

2224 1032 2328 1095 iam
2363 1048 2453 1085 nos
2471 1032 2534 1085 de
2557 1048 2735 1086 somno
2761 1049 2967 1104 surgere
2997 1032 3176 1104 (Rom.
3196 1048 3312 1101 xm,
3343 1033 3456 1105 il).
3477 1034 3540 1087 Et
3567 1047 3814 1087 rursum:

2224 1122 2496 1193 Evigilate,
2515 1125 2667 1195 justi,
2696 1126 2852 1178 nolite
2895 1141 3102 1191 peccare
3147 1123 3199 1194 (1
3229 1125 3347 1179 Cor.
3392 1141 3480 1187 xv,
3511 1125 3628 1192 Si).
3663 1122 3806 1194 (Vel.

2229 1221 2321 1293 V.]
2351 1225 2423 1277 De
2454 1223 2556 1278 hoc
2578 1224 2720 1292 gallo
2743 1239 2952 1278 rursum
2976 1224 3234 1291 scriptum
3258 1232 3342 1278 est
3363 1237 3377 1276 :
3402 1220 3527 1275 Tria
3553 1227 3675 1273 sunt
3698 1232 3812 1286 qua

2223 1314 2345 1368 bene
2376 1315 2702 1385 gradiuntur,
2728 1326 2773 1367 et
2796 1325 3035 1384 quartum
3061 1315 3195 1385 quod
3219 1314 3434 1384 feliciter
3463 1314 3654 1367 incedit
3692 1327 3711 1364 :
3735 1310 3810 1365 leo

2223 1407 2533 1475 fortissimus
2586 1406 2889 1473 bestiarum,
2939 1408 3007 1461 ad
3048 1409 3243 1462 nullius
3289 1405 3486 1475 pavebit
3513 1419 3810 1470 occursum;

2223 1499 2392 1566 gallus
2440 1501 2727 1554 succinctus
2758 1500 2977 1564 lumbos,
3006 1509 3053 1555 et
3085 1501 3240 1566 aries,
3272 1517 3362 1552 nec
3402 1510 3473 1554 est
3501 1515 3595 1553 rea:
3619 1495 3706 1567 qui
3734 1513 3813 1552 re-

2223 1593 2370 1645 sistat
2403 1592 2446 1646 ei
2479 1590 2660 1662 (Prov.
2695 1608 2821 1656 xxx,
2871 1591 2989 1661 29).
3034 1591 3153 1661 lpse
3183 1592 3378 1661 quippe
3428 1591 3528 1644 hoc
3570 1589 3692 1643 loco
3725 1588 3811 1643 leo

2222 1687 2438 1755 ponitur
2462 1687 2530 1740 de
2552 1702 2659 1756 quo
2689 1690 2946 1755 scriptum
2978 1694 3061 1740 est
3089 1704 3101 1738 :
3136 1685 3271 1739 Vicit
3306 1683 3384 1738 leo
3410 1682 3472 1736 de
3495 1681 3632 1736 tribu
3659 1679 3803 1734 Juda

2224 1781 2410 1849 (Apoc.
2434 1794 2489 1843 v,
2521 1778 2600 1848 5).
2625 1778 2724 1845 Qui
2759 1776 3086 1832 fortissimus
3109 1775 3398 1830 bestiarum
3430 1773 3651 1838 dicitur,
3684 1771 3805 1842 quia

2223 1871 2277 1924 in
2305 1871 2393 1925 illo
2423 1870 2528 1926 hoc
2556 1871 2698 1940 quod
2731 1870 3001 1924 inﬁrmum
3032 1878 3114 1924 est
3149 1868 3262 1934 Dei,
3305 1866 3492 1922 fortius
3523 1875 3608 1922 est
3639 1864 3813 1920 homi-

2224 1962 2382 2018 nibus
2408 1961 2460 2032 (1
2484 1962 2606 2019 Cor.
2641 1978 2678 2028 ι,
2703 1961 2817 2030 25).
2841 1961 2941 2028 Qui
2969 1960 3035 2014 ad
3066 1961 3262 2016 nullius
3301 1967 3457 2027 pavet
3499 1971 3806 2016 occursum.

2218 2053 2356 2110 Dicit
2379 2055 2520 2109 enim
2552 2072 2565 2107 :
2598 2052 2749 2108 Venit
2777 2054 3015 2123 princeps
3043 2053 3222 2108 mundi
3253 2050 3432 2124 hujus,
3458 2063 3505 2105 et
3526 2053 3582 2104 in
3604 2067 3685 2104 me
3709 2065 3813 2103 non

2219 2146 2370 2201 habet
2419 2148 2699 2218 quidquam
2747 2143 2929 2216 (Joan.
2983 2161 3098 2211 xiv,
3131 2147 3244 2215 50).
3278 2145 3461 2200 Gallus
3511 2144 3815 2198 succinctus

2219 2239 2464 2305 lumbos,
2494 2239 2546 2294 id
2595 2249 2678 2294 est
2726 2238 3102 2306 praedicatores
3154 2238 3324 2292 sancti
3384 2237 3522 2290 inter
3573 2232 3592 2270 ί
3656 2233 3816 2302 hujus

2221 2332 2394 2386 noctis
2451 2330 2700 2386 tenebras
2754 2347 2938 2386 verum
2984 2343 3140 2384 mane
3169 2328 3492 2383 nuntiantes.
3541 2325 3646 2392 Qui
3691 2338 3817 2379 suc-

2219 2425 2377 2480 cincti
2427 2423 2637 2481 lumbos
2685 2438 2828 2493 sunt,
2872 2424 2992 2495 quia
3042 2439 3073 2478 a
3121 2422 3380 2479 membris
3425 2419 3537 2475 suis
3592 2419 3817 2473 luxuria

2217 2515 2380 2570 ﬂuxia
2436 2518 2784 2588 reatringunt.
2833 2518 2890 2572 lu
2950 2517 3146 2572 lumbis
3195 2515 3389 2586 quippe
3455 2512 3665 2566 luxuria
3712 2516 3816 2563 est.

2220 2608 2376 2665 Unde
2403 2617 2461 2664 et
2507 2611 2711 2666 eisdem
2741 2627 2772 2666 a
2803 2611 3030 2666 Domino
3061 2610 3254 2665 dicitur
3287 2625 3302 2666 :
3335 2607 3452 2664 Sint
3481 2607 3642 2660 lumbi
3670 2603 3816 2658 uestri

2219 2709 2482 2776 praecincti
2513 2707 2662 2777 (Luc.
2711 2699 2814 2775 xu,
2857 2707 2972 2780 '55).
3021 2709 3088 2763 Et
3123 2709 3285 2774 aries,
3325 2721 3425 2761 nec
3468 2715 3552 2760 est
3596 2720 3686 2758 rex
3726 2703 3815 2773 qui

2221 2800 2444 2856 resistat
2485 2803 2556 2855 ei.
2608 2802 2777 2870 Quem
2807 2802 2973 2856 alium
3002 2801 3104 2856 hoc
3132 2802 3253 2856 loco
3281 2800 3504 2855 arietem
3529 2797 3812 2866 accipimus

2224 2894 2327 2948 nisi
2364 2895 2595 2962 primum
2647 2895 2785 2949 intra
2834 2895 3122 2950 Ecclesiam
3174 2893 3416 2948 ordinem
3447 2886 3806 2946 sacerdomm!

2224 2985 2303 3041 De
2324 2986 2519 3055 quibus
2541 2988 2796 3056 scriptum
2814 2996 2898 3042 est
2923 3004 2937 3041 :
2966 2987 3160 3055 Afferte
3183 2985 3406 3040 Domino
3436 2985 3577 3055 ﬁlios
3604 2984 3814 3036 arietum

2226 3077 2405 3141 (Psal.
2432 3095 2617 3143 xxvut,
2665 3081 2752 3150 l);
2783 3081 2873 3152 qui
2917 3095 3013 3150 per
3052 3079 3292 3149 exempla
3338 3094 3433 3134 sua
3488 3077 3821 3148 gradientem

2224 3169 2388 3239 960
2418 3171 2704 3238 populum,
2756 3171 2905 3240 quasi
2936 3171 3351 3241 subsequentem
3388 3171 3571 3225 ovium
3603 3183 3822 3238 gregem

535 3259 718 3313 videre
769 3259 934 3313 Deum
966 3259 1334 3314 indesinenter
1385 3261 1596 3325 sitiunt,
1650 3262 1798 3333 quasi
1827 3262 2115 3318 decursura
2145 3259 2193 3322 C
2229 3261 2463 3314 trahunt.
2495 3262 2700 3328 Quibus
2739 3264 3050 3332 spiritaliter
3096 3272 3345 3334 recteque
3370 3263 3686 3319 viventibus
3713 3262 3820 3318 nul-

535 3350 684 3406 foras
713 3350 926 3404 ﬂumina
977 3350 1122 3405 intus
1155 3365 1367 3418 semper
1392 3353 1658 3417 oriuntur,
1709 3363 1972 3423 quatenus
2008 3357 2120 3411 illic

537 3444 769 3500 amando
798 3454 1010 3498 sumant
1055 3443 1196 3499 unde
1225 3445 1290 3498 ad
1322 3461 1419 3500 nos
1472 3446 1811 3514 praedicando
1857 3447 2115 3504 deﬂuant.

538 3535 756 3591 Dicatur
784 3535 940 3607 igitur
961 3545 1138 3590 recte:
1160 3535 1414 3605 Nunquid
1444 3538 1611 3592 mittes
1637 3538 1867 3610 fulgura,
1892 3549 1938 3592 et
1954 3540 2119 3608 ibunt,

538 3637 586 3682 et
606 3629 908 3682 revertentia
933 3628 1101 3681 dicent
1125 3627 1213 3681 tibi
1240 3669 1256 3695 ,
1282 3628 1574 3683 Adsumus?
1619 3629 1882 3685 Subaudis
1914 3640 1970 3686 ut
1999 3648 2120 3704 ego,

540 3720 630 3788 qui
655 3719 1030 3789 praedicatores
1075 3735 1224 3774 meos
1247 3734 1366 3775 cum
1391 3719 1611 3776 voluero
1637 3731 1758 3790 post
1788 3727 2122 3792 contempla-

539 3812 706 3867 tionis
730 3813 953 3882 gratiam
981 3812 1048 3867 ad
1073 3813 1260 3867 activm
1289 3816 1414 3867 vita:
1443 3815 1793 3869 ministerium
1822 3830 2120 3883 compono;

538 3919 674 3973 quos
695 3914 870 3958 tamen
898 3920 1110 3974 semper
1135 3920 1164 3958 a
1193 3904 1346 3960 bonis
1371 3906 1730 3961 exterioribus
1759 3907 1827 3960 ad
1853 3907 2122 3963 internum

539 3997 752 4052 culmen
803 3997 1270 4065 contemplationis
1313 4013 1531 4062 revoco,
1583 4006 1640 4052 ut
1688 3999 1849 4054 modo
1877 4000 2009 4069 jussi
2057 4000 2124 4056 ad

540 4087 836 4143 exercenda
866 4102 1026 4157 opera
1050 4100 1263 4151 exeant,
1310 4089 1470 4144 modo
1501 4091 1737 4145 revocati
1783 4091 1850 4147 ad
1880 4093 2122 4161 specula-

541 4180 704 4235 tionis
724 4179 956 4234 studium
985 4179 1125 4249 apud
1157 4195 1241 4234 me
1265 4180 1582 4235 familiarius
1607 4179 1805 4236 vivant.
1834 4182 2125 4240 Reverten—

541 4285 622 4329 tes
650 4275 828 4343 itaque
857 4273 1040 4328 dicunt
1084 4275 1378 4338 Adsumus,
1404 4275 1528 4342 quia
1573 4279 1816 4344 quamvis
1846 4291 1941 4345 per
1971 4287 2123 4334 este-

538 4368 680 4420 riora
704 4377 819 4419 acta
847 4381 1032 4434 parum
1065 4364 1190 4435 quid
1215 4366 1664 4446 contemplationi
1688 4367 1876 4422 deesse
1907 4368 2125 4423 videan-

540 4468 647 4524 tur,
675 4474 770 4527 per
793 4458 1038 4512 ardorem
1071 4469 1247 4512 tamen
1271 4457 1548 4523 desiderii,
1577 4474 1732 4526 quem
1752 4459 1803 4513 in
1823 4470 2002 4514 mente
2023 4475 2123 4516 sua

540 4550 790 4602 continue
815 4549 1128 4612 accendunt,
1160 4549 1517 4617 obsequentes
1570 4550 1678 4605 Deo
1702 4566 1854 4606 suam
1888 4568 2121 4619 prasen-

2228 3351 2311 3406 lns
2339 3369 2430 3407 rex
2461 3353 2660 3434 sufﬁcit
2681 3355 2903 3409 omnino
2929 3355 3207 3426 resistere,
3238 3357 3366 3428 quia
3388 3355 3615 3426 quilibet
3643 3370 3823 3426 perse-

2226 3454 2381 3500 cutor
2395 3446 2592 3514 obviet,
2621 3445 2971 3503 intentionem
2986 3464 3170 3505 eorum
3194 3464 3300 3504 non
3324 3451 3468 3505 valet
3496 3447 3817 3519 praepedire.

2227 3539 2415 3593 Sciunt
2444 3538 2587 3594 enim
2616 3539 2684 3594 ad
2730 3555 2852 3594 eum
2882 3555 3039 3610 quem
3068 3540 3398 3605 desiderant,
3429 3549 3484 3596 et
3506 3543 3666 3595 anxie
3701 3553 3811 3593 cur-

2227 3645 2370 3697 rere,
2402 3641 2458 3687 et
2500 3631 2782 3688 moriendo
2835 3632 3139 3702 pervenire.
3191 3632 3413 3687 Ponitur
3463 3646 3594 3702 ergo
3623 3630 3813 3701 primus

2229 3705 2335 3790 leo,
2361 3725 2625 3779 secundus
2659 3724 2854 3794 gallus,
2907 3724 3095 3779 tertius
3151 3722 3314 3778 aries.
3366 3724 3630 3793 Apparuit
3678 3721 3816 3777 enim

2227 3815 2495 3883 Christus,
2525 3817 2719 3873 deinde
2741 3818 2912 3872 sancti
2938 3817 3319 3887 praedicatores
3333 3816 3588 3882 apostoli,
3617 3825 3674 3870 et
3700 3825 3817 3869 tunc

2230 3909 2446 3964 demum
2506 3911 2776 3981 spiritales
2837 3918 3017 3978 patres
3087 3908 3448 3964 Ecclesiarum
3504 3906 3817 3978 praepositi,

2231 4001 2480 4056 videlicet
2535 4002 2699 4057 duces
2744 4016 2987 4072 gregum,
3033 4004 3155 4071 quia
3203 4001 3453 4056 doctores
3481 3999 3817 4069 sequentium

2232 4093 2576 4163 pupillorum.

2302 4184 2390 4239 10.
2417 4185 2762 4239 Antichristus
2792 4185 3013 4240 eleuatus
3041 4185 3093 4238 in
3121 4185 3357 4249 sublime,
3382 4183 3571 4237 stultus
3600 4197 3818 4251 appare-

2232 4279 2322 4333 bit.
2356 4277 2422 4331 In
2446 4277 2541 4332 hac
2568 4280 2674 4332 vita
2699 4296 2800 4332 non
2822 4295 2971 4333 omne
2999 4280 3135 4349 quod
3163 4279 3306 4346 bene,
3329 4279 3575 4347 feliciter,
3599 4295 3692 4332 nec
3721 4293 3816 4330 orn-

2233 4389 2297 4426 ne
2325 4374 2465 4442 quod
2494 4373 2730 4442 feliciter,
2759 4375 2900 4430 bene.
2945 4402 3016 4415 -—
3045 4374 3148 4430 Sed
3181 4373 3294 4428 haec
3324 4372 3497 4427 adhuc
3527 4372 3724 4426 melius
3755 4369 3816 4424 af-

2229 4464 2530 4530 ﬁrmamus,
2557 4465 2600 4518 si
2629 4464 2870 4534 ejusdem
2902 4465 3002 4520 luci
3032 4467 3192 4520 etiam
3247 4465 3448 4534 reliqua
3498 4463 3816 4534 exponendo

2230 4556 2616 4624 subjiciamus.-
2649 4558 2781 4612 Nam
2831 4557 2956 4625 quia
3009 4567 3129 4627 post
3183 4557 3299 4612 hare
3355 4566 3409 4611 et
3457 4557 3816 4611 Anticliristus

545 4639 674 4693 tiam
697 4640 1006 4695 ostendunt.
1025 4641 1295 4696 Adsumus
1323 4657 1551 4711 namque
1580 4641 1764 4698 dicere
1785 4653 1867 4699 est
1887 4659 2120 4713 praesen-
2151 4647 2512 4719 Dapparebit
2539 4688 2556 4715 ,
2619 4646 2725 4702 hoc
2771 4648 2880 4702 illic
2923 4659 3172 4717 quartum
3231 4646 3510 4714 subdidit,
3560 4648 3749 4702 dicens
3805 4662 3818 4699 :

540 4743 620 4791 tes
652 4749 711 4790 se
742 4736 975 4790 amando
1005 4747 1326 4790 monstrare.
1357 4736 1613 4806 Sequitur
1641 4755 1654 4792 :

981 4839 1208 4894 CAPUT
1249 4839 1311 4893 Ill
1352 4840 1500 4912 (nec.
1534 4837 1672 4912 III).

615 4929 774 4985 Vens.
806 4929 895 4983 56.
928 4961 996 4970 —
1028 4933 1152 4995 Quis
1181 4933 1348 5000 posuit
1377 4936 1430 4985 in
1453 4932 1727 4986 visceribus
1779 4932 1998 4987 hominis
2041 4948 2125 4985 sa-

537 5025 779 5096 pientiam
801 5024 823 5076 ?
845 5025 920 5076 vel
951 5023 1063 5090 quis
1096 5023 1232 5076 dedit
1258 5024 1395 5093 gallo
1428 5025 1859 5095 intelligentiam?

609 5115 658 5168 9.
705 5114 1146 5168 Prwdicatoribus
1179 5129 1269 5181 per
1297 5114 1491 5184 gallum
1525 5115 1657 5167 diem
1709 5127 1862 5166 cantu
1889 5129 2127 5181 promun-

536 5210 748 5260 tiantem
779 5207 1038 5276 ﬁguratis,
1071 5208 1192 5260 data
1227 5224 1257 5259 a
1287 5207 1394 5259 Deo
1418 5205 1776 5276 intelligentia.
1807 5205 1947 5258 Galli
1975 5205 2128 5276 hujus

533 5315 626 5352 cur
656 5299 812 5353 lumbi
842 5300 1104 5353 succincti.
1139 5328 1206 5339 -—
1227 5300 1326 5366 Qui
1356 5298 1456 5352 huc
1482 5302 1602 5352 loco
1631 5298 1721 5352 alii
1758 5298 1882 5368 galli
1913 5299 2128 5354 nomine

544 5534 554 5543 _
607 5470 631 5498 α
657 5461 816 5518 Corb.
852 5462 1058 5530 Germ.,
1105 5459 1299 5526 Laud.,
1334 5457 1453 5513 Val.
1482 5457 1584 5525 CL,
1618 5460 1754 5528 pler.
1801 5461 2009 5528 Norm.,
2058 5461 2113 5515 in

536 5549 670 5586 ipsa.

560 5551 750 5657 p‘ba'Sic
781 5604 906 5657 Mss.
936 5618 1142 5658 omnes.
1174 5603 1240 5656 At
1268 5602 1406 5655 Eiliti
1442 5620 1453 5654 :
1491 5603 1611 5670 quia
1656 5605 1906 5658 enim.....
1943 5605 2112 5672 rigant

532 5675 748 5741 ﬂumina
770 5676 1006 5728 dicuntur
1022 5676 1138 5744 quia
1160 5687 1276 5726 vero
1307 5676 1591 5728 accendunt
1615 5675 1823 5744 fulgura
1847 5687 2109 5728 vocantur.

610 5754 633 5783 ε
670 5746 779 5808 AL,
801 5761 968 5798 vocem
995 5756 1156 5809 tuum,
1183 5756 1240 5798 ut
1271 5744 1375 5812 leg.
1408 5747 1460 5798 in
1495 5748 1660 5800 Laud.
1693 5755 1746 5798 et
1775 5745 1888 5799 Val.
1925 5747 2002 5799 CL

605 5815 631 5850 ά
667 5815 918 5867 Mendose
965 5817 1015 5867 in
1047 5816 1205 5869 Corb.
1243 5813 1452 5878 Germ.,
1481 5827 1535 5870 et
1567 5815 1621 5869 in
1670 5816 1919 5870 omnibus
1971 5815 2112 5869 Edit.

531 5899 666 5954 quos
694 5884 1060 5940 consuluimus
1105 5885 1299 5955 legitur
1351 5887 1551 5942 interna
1594 5887 1816 5943 caecitas.
1853 5885 2120 5959 Corrupto

2233 4739 2302 4795 Et
2354 4740 2442 4808 qui
2488 4739 2673 4792 stultus
2720 4740 3000 4808 apparuit,
3051 4748 3320 4810 postquam
3373 4739 3600 4793 elevatus
3652 4750 3726 4794 est
3773 4740 3818 4791 is

2232 4836 2468 4890 sublime.
2499 4832 2560 4887 Si
2591 4834 2725 4886 enim
2754 4833 3104 4898 intellexisset,
3135 4833 3214 4886 ori
3251 4834 3572 4901 imposuisset
3614 4847 3819 4886 manui:

2234 4927 2418 5001 (Prov.
2476 4941 2604 4991 xxx,
2637 4924 2752 4994 52).
2783 4925 2902 4994 Ipse
2955 4927 3153 4994 quippe
3204 4926 3256 4978 in
3306 4923 3535 4980 sublime
3583 4924 3820 4979 clevabi—

2234 5032 2357 5085 tur,
2413 5036 2536 5075 cum
2579 5019 2746 5074 Deum
2794 5033 2854 5073 se
2905 5033 3026 5073 esse
3073 5016 3382 5072 mentietur.
3431 5017 3537 5072 Sed
3582 5017 3820 5073 elevatus

2226 5110 2280 5168 in
2332 5112 2561 5168 sublime
2614 5112 2804 5167 stultus
2867 5111 3168 5181 apparebit,
3223 5111 3346 5179 quia
3393 5110 3587 5178 inipsa
3639 5110 3822 5165 eleva-

2185 5206 2376 5280 'tione
2434 5221 2529 5260 sua
2604 5220 2699 5276 per
2779 5205 3066 5261 adventum
3138 5204 3251 5260 veri
3319 5203 3519 5274 judicis
3583 5203 3818 5261 deﬁciet.

2232 5300 2389 5366 Quod
2418 5298 2466 5354 si
2490 5298 2863 5367 intellexisset,
2887 5300 2968 5354 ori
2996 5299 3336 5370 imposuisset
3362 5312 3617 5363 manum;
3645 5298 3699 5353 id
3723 5305 3821 5362 est,

2220 5459 2347 5586 traicio
2375 5460 2497 5515 loco
2525 5459 2790 5516 medelam
2818 5459 3100 5515 attulimus
3127 5472 3192 5514 ex
3224 5456 3350 5512 Mss.
3379 5455 3597 5512 Ebroic.
3631 5466 3688 5512 et
3707 5454 3820 5511 aliis

2274 5547 2482 5584 orman.

2274 5547 2482 5584 orman.

2293 5611 2316 5639 ο
2351 5602 2580 5672 angati,
2599 5610 2947 5669 somnum‘.....
2968 5599 3410 5672 exciunt.0mnes
3435 5599 3562 5672 Mss.
3584 5598 3820 5672 Anglic.,

2220 5669 2712 5742 Norm.,"l‘ur,on.,
2766 5673 3018 5740 Viudoc.,
3064 5671 3258 5735 Laud,
3307 5671 3422 5742 \‘aﬁl.
3463 5669 3573 5731 CL,
3626 5670 3816 5731 Corb..

2221 5743 2430 5804 Cerm.,
2477 5743 2722 5813 Longip.,
2777 5745 2994 5809 habent,
3046 5744 3329 5797 excutiunt.
3371 5741 3450 5796 Ita
3490 5743 3658 5798 etiam
3710 5748 3817 5796 vet.

2226 5815 2369 5869 Edit.
2400 5814 2660 5880 Paris.,et'
2683 5815 3018 5869 Basileensis.

2303 5883 2322 5922 τ
2355 5885 2585 5954 Turon.,
2609 5887 2770 5956 hujus
2800 5886 2999 5944 mundi.
