4036 6348
1713 256 1788 270 ,ι-

914 346 1276 405 MORALIUM
1318 344 1451 403 LIB.
1493 343 1670 401 X-XX.
1708 373 1781 386 —-
1820 345 1886 399 IN
1925 343 2152 399 CAPUT
2191 342 2456 398 XXXVIII
2497 342 2558 396 Β.
2599 340 2736 399 108.

163 353 265 412 529

3339 343 3444 396 5'50

161 473 210 529 si
235 466 560 538 supplicium
585 478 741 521 suum
770 479 891 520 cum
920 462 1205 533 superbire
1231 475 1460 516 exorsus
1497 468 1584 514 est
1611 474 1752 529 prm-
1771 463 1836 523 Α
1862 455 2019 512 Gallo
2045 456 2224 524 itaque
2247 455 2596 525 intelligentia
2623 454 2858 522 desuper
2883 453 3158 522 tribuitur,
3190 455 3315 527 quia
3341 456 3442 511 do-

159 566 409 623 vidisset.
434 561 575 616 bene
599 558 884 629 aliquando
905 557 1156 612 conditus
1180 565 1207 594 ιι
1240 555 1294 609 in
1320 563 1481 608 tantae
1500 553 1753 622 jactatio-

163 673 292 715 nem
322 653 592 724 superbia:
621 666 727 706 non
751 651 941 706 fuisset
965 648 1159 705 elatus.
1185 646 1261 701 De
1289 661 1398 716 quo
1420 659 1753 715 nequaquam

160 756 383 809 moveat
419 744 563 816 quod
611 743 857 811 superius
897 742 1100 796 dictum
1140 749 1221 796 est
1260 754 1276 795 :
1320 739 1574 806 Quartum
1617 738 1756 808 quod

161 841 358 898 incedit
387 838 603 908 feliciter
628 835 819 908 (Ibid.,
841 835 956 905 29).
982 835 1105 890 Tria
1126 835 1328 905 quippe
1349 833 1598 889 incedere
1615 833 1756 888 bene

162 936 325 998 dixit,
359 945 416 988 et
462 940 707 1002 quartum
761 929 1008 984 feliciter.
1068 928 1183 983 Non
1235 929 1380 983 enim
1407 942 1569 982 omne
1611 928 1756 996 quod

163 1027 416 1089 feliciter,
437 1023 605 1088 bene;
651 1036 824 1092 neque
849 1022 903 1076 in
933 1021 1031 1076 hac
1075 1022 1186 1074 vita
1224 1035 1385 1076 omne
1413 1020 1558 1090 quod
1591 1020 1751 1084 bene,

163 1119 420 1175 feliciter.
447 1115 578 1170 Nam
610 1115 716 1182 leo,
739 1113 935 1184 gallus,
961 1123 1017 1169 et
1040 1113 1179 1168 aries
1203 1113 1340 1168 bene
1360 1113 1634 1181 incedunt,
1658 1111 1755 1166 sed

164 1225 272 1266 non
303 1209 391 1262 hic
410 1207 666 1270 feliciter,
687 1206 811 1273 quia
841 1206 1272 1274 persecutionem
1298 1206 1437 1260 bella
1457 1207 1750 1275 patiuntur.

165 1304 424 1371 Quartum
454 1315 585 1356 vero
614 1299 864 1362 feliciter,
911 1307 965 1354 et
993 1313 1102 1352 non
1132 1299 1270 1355 bene
1299 1298 1517 1362 incedit,
1545 1300 1664 1368 quia
1698 1298 1753 1353 in

165 1394 374 1451 fallacia
404 1407 500 1447 sua
533 1388 893 1444 Antichristus
941 1390 1237 1458 gradietur,
1289 1391 1386 1445 sed
1413 1389 1569 1460 juxta
1590 1391 1756 1445 breve

161 1496 384 1552 tempus
408 1483 528 1537 vita:
552 1481 833 1552 praesentis
857 1482 970 1551 ipsa
993 1481 1068 1534 illi
1095 1480 1302 1537 fallacia
1325 1481 1752 1551 prosperabitur,

163 1578 304 1632 sicut
336 1575 406 1629 de
436 1590 503 1628 eo
527 1572 626 1627 sub
657 1572 905 1627 Antiochi
932 1573 1113 1642 specie
1141 1586 1236 1641 per
1262 1572 1534 1627 Danielem
1555 1572 1755 1626 dictum

164 1676 245 1723 est
276 1685 289 1719 :
328 1664 500 1720 Robur
529 1664 705 1716 datum
733 1673 806 1716 est
825 1664 874 1717 ei
894 1672 1074 1717 contra
1094 1666 1223 1734 juge
1251 1664 1588 1732 sacriﬁcium,
1625 1680 1750 1734 pro-

166 1767 281 1830 pter
305 1766 530 1824 peccata,
573 1763 620 1809 et
649 1764 998 1822 prosternatur
1028 1757 1211 1810 veritas
1250 1758 1304 1810 in
1330 1767 1490 1820 terra,
1526 1768 1575 1812 et
1603 1759 1756 1828 faciet

1861 550 1995 605 ctori
2025 549 2291 614 veritatis,
2324 549 2497 603 virtus
2518 549 2877 614 discretionis,
2901 559 2958 605 ut
2978 551 3206 612 noverit,
3230 550 3445 620 quibus,

1860 640 2008 710 quid,
2048 640 2281 710 quando,
2323 641 2406 694 vel
2435 641 2700 710 quomodo
2726 642 2937 707 inferat,
2963 642 3222 698 divinitus
3254 644 3443 698 minis-

1868 744 2060 788 tratur.
3303 729 3312 738 ’

1934 826 2076 897 [νει.
2122 824 2247 898 V1.1
2277 825 2362 881 12.
2391 825 2706 881 Exhortatio
2744 817 2859 898 (iure
2885 828 3188 898 quibusdam
3218 827 3439 900 prodest_

1859 920 1978 972 aliis
2004 928 2167 972 nocet.
2191 917 2391 972 ——Non
2415 919 2559 974 enim
2583 935 2686 974 una
2703 921 2993 988 eademque
3014 920 3220 974 cunctis
3247 917 3442 973 exhor-

1862 1013 1998 1066 tatio
2019 1012 2292 1076 convenit,
2323 1011 2446 1080 quia
2482 1026 2579 1066 nec
2604 1020 2824 1067 cunctos
2847 1027 2943 1080 par
2973 1027 3178 1066 morum
3215 1011 3445 1081 qualitas

1864 1107 2130 1178 astringit.
2163 1104 2188 1142 ιι
2222 1108 2377 1177 Saepe
2405 1108 2548 1162 enim
2579 1109 2700 1162 aliis
2740 1106 2984 1162 officiunt
3012 1123 3129 1177 qum
3177 1107 3297 1161 aliis
3326 1122 3448 1176 pro-

1862 1210 2010 1256 sunt.
2051 1200 2182 1254 Nam
2215 1209 2270 1255 et
2307 1200 2623 1268 plerumque
2676 1200 2858 1256 herba:
2885 1214 3004 1268 quae
3058 1199 3170 1253 haec
3200 1199 3448 1253 animalia

1863 1295 2134 1362 reficiunt,
2167 1294 2268 1347 alia
2312 1294 2597 1357 occidunt;
2625 1302 2682 1348 et
2726 1293 2861 1348 lenis
2889 1293 3074 1347 sibilus
3099 1307 3265 1360 equos
3309 1291 3450 1346 miti-

1863 1396 1974 1456 gat,
2004 1387 2209 1440 catulos
2252 1387 2496 1456 instigat;
2532 1394 2587 1441 et
2635 1384 3082 1440 medicamentum
3131 1382 3272 1455 quod
3312 1383 3451 1437 hunc

1862 1482 2106 1537 morbum
2136 1482 2419 1546 imminuit,
2447 1481 2599 1537 alteri
2645 1482 2787 1536 vires
2812 1481 3018 1552 jungit;
3072 1488 3126 1534 et
3157 1480 3308 1547 panis
3361 1479 3451 1546 qui

1862 1576 2027 1630 vitam
2059 1575 2273 1629 fortium
2305 1575 2556 1638 roborat,
2593 1573 2940 1642 parvulorum
2975 1582 3151 1627 necat.
3185 1571 3292 1626 Pro
3322 1586 3452 1638 qua—

1862 1666 2014 1722 litate
2055 1668 2211 1738 igitur
2241 1666 2571 1720 audientium
2606 1666 2823 1719 formari
2870 1666 3031 1720 debet
3059 1681 3237 1720 sermo
3263 1663 3455 1717 docto-

1865 1774 2009 1823 rum,
2040 1768 2093 1814 et
2141 1759 2207 1812 ad
2257 1773 2354 1811 sua
2387 1757 2610 1828 singulis
2636 1766 2920 1828 congruat,
2951 1766 3005 1813 et
3033 1767 3206 1812 tamen
3237 1771 3266 1809 a
3311 1771 3456 1810 com-

169 1861 220 1909 et
254 1850 634 1921 prosperabitur
654 1847 822 1919 (Dan.
854 1863 968 1914 vui,
1005 1847 1120 1917 12).
1163 1849 1313 1914 Quod
1345 1849 1598 1903 Salomon
1641 1851 1753 1906 ait:
1788 1849 1835 1910 Β
1866 1851 2046 1905 munis
2067 1849 2436 1904 :edilicatiouis
2469 1857 2584 1902 arte
2601 1863 2868 1918 nunquam
2894 1848 3128 1904 recedat.
3154 1847 3292 1916 Quid
3316 1847 3456 1902 enim

175 1944 382 2000 Incedit
404 1942 639 2011 feliciter,
665 1942 766 1994 hoc
797 1939 982 1993 Daniel
1009 1937 1141 1993 dicit
1167 1939 1567 2013 prosperabitur.
1593 1939 1755 1995 Juxta

177 2035 284 2092 hoc
311 2036 481 2102 itaque
505 2031 866 2086 testimonium
889 2029 1029 2099 quod
1047 2045 1142 2097 per
1164 2030 1508 2084 Salomonem
1525 2030 1754 2084 dicitur:

174 2125 358 2182 Gallus
385 2124 670 2178 succinctus
702 2121 898 2176 luntbos
929 2119 1110 2189 (Prov.
1144 2136 1274 2184 xxx,
1305 2118 1422 2189 5i),
1444 2130 1566 2188 apte
1595 2121 1758 2176 etiam

169 2214 268 2272 hoc
287 2216 403 2268 loco
417 2213 617 2283 gallum
633 2220 846 2266 sanctos
857 2210 1241 2280 praedicatores
1261 2212 1576 2280 accipimus.
1596 2212 1673 2265 Ad
1699 2227 1760 2269 se

168 2319 299 2374 ergo
332 2312 528 2357 cuncta
555 2301 792 2356 referens
838 2302 1096 2356 Dominus
1139 2300 1269 2356 dicit
1300 2319 1314 2356 :
1352 2303 1480 2370 Quis
1511 2306 1676 2372 posuit
1707 2306 1761 2358 in

169 2396 444 2452 visceribus
497 2394 716 2448 hominis
763 2394 1110 2459 sapientiora?
1153 2394 1230 2449 vel
1275 2397 1388 2468 quis
1436 2397 1576 2450 dedit
1623 2400 1760 2467 gallo

170 2488 605 2558 intelligentiam?
633 2486 711 2541 Ac
731 2485 775 2540 si
804 2487 1008 2541 diceret
1039 2505 1052 2538 :
1077 2486 1244 2540 lncor
1267 2487 1496 2540 hominis
1527 2487 1756 2543 humana

175 2581 432 2650 sapientis
488 2593 737 2646 supernae
784 2578 1062 2648 sapientia:
1115 2578 1338 2648 gratiam
1390 2578 1509 2649 quis
1534 2579 1761 2634 infudit?

178 2673 254 2727 vel
305 2672 441 2740 ipsis
497 2669 697 2724 sanetis
743 2669 1183 2739 praedicatoribus
1229 2671 1368 2740 quis.
1425 2672 1528 2726 nisi
1579 2687 1700 2741 ego,
1733 2670 1759 2710 ι)

181 2760 586 2831 intelligentiam
641 2759 814 2828 dedit,
864 2770 923 2814 ut
969 2762 1142 2815 sciant
1191 2762 1404 2832 quando
1434 2763 1516 2816 vel
1569 2767 1762 2833 quibus

178 2853 410 2910 debeant
467 2861 746 2907 venturum
805 2866 966 2906 mane
1021 2853 1306 2907 nuntiare?
1361 2851 1565 2908 Idcirco
1618 2855 1763 2908 enim

179 2945 396 3018 quando
419 2944 622 3015 etquid
651 2951 811 3014 agant
838 2944 1098 3008 sentiunt,
1132 2943 1256 3012 quia
1307 2946 1408 2998 hoc
1439 2945 1763 2999 intrinsecus

181 3052 259 3094 me
287 3037 561 3092 revelante
589 3045 940 3107 cognoscunt.
992 3033 1294 3089 Nmanduni
1349 3050 1478 3089 vero
1508 3044 1593 3090 est
1619 3035 1761 3104 quod

182 3129 448 3197 sapientia
499 3128 754 3183 divinitus
792 3129 1051 3197 inspirata
1092 3129 1146 3183 in
1195 3127 1490 3183 visceribus
1528 3130 1762 3183 hominis

1869 1951 1997 1996 sunt
2036 1942 2255 1995 intenta:
2286 1948 2494 1993 mentes
2521 1939 2845 2003 auditorum,
2878 1939 2982 1992 nisi
3022 1939 3173 2007 quasi
3204 1936 3447 2007 quaedam

1868 2034 1922 2087 in
1983 2032 2190 2086 cithara
2238 2031 2507 2086 teusiones
2539 2040 2724 2086 strata:
2769 2030 3134 2086 chordarum?
3171 2043 3306 2098 quas
3338 2039 3457 2083 tan-

1868 2126 2027 2196 gendi
2054 2125 2266 2191 artifex,
2301 2133 2360 2179 ut
2389 2140 2496 2179 non
2525 2126 2872 2194 sibimetipsis
2899 2125 3158 2180 dissimile
3187 2123 3456 2180 canticum

1869 2220 2092 2283 faciant,
2121 2219 2459 2300 'dissimiliter
2487 2219 2684 2289 pulsat.
2718 2220 2788 2274 Et
2827 2219 3026 2274 ideirco
3067 2218 3283 2273 chordae
3327 2203 3494 2272 con?

1867 2326 2058 2365 sonam
2115 2311 2536 2364 modulationem
2586 2310 2849 2376 reddunt,
2909 2311 3032 2380 quia
3078 2326 3184 2365 uno
3242 2309 3456 2380 quidem

1869 2401 2112 2470 plectro,
2142 2403 2236 2456 sed
2289 2417 2394 2455 non
2451 2417 2555 2455 uno
2607 2402 2837 2471 impulsu
2880 2401 3166 2457 feriuntur.
3218 2401 3367 2457 Unde
3406 2411 3458 2456 et

1866 2489 2060 2544 doctor
2091 2493 2343 2560 quisque,
2370 2500 2426 2544 ut
2458 2492 2510 2545 in
2557 2508 2656 2546 una
2685 2500 2910 2547 cunctos
2942 2494 3139 2549 virtute
3183 2493 3460 2548 charitatis

1869 2585 2118 2649 aedificet,
2153 2602 2218 2640 ex
2275 2602 2377 2640 una
2431 2587 2702 2656 doctrina,
2733 2589 2828 2643 sed
2876 2604 2982 2644 non
3038 2605 3139 2643 una
3172 2590 3461 2658 eademque

1869 2677 2247 2732 exhortatione
2270 2687 2490 2746 tangere
2517 2680 2677 2734 corda
2706 2680 3033 2734 audientium
3065 2681 3245 2734 debet.

1943 2767 2031 2822 15.
2088 2769 2192 2821 Pro
2225 2771 2546 2840 singulorum
2596 2774 2876 2841 qualitate,
2923 2775 3064 2828 varia
3096 2775 3286 2828 monita
3334 2776 3460 2829 den-

1872 2868 1974 2913 tur.
1995 2892 2065 2904 -—
2097 2871 2122 2898 ο
2148 2862 2314 2916 Aliter
2357 2879 2584 2933 namque
2617 2866 2736 2930 viri,
2760 2866 2914 2919 aliter
2935 2866 3287 2920 admouenda:
3337 2877 3460 2921 sunt

1870 2954 2118 3020 femina};
2153 2955 2307 3010 aliter
2332 2956 2584 3025 juvenes,
2615 2959 2770 3013 aliter
2819 2974 3010 3024 senes;
3061 2961 3217 3016 aliter
3244 2961 3458 3030 inopes,

1869 3046 2028 3100 aliter
2069 3047 2397 3114 locupletes;
2457 3050 2612 3105 aliter
2656 3051 2783 3118 laeti,
2839 3049 2994 3105 aliter
3036 3053 3255 3117 tristes;
3313 3053 3464 3107 aliter

1871 3139 2097 3205 subditi,
2130 3140 2287 3194 aliter
2338 3142 2573 3210 praelati;
2626 3143 2785 3198 aliter
2815 3145 2978 3209 servi,
3034 3145 3188 3200 aliter
3233 3145 3468 3200 domini'

175 3223 414 3293 ponitur,
440 3220 564 3289 quia
588 3219 839 3274 nimirum
867 3230 1124 3291 quantum
1153 3221 1219 3276 ad
1250 3223 1542 3277 electorum
1570 3238 1765 3280 nume-
1797 3232 1845 3298 α
1875 3231 2034 3286 aliter
2057 3232 2214 3301 hujus
2243 3234 2428 3288 nmndi
2469 3235 2739 3303 sapientes
2763 3277 2778 3302 ,
2827 3237 2988 3291 aliter
3015 3237 3265 3303 hebetes;
3316 3238 3468 3293 aliter

170 3329 296 3369 rum
327 3318 556 3381 spectat,
585 3325 688 3366 neu
721 3312 771 3365 in
817 3311 943 3366 solis
966 3313 1207 3376 vocibus,
1241 3311 1335 3366 sed
1369 3311 1527 3366 etiam
1567 3313 1619 3365 in
1647 3327 1788 3367 sen-i

175 3407 330 3460 sibus
355 3406 532 3468 datur,
567 3412 626 3457 ut
654 3401 807 3471 juxta
834 3402 976 3471 quod
1010 3404 1247 3473 loquitur
1277 3403 1454 3472 lingua
1480 3404 1624 3456 viVat
1643 3417 1773 3456 con-

172 3490 434 3553 scientia,
455 3489 608 3544 etlux
629 3489 747 3559 ejus
766 3499 911 3543 tanto
925 3490 1125 3544 clarius
1147 3490 1485 3558 reSpIcndeat
1511 3489 1564 3544 in
1584 3505 1775 3559 supero

172 3581 301 3637 ﬁcie
323 3592 522 3649 quanto
549 3581 725 3635 verius
749 3581 1042 3636 inardescit
1070 3583 1122 3635 in
1150 3582 1336 3637 corde.

255 3674 402 3744 [Rea
430 3669 561 3743 IV.]
591 3673 680 3725 11.
711 3672 973 3738 Quantum
1001 3673 1296 3726 animarum
1322 3681 1541 3726 rectores
1579 3673 1770 3727 discre-

171 3765 322 3817 tione
351 3763 644 3833 indigeant.
665 3791 737 3803 —
764 3763 938 3832 Magni
963 3771 1140 3817 autem
1166 3763 1364 3816 laboris
1393 3771 1478 3817 est
1505 3763 1606 3817 hoc
1628 3766 1772 3834 quod

169 3858 395 3916 additur
423 3875 437 3913 :
469 3856 562 3912 Vel
583 3858 696 3926 quis
722 3857 862 3911 dedit
885 3857 1028 3928 gallo
1069 3855 1480 3927 intelligentiam,
1507 3857 1774 3913 subtiliori

170 3951 366 4007 adhuc
415 3936 754 4018 expositione
825 3950 1116 4006 discutere.
1173 3948 1528 4018 lntelligentia
1578 3951 1775 4020 quippe

169 4045 463 4100 doctorum
493 4051 640 4096 tanto
659 4057 781 4097 esse
806 4042 1057 4097 subtilior
1079 4041 1258 4108 debet,
1285 4051 1486 4112 quanto
1508 4056 1568 4097 se
1590 4043 1655 4095 ad
1681 4058 1775 4112 pe-

169 4134 443 4194 netrantia
487 4132 771 4190 invisibilia
822 4144 1064 4202 exercet,
1110 4146 1312 4204 quanto
1368 4134 1443 4189 nil
1498 4136 1776 4192 materiale

171 4225 425 4289 discutit,
448 4235 647 4296 quanto
667 4236 720 4280 et
742 4240 837 4295 per
856 4241 1043 4281 vocem
1062 4227 1306 4296 corporis
1332 4226 1580 4296 loquens,
1605 4227 1768 4300 961

172 4334 347 4373 omne
369 4317 508 4384 quod
537 4327 622 4393 est
647 4318 891 4384 corporis
922 4319 1135 4374 transit.
1167 4317 1297 4384 Quae
1327 4317 1568 4386 profecto
1589 4319 1770 4372 nulla-

176 4423 343 4468 tenus
371 4411 598 4466 summis
615 4418 958 4482 congrueret,
990 4411 1094 4464 nisi
1120 4412 1356 4465 cantanti
1379 4425 1496 4465 eam
1532 4413 1694 4482 gallo,
1720 4412 1774 4467 id

174 4514 264 4560 est
319 4503 627 4572 praedicanti
676 4502 923 4566 doctori,
976 4502 1091 4570 ipse
1147 4517 1477 4556 summorum
1526 4505 1772 4558 conditor

1876 3326 2237 3394 impudentes,
2267 3326 2422 3381 aliter
2462 3328 2784 3391 verecundi;
2838 3330 2993 3384 aliter
3023 3332 3286 3399 protervi,
3317 3330 3469 3386 aliter

1877 3417 2272 3487 pusillanimes;
2327 3417 2483 3473 aliter
2536 3419 2912 3488 impatientes,
2966 3422 3125 3477 aliter
3161 3423 3469 3491 patientes;

1894 3508 2053 3562 aliter
2085 3508 2352 3574 benevoli,
2385 3510 2538 3564 aliter
2569 3511 2772 3578 invidi;
2801 3514 2954 3568 aliter
2991 3514 3284 3582 simplices,
3314 3517 3470 3570 aliter

1878 3601 2102 3669 impuri;
2131 3602 2291 3657 aliter
2320 3603 2646 3669 incolumes,
2679 3605 2835 3659 aliter
2872 3607 2998 3676 aegri
3025 3623 3038 3670 ;
3071 3607 3225 3662 aliter
3253 3610 3344 3677 qui
3375 3610 3471 3663 lla-

1877 3693 2014 3762 gella
2039 3702 2300 3758 metuunt,
2326 3703 2380 3747 et
2409 3703 2690 3763 propterea
2721 3695 3037 3752 innocenter
3063 3699 3274 3765 vivunt;
3311 3701 3468 3755 aliter

1879 3785 1970 3852 qui
2001 3783 2080 3838 sic
2134 3786 2186 3838 in
2218 3783 2494 3855 iniquitate
2524 3787 2849 3852 duruerunt,
2893 3797 2949 3843 ut
2979 3804 3078 3843 nec
3109 3800 3226 3858 per
3263 3792 3475 3862 ﬂagella

1877 3874 2247 3944 corrigantur;
2303 3875 2458 3930 aliter
2513 3876 2670 3930 nimis
2726 3877 2893 3942 taciti,
2936 3880 3094 3935 aliter
3133 3882 3471 3952 multiloqnio

1886 3975 2170 4031 vacantes;
2205 3966 2358 4021 aliter
2398 3967 2782 4032 timidi,aliter
2822 3968 3264 4037 audaces;aliter
3314 3975 3473 4043 pigri,

1877 4057 2035 4113 aliter
2055 4057 2395 4128 praecipites;
2430 4059 2584 4113 aliter
2621 4061 2908 4128 mansueti,
2959 4064 3116 4118 aliter
3143 4064 3161 4102 τ
3189 4066 3428 4120 iracundi
3456 4083 3472 4130 ;

1879 4150 2032 4204 aliter
2061 4150 2313 4217 humiles,
2360 4151 2521 4205 aliter
2550 4151 2711 4219 elati;
2747 4153 2900 4208 aliter
2939 4157 3264 4223 pertinaces,
3315 4159 3472 4215 aliter

1879 4240 2278 4306 inconstantes;
2314 4239 2474 4296 aliter
2498 4244 2636 4312 gula:
2665 4243 2852 4313 dediti,
2887 4246 3046 4301 aliter
3075 4248 3465 4317 ‘abstinentes;

1877 4332 2035 4387 aliter
2079 4336 2168 4400 qui
2225 4349 2319 4388 sua
2370 4335 2790 4391 misericorditer
2834 4338 3113 4406 tribuunt,
3174 4343 3330 4398 aliter
3376 4347 3470 4414 qui

1880 4427 2052 4481 aliena
2084 4441 2277 4494 rapere
2322 4429 2692 4494 contendunt;
2750 4430 2905 4484 aliter
2935 4433 3024 4499 qui
3055 4448 3154 4487 nec
3183 4435 3358 4489 aliena
3390 4452 3474 4491 ra-

1880 4520 2053 4588 piunt,
2087 4532 2187 4573 nec
2211 4533 2304 4572 sua
2331 4519 2644 4587 largiuntur,
2671 4521 2826 4576 aliter
2853 4524 2941 4591 qui
2966 4533 3020 4578 et
3045 4539 3106 4578 ea
3129 4541 3248 4594 qua:
3275 4527 3474 4584 habent

182 4597 543 4652 ministraret.
601 4594 1010 4665 lntelligcntiam
1060 4608 1273 4663 quoque
1329 4595 1500 4658 gallus
1543 4597 1763 4667 accepit,

1881 4624 1976 4664 sua
2008 4609 2269 4672 tribuunt,
2302 4620 2355 4663 et
2383 4611 2560 4665 aliena
2593 4627 2790 4682 rapere
2824 4628 2931 4667 nou
2977 4614 3273 4684 desistunt;
3321 4620 3474 4676 aliter

177 4703 239 4749 ut
263 4695 410 4763 prius
437 4696 685 4749 nocturni
739 4693 1000 4764 temporis
1029 4692 1191 4747 horas
1221 4692 1496 4762 discutiat,
1554 4705 1607 4750 et
1648 4705 1774 4752 tunc

177 4784 396 4839 demum
445 4797 632 4838 vocem
680 4783 1022 4838 excitationis
1074 4785 1304 4848 emittat,
1352 4786 1478 4854 quia
1528 4787 1773 4842 videlicet

174 4885 399 4933 sanctus
429 4877 656 4946 quisque
686 4877 1002 4946 praedicator
1035 4877 1088 4931 in
1120 4878 1458 4932 auditoribus
1482 4880 1593 4932 suis
1621 4880 1771 4948 prius

176 4966 495 5034 qualitatem
525 4967 650 5020 vitae
677 4967 1001 5031 considerat,
1046 4978 1099 5022 et
1128 4978 1254 5022 tunc
1282 4969 1496 5026 demum
1529 4971 1595 5025 ad
1640 4985 1766 5027 eru-

179 5057 430 5111 diendum
473 5071 765 5127 congruam
821 5072 1009 5112 vocem
1092 5059 1483 5127 praedicationis
1554 5063 1767 5119 format.

180 5147 341 5213 Quasi
370 5149 514 5204 enim
547 5151 706 5202 horas
737 5148 910 5202 noctis
936 5147 1248 5204 discernere
1282 5161 1303 5187 ο
1328 5162 1768 5220 estpeccatorum

178 5241 369 5297 merita
403 5241 722 5312 dijudicare.
752 5242 902 5311 quasi
936 5242 1096 5295 horas
1119 5243 1293 5298 noctis
1349 5245 1660 5300 discernere
1690 5255 1772 5302 est

173 5335 456 5390 actionum
488 5333 738 5389 tenebras
772 5342 891 5404 apta
916 5333 1299 5403 increpationis
1320 5351 1452 5392 voce
1478 5337 1771 5408 corripere.

248 5459 278 5520 ἒ
306 5445 744 5520 NorimetAVal.”
763 5442 884 5520 CL,
912 5446 967 5499 in
997 5453 1139 5520 tanta
1159 5447 1448 5514 jactatione
1495 5451 1766 5520 superbiae.

254 5519 282 5558 δ
306 5519 425 5574 Val.
451 5518 561 5580 CL,
584 5517 972 5586 intelligentiam
993 5517 1132 5570 dedi.

250 5601 274 5629 ε
304 5589 575 5643 Vitiosein
601 5587 810 5661 Gilot.,_
830 5586 1020 5652 Vatic.,
1052 5587 1342 5661 G_ussanv.,
1383 5597 1510 5656 etc.,
1549 5591 1764 5661 legitur,

171 5671 250 5715 est
285 5661 726 5728 prwdicatogum.
773 5657 1024 5712 Errorem
1071 5659 1394 5714 detexerunt
1441 5662 1570 5718 Mss.
1601 5657 1765 5721 Corb.

174 5726 389 5796 ϐείω..
427 5726 660 5799 Anglic"
683 5726 893 5794 Norm.,
924 5728 1042 5784 Val.
1077 5728 1183 5795 Cl.,
1221 5745 1322 5786 .tec
1342 5746 1449 5788 non
1480 5744 1585 5791 vet.
1622 5735 1760 5792 Edit.

172 5803 350 5862 Paris.
384 5810 438 5857 et
460 5800 618 5859 Basil.

247 5872 277 5912 ά
305 5872 420 5944 val.
442 5869 525 5929 Cl.
547 5879 604 5930 et
637 5869 802 5930 Corb.
825 5870 1034 5942 Gem,
1063 5888 1198 5947 sirpe
1218 5881 1406 5932 autem.

1883 4703 2182 4771 discordes,
2231 4703 2388 4758 aliter
2430 4705 2643 4772 pacati;
2691 4706 2852 4762 aliter
2895 4709 3227 4764 seminantes
3268 4711 3471 4784 jurgia,

1882 4796 2040 4849 aliter
2076 4793 2316 4863 pacifici;
2347 4795 2502 4849 aliter
2533 4795 2855 4852 admonendi
2881 4808 3007 4854 sunt
3034 4802 3124 4870 qui
3151 4817 3320 4859 sacra:
3343 4806 3474 4874 legis

1885 4890 2050 4946 verba
2093 4904 2198 4943 non
2229 4899 2376 4943 recte
2406 4889 2732 4960 intelligunt,
2768 4892 2923 4948 aliter
2947 4895 3034 4962 qui
3066 4906 3211 4952 recte
3256 4899 3473 4968 quidem

1887 4980 2222 5049 intelligunt,
2251 4980 2344 5035 sed
2385 4980 2501 5035 haec
2528 4980 2803 5038 humiliter
2831 4985 2994 5058 962
3025 5003 3129 5043 non
3160 4990 3471 5060 loquuntur;

1879 5073 2037 5127 aliter
2064 5073 2176 5143 qui,
2203 5087 2323 5127 cum
2358 5073 2652 5140 praedicare
2672 5075 2833 5147 digna
2858 5079 3096 5148 valeant,
3128 5097 3235 5150 prae
3260 5092 3286 5130 ε
3307 5084 3471 5138 nimia

1877 5164 2179 5219 humilitate
2206 5164 2515 5230 formidant,
2545 5165 2701 5221 aliter
2730 5183 2866 5238 quos
2895 5185 2924 5225 a
2950 5173 3332 5240 pmdicatione
3372 5175 3470 5228 im-

1877 5257 2139 5328 perfectio
2167 5258 2254 5313 vel
2293 5266 2426 5313 tetas
2474 5259 2746 5329 prohibet,
2779 5273 2834 5318 et
2883 5272 3063 5322 tamen
3120 5269 3471 5338 praecipitatio

1880 5349 2138 5419 impellit;
2171 5349 2330 5405 aliter
2357 5349 2448 5420 qui
2481 5351 2535 5404 in
2569 5351 2670 5408 hoc
2692 5355 2836 5423 quod
2886 5360 3255 5428 tetuporaliter
3303 5377 3467 5432 appe-

1947 5467 1972 5495 ε
2013 5459 2092 5538 De
2129 5459 2212 5514 his
2250 5459 2520 5538 fusissime
2581 5460 2634 5538 i_u
2693 5461 2985 5519 Pastoralis
3022 5465 3242 5538 Begulre
3281 5470 3418 5527 libro
3449 5513 3466 5538 ,

1871 5543 2028 5596 quem
2074 5531 2186 5602 jam
2226 5537 2352 5584 tunc
2382 5527 2740 5598 meditabatur
2785 5545 3002 5591 sanctus
3041 5527 3262 5602 Ddctor.
3308 5552 3364 5595 ut
3395 5527 3464 5600 ex

1872 5601 2222 5708 sequentibus
2252 5609 2415 5665 patet.

2000 5672 2168 5708 Dmtnl
2218 5670 2415 5708 aliimm

1995 5670 2415 5754 Pratel_._aliique
2443 5670 2625 5754 [δίῳ-τη.
2644 5680 2706 5754 .et
2733 5672 2852 5730 Val.
2875 5673 2981 5742 CL,
3010 5679 3160 5735 aliter
3198 5681 3461 5754 iracundi,

1873 5740 2024 5823 aliter
2073 5743 2389 5864 iicrtinaces,
2439 5740 2590 5793 aliter
2636 5740 3012 5814 inconstantes,
3065 5754 3214 5808 aliter
3251 5757 3338 5824 qui
3363 5740 3459 5813 sud

1873 5828 1980 5864 iam
2001 5851 2016 5864 .
2057 5827 2085 5864 c
2113 5825 2162 5864 c.

1862 5828 1980 5884 1am
2001 5851 2030 5884 ,_
2057 5825 2162 5865 etc.

1947 5891 1972 5929 ε
2002 5882 2162 5938 Deest
2182 5880 2412 5938 nintiain
2442 5881 2630 5942 iisdem
2658 5882 2790 5943 Cod.
