4036 6348
567 388 659 442 53!
1754 386 2000 447 SANCTI
2040 349 2370 441 cnseonu
2411 383 2628 439 MAGNI
3713 391 3808 448 επ

566 517 682 558 Iunt
724 515 1141 575 prosperantur,
1206 505 1367 560 aliter
1405 506 1493 575 qui
1532 503 1748 575 quidem
1790 519 1906 572 quae
1954 499 2132 556 mundi

2240 494 2319 563 2).
2356 496 2418 548 Et
2448 498 2600 563 paulo
2631 504 2746 562 post
2776 511 2789 552 :
2819 512 2947 548 ιιι-η
2979 498 3213 549 concisus
3244 497 3453 559 clanqor
3486 500 3804 571 ἱητγρρηργῑι,

565 608 691 653 sunt
749 601 1173 666 conrupiscunt,
1237 599 1330 653 sed
1410 608 1586 653 tamen
1655 599 1992 652 adven-italis
2058 595 2135 647 la-

567 693 726 746 bore.
761 691 1076 759 fatigantur;
1141 689 1298 744 aliter
1357 691 1620 760 conjugiis
1675 689 1936 758 obligati,
1988 687 2141 741 aliter

564 798 593 834 a
649 781 880 852 conjttgii
942 780 1172 835 nexibus
1239 783 1439 848 liberi;
1506 782 1660 836 aliter
1716 779 2137 834 commistiouem

563 875 740 929 carnis
777 872 1026 941 experti,
1082 873 1236 926 aliter
1297 874 1628 942 ignorantes;
1673 873 1827 926 aliter
1873 870 1962 939 qui
2013 884 2140 938 pec-

560 974 675 1020 cata
725 963 1009 1031 deplorant
1063 978 1319 1032 operum,
1377 965 1530 1017 aliter
1575 963 1663 1034 qtti
1719 962 2137 1034 cogitationum;

559 1058 717 1111 aliter
747 1057 833 1125 qtti
876 1059 1162 1110 commissa
1189 1058 1464 1127 plangunt,
1496 1072 1594 1110 nec
1641 1067 1812 1109 tamen
1845 1055 2094 1108 deserunt
2122 1069 2137 1118 ;

558 1151 710 1203 aliter
737 1149 826 1218 qui
875 1150 1158 1212 deserunt,
1193 1165 1289 1202 nec
1329 1160 1502 1203 tamen
1551 1143 1835 1216 plangunt;
1867 1145 2021 1198 aliter
2051 1143 2138 1210 qtti

559 1241 744 1295 illicita
773 1257 890 1310 quae
922 1240 1112 1293 fat-inut
1142 1243 1300 1293 etiam
1338 1240 1576 1307 laudant,
1598 1240 1740 1291 aliter
1769 1239 1855 1306 qui
1885 1243 2140 1290 accusant

555 1348 719 1402 prava
751 1348 847 1386 nec
879 1342 1053 1388 tamen
1083 1335 1346 1397 devitant;
1382 1335 1487 1387 alit-
1512 1350 1536 1387 r
1559 1336 1645 1399 qui
1679 1333 1988 1401 repentina“
2009 1346 2140 1384 con-

461 1439 468 1446 ‘
555 1426 879 1493 citpiscentia
904 1435 1241 1493 superantur,
1272 1428 1429 1481 aliter
1451 1428 1537 1493 qui
1566 1427 1617 1479 itt
1643 1429 1794 1494 tulpa
1828 1442 1890 1480 ex
1915 1427 2138 1480 consilio

555 1518 823 1586 ligantur;
849 1521 1003 1573 aliter
1037 1522 1124 1589 qui
1158 1522 1280 1575 licet
1327 1523 1566 1582 tninttna,
1599 1523 1788 1575 crebro
1831 1531 2003 1574 tamen
2038 1521 2139 1573 illi-

555 1608 656 1662 cita
689 1607 909 1678 faciunt,
947 1623 1105 1676 atque
1135 1614 1289 1666 aliter
1320 1613 1406 1680 qtti
1442 1629 1499 1665 se
1529 1629 1556 1666 a
1593 1614 1762 1678 parvis~
1805 1614 2131 1678 custodiunt,

555 1701 646 1754 sed
700 1701 984 1768 aliquando
1013 1703 1063 1755 in
1096 1705 1348 1772 gravibus
1380 1705 1798 1772 demerguntur;
1848 1706 2000 1757 aliter
2045 1705 2132 1773 qui

554 1793 690 1847 bona
723 1811 816 1849 nec
848 1795 1117 1859 inclinant,
1150 1799 1305 1850 aliter
1331 1801 1418 1866 qui
1467 1799 1713 1851 inclinata
1766 1800 1980 1851 tninittte
2007 1814 2136 1851 con-

2244 586 2571 639 morabuntur
2610 585 2777 638 castra
2807 584 2948 656 (Ibid
2977 627 2993 649 ,
3173 587 3269 639 l’er
3305 589 3436 640 cluas
3478 592 3620 644 enim
3671 595 3811 648 tubas

2248 678 2522 733 exercitus
2550 677 2796 743 ducitur,
2843 679 2964 748 quia
2999 691 3090 746 per
3119 680 3222 732 duo
3254 695 3514 751 prmCI'pltl
3545 683 3812 743 charitati.

2241 767 2308 822 ad
2342 768 2669 830 irocinctum
2720 769 2842 824 lidei
2887 775 3112 839 p0ptt'us
3158 786 3395 826 vocatur.
3441 778 3569 839 Quae
3621 776 3814 834 idcirco

2243 865 2509 930 argenteae
2541 847 2651 916 fieri
2685 863 3084 932 prtecipiuntur,
3120 869 3178 919 tit
3218 869 3624 933 praedicatorum
3658 874 3814 928 verba

2243 955 2376 1010 lucis
2426 956 2599 1011 nitore
2647 963 2886 1027 pateant.
2918 953 3077 1028 963
3125 967 3180 1015 et
3224 961 3525 1016 auditorum
3584 975 3811 1021 mentem

2244 1048 2382 1101 nulla
2434 1049 2516 1103 sui
2577 1051 2904 1105 obscuritate
2975 1052 3327 1109 confundant.
3387 1056 3586 1110 Idcirco
3639 1070 3810 1114 autem

2241 1139 2489 1204 ductiles,
2519 1142 2639 1210 quia
2673 1141 2892 1197 neces-e
2933 1152 3015 1198 est
3057 1154 3111 1198 ttt
3141 1143 3195 1198 lii
3229 1148 3316 1215 qtti
3346 1159 3622 1203 venturam
3658 1150 3811 1205 vitarit

2243 1231 2536 1301 prmdicant
2601 1234 3004 1288 tribulationum
3067 1242 3409 1304 pra'scntiutn
3481 1222 3815 1298 tuttsionihus

2241 1331 2503 1378 cresrant.
2537 1323 2675 1378 Bene
2702 1338 2880 1379 autem
2921 1327 3152 1383 dicitur:
3186 1328 3308 1381 Cum
3350 1333 3578 1387 concisus
3610 1336 3816 1404 clangor

2239 1418 2568 1487 increpuerit,
2601 1421 2928 1472 merebuntur
2959 1430 3121 1472 castra
3152 1420 3336 1488 (Nam.
3375 1441 3428 1486 ι,
3459 1426 3516 1491 5)
3537 1468 3551 1488 ,
3585 1427 3712 1494 quia
3746 1430 3816 1480 tti-

2239 1510 2428 1562 mirtttn
2464 1510 2855 1576 praedicationis
2889 1527 3066 1566 serm't
3099 1530 3218 1566 (“lltll
3261 1517 3508 1571 subtilius
3537 1536 3598 1574 ac
3647 1523 3817 1576 Initiu-

2239 1608 2339 1656 tius
2369 1604 2562 1673 agitur,
2594 1604 2896 1657 auditorum
2923 1608 3082 1659 Corda
3107 1616 3288 1662 contra
3320 1613 3675 1667 tetttationum
3707 1629 3818 1669 cer-

2238 1698 2431 1748 tamina
2455 1697 2725 1750 ardentius
2754 1700 3075 1756 excitantur.

2309 1805 2394 1860 l5.
2425 1806 2521 1872 Qui
2543 1809 2671 1861 alios
2701 1826 2764 1862 ea:
2794 1811 2952 1880 efﬁcio
2993 1814 3356 1880 adhortantur,
3389 1819 3529 1886 prius
3571 1838 3625 1875 se
3656 1823 3710 1874 in
3740 1823 3820 1876 bo-

553 1899 818 1939 sutntnaul
848 1904 862 1952 ;
895 1889 1048 1941 aliter
1072 1891 1160 1958 qtti
1189 1892 1323 1940 ruala
1350 1890 1556 1943 occulte
1575 1899 1755 1953 agunt,
1785 1900 1834 1943 et
1864 1894 1999 1942 bona
2027 1907 2123 1957 pu-
2157 1893 2204 1954 B
2231 1898 2308 1950 n's
2360 1899 2598 1963 operibus
2638 1914 2921 1954 exerceant.
2950 1934 3011 1944 —
3043 1906 3132 1958 Est
3181 1908 3357 1961 adhuc
3390 1913 3530 1964 aliud
3581 1914 3630 1965 in
3684 1913 3818 1982 gallo

553 1976 708 2039 b'icc,
759 1978 916 2032 aliter
947 1980 1036 2045 qtti
1096 1982 1231 2033 bona
1287 1997 1407 2050 qua:
1466 1982 1664 2035 faciunt
1693 1982 2047 2043 abseoudunt,
2081 1993 2132 2036 et

552 2077 731 2122 tamen
764 2071 1082 2138 quibusdam
1117 2072 1268 2124 factis
1311 2073 1520 2136 publii-e
1575 2075 1709 2126 mala
1744 2073 1808 2126 de
1839 2087 1894 2126 se
1925 2071 2132 2139 Opinari

552 2162 890 2226 permittunt.
933 2164 995 2215 l~lt
1026 2165 1238 2231 quidem
1285 2164 1352 2219 de
1386 2166 1608 2235 singulis
1638 2165 1755 2233 quis
1784 2166 1851 2220 sit
1894 2165 2134 2217 admoni-

553 2253 713 2306 tionis
745 2259 878 2307 ordo
902 2256 1171 2309 subtiliter
1196 2256 1466 2311 insinuare
1496 2258 1800 2318 dehttitnus,
1827 2257 1920 2310 Sed
1953 2257 2134 2310 fortui-

551 2344 675 2397 data
725 2345 1005 2401 locotienis
1036 2348 1342 2416 prolixitate
1373 2349 1748 2416 prtepodimur.
1780 2353 2009 2404 Auctore
2039 2365 2134 2403 att-

551 2445 656 2489 tern
691 2437 801 2490 Deo
833 2437 860 2476 δ
907 2442 959 2491 itt
1007 2440 1112 2492 alio
1144 2455 1305 2508 opere
1338 2442 1386 2494 id
1420 2442 1634 2508 explere
1664 2444 1865 2512 appetit
1895 2444 2130 2508 animus,

551 2529 595 2583 si
630 2537 804 2584 tamen
839 2529 1120 2586 laboriosa:
1150 2533 1309 2602 hujus
1339 2535 1461 2590 vita:
1489 2545 1511 2572 ο
1547 2536 1724 2589 adhuc
1745 2535 2130 2604 aliquantulum

551 2633 760 2689 tempus
791 2621 815 2660 ἀ
849 2625 1153 2679 restavorit.

622 2714 762 2784 lVet.
796 2715 956 2788 γη]
1000 2715 1086 2771 M.
1123 2716 1297 2787 Iniqui
1326 2716 1447 2771 altis
1476 2728 1524 2772 et
1559 2719 1754 2790 magnis
1800 2719 2004 2773 vocibus
2043 2720 2134 2774 in-

549 2809 812 2874 crepandi,
848 2808 1050 2862 lenibus
1084 2820 1128 2863 et
1167 2810 1369 2864 blandis
1401 2811 1710 2864 admonendi
1735 2814 1822 2881 qui
1854 2819 1916 2864 ab
1945 2814 2133 2880 iniqui-

549 2909 650 2952 tate
665 2913 998 2954 recesserunt.
1026 2931 1093 2941 —
1126 2901 1392 2956 [labi-mus
1423 2918 1548 2955 vero
1578 2904 1718 2956 aliud
1745 2905 1884 2971 quod
1911 2904 1977 2958 de
2006 2905 2129 2974 galli

550 2991 704 3061 hujus
739 2995 1089 3063 intelligentia
1129 2997 1476 3050 ennsiderare
1503 2997 1790 3051 debeamus
1812 3041 1825 3062 ,
1856 3000 1976 3068 quia
2014 3015 2133 3064 pro-

551 3083 886 3138 fundioribus
916 3085 1060 3141 horis
1084 3091 1251 3142 noctis
1275 3090 1598 3143 valentiores
1623 3101 1646 3128 ο
1670 3107 1731 3145 ac
1765 3093 2133 3160 productiores

553 3174 712 3228 edere
739 3186 927 3229 cantus
958 3181 1114 3242 solet,
1147 3196 1266 3234 cunt
1315 3196 1444 3234 vero
1500 3184 1817 3236 matutinum
1845 3184 1952 3252 jam
1999 3196 2131 3238 tem-

2235 1993 2461 2044 solertt-r
2481 1991 2950 2064 intuendum,quia
2967 2014 3084 2050 cunt
3114 1998 3223 2067 jam
3243 2001 3404 2057 edi-re
3430 2013 3619 2060 cantus
3642 2018 3812 2073 parat,

2236 2082 2381 2151 prius
2413 2085 2522 2135 alas
2547 2088 2765 2150 excutit,
2794 2099 2846 2140 et
2878 2089 3227 2158 semetipsum
3263 2092 3481 2160 feriens,
3516 2097 3817 2164 vigilantio-

2238 2191 2347 2229 tetn
2396 2177 2587 2231 redd.t.
2612 2177 2762 2243 Quod
2800 2192 3043 2246 patenter
3073 2184 3366 2250 cernimus,
3413 2188 3457 2240 si
3502 2200 3814 2246 sanctorum

2237 2267 2648 2335 pranlicatorum
2680 2280 2840 2323 Vilalll
2869 2272 3149 2341 vigilanter
3178 2277 3470 2331 videamus.
3499 2277 3602 2346 Ipsi
3629 2282 3819 2347 quippe

2237 2373 2357 2411 cum
2398 2358 2553 2412 verba
2585 2360 3030 2440 praedicationis“
3061 2361 3296 2430 tu'oveut,
3343 2371 3487 2436 prius
3517 2384 3579 2423 se
3622 2373 3676 2423 in
3707 2387 3821 2426 San-

2236 2450 2336 2502 ctis
2374 2450 2671 2504 actionibus
2704 2463 2980 2519 exercent,
3015 2473 3081 2510 ne
3131 2458 3183 2510 in
3215 2461 3517 2526 semetipsis
3547 2471 3820 2531 torpentes

2241 2557 2426 2608 opcio,
2461 2542 2594 2595 alios
2620 2543 2852 2598 excitent
2880 2561 3042 2612 voce;
3077 2549 3168 2602 sed
3207 2560 3329 2603 ante
3356 2565 3414 2603 se
3445 2568 3540 2618 per
3571 2553 3819 2606 sublimia

2237 2633 2369 2687 faeta
2396 2636 2696 2700 excutiunt,
2727 2646 2784 2690 et
2812 2646 2937 2689 tunc
2965 2638 3029 2714 ad
3055 2639 3192 2693 bene
3224 2642 3485 2711 agendum
3507 2643 3646 2698 alios
3677 2648 3819 2699 solli-

2235 2722 2368 2774 citos
2417 2724 2666 2780 reddunt.
2724 2728 2878 2782 l'ritts
2919 2731 3308 2801 cogitationum
3361 2734 3464 2787 alis
3503 2739 3820 2801 semctipsos

2171 2886 2178 2894 .
2237 2814 2454 2882 feriunt,
2487 2816 2609 2884 quia
2629 2817 2880 2888 quidquid
2909 2820 2959 2872 itt
2983 2836 3039 2874 se
3073 2823 3331 2895 inutiliter
3360 2835 3556 2890 torpet,
3590 2826 3816 2881 sollicita

2236 2904 2652 2974 investigatione
2708 2908 3153 2977 deprehendunt,
3191 2913 3428 2969 districta
3483 2916 3818 2973 animadver-

2237 2995 2385 3049 sione
2425 2998 2719 3070 corrigunt.
2777 2998 2934 3055 Prius
2972 3019 3066 3056 sua
3108 3005 3297 3074 punire
3338 3006 3550 3061 fletibus
3589 3020 3821 3076 curant,

2235 3093 2290 3139 et
2345 3098 2471 3142 tunc
2533 3105 2654 3158 qua:
2694 3091 2920 3145 aliorqu
2963 3102 3088 3146 sunt
3148 3095 3414 3164 punienda
3481 3098 3823 3157 denuntiant.

2236 3176 2392 3232 Prius
2415 3194 2542 3250 ergo
2563 3181 2664 3235 alis
2689 3182 2938 3260 insonattt
2968 3201 3124 3254 quam
3157 3199 3348 3246 cantus
3377 3190 3651 3258 emittant,
3698 3194 3826 3262 quia

551 3280 650 3332 pus
672 3269 1084 3339 appropinquat,
1128 3274 1354 3328 leniores
1382 3283 1436 3328 et
1458 3274 1780 3330 minutiores
1821 3277 2129 3330 omnimodo

2240 3261 2521 3338 antequam
2557 3274 2719 3326 verba
2751 3275 3140 3332 exhortationis
3173 3281 3449 3347 proferant
3491 3299 3654 3338 orune
3683 3287 3827 3355 quod

553 3372 711 3415 voces
742 3360 960 3437 format.
995 3363 1047 3416 In
1078 3364 1271 3431 quibus
1288 3366 1412 3434 galli
1445 3365 1601 3435 hujus
1631 3367 1976 3438 intelligentia
2005 3370 2126 3436 qttid

552 3451 706 3504 nobis
739 3451 926 3507 innuat
957 3456 1287 3510 considerata
1325 3460 1734 3526 prmdicatorutn
1764 3461 2014 3515 discretio
2039 3462 2132 3516 de-

551 3553 835 3601 monstrat.
865 3546 1115 3614 Quicum
1149 3547 1343 3618 iniquis
1394 3552 1564 3605 adhuc
1609 3554 1878 3607 mentibus
1932 3553 2130 3623 pra-di-

551 3648 691 3701 cant,
726 3637 848 3691 altis
879 3650 932 3692 et
973 3640 1179 3709 magnis
1208 3643 1430 3697 vocibus
1457 3645 1640 3698 mterni
1667 3645 1852 3714 judicii
1897 3657 2132 3700 terrores

548 3728 826 3796 intitnant,
852 3733 974 3803 quia
1001 3735 1249 3790 videlicet
1278 3737 1427 3806 quasi
1460 3738 1510 3790 in
1542 3738 1819 3805 profunda:
1845 3740 2020 3792 noctis
2049 3750 2128 3792 te-

548 3827 732 3882 nebris
785 3829 1040 3886 clamant.
1084 3832 1216 3887 Cum
1258 3849 1388 3888 vero
1412 3834 1520 3902 jam
1561 3835 1862 3890 auditorum
1910 3850 2128 3890 suorum

550 3918 800 3973 cordibus
821 3923 1062 3975 veritatis
1096 3923 1267 3978 lucem
1291 3924 1482 3978 adesse
1505 3935 1853 3993 cognoscunt,
1880 3926 2130 3981 clamoris

549 4009 633 4064 sui
681 4013 1099 4080 magnitudinem
1132 4016 1186 4070 in
1229 4017 1500 4074 lenitatem
1553 4020 1848 4074 dulcedinis
1895 4030 2126 4086 vertunt,

550 4112 603 4155 et
635 4117 737 4156 non
772 4113 876 4156 tam
909 4105 995 4158 illa
1029 4123 1146 4174 qua:
1169 4119 1290 4162 sunt
1317 4109 1384 4164 de
1414 4111 1584 4177 paanis
1608 4113 1863 4172 terribilia
1887 4129 2042 4183 quam
2067 4128 2127 4168 ea

549 4207 667 4260 qua:
717 4204 839 4246 sunt
883 4195 1072 4249 blanda
1103 4197 1170 4251 de
1209 4199 1446 4268 praemiis
1477 4202 1772 4266 proferunt.
1818 4204 1919 4268 Qui
1968 4204 2126 4258 etiam

548 4283 770 4338 minutis
825 4297 950 4340 tunc
979 4289 1199 4344 vocibus
1231 4299 1468 4355 cantant,
1499 4296 1618 4362 quia
1669 4298 2129 4364 appropinquante
2175 4319 2178 4324 ι

547 4389 708 4429 tuane
740 4379 949 4432 subtilia
983 4395 1211 4450 quteque
1239 4383 1306 4436 de
1339 4386 1605 4454 tuySteriis
1631 4387 1940 4454 prmdicant,
1962 4397 2018 4442 ut
2045 4403 2130 4441 se-

548 4484 745 4538 quaces
774 4474 853 4526 Sui
886 4488 951 4528 eo
984 4477 1272 4531 minutiora
1304 4493 1531 4547 quaeque
1581 4478 1649 4534 de
1698 4482 2004 4535 cmlestibus
2035 4497 2130 4534 au-

548 4559 716 4626 diant,
749 4579 855 4632 quo
883 4565 981 4620 luci
1014 4567 1254 4622 veritatis
1279 4571 1731 4640 appr0pinquant,
1765 4581 1817 4626 et
1840 4587 1973 4641 quos
2004 4574 2126 4628 dor-

2236 3362 2467 3418 locuturi
2498 3375 2624 3419 sunt
2655 3368 2906 3436 operibus
2939 3370 3203 3436 clamant;
3252 3381 3307 3426 et
3333 3389 3450 3426 cum
3499 3378 3740 3442 perfecte
3775 3382 3825 3432 in

2233 3458 2543 3527 semetipsis
2574 3459 2815 3529 vigilant,
2848 3471 2973 3517 tunc
3002 3463 3334 3520 dormientes
3356 3466 3488 3521 alios
3515 3469 3581 3522 ad
3616 3470 3825 3538 vigilias

2234 3560 2444 3603 vocant.

2307 3640 2393 3694 lb'.
2415 3639 2481 3692 Ut
2497 3649 2629 3710 recte
2652 3658 2745 3695 suo
2768 3660 2974 3698 munere
2993 3645 3346 3720 defringantur
3379 3645 3747 3718 praedicatores
3778 3665 3824 3706 et

2233 3731 2486 3800 doctores,
2521 3733 2700 3786 habent
2725 3749 2757 3786 α
2787 3733 2916 3789 Deo.
2947 3765 3020 3777 —
3043 3737 3147 3792 Sed
3191 3740 3330 3795 unde
3360 3749 3500 3794 tanta
3548 3740 3666 3795 haec
3697 3744 3827 3796 doc-

2234 3824 2332 3876 tori
2362 3821 2748 3891 iutelligentia,
2802 3835 2858 3878 ut
2894 3835 2948 3880 et
2984 3827 3084 3881 sibi
3118 3829 3354 3897 perfecte
3382 3831 3582 3899 vigilet,
3611 3842 3669 3886 et
3698 3834 3825 3886 dor-

2233 3915 2461 3970 tnientes
2491 3917 2555 3969 ad
2589 3915 2789 3986 vigilias
2811 3919 2911 3972 sub
2948 3921 3269 3989 quibusdam
3309 3924 3559 3977 clamoris
3592 3939 3827 3988 provec-

2234 4010 2374 4064 tibus
2406 4020 2580 4076 vocet,
2615 4021 2671 4064 ut
2701 4021 2754 4066 et
2787 4023 3122 4080 peccatorum
3181 4015 3430 4070 tenebras
3474 4018 3624 4084 prius
3667 4027 3830 4070 caute

2233 4102 2502 4166 discutiat,
2529 4110 2584 4156 et
2604 4102 2834 4157 discrete
2864 4106 3202 4173 postmodum
3233 4108 3406 4162 lucem
3433 4107 3830 4176 prmdicationis

2233 4195 2502 4256 ostendat,
2539 4201 2595 4248 ιιι
2621 4195 2844 4264 singulis
2867 4195 3022 4266 juxta
3064 4181 3280 4254 modum
3312 4210 3366 4253 et
3416 4211 3658 4263 tempora
3688 4215 3828 4258 con-

2235 4297 2412 4358 gruat,
2441 4296 2494 4341 et
2521 4289 2681 4341 simul
2712 4290 2962 4343 omnibus
3003 4307 3119 4360 quae
3151 4289 3272 4346 illos
3316 4304 3609 4360 sequantur
3642 4303 3829 4348 osten-

2238 4382 2362 4435 dat?
2388 4379 2539 4436 Unde
2567 4381 2633 4436 ad
2668 4392 2814 4436 tanta
2854 4383 2868 4420 ί
2906 4395 2960 4439 et
2991 4393 3098 4438 tam
3127 4387 3395 4441 subtiliter
3440 4387 3696 4448 tenditur,
3723 4386 3832 4440 nisi

2233 4470 2560 4525 intrinsecus
2589 4471 2658 4524 ab
2683 4487 2749 4526 eo
2779 4488 2808 4525 a
2834 4488 2940 4543 quo
2965 4485 3048 4529 est
3073 4477 3326 4530 conditus
3349 4477 3606 4531 doceatur
3627 4477 3652 4529 ἲ
3689 4477 3830 4543 Quia

2233 4579 2361 4632 ergo
2423 4563 2538 4616 laus
2607 4573 2769 4618 tanta:
2835 4568 3210 4638 intelligentiae
3275 4585 3381 4623 non
3450 4570 3830 4638 prardicatoris

547 4654 772 4710 mientes
815 4657 1003 4729 longus
1030 4660 1152 4731 galli
1183 4662 1386 4715 clamor
1414 4663 1765 4727 excitaverat,
1803 4661 1822 4700 ί
1872 4665 2130 4720 succisior

2240 4658 2399 4710 virtus
2437 4664 2538 4718 est,
2593 4655 2685 4714 sed
2724 4658 2983 4724 auctoris,
3032 4669 3176 4713 recte
3215 4674 3310 4728 per
3345 4659 3592 4714 eumdem
3637 4670 3833 4713 aucto-

547 4748 828 4815 vigi-‘antes
883 4751 1142 4817 delectet;
1187 4764 1448 4822 quatenus
1505 4765 1748 4810 correcto
1785 4755 2004 4810 cuilibet
2064 4757 2133 4812 de

547 4854 712 4904 regno
741 4857 1063 4910 cognoscere
1086 4846 1350 4900 subtiliter
1377 4847 1549 4901 dulcia
1595 4849 1779 4913 libeat,
1810 4857 1836 4895 8
1868 4849 1956 4916 qui
1985 4850 2132 4917 prius

547 4928 773 4984 adversa
839 4933 905 4987 de
959 4934 1161 5002 judicio
1224 4935 1562 4990 formidabat.
1627 4938 1778 5004 Quod
1839 4938 1974 4992 bene
2039 4954 2132 5006 per

545 5021 764 5094 Moysen
795 5027 1134 5091 exprimitur,
1162 5042 1281 5082 cum
1309 5029 1373 5083 ad
1405 5031 1802 5095 producendnm
1831 5032 2127 5085 exercitum

545 5117 686 5171 tuba:
713 5118 965 5188 clangere
1008 5121 1273 5174 concisius
1296 5121 1568 5190 jubentur.
1600 5125 1865 5190 Scriptum
1899 5138 2125 5193 namque

544 5219 626 5262 est
662 5227 674 5261 :
709 5207 818 5263 Fac
856 5207 948 5262 tibi
976 5210 1104 5264 duas
1126 5212 1271 5266 tubas
1300 5223 1566 5283 argenteas
1594 5213 1811 5266 ductiles
1844 5211 2032 5279 (Num.
2066 5229 2121 5281 ι,

615 5379 642 5406 ι
675 5370 933 5434 Corrupto.
973 5369 1026 5421 in
1048 5369 1276 5432 Tttron.,
1318 5371 1644 5423 conscientia.

617 5439 644 5477 ι)
669 5440 925 5510 Nanirum
956 5441 1006 5492 itt
1032 5441 1167 5493 libro
1194 5439 1412 5510 Regula:
1450 5440 1761 5504 Pastoralis,
1785 5453 1876 5496 seu
1905 5441 1974 5496 de
2000 5455 2126 5496 cura

545 5508 811 5563 Paslotali
845 5511 1000 5578 plane
1028 5527 1209 5564 aureo,

618 5589 640 5649 ε
678 5579 832 5631 Det-st
873 5582 1043 5632 adhuc
1066 5581 1114 5632 itt
1142 5581 1398 5649 pluribus.

617 5647 641 5685 ἀ
685 5651 889 5702 Mallem
931 5647 1205 5714 restituit,
1249 5652 1353 5704 nisi
1402 5652 1676 5706 obstarent
1714 5653 1842 5709 Mss.
1875 5653 1932 5705 In
1983 5653 2124 5708 Edit.

549 5718 715 5772 Gilnt.
754 5733 805 5772 et
847 5722 1115 5774 nonnullis
1178 5724 1365 5790 legitur
1421 5724 1679 5786 restiterit,
1723 5741 1826 5778 non
1869 5737 2042 5777 tamen
2075 5724 2127 5779 itt

548 5790 956 5868 vetustioribus,
982 5806 1099 5856 qua)
1129 5791 1254 5846 Mss.
1295 5791 1428 5849 Cod.
1466 5796 1655 5868 majori
1683 5796 1784 5850 tide
1831 5811 2129 5866 reptmsen-

556 5866 675 5914 tare
697 5858 891 5914 solent.

2239 4764 2353 4804 rem
2419 4751 2612 4806 dicitur
2645 4768 2658 4804 :
2697 4749 2791 4803 Vel
2830 4753 2944 4819 quis
2986 4749 3128 4803 dedit
3185 4752 3324 4823 gallo
3387 4752 3835 4821 intelligentiam?

2238 4847 2316 4893 Ac
2345 4840 2389 4894 si
2417 4841 2621 4897 diceret
2655 4859 2667 4893 :
2697 4840 2809 4896 Nisi
2839 4855 2960 4908 ego,
2989 4839 3078 4910 qui
3118 4825 3396 4895 doctorum
3439 4852 3655 4896 tuentes
3690 4857 3839 4912 quas

2238 4933 2373 4987 mire
2412 4947 2478 4988 ex
2543 4933 2712 4987 nihilo
2763 4931 2980 4987 condidi
3031 4931 3098 4985 ad
3147 4931 3493 4998 intelligenda
3543 4947 3668 5000 qua:
3736 4947 3840 4987 oc-

2237 5026 2376 5078 culta
2417 5034 2544 5080 sunt
2571 5025 2869 5080 mirabilius
2893 5025 3140 5079 instruxi.
3164 5023 3317 5079 Unde
3341 5025 3476 5078 bene
3507 5033 3566 5078 ut
3590 5026 3646 5078 in
3669 5025 3841 5081 dictis

2239 5117 2644 5187 prmdicautium
2674 5133 2778 5172 non
2814 5116 2986 5171 solum
3027 5116 3403 5186 inspiratorem
3432 5130 3491 5170 se
3524 5116 3841 5188 intelligen-

2234 5211 2344 5274 tiw,
2358 5211 2454 5266 sed
2473 5212 2637 5266 etiam
2654 5219 2930 5266 auctorem
2955 5207 3239 5278 locutionis
3255 5206 3525 5274 OStendat,
3541 5209 3607 5262 ad
3609 5210 3798 5278 jungit
3825 5226 3837 5260 :

2312 5377 2336 5407 ο
2360 5367 2587 5422 Vindoc.
2628 5378 2680 5421 et
2722 5365 2932 5434 Norm.,
2973 5366 3354 5439 profundiores.
3386 5365 3581 5434 Laud.,
3613 5369 3837 5438 produc-

2237 5443 2390 5493 tiore:
2419 5441 2631 5493 educere
2652 5449 2852 5493 cantus.

2309 5508 2327 5546 ί
2365 5511 2564 5566 'l'uron.
2595 5517 2650 5562 et
2678 5510 2859 5572 (λιι-1)..
2901 5509 3110 5574 Gertn.,
3146 5508 3470 5564 succinctior.

2307 5590 2334 5629 ε
2369 5581 2494 5642 Alii,
2523 5581 2610 5649 qui
2635 5581 2778 5649 prius
2807 5580 3244 5649 adveraajudicii.

2306 5649 2330 5687 δ
2360 5650 2535 5747 bind.
2566 5661 2621 5705 et
2647 5650 2763 5706 Val.
2791 5650 3324 5718 Cl.,ntonent.Corb.
3351 5652 3762 5747 Geimqverbo.
3783 5694 3798 5704 .
3817 5690 3836 5706 .

2233 5731 2456 5776 monent.

2317 5792 2331 5831 ί
2371 5791 2583 5850 bbroic.
2609 5793 2808 5866 aliique
2829 5791 3016 5852 Noun.
3034 5833 3051 5860 ,
3076 5807 3142 5851 ac
3163 5791 3415 5862 Vindoc.,
3444 5802 3492 5848 et
3517 5802 3628 5849 tam
3662 5794 3827 5848 ubli-

2227 5863 2332 5934 tia.
