4036 6348
265 400 378 458 533

991 388 1352 450 MORALIUM
1392 388 1522 442 LIB.
1564 381 1736 441 XXX.
1777 410 1847 421 —
1887 370 1949 435 IN
1983 376 2210 433 CAPUT
2250 376 2517 434 XXXVIII
2557 378 2618 433 Β.

3423 372 3527 428 554

336 492 506 570 Vens.
543 514 634 571 57.
655 541 726 553 -
748 511 872 579 Quis
910 518 937 547 ι
969 507 1222 562 εηαγωὺὶι
1273 504 1513 560 culorum
1551 502 1798 555 rationem
1822 494 1847 550 ?
1874 470 1920 556 Α
1949 494 2545 563 speclem,etquomodo
2569 474 2958 563 Sipsigignettti
2979 507 3084 547 non
3109 474 3280 560 impar
3299 486 3528 545 oriatur.

339 608 489 683 [Βρο.
512 604 849 678 V.]Quorum
876 610 1052 657 tamen
1074 599 1228 655 verba
1256 597 1378 669 quia
1400 610 1520 650 cum
1547 607 1665 649 sese
1694 591 1849 648 nobis

262 719 366 775 per
388 699 622 772 speciem
650 695 949 754 ostenderit
990 692 1273 756 subtrahit,
1302 690 1545 762 protinus
1569 685 1807 742 subdidit
1834 700 1850 737 :

886 807 1111 865 CAPUT
1150 806 1236 863 IV.

350 929 482 986 Isto.
514 956 584 968 -
608 925 673 979 Et
692 932 991 979 concentum
1022 921 1133 976 mli
1155 921 1267 990 quis
1296 916 1521 972 dormire
1546 913 1736 975 faciet?

347 1032 434 1085 I7.
471 1026 579 1083 Deo
600 1029 653 1081 in
684 1031 945 1099 majestate
973 1032 1069 1077 sua
1092 1023 1333 1084 revelato,
1364 1016 1661 1086 pra’dt'calt'o
1687 1022 1857 1069 cessa-

267 1131 365 1186 bit.
396 1130 625 1200 Spiritus
655 1134 858 1181 sanctus
890 1122 1061 1177 Patris
1085 1131 1129 1176 et
1154 1119 1279 1174 Eilii
1309 1129 1405 1184 est,
1427 1118 1626 1185 utrique
1654 1112 1861 1169 cowter-

269 1238 393 1278 nus.
414 1232 487 1262 -"
514 1220 569 1275 lu
604 1221 702 1272 bac
727 1218 868 1273 enim
900 1213 1003 1267 vita
1037 1212 1345 1269 inﬁrmitati
1384 1221 1582 1264 nostrm
1606 1207 1865 1261 Dominus

271 1338 383 1378 non
410 1331 592 1390 aperta
623 1316 803 1387 specie
833 1306 1128 1386 majestatis
1157 1329 1292 1380 sure,
1325 1313 1418 1369 sed
1450 1308 1864 1381 praedicatorum

272 1428 500 1470 suorum
532 1425 662 1463 voce
707 1410 915 1465 locutus
964 1410 1067 1473 est,
1101 1416 1157 1459 ut
1196 1404 1361 1459 corda
1415 1405 1590 1481 adhuc
1633 1400 1866 1457 carnalia

280 1490 520 1560 carnalis
569 1501 747 1567 lingua
803 1498 1062 1565 pulsaret,
1094 1508 1150 1552 et
1203 1506 1350 1550 tanto
1399 1493 1610 1548 facilius
1662 1494 1868 1569 insueta

282 1597 647 1667 perciperent,
680 1602 877 1659 quanto
904 1605 967 1644 ea
1015 1604 1108 1659 per
1138 1588 1369 1677 s0nitqm
1412 1595 1689 1640 consueta:
1723 1585 1870 1638 vocis

277 1682 550 1744 audirent.
597 1676 666 1738 At
731 1694 1011 1752 postquam
1072 1696 1167 1748 per
1217 1688 1447 1734 mortem
1498 1678 1552 1733 in
1597 1677 1871 1747 pulverem

279 1777 315 1822 ι
347 1795 474 1834 caro
502 1778 809 1843 resolvitur,
851 1786 905 1829 et
939 1791 1032 1843 per
1062 1774 1510 1829 resutrectioueut
1540 1771 1707 1840 pulvis
1755 1772 1874 1824 ani-

1951 599 2005 645 et
2049 584 2318 658 quamodo
2357 597 2703 654 utrorumque
2751 586 2979 656 Spiritus
3014 584 3247 661 utrique
3288 589 3513 637 cozeter-

1952 697 2052 736 nus
2096 679 2348 751 procedat
2388 680 2640 735 OStendit.
2675 680 2871 745 Aperte
2899 690 3129 746 namque
3171 683 3297 729 tunc
3326 668 3536 727 videbi-

1953 788 2073 827 mus
2098 770 2363 841 quomodo
2393 771 2493 826 ltoc
2526 767 2552 807 ιι
2582 770 2723 840 quod
2752 769 2977 823 oriendo
3002 778 3086 825 est
3113 754 3169 822 ei
3190 764 3256 841 de
3283 777 3391 835 quo
3428 760 3537 841 ori-

1965 876 2052 920 tur
2078 864 2413 933 subsequens
2448 877 2551 917 nou
2581 844 2682 928 est,
2719 861 2993 931 quomodo
3013 860 3055 915 is
3086 846 3179 930 qui
3208 872 3300 928 per
3327 868 3539 927 proces-

1956 959 2165 1014 siouem
2222 938 2538 1025 producitur
2589 969 2617 1006 a
2689 938 3081 1024 proferentibus
3137 946 3242 1005 non
3298 942 3536 1017 praiitur.

1961 1049 2159 1115 Aperte
2207 1054 2331 1099 tunc
2376 1044 2669 1099 videbimus
2703 1028 2971 1111 quomodo
3007 1052 3062 1097 et
3107 1030 3269 1095 unum
3297 1035 3557 1095 divisibig

1966 1141 2090 1198 liter
2133 1124 2232 1193 tria
2282 1137 2410 1203 sint,
2442 1145 2498 1191 et
2544 1124 2933 1209 indivisibiliter
2971 1118 3077 1188 tria
3119 1149 3304 1187 unum.
3339 1130 3538 1198 Lingua

1970 1243 2100 1299 ergo
2130 1240 2255 1282 tunc
2284 1225 2548 1281 narrantis
2574 1224 2670 1279 Dei
2701 1232 2785 1280 est
2810 1224 2922 1278 visa
2952 1216 3164 1278 clatilas
3199 1210 3543 1275 sublevatttis.

1968 1318 2038 1376 Et
2066 1329 2357 1375 concentus
2385 1318 2507 1374 caeli
2535 1316 2550 1355 ί
2588 1327 2711 1371 tunc
2740 1315 2991 1380 dormiet,
3031 1314 3151 1384 quia
3179 1320 3466 1382 appareute
3494 1309 3547 1362 in

1966 1411 2169 1483 judicio
2188 1396 2511 1464 retributore
2535 1424 2780 1480 operum,
2802 1396 3227 1463 exhortati'ouum
3252 1402 3361 1471 jam
3390 1396 3550 1453 verba

1972 1494 2279 1557 ce~sabuut.
2316 1500 2466 1557 Unde
2491 1511 2544 1554 et
2572 1506 2755 1568 aperte
2787 1499 2960 1569 ipsum
2984 1491 3395 1551 resurrectionis
3415 1500 3552 1546 tem-

1974 1586 2074 1665 pus
2112 1593 2437 1663 adiungitur,
2469 1607 2589 1646 cum
2619 1576 2764 1648 illico
2796 1588 3063 1658 profertur
3090 1604 3106 1643 :

2572 1672 2825 1751 (CAPUT
2868 1680 2930 1739 v.

2049 1774 2208 1830 Vens.
2232 1770 2322 1827 58.
2364 1804 2435 1814 —
2466 1771 2684 1853 Quando
2735 1771 3048 1844 fundebatur
3081 1770 3242 1838 pulvis
3268 1768 3322 1821 in
3349 1777 3556 1831 terram,

293 1881 493 1938 matur,
521 1877 644 1923 tunc
664 1869 732 1924 de
756 1868 864 1921 Deo
893 1866 1080 1921 audire
1109 1865 1265 1918 verba
1291 1879 1396 1917 nou
1426 1864 1733 1933 quarrimus,
1751 1859 1873 1931 quia
1905 1863 1954 1926 Β
1980 1880 2025 1925 ει
2047 1856 2204 1942 gleba:
2231 1869 2701 1938 compingebantur.

294 1979 456 2017 unum
490 1962 659 2031 ipsum
718 1956 861 2027 quod
908 1958 1095 2023 implet
1142 1955 1319 2010 omnia
1350 1955 1458 2023 jam
1504 1969 1599 2023 per
1637 1953 1874 2023 speciem

293 2051 388 2109 Dei
419 2053 635 2108 verbum
664 2041 931 2105 videmus.
962 2046 1115 2116 Quod
1156 2045 1313 2100 nobis
1332 2043 1499 2117 964
1539 2053 1687 2099 tanto
1716 2045 1875 2099 altius

289 2156 445 2202 sonat
478 2155 680 2214 quanto
708 2151 763 2197 et
790 2148 1000 2197 mentes
1029 2150 1239 2194 nostras
1267 2149 1291 2180 ε
1321 2142 1373 2195 vi
1406 2140 1606 2193 intim-Je
1648 2130 1879 2193 illustra-

286 2235 451 2290 tionis
472 2241 737 2305 penetrat.
763 2232 1001 2287 Sublatis
1024 2246 1255 2301 namque
1290 2224 1319 2268 ἀ
1365 2229 1517 2284 fertis
1545 2240 1608 2284 er
1626 2227 1880 2283 occiden—

285 2326 431 2381 tibus
454 2326 655 2390 verbis,
690 2332 716 2361 ⁸
749 2322 906 2392 quasi
929 2316 1338 2393 qttitlam'sonus
1359 2328 1575 2374 aeterna:
1618 2310 1887 2389 praedira;

284 2408 457 2471 tionis
484 2415 541 2469 Iit
563 2416 675 2485 ipso
712 2415 888 2484 imago
918 2414 1143 2467 interna:
1176 2411 1418 2466 visionis.
1451 2410 1604 2466 Unde
1632 2418 1689 2464 et
1735 2421 1882 2464 recte

288 2522 441 2565 nunc
469 2507 535 2561 ad
567 2508 779 2560 beatum
810 2500 919 2560 Job.
954 2504 1210 2577 Dominus
1241 2503 1373 2556 diett
1404 2520 1417 2557 :
1453 2503 1580 2570 Quis
1627 2500 1883 2555 enarrabit

284 2600 538 2655 calorum
560 2598 834 2661 rationem,
864 2605 910 2649 et
937 2605 1234 2650 concentum
1256 2590 1369 2649 Caeli
1406 2594 1518 2663 quis
1540 2592 1764 2647 dormire
1796 2595 1883 2649 fa-

192 2764 197 2765 ί
287 2691 428 2746 ciet?
450 2688 584 2756 Quid
614 2685 755 2742 enim
785 2686 1045 2741 caelorum
1078 2686 1212 2741 ratio
1235 2680 1517 2755 accipitur.
1551 2686 1651 2741 nisi
1683 2688 1763 2738 vis
1790 2690 1883 2737 s‘u—

290 2799 462 2858 perna
506 2781 882 2839 secretorum?
929 2780 1065 2851 Quid
1101 2780 1197 2850 per
1240 2782 1366 2839 cmli
1417 2790 1736 2835 concentum
1784 2778 1885 2832 nisi

294 2888 528 2935 concors
560 2873 966 2942 pratdicantium
991 2870 1174 2929 sermo
1200 2872 1481 2943 signatur?
1503 2870 1760 2926 Conditor
1790 2862 1888 2941 tgi-
1934 2872 1945 2886 '

296 2977 390 3022 tur
416 2974 598 3021 noster
625 2979 747 3020 cum
774 2963 1033 3019 calorum
1069 2964 1329 3018 rationem
1359 2962 1579 3017 narrare
1620 2962 1848 3028 emperit
1870 3000 1888 3027 ,

297 3060 542 3116 dormire
567 3059 692 3114 caeli
733 3050 1054 3113 concentum
1099 3055 1245 3121 facit,
1274 3055 1405 3124 quia
1427 3069 1546 3109 cum
1572 3054 1683 3123 jam
1736 3052 1890 3107 nobis

300 3154 660 3225 per‘spcciem
679 3150 999 3217 ostenditur,
1019 3150 1267 3204 uituirutu
1298 3148 1698 3219 prmdicautium
1727 3146 1887 3201 verba

2049 1938 2137 2018 I8.
2178 1948 2584 2016 Resurrectionis
2630 1958 2824 2028 tempus
2853 1974 2886 2011 a
2921 1938 3020 2011 Job
3047 1956 3321 2028 prati-iram
3349 1958 3399 2008 et
3421 1968 3561 2023 prte-

1979 2057 2294 2109 nuntiatum.
2319 2083 2391 2093 —
2430 2044 2575 2107 More
2617 2053 2756 2105 enim
2793 2067 2890 2106 suo
2925 2048 2937 2101 i
2990 2044 3110 2121 qua;
3157 2048 3331 2103 adhuc
3383 2048 3558 2101 futura

1981 2132 2108 2201 sunt
2132 2145 2287 2215 quasi
2318 2144 2425 2212 jam
2476 2122 2750 2210 praeterita
2792 2141 3008 2196 divinus
3054 2126 3231 2203 sermo
3285 2138 3561 2215 describit.

1982 2236 2084 2292 hoc
2114 2214 2165 2290 in
2194 2250 2251 2290 se
2266 2220 2518 2289 videlicet
2542 2248 2765 2289 servans
2787 2234 2927 2302 quad
2959 2228 3053 2303 per
3074 2248 3195 2288 eum
3221 2214 3565 2295 diciturzoui

1984 2329 2101 2400 fecit
2140 2340 2255 2398 quat
2282 2326 2455 2395 futura
2482 2336 2599 2379 sunt
2622 2321 2777 2391 (Isai.
2802 2339 2928 2390 XLV,
2959 2324 3046 2391 II,
3074 2340 3175 2377 sec.
3211 2319 3408 2392 LXX).
3441 2320 3565 2375 Pul-

1985 2417 2067 2470 vis
2098 2416 2280 2486 itaque
2314 2424 2438 2469 tunc
2483 2415 2539 2468 in
2585 2423 2781 2468 terram
2836 2413 3107 2478 fundatur,
3148 2400 3268 2483 quia
3316 2412 3368 2465 in
3399 2410 3567 2465 solida
3658 2462 3665 2465 .

1989 2513 2234 2565 membra
2265 2508 2561 2571 reducitur.
2590 2507 2651 2562 Et
2680 2507 2847 2577 gleba:
2870 2509 3303 2576 compinguntur,
3334 2503 3455 2573 quia
3489 2504 3562 2555 ni-

1989 2602 2180 2653 mirum
2202 2599 2350 2652 firma
2375 2614 2602 2669 corpora
2626 2600 2689 2651 ex
2724 2598 2943 2666 pulvere
2965 2590 3191 2651 collecta
3222 2600 3566 2656 consurgunt.

1991 2689 2103 2746 Sed
2153 2699 2434 2759 postquam
2465 2690 2625 2743 verba
2658 2687 2773 2744 lucc
2798 2686 3065 2742 dominica
3095 2684 3363 2756 quomodo
3393 2683 3461 2738 de
3490 2680 3568 2736 fu-

1969 2789 2112 2859 .llll‘o
2142 2781 2483 2849 intelligenda
2514 2780 2624 2835 sint
2667 2778 2935 2845 diximus,
2979 2792 3120 2833 nunc
3161 2778 3323 2845 etiam
3350 2775 3475 2845 quid
3504 2775 3570 2828 de

1992 2875 2241 2945 praesenti
2272 2874 2543 2929 insinuent
2569 2872 2888 2928 iudicemus.

2065 2964 2211 3043 [νει.
2238 2964 2366 3049 IXI.]
2398 2967 2486 3021 l9.
2524 2966 2771 3037 Reprobis
2796 2964 3181 3019 abscondantur
3219 2960 3461 3026 caelestia,
3490 2962 3574 3015 re-

1993 3060 2229 3115 velantur
2255 3062 2445 3114 electis.
2474 3090 2544 3101 —
2576 3060 2702 3127 Quis
2725 3058 2982 3114 enarrabit
3018 3057 3262 3112 calorum
3305 3057 3573 3121 rationem,

1997 3161 2045 3205 et
2085 3148 2387 3207 concentum
2414 3146 2533 3206 creti
2550 3153 2661 3221 quis
2692 3144 2916 3204 dormire
2948 3142 3098 3219 fbciet
3119 3149 3145 3202 7
3180 3142 3449 3204 Ctelorum
3480 3163 3577 3202 ra-

296 3245 711 3303 subtrdmntur.
745 3245 877 3300 llinc
899 3245 1041 3299 enim
1069 3259 1164 3312 per
1191 3243 1497 3311 Jerctniatn’
1524 3241 1777 3296 Dominus
1806 3239 1889 3294 di-
1921 3226 1968 3306 ά
2002 3246 2200 3301 lienem
2234 3245 2491 3300 Dominus
2520 3253 2721 3309 narrat,
2754 3244 2880 3298 dum
2936 3258 3076 3297 nunc
3118 3242 3443 3298 insinuando
3487 3255 3580 3295 su-

300 3340 381 3394 cit
410 3357 423 3393 :
459 3337 578 3393 Non
607 3336 802 3392 docebit
832 3338 964 3390 ultra
987 3337 1063 3390 vir
1088 3337 1373 3408 proximum
1403 3351 1574 3400 suum,
1600 3343 1648 3388 et
1682 3339 1894 3403 fratrem

304 3448 479 3496 suum,
506 3431 678 3485 dicens
706 3444 726 3484 .'
755 3427 1012 3497 Cognosce
1065 3428 1362 3483 Dominum.
1398 3426 1584 3480 Omnes
1630 3426 1766 3479 enim
1810 3440 1898 3479 co-

305 3530 552 3594 gnoscent
582 3526 719 3575 mea
764 3521 975 3572 minimo
1028 3534 1205 3572 eorum
1255 3534 1413 3587 usque
1465 3517 1535 3571 ad
1584 3516 1896 3579 maximum,

308 3614 438 3668 dicit
464 3612 713 3665 Dominus
732 3608 945 3680 (larem.
965 3607 1242 3681 sunt“).
1267 3609 1401 3663 Ilinc
1426 3608 1621 3663 Paulus
1647 3609 1721 3661 ait
1746 3623 1761 3663 :
1782 3606 1901 3661 Sive

308 3703 592 3775 prophetia:
619 3706 1021 3765 evacuabuntur,
1070 3701 1172 3755 sive
1225 3701 1417 3770 lingua?
1453 3700 1751 3761 cessabunt,
1798 3700 1904 3753 sive

310 3796 524 3851 scientia
570 3795 858 3848 destruetur
905 3790 955 3863 (1
991 3791 1111 3847 Cor.
1145 3806 1260 3858 xm,
1296 3788 1376 3860 8).
1410 3788 1558 3862 [νει.
1584 3786 1780 3863 VIII
1806 3788 1902 3847 Vel

310 3899 465 3943 certe
488 3887 752 3943 crciorth
794 3886 930 3942 ratio
957 3894 1041 3941 est
1065 3886 1180 3955 ipsa
1222 3885 1535 3939 vivilicatrix
1564 3886 1753 3948 virtus,
1788 3901 1906 3956 qua!

311 3978 536 4047 spiritus
555 3966 750 4033 format
782 3975 1279 4047 angelorum.Deus
1307 3974 1448 4029 enim
1481 3975 1619 4029 sicut
1646 3985 1725 4029 est
1746 3970 1908 4030 causa

312 4076 624 4134 Causarum,
648 4070 787 4125 sicut
817 4070 926 4123 vita
957 4068 1270 4133 viventium,
1297 4066 1364 4120 ita
1389 4065 1548 4122 etiam
1580 4067 1716 4120 ratio
1739 4066 1909 4121 ratio-

313 4162 575 4215 nabilium
600 4168 997 4215 ereaturarum.
1023 4158 1174 4212 Tunc
1201 4171 1329 4228 ergo
1357 4150 1615 4211 éaélorum
1647 4154 1908 4211 rationem

316 4254 581 4309 Dominus
626 4262 827 4312 narrat.
875 4267 997 4307 cum
1030 4251 1378 4319 semetipsum
1433 4250 1589 4304 nobis
1640 4251 1911 4320 quomodo

318 4346 511 4401 electis
542 4346 820 4415 spiritibus
847 4345 1033 4414 przcsit
1056 4343 1316 4397 insinuat.
1356 4341 1504 4396 'I‘uuc
1533 4342 1793 4397 caelorum
1822 4358 1899 4396 ra-

322 4438 523 4493 tionem
550 4447 753 4503 narrat,
797 4436 941 4501 cum,
974 4435 1187 4490 detersa
1217 4434 1409 4489 mentis
1441 4444 1637 4487 nostrm
1664 4428 1911 4504 ealigine,

322 4533 468 4589 clara
512 4546 570 4586 se
614 4531 821 4585 visiooe
872 4525 1201 4582 manifestat.
1255 4525 1409 4582 Unde
1453 4534 1508 4580 et
1538 4525 1590 4578 in
1621 4524 1914 4596 Evangelia

1998 3336 2162 3406 perna
2184 3336 2347 3409 965
2374 3340 2576 3391 secreta
2600 3337 2891 3391 eleCtorum
2917 3350 3135 3389 suorum
3167 3344 3376 3389 mentes
3398 3332 3581 3387 illumi-

1998 3438 2108 3483 nat.
2127 3428 2457 3483 Couceutum
2482 3444 2609 3483 vero
2630 3428 2753 3483 creti
2775 3427 3006 3482 darmire
3030 3427 3177 3493 facit,
3197 3428 3323 3483 dum
3361 3441 3585 3483 concor-

2004 3522 2099 3578 des
2126 3524 2437 3593 angelorum
2471 3514 2703 3595 bymnos'
2727 3532 2896 3592 atque
2944 3522 3033 3575 illa
3072 3519 3370 3577 ccelestium
3406 3521 3587 3575 virtu-

2004 3624 2115 3670 tum
2161 3615 2349 3685 gaudia
2378 3617 2729 3687 reproborum
2760 3615 3010 3669 cordibus
3035 3614 3182 3683 justo
3219 3613 3423 3684 judicio
3460 3612 3589 3667 abs-

2003 3706 2202 3762 condit.
2231 3705 2329 3772 Qui
2361 3714 2654 3762 concentus
2683 3706 2808 3762 cmli
2829 3748 2844 3772 ,
2891 3705 3138 3777 quamvis
3167 3705 3219 3758 iu
3250 3719 3310 3759 se
3338 3704 3590 3759 intrinse-

1952 3836 1956 3841 -
2006 3815 2101 3855 cus
2136 3799 2343 3869 vigilet,
2393 3790 2459 3853 in‘
2497 3802 2608 3868 ipsa
2653 3807 2832 3853 tamen
2882 3790 3233 3869 reproboruut
3292 3795 3615 3868 ignorantia

2009 3892 2347 3946 extrinsecus
2377 3889 2599 3946 dormit.
2648 3890 2939 3944 Enarratur
2968 3903 3096 3957 ergo
3133 3888 3326 3943 secreti
3356 3885 3594 3942 ctrlestis

2011 3983 2173 4047 ratio,
2203 3991 2257 4036 et
2281 3991 2457 4037 tamen
2499 3992 2788 4037 concentus
2825 3981 2948 4038 εωιί
2969 3980 3206 4036 dormire
3244 3978 3594 4050 permittitur,

2012 4074 2132 4144 quia
2158 4086 2209 4129 et
2239 4070 2359 4128 a'liis
2386 4089 2483 4143 per
2507 4064 2910 4143 ins‘piratimiem
2940 4087 3193 4142 superna:
3222 4069 3595 4127 retributionis

2013 4169 2235 4225 scientia
2288 4166 2558 4239 panditur,
2600 4177 2655 4221 et
2701 4167 2818 4222 aliis
2855 4182 2974 4237 qua:
3021 4166 3092 4220 sit
3144 4166 3372 4221 interna:
3423 4162 3596 4219 laudis

2016 4261 2251 4316 suavitas
2280 4261 2601 4315 occultatur.

2083 4352 2173 4408 20.
2213 4350 2449 4406 Visibilia
2478 4350 2717 4420 reprobos
2748 4336 2831 4403 hic
2846 4352 3114 4403 morantur
3138 4392 3153 4415 ,
3178 4355 3381 4400 sanctos
3427 4352 3599 4399 autent

2016 4443 2084 4495 ad
2130 4434 2343 4496 meliora
2385 4442 2716 4513 compellunt.
2746 4469 2819 4482 —
2861 4439 3116 4493 Narratur
3146 4436 3400 4491 cmlorum
3440 4434 3600 4501 ratio,
3672 4504 3675 4505 ν

2017 4533 2137 4606 quia
2170 4534 2464 4588 electorum
2510 4533 2780 4587 mentibus
2808 4546 2927 4601 qua:
2970 4532 3039 4585 sit
3068 4541 3416 4597 supernorum
3446 4526 3602 4581 retri-

325 4626 581 4680 nominus
609 4624 741 4678 dicit
771 4640 783 4677 :
820 4620 972 4675 Venit
991 4614 1121 4673 liora
1150 4635 1264 4673 cum
1294 4619 1409 4689 jnm
1438 4635 1540 4672 non
1573 4613 1596 4656 ί
1627 4616 1680 4671 ἴη
1713 4634 1916 4686 provcr-
1941 4612 1992 4673 Ι)
2020 4625 2166 4679 butio
2214 4623 2582 4678 indesinenter
2624 4622 2862 4690 aperitur
2887 4662 2901 4686 ,
2922 4618 2991 4673 ‘ut
3050 4616 3298 4673 nituit-um
3338 4612 3455 4672 sine
3481 4630 3603 4672 ces-

326 4717 423 4772 biis
454 4716 638 4785 (canar
664 4715 822 4777 vobis,
852 4713 941 4767 sed
962 4712 1136 4784 palam
1164 4711 1228 4764 de
1255 4708 1412 4763 Patre
1441 4700 1756 4763 au‘nuntinbo
1779 4709 1915 4764 vobis

328 4809 507 4877 (Joan.
538 4823 649 4875 xvi,
674 4805 788 4877 25).
828 4805 1004 4859 Palam
1052 4803 1249 4872 quippe
1275 4804 1340 4858 de
1394 4803 1549 4857 Patre
1590 4803 1918 4877 annuntiare

260 4902 281 4973 ᾖ
327 4918 389 4960 se
420 4903 634 4965 asserit,
662 4876 785 4971 quia
829 4914 925 4970 per
952 4895 1267 4968 patefactam
1310 4906 1434 4951 tunc
1464 4876 1761 4963 maiestatis
1805 4909 1918 4952 sua:

403 5024 429 5052 ι
469 5014 586 5071 \‘a‘.
616 5014 699 5069 Cl.
723 5055 738 5079 ,
778 5012 941 5070 Corb.
980 5012 1165 5069 Germ.
1191 5054 1207 5078 ,
1246 5026 1309 5065 ac
1348 5020 1457 5065 vet.
1502 5009 1602 5064 Ed.
1627 5010 1800 5065 Paris.
1825 5027 1917 5070 an.

331 5085 504 5148 1518.
535 5097 588 5142 et
632 5085 871 5141 Bartltol.
900 5100 988 5139 an.
1030 5080 1198 5147 1494,
1240 5080 1528 5144 enarravit,
1573 5090 1626 5134 et
1676 5081 1749 5135 ita
1780 5088 1921 5138 sem-

329 5170 431 5229 per
457 5157 617 5211 infra.

402 5225 430 5266 δ
456 5227 623 5282 Laud.
654 5236 709 5281 et
730 5224 847 5280 Val.
867 5222 976 5289 Cl.,
1014 5238 1135 5277 caro
1170 5225 1459 5276 revertitur.

407 5308 430 5337 ο
463 5297 711 5366 Plerique
755 5298 881 5351 Mss.
912 5297 987 5348 vis
1007 5333 1022 5347 .
1040 5332 1055 5347 .
1075 5332 1090 5348 .
1113 5334 1127 5347 .
1148 5332 1184 5366 ,Α
1202 5301 1451 5366 penetrat.
1490 5290 1651 5346 Corb.
1693 5292 1874 5348 Germ.
1899 5335 1916 5361 ,

282 5382 295 5397 “
329 5379 524 5441 quanto
562 5362 749 5423 mentes
788 5376 990 5423 nostras
1026 5380 1123 5418 sua
1168 5362 1349 5417 intima
1390 5362 1733 5418 illustratione
1768 5381 1922 5434 pene-

336 5449 462 5496 trat.

405 5506 432 5546 ἀ
461 5511 536 5564 Ita
570 5508 765 5563 Pratel.
790 5508 987 5578 aliique
1024 5504 1232 5566 Norm’.,
1259 5503 1490 5578 Torum,
1532 5503 1724 5578 Laud.,
1756 5504 1922 5578 Corb.

335 5578 520 5637 Germ.
552 5588 608 5635 et
643 5579 755 5635 Val.
785 5573 915 5644 CL;
953 5591 1155 5631 necnon
1197 5584 1305 5629 vet.
1342 5573 1512 5636 Editi,
1552 5593 1579 5627 a
1615 5575 1808 5642 quibus
1833 5573 1929 5631 de-

333 5651 575 5777 ﬁti’ieutes
617 5662 943 5707 recenttorcs
992 5648 1224 5712 habent,
1280 5644 1555 5725 orientibus
1592 5655 1641 5700 ct
1680 5646 1918 5700 occiden-

343 5732 382 5777 ti
422 5739 499 5777 us.

343 5732 499 5778 tibus.

413 5803 437 5861 ἐ
468 5793 688 5850 Vindoc.
721 5803 774 5845 et
805 5794 874 5861 pl.
906 5789 1113 5857 Nurm.,
1142 5787 1295 5859 quasi
1327 5786 1538 5861 quidam
1566 5788 1708 5844 nobis
1738 5786 1918 5844 sonus.

414 5860 437 5901 ί
471 5865 636 5922 Laud.
662 5874 717 5922 et
735 5858 898 5921 Corb.
921 5862 1128 5927 Gerut.,
1153 5858 1204 5913 in
1222 5858 1505 5925 parabolis.

2023 4714 2231 4767 satione
2262 4711 2562 4780 proﬁciant,
2591 4721 2646 4765 et
2676 4719 3104 4764 transcurrentes
3133 4706 3362 4764 visibilia
3392 4722 3511 4765 sese
3538 4708 3605 4763 ad

2025 4804 2309 4861 invisibilia
2351 4804 2665 4864 extendant.
2715 4803 2884 4861 Omne
2936 4801 3079 4861 enim
3133 4798 3341 4862 visibile
3379 4801 3606 4878 quodin

2028 4900 2129 4955 hac
2172 4902 2277 4954 vita
2306 4892 2563 4970 rcp'rObos
2614 4899 2745 4971 ligit,
2779 4902 2882 4954 hoc
2905 4882 3108 4955 electos
3133 4896 3160 4938 ¹ι
3191 4900 3257 4953 ad
3286 4899 3391 4953 alia
3421 4897 3608 4966 impel-

2100 5013 2239 5069 BSic
2278 5012 2527 5074 Vindoc.,
2571 5011 2761 5075 Laud.,
2801 5011 2915 5066 Val.
2956 5009 3077 5080 C|.,
3129 5010 3374 5074 Ebroic.,
3416 5008 3609 5080 aliique

2029 5084 2210 5153 Norm.
2249 5083 2347 5140 Ubi
2389 5084 2698 5149 EditiLCum
2751 5074 3162 5153 Cnrb.iGer'm.,
3211 5082 3322 5153 ipse
3364 5074 3605 5153 genitori.

2098 5152 2127 5192 ιι
2156 5155 2380 5212 ιὶεοεεηῐ.
2444 5146 2583 5209 Edtti
2631 5164 2884 5221 corrupte
2922 5152 3120 5207 habent
3150 5146 3307 5220 quod
3345 5146 3611 5221 o'rienduns

2028 5234 2126 5281 est.
2167 5226 2355 5281 Melius
2402 5236 2509 5281 vet.
2554 5224 2654 5278 Ed.
2686 5218 2851 5279 Paris.
2904 5233 2960 5277 et
3006 5218 3204 5279 Basil..
3231 5221 3368 5288 quod
3398 5218 3612 5288 oriende

2030 5308 2123 5360 est,
2168 5307 2225 5350 ut
2264 5307 2347 5350 est
2384 5298 2439 5350 in
2478 5295 2604 5351 Mss.
2638 5292 2847 5357 Norm.,
2901 5291 3094 5356 Laud.,
3138 5286 3256 5347 Val.
3298 5289 3405 5353 Cl.,
3449 5286 3611 5343 Corb.

2033 5366 2240 5438 Germ.,
2270 5376 2402 5433 etc.,
2442 5369 2634 5438 quibus
2659 5366 3018 5438 ajlltmremus.

2111 5437 2123 5475 ί
2160 5437 2373 5493 Ebruic.
2391 5430 2636 5492 tet-Corb.
2664 5434 2871 5498 Germ,
2901 5444 3020 5486 tunc
3048 5430 3327 5485 dormiunt.

2105 5509 2120 5559 l
2161 5509 2537 5577 Vindoc.,qu¢e
2555 5507 2727 5559 adhuc
2748 5515 3023 5577 ventura.“
3122 5548 3133 5555 ..

2050 5632 2057 5637 .
2104 5577 2132 5617 ιι
2160 5580 2384 5642 Pratel.,
2424 5570 2563 5632 Ut'tc.
2612 5587 2665 5630 et
2708 5575 2819 5637 alii,
2858 5575 2926 5627 ad
2951 5573 3131 5635 aliam,
3178 5571 3383 5626 scilicet
3427 5570 3613 5626 vitam.

2031 5648 2193 5706 Corb.
2218 5650 2426 5712 Gertn.,
2455 5661 2603 5700 omne
2625 5663 2783 5700 en....
2801 5643 3032 5715 reprobis
3048 5645 3165 5710 fecit
3193 5643 3343 5711 (etin
3375 5644 3618 5715 margine

2034 5723 2186 5797 quasi
2215 5720 2430 5774 diversa
2457 5716 2636 5783 lectio,
2674 5712 2915 5785 reprobus
2941 5712 3222 5785 reﬁcit)....
3250 5714 3319 5769 ad
3341 5712 3508 5768 aliain
3521 5715 3619 5768 inv-
3706 5740 3709 5743 -

2035 5792 2201 5863 petiit.
