4004 6350
487 304 586 364 ζῦὄ

1717 303 1797 360 SA
1807 301 1962 358 NCTl
2001 298 2328 358 GREGORI!
2362 303 2572 360 MAGNI
3632 308 3733 361 536

485 423 558 486 lit,
592 421 714 489 quia
743 419 868 473 dum
894 418 1027 473 bona
1050 432 1169 487 quae
1195 416 1335 473 facta
1357 425 1479 474 sunt
1505 419 1820 488 respiciunt,
1849 422 1900 474 in
1931 436 2049 475 eum
2079 421 2134 482 Α
2157 419 2402 475 charitate
2426 421 2846 492 compinguntur.
2888 448 2956 462 —
2987 421 3117 490 Quis
3156 423 3207 476 in
3240 422 3456 487 pulvere
3486 422 3588 478 nisi
3617 438 3738 493 pec-

482 529 510 567 a
565 528 670 582 quo
719 511 852 566 facta
892 519 1016 565 sunt
1050 510 1428 574 inardescunt;
1460 519 1714 581 tantoque
1755 527 1879 568 eum
1920 529 2057 583 pra:-

481 599 709 659 stantius
737 612 938 666 amant,
982 611 1182 672 quanto
1221 601 1371 656 illum
1400 601 1504 657 hoc
1524 603 1664 671 quod
1696 603 1810 672 ipse
1857 607 2054 660 bonum

480 694 715 752 condidit
765 693 958 762 prmire
1004 693 1373 748 considerant.
1424 693 1678 763 Loquitur
1729 695 1925 764 quippe
1956 696 2058 752 hoc

480 785 560 842 eis
609 785 927 840 intrinsecus
968 793 994 821 λ
1037 784 1259 839 silenler
1315 799 1510 839 sonans
1557 786 1834 844 invisibilis
1878 788 2056 859 lingua

480 877 921 948 eou'ipunctionis.
953 877 1121 945 Quam
1168 887 1314 933 tanto
1344 878 1371 917 δ
1403 879 1611 948 plenius
1643 879 1784 935 intus
1812 880 2054 948 audiunt,

479 985 679 1046 quanto
707 977 773 1030 ab
802 976 1135 1030 exteriorum
1169 974 1555 1030 desideriorum
1586 978 1811 1044 strepitu
1845 977 2053 1046 perfec-

479 1067 580 1120 tius
611 1075 942 1120 avertuntur.
987 1064 1080 1120 His
1119 1066 1296 1136 itaque
1325 1078 1616 1121 concentus
1644 1069 1764 1123 coeli
1797 1084 1900 1124 noli
1932 1071 2055 1124 dor-

476 1159 591 1224 mit,
621 1158 738 1228 quia
770 1173 952 1212 eorum
984 1174 1133 1212 mens
1162 1174 1280 1228 qua:
1310 1161 1378 1213 sit
1406 1160 1576 1216 laudis
1605 1175 1850 1229 supernae
1874 1166 2054 1218 suavi-

477 1258 577 1312 tas,
602 1251 836 1320 apposita
861 1251 1058 1305 amoris
1078 1266 1226 1318 aure,
1253 1253 1550 1323 cognoscit.
1575 1252 1721 1307 Intus
1743 1256 1882 1309 enim
1911 1257 2051 1326 quod

473 1350 727 1408 appetunt
755 1341 995 1405 audiunt,
1023 1350 1076 1395 et
1103 1343 1170 1395 de
1195 1344 1496 1397 caelestium
1528 1344 1786 1399 bonorum
1822 1347 2054 1413 praemiis

472 1431 590 1499 ipso
619 1434 887 1488 desiderio
919 1433 1222 1489 Divinitatis
1251 1436 1603 1492 instruuntur.
1659 1438 1806 1529 ljnde
1833 1448 1885 1494 et
1913 1455 2050 1509 prte-

475 1533 682 1578 sentem
713 1526 873 1579 vitam
904 1541 1007 1579 non
1041 1527 1212 1581 solum
1242 1529 1637 1598 adveréantem,
1667 1526 1759 1586 sed
1788 1533 1945 1586 etiam
1978 1535 2052 1588 fa-

471 1623 685 1670 ventem
713 1618 945 1683 graviter
976 1619 1222 1684 tolerant,
1256 1620 1378 1688 quia
1400 1621 1479 1674 eis
1508 1635 1795 1676 onerosum
1824 1633 1906 1679 est
1935 1638 2053 1678 om-

471 1725 538 1764 ne
576 1710 715 1780 quod
766 1712 1024 1777 cernitur,
1070 1711 1196 1767 dum
1243 1713 1310 1766 ab
1349 1728 1416 1769 eo
1445 1714 1587 1783 quod
1642 1716 1782 1770 intus
1833 1717 2052 1771 audiunt

2160 518 2367 566 catores
2421 513 2728 581 accipimus,
2769 514 2855 578 qui
2894 511 3037 566 nullo
3092 512 3309 567 rationis
3362 514 3597 583 pondere
3651 529 3737 568 so-

2158 599 2302 654 lidati
2325 601 2610 671 cujuslibet
2626 603 2933 658 tentationis
2957 605 3081 657 natu
3107 604 3424 674 rapiuntur?
3448 603 3525 659 De
3546 604 3735 672 quibus

2157 694 2410 761 scriptum
2433 702 2541 748 est:
2577 695 2696 748 Non
2718 695 2790 750 sic
2814 696 2958 766 impii
2981 712 3080 749 non
3108 698 3202 762 sic,
3233 696 3325 749 sed
3350 705 3592 766 tanquam
3624 699 3736 769 pul-

2156 787 2230 840 vis
2284 803 2430 850 quem
2485 787 2688 861 projicit
2731 797 2904 841 ventus
2932 806 2964 841 α
3011 789 3140 859 facie
3173 799 3321 842 terra
3368 788 3540 859 (Ptol.
3569 804 3606 853 t,
3657 791 3734 856 5).

2159 874 2337 931 Pulvis
2367 891 2492 946 ergo
2540 877 2591 931 in
2625 887 2819 932 terram
2850 878 3100 934 fundatus
3139 889 3244 948 est,
3276 894 3396 934 cum
3430 889 3739 950 peccatores
3767 929 3770 932 .

2158 967 2328 1022 vocati
2355 967 2407 1022 in
2439 969 2674 1024 Ecclesia
2713 969 2920 1024 tradita:
2961 969 3085 1025 ﬁdei
3114 980 3238 1025 sunt
3268 971 3471 1026 ratione
3502 969 3737 1032 solidati,

2160 1056 2187 1096 ἀ
2217 1069 2276 1114 ιιι
2303 1061 2392 1131 qui
2434 1063 2582 1130 prius
2611 1061 2964 1117 inconstantia
3011 1063 3234 1124 mobiles
3278 1063 3582 1117 tentationis
3609 1076 3738 1116 aura

2158 1151 2488 1221 levabantur,
2513 1155 2814 1210 immobiles
2840 1155 3178 1225 postmodum
3200 1165 3382 1210 contra
3413 1164 3738 1209 tcntamenta

2157 1244 2535 1311 consisterent,
2565 1255 2620 1300 et
2646 1246 2755 1300 Deo
2772 1256 3179 1317 perseveranter
3201 1247 3543 1311 inhaerentes,
3575 1247 3737 1300 fixum

2158 1333 2294 1388 bene
2317 1334 2528 1389 vivendi
2560 1337 2762 1404 pondus
2793 1344 3059 1391 tenerent.
3089 1334 3268 1390 Glebae
3297 1350 3425 1389 vero
3449 1352 3511 1390 ex
3549 1337 3736 1389 humo-

2156 1439 2216 1479 re
2244 1426 2588 1494 coagulantur
2613 1439 2666 1481 et
2695 1428 2929 1496 pulvere.
2960 1429 3014 1481 lu
3043 1428 3142 1482 hac
3174 1428 3349 1496 itaque
3380 1441 3516 1482 terra
3550 1429 3724 1500 glebre

2161 1525 2185 1553 °
2217 1531 2507 1587 compacta:
2538 1530 2682 1585 sunt,
2714 1522 2834 1590 quia
2864 1523 3034 1576 vocati
3067 1532 3375 1592 peccatores
3411 1533 3463 1576 et
3495 1539 3589 1590 per
3619 1523 3735 1592 Spi«

2158 1607 2289 1665 ritus
2319 1614 2489 1668 sancti
2520 1615 2744 1682 gratiam
2776 1614 2934 1669 infusi
2970 1617 3019 1668 In
3067 1615 3381 1670 collectione
3410 1628 3533 1672 sunt
3565 1618 3735 1672 chari-

2157 1701 2280 1753 tatis
2304 1703 2460 1758 uniti.
2491 1703 2611 1759 Istae
2639 1706 2807 1774 gleba:
2830 1707 2881 1759 in
2907 1717 3044 1760 terra
3068 1715 3359 1775 compacta:
3387 1717 3536 1770 sunt,
3570 1725 3735 1777 quau-

469 1801 803 1855 tlitl'eruntur.
838 1803 1007 1857 Omne
1051 1804 1187 1871 quod
1222 1803 1322 1858 sibi
1354 1816 1548 1875 praesto
1579 1815 1660 1859 est
1703 1821 1862 1875 grave
1909 1808 2036 1861 cesti-

2156 1791 2226 1846 do
2254 1797 2428 1864 p0puli
2459 1796 2547 1866 qui
2580 1799 2724 1866 prius
2771 1798 2918 1868 quasi
2951 1797 3002 1852 in
3031 1799 3367 1867 dispersione
3394 1799 3627 1868 pulveris
3657 1801 3736 1855 di-

465 1904 633 1957 inant,
665 1893 787 1961 quia
832 1893 960 1947 illud
1007 1908 1110 1948 non
1141 1903 1222 1949 est
1251 1895 1314 1949 ad
1365 1895 1502 1965 quod
1537 1896 1819 1963 anhelant;
1855 1897 2050 1952 indesi-

462 1994 656 2040 nenter
695 1995 874 2041 autem
904 2001 1087 2040 eorum
1118 2002 1270 2041 mens
1297 1989 1426 2057 ipsis
1459 1990 1864 2059 temporalitatis
1897 1992 2047 2045 labo-

461 2080 609 2136 ribus
641 2064 778 2135 fessa
807 2081 860 2135 in
896 2081 1025 2135 illud
1052 2081 1272 2136 cmleste
1297 2082 1549 2152 gaudium
1593 2085 1908 2139 resumenda
1931 2100 2048 2140 sus-

466 2174 737 2246 penditur,
792 2173 957 2240 dum,
1012 2176 1066 2228 in
1121 2190 1251 2230 aure
1306 2177 1486 2232 cordis
1542 2179 1680 2232 intro
1733 2190 2047 2249 erumpente

459 2275 721 2318 concentu
769 2266 916 2333 caeli,
947 2268 1260 2323 societatem
1293 2270 1392 2324 sibi
1426 2271 1662 2338 quotidie
1693 2285 2044 2342 supernorum

462 2356 656 2410 civium
707 2359 1099 2425 prmstolantur.
1132 2361 1236 2415 lste
1279 2372 1570 2417 concentus
1599 2379 1845 2436 supernae
1875 2368 2044 2422 laudis

457 2459 481 2486 ο
512 2449 565 2503 in
598 2449 737 2503 illius
786 2466 914 2506 aure
945 2463 1213 2520 eruperat,
1245 2457 1336 2523 qui
1377 2455 1583 2510 dicebat
1623 2475 1636 2509 :
1687 2455 1963 2528 Ingrediar
1989 2464 2042 2514 in

457 2541 623 2594 locum
653 2544 967 2596 tabernaculi
991 2546 1505 2618 admirabilis,usque
1527 2549 1594 2600 ad
1625 2549 1842 2604 domum
1865 2551 1961 2605 Dei
1992 2554 2044 2607 in

455 2649 570 2686 voce
595 2634 947 2688 exsultationis
989 2646 1034 2690 et
1070 2637 1425 2705 confessionis,
1461 2656 1616 2694 sonus
1657 2642 1873 2696 civitatis
1919 2660 2044 2712 epu-

454 2727 605 2780 lantis
639 2726 808 2791 (Psal.
840 2744 950 2794 xu,
983 2729 1060 2799 5).
1094 2730 1192 2798 Qui
1224 2730 1383 2800 igitur
1416 2732 1554 2786 intus
1588 2748 1773 2788 vocem
1804 2737 2040 2791 exsulta-

454 2820 612 2874 tiouis
641 2832 694 2874 et
738 2821 1091 2877 confessionis
1141 2839 1204 2878 ac
1242 2837 1431 2879 sonum
1488 2825 1722 2880 civitatis
1776 2828 2040 2894 epulantis

453 2912 685 2966 audierat
710 2955 724 2979 ,
761 2913 886 2983 quid
937 2914 1084 2968 illum
1116 2916 1259 2970 aliud
1285 2917 1388 2970 nisi
1417 2918 1542 2971 cadi
1572 2932 1865 2975 concentus
1894 2923 2040 2976 exci-

452 3002 641 3055 tabat?

517 3096 604 3150 21.
642 3095 924 3152 Concentus
969 3099 1214 3153 caelorum
1243 3116 1276 3152 a
1322 3101 1494 3170 pravis
1538 3117 1640 3156 non
1687 3103 1917 3157 auditur.
1969 3132 2040 3142 —

2156 1902 2313 1942 versa
2345 1889 2668 1954 sentiebant,
2713 1889 3076 1957 postmodum,
3107 1892 3274 1945 sancti
3309 1891 3540 1961 Spiritus
3568 1893 3735 1962 gratia

2151 1981 2389 2050 accepta,
2425 1983 2474 2035 in
2525 1982 2615 2037 illa
2660 1983 2994 2051 pacatissima
3023 1984 3386 2038 unaniniitatis
3438 1985 3732 2038 cuneordia

2151 2081 2536 2135 convenerunt,
2579 2082 2635 2125 ut
2677 2088 2798 2126 cum
2829 2085 3011 2128 essent
3043 2075 3138 2128 tria
3168 2075 3356 2140 millia,
3390 2076 3474 2130 vel
3521 2090 3734 2130 rursum

2149 2163 2382 2232 quinque
2436 2164 2620 2233 millia,
2677 2162 2947 2231 Scriptura
2999 2174 3246 2230 testante,
3282 2167 3553 2222 diceretur
3614 2167 3734 2236 quia

2149 2265 2255 2309 erat
2285 2258 2335 2308 in
2374 2257 2444 2310 eis
2475 2273 2562 2309 cor
2589 2273 2749 2310 unum
2779 2266 2826 2312 et
2852 2259 3021 2312 anima
3048 2276 3152 2314 una
3193 2260 3332 2331 (Act.
3367 2275 3442 2326 tv,
3487 2259 3603 2329 '52).
3634 2262 3735 2315 llas

2147 2346 2332 2416 glebas
2385 2364 2450 2402 ex
2494 2363 2599 2402 uno
2643 2349 2854 2417 quidem
2895 2350 3138 2419 pulvere,
3188 2353 3279 2405 sed
3310 2352 3460 2422 quasi
3516 2350 3734 2407 diversa

2149 2441 2294 2496 mole
2317 2441 2597 2497 di5iinctas
2624 2444 2862 2514 quotidie
2888 2446 3142 2500 Dominus
3166 2447 3218 2500 in
3245 2456 3384 2502 terra
3415 2449 3733 2519 compingit,

2146 2534 2292 2601 quia,
2342 2544 2550 2589 servata
2603 2537 2805 2590 unitate
2846 2539 3205 2605 sacramenti,
3237 2540 3388 2609 juxta
3419 2545 3731 2596 varietatem

2147 2641 2357 2681 morum
2391 2642 2550 2697 atque
2587 2629 2882 2699 linguarum
2911 2631 3093 2688 fideles
3135 2634 3186 2687 in
3225 2633 3467 2688 Ecclesia
3513 2636 3729 2703 p0pulos

2144 2720 2362 2790 colligit.
2411 2721 2517 2776 llas
2568 2723 2749 2790 glebas
2789 2724 2898 2792 jam
2949 2733 3076 2779 tunc
3120 2725 3376 2781 Dominus
3407 2726 3720 2798 designavit,

2141 2814 2356 2880 quando
2381 2812 2447 2868 ad
2477 2828 2629 2868 esum
2663 2816 2813 2883 panis
2851 2825 2906 2871 et
2936 2817 3158 2884 piscium
3187 2817 3582 2889 quinquagenos
3610 2819 3715 2873 dis-

2141 2905 2394 2960 cumbere
2414 2905 2497 2959 vel
2527 2914 2782 2961 centenos
2803 2906 2962 2974 jussit
2984 2906 3198 2973 (Matth.
3223 2923 3334 2974 xiv,
3367 2907 3453 2972 t9,
3493 2908 3603 2977 20).

2209 2995 2298 3050 23.
2331 2993 2400 3054 In
2425 2995 2657 3051 Ecclesia
2676 2998 2861 3051 diversi
2885 3007 3001 3053 sunt
3032 3000 3255 3052 ordines.
3279 3027 3342 3038 —-—
3377 3000 3521 3067 Quas
3550 3010 3728 3055 tamen

2138 3086 2320 3156 glebas
2346 3088 2391 3142 si
2422 3088 2473 3142 in
2504 3089 2741 3145 Ecclesia
2773 3105 2839 3145 ex
2866 3090 3177 3147 diversitate
3213 3093 3527 3148 meritorum
3559 3104 3736 3150 atten-

450 3185 547 3254 Qui
591 3198 766 3241 tamen
814 3199 1107 3244 concentus
1154 3191 1396 3259 reprobis
1425 3192 1644 3257 dormit,
1697 3196 1820 3262 quia
1850 3209 2032 3249 eorum
2061 3189 2107 3252 (ζ
2141 3175 2335 3242 dimus,
2367 3177 2596 3233 fortasse
2616 3181 2792 3234 adhuc
2829 3179 3155 3251 distinguere
3185 3181 3442 3237 subtilius
3466 3184 3738 3241 valemus.

450 3278 693 3332 sordibus
737 3295 1069 3350 nequaquam
1103 3297 1198 3351 per
1238 3298 1423 3338 vocem
1470 3286 1898 3352 compunctionis
1947 3286 2029 3338 iii-

449 3372 690 3425 notescit.
725 3372 842 3426 Non
891 3374 1033 3428 enim
1064 3375 1408 3430 considerare
1441 3375 1584 3429 illam
1615 3376 2025 3433 desiderabilem

448 3478 796 3534 supernorum
828 3466 1020 3520 civium
1044 3467 1397 3538 frequentiam
1427 3469 1662 3534 student,
1695 3471 1840 3524 nullo
1870 3471 2029 3526 ardo-

447 3556 516 3609 ris
547 3557 697 3612 radio
743 3558 832 3611 illa
863 3559 1221 3615 solemnitatis
1251 3561 1476 3616 internae
1508 3562 1642 3616 festa
1670 3563 2024 3632 conSpiciunt,

444 3648 586 3701 nulla
618 3649 672 3702 in
706 3648 908 3703 intimis
947 3652 1415 3720 contemplationis
1458 3667 1627 3721 penna
1657 3654 2025 3709 sublevantur.

445 3739 582 3794 Solis
610 3755 840 3808 namque
867 3742 1164 3797 visibilibus
1189 3744 1451 3808 serviunt,
1479 3754 1531 3798 et
1557 3744 1759 3808 idcirco
1785 3745 1914 3799 nihil
1937 3761 2026 3806 su-

439 3845 624 3900 pernae
654 3832 934 3886 suavitatis
963 3834 1287 3890 intrinsecus
1317 3835 1559 3899 audiunt,
1591 3837 1714 3906 quia
1744 3851 1859 3901 eos,
1890 3837 2028 3893 sicut

440 3922 688 3988 superius
718 3923 984 3989 diximus,
1035 3924 1089 3977 in
1116 3939 1244 3977 aure
1283 3925 1461 3980 cordis
1507 3941 1754 3980 curarum
1802 3930 2027 3982 szecula-

437 4017 575 4068 rium
628 4015 777 4068 surdi
820 4017 1076 4080 tumultus
1130 4027 1396 4085 premunt.
1447 4017 1577 4085 Quia
1624 4019 1783 4086 igitur
1833 4020 2024 4074 occulti

440 4105 841 4174 dispensatione
867 4105 1054 4176 judicii
1085 4109 1227 4176 quod
1277 4110 1395 4164 aliis
1424 4109 1664 4177 aperitur
1711 4110 1828 4163 aliis
1879 4111 2025 4165 clau-

439 4196 601 4260 ditur,
637 4197 778 4264 quod
826 4197 944 4250 aliis
993 4197 1260 4267 detegitur
1288 4199 1408 4253 aliis
1453 4199 1770 4265 occultatur,
1817 4200 2024 4257 dicatur

438 4299 614 4344 recte:
644 4290 772 4357 Quis
801 4292 1056 4345 enarrabit
1075 4292 1320 4346 caelorum
1345 4293 1616 4358 rationem,
1649 4303 1696 4347 et
1722 4305 2025 4349 concentum

438 4377 546 4435 caeli
576 4384 686 4446 quis
725 4383 951 4437 dormire
982 4386 1130 4455 faciet
1151 4387 1176 4439 ?
1219 4386 1372 4453 Quod
1402 4395 1579 4440 tamen
1611 4397 1735 4442 tunc
1763 4389 1914 4444 nobis
1946 4390 2024 4445 la-

438 4474 545 4527 tius
572 4473 824 4540 innotuit,
873 4490 994 4529 cum
1025 4475 1353 4545 Redemptor
1398 4488 1578 4532 noster
1608 4494 1702 4547 per
1747 4480 2023 4549 dispensa-

438 4565 597 4618 tionis
639 4566 804 4637 966
834 4568 1148 4639 mysterium
1181 4582 1468 4638 apparens,
1522 4580 1576 4624 et
1605 4571 1835 4641 indignis
1863 4573 2025 4627 mise—
2051 4574 2105 4635 Ῑ)

439 4655 732 4710 ricordiam
782 4659 1026 4725 prmbuii,
1063 4669 1117 4713 et
1143 4673 1238 4714 eos
1268 4673 1298 4711 a
1326 4673 1384 4712 se
1414 4660 1502 4729 qui
1532 4660 1673 4728 digni
1706 4661 2024 4716 videbantur

435 4745 684 4800 exclusit.
718 4745 871 4801 Unde
899 4747 983 4801 bie
1009 4763 1220 4818 quoque
1249 4757 1373 4816 apte
1403 4749 1747 4819 subjungitur
1775 4768 1786 4806 :

786 4835 1010 4892 CAPUT
1043 4836 1107 4891 Vl
1132 4838 1273 4910 [Vet.
1301 4839 1374 4902 X,
1407 4840 1532 4893 Rec.
1555 4838 1680 4910 VI].

510 4927 671 4984 Vens.
703 4927 794 4983 '58.
827 4960 894 4969 —
927 4929 1147 4994 Quando
1179 4932 1495 5001 fundabatur
1533 4933 1699 5001 pulvis
1728 4934 1781 4986 in
1815 4942 2027 5002 terrain,

434 5027 479 5075 et
504 5019 664 5090 gleba:
692 5020 1166 5090 contp‘ingebantur.

501 5111 592 5166 2‘2.
641 5111 946 5166 Peccateres
983 5114 1183 5183 pulveri
1211 5114 1422 5180 similes,
1464 5115 1685 5184 quolibet
1727 5115 2024 5168 tentationis

431 5205 564 5274 ﬂatu
599 5204 894 5274 rapiuntur.
947 5203 1172 5274 Spiritus
1213 5207 1377 5259 sancti
1417 5207 1581 5277 gratia
1626 5207 1939 5268 solidantur,
1970 5215 2019 5259 et

505 5373 531 5402 ι
559 5363 720 5418 Corb.
750 5364 960 5430 Germ.,
987 5362 1208 5424 Pratel.,
1231 5362 1397 5428 Utic.,
1418 5363 1536 5418 Val.
1558 5364 2019 5431 Cl.,Laud.,etc.,

437 5436 509 5491 ita
547 5435 765 5489 habent.
797 5435 897 5488 Ubi
930 5435 1122 5501 legitur
1147 5435 1199 5488 in
1231 5435 1425 5497 Editis,
1458 5438 1592 5501 quod
1613 5437 1821 5490 silenter
1848 5445 2016 5490 sonat.

499 5504 527 5544 δ
559 5505 726 5558 Laud.
757 5513 812 5560 et
841 5505 958 5560 Val.
989 5504 1094 5572 CL,
1129 5506 1312 5560 lenius.

507 5585 530 5612 ε
562 5575 726 5628 Gilot.
767 5583 822 5629 et
867 5587 1158 5644 sequentes
1206 5576 1307 5633 Ed.
1338 5616 1353 5639 ,
1395 5578 1447 5630 in
1477 5579 1616 5631 illius
1645 5593 1781 5631 voce.
1831 5576 2016 5634 Melius

430 5656 642 5719 veteres
668 5645 804 5698 Edit.
838 5645 1012 5701 Paris.
1037 5659 1090 5703 et
1115 5648 1386 5719 Ba_sil..gin
1407 5649 1545 5702 illius
1568 5666 1726 5712 aure;
1755 5663 1873 5719 qua:
1901 5663 2012 5702 ma-

430 5716 512 5783 gis
540 5713 815 5789 _c_oh:erent
842 5731 964 5789 cum
991 5716 1448 5782 antecedentibus,
1471 5733 1535 5775 ac
1576 5721 1627 5773 iti
1658 5713 1788 5775 Mss:
1816 5721 2005 5789 legun-

433 5794 519 5840 tur
537 5784 724 5838 Norm.
751 5793 808 5840 et
827 5786 968 5842 aliis.
1873 5784 1889 5810 ὴ

2134 3268 2266 3324 Nam
2280 3270 2404 3324 dum
2424 3272 2557 3324 alius
2569 3274 2795 3328 estordo
2813 3274 3230 3342 pradicantium,
3248 3276 3384 3330 alius
3395 3277 3734 3346 auditorum;

2133 3358 2268 3415 alius
2302 3363 2622 3433 regentium,
2642 3373 2800 3434 atque
2830 3365 2965 3420 alius
2998 3367 3328 3422 subditorum
3353 3385 3369 3434 ;
3392 3369 3532 3424 alius
3548 3370 3732 3442 conju-

2131 3470 2279 3524 gutn,
2300 3456 2434 3510 alius
2449 3456 2856 3526 continentium,
2879 3459 3014 3514 alius
3037 3460 3428 3528 poenitentium,
3455 3464 3598 3517 alius
3619 3465 3721 3518 vir-

2130 3547 2342 3615 ginum;
2369 3548 2518 3615 quasi
2542 3563 2608 3602 ex
2637 3564 2742 3603 una
2763 3558 2901 3603 terra
2929 3560 3010 3605 est
3031 3551 3240 3607 diversa
3260 3552 3536 3619 glebarum
3562 3553 3719 3609 forma

2131 3636 2400 3702 diStincta,
2415 3636 2542 3694 dum
2568 3639 2619 3693 in
2634 3656 2734 3693 una
2750 3640 2871 3706 fide,
2891 3642 2943 3696 in
2965 3657 3064 3696 una
3079 3643 3591 3715 charitatedisparia
3637 3648 3725 3702 de-

2130 3737 2498 3787 monstrantur
2513 3732 2647 3788 bene
2659 3736 2994 3804 operantium
3014 3738 3222 3792 merita.
3240 3738 3344 3794 llas
3358 3739 3546 3809 glebas
3564 3756 3727 3811 popu-

2130 3820 2215 3874 lus
2245 3823 2331 3877 ille
2347 3823 2684 3892 signiﬁcavit,
2709 3827 2800 3896 qui
2819 3826 2885 3881 ad
2921 3831 3372 3884 constructionem
3396 3831 3727 3888 tabernaculi

2131 3917 2232 3971 sub
2260 3932 2364 3972 uno
2383 3919 2559 3973 studio
2590 3919 2803 3975 diversa
2841 3921 3061 3976 donaria
3098 3922 3310 3988 obtulit,
3344 3924 3410 3978 de
3445 3940 3552 3994 quo
3599 3926 3728 3981 scri-

2131 4020 2280 4078 ptum
2312 4021 2432 4066 est:
2467 4012 2728 4083 Quidquid
2754 4013 2807 4067 in
2845 4015 3041 4069 cultum
3069 4013 3088 4051 ί
3123 4016 3436 4076 tabernaculi
3461 4027 3508 4070 et
3527 4019 3596 4072 ad
3624 4036 3727 4073 ces-

2133 4112 2204 4159 tes
2231 4114 2432 4158 sanctas
2458 4108 2794 4160 necessarium
2820 4118 2954 4173 erat,
2983 4108 3078 4162 viri
3115 4096 3228 4160 cum
3257 4111 3560 4165 mulieribus
3588 4131 3727 4182 prte-

2132 4194 2372 4260 bucrunt,
2398 4197 2629 4249 armillas
2655 4204 2704 4250 et
2733 4197 2958 4261 inaures,
2990 4200 3205 4252 annulos
3233 4208 3281 4254 et
3311 4200 3589 4266 dextralia,
3620 4220 3726 4257 om-

2130 4299 2194 4337 ne
2231 4300 2318 4336 vas
2366 4301 2576 4338 aureum
2607 4286 2662 4339 in
2703 4286 2921 4342 donaria
2951 4287 3162 4344 Domini
3202 4301 3496 4357 separatum
3537 4303 3631 4346 est.
3667 4293 3725 4348 Si

2132 4375 2248 4444 quis
2274 4375 2448 4428 habuit
2477 4377 2829 4446 ligacinthum,
2856 4395 3164 4450 purpuram,
3184 4397 3483 4452 coccumquc
3502 4384 3578 4436 bis
3601 4385 3724 4438 tinc-

2131 4474 2258 4529 tum,
2294 4465 2496 4535 byssum
2525 4476 2569 4520 et
2599 4469 2726 4537 pilos
2745 4485 3022 4538 caprarum
3055 4471 3251 4539 (Exod.
3283 4488 3450 4537 xxxv,
3483 4473 3602 4545 22),
3621 4486 3724 4531 etc.

2199 4556 2290 4609 24.
2325 4557 2556 4629 Singuli,
2589 4561 2656 4613 ad
2696 4559 2941 4616 Ecclesia:
2986 4563 3177 4617 cultum
3205 4563 3543 4633 implendum,
3590 4568 3724 4622 dona

2129 4646 2374 4714 o/ferunt.
2405 4678 2476 4688 —
2504 4647 2558 4703 ln
2593 4659 2913 4706 ornamento
2940 4667 3068 4722 ergo
3101 4652 3437 4710 tabernaculi
3488 4657 3590 4710 viri
3624 4658 3724 4711 do-

2127 4754 2196 4794 na
2225 4754 2345 4792 cum
2399 4741 2712 4796 mulieribus
2740 4743 2993 4812 oll‘erunl,
3021 4744 3144 4814 quia
3185 4746 3238 4799 in
3264 4747 3532 4815 explendo
3577 4751 3723 4804 cultu

2127 4845 2326 4889 sanctae
2357 4836 2630 4904 Ecclesim,
2675 4848 2730 4891 et
2757 4837 2974 4894 lortium
3025 4838 3165 4894 facta
3196 4840 3442 4895 sublimia
3473 4885 3491 4911 ,
3541 4851 3598 4897 et
3644 4845 3723 4898 in-

2131 4927 2416 4982 firmorum
2448 4943 2610 4997 opera
2652 4939 2896 4984 extrema
2939 4941 3308 4988 numerantur.
3354 4934 3494 4999 Quid
3542 4947 3722 4991 autem

2132 5035 2230 5089 per
2250 5021 2485 5075 armillas
2512 5036 2631 5089 qua:
2660 5022 2892 5078 lacertos
2921 5023 3222 5093 astringunt
3251 5025 3352 5079 nisi
3399 5027 3719 5096 praeposito.

2132 5128 2249 5166 rum
2302 5113 2474 5168 valide
2523 5114 2875 5170 laborantium
2925 5132 3086 5186 opera
3131 5118 3625 5174 demonStrautur?
3657 5124 3719 5177 Et

2128 5205 2251 5275 quid
2280 5221 2374 5274 per
2403 5206 2618 5262 inaures
2659 5207 2758 5262 nisi
2807 5208 3138 5264 subditorum
3185 5209 3491 5265 obedientia
3534 5217 3716 5284 expri-

2208 5361 2236 5400 (ι
2265 5363 2600 5452 _Longip.,nut
2618 5365 2887 5452 lqui‘prius
2915 5366 2968 5420 in
2992 5366 3301 5452 «inscientia
3331 5367 3565 5449 mobiles.

2208 5443 2233 5472 ο
2262 5435 2456 5508 Laud.,
2480 5435 2668 5508 _Corb.
2715 5435 2896 5490 Germ.
2937 5446 2991 5491 et
3034 5437 3146 5491 Val.
3171 5438 3280 5500 CL,
3332 5440 3656 5508 compincttr,
3680 5457 3705 5495 τι

2128 5507 2434 5578 compingo.
2478 5505 2552 5560 Ita
2584 5507 2837 5578 deinceps
2869 5509 3060 5578 legitur
3085 5522 3319 5575 semper.
3349 5508 3403 5562 In
3431 5505 3706 5567 nonnullis

2129 5577 2254 5637 Ed.,
2291 5577 2519 5630 maxime
2547 5578 2598 5630 in
2625 5577 2817 5640 \‘atic.,
2847 5577 3116 5644 corrupte,
3145 5589 3485 5644 compunctte.

2124 5716 2168 5774 ν
2203 5646 2222 5768 ἶ
2249 5647 2404 5772 ῡὲῗιει
2429 5648 2739 5702 tabernaculi
2760 5649 2811 5702 in
2833 5647 3480 5724 Corb.Germ.,Vindoc.,
3509 5651 3655 5713 Laud
3667 5697 3695 5720 -.,

2169 5733 2197 5773 a
2226 5756 2240 5774 .

2141 5719 2240 5794 Val,
2275 5719 2313 5772 ο
