  <div class='ocr_page' id='page_1' title='image "/cluster/home/n/w/nwhite01/storage/ocr_20150623/76/hvd.32044011229333/276.png"; bbox 0 0 4036 6348; ppageno 0'>
   <div class='ocr_carea' id='block_1_1' title="bbox 305 311 424 396">
    <p class='ocr_par' dir='ltr' id='par_1_1' title="bbox 305 311 424 396">
     <span class='ocr_line' id='line_1_1' title="bbox 305 311 424 396; baseline -0.034 -26"><span class='ocrx_word' id='word_1_1' title='bbox 305 311 424 396; x_wconf 69' lang='lat' dir='ltr'><strong>sar</strong></span> 
     </span>
    </p>
   </div>
   <div class='ocr_carea' id='block_1_2' title="bbox 1028 303 2844 368">
    <p class='ocr_par' dir='ltr' id='par_1_2' title="bbox 1028 303 2844 368">
     <span class='ocr_line' id='line_1_2' title="bbox 1028 303 2844 368; baseline -0.002 0"><span class='ocrx_word' id='word_1_2' title='bbox 1028 308 1386 368; x_wconf 73' lang='lat' dir='ltr'><strong>MORALIUM</strong></span> <span class='ocrx_word' id='word_1_3' title='bbox 1427 309 1558 365; x_wconf 60' lang='grc' dir='ltr'><strong>ιιι),</strong></span> <span class='ocrx_word' id='word_1_4' title='bbox 1589 307 1772 366; x_wconf 77' lang='lat' dir='ltr'><strong>XXX.</strong></span> <span class='ocrx_word' id='word_1_5' title='bbox 1811 337 1882 351; x_wconf 85' lang='lat'><strong>——</strong></span> <span class='ocrx_word' id='word_1_6' title='bbox 1920 306 1988 365; x_wconf 78' lang='lat' dir='ltr'><strong>IN</strong></span> <span class='ocrx_word' id='word_1_7' title='bbox 2025 307 2254 365; x_wconf 80' lang='lat' dir='ltr'><strong>CAPUT</strong></span> <span class='ocrx_word' id='word_1_8' title='bbox 2294 303 2564 363; x_wconf 78' lang='lat' dir='ltr'><strong>XXXVIII</strong></span> <span class='ocrx_word' id='word_1_9' title='bbox 2603 304 2664 360; x_wconf 82' lang='grc' dir='ltr'><strong>Β.</strong></span> <span class='ocrx_word' id='word_1_10' title='bbox 2705 304 2844 364; x_wconf 83' lang='lat' dir='ltr'><strong>JOB.</strong></span> 
     </span>
    </p>
   </div>
   <div class='ocr_carea' id='block_1_3' title="bbox 3459 310 3566 368">
    <p class='ocr_par' dir='ltr' id='par_1_3' title="bbox 3459 310 3566 368">
     <span class='ocr_line' id='line_1_3' title="bbox 3459 310 3566 368; baseline 0.028 -3"><span class='ocrx_word' id='word_1_11' title='bbox 3459 310 3566 368; x_wconf 73' lang='lat'><strong>538</strong></span> 
     </span>
    </p>
   </div>
   <div class='ocr_carea' id='block_1_4' title="bbox 304 415 3568 497">
    <p class='ocr_par' dir='ltr' id='par_1_4' title="bbox 304 415 3568 497">
     <span class='ocr_line' id='line_1_4' title="bbox 304 415 3568 497; baseline -0.001 -13"><span class='ocrx_word' id='word_1_12' title='bbox 304 429 465 485; x_wconf 88' lang='lat' dir='ltr'><strong>mitur</strong></span> <span class='ocrx_word' id='word_1_13' title='bbox 481 425 651 493; x_wconf 82' lang='lat' dir='ltr'><strong>?Quid</strong></span> <span class='ocrx_word' id='word_1_14' title='bbox 671 439 764 494; x_wconf 89' lang='lat' dir='ltr'><strong>per</strong></span> <span class='ocrx_word' id='word_1_15' title='bbox 783 415 1011 481; x_wconf 74' lang='lat' dir='ltr'><strong>annulos</strong></span> <span class='ocrx_word' id='word_1_16' title='bbox 1033 427 1135 481; x_wconf 88' lang='lat' dir='ltr'><strong>nisi</strong></span> <span class='ocrx_word' id='word_1_17' title='bbox 1160 427 1492 497; x_wconf 80' lang='lat' dir='ltr'><strong>signaculum</strong></span> <span class='ocrx_word' id='word_1_18' title='bbox 1511 425 1879 481; x_wconf 71' lang='lat' dir='ltr'><strong>secretorum!</strong></span> <span class='ocrx_word' id='word_1_19' title='bbox 1905 425 1960 488; x_wconf 72' lang='grc' dir='ltr'><strong>Α</strong></span> <span class='ocrx_word' id='word_1_20' title='bbox 1984 424 2284 479; x_wconf 87' lang='lat' dir='ltr'><strong>animarum</strong></span> <span class='ocrx_word' id='word_1_21' title='bbox 2309 423 2516 478; x_wconf 91' lang='lat' dir='ltr'><strong>lucrum</strong></span> <span class='ocrx_word' id='word_1_22' title='bbox 2543 425 2836 480; x_wconf 90' lang='lat' dir='ltr'><strong>esurientia</strong></span> <span class='ocrx_word' id='word_1_23' title='bbox 2865 420 3230 493; x_wconf 72' lang='lat' dir='ltr'><strong>apostolorum</strong></span> <span class='ocrx_word' id='word_1_24' title='bbox 3259 431 3379 480; x_wconf 76' lang='lat' dir='ltr'><strong>vota</strong></span> <span class='ocrx_word' id='word_1_25' title='bbox 3407 425 3568 482; x_wconf 84' lang='lat' dir='ltr'><strong>satia-</strong></span> 
     </span>
    </p>
   </div>
   <div class='ocr_carea' id='block_1_5' title="bbox 303 518 1877 589">
    <p class='ocr_par' dir='ltr' id='par_1_5' title="bbox 303 518 1877 589">
     <span class='ocr_line' id='line_1_5' title="bbox 303 518 1877 589; baseline -0.003 -13"><span class='ocrx_word' id='word_1_26' title='bbox 303 520 622 589; x_wconf 85' lang='lat' dir='ltr'><strong>Plerttmque</strong></span> <span class='ocrx_word' id='word_1_27' title='bbox 663 518 803 573; x_wconf 89' lang='lat' dir='ltr'><strong>enim</strong></span> <span class='ocrx_word' id='word_1_28' title='bbox 853 519 1088 588; x_wconf 78' lang='lat' dir='ltr'><strong>magistri</strong></span> <span class='ocrx_word' id='word_1_29' title='bbox 1121 520 1332 587; x_wconf 90' lang='lat' dir='ltr'><strong>signant</strong></span> <span class='ocrx_word' id='word_1_30' title='bbox 1357 518 1497 589; x_wconf 90' lang='lat' dir='ltr'><strong>quod</strong></span> <span class='ocrx_word' id='word_1_31' title='bbox 1524 518 1590 572; x_wconf 90' lang='lat' dir='ltr'><strong>ab</strong></span> <span class='ocrx_word' id='word_1_32' title='bbox 1618 518 1877 574; x_wconf 86' lang='lat' dir='ltr'><strong>auditori-</strong></span> 
     </span>
    </p>
   </div>
   <div class='ocr_carea' id='block_1_6' title="bbox 301 608 1880 680">
    <p class='ocr_par' dir='ltr' id='par_1_6' title="bbox 301 608 1880 680">
     <span class='ocr_line' id='line_1_6' title="bbox 301 608 1880 680; baseline -0.002 -14"><span class='ocrx_word' id='word_1_33' title='bbox 301 608 402 666; x_wconf 85' lang='lat' dir='ltr'><strong>bus</strong></span> <span class='ocrx_word' id='word_1_34' title='bbox 430 611 546 678; x_wconf 89' lang='lat' dir='ltr'><strong>capi</strong></span> <span class='ocrx_word' id='word_1_35' title='bbox 577 624 680 662; x_wconf 89' lang='lat' dir='ltr'><strong>non</strong></span> <span class='ocrx_word' id='word_1_36' title='bbox 714 623 867 676; x_wconf 87' lang='lat' dir='ltr'><strong>posse</strong></span> <span class='ocrx_word' id='word_1_37' title='bbox 893 610 1256 664; x_wconf 73' lang='lat' dir='ltr'><strong>considerant.</strong></span> <span class='ocrx_word' id='word_1_38' title='bbox 1291 610 1354 664; x_wconf 89' lang='lat' dir='ltr'><strong>Et</strong></span> <span class='ocrx_word' id='word_1_39' title='bbox 1382 609 1508 680; x_wconf 88' lang='lat' dir='ltr'><strong>quid</strong></span> <span class='ocrx_word' id='word_1_40' title='bbox 1540 625 1634 678; x_wconf 92' lang='lat' dir='ltr'><strong>per</strong></span> <span class='ocrx_word' id='word_1_41' title='bbox 1663 611 1880 666; x_wconf 76' lang='lat' dir='ltr'><strong>dextra-</strong></span> 
     </span>
    </p>
   </div>
   <div class='ocr_carea' id='block_1_7' title="bbox 301 701 1877 775">
    <p class='ocr_par' dir='ltr' id='par_1_7' title="bbox 301 701 1877 775">
     <span class='ocr_line' id='line_1_7' title="bbox 301 701 1877 775; baseline 0 -17"><span class='ocrx_word' id='word_1_42' title='bbox 301 704 372 759; x_wconf 88' lang='lat' dir='ltr'><strong>lia</strong></span> <span class='ocrx_word' id='word_1_43' title='bbox 400 703 500 756; x_wconf 77' lang='lat' dir='ltr'><strong>nisi</strong></span> <span class='ocrx_word' id='word_1_44' title='bbox 531 705 714 769; x_wconf 80' lang='lat' dir='ltr'><strong>primae</strong></span> <span class='ocrx_word' id='word_1_45' title='bbox 747 701 1064 768; x_wconf 85' lang='lat' dir='ltr'><strong>operationis</strong></span> <span class='ocrx_word' id='word_1_46' title='bbox 1101 711 1409 756; x_wconf 83' lang='lat' dir='ltr'><strong>ornamenta</strong></span> <span class='ocrx_word' id='word_1_47' title='bbox 1434 703 1595 775; x_wconf 73' lang='lat'><strong>967</strong></span> <span class='ocrx_word' id='word_1_48' title='bbox 1624 712 1652 744; x_wconf 77' lang='grc' dir='ltr'>ι</span> <span class='ocrx_word' id='word_1_49' title='bbox 1676 717 1877 758; x_wconf 88' lang='lat' dir='ltr'><strong>memo-</strong></span> 
     </span>
    </p>
   </div>
   <div class='ocr_carea' id='block_1_8' title="bbox 298 796 1880 864">
    <p class='ocr_par' dir='ltr' id='par_1_8' title="bbox 298 796 1880 864">
     <span class='ocr_line' id='line_1_8' title="bbox 298 796 1880 864; baseline -0.001 -10"><span class='ocrx_word' id='word_1_50' title='bbox 298 797 524 854; x_wconf 79' lang='lat' dir='ltr'><strong>rantur?</strong></span> <span class='ocrx_word' id='word_1_51' title='bbox 554 796 687 862; x_wconf 83' lang='lat' dir='ltr'><strong>Quid</strong></span> <span class='ocrx_word' id='word_1_52' title='bbox 717 811 810 864; x_wconf 90' lang='lat' dir='ltr'><strong>per</strong></span> <span class='ocrx_word' id='word_1_53' title='bbox 835 810 926 850; x_wconf 89' lang='lat' dir='ltr'><strong>vas</strong></span> <span class='ocrx_word' id='word_1_54' title='bbox 949 812 1167 851; x_wconf 90' lang='lat' dir='ltr'><strong>aureum</strong></span> <span class='ocrx_word' id='word_1_55' title='bbox 1200 798 1254 850; x_wconf 92' lang='lat' dir='ltr'><strong>in</strong></span> <span class='ocrx_word' id='word_1_56' title='bbox 1284 797 1505 851; x_wconf 86' lang='lat' dir='ltr'><strong>donaria</strong></span> <span class='ocrx_word' id='word_1_57' title='bbox 1558 796 1767 852; x_wconf 89' lang='lat' dir='ltr'><strong>Domini</strong></span> <span class='ocrx_word' id='word_1_58' title='bbox 1795 811 1880 852; x_wconf 88' lang='lat' dir='ltr'><strong>se-</strong></span> 
     </span>
    </p>
   </div>
   <div class='ocr_carea' id='block_1_9' title="bbox 300 884 1880 956">
    <p class='ocr_par' dir='ltr' id='par_1_9' title="bbox 300 884 1880 956">
     <span class='ocr_line' id='line_1_9' title="bbox 300 884 1880 956; baseline 0.003 -17"><span class='ocrx_word' id='word_1_59' title='bbox 300 896 541 956; x_wconf 84' lang='lat' dir='ltr'><strong>paratum</strong></span> <span class='ocrx_word' id='word_1_60' title='bbox 590 885 688 939; x_wconf 89' lang='lat' dir='ltr'><strong>nisi</strong></span> <span class='ocrx_word' id='word_1_61' title='bbox 719 884 1014 940; x_wconf 82' lang='lat' dir='ltr'><strong>divinitatis</strong></span> <span class='ocrx_word' id='word_1_62' title='bbox 1054 886 1403 956; x_wconf 80' lang='lat' dir='ltr'><strong>intelligentia</strong></span> <span class='ocrx_word' id='word_1_63' title='bbox 1446 886 1727 955; x_wconf 90' lang='lat' dir='ltr'><strong>accipitur,</strong></span> <span class='ocrx_word' id='word_1_64' title='bbox 1762 902 1880 956; x_wconf 70' lang='lat' dir='ltr'><strong>qua</strong></span> 
     </span>
    </p>
   </div>
   <div class='ocr_carea' id='block_1_10' title="bbox 301 978 1878 1051">
    <p class='ocr_par' dir='ltr' id='par_1_10' title="bbox 301 978 1878 1051">
     <span class='ocr_line' id='line_1_10' title="bbox 301 978 1878 1051; baseline 0.001 -17"><span class='ocrx_word' id='word_1_65' title='bbox 301 990 446 1034; x_wconf 90' lang='lat' dir='ltr'><strong>tanto</strong></span> <span class='ocrx_word' id='word_1_66' title='bbox 475 978 502 1018; x_wconf 72' lang='grc' dir='ltr'>δ</span> <span class='ocrx_word' id='word_1_67' title='bbox 526 979 594 1033; x_wconf 92' lang='lat' dir='ltr'><strong>ab</strong></span> <span class='ocrx_word' id='word_1_68' title='bbox 625 979 935 1034; x_wconf 80' lang='lat' dir='ltr'><strong>inferiorum</strong></span> <span class='ocrx_word' id='word_1_69' title='bbox 967 995 1149 1035; x_wconf 91' lang='lat' dir='ltr'><strong>amore</strong></span> <span class='ocrx_word' id='word_1_70' title='bbox 1192 980 1538 1051; x_wconf 87' lang='lat' dir='ltr'><strong>disjungitur,</strong></span> <span class='ocrx_word' id='word_1_71' title='bbox 1578 993 1776 1046; x_wconf 88' lang='lat' dir='ltr'><strong>quanto</strong></span> <span class='ocrx_word' id='word_1_72' title='bbox 1812 981 1878 1035; x_wconf 90' lang='lat' dir='ltr'><strong>ad</strong></span> 
     </span>
    </p>
   </div>
   <div class='ocr_carea' id='block_1_11' title="bbox 299 1073 1876 1143">
    <p class='ocr_par' dir='ltr' id='par_1_11' title="bbox 299 1073 1876 1143">
     <span class='ocr_line' id='line_1_11' title="bbox 299 1073 1876 1143; baseline 0.002 -16"><span class='ocrx_word' id='word_1_73' title='bbox 299 1073 414 1127; x_wconf 87' lang='lat' dir='ltr'><strong>sola</strong></span> <span class='ocrx_word' id='word_1_74' title='bbox 445 1086 564 1141; x_wconf 73' lang='lat' dir='ltr'><strong>qua:</strong></span> <span class='ocrx_word' id='word_1_75' title='bbox 585 1081 785 1128; x_wconf 71' lang='lat' dir='ltr'><strong>aeterna</strong></span> <span class='ocrx_word' id='word_1_76' title='bbox 813 1082 936 1128; x_wconf 92' lang='lat' dir='ltr'><strong>sunt</strong></span> <span class='ocrx_word' id='word_1_77' title='bbox 958 1074 1182 1128; x_wconf 84' lang='lat' dir='ltr'><strong>amanda</strong></span> <span class='ocrx_word' id='word_1_78' title='bbox 1206 1074 1547 1129; x_wconf 81' lang='lat' dir='ltr'><strong>sublevantur</strong></span> <span class='ocrx_word' id='word_1_79' title='bbox 1567 1073 1589 1127; x_wconf 70' lang='grc'><em>2</em></span> <span class='ocrx_word' id='word_1_80' title='bbox 1612 1074 1750 1142; x_wconf 84' lang='lat' dir='ltr'><strong>Quid</strong></span> <span class='ocrx_word' id='word_1_81' title='bbox 1781 1090 1876 1143; x_wconf 90' lang='lat' dir='ltr'><strong>per</strong></span> 
     </span>
    </p>
   </div>
   <div class='ocr_carea' id='block_1_12' title="bbox 299 1167 1880 1242">
    <p class='ocr_par' dir='ltr' id='par_1_12' title="bbox 299 1167 1880 1242">
     <span class='ocr_line' id='line_1_12' title="bbox 299 1167 1880 1242; baseline 0.004 -21"><span class='ocrx_word' id='word_1_82' title='bbox 299 1167 644 1240; x_wconf 77' lang='lat' dir='ltr'><strong>hyacinthum</strong></span> <span class='ocrx_word' id='word_1_83' title='bbox 675 1169 775 1222; x_wconf 92' lang='lat' dir='ltr'><strong>nisi</strong></span> <span class='ocrx_word' id='word_1_84' title='bbox 797 1184 918 1238; x_wconf 89' lang='lat' dir='ltr'><strong>spes</strong></span> <span class='ocrx_word' id='word_1_85' title='bbox 941 1170 1240 1224; x_wconf 89' lang='lat' dir='ltr'><strong>caelestium</strong></span> <span class='ocrx_word' id='word_1_86' title='bbox 1263 1171 1288 1223; x_wconf 85' lang='lat'><strong>‘.&#39;</strong></span> <span class='ocrx_word' id='word_1_87' title='bbox 1309 1171 1443 1238; x_wconf 89' lang='lat' dir='ltr'><strong>Quid</strong></span> <span class='ocrx_word' id='word_1_88' title='bbox 1474 1186 1570 1242; x_wconf 88' lang='lat' dir='ltr'><strong>per</strong></span> <span class='ocrx_word' id='word_1_89' title='bbox 1593 1187 1880 1242; x_wconf 86' lang='lat' dir='ltr'><strong>purpuram</strong></span> 
     </span>
    </p>
   </div>
   <div class='ocr_carea' id='block_1_13' title="bbox 295 1259 1880 1336">
    <p class='ocr_par' dir='ltr' id='par_1_13' title="bbox 295 1259 1880 1336">
     <span class='ocr_line' id='line_1_13' title="bbox 295 1259 1880 1336; baseline 0.004 -24"><span class='ocrx_word' id='word_1_90' title='bbox 295 1259 397 1313; x_wconf 89' lang='lat' dir='ltr'><strong>nisi</strong></span> <span class='ocrx_word' id='word_1_91' title='bbox 427 1274 589 1313; x_wconf 92' lang='lat' dir='ltr'><strong>cruor</strong></span> <span class='ocrx_word' id='word_1_92' title='bbox 631 1274 694 1314; x_wconf 90' lang='lat' dir='ltr'><strong>ac</strong></span> <span class='ocrx_word' id='word_1_93' title='bbox 726 1261 1004 1336; x_wconf 57' lang='lat' dir='ltr'><strong>tolerantia</strong></span> <span class='ocrx_word' id='word_1_94' title='bbox 1037 1264 1342 1330; x_wconf 80' lang='lat' dir='ltr'><strong>passionum</strong></span> <span class='ocrx_word' id='word_1_95' title='bbox 1375 1277 1555 1317; x_wconf 91' lang='lat' dir='ltr'><strong>amore</strong></span> <span class='ocrx_word' id='word_1_96' title='bbox 1586 1265 1730 1333; x_wconf 83' lang='lat' dir='ltr'><strong>regni</strong></span> <span class='ocrx_word' id='word_1_97' title='bbox 1757 1280 1880 1334; x_wconf 92' lang='lat' dir='ltr'><strong>per-</strong></span> 
     </span>
    </p>
   </div>
   <div class='ocr_carea' id='block_1_14' title="bbox 295 1351 1879 1422">
    <p class='ocr_par' dir='ltr' id='par_1_14' title="bbox 295 1351 1879 1422">
     <span class='ocr_line' id='line_1_14' title="bbox 295 1351 1879 1422; baseline 0.004 -18"><span class='ocrx_word' id='word_1_98' title='bbox 295 1351 438 1420; x_wconf 90' lang='lat' dir='ltr'><strong>petui</strong></span> <span class='ocrx_word' id='word_1_99' title='bbox 470 1351 756 1405; x_wconf 72' lang='lat' dir='ltr'><strong>exhibita?</strong></span> <span class='ocrx_word' id='word_1_100' title='bbox 789 1353 852 1406; x_wconf 86' lang='lat' dir='ltr'><strong>Et</strong></span> <span class='ocrx_word' id='word_1_101' title='bbox 877 1353 1004 1422; x_wconf 91' lang='lat' dir='ltr'><strong>quid</strong></span> <span class='ocrx_word' id='word_1_102' title='bbox 1039 1369 1132 1421; x_wconf 89' lang='lat' dir='ltr'><strong>per</strong></span> <span class='ocrx_word' id='word_1_103' title='bbox 1162 1353 1244 1407; x_wconf 92' lang='lat' dir='ltr'><strong>bis</strong></span> <span class='ocrx_word' id='word_1_104' title='bbox 1277 1354 1498 1409; x_wconf 87' lang='lat' dir='ltr'><strong>tinctum</strong></span> <span class='ocrx_word' id='word_1_105' title='bbox 1531 1369 1747 1410; x_wconf 90' lang='lat' dir='ltr'><strong>coccum</strong></span> <span class='ocrx_word' id='word_1_106' title='bbox 1781 1355 1879 1410; x_wconf 92' lang='lat' dir='ltr'><strong>nisi</strong></span> 
     </span>
    </p>
   </div>
   <div class='ocr_carea' id='block_1_15' title="bbox 293 1437 1880 1516">
    <p class='ocr_par' dir='ltr' id='par_1_15' title="bbox 293 1437 1880 1516">
     <span class='ocr_line' id='line_1_15' title="bbox 293 1437 1880 1516; baseline 0.004 -18"><span class='ocrx_word' id='word_1_107' title='bbox 293 1437 530 1498; x_wconf 80' lang='lat' dir='ltr'><strong>cfiaritas</strong></span> <span class='ocrx_word' id='word_1_108' title='bbox 557 1444 973 1508; x_wconf 88' lang='lat' dir='ltr'><strong>demonstratur,</strong></span> <span class='ocrx_word' id='word_1_109' title='bbox 1026 1462 1142 1516; x_wconf 75' lang='lat' dir='ltr'><strong>quae</strong></span> <span class='ocrx_word' id='word_1_110' title='bbox 1175 1462 1270 1516; x_wconf 90' lang='lat' dir='ltr'><strong>pro</strong></span> <span class='ocrx_word' id='word_1_111' title='bbox 1307 1449 1634 1516; x_wconf 79' lang='lat' dir='ltr'><strong>perfectione</strong></span> <span class='ocrx_word' id='word_1_112' title='bbox 1663 1450 1745 1505; x_wconf 91' lang='lat' dir='ltr'><strong>bis</strong></span> <span class='ocrx_word' id='word_1_113' title='bbox 1772 1451 1880 1504; x_wconf 91' lang='lat' dir='ltr'><strong>tin-</strong></span> 
     </span>
    </p>
   </div>
   <div class='ocr_carea' id='block_1_16' title="bbox 293 1538 1875 1610">
    <p class='ocr_par' dir='ltr' id='par_1_16' title="bbox 293 1538 1875 1610">
     <span class='ocr_line' id='line_1_16' title="bbox 293 1538 1875 1610; baseline 0.005 -21"><span class='ocrx_word' id='word_1_114' title='bbox 293 1539 458 1606; x_wconf 84' lang='lat' dir='ltr'><strong>gitur,</strong></span> <span class='ocrx_word' id='word_1_115' title='bbox 483 1539 604 1606; x_wconf 89' lang='lat' dir='ltr'><strong>quia</strong></span> <span class='ocrx_word' id='word_1_116' title='bbox 633 1538 722 1592; x_wconf 90' lang='lat' dir='ltr'><strong>Dei</strong></span> <span class='ocrx_word' id='word_1_117' title='bbox 747 1546 800 1591; x_wconf 90' lang='lat' dir='ltr'><strong>et</strong></span> <span class='ocrx_word' id='word_1_118' title='bbox 824 1539 1054 1605; x_wconf 82' lang='lat' dir='ltr'><strong>proximi</strong></span> <span class='ocrx_word' id='word_1_119' title='bbox 1080 1539 1369 1594; x_wconf 86' lang='lat' dir='ltr'><strong>dilectione</strong></span> <span class='ocrx_word' id='word_1_120' title='bbox 1390 1541 1713 1596; x_wconf 84' lang='lat' dir='ltr'><strong>decoratur?</strong></span> <span class='ocrx_word' id='word_1_121' title='bbox 1739 1543 1875 1610; x_wconf 89' lang='lat' dir='ltr'><strong>Quid</strong></span> 
     </span>
    </p>
   </div>
   <div class='ocr_carea' id='block_1_17' title="bbox 298 1630 1883 1704">
    <p class='ocr_par' dir='ltr' id='par_1_17' title="bbox 298 1630 1883 1704">
     <span class='ocr_line' id='line_1_17' title="bbox 298 1630 1883 1704; baseline 0.004 -22"><span class='ocrx_word' id='word_1_122' title='bbox 298 1645 392 1698; x_wconf 88' lang='lat' dir='ltr'><strong>per</strong></span> <span class='ocrx_word' id='word_1_123' title='bbox 423 1630 636 1700; x_wconf 81' lang='lat' dir='ltr'><strong>byssum</strong></span> <span class='ocrx_word' id='word_1_124' title='bbox 687 1630 788 1684; x_wconf 89' lang='lat' dir='ltr'><strong>nisi</strong></span> <span class='ocrx_word' id='word_1_125' title='bbox 825 1631 1160 1686; x_wconf 89' lang='lat' dir='ltr'><strong>imtnaculata</strong></span> <span class='ocrx_word' id='word_1_126' title='bbox 1190 1633 1368 1687; x_wconf 88' lang='lat' dir='ltr'><strong>carnis</strong></span> <span class='ocrx_word' id='word_1_127' title='bbox 1395 1631 1787 1704; x_wconf 46' lang='lat' dir='ltr'><strong>&#39;incorruptio‘f</strong></span> <span class='ocrx_word' id='word_1_128' title='bbox 1817 1636 1883 1689; x_wconf 85' lang='lat' dir='ltr'><strong>Et</strong></span> 
     </span>
    </p>
   </div>
   <div class='ocr_carea' id='block_1_18' title="bbox 293 1721 1881 1797">
    <p class='ocr_par' dir='ltr' id='par_1_18' title="bbox 293 1721 1881 1797">
     <span class='ocr_line' id='line_1_18' title="bbox 293 1721 1881 1797; baseline 0.006 -25"><span class='ocrx_word' id='word_1_129' title='bbox 293 1721 420 1790; x_wconf 86' lang='lat' dir='ltr'><strong>quid</strong></span> <span class='ocrx_word' id='word_1_130' title='bbox 452 1736 546 1791; x_wconf 92' lang='lat' dir='ltr'><strong>per</strong></span> <span class='ocrx_word' id='word_1_131' title='bbox 587 1723 724 1790; x_wconf 93' lang='lat' dir='ltr'><strong>pilos</strong></span> <span class='ocrx_word' id='word_1_132' title='bbox 751 1738 1059 1791; x_wconf 90' lang='lat' dir='ltr'><strong>caprarum,</strong></span> <span class='ocrx_word' id='word_1_133' title='bbox 1085 1739 1152 1778; x_wconf 82' lang='lat' dir='ltr'><strong>ex</strong></span> <span class='ocrx_word' id='word_1_134' title='bbox 1186 1724 1376 1790; x_wconf 85' lang='lat' dir='ltr'><strong>quibus</strong></span> <span class='ocrx_word' id='word_1_135' title='bbox 1404 1725 1697 1779; x_wconf 90' lang='lat' dir='ltr'><strong>ciliciorum</strong></span> <span class='ocrx_word' id='word_1_136' title='bbox 1728 1740 1881 1797; x_wconf 87' lang='lat' dir='ltr'><strong>aspe-</strong></span> 
     </span>
    </p>
   </div>
   <div class='ocr_carea' id='block_1_19' title="bbox 1982 515 3566 585">
    <p class='ocr_par' dir='ltr' id='par_1_19' title="bbox 1982 515 3566 585">
     <span class='ocr_line' id='line_1_19' title="bbox 1982 515 3566 585; baseline 0.003 -17"><span class='ocrx_word' id='word_1_137' title='bbox 1982 515 2077 568; x_wconf 86' lang='lat' dir='ltr'><strong>vit.</strong></span> <span class='ocrx_word' id='word_1_138' title='bbox 2110 515 2212 585; x_wconf 89' lang='lat' dir='ltr'><strong>Ipsi</strong></span> <span class='ocrx_word' id='word_1_139' title='bbox 2241 515 2438 584; x_wconf 88' lang='lat' dir='ltr'><strong>quippe</strong></span> <span class='ocrx_word' id='word_1_140' title='bbox 2459 516 2620 570; x_wconf 87' lang='lat' dir='ltr'><strong>catuli</strong></span> <span class='ocrx_word' id='word_1_141' title='bbox 2649 529 2746 585; x_wconf 91' lang='lat' dir='ltr'><strong>pro</strong></span> <span class='ocrx_word' id='word_1_142' title='bbox 2767 517 2962 571; x_wconf 87' lang='lat' dir='ltr'><strong>mentis</strong></span> <span class='ocrx_word' id='word_1_143' title='bbox 2988 515 3344 573; x_wconf 83' lang='lat' dir='ltr'><strong>teneritudine</strong></span> <span class='ocrx_word' id='word_1_144' title='bbox 3371 527 3426 572; x_wconf 88' lang='lat' dir='ltr'><strong>et</strong></span> <span class='ocrx_word' id='word_1_145' title='bbox 3455 517 3566 574; x_wconf 86' lang='lat' dir='ltr'><strong>for-</strong></span> 
     </span>
    </p>
   </div>
   <div class='ocr_carea' id='block_1_20' title="bbox 1981 608 3560 678">
    <p class='ocr_par' dir='ltr' id='par_1_20' title="bbox 1981 608 3560 678">
     <span class='ocr_line' id='line_1_20' title="bbox 1981 608 3560 678; baseline 0.001 -13"><span class='ocrx_word' id='word_1_146' title='bbox 1981 609 2198 665; x_wconf 88' lang='lat' dir='ltr'><strong>midinis</strong></span> <span class='ocrx_word' id='word_1_147' title='bbox 2227 608 2532 664; x_wconf 84' lang='lat' dir='ltr'><strong>inlirmitate</strong></span> <span class='ocrx_word' id='word_1_148' title='bbox 2567 609 2739 664; x_wconf 78' lang='lat' dir='ltr'><strong>vocati</strong></span> <span class='ocrx_word' id='word_1_149' title='bbox 2771 616 2915 676; x_wconf 89' lang='lat' dir='ltr'><strong>sunt,</strong></span> <span class='ocrx_word' id='word_1_150' title='bbox 2943 610 3092 678; x_wconf 88' lang='lat' dir='ltr'><strong>quia,</strong></span> <span class='ocrx_word' id='word_1_151' title='bbox 3127 623 3284 678; x_wconf 87' lang='lat' dir='ltr'><strong>passo</strong></span> <span class='ocrx_word' id='word_1_152' title='bbox 3314 609 3560 677; x_wconf 92' lang='lat' dir='ltr'><strong>Domino,</strong></span> 
     </span>
    </p>
   </div>
   <div class='ocr_carea' id='block_1_21' title="bbox 1983 698 3568 772">
    <p class='ocr_par' dir='ltr' id='par_1_21' title="bbox 1983 698 3568 772">
     <span class='ocr_line' id='line_1_21' title="bbox 1983 698 3568 772; baseline 0.003 -18"><span class='ocrx_word' id='word_1_153' title='bbox 1983 700 2177 756; x_wconf 86' lang='lat' dir='ltr'><strong>clausis</strong></span> <span class='ocrx_word' id='word_1_154' title='bbox 2244 698 2452 754; x_wconf 84' lang='lat' dir='ltr'><strong>foribus</strong></span> <span class='ocrx_word' id='word_1_155' title='bbox 2497 700 2825 765; x_wconf 85' lang='lat' dir='ltr'><strong>residebant,</strong></span> <span class='ocrx_word' id='word_1_156' title='bbox 2876 700 3014 755; x_wconf 81' lang='lat' dir='ltr'><strong>sicut</strong></span> <span class='ocrx_word' id='word_1_157' title='bbox 3059 699 3126 754; x_wconf 86' lang='lat' dir='ltr'><strong>de</strong></span> <span class='ocrx_word' id='word_1_158' title='bbox 3156 699 3262 756; x_wconf 86' lang='lat' dir='ltr'><strong>illis</strong></span> <span class='ocrx_word' id='word_1_159' title='bbox 3309 701 3568 772; x_wconf 89' lang='lat' dir='ltr'><strong>scriptum</strong></span> 
     </span>
    </p>
   </div>
   <div class='ocr_carea' id='block_1_22' title="bbox 1981 791 3568 864">
    <p class='ocr_par' dir='ltr' id='par_1_22' title="bbox 1981 791 3568 864">
     <span class='ocr_line' id='line_1_22' title="bbox 1981 791 3568 864; baseline 0.001 -16"><span class='ocrx_word' id='word_1_160' title='bbox 1981 802 2099 848; x_wconf 86' lang='lat' dir='ltr'><strong>est:</strong></span> <span class='ocrx_word' id='word_1_161' title='bbox 2131 793 2255 846; x_wconf 86' lang='lat' dir='ltr'><strong>Cum</strong></span> <span class='ocrx_word' id='word_1_162' title='bbox 2278 799 2406 846; x_wconf 87' lang='lat' dir='ltr'><strong>esset</strong></span> <span class='ocrx_word' id='word_1_163' title='bbox 2432 807 2543 846; x_wconf 88' lang='lat' dir='ltr'><strong>sero</strong></span> <span class='ocrx_word' id='word_1_164' title='bbox 2568 792 2650 845; x_wconf 90' lang='lat' dir='ltr'><strong>die</strong></span> <span class='ocrx_word' id='word_1_165' title='bbox 2677 792 2767 846; x_wconf 90' lang='lat' dir='ltr'><strong>illo</strong></span> <span class='ocrx_word' id='word_1_166' title='bbox 2805 808 2909 844; x_wconf 86' lang='lat' dir='ltr'><strong>una</strong></span> <span class='ocrx_word' id='word_1_167' title='bbox 2949 791 3310 858; x_wconf 86' lang='lat' dir='ltr'><strong>Sabbatorum,</strong></span> <span class='ocrx_word' id='word_1_168' title='bbox 3357 805 3404 847; x_wconf 88' lang='lat' dir='ltr'><strong>et</strong></span> <span class='ocrx_word' id='word_1_169' title='bbox 3433 795 3568 864; x_wconf 82' lang='lat' dir='ltr'><strong>fores</strong></span> 
     </span>
    </p>
   </div>
   <div class='ocr_carea' id='block_1_23' title="bbox 1982 885 3568 960">
    <p class='ocr_par' dir='ltr' id='par_1_23' title="bbox 1982 885 3568 960">
     <span class='ocr_line' id='line_1_23' title="bbox 1982 885 3568 960; baseline 0.001 -19"><span class='ocrx_word' id='word_1_170' title='bbox 1982 895 2146 941; x_wconf 90' lang='lat' dir='ltr'><strong>essent</strong></span> <span class='ocrx_word' id='word_1_171' title='bbox 2185 886 2376 941; x_wconf 77' lang='lat' dir='ltr'><strong>clausa:</strong></span> <span class='ocrx_word' id='word_1_172' title='bbox 2422 885 2506 939; x_wconf 90' lang='lat' dir='ltr'><strong>ubi</strong></span> <span class='ocrx_word' id='word_1_173' title='bbox 2547 894 2695 938; x_wconf 86' lang='lat' dir='ltr'><strong>erant</strong></span> <span class='ocrx_word' id='word_1_174' title='bbox 2743 885 2985 952; x_wconf 89' lang='lat' dir='ltr'><strong>discipuli</strong></span> <span class='ocrx_word' id='word_1_175' title='bbox 3033 889 3325 957; x_wconf 82' lang='lat' dir='ltr'><strong>congregati</strong></span> <span class='ocrx_word' id='word_1_176' title='bbox 3361 897 3568 960; x_wconf 79' lang='lat' dir='ltr'><strong>propter</strong></span> 
     </span>
    </p>
   </div>
   <div class='ocr_carea' id='block_1_24' title="bbox 1982 975 3568 1044">
    <p class='ocr_par' dir='ltr' id='par_1_24' title="bbox 1982 975 3568 1044">
     <span class='ocr_line' id='line_1_24' title="bbox 1982 975 3568 1044; baseline 0 -11"><span class='ocrx_word' id='word_1_177' title='bbox 1982 989 2172 1035; x_wconf 84' lang='lat' dir='ltr'><strong>metum</strong></span> <span class='ocrx_word' id='word_1_178' title='bbox 2209 977 2535 1044; x_wconf 71' lang='lat' dir='ltr'><strong>Judteorunt,</strong></span> <span class='ocrx_word' id='word_1_179' title='bbox 2569 979 2698 1032; x_wconf 86' lang='lat' dir='ltr'><strong>venit</strong></span> <span class='ocrx_word' id='word_1_180' title='bbox 2742 975 2910 1040; x_wconf 75' lang='lat' dir='ltr'><strong>Iesus,</strong></span> <span class='ocrx_word' id='word_1_181' title='bbox 2955 986 3003 1030; x_wconf 90' lang='lat' dir='ltr'><strong>et</strong></span> <span class='ocrx_word' id='word_1_182' title='bbox 3043 977 3178 1030; x_wconf 81' lang='lat' dir='ltr'><strong>stetit</strong></span> <span class='ocrx_word' id='word_1_183' title='bbox 3209 979 3262 1030; x_wconf 92' lang='lat' dir='ltr'><strong>in</strong></span> <span class='ocrx_word' id='word_1_184' title='bbox 3289 978 3454 1033; x_wconf 88' lang='lat' dir='ltr'><strong>medio</strong></span> <span class='ocrx_word' id='word_1_185' title='bbox 3481 995 3568 1033; x_wconf 82' lang='lat' dir='ltr'><strong>eo-</strong></span> 
     </span>
    </p>
   </div>
   <div class='ocr_carea' id='block_1_25' title="bbox 1981 1068 3566 1143">
    <p class='ocr_par' dir='ltr' id='par_1_25' title="bbox 1981 1068 3566 1143">
     <span class='ocr_line' id='line_1_25' title="bbox 1981 1068 3566 1143; baseline -0.001 -17"><span class='ocrx_word' id='word_1_186' title='bbox 1981 1088 2096 1126; x_wconf 87' lang='lat' dir='ltr'><strong>rum</strong></span> <span class='ocrx_word' id='word_1_187' title='bbox 2121 1071 2306 1143; x_wconf 84' lang='lat' dir='ltr'><strong>(Joan.</strong></span> <span class='ocrx_word' id='word_1_188' title='bbox 2339 1087 2429 1139; x_wconf 79' lang='lat' dir='ltr'><strong>xx,</strong></span> <span class='ocrx_word' id='word_1_189' title='bbox 2463 1069 2576 1140; x_wconf 81' lang='lat' dir='ltr'><strong>l9).</strong></span> <span class='ocrx_word' id='word_1_190' title='bbox 2622 1069 2770 1127; x_wconf 88' lang='lat' dir='ltr'><strong>Unde</strong></span> <span class='ocrx_word' id='word_1_191' title='bbox 2797 1068 2884 1126; x_wconf 87' lang='lat' dir='ltr'><strong>hic</strong></span> <span class='ocrx_word' id='word_1_192' title='bbox 2910 1084 3121 1141; x_wconf 88' lang='lat' dir='ltr'><strong>quoque</strong></span> <span class='ocrx_word' id='word_1_193' title='bbox 3146 1068 3216 1125; x_wconf 89' lang='lat' dir='ltr'><strong>de</strong></span> <span class='ocrx_word' id='word_1_194' title='bbox 3243 1069 3448 1126; x_wconf 82' lang='lat' dir='ltr'><strong>eisdem</strong></span> <span class='ocrx_word' id='word_1_195' title='bbox 3471 1085 3566 1125; x_wconf 83' lang='lat' dir='ltr'><strong>ca-</strong></span> 
     </span>
    </p>
   </div>
   <div class='ocr_carea' id='block_1_26' title="bbox 1991 1169 2684 1239">
    <p class='ocr_par' dir='ltr' id='par_1_26' title="bbox 1991 1169 2684 1239">
     <span class='ocr_line' id='line_1_26' title="bbox 1991 1169 2684 1239; baseline -0.006 -15"><span class='ocrx_word' id='word_1_196' title='bbox 1991 1169 2118 1224; x_wconf 89' lang='lat' dir='ltr'><strong>tulis</strong></span> <span class='ocrx_word' id='word_1_197' title='bbox 2149 1178 2272 1239; x_wconf 86' lang='lat' dir='ltr'><strong>apte</strong></span> <span class='ocrx_word' id='word_1_198' title='bbox 2308 1169 2646 1239; x_wconf 72' lang='lat' dir='ltr'><strong>subiungitur</strong></span> <span class='ocrx_word' id='word_1_199' title='bbox 2672 1186 2684 1220; x_wconf 88' lang='lat'><strong>:</strong></span> 
     </span>
    </p>
   </div>
   <div class='ocr_carea' id='block_1_27' title="bbox 2570 1259 2971 1317">
    <p class='ocr_par' dir='ltr' id='par_1_27' title="bbox 2570 1259 2971 1317">
     <span class='ocr_line' id='line_1_27' title="bbox 2570 1259 2971 1317; baseline 0 -1"><span class='ocrx_word' id='word_1_200' title='bbox 2570 1261 2797 1317; x_wconf 76' lang='lat' dir='ltr'><strong>CAPUT</strong></span> <span class='ocrx_word' id='word_1_201' title='bbox 2838 1259 2971 1316; x_wconf 81' lang='lat' dir='ltr'><strong>VIII.</strong></span> 
     </span>
    </p>
   </div>
   <div class='ocr_carea' id='block_1_28' title="bbox 2059 1352 3562 1425">
    <p class='ocr_par' dir='ltr' id='par_1_28' title="bbox 2059 1352 3562 1425">
     <span class='ocr_line' id='line_1_28' title="bbox 2059 1352 3562 1425; baseline 0.002 -19"><span class='ocrx_word' id='word_1_202' title='bbox 2059 1352 2218 1408; x_wconf 78' lang='lat' dir='ltr'><strong>Vens.</strong></span> <span class='ocrx_word' id='word_1_203' title='bbox 2253 1368 2341 1408; x_wconf 77' lang='grc' dir='ltr'><strong>η.</strong></span> <span class='ocrx_word' id='word_1_204' title='bbox 2371 1383 2440 1394; x_wconf 93' lang='grc'><strong><em>-</em></strong></span> <span class='ocrx_word' id='word_1_205' title='bbox 2471 1353 2689 1421; x_wconf 85' lang='lat' dir='ltr'><strong>Quando</strong></span> <span class='ocrx_word' id='word_1_206' title='bbox 2717 1352 2902 1409; x_wconf 82' lang='lat' dir='ltr'><strong>cubant</strong></span> <span class='ocrx_word' id='word_1_207' title='bbox 2943 1354 2996 1407; x_wconf 89' lang='lat' dir='ltr'><strong>in</strong></span> <span class='ocrx_word' id='word_1_208' title='bbox 3025 1353 3208 1418; x_wconf 79' lang='lat' dir='ltr'><strong>antris,</strong></span> <span class='ocrx_word' id='word_1_209' title='bbox 3232 1362 3280 1408; x_wconf 87' lang='lat' dir='ltr'><strong>et</strong></span> <span class='ocrx_word' id='word_1_210' title='bbox 3305 1355 3361 1407; x_wconf 88' lang='lat' dir='ltr'><strong>in</strong></span> <span class='ocrx_word' id='word_1_211' title='bbox 3389 1369 3562 1425; x_wconf 54' lang='lat' dir='ltr'><strong>specu.</strong></span> 
     </span>
    </p>
   </div>
   <div class='ocr_carea' id='block_1_29' title="bbox 1985 1447 2434 1503">
    <p class='ocr_par' dir='ltr' id='par_1_29' title="bbox 1985 1447 2434 1503">
     <span class='ocr_line' id='line_1_29' title="bbox 1985 1447 2434 1503; baseline 0 -1"><span class='ocrx_word' id='word_1_212' title='bbox 1985 1447 2074 1502; x_wconf 89' lang='lat' dir='ltr'><strong>bus</strong></span> <span class='ocrx_word' id='word_1_213' title='bbox 2099 1447 2434 1503; x_wconf 78' lang='lat' dir='ltr'><strong>insidiantur.</strong></span> 
     </span>
    </p>
   </div>
   <div class='ocr_carea' id='block_1_30' title="bbox 2051 1538 3563 1615">
    <p class='ocr_par' dir='ltr' id='par_1_30' title="bbox 2051 1538 3563 1615">
     <span class='ocr_line' id='line_1_30' title="bbox 2051 1538 3563 1615; baseline 0.005 -24"><span class='ocrx_word' id='word_1_214' title='bbox 2051 1539 2141 1594; x_wconf 78' lang='lat'><strong>9.6.</strong></span> <span class='ocrx_word' id='word_1_215' title='bbox 2177 1538 2242 1594; x_wconf 89' lang='lat' dir='ltr'><strong>In</strong></span> <span class='ocrx_word' id='word_1_216' title='bbox 2267 1543 2430 1594; x_wconf 81' lang='lat' dir='ltr'><strong>antris</strong></span> <span class='ocrx_word' id='word_1_217' title='bbox 2460 1541 2602 1608; x_wconf 88' lang='lat' dir='ltr'><strong>prius</strong></span> <span class='ocrx_word' id='word_1_218' title='bbox 2631 1540 2904 1605; x_wconf 85' lang='lat' dir='ltr'><strong>cubarunt,</strong></span> <span class='ocrx_word' id='word_1_219' title='bbox 2927 1541 3062 1594; x_wconf 85' lang='lat' dir='ltr'><strong>unde</strong></span> <span class='ocrx_word' id='word_1_220' title='bbox 3084 1541 3136 1595; x_wconf 86' lang='lat' dir='ltr'><strong>in</strong></span> <span class='ocrx_word' id='word_1_221' title='bbox 3165 1543 3408 1597; x_wconf 86' lang='lat' dir='ltr'><strong>mundum</strong></span> <span class='ocrx_word' id='word_1_222' title='bbox 3435 1560 3563 1615; x_wconf 81' lang='lat' dir='ltr'><strong>prce-</strong></span> 
     </span>
    </p>
   </div>
   <div class='ocr_carea' id='block_1_31' title="bbox 1981 1633 3569 1708">
    <p class='ocr_par' dir='ltr' id='par_1_31' title="bbox 1981 1633 3569 1708">
     <span class='ocr_line' id='line_1_31' title="bbox 1981 1633 3569 1708; baseline 0.005 -21"><span class='ocrx_word' id='word_1_223' title='bbox 1981 1633 2075 1688; x_wconf 89' lang='lat' dir='ltr'><strong>das</strong></span> <span class='ocrx_word' id='word_1_224' title='bbox 2101 1636 2266 1688; x_wconf 89' lang='lat' dir='ltr'><strong>acturi</strong></span> <span class='ocrx_word' id='word_1_225' title='bbox 2291 1636 2610 1690; x_wconf 75' lang='lat' dir='ltr'><strong>exsitiernnt.</strong></span> <span class='ocrx_word' id='word_1_226' title='bbox 2641 1665 2712 1676; x_wconf 89' lang='lat'><strong><em>—</em></strong></span> <span class='ocrx_word' id='word_1_227' title='bbox 2741 1634 2876 1690; x_wconf 90' lang='lat' dir='ltr'><strong>Cum</strong></span> <span class='ocrx_word' id='word_1_228' title='bbox 2904 1636 3046 1690; x_wconf 87' lang='lat' dir='ltr'><strong>enim</strong></span> <span class='ocrx_word' id='word_1_229' title='bbox 3078 1651 3412 1708; x_wconf 89' lang='lat' dir='ltr'><strong>nequaquam</strong></span> <span class='ocrx_word' id='word_1_230' title='bbox 3442 1654 3569 1695; x_wconf 85' lang='lat' dir='ltr'><strong>san-</strong></span> 
     </span>
    </p>
   </div>
   <div class='ocr_carea' id='block_1_32' title="bbox 1982 1728 3568 1796">
    <p class='ocr_par' dir='ltr' id='par_1_32' title="bbox 1982 1728 3568 1796">
     <span class='ocr_line' id='line_1_32' title="bbox 1982 1728 3568 1796; baseline 0.004 -15"><span class='ocrx_word' id='word_1_231' title='bbox 1982 1728 2054 1782; x_wconf 91' lang='lat' dir='ltr'><strong>cti</strong></span> <span class='ocrx_word' id='word_1_232' title='bbox 2097 1728 2322 1796; x_wconf 82' lang='lat' dir='ltr'><strong>apostoli</strong></span> <span class='ocrx_word' id='word_1_233' title='bbox 2375 1738 2560 1783; x_wconf 90' lang='lat' dir='ltr'><strong>contra</strong></span> <span class='ocrx_word' id='word_1_234' title='bbox 2593 1730 2829 1784; x_wconf 88' lang='lat' dir='ltr'><strong>membra</strong></span> <span class='ocrx_word' id='word_1_235' title='bbox 2881 1729 3079 1784; x_wconf 89' lang='lat' dir='ltr'><strong>diaboli</strong></span> <span class='ocrx_word' id='word_1_236' title='bbox 3122 1731 3175 1786; x_wconf 91' lang='lat' dir='ltr'><strong>in</strong></span> <span class='ocrx_word' id='word_1_237' title='bbox 3220 1746 3352 1788; x_wconf 83' lang='lat' dir='ltr'><strong>voce</strong></span> <span class='ocrx_word' id='word_1_238' title='bbox 3386 1733 3568 1788; x_wconf 70' lang='lat' dir='ltr'><strong>liberte</strong></span> 
     </span>
    </p>
   </div>
   <div class='ocr_carea' id='block_1_33' title="bbox 295 1813 3570 1897">
    <p class='ocr_par' dir='ltr' id='par_1_33' title="bbox 295 1813 3570 1897">
     <span class='ocr_line' id='line_1_33' title="bbox 295 1813 3570 1897; baseline 0.005 -31"><span class='ocrx_word' id='word_1_239' title='bbox 295 1814 428 1866; x_wconf 87' lang='lat' dir='ltr'><strong>ritas</strong></span> <span class='ocrx_word' id='word_1_240' title='bbox 457 1814 675 1878; x_wconf 73' lang='lat' dir='ltr'><strong>texitur,</strong></span> <span class='ocrx_word' id='word_1_241' title='bbox 705 1813 805 1866; x_wconf 91' lang='lat' dir='ltr'><strong>nisi</strong></span> <span class='ocrx_word' id='word_1_242' title='bbox 832 1813 962 1868; x_wconf 88' lang='lat' dir='ltr'><strong>dura</strong></span> <span class='ocrx_word' id='word_1_243' title='bbox 993 1815 1366 1881; x_wconf 79' lang='lat' dir='ltr'><strong>paenitentium</strong></span> <span class='ocrx_word' id='word_1_244' title='bbox 1397 1815 1614 1870; x_wconf 80' lang='lat' dir='ltr'><strong>afﬂictio</strong></span> <span class='ocrx_word' id='word_1_245' title='bbox 1636 1817 1886 1886; x_wconf 81' lang='lat' dir='ltr'><strong>designa-</strong></span> <span class='ocrx_word' id='word_1_246' title='bbox 1918 1815 1967 1876; x_wconf 88' lang='lat' dir='ltr'><strong>B</strong></span> <span class='ocrx_word' id='word_1_247' title='bbox 1993 1821 2386 1889; x_wconf 70' lang='lat' dir='ltr'><strong>praedicationis</strong></span> <span class='ocrx_word' id='word_1_248' title='bbox 2406 1833 2774 1893; x_wconf 77' lang='lat' dir='ltr'><strong>exsurgerent,</strong></span> <span class='ocrx_word' id='word_1_249' title='bbox 2799 1832 2853 1880; x_wconf 88' lang='lat' dir='ltr'><strong>et</strong></span> <span class='ocrx_word' id='word_1_250' title='bbox 2876 1825 3100 1880; x_wconf 90' lang='lat' dir='ltr'><strong>necdum</strong></span> <span class='ocrx_word' id='word_1_251' title='bbox 3125 1835 3246 1895; x_wconf 90' lang='lat' dir='ltr'><strong>post</strong></span> <span class='ocrx_word' id='word_1_252' title='bbox 3267 1828 3570 1897; x_wconf 80' lang='lat' dir='ltr'><strong>passionem</strong></span> 
     </span>
    </p>
   </div>
   <div class='ocr_carea' id='block_1_34' title="bbox 295 1903 1881 1974">
    <p class='ocr_par' dir='ltr' id='par_1_34' title="bbox 295 1903 1881 1974">
     <span class='ocr_line' id='line_1_34' title="bbox 295 1903 1881 1974; baseline 0.004 -17"><span class='ocrx_word' id='word_1_253' title='bbox 295 1904 426 1958; x_wconf 80' lang='lat' dir='ltr'><strong>tur?</strong></span> <span class='ocrx_word' id='word_1_254' title='bbox 451 1905 577 1956; x_wconf 77' lang='lat' dir='ltr'><strong>[tum</strong></span> <span class='ocrx_word' id='word_1_255' title='bbox 597 1903 757 1974; x_wconf 80' lang='lat' dir='ltr'><strong>igitur</strong></span> <span class='ocrx_word' id='word_1_256' title='bbox 785 1904 874 1958; x_wconf 92' lang='lat' dir='ltr'><strong>alii</strong></span> <span class='ocrx_word' id='word_1_257' title='bbox 901 1920 995 1974; x_wconf 91' lang='lat' dir='ltr'><strong>per</strong></span> <span class='ocrx_word' id='word_1_258' title='bbox 1016 1906 1254 1961; x_wconf 83' lang='lat' dir='ltr'><strong>armillas</strong></span> <span class='ocrx_word' id='word_1_259' title='bbox 1281 1916 1338 1961; x_wconf 89' lang='lat' dir='ltr'><strong>et</strong></span> <span class='ocrx_word' id='word_1_260' title='bbox 1355 1908 1580 1962; x_wconf 90' lang='lat' dir='ltr'><strong>annulos</strong></span> <span class='ocrx_word' id='word_1_261' title='bbox 1607 1909 1740 1963; x_wconf 87' lang='lat' dir='ltr'><strong>forte</strong></span> <span class='ocrx_word' id='word_1_262' title='bbox 1768 1924 1881 1963; x_wconf 89' lang='lat' dir='ltr'><strong>ma-</strong></span> 
     </span>
    </p>
   </div>
   <div class='ocr_carea' id='block_1_35' title="bbox 293 2000 1882 2071">
    <p class='ocr_par' dir='ltr' id='par_1_35' title="bbox 293 2000 1882 2071">
     <span class='ocr_line' id='line_1_35' title="bbox 293 2000 1882 2071; baseline 0.004 -19"><span class='ocrx_word' id='word_1_263' title='bbox 293 2000 566 2071; x_wconf 88' lang='lat' dir='ltr'><strong>gisterium</strong></span> <span class='ocrx_word' id='word_1_264' title='bbox 592 2011 865 2064; x_wconf 79' lang='lat' dir='ltr'><strong>exercent,</strong></span> <span class='ocrx_word' id='word_1_265' title='bbox 889 2001 978 2056; x_wconf 82' lang='lat' dir='ltr'><strong>alii</strong></span> <span class='ocrx_word' id='word_1_266' title='bbox 1003 2003 1322 2069; x_wconf 89' lang='lat' dir='ltr'><strong>perinaures</strong></span> <span class='ocrx_word' id='word_1_267' title='bbox 1336 2013 1392 2057; x_wconf 93' lang='lat' dir='ltr'><strong>et</strong></span> <span class='ocrx_word' id='word_1_268' title='bbox 1420 2004 1687 2058; x_wconf 81' lang='lat' dir='ltr'><strong>dextralia</strong></span> <span class='ocrx_word' id='word_1_269' title='bbox 1718 2003 1882 2059; x_wconf 82' lang='lat' dir='ltr'><strong>devo-</strong></span> 
     </span>
    </p>
   </div>
   <div class='ocr_carea' id='block_1_36' title="bbox 298 2093 1873 2166">
    <p class='ocr_par' dir='ltr' id='par_1_36' title="bbox 298 2093 1873 2166">
     <span class='ocr_line' id='line_1_36' title="bbox 298 2093 1873 2166; baseline 0.004 -20"><span class='ocrx_word' id='word_1_270' title='bbox 298 2104 405 2146; x_wconf 87' lang='lat' dir='ltr'><strong>tam</strong></span> <span class='ocrx_word' id='word_1_271' title='bbox 438 2093 794 2148; x_wconf 81' lang='lat' dir='ltr'><strong>obedientiam</strong></span> <span class='ocrx_word' id='word_1_272' title='bbox 834 2104 1142 2164; x_wconf 89' lang='lat' dir='ltr'><strong>rectamque</strong></span> <span class='ocrx_word' id='word_1_273' title='bbox 1189 2099 1554 2166; x_wconf 87' lang='lat' dir='ltr'><strong>operationem</strong></span> <span class='ocrx_word' id='word_1_274' title='bbox 1602 2097 1873 2166; x_wconf 79' lang='lat' dir='ltr'><strong>exhibent,</strong></span> 
     </span>
    </p>
   </div>
   <div class='ocr_carea' id='block_1_37' title="bbox 293 2184 1879 2256">
    <p class='ocr_par' dir='ltr' id='par_1_37' title="bbox 293 2184 1879 2256">
     <span class='ocr_line' id='line_1_37' title="bbox 293 2184 1879 2256; baseline 0.005 -20"><span class='ocrx_word' id='word_1_275' title='bbox 293 2184 382 2238; x_wconf 88' lang='lat' dir='ltr'><strong>alii</strong></span> <span class='ocrx_word' id='word_1_276' title='bbox 416 2199 510 2254; x_wconf 90' lang='lat' dir='ltr'><strong>per</strong></span> <span class='ocrx_word' id='word_1_277' title='bbox 552 2195 853 2252; x_wconf 88' lang='lat' dir='ltr'><strong>separatum</strong></span> <span class='ocrx_word' id='word_1_278' title='bbox 888 2201 981 2239; x_wconf 83' lang='lat' dir='ltr'><strong>vas</strong></span> <span class='ocrx_word' id='word_1_279' title='bbox 1022 2202 1240 2241; x_wconf 91' lang='lat' dir='ltr'><strong>aureum</strong></span> <span class='ocrx_word' id='word_1_280' title='bbox 1284 2188 1594 2256; x_wconf 74' lang='lat' dir='ltr'><strong>praeclaram</strong></span> <span class='ocrx_word' id='word_1_281' title='bbox 1633 2190 1879 2244; x_wconf 88' lang='lat' dir='ltr'><strong>subtilio-</strong></span> 
     </span>
    </p>
   </div>
   <div class='ocr_carea' id='block_1_38' title="bbox 288 2279 1880 2356">
    <p class='ocr_par' dir='ltr' id='par_1_38' title="bbox 288 2279 1880 2356">
     <span class='ocr_line' id='line_1_38' title="bbox 288 2279 1880 2356; baseline 0.004 -22"><span class='ocrx_word' id='word_1_282' title='bbox 288 2293 512 2348; x_wconf 87' lang='lat' dir='ltr'><strong>remque</strong></span> <span class='ocrx_word' id='word_1_283' title='bbox 540 2279 628 2335; x_wconf 89' lang='lat' dir='ltr'><strong>Dei</strong></span> <span class='ocrx_word' id='word_1_284' title='bbox 681 2280 1084 2351; x_wconf 81' lang='lat' dir='ltr'><strong>intelligentiam</strong></span> <span class='ocrx_word' id='word_1_285' title='bbox 1137 2291 1358 2348; x_wconf 88' lang='lat' dir='ltr'><strong>tenent;</strong></span> <span class='ocrx_word' id='word_1_286' title='bbox 1403 2284 1492 2340; x_wconf 88' lang='lat' dir='ltr'><strong>alii</strong></span> <span class='ocrx_word' id='word_1_287' title='bbox 1523 2301 1614 2354; x_wconf 90' lang='lat' dir='ltr'><strong>per</strong></span> <span class='ocrx_word' id='word_1_288' title='bbox 1661 2286 1880 2356; x_wconf 82' lang='lat' dir='ltr'><strong>hyacin-</strong></span> 
     </span>
    </p>
   </div>
   <div class='ocr_carea' id='block_1_39' title="bbox 245 2373 1874 2448">
    <p class='ocr_par' dir='ltr' id='par_1_39' title="bbox 245 2373 1874 2448">
     <span class='ocr_line' id='line_1_39' title="bbox 245 2373 1874 2448; baseline 0.006 -22"><span class='ocrx_word' id='word_1_289' title='bbox 245 2437 252 2442; x_wconf 30' lang='lat'><strong><em>‘</em></strong></span> <span class='ocrx_word' id='word_1_290' title='bbox 289 2373 462 2439; x_wconf 89' lang='lat' dir='ltr'><strong>thum,</strong></span> <span class='ocrx_word' id='word_1_291' title='bbox 495 2391 780 2445; x_wconf 90' lang='lat' dir='ltr'><strong>purpuram</strong></span> <span class='ocrx_word' id='word_1_292' title='bbox 811 2386 865 2430; x_wconf 93' lang='lat' dir='ltr'><strong>et</strong></span> <span class='ocrx_word' id='word_1_293' title='bbox 887 2391 1127 2445; x_wconf 88' lang='lat' dir='ltr'><strong>coccum,</strong></span> <span class='ocrx_word' id='word_1_294' title='bbox 1155 2378 1330 2432; x_wconf 89' lang='lat' dir='ltr'><strong>audita</strong></span> <span class='ocrx_word' id='word_1_295' title='bbox 1363 2380 1602 2434; x_wconf 62' lang='lat' dir='ltr'><strong>caelestia</strong></span> <span class='ocrx_word' id='word_1_296' title='bbox 1632 2395 1874 2448; x_wconf 88' lang='lat' dir='ltr'><strong>sperare,</strong></span> 
     </span>
    </p>
   </div>
   <div class='ocr_carea' id='block_1_40' title="bbox 290 2465 1881 2538">
    <p class='ocr_par' dir='ltr' id='par_1_40' title="bbox 290 2465 1881 2538">
     <span class='ocr_line' id='line_1_40' title="bbox 290 2465 1881 2538; baseline 0.004 -20"><span class='ocrx_word' id='word_1_297' title='bbox 290 2465 540 2527; x_wconf 78' lang='lat' dir='ltr'><strong>credere,</strong></span> <span class='ocrx_word' id='word_1_298' title='bbox 570 2480 751 2520; x_wconf 90' lang='lat' dir='ltr'><strong>amare</strong></span> <span class='ocrx_word' id='word_1_299' title='bbox 775 2482 880 2520; x_wconf 92' lang='lat' dir='ltr'><strong>non</strong></span> <span class='ocrx_word' id='word_1_300' title='bbox 910 2466 1181 2534; x_wconf 89' lang='lat' dir='ltr'><strong>desinunt,</strong></span> <span class='ocrx_word' id='word_1_301' title='bbox 1212 2467 1372 2524; x_wconf 88' lang='lat' dir='ltr'><strong>etiam</strong></span> <span class='ocrx_word' id='word_1_302' title='bbox 1397 2485 1516 2538; x_wconf 72' lang='lat' dir='ltr'><strong>qute</strong></span> <span class='ocrx_word' id='word_1_303' title='bbox 1553 2469 1729 2524; x_wconf 90' lang='lat' dir='ltr'><strong>adhuc</strong></span> <span class='ocrx_word' id='word_1_304' title='bbox 1756 2471 1881 2526; x_wconf 88' lang='lat' dir='ltr'><strong>sub-</strong></span> 
     </span>
    </p>
   </div>
   <div class='ocr_carea' id='block_1_41' title="bbox 289 2556 1878 2630">
    <p class='ocr_par' dir='ltr' id='par_1_41' title="bbox 289 2556 1878 2630">
     <span class='ocr_line' id='line_1_41' title="bbox 289 2556 1878 2630; baseline 0.004 -20"><span class='ocrx_word' id='word_1_305' title='bbox 289 2557 456 2610; x_wconf 84' lang='lat' dir='ltr'><strong>tiliori</strong></span> <span class='ocrx_word' id='word_1_306' title='bbox 484 2556 759 2612; x_wconf 85' lang='lat' dir='ltr'><strong>intellectu</strong></span> <span class='ocrx_word' id='word_1_307' title='bbox 790 2558 1009 2612; x_wconf 91' lang='lat' dir='ltr'><strong>minime</strong></span> <span class='ocrx_word' id='word_1_308' title='bbox 1031 2568 1392 2628; x_wconf 89' lang='lat' dir='ltr'><strong>cognoscunt,</strong></span> <span class='ocrx_word' id='word_1_309' title='bbox 1422 2561 1510 2614; x_wconf 86' lang='lat' dir='ltr'><strong>alii</strong></span> <span class='ocrx_word' id='word_1_310' title='bbox 1539 2576 1633 2628; x_wconf 92' lang='lat' dir='ltr'><strong>per</strong></span> <span class='ocrx_word' id='word_1_311' title='bbox 1659 2561 1878 2630; x_wconf 88' lang='lat' dir='ltr'><strong>byssunt</strong></span> 
     </span>
    </p>
   </div>
   <div class='ocr_carea' id='block_1_42' title="bbox 287 2647 1880 2719">
    <p class='ocr_par' dir='ltr' id='par_1_42' title="bbox 287 2647 1880 2719">
     <span class='ocr_line' id='line_1_42' title="bbox 287 2647 1880 2719; baseline 0.003 -17"><span class='ocrx_word' id='word_1_312' title='bbox 287 2647 750 2715; x_wconf 86' lang='lat' dir='ltr'><strong>Incorruptionem</strong></span> <span class='ocrx_word' id='word_1_313' title='bbox 802 2647 980 2702; x_wconf 89' lang='lat' dir='ltr'><strong>carnis</strong></span> <span class='ocrx_word' id='word_1_314' title='bbox 1017 2649 1247 2703; x_wconf 78' lang='lat' dir='ltr'><strong>oﬂerunt</strong></span> <span class='ocrx_word' id='word_1_315' title='bbox 1274 2667 1290 2716; x_wconf 91' lang='lat'><strong>;</strong></span> <span class='ocrx_word' id='word_1_316' title='bbox 1321 2651 1412 2704; x_wconf 91' lang='lat' dir='ltr'><strong>alii</strong></span> <span class='ocrx_word' id='word_1_317' title='bbox 1461 2664 1556 2719; x_wconf 89' lang='lat' dir='ltr'><strong>per</strong></span> <span class='ocrx_word' id='word_1_318' title='bbox 1600 2665 1880 2718; x_wconf 90' lang='lat' dir='ltr'><strong>caprarum</strong></span> 
     </span>
    </p>
   </div>
   <div class='ocr_carea' id='block_1_43' title="bbox 287 2738 1878 2810">
    <p class='ocr_par' dir='ltr' id='par_1_43' title="bbox 287 2738 1878 2810">
     <span class='ocr_line' id='line_1_43' title="bbox 287 2738 1878 2810; baseline 0.006 -20"><span class='ocrx_word' id='word_1_319' title='bbox 287 2739 431 2810; x_wconf 85' lang='lat' dir='ltr'><strong>pilos</strong></span> <span class='ocrx_word' id='word_1_320' title='bbox 460 2738 740 2806; x_wconf 84' lang='lat' dir='ltr'><strong>deplorant</strong></span> <span class='ocrx_word' id='word_1_321' title='bbox 777 2754 966 2807; x_wconf 86' lang='lat' dir='ltr'><strong>aspere</strong></span> <span class='ocrx_word' id='word_1_322' title='bbox 999 2741 1143 2808; x_wconf 91' lang='lat' dir='ltr'><strong>quod</strong></span> <span class='ocrx_word' id='word_1_323' title='bbox 1192 2742 1424 2797; x_wconf 91' lang='lat' dir='ltr'><strong>libenter</strong></span> <span class='ocrx_word' id='word_1_324' title='bbox 1452 2745 1878 2810; x_wconf 88' lang='lat' dir='ltr'><strong>commiserunt;</strong></span> 
     </span>
    </p>
   </div>
   <div class='ocr_carea' id='block_1_44' title="bbox 287 2830 1879 2905">
    <p class='ocr_par' dir='ltr' id='par_1_44' title="bbox 287 2830 1879 2905">
     <span class='ocr_line' id='line_1_44' title="bbox 287 2830 1879 2905; baseline 0.004 -21"><span class='ocrx_word' id='word_1_325' title='bbox 287 2830 442 2899; x_wconf 88' lang='lat' dir='ltr'><strong>quasi</strong></span> <span class='ocrx_word' id='word_1_326' title='bbox 484 2845 549 2885; x_wconf 78' lang='lat' dir='ltr'><strong>es</strong></span> <span class='ocrx_word' id='word_1_327' title='bbox 608 2846 710 2884; x_wconf 88' lang='lat' dir='ltr'><strong>uua</strong></span> <span class='ocrx_word' id='word_1_328' title='bbox 769 2839 909 2885; x_wconf 91' lang='lat' dir='ltr'><strong>terra</strong></span> <span class='ocrx_word' id='word_1_329' title='bbox 962 2831 1256 2888; x_wconf 76' lang='lat' dir='ltr'><strong>innumerae</strong></span> <span class='ocrx_word' id='word_1_330' title='bbox 1297 2833 1465 2905; x_wconf 77' lang='lat' dir='ltr'><strong>glebte</strong></span> <span class='ocrx_word' id='word_1_331' title='bbox 1512 2834 1879 2904; x_wconf 86' lang='lat' dir='ltr'><strong>proferuntur,</strong></span> 
     </span>
    </p>
   </div>
   <div class='ocr_carea' id='block_1_45' title="bbox 288 2924 1914 3006">
    <p class='ocr_par' dir='ltr' id='par_1_45' title="bbox 288 2924 1914 3006">
     <span class='ocr_line' id='line_1_45' title="bbox 288 2924 1914 3006; baseline 0.006 -31"><span class='ocrx_word' id='word_1_332' title='bbox 288 2924 414 2994; x_wconf 89' lang='lat' dir='ltr'><strong>quia</strong></span> <span class='ocrx_word' id='word_1_333' title='bbox 445 2939 510 2977; x_wconf 77' lang='lat' dir='ltr'><strong>ex</strong></span> <span class='ocrx_word' id='word_1_334' title='bbox 539 2939 646 2978; x_wconf 94' lang='lat' dir='ltr'><strong>uno</strong></span> <span class='ocrx_word' id='word_1_335' title='bbox 675 2933 728 2978; x_wconf 89' lang='lat' dir='ltr'><strong>et</strong></span> <span class='ocrx_word' id='word_1_336' title='bbox 755 2925 867 2994; x_wconf 90' lang='lat' dir='ltr'><strong>pari</strong></span> <span class='ocrx_word' id='word_1_337' title='bbox 907 2925 1165 2995; x_wconf 85' lang='lat' dir='ltr'><strong>obsequio</strong></span> <span class='ocrx_word' id='word_1_338' title='bbox 1194 2926 1330 2982; x_wconf 83' lang='lat' dir='ltr'><strong>facta</strong></span> <span class='ocrx_word' id='word_1_339' title='bbox 1363 2927 1598 2984; x_wconf 86' lang='lat' dir='ltr'><strong>fidelium</strong></span> <span class='ocrx_word' id='word_1_340' title='bbox 1642 2930 1878 2999; x_wconf 81' lang='lat' dir='ltr'><strong>disparia</strong></span> <span class='ocrx_word' id='word_1_341' title='bbox 1911 3003 1914 3006; x_wconf 87' lang='lat'><strong><em>_</em></strong></span> 
     </span>
    </p>
   </div>
   <div class='ocr_carea' id='block_1_46' title="bbox 291 3016 1882 3090">
    <p class='ocr_par' dir='ltr' id='par_1_46' title="bbox 291 3016 1882 3090">
     <span class='ocr_line' id='line_1_46' title="bbox 291 3016 1882 3090; baseline 0.006 -21"><span class='ocrx_word' id='word_1_342' title='bbox 291 3016 616 3084; x_wconf 79' lang='lat' dir='ltr'><strong>procedunt.</strong></span> <span class='ocrx_word' id='word_1_343' title='bbox 649 3016 780 3085; x_wconf 67' lang='lat' dir='ltr'><strong>Qua:</strong></span> <span class='ocrx_word' id='word_1_344' title='bbox 810 3019 1056 3072; x_wconf 87' lang='lat' dir='ltr'><strong>nimirum</strong></span> <span class='ocrx_word' id='word_1_345' title='bbox 1090 3019 1261 3088; x_wconf 67' lang='lat' dir='ltr'><strong>glebae</strong></span> <span class='ocrx_word' id='word_1_346' title='bbox 1290 3034 1626 3090; x_wconf 89' lang='lat' dir='ltr'><strong>nequaquam</strong></span> <span class='ocrx_word' id='word_1_347' title='bbox 1658 3036 1882 3078; x_wconf 86' lang='lat' dir='ltr'><strong>concre-</strong></span> 
     </span>
    </p>
   </div>
   <div class='ocr_carea' id='block_1_47' title="bbox 287 3108 1882 3182">
    <p class='ocr_par' dir='ltr' id='par_1_47' title="bbox 287 3108 1882 3182">
     <span class='ocr_line' id='line_1_47' title="bbox 287 3108 1882 3182; baseline 0.005 -22"><span class='ocrx_word' id='word_1_348' title='bbox 287 3116 358 3161; x_wconf 71' lang='lat' dir='ltr'><strong>ta:</strong></span> <span class='ocrx_word' id='word_1_349' title='bbox 381 3124 449 3161; x_wconf 80' lang='lat' dir='ltr'><strong>ex</strong></span> <span class='ocrx_word' id='word_1_350' title='bbox 483 3108 699 3175; x_wconf 83' lang='lat' dir='ltr'><strong>pulvere</strong></span> <span class='ocrx_word' id='word_1_351' title='bbox 724 3119 1025 3180; x_wconf 89' lang='lat' dir='ltr'><strong>surgerent,</strong></span> <span class='ocrx_word' id='word_1_352' title='bbox 1055 3111 1156 3165; x_wconf 91' lang='lat' dir='ltr'><strong>nisi</strong></span> <span class='ocrx_word' id='word_1_353' title='bbox 1185 3125 1375 3180; x_wconf 88' lang='lat' dir='ltr'><strong>aquam</strong></span> <span class='ocrx_word' id='word_1_354' title='bbox 1405 3112 1555 3182; x_wconf 88' lang='lat' dir='ltr'><strong>prius</strong></span> <span class='ocrx_word' id='word_1_355' title='bbox 1587 3113 1760 3180; x_wconf 84' lang='lat' dir='ltr'><strong>pulvis</strong></span> <span class='ocrx_word' id='word_1_356' title='bbox 1795 3128 1882 3168; x_wconf 87' lang='lat' dir='ltr'><strong>ac-</strong></span> 
     </span>
    </p>
   </div>
   <div class='ocr_carea' id='block_1_48' title="bbox 1985 1912 3569 1984">
    <p class='ocr_par' dir='ltr' id='par_1_48' title="bbox 1985 1912 3569 1984">
     <span class='ocr_line' id='line_1_48' title="bbox 1985 1912 3569 1984; baseline 0.005 -17"><span class='ocrx_word' id='word_1_357' title='bbox 1985 1912 2198 1967; x_wconf 90' lang='lat' dir='ltr'><strong>Domini</strong></span> <span class='ocrx_word' id='word_1_358' title='bbox 2235 1914 2400 1984; x_wconf 72' lang='lat'><strong>968</strong></span> <span class='ocrx_word' id='word_1_359' title='bbox 2443 1914 2611 1968; x_wconf 85' lang='lat' dir='ltr'><strong>sancti</strong></span> <span class='ocrx_word' id='word_1_360' title='bbox 2655 1915 2886 1984; x_wconf 90' lang='lat' dir='ltr'><strong>Spiritus</strong></span> <span class='ocrx_word' id='word_1_361' title='bbox 2915 1915 3176 1972; x_wconf 67' lang='lat' dir='ltr'><strong>effusione</strong></span> <span class='ocrx_word' id='word_1_362' title='bbox 3215 1919 3433 1974; x_wconf 88' lang='lat' dir='ltr'><strong>solidati</strong></span> <span class='ocrx_word' id='word_1_363' title='bbox 3463 1921 3569 1976; x_wconf 81' lang='lat' dir='ltr'><strong>Re-</strong></span> 
     </span>
    </p>
   </div>
   <div class='ocr_carea' id='block_1_49' title="bbox 1983 2006 3568 2079">
    <p class='ocr_par' dir='ltr' id='par_1_49' title="bbox 1983 2006 3568 2079">
     <span class='ocr_line' id='line_1_49' title="bbox 1983 2006 3568 2079; baseline 0.004 -18"><span class='ocrx_word' id='word_1_364' title='bbox 1983 2006 2318 2076; x_wconf 91' lang='lat' dir='ltr'><strong>demptorem</strong></span> <span class='ocrx_word' id='word_1_365' title='bbox 2349 2021 2503 2061; x_wconf 92' lang='lat' dir='ltr'><strong>suum</strong></span> <span class='ocrx_word' id='word_1_366' title='bbox 2536 2007 2685 2061; x_wconf 85' lang='lat' dir='ltr'><strong>firma</strong></span> <span class='ocrx_word' id='word_1_367' title='bbox 2727 2010 3048 2064; x_wconf 88' lang='lat' dir='ltr'><strong>auctoritate</strong></span> <span class='ocrx_word' id='word_1_368' title='bbox 3075 2011 3445 2079; x_wconf 76' lang='lat' dir='ltr'><strong>praedicarent,</strong></span> <span class='ocrx_word' id='word_1_369' title='bbox 3477 2014 3568 2067; x_wconf 57' lang='lat' dir='ltr'><strong>ad:</strong></span> 
     </span>
    </p>
   </div>
   <div class='ocr_carea' id='block_1_50' title="bbox 1983 2097 3568 2168">
    <p class='ocr_par' dir='ltr' id='par_1_50' title="bbox 1983 2097 3568 2168">
     <span class='ocr_line' id='line_1_50' title="bbox 1983 2097 3568 2168; baseline 0.003 -16"><span class='ocrx_word' id='word_1_370' title='bbox 1983 2097 2088 2152; x_wconf 89' lang='lat' dir='ltr'><strong>huc</strong></span> <span class='ocrx_word' id='word_1_371' title='bbox 2113 2107 2298 2152; x_wconf 88' lang='lat' dir='ltr'><strong>contra</strong></span> <span class='ocrx_word' id='word_1_372' title='bbox 2345 2098 2684 2154; x_wconf 87' lang='lat' dir='ltr'><strong>adversarios</strong></span> <span class='ocrx_word' id='word_1_373' title='bbox 2712 2113 2836 2153; x_wconf 89' lang='lat' dir='ltr'><strong>suos</strong></span> <span class='ocrx_word' id='word_1_374' title='bbox 2866 2101 3020 2168; x_wconf 88' lang='lat' dir='ltr'><strong>quasi</strong></span> <span class='ocrx_word' id='word_1_375' title='bbox 3051 2101 3102 2154; x_wconf 91' lang='lat' dir='ltr'><strong>in</strong></span> <span class='ocrx_word' id='word_1_376' title='bbox 3142 2101 3313 2157; x_wconf 82' lang='lat' dir='ltr'><strong>antris</strong></span> <span class='ocrx_word' id='word_1_377' title='bbox 3349 2103 3568 2157; x_wconf 79' lang='lat' dir='ltr'><strong>insidia-</strong></span> 
     </span>
    </p>
   </div>
   <div class='ocr_carea' id='block_1_51' title="bbox 1983 2187 3565 2264">
    <p class='ocr_par' dir='ltr' id='par_1_51' title="bbox 1983 2187 3565 2264">
     <span class='ocr_line' id='line_1_51' title="bbox 1983 2187 3565 2264; baseline 0.004 -22"><span class='ocrx_word' id='word_1_378' title='bbox 1983 2187 2197 2243; x_wconf 87' lang='lat' dir='ltr'><strong>bantur.</strong></span> <span class='ocrx_word' id='word_1_379' title='bbox 2248 2189 2457 2244; x_wconf 86' lang='lat' dir='ltr'><strong>Clausis</strong></span> <span class='ocrx_word' id='word_1_380' title='bbox 2506 2191 2702 2260; x_wconf 88' lang='lat' dir='ltr'><strong>quippe</strong></span> <span class='ocrx_word' id='word_1_381' title='bbox 2744 2190 2946 2246; x_wconf 88' lang='lat' dir='ltr'><strong>foribus</strong></span> <span class='ocrx_word' id='word_1_382' title='bbox 2973 2192 3122 2262; x_wconf 88' lang='lat' dir='ltr'><strong>quasi</strong></span> <span class='ocrx_word' id='word_1_383' title='bbox 3153 2193 3207 2248; x_wconf 91' lang='lat' dir='ltr'><strong>in</strong></span> <span class='ocrx_word' id='word_1_384' title='bbox 3253 2194 3565 2264; x_wconf 89' lang='lat' dir='ltr'><strong>quibusdam</strong></span> 
     </span>
    </p>
   </div>
   <div class='ocr_carea' id='block_1_52' title="bbox 1985 2279 3563 2352">
    <p class='ocr_par' dir='ltr' id='par_1_52' title="bbox 1985 2279 3563 2352">
     <span class='ocr_line' id='line_1_52' title="bbox 1985 2279 3563 2352; baseline 0.006 -20"><span class='ocrx_word' id='word_1_385' title='bbox 1985 2279 2182 2334; x_wconf 85' lang='lat' dir='ltr'><strong>abditis</strong></span> <span class='ocrx_word' id='word_1_386' title='bbox 2210 2281 2476 2349; x_wconf 86' lang='lat' dir='ltr'><strong>specubus</strong></span> <span class='ocrx_word' id='word_1_387' title='bbox 2523 2281 2632 2335; x_wconf 90' lang='lat' dir='ltr'><strong>suis</strong></span> <span class='ocrx_word' id='word_1_388' title='bbox 2659 2283 2819 2337; x_wconf 91' lang='lat' dir='ltr'><strong>catuli</strong></span> <span class='ocrx_word' id='word_1_389' title='bbox 2862 2285 3062 2352; x_wconf 85' lang='lat' dir='ltr'><strong>raptori</strong></span> <span class='ocrx_word' id='word_1_390' title='bbox 3103 2285 3359 2340; x_wconf 90' lang='lat' dir='ltr'><strong>mundum</strong></span> <span class='ocrx_word' id='word_1_391' title='bbox 3397 2288 3563 2341; x_wconf 87' lang='lat' dir='ltr'><strong>cuba-</strong></span> 
     </span>
    </p>
   </div>
   <div class='ocr_carea' id='block_1_53' title="bbox 1984 2365 3568 2442">
    <p class='ocr_par' dir='ltr' id='par_1_53' title="bbox 1984 2365 3568 2442">
     <span class='ocr_line' id='line_1_53' title="bbox 1984 2365 3568 2442; baseline 0.006 -21"><span class='ocrx_word' id='word_1_392' title='bbox 1984 2365 2134 2428; x_wconf 91' lang='lat' dir='ltr'><strong>baut,</strong></span> <span class='ocrx_word' id='word_1_393' title='bbox 2163 2375 2220 2420; x_wconf 91' lang='lat' dir='ltr'><strong>ut</strong></span> <span class='ocrx_word' id='word_1_394' title='bbox 2245 2367 2542 2422; x_wconf 87' lang='lat' dir='ltr'><strong>animarum</strong></span> <span class='ocrx_word' id='word_1_395' title='bbox 2568 2369 2799 2436; x_wconf 82' lang='lat' dir='ltr'><strong>praedam</strong></span> <span class='ocrx_word' id='word_1_396' title='bbox 2824 2371 3162 2439; x_wconf 88' lang='lat' dir='ltr'><strong>postmodum</strong></span> <span class='ocrx_word' id='word_1_397' title='bbox 3187 2384 3568 2442; x_wconf 69' lang='lat' dir='ltr'><strong>praesumentes</strong></span> 
     </span>
    </p>
   </div>
   <div class='ocr_carea' id='block_1_54' title="bbox 1986 2456 3566 2534">
    <p class='ocr_par' dir='ltr' id='par_1_54' title="bbox 1986 2456 3566 2534">
     <span class='ocr_line' id='line_1_54' title="bbox 1986 2456 3566 2534; baseline 0.006 -23"><span class='ocrx_word' id='word_1_398' title='bbox 1986 2456 2302 2528; x_wconf 91' lang='lat' dir='ltr'><strong>diriperent,</strong></span> <span class='ocrx_word' id='word_1_399' title='bbox 2348 2458 2417 2514; x_wconf 94' lang='lat' dir='ltr'><strong>de</strong></span> <span class='ocrx_word' id='word_1_400' title='bbox 2459 2459 2651 2528; x_wconf 90' lang='lat' dir='ltr'><strong>quibus</strong></span> <span class='ocrx_word' id='word_1_401' title='bbox 2708 2468 2835 2515; x_wconf 86' lang='lat' dir='ltr'><strong>tunc</strong></span> <span class='ocrx_word' id='word_1_402' title='bbox 2861 2470 3068 2517; x_wconf 89' lang='lat' dir='ltr'><strong>certum</strong></span> <span class='ocrx_word' id='word_1_403' title='bbox 3100 2473 3185 2518; x_wconf 90' lang='lat' dir='ltr'><strong>est</strong></span> <span class='ocrx_word' id='word_1_404' title='bbox 3212 2465 3354 2534; x_wconf 90' lang='lat' dir='ltr'><strong>quod</strong></span> <span class='ocrx_word' id='word_1_405' title='bbox 3385 2466 3566 2522; x_wconf 89' lang='lat' dir='ltr'><strong>mundi</strong></span> 
     </span>
    </p>
   </div>
   <div class='ocr_carea' id='block_1_55' title="bbox 1985 2552 3564 2627">
    <p class='ocr_par' dir='ltr' id='par_1_55' title="bbox 1985 2552 3564 2627">
     <span class='ocr_line' id='line_1_55' title="bbox 1985 2552 3564 2627; baseline 0.008 -20"><span class='ocrx_word' id='word_1_406' title='bbox 1985 2552 2243 2622; x_wconf 91' lang='lat' dir='ltr'><strong>impetum</strong></span> <span class='ocrx_word' id='word_1_407' title='bbox 2272 2556 2430 2610; x_wconf 88' lang='lat' dir='ltr'><strong>etiam</strong></span> <span class='ocrx_word' id='word_1_408' title='bbox 2453 2556 2798 2627; x_wconf 89' lang='lat' dir='ltr'><strong>sibimetipsis</strong></span> <span class='ocrx_word' id='word_1_409' title='bbox 2819 2559 3035 2614; x_wconf 82' lang='lat' dir='ltr'><strong>latendo</strong></span> <span class='ocrx_word' id='word_1_410' title='bbox 3057 2560 3428 2618; x_wconf 81' lang='lat' dir='ltr'><strong>formidarent.</strong></span> <span class='ocrx_word' id='word_1_411' title='bbox 3457 2565 3564 2620; x_wconf 85' lang='lat' dir='ltr'><strong>illis</strong></span> 
     </span>
    </p>
   </div>
   <div class='ocr_carea' id='block_1_56' title="bbox 1984 2644 3570 2713">
    <p class='ocr_par' dir='ltr' id='par_1_56' title="bbox 1984 2644 3570 2713">
     <span class='ocr_line' id='line_1_56' title="bbox 1984 2644 3570 2713; baseline 0.008 -15"><span class='ocrx_word' id='word_1_412' title='bbox 1984 2644 2188 2701; x_wconf 87' lang='lat' dir='ltr'><strong>foribus</strong></span> <span class='ocrx_word' id='word_1_413' title='bbox 2217 2647 2412 2702; x_wconf 88' lang='lat' dir='ltr'><strong>clausis</strong></span> <span class='ocrx_word' id='word_1_414' title='bbox 2443 2649 2529 2703; x_wconf 91' lang='lat' dir='ltr'><strong>isti</strong></span> <span class='ocrx_word' id='word_1_415' title='bbox 2558 2649 2720 2704; x_wconf 89' lang='lat' dir='ltr'><strong>catuli</strong></span> <span class='ocrx_word' id='word_1_416' title='bbox 2745 2659 2970 2706; x_wconf 91' lang='lat' dir='ltr'><strong>mortem</strong></span> <span class='ocrx_word' id='word_1_417' title='bbox 2997 2653 3184 2708; x_wconf 89' lang='lat' dir='ltr'><strong>mortis</strong></span> <span class='ocrx_word' id='word_1_418' title='bbox 3212 2665 3411 2711; x_wconf 67' lang='lat' dir='ltr'><strong>nostrae</strong></span> <span class='ocrx_word' id='word_1_419' title='bbox 3441 2657 3570 2713; x_wconf 87' lang='lat' dir='ltr'><strong>insi-</strong></span> 
     </span>
    </p>
   </div>
   <div class='ocr_carea' id='block_1_57' title="bbox 1983 2738 3565 2820">
    <p class='ocr_par' dir='ltr' id='par_1_57' title="bbox 1983 2738 3565 2820">
     <span class='ocr_line' id='line_1_57' title="bbox 1983 2738 3565 2820; baseline 0.008 -26"><span class='ocrx_word' id='word_1_420' title='bbox 1983 2738 2111 2794; x_wconf 87' lang='lat' dir='ltr'><strong>diati</strong></span> <span class='ocrx_word' id='word_1_421' title='bbox 2149 2741 2496 2809; x_wconf 70' lang='lat' dir='ltr'><strong>quaesierunt,</strong></span> <span class='ocrx_word' id='word_1_422' title='bbox 2544 2754 2601 2796; x_wconf 93' lang='lat' dir='ltr'><strong>ut</strong></span> <span class='ocrx_word' id='word_1_423' title='bbox 2645 2744 2854 2813; x_wconf 90' lang='lat' dir='ltr'><strong>culpam</strong></span> <span class='ocrx_word' id='word_1_424' title='bbox 2905 2755 3140 2801; x_wconf 89' lang='lat' dir='ltr'><strong>nostram</strong></span> <span class='ocrx_word' id='word_1_425' title='bbox 3185 2748 3565 2820; x_wconf 82' lang='lat' dir='ltr'><strong>interficerent,</strong></span> 
     </span>
    </p>
   </div>
   <div class='ocr_carea' id='block_1_58' title="bbox 1983 2835 3565 2905">
    <p class='ocr_par' dir='ltr' id='par_1_58' title="bbox 1983 2835 3565 2905">
     <span class='ocr_line' id='line_1_58' title="bbox 1983 2835 3565 2905; baseline 0.009 -17"><span class='ocrx_word' id='word_1_426' title='bbox 1983 2847 2305 2900; x_wconf 87' lang='lat' dir='ltr'><strong>omnemque</strong></span> <span class='ocrx_word' id='word_1_427' title='bbox 2335 2835 2385 2888; x_wconf 92' lang='lat' dir='ltr'><strong>in</strong></span> <span class='ocrx_word' id='word_1_428' title='bbox 2418 2836 2572 2890; x_wconf 90' lang='lat' dir='ltr'><strong>nobis</strong></span> <span class='ocrx_word' id='word_1_429' title='bbox 2625 2838 2826 2905; x_wconf 90' lang='lat' dir='ltr'><strong>peccati</strong></span> <span class='ocrx_word' id='word_1_430' title='bbox 2858 2838 3019 2893; x_wconf 86' lang='lat' dir='ltr'><strong>vitam</strong></span> <span class='ocrx_word' id='word_1_431' title='bbox 3066 2851 3336 2898; x_wconf 85' lang='lat' dir='ltr'><strong>necarent.</strong></span> <span class='ocrx_word' id='word_1_432' title='bbox 3373 2843 3565 2902; x_wconf 82' lang='lat' dir='ltr'><strong>Horum</strong></span> 
     </span>
    </p>
   </div>
   <div class='ocr_carea' id='block_1_59' title="bbox 1985 2923 3567 3000">
    <p class='ocr_par' dir='ltr' id='par_1_59' title="bbox 1985 2923 3567 3000">
     <span class='ocr_line' id='line_1_59' title="bbox 1985 2923 3567 3000; baseline 0.009 -23"><span class='ocrx_word' id='word_1_433' title='bbox 1985 2923 2157 2993; x_wconf 91' lang='lat' dir='ltr'><strong>primo</strong></span> <span class='ocrx_word' id='word_1_434' title='bbox 2197 2924 2270 2978; x_wconf 93' lang='lat' dir='ltr'><strong>illi</strong></span> <span class='ocrx_word' id='word_1_435' title='bbox 2302 2927 2560 2980; x_wconf 85' lang='lat' dir='ltr'><strong>esurienti</strong></span> <span class='ocrx_word' id='word_1_436' title='bbox 2601 2929 2798 2994; x_wconf 88' lang='lat' dir='ltr'><strong>catulo,</strong></span> <span class='ocrx_word' id='word_1_437' title='bbox 2845 2930 2939 2985; x_wconf 90' lang='lat' dir='ltr'><strong>sed</strong></span> <span class='ocrx_word' id='word_1_438' title='bbox 2965 2930 3078 3000; x_wconf 82' lang='lat' dir='ltr'><strong>jam</strong></span> <span class='ocrx_word' id='word_1_439' title='bbox 3110 2933 3326 3000; x_wconf 90' lang='lat' dir='ltr'><strong>valenti,</strong></span> <span class='ocrx_word' id='word_1_440' title='bbox 3356 2944 3567 2991; x_wconf 88' lang='lat' dir='ltr'><strong>ostensa</strong></span> 
     </span>
    </p>
   </div>
   <div class='ocr_carea' id='block_1_60' title="bbox 1985 3017 3568 3096">
    <p class='ocr_par' dir='ltr' id='par_1_60' title="bbox 1985 3017 3568 3096">
     <span class='ocr_line' id='line_1_60' title="bbox 1985 3017 3568 3096; baseline 0.008 -25"><span class='ocrx_word' id='word_1_441' title='bbox 1985 3031 2086 3087; x_wconf 87' lang='lat' dir='ltr'><strong>per</strong></span> <span class='ocrx_word' id='word_1_442' title='bbox 2113 3017 2333 3072; x_wconf 91' lang='lat' dir='ltr'><strong>linteum</strong></span> <span class='ocrx_word' id='word_1_443' title='bbox 2359 3019 2680 3088; x_wconf 85' lang='lat' dir='ltr'><strong>gentilitate,</strong></span> <span class='ocrx_word' id='word_1_444' title='bbox 2707 3022 2858 3089; x_wconf 90' lang='lat' dir='ltr'><strong>quasi</strong></span> <span class='ocrx_word' id='word_1_445' title='bbox 2890 3032 3184 3078; x_wconf 89' lang='lat' dir='ltr'><strong>monstrata</strong></span> <span class='ocrx_word' id='word_1_446' title='bbox 3216 3027 3410 3096; x_wconf 71' lang='lat' dir='ltr'><strong>praeda,</strong></span> <span class='ocrx_word' id='word_1_447' title='bbox 3441 3028 3568 3083; x_wconf 86' lang='lat' dir='ltr'><strong>dici-</strong></span> 
     </span>
    </p>
   </div>
   <div class='ocr_carea' id='block_1_61' title="bbox 1987 3105 3566 3185">
    <p class='ocr_par' dir='ltr' id='par_1_61' title="bbox 1987 3105 3566 3185">
     <span class='ocr_line' id='line_1_61' title="bbox 1987 3105 3566 3185; baseline 0.011 -25"><span class='ocrx_word' id='word_1_448' title='bbox 1987 3115 2072 3161; x_wconf 89' lang='lat' dir='ltr'><strong>tur</strong></span> <span class='ocrx_word' id='word_1_449' title='bbox 2104 3125 2117 3161; x_wconf 91' lang='lat'><strong>:</strong></span> <span class='ocrx_word' id='word_1_450' title='bbox 2151 3105 2326 3161; x_wconf 75' lang='lat' dir='ltr'><strong>Macta</strong></span> <span class='ocrx_word' id='word_1_451' title='bbox 2348 3118 2397 3162; x_wconf 89' lang='lat' dir='ltr'><strong>et</strong></span> <span class='ocrx_word' id='word_1_452' title='bbox 2419 3111 2672 3164; x_wconf 87' lang='lat' dir='ltr'><strong>manduca</strong></span> <span class='ocrx_word' id='word_1_453' title='bbox 2699 3111 2835 3179; x_wconf 81' lang='lat' dir='ltr'><strong>(Act.</strong></span> <span class='ocrx_word' id='word_1_454' title='bbox 2868 3128 2922 3178; x_wconf 69' lang='grc' dir='ltr'><strong>ι,</strong></span> <span class='ocrx_word' id='word_1_455' title='bbox 2948 3113 3060 3185; x_wconf 79' lang='grc'><strong>15).</strong></span> <span class='ocrx_word' id='word_1_456' title='bbox 3095 3115 3187 3170; x_wconf 86' lang='lat' dir='ltr'><strong>His</strong></span> <span class='ocrx_word' id='word_1_457' title='bbox 3217 3119 3405 3172; x_wconf 86' lang='lat' dir='ltr'><strong>catulis</strong></span> <span class='ocrx_word' id='word_1_458' title='bbox 3429 3120 3566 3178; x_wconf 85' lang='lat' dir='ltr'><strong>velut</strong></span> 
     </span>
    </p>
   </div>
   <div class='ocr_carea' id='block_1_62' title="bbox 286 3188 3569 3277">
    <p class='ocr_par' dir='ltr' id='par_1_62' title="bbox 286 3188 3569 3277">
     <span class='ocr_line' id='line_1_62' title="bbox 286 3188 3569 3277; baseline 0.002 -20"><span class='ocrx_word' id='word_1_459' title='bbox 286 3202 517 3269; x_wconf 78' lang='lat' dir='ltr'><strong>oiperet,</strong></span> <span class='ocrx_word' id='word_1_460' title='bbox 547 3211 600 3256; x_wconf 92' lang='lat' dir='ltr'><strong>et</strong></span> <span class='ocrx_word' id='word_1_461' title='bbox 628 3212 886 3272; x_wconf 90' lang='lat' dir='ltr'><strong>concepto</strong></span> <span class='ocrx_word' id='word_1_462' title='bbox 917 3218 978 3259; x_wconf 91' lang='lat' dir='ltr'><strong>se</strong></span> <span class='ocrx_word' id='word_1_463' title='bbox 1023 3203 1251 3259; x_wconf 90' lang='lat' dir='ltr'><strong>humore</strong></span> <span class='ocrx_word' id='word_1_464' title='bbox 1298 3203 1576 3268; x_wconf 85' lang='lat' dir='ltr'><strong>solidaret,</strong></span> <span class='ocrx_word' id='word_1_465' title='bbox 1625 3205 1748 3274; x_wconf 89' lang='lat' dir='ltr'><strong>quia</strong></span> <span class='ocrx_word' id='word_1_466' title='bbox 1781 3188 1883 3259; x_wconf 80' lang='lat' dir='ltr'><strong>nisi</strong></span> <span class='ocrx_word' id='word_1_467' title='bbox 1910 3189 1959 3255; x_wconf 87' lang='lat' dir='ltr'><strong><em>C</em></strong></span> <span class='ocrx_word' id='word_1_468' title='bbox 1992 3198 2168 3254; x_wconf 88' lang='lat' dir='ltr'><strong>adhuc</strong></span> <span class='ocrx_word' id='word_1_469' title='bbox 2197 3199 2426 3255; x_wconf 87' lang='lat' dir='ltr'><strong>infirmis</strong></span> <span class='ocrx_word' id='word_1_470' title='bbox 2457 3209 2514 3254; x_wconf 92' lang='lat' dir='ltr'><strong>ut</strong></span> <span class='ocrx_word' id='word_1_471' title='bbox 2542 3201 2738 3257; x_wconf 90' lang='lat' dir='ltr'><strong>cubare</strong></span> <span class='ocrx_word' id='word_1_472' title='bbox 2777 3203 2829 3256; x_wconf 93' lang='lat' dir='ltr'><strong>in</strong></span> <span class='ocrx_word' id='word_1_473' title='bbox 2868 3203 3036 3258; x_wconf 88' lang='lat' dir='ltr'><strong>antris</strong></span> <span class='ocrx_word' id='word_1_474' title='bbox 3064 3203 3295 3262; x_wconf 91' lang='lat' dir='ltr'><strong>debeant</strong></span> <span class='ocrx_word' id='word_1_475' title='bbox 3331 3207 3569 3277; x_wconf 88' lang='lat' dir='ltr'><strong>jubetur,</strong></span> 
     </span>
    </p>
   </div>
   <div class='ocr_carea' id='block_1_63' title="bbox 287 3295 1880 3366">
    <p class='ocr_par' dir='ltr' id='par_1_63' title="bbox 287 3295 1880 3366">
     <span class='ocr_line' id='line_1_63' title="bbox 287 3295 1880 3366; baseline 0.001 -17"><span class='ocrx_word' id='word_1_476' title='bbox 287 3303 604 3362; x_wconf 89' lang='lat' dir='ltr'><strong>peccatores</strong></span> <span class='ocrx_word' id='word_1_477' title='bbox 629 3309 870 3365; x_wconf 90' lang='lat' dir='ltr'><strong>quosque</strong></span> <span class='ocrx_word' id='word_1_478' title='bbox 896 3295 1070 3350; x_wconf 90' lang='lat' dir='ltr'><strong>sancti</strong></span> <span class='ocrx_word' id='word_1_479' title='bbox 1099 3296 1332 3365; x_wconf 88' lang='lat' dir='ltr'><strong>Spiritus</strong></span> <span class='ocrx_word' id='word_1_480' title='bbox 1359 3297 1529 3366; x_wconf 90' lang='lat' dir='ltr'><strong>gratia</strong></span> <span class='ocrx_word' id='word_1_481' title='bbox 1559 3297 1880 3359; x_wconf 82' lang='lat' dir='ltr'><strong>infunderet,</strong></span> 
     </span>
    </p>
   </div>
   <div class='ocr_carea' id='block_1_64' title="bbox 288 3383 1883 3456">
    <p class='ocr_par' dir='ltr' id='par_1_64' title="bbox 288 3383 1883 3456">
     <span class='ocr_line' id='line_1_64' title="bbox 288 3383 1883 3456; baseline 0.003 -17"><span class='ocrx_word' id='word_1_482' title='bbox 288 3386 615 3440; x_wconf 78' lang='lat' dir='ltr'><strong>constrictos</strong></span> <span class='ocrx_word' id='word_1_483' title='bbox 644 3383 738 3440; x_wconf 84' lang='lat' dir='ltr'><strong>eos</strong></span> <span class='ocrx_word' id='word_1_484' title='bbox 780 3386 846 3441; x_wconf 84' lang='lat' dir='ltr'><strong>ad</strong></span> <span class='ocrx_word' id='word_1_485' title='bbox 896 3386 1014 3440; x_wconf 87' lang='lat' dir='ltr'><strong>fidei</strong></span> <span class='ocrx_word' id='word_1_486' title='bbox 1059 3402 1221 3456; x_wconf 88' lang='lat' dir='ltr'><strong>opera</strong></span> <span class='ocrx_word' id='word_1_487' title='bbox 1250 3387 1528 3443; x_wconf 88' lang='lat' dir='ltr'><strong>charitatis</strong></span> <span class='ocrx_word' id='word_1_488' title='bbox 1558 3391 1735 3443; x_wconf 92' lang='lat' dir='ltr'><strong>unitas</strong></span> <span class='ocrx_word' id='word_1_489' title='bbox 1775 3404 1883 3443; x_wconf 92' lang='lat' dir='ltr'><strong>non</strong></span> 
     </span>
    </p>
   </div>
   <div class='ocr_carea' id='block_1_65' title="bbox 287 3476 1880 3548">
    <p class='ocr_par' dir='ltr' id='par_1_65' title="bbox 287 3476 1880 3548">
     <span class='ocr_line' id='line_1_65' title="bbox 287 3476 1880 3548; baseline 0.001 -17"><span class='ocrx_word' id='word_1_490' title='bbox 287 3484 520 3532; x_wconf 79' lang='lat' dir='ltr'><strong>teneret.</strong></span> <span class='ocrx_word' id='word_1_491' title='bbox 549 3478 773 3544; x_wconf 90' lang='lat' dir='ltr'><strong>Quando</strong></span> <span class='ocrx_word' id='word_1_492' title='bbox 796 3476 957 3548; x_wconf 87' lang='lat' dir='ltr'><strong>igitur</strong></span> <span class='ocrx_word' id='word_1_493' title='bbox 981 3477 1240 3532; x_wconf 91' lang='lat' dir='ltr'><strong>Dominus</strong></span> <span class='ocrx_word' id='word_1_494' title='bbox 1270 3489 1292 3516; x_wconf 77' lang='grc' dir='ltr'><strong>ο</strong></span> <span class='ocrx_word' id='word_1_495' title='bbox 1327 3479 1598 3533; x_wconf 88' lang='lat' dir='ltr'><strong>enarrabit</strong></span> <span class='ocrx_word' id='word_1_496' title='bbox 1619 3479 1880 3534; x_wconf 74' lang='lat' dir='ltr'><strong>cmlorum</strong></span> 
     </span>
    </p>
   </div>
   <div class='ocr_carea' id='block_1_66' title="bbox 286 3571 1878 3640">
    <p class='ocr_par' dir='ltr' id='par_1_66' title="bbox 286 3571 1878 3640">
     <span class='ocr_line' id='line_1_66' title="bbox 286 3571 1878 3640; baseline 0 -14"><span class='ocrx_word' id='word_1_497' title='bbox 286 3571 576 3638; x_wconf 84' lang='lat' dir='ltr'><strong>rationem,</strong></span> <span class='ocrx_word' id='word_1_498' title='bbox 596 3571 674 3626; x_wconf 87' lang='lat' dir='ltr'><strong>vel</strong></span> <span class='ocrx_word' id='word_1_499' title='bbox 695 3579 1013 3626; x_wconf 91' lang='lat' dir='ltr'><strong>concentum</strong></span> <span class='ocrx_word' id='word_1_500' title='bbox 1030 3571 1155 3626; x_wconf 82' lang='lat' dir='ltr'><strong>cceli</strong></span> <span class='ocrx_word' id='word_1_501' title='bbox 1179 3571 1414 3626; x_wconf 90' lang='lat' dir='ltr'><strong>dormire</strong></span> <span class='ocrx_word' id='word_1_502' title='bbox 1444 3572 1622 3640; x_wconf 87' lang='lat' dir='ltr'><strong>faciet,</strong></span> <span class='ocrx_word' id='word_1_503' title='bbox 1655 3571 1878 3640; x_wconf 87' lang='lat' dir='ltr'><strong>aperiat.</strong></span> 
     </span>
    </p>
   </div>
   <div class='ocr_carea' id='block_1_67' title="bbox 290 3665 1886 3736">
    <p class='ocr_par' dir='ltr' id='par_1_67' title="bbox 290 3665 1886 3736">
     <span class='ocr_line' id='line_1_67' title="bbox 290 3665 1886 3736; baseline -0.001 -17"><span class='ocrx_word' id='word_1_504' title='bbox 290 3666 380 3719; x_wconf 85' lang='lat' dir='ltr'><strong>Ait</strong></span> <span class='ocrx_word' id='word_1_505' title='bbox 428 3665 569 3720; x_wconf 92' lang='lat' dir='ltr'><strong>enim</strong></span> <span class='ocrx_word' id='word_1_506' title='bbox 614 3682 626 3717; x_wconf 93' lang='lat'>:</span> <span class='ocrx_word' id='word_1_507' title='bbox 665 3665 884 3732; x_wconf 79' lang='lat' dir='ltr'><strong>Quando</strong></span> <span class='ocrx_word' id='word_1_508' title='bbox 929 3665 1245 3736; x_wconf 78' lang='lat' dir='ltr'><strong>{undabatur</strong></span> <span class='ocrx_word' id='word_1_509' title='bbox 1285 3665 1448 3735; x_wconf 79' lang='lat' dir='ltr'><strong>pulvis</strong></span> <span class='ocrx_word' id='word_1_510' title='bbox 1475 3665 1530 3718; x_wconf 90' lang='lat' dir='ltr'><strong>in</strong></span> <span class='ocrx_word' id='word_1_511' title='bbox 1579 3673 1788 3731; x_wconf 87' lang='lat' dir='ltr'><strong>terram,</strong></span> <span class='ocrx_word' id='word_1_512' title='bbox 1835 3674 1886 3719; x_wconf 87' lang='lat' dir='ltr'><strong>et</strong></span> 
     </span>
    </p>
   </div>
   <div class='ocr_carea' id='block_1_68' title="bbox 287 3754 1882 3828">
    <p class='ocr_par' dir='ltr' id='par_1_68' title="bbox 287 3754 1882 3828">
     <span class='ocr_line' id='line_1_68' title="bbox 287 3754 1882 3828; baseline 0.003 -21"><span class='ocrx_word' id='word_1_513' title='bbox 287 3756 450 3827; x_wconf 74' lang='lat' dir='ltr'><strong>gleba:</strong></span> <span class='ocrx_word' id='word_1_514' title='bbox 491 3757 964 3828; x_wconf 86' lang='lat' dir='ltr'><strong>compingebantur.</strong></span> <span class='ocrx_word' id='word_1_515' title='bbox 1003 3757 1082 3811; x_wconf 82' lang='lat' dir='ltr'><strong>Ac</strong></span> <span class='ocrx_word' id='word_1_516' title='bbox 1109 3757 1154 3810; x_wconf 89' lang='lat' dir='ltr'><strong>si</strong></span> <span class='ocrx_word' id='word_1_517' title='bbox 1200 3754 1443 3811; x_wconf 89' lang='lat' dir='ltr'><strong>diceret:</strong></span> <span class='ocrx_word' id='word_1_518' title='bbox 1476 3755 1626 3810; x_wconf 87' lang='lat' dir='ltr'><strong>Tunc</strong></span> <span class='ocrx_word' id='word_1_519' title='bbox 1656 3757 1882 3825; x_wconf 88' lang='lat' dir='ltr'><strong>primum</strong></span> 
     </span>
    </p>
   </div>
   <div class='ocr_carea' id='block_1_69' title="bbox 289 3845 1879 3917">
    <p class='ocr_par' dir='ltr' id='par_1_69' title="bbox 289 3845 1879 3917">
     <span class='ocr_line' id='line_1_69' title="bbox 289 3845 1879 3917; baseline 0.003 -19"><span class='ocrx_word' id='word_1_520' title='bbox 289 3847 569 3902; x_wconf 83' lang='lat' dir='ltr'><strong>vocatione</strong></span> <span class='ocrx_word' id='word_1_521' title='bbox 597 3857 651 3900; x_wconf 91' lang='lat' dir='ltr'><strong>et</strong></span> <span class='ocrx_word' id='word_1_522' title='bbox 679 3846 1001 3902; x_wconf 88' lang='lat' dir='ltr'><strong>discretione</strong></span> <span class='ocrx_word' id='word_1_523' title='bbox 1029 3845 1332 3912; x_wconf 86' lang='lat' dir='ltr'><strong>manifesta,</strong></span> <span class='ocrx_word' id='word_1_524' title='bbox 1372 3856 1578 3902; x_wconf 90' lang='lat' dir='ltr'><strong>secreta</strong></span> <span class='ocrx_word' id='word_1_525' title='bbox 1618 3847 1879 3917; x_wconf 87' lang='lat' dir='ltr'><strong>spiritalia</strong></span> 
     </span>
    </p>
   </div>
   <div class='ocr_carea' id='block_1_70' title="bbox 291 3936 1884 4006">
    <p class='ocr_par' dir='ltr' id='par_1_70' title="bbox 291 3936 1884 4006">
     <span class='ocr_line' id='line_1_70' title="bbox 291 3936 1884 4006; baseline 0.001 -13"><span class='ocrx_word' id='word_1_526' title='bbox 291 3949 350 3993; x_wconf 88' lang='lat' dir='ltr'><strong>et</strong></span> <span class='ocrx_word' id='word_1_527' title='bbox 401 3953 506 3993; x_wconf 91' lang='lat' dir='ltr'><strong>non</strong></span> <span class='ocrx_word' id='word_1_528' title='bbox 554 3939 669 3993; x_wconf 87' lang='lat' dir='ltr'><strong>sine</strong></span> <span class='ocrx_word' id='word_1_529' title='bbox 699 3937 1067 3993; x_wconf 88' lang='lat' dir='ltr'><strong>misericordia</strong></span> <span class='ocrx_word' id='word_1_530' title='bbox 1114 3937 1230 3993; x_wconf 88' lang='lat' dir='ltr'><strong>aliis</strong></span> <span class='ocrx_word' id='word_1_531' title='bbox 1280 3936 1486 4006; x_wconf 88' lang='lat' dir='ltr'><strong>aperui,</strong></span> <span class='ocrx_word' id='word_1_532' title='bbox 1520 3946 1576 3992; x_wconf 86' lang='lat' dir='ltr'><strong>et</strong></span> <span class='ocrx_word' id='word_1_533' title='bbox 1622 3952 1728 3992; x_wconf 93' lang='lat' dir='ltr'><strong>non</strong></span> <span class='ocrx_word' id='word_1_534' title='bbox 1766 3938 1884 3994; x_wconf 89' lang='lat' dir='ltr'><strong>sine</strong></span> 
     </span>
    </p>
   </div>
   <div class='ocr_carea' id='block_1_71' title="bbox 288 4029 1878 4100">
    <p class='ocr_par' dir='ltr' id='par_1_71' title="bbox 288 4029 1878 4100">
     <span class='ocr_line' id='line_1_71' title="bbox 288 4029 1878 4100; baseline -0.001 -15"><span class='ocrx_word' id='word_1_535' title='bbox 288 4030 496 4100; x_wconf 86' lang='lat' dir='ltr'><strong>justitia</strong></span> <span class='ocrx_word' id='word_1_536' title='bbox 527 4029 648 4085; x_wconf 90' lang='lat' dir='ltr'><strong>aliis</strong></span> <span class='ocrx_word' id='word_1_537' title='bbox 671 4032 860 4097; x_wconf 88' lang='lat' dir='ltr'><strong>clausi,</strong></span> <span class='ocrx_word' id='word_1_538' title='bbox 884 4045 1004 4086; x_wconf 90' lang='lat' dir='ltr'><strong>cum</strong></span> <span class='ocrx_word' id='word_1_539' title='bbox 1035 4030 1169 4085; x_wconf 90' lang='lat' dir='ltr'><strong>alios</strong></span> <span class='ocrx_word' id='word_1_540' title='bbox 1197 4043 1526 4099; x_wconf 76' lang='lat' dir='ltr'><strong>reSpuerem,</strong></span> <span class='ocrx_word' id='word_1_541' title='bbox 1559 4038 1614 4086; x_wconf 91' lang='lat' dir='ltr'><strong>et</strong></span> <span class='ocrx_word' id='word_1_542' title='bbox 1638 4031 1774 4086; x_wconf 89' lang='lat' dir='ltr'><strong>alios</strong></span> <span class='ocrx_word' id='word_1_543' title='bbox 1800 4031 1878 4085; x_wconf 91' lang='lat' dir='ltr'><strong>in-</strong></span> 
     </span>
    </p>
   </div>
   <div class='ocr_carea' id='block_1_72' title="bbox 291 4121 1881 4190">
    <p class='ocr_par' dir='ltr' id='par_1_72' title="bbox 291 4121 1881 4190">
     <span class='ocr_line' id='line_1_72' title="bbox 291 4121 1881 4190; baseline 0.001 -14"><span class='ocrx_word' id='word_1_544' title='bbox 291 4131 377 4176; x_wconf 89' lang='lat' dir='ltr'><strong>tra</strong></span> <span class='ocrx_word' id='word_1_545' title='bbox 410 4121 700 4177; x_wconf 83' lang='lat' dir='ltr'><strong>Ecclesiam</strong></span> <span class='ocrx_word' id='word_1_546' title='bbox 748 4123 1037 4178; x_wconf 87' lang='lat' dir='ltr'><strong>concordia</strong></span> <span class='ocrx_word' id='word_1_547' title='bbox 1079 4122 1356 4178; x_wconf 88' lang='lat' dir='ltr'><strong>charitatis</strong></span> <span class='ocrx_word' id='word_1_548' title='bbox 1394 4122 1710 4178; x_wconf 90' lang='lat' dir='ltr'><strong>adunarem.</strong></span> <span class='ocrx_word' id='word_1_549' title='bbox 1749 4121 1881 4190; x_wconf 66' lang='lat' dir='ltr'><strong>Quas</strong></span> 
     </span>
    </p>
   </div>
   <div class='ocr_carea' id='block_1_73' title="bbox 288 4213 1872 4285">
    <p class='ocr_par' dir='ltr' id='par_1_73' title="bbox 288 4213 1872 4285">
     <span class='ocr_line' id='line_1_73' title="bbox 288 4213 1872 4285; baseline -0.001 -16"><span class='ocrx_word' id='word_1_550' title='bbox 288 4223 474 4269; x_wconf 87' lang='lat' dir='ltr'><strong>sancta</strong></span> <span class='ocrx_word' id='word_1_551' title='bbox 521 4213 760 4269; x_wconf 88' lang='lat' dir='ltr'><strong>Ecclesia</strong></span> <span class='ocrx_word' id='word_1_552' title='bbox 791 4217 915 4285; x_wconf 89' lang='lat' dir='ltr'><strong>quia</strong></span> <span class='ocrx_word' id='word_1_553' title='bbox 955 4231 984 4268; x_wconf 88' lang='lat' dir='ltr'><strong>a</strong></span> <span class='ocrx_word' id='word_1_554' title='bbox 1017 4213 1240 4284; x_wconf 88' lang='lat' dir='ltr'><strong>perlldia</strong></span> <span class='ocrx_word' id='word_1_555' title='bbox 1285 4214 1593 4269; x_wconf 71' lang='lat' dir='ltr'><strong>Judzeorum</strong></span> <span class='ocrx_word' id='word_1_556' title='bbox 1641 4216 1872 4283; x_wconf 88' lang='lat' dir='ltr'><strong>repulsa,</strong></span> 
     </span>
    </p>
   </div>
   <div class='ocr_carea' id='block_1_74' title="bbox 290 4309 1878 4380">
    <p class='ocr_par' dir='ltr' id='par_1_74' title="bbox 290 4309 1878 4380">
     <span class='ocr_line' id='line_1_74' title="bbox 290 4309 1878 4380; baseline 0 -18"><span class='ocrx_word' id='word_1_557' title='bbox 290 4309 356 4362; x_wconf 85' lang='lat' dir='ltr'><strong>ad</strong></span> <span class='ocrx_word' id='word_1_558' title='bbox 389 4309 673 4379; x_wconf 87' lang='lat' dir='ltr'><strong>rapiendas</strong></span> <span class='ocrx_word' id='word_1_559' title='bbox 702 4319 888 4380; x_wconf 84' lang='lat' dir='ltr'><strong>gentes</strong></span> <span class='ocrx_word' id='word_1_560' title='bbox 917 4323 976 4364; x_wconf 88' lang='lat' dir='ltr'><strong>se</strong></span> <span class='ocrx_word' id='word_1_561' title='bbox 1004 4309 1251 4375; x_wconf 87' lang='lat' dir='ltr'><strong>contulit,</strong></span> <span class='ocrx_word' id='word_1_562' title='bbox 1286 4318 1446 4378; x_wconf 90' lang='lat' dir='ltr'><strong>atque</strong></span> <span class='ocrx_word' id='word_1_563' title='bbox 1471 4309 1524 4363; x_wconf 91' lang='lat' dir='ltr'><strong>in</strong></span> <span class='ocrx_word' id='word_1_564' title='bbox 1553 4323 1653 4363; x_wconf 92' lang='lat' dir='ltr'><strong>suo</strong></span> <span class='ocrx_word' id='word_1_565' title='bbox 1681 4321 1878 4378; x_wconf 86' lang='lat' dir='ltr'><strong>corpo-</strong></span> 
     </span>
    </p>
   </div>
   <div class='ocr_carea' id='block_1_75' title="bbox 291 4399 1904 4480">
    <p class='ocr_par' dir='ltr' id='par_1_75' title="bbox 291 4399 1904 4480">
     <span class='ocr_line' id='line_1_75' title="bbox 291 4399 1904 4480; baseline 0.001 -25"><span class='ocrx_word' id='word_1_566' title='bbox 291 4415 350 4455; x_wconf 90' lang='lat' dir='ltr'><strong>re</strong></span> <span class='ocrx_word' id='word_1_567' title='bbox 379 4402 792 4467; x_wconf 81' lang='lat' dir='ltr'><strong>conrertendas,</strong></span> <span class='ocrx_word' id='word_1_568' title='bbox 823 4402 966 4472; x_wconf 88' lang='lat' dir='ltr'><strong>quod</strong></span> <span class='ocrx_word' id='word_1_569' title='bbox 996 4401 1210 4472; x_wconf 91' lang='lat' dir='ltr'><strong>quidem</strong></span> <span class='ocrx_word' id='word_1_570' title='bbox 1241 4416 1348 4456; x_wconf 92' lang='lat' dir='ltr'><strong>non</strong></span> <span class='ocrx_word' id='word_1_571' title='bbox 1380 4402 1510 4468; x_wconf 90' lang='lat' dir='ltr'><strong>suis,</strong></span> <span class='ocrx_word' id='word_1_572' title='bbox 1546 4399 1639 4456; x_wconf 87' lang='lat' dir='ltr'><strong>sed</strong></span> <span class='ocrx_word' id='word_1_573' title='bbox 1667 4400 1904 4480; x_wconf 81' lang='lat' dir='ltr'><strong>Domini</strong></span> 
     </span>
    </p>
   </div>
   <div class='ocr_carea' id='block_1_76' title="bbox 289 4492 1222 4562">
    <p class='ocr_par' dir='ltr' id='par_1_76' title="bbox 289 4492 1222 4562">
     <span class='ocr_line' id='line_1_76' title="bbox 289 4492 1222 4562; baseline 0 -16"><span class='ocrx_word' id='word_1_574' title='bbox 289 4493 490 4548; x_wconf 85' lang='lat' dir='ltr'><strong>viribus</strong></span> <span class='ocrx_word' id='word_1_575' title='bbox 521 4492 666 4557; x_wconf 89' lang='lat' dir='ltr'><strong>fecit,</strong></span> <span class='ocrx_word' id='word_1_576' title='bbox 690 4501 812 4559; x_wconf 87' lang='lat' dir='ltr'><strong>apte</strong></span> <span class='ocrx_word' id='word_1_577' title='bbox 836 4492 1174 4562; x_wconf 74' lang='lat' dir='ltr'><strong>subiungitur</strong></span> <span class='ocrx_word' id='word_1_578' title='bbox 1207 4508 1222 4546; x_wconf 88' lang='lat'><strong>:</strong></span> 
     </span>
    </p>
   </div>
   <div class='ocr_carea' id='block_1_77' title="bbox 559 4581 1603 4658">
    <p class='ocr_par' dir='ltr' id='par_1_77' title="bbox 559 4581 1603 4658">
     <span class='ocr_line' id='line_1_77' title="bbox 559 4581 1603 4658; baseline -0.002 -17"><span class='ocrx_word' id='word_1_579' title='bbox 559 4586 786 4643; x_wconf 80' lang='lat' dir='ltr'><strong>CAPUT</strong></span> <span class='ocrx_word' id='word_1_580' title='bbox 826 4586 916 4641; x_wconf 82' lang='lat' dir='ltr'><strong>VII</strong></span> <span class='ocrx_word' id='word_1_581' title='bbox 953 4587 1096 4658; x_wconf 72' lang='grc' dir='ltr'><strong>[γει.</strong></span> <span class='ocrx_word' id='word_1_582' title='bbox 1139 4581 1248 4652; x_wconf 80' lang='lat' dir='ltr'><strong>XI,</strong></span> <span class='ocrx_word' id='word_1_583' title='bbox 1283 4583 1408 4640; x_wconf 81' lang='lat' dir='ltr'><strong>Rec.</strong></span> <span class='ocrx_word' id='word_1_584' title='bbox 1446 4583 1603 4658; x_wconf 78' lang='lat' dir='ltr'><strong>VII].</strong></span> 
     </span>
    </p>
   </div>
   <div class='ocr_carea' id='block_1_78' title="bbox 360 4677 1884 4749">
    <p class='ocr_par' dir='ltr' id='par_1_78' title="bbox 360 4677 1884 4749">
     <span class='ocr_line' id='line_1_78' title="bbox 360 4677 1884 4749; baseline -0.001 -17"><span class='ocrx_word' id='word_1_585' title='bbox 360 4678 526 4734; x_wconf 70' lang='lat' dir='ltr'><strong>Vens.</strong></span> <span class='ocrx_word' id='word_1_586' title='bbox 554 4679 642 4734; x_wconf 79' lang='grc'><strong>59.</strong></span> <span class='ocrx_word' id='word_1_587' title='bbox 659 4709 731 4721; x_wconf 94' lang='grc'><strong><em>-</em></strong></span> <span class='ocrx_word' id='word_1_588' title='bbox 753 4677 1002 4749; x_wconf 84' lang='lat' dir='ltr'><strong>Nunquid</strong></span> <span class='ocrx_word' id='word_1_589' title='bbox 1025 4678 1194 4747; x_wconf 86' lang='lat' dir='ltr'><strong>capies</strong></span> <span class='ocrx_word' id='word_1_590' title='bbox 1218 4677 1391 4732; x_wconf 68' lang='lat' dir='ltr'><strong>latente</strong></span> <span class='ocrx_word' id='word_1_591' title='bbox 1416 4677 1670 4747; x_wconf 72' lang='lat' dir='ltr'><strong>pra&#39;dam,</strong></span> <span class='ocrx_word' id='word_1_592' title='bbox 1699 4684 1746 4731; x_wconf 90' lang='lat' dir='ltr'><strong>et</strong></span> <span class='ocrx_word' id='word_1_593' title='bbox 1768 4678 1884 4731; x_wconf 89' lang='lat' dir='ltr'><strong>ani-</strong></span> 
     </span>
    </p>
   </div>
   <div class='ocr_carea' id='block_1_79' title="bbox 288 4769 1184 4842">
    <p class='ocr_par' dir='ltr' id='par_1_79' title="bbox 288 4769 1184 4842">
     <span class='ocr_line' id='line_1_79' title="bbox 288 4769 1184 4842; baseline -0.002 -16"><span class='ocrx_word' id='word_1_594' title='bbox 288 4787 427 4826; x_wconf 85' lang='lat' dir='ltr'><strong>mam</strong></span> <span class='ocrx_word' id='word_1_595' title='bbox 460 4769 745 4824; x_wconf 88' lang='lat' dir='ltr'><strong>catulorum</strong></span> <span class='ocrx_word' id='word_1_596' title='bbox 771 4774 883 4842; x_wconf 86' lang='lat' dir='ltr'><strong>ejus</strong></span> <span class='ocrx_word' id='word_1_597' title='bbox 910 4770 1184 4841; x_wconf 81' lang='lat' dir='ltr'><strong>implebis.’</strong></span> 
     </span>
    </p>
   </div>
   <div class='ocr_carea' id='block_1_80' title="bbox 355 4853 1878 4938">
    <p class='ocr_par' dir='ltr' id='par_1_80' title="bbox 355 4853 1878 4938">
     <span class='ocr_line' id='line_1_80' title="bbox 355 4853 1878 4938; baseline -0.001 -22"><span class='ocrx_word' id='word_1_598' title='bbox 355 4862 448 4917; x_wconf 73' lang='grc'><strong>25.</strong></span> <span class='ocrx_word' id='word_1_599' title='bbox 483 4861 714 4918; x_wconf 84' lang='lat' dir='ltr'><strong>Ecclesia</strong></span> <span class='ocrx_word' id='word_1_600' title='bbox 734 4864 894 4917; x_wconf 63' lang='lat' dir='ltr'><strong>leaena</strong></span> <span class='ocrx_word' id='word_1_601' title='bbox 914 4872 1009 4928; x_wconf 91' lang='lat' dir='ltr'><strong>est,</strong></span> <span class='ocrx_word' id='word_1_602' title='bbox 1034 4853 1186 4935; x_wconf 71' lang='lat' dir='ltr'><strong>cujus</strong></span> <span class='ocrx_word' id='word_1_603' title='bbox 1216 4860 1376 4917; x_wconf 85' lang='lat' dir='ltr'><strong>catuli</strong></span> <span class='ocrx_word' id='word_1_604' title='bbox 1402 4865 1612 4932; x_wconf 80' lang='lat' dir='ltr'><strong>fuerunt</strong></span> <span class='ocrx_word' id='word_1_605' title='bbox 1635 4860 1878 4938; x_wconf 86' lang='lat' dir='ltr'><strong>apostoli.</strong></span> 
     </span>
    </p>
   </div>
   <div class='ocr_carea' id='block_1_81' title="bbox 288 4951 1877 5021">
    <p class='ocr_par' dir='ltr' id='par_1_81' title="bbox 288 4951 1877 5021">
     <span class='ocr_line' id='line_1_81' title="bbox 288 4951 1877 5021; baseline -0.003 -13"><span class='ocrx_word' id='word_1_606' title='bbox 288 4983 360 5000; x_wconf 88' lang='lat'><strong>--</strong></span> <span class='ocrx_word' id='word_1_607' title='bbox 389 4953 491 5008; x_wconf 66' lang='lat' dir='ltr'><strong>ista</strong></span> <span class='ocrx_word' id='word_1_608' title='bbox 539 4953 790 5009; x_wconf 90' lang='lat' dir='ltr'><strong>nimirum</strong></span> <span class='ocrx_word' id='word_1_609' title='bbox 821 4952 910 5006; x_wconf 91' lang='lat' dir='ltr'><strong>illa</strong></span> <span class='ocrx_word' id='word_1_610' title='bbox 952 4952 1120 5006; x_wconf 70' lang='lat' dir='ltr'><strong>leaena</strong></span> <span class='ocrx_word' id='word_1_611' title='bbox 1164 4961 1251 5008; x_wconf 88' lang='lat' dir='ltr'><strong>est</strong></span> <span class='ocrx_word' id='word_1_612' title='bbox 1289 4952 1359 5008; x_wconf 88' lang='lat' dir='ltr'><strong>de</strong></span> <span class='ocrx_word' id='word_1_613' title='bbox 1387 4967 1488 5021; x_wconf 89' lang='lat' dir='ltr'><strong>qua</strong></span> <span class='ocrx_word' id='word_1_614' title='bbox 1518 4952 1621 5008; x_wconf 86' lang='lat' dir='ltr'><strong>Job</strong></span> <span class='ocrx_word' id='word_1_615' title='bbox 1645 4951 1877 5020; x_wconf 89' lang='lat' dir='ltr'><strong>dicebat,</strong></span> 
     </span>
    </p>
   </div>
   <div class='ocr_carea' id='block_1_82' title="bbox 292 5043 1878 5114">
    <p class='ocr_par' dir='ltr' id='par_1_82' title="bbox 292 5043 1878 5114">
     <span class='ocr_line' id='line_1_82' title="bbox 292 5043 1878 5114; baseline -0.001 -16"><span class='ocrx_word' id='word_1_616' title='bbox 292 5059 409 5098; x_wconf 91' lang='lat' dir='ltr'><strong>cum</strong></span> <span class='ocrx_word' id='word_1_617' title='bbox 440 5043 835 5113; x_wconf 89' lang='lat' dir='ltr'><strong>superbientem</strong></span> <span class='ocrx_word' id='word_1_618' title='bbox 865 5043 1105 5098; x_wconf 75' lang='lat' dir='ltr'><strong>.ludzeatu</strong></span> <span class='ocrx_word' id='word_1_619' title='bbox 1136 5054 1386 5099; x_wconf 87' lang='lat' dir='ltr'><strong>cerneret</strong></span> <span class='ocrx_word' id='word_1_620' title='bbox 1416 5044 1742 5114; x_wconf 72' lang='lat' dir='ltr'><strong>pmdicante</strong></span> <span class='ocrx_word' id='word_1_621' title='bbox 1773 5043 1878 5097; x_wconf 89' lang='lat' dir='ltr'><strong>Ec-</strong></span> 
     </span>
    </p>
   </div>
   <div class='ocr_carea' id='block_1_83' title="bbox 296 5135 1876 5210">
    <p class='ocr_par' dir='ltr' id='par_1_83' title="bbox 296 5135 1876 5210">
     <span class='ocr_line' id='line_1_83' title="bbox 296 5135 1876 5210; baseline -0.001 -18"><span class='ocrx_word' id='word_1_622' title='bbox 296 5139 448 5193; x_wconf 87' lang='lat' dir='ltr'><strong>clesia</strong></span> <span class='ocrx_word' id='word_1_623' title='bbox 476 5139 925 5210; x_wconf 71' lang='lat' dir='ltr'><strong>praetermissam:</strong></span> <span class='ocrx_word' id='word_1_624' title='bbox 960 5135 1084 5192; x_wconf 87' lang='lat' dir='ltr'><strong>Non</strong></span> <span class='ocrx_word' id='word_1_625' title='bbox 1113 5138 1432 5194; x_wconf 79' lang='lat' dir='ltr'><strong>calcaverunt</strong></span> <span class='ocrx_word' id='word_1_626' title='bbox 1458 5154 1569 5193; x_wconf 85' lang='lat' dir='ltr'><strong>eam</strong></span> <span class='ocrx_word' id='word_1_627' title='bbox 1597 5139 1695 5208; x_wconf 80' lang='lat' dir='ltr'><strong>ﬁlii</strong></span> <span class='ocrx_word' id='word_1_628' title='bbox 1723 5137 1876 5192; x_wconf 86' lang='lat' dir='ltr'><strong>insti-</strong></span> 
     </span>
    </p>
   </div>
   <div class='ocr_carea' id='block_1_84' title="bbox 297 5227 1876 5303">
    <p class='ocr_par' dir='ltr' id='par_1_84' title="bbox 297 5227 1876 5303">
     <span class='ocr_line' id='line_1_84' title="bbox 297 5227 1876 5303; baseline -0.001 -19"><span class='ocrx_word' id='word_1_629' title='bbox 297 5239 477 5298; x_wconf 84' lang='lat' dir='ltr'><strong>torum,</strong></span> <span class='ocrx_word' id='word_1_630' title='bbox 501 5248 593 5286; x_wconf 88' lang='lat' dir='ltr'><strong>nec</strong></span> <span class='ocrx_word' id='word_1_631' title='bbox 622 5231 945 5303; x_wconf 83' lang='lat' dir='ltr'><strong>pertransivit</strong></span> <span class='ocrx_word' id='word_1_632' title='bbox 976 5246 1065 5299; x_wconf 86' lang='lat' dir='ltr'><strong>per</strong></span> <span class='ocrx_word' id='word_1_633' title='bbox 1093 5246 1204 5285; x_wconf 90' lang='lat' dir='ltr'><strong>eam</strong></span> <span class='ocrx_word' id='word_1_634' title='bbox 1225 5231 1386 5284; x_wconf 71' lang='lat' dir='ltr'><strong>lewna</strong></span> <span class='ocrx_word' id='word_1_635' title='bbox 1416 5227 1558 5301; x_wconf 84' lang='lat' dir='ltr'><strong>(Job.</strong></span> <span class='ocrx_word' id='word_1_636' title='bbox 1591 5230 1876 5298; x_wconf 80' lang='lat' dir='ltr'><strong>xxvttt,&#39;8).</strong></span> 
     </span>
    </p>
   </div>
   <div class='ocr_carea' id='block_1_85' title="bbox 294 5321 1875 5394">
    <p class='ocr_par' dir='ltr' id='par_1_85' title="bbox 294 5321 1875 5394">
     <span class='ocr_line' id='line_1_85' title="bbox 294 5321 1875 5394; baseline -0.001 -17"><span class='ocrx_word' id='word_1_637' title='bbox 294 5321 422 5378; x_wconf 85' lang='lat' dir='ltr'><strong>Huic</strong></span> <span class='ocrx_word' id='word_1_638' title='bbox 445 5339 573 5394; x_wconf 89' lang='lat' dir='ltr'><strong>ergo</strong></span> <span class='ocrx_word' id='word_1_639' title='bbox 605 5325 786 5380; x_wconf 74' lang='lat' dir='ltr'><strong>leaena:</strong></span> <span class='ocrx_word' id='word_1_640' title='bbox 814 5323 1070 5388; x_wconf 90' lang='lat' dir='ltr'><strong>Dominus</strong></span> <span class='ocrx_word' id='word_1_641' title='bbox 1101 5323 1338 5392; x_wconf 73' lang='lat' dir='ltr'><strong>praedam</strong></span> <span class='ocrx_word' id='word_1_642' title='bbox 1360 5324 1522 5392; x_wconf 88' lang='lat' dir='ltr'><strong>capit,</strong></span> <span class='ocrx_word' id='word_1_643' title='bbox 1553 5331 1612 5376; x_wconf 89' lang='lat' dir='ltr'><strong>ut</strong></span> <span class='ocrx_word' id='word_1_644' title='bbox 1638 5323 1875 5377; x_wconf 87' lang='lat' dir='ltr'><strong>animam</strong></span> 
     </span>
    </p>
   </div>
   <div class='ocr_carea' id='block_1_86' title="bbox 292 5415 1878 5489">
    <p class='ocr_par' dir='ltr' id='par_1_86' title="bbox 292 5415 1878 5489">
     <span class='ocr_line' id='line_1_86' title="bbox 292 5415 1878 5489; baseline 0.001 -19"><span class='ocrx_word' id='word_1_645' title='bbox 292 5415 586 5473; x_wconf 81' lang='lat' dir='ltr'><strong>catulorum</strong></span> <span class='ocrx_word' id='word_1_646' title='bbox 626 5417 746 5489; x_wconf 83' lang='lat' dir='ltr'><strong>ejus</strong></span> <span class='ocrx_word' id='word_1_647' title='bbox 783 5418 1025 5488; x_wconf 89' lang='lat' dir='ltr'><strong>impleat,</strong></span> <span class='ocrx_word' id='word_1_648' title='bbox 1057 5416 1182 5488; x_wconf 83' lang='lat' dir='ltr'><strong>quia</strong></span> <span class='ocrx_word' id='word_1_649' title='bbox 1214 5415 1276 5470; x_wconf 91' lang='lat' dir='ltr'><strong>ad</strong></span> <span class='ocrx_word' id='word_1_650' title='bbox 1322 5426 1667 5486; x_wconf 87' lang='lat' dir='ltr'><strong>augmentum</strong></span> <span class='ocrx_word' id='word_1_651' title='bbox 1721 5415 1878 5485; x_wconf 84' lang='lat' dir='ltr'><strong>hujus</strong></span> 
     </span>
    </p>
   </div>
   <div class='ocr_carea' id='block_1_87' title="bbox 292 5504 1877 5579">
    <p class='ocr_par' dir='ltr' id='par_1_87' title="bbox 292 5504 1877 5579">
     <span class='ocr_line' id='line_1_87' title="bbox 292 5504 1877 5579; baseline -0.002 -15"><span class='ocrx_word' id='word_1_652' title='bbox 292 5504 549 5564; x_wconf 71' lang='lat' dir='ltr'><strong>Ecclesia:</strong></span> <span class='ocrx_word' id='word_1_653' title='bbox 595 5508 905 5567; x_wconf 89' lang='lat' dir='ltr'><strong>innumeros</strong></span> <span class='ocrx_word' id='word_1_654' title='bbox 952 5509 1022 5565; x_wconf 87' lang='lat' dir='ltr'><strong>de</strong></span> <span class='ocrx_word' id='word_1_655' title='bbox 1059 5506 1358 5579; x_wconf 88' lang='lat' dir='ltr'><strong>gentilitate</strong></span> <span class='ocrx_word' id='word_1_656' title='bbox 1385 5506 1627 5577; x_wconf 90' lang='lat' dir='ltr'><strong>diripuit,</strong></span> <span class='ocrx_word' id='word_1_657' title='bbox 1672 5514 1730 5562; x_wconf 91' lang='lat' dir='ltr'><strong>et</strong></span> <span class='ocrx_word' id='word_1_658' title='bbox 1779 5521 1877 5574; x_wconf 91' lang='lat' dir='ltr'><strong>per</strong></span> 
     </span>
    </p>
   </div>
   <div class='ocr_carea' id='block_1_88' title="bbox 359 5669 1739 5737">
    <p class='ocr_par' dir='ltr' id='par_1_88' title="bbox 359 5669 1739 5737">
     <span class='ocr_line' id='line_1_88' title="bbox 359 5669 1739 5737; baseline -0.004 -14"><span class='ocrx_word' id='word_1_659' title='bbox 359 5677 389 5707; x_wconf 76' lang='grc' dir='ltr'>ι</span> <span class='ocrx_word' id='word_1_660' title='bbox 418 5669 670 5737; x_wconf 80' lang='lat' dir='ltr'><strong>Vindoc.,</strong></span> <span class='ocrx_word' id='word_1_661' title='bbox 700 5670 916 5726; x_wconf 84' lang='lat' dir='ltr'><strong>Ebroic.</strong></span> <span class='ocrx_word' id='word_1_662' title='bbox 947 5679 1000 5726; x_wconf 89' lang='lat' dir='ltr'><strong>et</strong></span> <span class='ocrx_word' id='word_1_663' title='bbox 1026 5671 1099 5726; x_wconf 91' lang='lat' dir='ltr'><strong>al.</strong></span> <span class='ocrx_word' id='word_1_664' title='bbox 1127 5669 1338 5736; x_wconf 83' lang='lat' dir='ltr'><strong>Norm.,</strong></span> <span class='ocrx_word' id='word_1_665' title='bbox 1370 5673 1739 5723; x_wconf 81' lang='lat' dir='ltr'><strong>monstrantur.</strong></span> 
     </span>
    </p>
   </div>
   <div class='ocr_carea' id='block_1_89' title="bbox 359 5738 1401 5812">
    <p class='ocr_par' dir='ltr' id='par_1_89' title="bbox 359 5738 1401 5812">
     <span class='ocr_line' id='line_1_89' title="bbox 359 5738 1401 5812; baseline 0 -18"><span class='ocrx_word' id='word_1_666' title='bbox 359 5738 388 5778; x_wconf 75' lang='grc' dir='ltr'><strong>ι’</strong></span> <span class='ocrx_word' id='word_1_667' title='bbox 418 5741 588 5812; x_wconf 70' lang='lat' dir='ltr'><strong>Laud.</strong></span> <span class='ocrx_word' id='word_1_668' title='bbox 616 5749 672 5796; x_wconf 92' lang='lat' dir='ltr'><strong>et</strong></span> <span class='ocrx_word' id='word_1_669' title='bbox 688 5741 808 5796; x_wconf 82' lang='lat' dir='ltr'><strong>Val.</strong></span> <span class='ocrx_word' id='word_1_670' title='bbox 836 5741 944 5808; x_wconf 84' lang='lat' dir='ltr'><strong>CL,</strong></span> <span class='ocrx_word' id='word_1_671' title='bbox 973 5743 1036 5796; x_wconf 90' lang='lat' dir='ltr'><strong>ab</strong></span> <span class='ocrx_word' id='word_1_672' title='bbox 1061 5744 1401 5812; x_wconf 84' lang='lat' dir='ltr'><strong>in/innorum.</strong></span> 
     </span>
    </p>
   </div>
   <div class='ocr_carea' id='block_1_90' title="bbox 366 5809 1863 5894">
    <p class='ocr_par' dir='ltr' id='par_1_90' title="bbox 366 5809 1863 5894">
     <span class='ocr_line' id='line_1_90' title="bbox 366 5809 1863 5894; baseline -0.004 -25"><span class='ocrx_word' id='word_1_673' title='bbox 366 5822 388 5850; x_wconf 77' lang='grc' dir='ltr'><strong>ε</strong></span> <span class='ocrx_word' id='word_1_674' title='bbox 429 5811 592 5870; x_wconf 89' lang='lat' dir='ltr'><strong>Corb.</strong></span> <span class='ocrx_word' id='word_1_675' title='bbox 626 5812 833 5884; x_wconf 84' lang='lat' dir='ltr'><strong>Germ.,</strong></span> <span class='ocrx_word' id='word_1_676' title='bbox 868 5812 1070 5874; x_wconf 78' lang='lat' dir='ltr'><strong>Pratel.</strong></span> <span class='ocrx_word' id='word_1_677' title='bbox 1093 5809 1149 5871; x_wconf 84' lang='lat' dir='ltr'><strong>et</strong></span> <span class='ocrx_word' id='word_1_678' title='bbox 1175 5813 1252 5894; x_wconf 87' lang='lat' dir='ltr'><strong>pl.</strong></span> <span class='ocrx_word' id='word_1_679' title='bbox 1278 5811 1491 5880; x_wconf 81' lang='lat' dir='ltr'><strong>Norm.,</strong></span> <span class='ocrx_word' id='word_1_680' title='bbox 1514 5809 1863 5868; x_wconf 58' lang='lat' dir='ltr'><strong>enarravit...</strong></span> 
     </span>
    </p>
   </div>
   <div class='ocr_carea' id='block_1_91' title="bbox 1987 3291 3566 3354">
    <p class='ocr_par' dir='ltr' id='par_1_91' title="bbox 1987 3291 3566 3354">
     <span class='ocr_line' id='line_1_91' title="bbox 1987 3291 3566 3354; baseline 0.006 -9"><span class='ocrx_word' id='word_1_681' title='bbox 1987 3305 2108 3345; x_wconf 92' lang='lat' dir='ltr'><strong>cum</strong></span> <span class='ocrx_word' id='word_1_682' title='bbox 2139 3291 2217 3346; x_wconf 90' lang='lat' dir='ltr'><strong>eis</strong></span> <span class='ocrx_word' id='word_1_683' title='bbox 2257 3291 2522 3346; x_wconf 89' lang='lat' dir='ltr'><strong>dominica</strong></span> <span class='ocrx_word' id='word_1_684' title='bbox 2551 3307 2680 3348; x_wconf 86' lang='lat' dir='ltr'><strong>voce</strong></span> <span class='ocrx_word' id='word_1_685' title='bbox 2707 3293 2904 3349; x_wconf 89' lang='lat' dir='ltr'><strong>dicitur</strong></span> <span class='ocrx_word' id='word_1_686' title='bbox 2929 3313 2943 3351; x_wconf 91' lang='lat'><strong>:</strong></span> <span class='ocrx_word' id='word_1_687' title='bbox 2976 3296 3166 3351; x_wconf 84' lang='lat' dir='ltr'><strong>Sedete</strong></span> <span class='ocrx_word' id='word_1_688' title='bbox 3192 3299 3274 3352; x_wconf 83' lang='lat' dir='ltr'><strong>hic</strong></span> <span class='ocrx_word' id='word_1_689' title='bbox 3294 3299 3348 3352; x_wconf 91' lang='lat' dir='ltr'><strong>in</strong></span> <span class='ocrx_word' id='word_1_690' title='bbox 3374 3301 3566 3354; x_wconf 81' lang='lat' dir='ltr'><strong>civitate</strong></span> 
     </span>
    </p>
   </div>
   <div class='ocr_carea' id='block_1_92' title="bbox 1985 3384 3564 3462">
    <p class='ocr_par' dir='ltr' id='par_1_92' title="bbox 1985 3384 3564 3462">
     <span class='ocr_line' id='line_1_92' title="bbox 1985 3384 3564 3462; baseline 0.009 -26"><span class='ocrx_word' id='word_1_691' title='bbox 1985 3384 2317 3453; x_wconf 83' lang='lat' dir='ltr'><strong>quoadusque</strong></span> <span class='ocrx_word' id='word_1_692' title='bbox 2343 3385 2630 3439; x_wconf 73' lang='lat' dir='ltr'><strong>induamini</strong></span> <span class='ocrx_word' id='word_1_693' title='bbox 2656 3387 2839 3440; x_wconf 79' lang='lat' dir='ltr'><strong>virtute</strong></span> <span class='ocrx_word' id='word_1_694' title='bbox 2863 3402 2926 3440; x_wconf 80' lang='lat' dir='ltr'><strong>ea:</strong></span> <span class='ocrx_word' id='word_1_695' title='bbox 2949 3390 3052 3442; x_wconf 90' lang='lat' dir='ltr'><strong>alto</strong></span> <span class='ocrx_word' id='word_1_696' title='bbox 3084 3388 3235 3460; x_wconf 88' lang='lat' dir='ltr'><strong>(Luc.</strong></span> <span class='ocrx_word' id='word_1_697' title='bbox 3268 3407 3415 3456; x_wconf 79' lang='lat' dir='ltr'><strong>xxrv,</strong></span> <span class='ocrx_word' id='word_1_698' title='bbox 3447 3391 3564 3462; x_wconf 77' lang='grc'><strong>49).</strong></span> 
     </span>
    </p>
   </div>
   <div class='ocr_carea' id='block_1_93' title="bbox 1987 3473 3568 3550">
    <p class='ocr_par' dir='ltr' id='par_1_93' title="bbox 1987 3473 3568 3550">
     <span class='ocr_line' id='line_1_93' title="bbox 1987 3473 3568 3550; baseline 0.006 -24"><span class='ocrx_word' id='word_1_699' title='bbox 1987 3473 2066 3527; x_wconf 86' lang='lat' dir='ltr'><strong>An</strong></span> <span class='ocrx_word' id='word_1_700' title='bbox 2097 3489 2202 3528; x_wconf 88' lang='lat' dir='ltr'><strong>non</strong></span> <span class='ocrx_word' id='word_1_701' title='bbox 2232 3483 2379 3529; x_wconf 86' lang='lat' dir='ltr'><strong>recte</strong></span> <span class='ocrx_word' id='word_1_702' title='bbox 2406 3477 2588 3531; x_wconf 62' lang='lat' dir='ltr'><strong>leaena:</strong></span> <span class='ocrx_word' id='word_1_703' title='bbox 2618 3478 2781 3531; x_wconf 88' lang='lat' dir='ltr'><strong>catuli</strong></span> <span class='ocrx_word' id='word_1_704' title='bbox 2814 3487 3091 3544; x_wconf 80' lang='lat' dir='ltr'><strong>vocantur,</strong></span> <span class='ocrx_word' id='word_1_705' title='bbox 3122 3482 3211 3550; x_wconf 89' lang='lat' dir='ltr'><strong>qui</strong></span> <span class='ocrx_word' id='word_1_706' title='bbox 3243 3483 3294 3535; x_wconf 89' lang='lat' dir='ltr'><strong>itt</strong></span> <span class='ocrx_word' id='word_1_707' title='bbox 3335 3482 3568 3538; x_wconf 84' lang='lat' dir='ltr'><strong>Ecclesia</strong></span> 
     </span>
    </p>
   </div>
   <div class='ocr_carea' id='block_1_94' title="bbox 1985 3566 3287 3642">
    <p class='ocr_par' dir='ltr' id='par_1_94' title="bbox 1985 3566 3287 3642">
     <span class='ocr_line' id='line_1_94' title="bbox 1985 3566 3287 3642; baseline 0.004 -20"><span class='ocrx_word' id='word_1_708' title='bbox 1985 3566 2115 3622; x_wconf 90' lang='lat' dir='ltr'><strong>editi</strong></span> <span class='ocrx_word' id='word_1_709' title='bbox 2143 3567 2520 3623; x_wconf 87' lang='lat' dir='ltr'><strong>adversantem</strong></span> <span class='ocrx_word' id='word_1_710' title='bbox 2555 3570 2808 3624; x_wconf 89' lang='lat' dir='ltr'><strong>mundum</strong></span> <span class='ocrx_word' id='word_1_711' title='bbox 2836 3585 2929 3626; x_wconf 89' lang='lat' dir='ltr'><strong>ore</strong></span> <span class='ocrx_word' id='word_1_712' title='bbox 2958 3574 3287 3642; x_wconf 81' lang='lat' dir='ltr'><strong>rapuerunt?</strong></span> 
     </span>
    </p>
   </div>
   <div class='ocr_carea' id='block_1_95' title="bbox 2054 3657 3569 3730">
    <p class='ocr_par' dir='ltr' id='par_1_95' title="bbox 2054 3657 3569 3730">
     <span class='ocr_line' id='line_1_95' title="bbox 2054 3657 3569 3730; baseline 0.007 -20"><span class='ocrx_word' id='word_1_713' title='bbox 2054 3657 2146 3711; x_wconf 75' lang='lat'><strong>27.</strong></span> <span class='ocrx_word' id='word_1_714' title='bbox 2182 3658 2314 3713; x_wconf 86' lang='lat' dir='ltr'><strong>Illos</strong></span> <span class='ocrx_word' id='word_1_715' title='bbox 2343 3660 2608 3714; x_wconf 86' lang='lat' dir='ltr'><strong>imitantur</strong></span> <span class='ocrx_word' id='word_1_716' title='bbox 2649 3663 2860 3730; x_wconf 77' lang='lat' dir='ltr'><strong>perfecti</strong></span> <span class='ocrx_word' id='word_1_717' title='bbox 2896 3663 3148 3719; x_wconf 87' lang='lat' dir='ltr'><strong>doctores.</strong></span> <span class='ocrx_word' id='word_1_718' title='bbox 3185 3665 3285 3719; x_wconf 81' lang='lat' dir='ltr'><strong>Ille</strong></span> <span class='ocrx_word' id='word_1_719' title='bbox 3309 3667 3402 3719; x_wconf 86' lang='lat' dir='ltr'><strong>scit</strong></span> <span class='ocrx_word' id='word_1_720' title='bbox 3444 3680 3569 3721; x_wconf 74' lang='lat' dir='ltr'><strong>recte</strong></span> 
     </span>
    </p>
   </div>
   <div class='ocr_carea' id='block_1_96' title="bbox 1989 3751 3569 3828">
    <p class='ocr_par' dir='ltr' id='par_1_96' title="bbox 1989 3751 3569 3828">
     <span class='ocr_line' id='line_1_96' title="bbox 1989 3751 3569 3828; baseline 0.007 -25"><span class='ocrx_word' id='word_1_721' title='bbox 1989 3751 2176 3817; x_wconf 86' lang='lat' dir='ltr'><strong>dicere,</strong></span> <span class='ocrx_word' id='word_1_722' title='bbox 2229 3753 2317 3818; x_wconf 88' lang='lat' dir='ltr'><strong>qui</strong></span> <span class='ocrx_word' id='word_1_723' title='bbox 2358 3755 2493 3806; x_wconf 75' lang='lat' dir='ltr'><strong>novit</strong></span> <span class='ocrx_word' id='word_1_724' title='bbox 2538 3754 2774 3809; x_wconf 85' lang='lat' dir='ltr'><strong>ordinate</strong></span> <span class='ocrx_word' id='word_1_725' title='bbox 2802 3767 2987 3810; x_wconf 87' lang='lat' dir='ltr'><strong>tacere.</strong></span> <span class='ocrx_word' id='word_1_726' title='bbox 3014 3787 3086 3798; x_wconf 89' lang='lat'><strong>——</strong></span> <span class='ocrx_word' id='word_1_727' title='bbox 3117 3757 3183 3812; x_wconf 87' lang='lat' dir='ltr'><strong>Et</strong></span> <span class='ocrx_word' id='word_1_728' title='bbox 3223 3757 3337 3813; x_wconf 60' lang='lat' dir='ltr'><strong>haec</strong></span> <span class='ocrx_word' id='word_1_729' title='bbox 3362 3757 3569 3828; x_wconf 84' lang='lat' dir='ltr'><strong>quidem</strong></span> 
     </span>
    </p>
   </div>
   <div class='ocr_carea' id='block_1_97' title="bbox 1991 3841 3570 3913">
    <p class='ocr_par' dir='ltr' id='par_1_97' title="bbox 1991 3841 3570 3913">
     <span class='ocr_line' id='line_1_97' title="bbox 1991 3841 3570 3913; baseline 0.005 -17"><span class='ocrx_word' id='word_1_730' title='bbox 1991 3841 2128 3896; x_wconf 84' lang='lat' dir='ltr'><strong>facta</strong></span> <span class='ocrx_word' id='word_1_731' title='bbox 2158 3857 2186 3895; x_wconf 89' lang='lat' dir='ltr'><strong>a</strong></span> <span class='ocrx_word' id='word_1_732' title='bbox 2218 3844 2417 3897; x_wconf 87' lang='lat' dir='ltr'><strong>sanctis</strong></span> <span class='ocrx_word' id='word_1_733' title='bbox 2448 3845 2702 3913; x_wconf 92' lang='lat' dir='ltr'><strong>apostolis</strong></span> <span class='ocrx_word' id='word_1_734' title='bbox 2732 3847 3007 3913; x_wconf 86' lang='lat' dir='ltr'><strong>novimus,</strong></span> <span class='ocrx_word' id='word_1_735' title='bbox 3056 3848 3174 3904; x_wconf 67' lang='lat' dir='ltr'><strong>haec</strong></span> <span class='ocrx_word' id='word_1_736' title='bbox 3223 3865 3364 3904; x_wconf 87' lang='lat' dir='ltr'><strong>nunc</strong></span> <span class='ocrx_word' id='word_1_737' title='bbox 3414 3853 3570 3904; x_wconf 89' lang='lat' dir='ltr'><strong>etiam</strong></span> 
     </span>
    </p>
   </div>
   <div class='ocr_carea' id='block_1_98' title="bbox 1986 3931 3568 4010">
    <p class='ocr_par' dir='ltr' id='par_1_98' title="bbox 1986 3931 3568 4010">
     <span class='ocr_line' id='line_1_98' title="bbox 1986 3931 3568 4010; baseline 0.003 -22"><span class='ocrx_word' id='word_1_738' title='bbox 1986 3933 2099 3988; x_wconf 81' lang='lat' dir='ltr'><strong>ﬁeri</strong></span> <span class='ocrx_word' id='word_1_739' title='bbox 2128 3951 2160 3989; x_wconf 89' lang='lat' dir='ltr'><strong>a</strong></span> <span class='ocrx_word' id='word_1_740' title='bbox 2190 3931 2219 3971; x_wconf 72' lang='lat'><em>‘</em></span> <span class='ocrx_word' id='word_1_741' title='bbox 2250 3934 2500 4003; x_wconf 80' lang='lat' dir='ltr'><strong>perfectis</strong></span> <span class='ocrx_word' id='word_1_742' title='bbox 2529 3936 2834 3992; x_wconf 91' lang='lat' dir='ltr'><strong>doctoribus</strong></span> <span class='ocrx_word' id='word_1_743' title='bbox 2858 3939 3125 3994; x_wconf 77' lang='lat' dir='ltr'><strong>videmus.</strong></span> <span class='ocrx_word' id='word_1_744' title='bbox 3158 3940 3262 4010; x_wconf 90' lang='lat' dir='ltr'><strong>Ipsi</strong></span> <span class='ocrx_word' id='word_1_745' title='bbox 3291 3941 3434 3995; x_wconf 90' lang='lat' dir='ltr'><strong>enim</strong></span> <span class='ocrx_word' id='word_1_746' title='bbox 3464 3941 3568 3995; x_wconf 90' lang='lat' dir='ltr'><strong>etsi</strong></span> 
     </span>
    </p>
   </div>
   <div class='ocr_carea' id='block_1_99' title="bbox 1986 4027 3570 4099">
    <p class='ocr_par' dir='ltr' id='par_1_99' title="bbox 1986 4027 3570 4099">
     <span class='ocr_line' id='line_1_99' title="bbox 1986 4027 3570 4099; baseline 0.004 -18"><span class='ocrx_word' id='word_1_747' title='bbox 1986 4027 2427 4095; x_wconf 90' lang='lat' dir='ltr'><strong>subseqttentium</strong></span> <span class='ocrx_word' id='word_1_748' title='bbox 2473 4029 2785 4097; x_wconf 89' lang='lat' dir='ltr'><strong>populorum</strong></span> <span class='ocrx_word' id='word_1_749' title='bbox 2816 4039 2997 4099; x_wconf 89' lang='lat' dir='ltr'><strong>patres</strong></span> <span class='ocrx_word' id='word_1_750' title='bbox 3028 4040 3171 4091; x_wconf 88' lang='lat' dir='ltr'><strong>sunt.</strong></span> <span class='ocrx_word' id='word_1_751' title='bbox 3223 4040 3405 4086; x_wconf 86' lang='lat' dir='ltr'><strong>tamen</strong></span> <span class='ocrx_word' id='word_1_752' title='bbox 3454 4042 3570 4088; x_wconf 90' lang='lat' dir='ltr'><strong>sunt</strong></span> 
     </span>
    </p>
   </div>
   <div class='ocr_carea' id='block_1_100' title="bbox 1986 4117 3570 4189">
    <p class='ocr_par' dir='ltr' id='par_1_100' title="bbox 1986 4117 3570 4189">
     <span class='ocr_line' id='line_1_100' title="bbox 1986 4117 3570 4189; baseline 0.003 -17"><span class='ocrx_word' id='word_1_753' title='bbox 1986 4117 2403 4189; x_wconf 67' lang='lat' dir='ltr'><strong>pratcedentium</strong></span> <span class='ocrx_word' id='word_1_754' title='bbox 2458 4119 2584 4186; x_wconf 88' lang='lat' dir='ltr'><strong>filii;</strong></span> <span class='ocrx_word' id='word_1_755' title='bbox 2616 4120 2759 4176; x_wconf 91' lang='lat' dir='ltr'><strong>unde</strong></span> <span class='ocrx_word' id='word_1_756' title='bbox 2783 4130 2839 4176; x_wconf 90' lang='lat' dir='ltr'><strong>et</strong></span> <span class='ocrx_word' id='word_1_757' title='bbox 2868 4137 2973 4176; x_wconf 91' lang='lat' dir='ltr'><strong>non</strong></span> <span class='ocrx_word' id='word_1_758' title='bbox 3003 4121 3274 4178; x_wconf 86' lang='lat' dir='ltr'><strong>immerito</strong></span> <span class='ocrx_word' id='word_1_759' title='bbox 3301 4123 3461 4178; x_wconf 87' lang='lat' dir='ltr'><strong>catuli</strong></span> <span class='ocrx_word' id='word_1_760' title='bbox 3495 4123 3570 4176; x_wconf 81' lang='lat' dir='ltr'><strong>di-</strong></span> 
     </span>
    </p>
   </div>
   <div class='ocr_carea' id='block_1_101' title="bbox 1987 4207 3570 4281">
    <p class='ocr_par' dir='ltr' id='par_1_101' title="bbox 1987 4207 3570 4281">
     <span class='ocr_line' id='line_1_101' title="bbox 1987 4207 3570 4281; baseline 0.001 -17"><span class='ocrx_word' id='word_1_761' title='bbox 1987 4219 2204 4265; x_wconf 92' lang='lat' dir='ltr'><strong>cuntur.</strong></span> <span class='ocrx_word' id='word_1_762' title='bbox 2233 4209 2330 4266; x_wconf 75' lang='lat' dir='ltr'><strong>Vel</strong></span> <span class='ocrx_word' id='word_1_763' title='bbox 2361 4220 2508 4266; x_wconf 89' lang='lat' dir='ltr'><strong>certe</strong></span> <span class='ocrx_word' id='word_1_764' title='bbox 2537 4213 2659 4281; x_wconf 89' lang='lat' dir='ltr'><strong>quia</strong></span> <span class='ocrx_word' id='word_1_765' title='bbox 2689 4211 2789 4267; x_wconf 90' lang='lat' dir='ltr'><strong>etsi</strong></span> <span class='ocrx_word' id='word_1_766' title='bbox 2816 4207 3166 4281; x_wconf 85' lang='lat' dir='ltr'><strong>quorumdam</strong></span> <span class='ocrx_word' id='word_1_767' title='bbox 3199 4214 3436 4268; x_wconf 82' lang='lat' dir='ltr'><strong>fidelium</strong></span> <span class='ocrx_word' id='word_1_768' title='bbox 3467 4228 3570 4266; x_wconf 86' lang='lat' dir='ltr'><strong>ma-</strong></span> 
     </span>
    </p>
   </div>
   <div class='ocr_carea' id='block_1_102' title="bbox 1986 4301 3570 4374">
    <p class='ocr_par' dir='ltr' id='par_1_102' title="bbox 1986 4301 3570 4374">
     <span class='ocr_line' id='line_1_102' title="bbox 1986 4301 3570 4374; baseline 0.004 -20"><span class='ocrx_word' id='word_1_769' title='bbox 1986 4301 2140 4372; x_wconf 74' lang='lat' dir='ltr'><strong>gistri</strong></span> <span class='ocrx_word' id='word_1_770' title='bbox 2169 4308 2317 4365; x_wconf 90' lang='lat' dir='ltr'><strong>sunt,</strong></span> <span class='ocrx_word' id='word_1_771' title='bbox 2349 4302 2670 4357; x_wconf 89' lang='lat' dir='ltr'><strong>universalis</strong></span> <span class='ocrx_word' id='word_1_772' title='bbox 2698 4311 2875 4358; x_wconf 79' lang='lat' dir='ltr'><strong>tamen</strong></span> <span class='ocrx_word' id='word_1_773' title='bbox 2907 4305 3158 4360; x_wconf 57' lang='lat' dir='ltr'><strong>Ecclesia!</strong></span> <span class='ocrx_word' id='word_1_774' title='bbox 3186 4305 3481 4374; x_wconf 89' lang='lat' dir='ltr'><strong>discipulos</strong></span> <span class='ocrx_word' id='word_1_775' title='bbox 3511 4321 3570 4361; x_wconf 85' lang='lat' dir='ltr'><strong>se</strong></span> 
     </span>
    </p>
   </div>
   <div class='ocr_carea' id='block_1_103' title="bbox 1985 4391 3571 4462">
    <p class='ocr_par' dir='ltr' id='par_1_103' title="bbox 1985 4391 3571 4462">
     <span class='ocr_line' id='line_1_103' title="bbox 1985 4391 3571 4462; baseline 0.003 -16"><span class='ocrx_word' id='word_1_776' title='bbox 1985 4405 2106 4446; x_wconf 86' lang='lat' dir='ltr'><strong>esse</strong></span> <span class='ocrx_word' id='word_1_777' title='bbox 2136 4391 2452 4460; x_wconf 86' lang='lat' dir='ltr'><strong>gloriantur.</strong></span> <span class='ocrx_word' id='word_1_778' title='bbox 2484 4391 2695 4446; x_wconf 58' lang='lat' dir='ltr'><strong>Leana:</strong></span> <span class='ocrx_word' id='word_1_779' title='bbox 2721 4392 2900 4462; x_wconf 90' lang='lat' dir='ltr'><strong>itaque</strong></span> <span class='ocrx_word' id='word_1_780' title='bbox 2931 4394 3165 4462; x_wconf 66' lang='lat' dir='ltr'><strong>pradant</strong></span> <span class='ocrx_word' id='word_1_781' title='bbox 3199 4395 3454 4450; x_wconf 92' lang='lat' dir='ltr'><strong>Dominus</strong></span> <span class='ocrx_word' id='word_1_782' title='bbox 3484 4411 3571 4450; x_wconf 52' lang='lat' dir='ltr'><strong>cs.</strong></span> 
     </span>
    </p>
   </div>
   <div class='ocr_carea' id='block_1_104' title="bbox 1985 4484 3570 4556">
    <p class='ocr_par' dir='ltr' id='par_1_104' title="bbox 1985 4484 3570 4556">
     <span class='ocr_line' id='line_1_104' title="bbox 1985 4484 3570 4556; baseline 0.005 -19"><span class='ocrx_word' id='word_1_783' title='bbox 1985 4484 2086 4554; x_wconf 89' lang='lat' dir='ltr'><strong>pit,</strong></span> <span class='ocrx_word' id='word_1_784' title='bbox 2143 4485 2265 4554; x_wconf 91' lang='lat' dir='ltr'><strong>quia</strong></span> <span class='ocrx_word' id='word_1_785' title='bbox 2296 4484 2492 4540; x_wconf 88' lang='lat' dir='ltr'><strong>virtute</strong></span> <span class='ocrx_word' id='word_1_786' title='bbox 2519 4499 2632 4540; x_wconf 68' lang='lat' dir='ltr'><strong>sua:</strong></span> <span class='ocrx_word' id='word_1_787' title='bbox 2682 4486 3045 4556; x_wconf 76' lang='lat' dir='ltr'><strong>inSpirationis</strong></span> <span class='ocrx_word' id='word_1_788' title='bbox 3094 4489 3162 4542; x_wconf 91' lang='lat' dir='ltr'><strong>ab</strong></span> <span class='ocrx_word' id='word_1_789' title='bbox 3193 4503 3379 4543; x_wconf 90' lang='lat' dir='ltr'><strong>errore</strong></span> <span class='ocrx_word' id='word_1_790' title='bbox 3410 4489 3570 4545; x_wconf 86' lang='lat' dir='ltr'><strong>vitam</strong></span> 
     </span>
    </p>
   </div>
   <div class='ocr_carea' id='block_1_105' title="bbox 1908 4575 3570 4647">
    <p class='ocr_par' dir='ltr' id='par_1_105' title="bbox 1908 4575 3570 4647">
     <span class='ocr_line' id='line_1_105' title="bbox 1908 4575 3570 4647; baseline 0.003 -16"><span class='ocrx_word' id='word_1_791' title='bbox 1908 4584 1962 4646; x_wconf 78' lang='grc' dir='ltr'><strong>ι)</strong></span> <span class='ocrx_word' id='word_1_792' title='bbox 1989 4575 2410 4645; x_wconf 84' lang='lat' dir='ltr'><strong>delinquentium</strong></span> <span class='ocrx_word' id='word_1_793' title='bbox 2435 4575 2652 4646; x_wconf 87' lang='lat' dir='ltr'><strong>diripit;</strong></span> <span class='ocrx_word' id='word_1_794' title='bbox 2685 4585 2740 4632; x_wconf 91' lang='lat' dir='ltr'><strong>et</strong></span> <span class='ocrx_word' id='word_1_795' title='bbox 2767 4577 2974 4632; x_wconf 84' lang='lat' dir='ltr'><strong>animas</strong></span> <span class='ocrx_word' id='word_1_796' title='bbox 3001 4579 3298 4633; x_wconf 90' lang='lat' dir='ltr'><strong>catulorum</strong></span> <span class='ocrx_word' id='word_1_797' title='bbox 3323 4580 3570 4647; x_wconf 18' lang='lat' dir='ltr'><strong>illiuslres</strong></span> 
     </span>
    </p>
   </div>
   <div class='ocr_carea' id='block_1_106' title="bbox 1987 4667 3570 4738">
    <p class='ocr_par' dir='ltr' id='par_1_106' title="bbox 1987 4667 3570 4738">
     <span class='ocr_line' id='line_1_106' title="bbox 1987 4667 3570 4738; baseline 0.001 -15"><span class='ocrx_word' id='word_1_798' title='bbox 1987 4668 2121 4738; x_wconf 88' lang='lat' dir='ltr'><strong>plet,</strong></span> <span class='ocrx_word' id='word_1_799' title='bbox 2146 4669 2270 4738; x_wconf 89' lang='lat' dir='ltr'><strong>quia</strong></span> <span class='ocrx_word' id='word_1_800' title='bbox 2299 4667 2654 4722; x_wconf 90' lang='lat' dir='ltr'><strong>conversione</strong></span> <span class='ocrx_word' id='word_1_801' title='bbox 2676 4667 2963 4722; x_wconf 90' lang='lat' dir='ltr'><strong>multorum</strong></span> <span class='ocrx_word' id='word_1_802' title='bbox 2995 4667 3096 4738; x_wconf 89' lang='lat' dir='ltr'><strong>piis</strong></span> <span class='ocrx_word' id='word_1_803' title='bbox 3119 4668 3399 4723; x_wconf 88' lang='lat' dir='ltr'><strong>doctorum</strong></span> <span class='ocrx_word' id='word_1_804' title='bbox 3428 4671 3570 4727; x_wconf 87' lang='lat' dir='ltr'><strong>desi-</strong></span> 
     </span>
    </p>
   </div>
   <div class='ocr_carea' id='block_1_107' title="bbox 1983 4759 3569 4831">
    <p class='ocr_par' dir='ltr' id='par_1_107' title="bbox 1983 4759 3569 4831">
     <span class='ocr_line' id='line_1_107' title="bbox 1983 4759 3569 4831; baseline -0.001 -13"><span class='ocrx_word' id='word_1_805' title='bbox 1983 4762 2150 4818; x_wconf 87' lang='lat' dir='ltr'><strong>deriis</strong></span> <span class='ocrx_word' id='word_1_806' title='bbox 2171 4759 2446 4816; x_wconf 85' lang='lat' dir='ltr'><strong>satisfacit.</strong></span> <span class='ocrx_word' id='word_1_807' title='bbox 2473 4760 2550 4815; x_wconf 89' lang='lat' dir='ltr'><strong>De</strong></span> <span class='ocrx_word' id='word_1_808' title='bbox 2577 4759 2773 4828; x_wconf 89' lang='lat' dir='ltr'><strong>quibus</strong></span> <span class='ocrx_word' id='word_1_809' title='bbox 2803 4759 2993 4815; x_wconf 84' lang='lat' dir='ltr'><strong>catulis</strong></span> <span class='ocrx_word' id='word_1_810' title='bbox 3018 4759 3155 4815; x_wconf 90' lang='lat' dir='ltr'><strong>bene</strong></span> <span class='ocrx_word' id='word_1_811' title='bbox 3183 4762 3528 4831; x_wconf 73' lang='lat' dir='ltr'><strong>subiungitur</strong></span> <span class='ocrx_word' id='word_1_812' title='bbox 3558 4781 3569 4817; x_wconf 83' lang='lat'><strong>;</strong></span> 
     </span>
    </p>
   </div>
   <div class='ocr_carea' id='block_1_108' title="bbox 1986 4853 3569 4924">
    <p class='ocr_par' dir='ltr' id='par_1_108' title="bbox 1986 4853 3569 4924">
     <span class='ocr_line' id='line_1_108' title="bbox 1986 4853 3569 4924; baseline 0.001 -15"><span class='ocrx_word' id='word_1_813' title='bbox 1986 4855 2207 4922; x_wconf 84' lang='lat' dir='ltr'><strong>Quando</strong></span> <span class='ocrx_word' id='word_1_814' title='bbox 2252 4854 2438 4908; x_wconf 83' lang='lat' dir='ltr'><strong>cubant</strong></span> <span class='ocrx_word' id='word_1_815' title='bbox 2470 4853 2526 4908; x_wconf 88' lang='lat' dir='ltr'><strong>in</strong></span> <span class='ocrx_word' id='word_1_816' title='bbox 2557 4854 2742 4920; x_wconf 84' lang='lat' dir='ltr'><strong>antris,</strong></span> <span class='ocrx_word' id='word_1_817' title='bbox 2771 4863 2818 4908; x_wconf 89' lang='lat' dir='ltr'><strong>et</strong></span> <span class='ocrx_word' id='word_1_818' title='bbox 2858 4853 2914 4908; x_wconf 88' lang='lat' dir='ltr'><strong>in</strong></span> <span class='ocrx_word' id='word_1_819' title='bbox 2957 4853 3206 4924; x_wconf 82' lang='lat' dir='ltr'><strong>specubus</strong></span> <span class='ocrx_word' id='word_1_820' title='bbox 3238 4854 3569 4911; x_wconf 88' lang='lat' dir='ltr'><strong>insidiantur.</strong></span> 
     </span>
    </p>
   </div>
   <div class='ocr_carea' id='block_1_109' title="bbox 1983 4947 3568 5021">
    <p class='ocr_par' dir='ltr' id='par_1_109' title="bbox 1983 4947 3568 5021">
     <span class='ocr_line' id='line_1_109' title="bbox 1983 4947 3568 5021; baseline -0.004 -15"><span class='ocrx_word' id='word_1_821' title='bbox 1983 4950 2170 5021; x_wconf 78' lang='lat' dir='ltr'><strong>Neque</strong></span> <span class='ocrx_word' id='word_1_822' title='bbox 2208 4948 2352 5004; x_wconf 90' lang='lat' dir='ltr'><strong>enim</strong></span> <span class='ocrx_word' id='word_1_823' title='bbox 2382 4956 2569 5004; x_wconf 89' lang='lat' dir='ltr'><strong>cuncta</strong></span> <span class='ocrx_word' id='word_1_824' title='bbox 2600 4956 2840 5015; x_wconf 85' lang='lat' dir='ltr'><strong>tempora</strong></span> <span class='ocrx_word' id='word_1_825' title='bbox 2871 4947 3128 5002; x_wconf 68' lang='lat' dir='ltr'><strong>doctrinae</strong></span> <span class='ocrx_word' id='word_1_826' title='bbox 3157 4956 3282 5002; x_wconf 92' lang='lat' dir='ltr'><strong>sunt</strong></span> <span class='ocrx_word' id='word_1_827' title='bbox 3314 4963 3568 5017; x_wconf 88' lang='lat' dir='ltr'><strong>congrua.</strong></span> 
     </span>
    </p>
   </div>
   <div class='ocr_carea' id='block_1_110' title="bbox 1982 5039 3568 5111">
    <p class='ocr_par' dir='ltr' id='par_1_110' title="bbox 1982 5039 3568 5111">
     <span class='ocr_line' id='line_1_110' title="bbox 1982 5039 3568 5111; baseline -0.005 -13"><span class='ocrx_word' id='word_1_828' title='bbox 1982 5041 2114 5099; x_wconf 81' lang='lat' dir='ltr'><strong>Nam</strong></span> <span class='ocrx_word' id='word_1_829' title='bbox 2162 5041 2476 5111; x_wconf 89' lang='lat' dir='ltr'><strong>plerumque</strong></span> <span class='ocrx_word' id='word_1_830' title='bbox 2515 5039 2780 5093; x_wconf 88' lang='lat' dir='ltr'><strong>dictorum</strong></span> <span class='ocrx_word' id='word_1_831' title='bbox 2811 5039 2977 5094; x_wconf 89' lang='lat' dir='ltr'><strong>virtus</strong></span> <span class='ocrx_word' id='word_1_832' title='bbox 3005 5039 3267 5109; x_wconf 89' lang='lat' dir='ltr'><strong>perditur,</strong></span> <span class='ocrx_word' id='word_1_833' title='bbox 3303 5039 3347 5092; x_wconf 92' lang='lat' dir='ltr'><strong>si</strong></span> <span class='ocrx_word' id='word_1_834' title='bbox 3380 5040 3568 5092; x_wconf 90' lang='lat' dir='ltr'><strong>intem-</strong></span> 
     </span>
    </p>
   </div>
   <div class='ocr_carea' id='block_1_111' title="bbox 1982 5129 3568 5208">
    <p class='ocr_par' dir='ltr' id='par_1_111' title="bbox 1982 5129 3568 5208">
     <span class='ocr_line' id='line_1_111' title="bbox 1982 5129 3568 5208; baseline -0.004 -19"><span class='ocrx_word' id='word_1_835' title='bbox 1982 5133 2190 5208; x_wconf 87' lang='lat' dir='ltr'><strong>pestive</strong></span> <span class='ocrx_word' id='word_1_836' title='bbox 2217 5133 2582 5203; x_wconf 89' lang='lat' dir='ltr'><strong>proferantur.</strong></span> <span class='ocrx_word' id='word_1_837' title='bbox 2607 5130 2767 5200; x_wconf 76' lang='lat' dir='ltr'><strong>Saepe</strong></span> <span class='ocrx_word' id='word_1_838' title='bbox 2786 5145 2915 5186; x_wconf 87' lang='lat' dir='ltr'><strong>vero</strong></span> <span class='ocrx_word' id='word_1_839' title='bbox 2940 5138 2996 5187; x_wconf 91' lang='lat' dir='ltr'><strong>et</strong></span> <span class='ocrx_word' id='word_1_840' title='bbox 3017 5130 3158 5199; x_wconf 90' lang='lat' dir='ltr'><strong>quod</strong></span> <span class='ocrx_word' id='word_1_841' title='bbox 3183 5131 3358 5185; x_wconf 90' lang='lat' dir='ltr'><strong>lenius</strong></span> <span class='ocrx_word' id='word_1_842' title='bbox 3385 5129 3568 5183; x_wconf 84' lang='lat' dir='ltr'><strong>dicitur</strong></span> 
     </span>
    </p>
   </div>
   <div class='ocr_carea' id='block_1_112' title="bbox 1985 5218 3568 5292">
    <p class='ocr_par' dir='ltr' id='par_1_112' title="bbox 1985 5218 3568 5292">
     <span class='ocr_line' id='line_1_112' title="bbox 1985 5218 3568 5292; baseline -0.006 -12"><span class='ocrx_word' id='word_1_843' title='bbox 1985 5234 2253 5280; x_wconf 90' lang='lat' dir='ltr'><strong>conventu</strong></span> <span class='ocrx_word' id='word_1_844' title='bbox 2286 5223 2543 5292; x_wconf 90' lang='lat' dir='ltr'><strong>temporis</strong></span> <span class='ocrx_word' id='word_1_845' title='bbox 2594 5219 2940 5291; x_wconf 89' lang='lat' dir='ltr'><strong>congruentis</strong></span> <span class='ocrx_word' id='word_1_846' title='bbox 2970 5221 3256 5276; x_wconf 88' lang='lat' dir='ltr'><strong>animatur.</strong></span> <span class='ocrx_word' id='word_1_847' title='bbox 3307 5218 3403 5273; x_wconf 89' lang='lat' dir='ltr'><strong>Ille</strong></span> <span class='ocrx_word' id='word_1_848' title='bbox 3448 5232 3568 5285; x_wconf 84' lang='lat' dir='ltr'><strong>ergo</strong></span> 
     </span>
    </p>
   </div>
   <div class='ocr_carea' id='block_1_113' title="bbox 1985 5308 3569 5384">
    <p class='ocr_par' dir='ltr' id='par_1_113' title="bbox 1985 5308 3569 5384">
     <span class='ocr_line' id='line_1_113' title="bbox 1985 5308 3569 5384; baseline -0.009 -10"><span class='ocrx_word' id='word_1_849' title='bbox 1985 5317 2089 5374; x_wconf 89' lang='lat' dir='ltr'><strong>scit</strong></span> <span class='ocrx_word' id='word_1_850' title='bbox 2127 5324 2274 5373; x_wconf 84' lang='lat' dir='ltr'><strong>recte</strong></span> <span class='ocrx_word' id='word_1_851' title='bbox 2302 5314 2504 5381; x_wconf 89' lang='lat' dir='ltr'><strong>dicere,</strong></span> <span class='ocrx_word' id='word_1_852' title='bbox 2538 5313 2628 5384; x_wconf 88' lang='lat' dir='ltr'><strong>qui</strong></span> <span class='ocrx_word' id='word_1_853' title='bbox 2659 5321 2714 5366; x_wconf 94' lang='lat' dir='ltr'><strong>et</strong></span> <span class='ocrx_word' id='word_1_854' title='bbox 2741 5312 2988 5368; x_wconf 89' lang='lat' dir='ltr'><strong>ordinate</strong></span> <span class='ocrx_word' id='word_1_855' title='bbox 3015 5312 3165 5365; x_wconf 89' lang='lat' dir='ltr'><strong>novit</strong></span> <span class='ocrx_word' id='word_1_856' title='bbox 3194 5319 3390 5363; x_wconf 90' lang='lat' dir='ltr'><strong>tacere.</strong></span> <span class='ocrx_word' id='word_1_857' title='bbox 3437 5308 3569 5374; x_wconf 87' lang='lat' dir='ltr'><strong>Quid</strong></span> 
     </span>
    </p>
   </div>
   <div class='ocr_carea' id='block_1_114' title="bbox 1984 5399 3568 5478">
    <p class='ocr_par' dir='ltr' id='par_1_114' title="bbox 1984 5399 3568 5478">
     <span class='ocr_line' id='line_1_114' title="bbox 1984 5399 3568 5478; baseline -0.007 -13"><span class='ocrx_word' id='word_1_858' title='bbox 1984 5410 2126 5466; x_wconf 89' lang='lat' dir='ltr'><strong>enim</strong></span> <span class='ocrx_word' id='word_1_859' title='bbox 2157 5409 2373 5478; x_wconf 85' lang='lat' dir='ltr'><strong>prodest</strong></span> <span class='ocrx_word' id='word_1_860' title='bbox 2399 5421 2464 5462; x_wconf 94' lang='lat' dir='ltr'><strong>eo</strong></span> <span class='ocrx_word' id='word_1_861' title='bbox 2495 5415 2735 5474; x_wconf 89' lang='lat' dir='ltr'><strong>tempore</strong></span> <span class='ocrx_word' id='word_1_862' title='bbox 2778 5404 3099 5458; x_wconf 89' lang='lat' dir='ltr'><strong>irascentem</strong></span> <span class='ocrx_word' id='word_1_863' title='bbox 3139 5399 3429 5469; x_wconf 87' lang='lat' dir='ltr'><strong>corripere,</strong></span> <span class='ocrx_word' id='word_1_864' title='bbox 3461 5415 3568 5469; x_wconf 87' lang='lat' dir='ltr'><strong>quo</strong></span> 
     </span>
    </p>
   </div>
   <div class='ocr_carea' id='block_1_115' title="bbox 1985 5492 3570 5564">
    <p class='ocr_par' dir='ltr' id='par_1_115' title="bbox 1985 5492 3570 5564">
     <span class='ocr_line' id='line_1_115' title="bbox 1985 5492 3570 5564; baseline -0.006 -7"><span class='ocrx_word' id='word_1_865' title='bbox 1985 5502 2214 5560; x_wconf 83' lang='lat' dir='ltr'><strong>alienata</strong></span> <span class='ocrx_word' id='word_1_866' title='bbox 2246 5509 2430 5558; x_wconf 87' lang='lat' dir='ltr'><strong>mente</strong></span> <span class='ocrx_word' id='word_1_867' title='bbox 2459 5513 2566 5555; x_wconf 90' lang='lat' dir='ltr'><strong>non</strong></span> <span class='ocrx_word' id='word_1_868' title='bbox 2595 5499 2770 5553; x_wconf 88' lang='lat' dir='ltr'><strong>solum</strong></span> <span class='ocrx_word' id='word_1_869' title='bbox 2825 5509 2934 5551; x_wconf 88' lang='lat' dir='ltr'><strong>non</strong></span> <span class='ocrx_word' id='word_1_870' title='bbox 2974 5494 3148 5551; x_wconf 81' lang='lat' dir='ltr'><strong>aliena</strong></span> <span class='ocrx_word' id='word_1_871' title='bbox 3182 5492 3344 5549; x_wconf 84' lang='lat' dir='ltr'><strong>verba</strong></span> <span class='ocrx_word' id='word_1_872' title='bbox 3399 5494 3570 5564; x_wconf 86' lang='lat' dir='ltr'><strong>perci-</strong></span> 
     </span>
    </p>
   </div>
   <div class='ocr_carea' id='block_1_116' title="bbox 1988 5666 3568 5796">
    <p class='ocr_par' dir='ltr' id='par_1_116' title="bbox 1988 5666 3568 5796">
     <span class='ocr_line' id='line_1_116' title="bbox 1988 5666 3568 5796; baseline -0.002 -10"><span class='ocrx_word' id='word_1_873' title='bbox 1988 5666 2342 5789; x_wconf 41' lang='lat' dir='ltr'><strong>feﬂ‘blindoc.</strong></span> <span class='ocrx_word' id='word_1_874' title='bbox 2378 5771 2394 5795; x_wconf 95' lang='lat'><strong>,</strong></span> <span class='ocrx_word' id='word_1_875' title='bbox 2446 5728 2668 5794; x_wconf 85' lang='lat' dir='ltr'><strong>Pratel.,</strong></span> <span class='ocrx_word' id='word_1_876' title='bbox 2721 5727 2863 5784; x_wconf 85' lang='lat' dir='ltr'><strong>Utic.</strong></span> <span class='ocrx_word' id='word_1_877' title='bbox 2889 5769 2906 5796; x_wconf 91' lang='lat'><strong>,</strong></span> <span class='ocrx_word' id='word_1_878' title='bbox 2938 5745 2974 5783; x_wconf 79' lang='grc' dir='ltr'><em>α</em></span> <span class='ocrx_word' id='word_1_879' title='bbox 3016 5727 3205 5783; x_wconf 76' lang='lat' dir='ltr'><strong>sanctis</strong></span> <span class='ocrx_word' id='word_1_880' title='bbox 3252 5725 3568 5789; x_wconf 79' lang='lat' dir='ltr'><strong>doctoribus.</strong></span> 
     </span>
    </p>
   </div>
   <div class='ocr_carea' id='block_1_117' title="bbox 1975 5798 3082 5867">
    <p class='ocr_par' dir='ltr' id='par_1_117' title="bbox 1975 5798 3082 5867">
     <span class='ocr_line' id='line_1_117' title="bbox 1975 5798 3082 5867; baseline -0.011 -1"><span class='ocrx_word' id='word_1_881' title='bbox 1975 5805 2142 5866; x_wconf 84' lang='lat' dir='ltr'><strong>Laud.</strong></span> <span class='ocrx_word' id='word_1_882' title='bbox 2168 5813 2224 5862; x_wconf 88' lang='lat' dir='ltr'><strong>et</strong></span> <span class='ocrx_word' id='word_1_883' title='bbox 2248 5803 2367 5860; x_wconf 73' lang='lat' dir='ltr'><strong>Val.</strong></span> <span class='ocrx_word' id='word_1_884' title='bbox 2397 5800 2502 5867; x_wconf 84' lang='lat' dir='ltr'><strong>CL,</strong></span> <span class='ocrx_word' id='word_1_885' title='bbox 2535 5817 2568 5855; x_wconf 87' lang='lat' dir='ltr'><strong>a</strong></span> <span class='ocrx_word' id='word_1_886' title='bbox 2590 5800 2741 5856; x_wconf 87' lang='lat' dir='ltr'><strong>rectis</strong></span> <span class='ocrx_word' id='word_1_887' title='bbox 2770 5798 3082 5856; x_wconf 75' lang='lat' dir='ltr'><strong>doctoribus.</strong></span> 
     </span>
    </p>
   </div>
  </div>
