4036 6348
472 295 576 353 539

1582 316 1593 325 ί
1676 295 1927 352 SANCTI
1965 292 2293 367 bIlEGURll
2332 294 2544 351 MAGN]

3604 324 3609 325 ν
3628 304 3733 362 διο

469 426 616 484 pere,
662 410 765 467 sed
786 411 1131 480 semetipsum
1161 410 1250 466 vix
1282 410 1425 467 valet
1452 410 1717 468 toleraret
1762 409 2049 466 Furentem
2078 412 2125 468 Α
2155 406 2207 462 in
2230 382 2338 462 hac
2368 408 2644 477 vagatione
2674 407 2805 463 nihil
2846 408 2987 465 aliud
3018 424 3178 481 quam
3207 380 3549 467 :estuantium
3595 431 3734 486 prte-

466 506 662 576 quippe
688 505 777 574 qui
808 520 901 574 per
922 503 1275 559 invectionem
1299 503 1539 572 corripit,
1566 505 1717 573 quasi
1744 506 1793 559 ei
1822 501 1913 572 qui
1941 514 2048 556 non

2150 501 2446 557 dicaturum
2478 513 2596 556 vma
2639 503 2933 577 signantur.
2960 502 3059 570 Qui
3090 502 3216 558 dum
3263 505 3316 557 in
3365 504 3615 562 Ecclesiae
3657 507 3735 564 si-

462 599 681 665 sentiat,
716 600 901 666 plagas
923 596 1073 653 ebrio
1098 598 1345 665 imponit.
1368 597 1619 653 Doctrina
1643 599 1823 667 itaque
1845 607 1902 652 ιιι
1928 611 2050 667 per-
2148 609 2277 649 num
2309 595 2546 663 recipere
2589 596 2811 666 populos
2842 596 3103 661 ambiunt,
3134 612 3327 667 magno
3379 599 3572 655 ardore
3610 616 3734 658 suc-

463 692 650 747 veuire
677 691 743 744 sd
768 705 863 746 cor
890 689 1159 745 audientis
1188 692 1385 755 valeat,
1412 704 1535 759 qua;
1555 689 1655 745 sibi
1680 705 1913 760 congrua
1938 690 2073 753 sint,
2146 688 2318 755 censi,
2349 703 2489 743 nunc
2514 674 2581 741 ad
2613 688 2728 758 hos,
2760 704 2899 745 nunc
2924 689 2989 742 ad
3019 689 3140 744 illos
3164 688 3495 759 colligendos
3519 692 3735 749 deside-

464 796 761 861 temporum
784 793 1052 839 momenta
1079 783 1390 851 perpendat.
1423 783 1566 838 Bene
1591 798 1719 852 ergo
1746 783 1814 837 de
1845 782 1925 836 his
1956 796 2047 837 ca-

462 878 587 935 tulis
614 879 817 935 dicitur
841 895 857 932 :
894 877 1112 945 Quando
1132 876 1318 931 cubant
1344 878 1397 931 in
1418 861 1612 945 antris,
1643 884 1691 930 et
1717 878 1770 931 in
1797 879 2045 946 specubus

457 973 791 1037 insidiantur.
816 972 1072 1028 Doctores
1098 973 1241 1029 enim
1264 972 1434 1027 sancti
1456 972 1672 1040 quando
1697 981 1752 1026 et
1773 973 2039 1041 arguenda

456 1065 795 1135 conspiciunt
823 1076 875 1121 et
906 1076 1082 1120 tamen
1114 1080 1173 1120 se
1201 1081 1295 1135 per
1322 1066 1595 1120 silentium
1623 1066 1676 1123 in
1706 1066 2043 1137 cogitationi-

454 1157 553 1217 bus
582 1163 836 1223 retinent,
889 1159 1039 1229 quasi
1088 1159 1142 1213 in
1191 1158 1459 1227 specubus
1494 1159 1681 1224 latent,
1711 1167 1766 1213 et
1813 1159 1955 1214 velut
1985 1160 2039 1213 in

454 1253 625 1309 antris
644 1268 706 1309 se
729 1262 1017 1320 contegunt
1041 1252 1164 1321 quia
1189 1251 1241 1306 in
1269 1252 1383 1305 suis
1401 1250 1654 1305 cordibus
1683 1252 2032 1309 occultantur.

453 1349 561 1406 Sed
607 1364 727 1404 cum
776 1360 1138 1418 Opportunum
1188 1360 1396 1413 tempus
1448 1350 1770 1412 invenerint,
1814 1356 2039 1417 repente

455 1439 776 1510 prosiliunt,
813 1440 958 1494 nulla
988 1455 1107 1510 qua:
1134 1438 1358 1493 dicenda
1389 1449 1511 1506 sunt
1541 1440 1794 1503 reticent,
1838 1447 1889 1492 et
1920 1452 2037 1492 cer-

454 1533 629 1585 vicem
658 1530 1080 1597 superbientium
1104 1546 1285 1585 morsu
1316 1546 1521 1602 asperae
1553 1527 1929 1599 incri-pat'ionis
1959 1539 2036 1583 te-

453 1632 606 1679 nent.
633 1623 759 1680 Sive
780 1624 960 1694 itaque
990 1639 1085 1693 per
1111 1625 1407 1694 apostolos,
1457 1626 1575 1681 sive
1617 1640 1713 1694 per
1740 1625 1990 1680 doctores
2013 1663 2030 1689 ,

455 1728 592 1784 quos
619 1713 673 1769 in
702 1716 1073 1784 apostolorum
1100 1716 1273 1771 locum
1297 1718 1643 1788 subrogavit,
1688 1716 1810 1771 huic
1848 1716 2029 1771 lemma

2143 782 2281 835 riunt
2304 779 2541 835 mittunt.
2568 776 2772 848 dQuasi
2803 780 3043 850 quaedam
3056 782 3252 851 quippe
3275 781 3482 852 vagatio
3507 792 3590 837 est
3615 782 3736 855 ipsa

2145 869 2483 940 cogitationis
2515 871 2797 937 testuatio;
2825 880 2881 927 et
2910 872 3057 939 velut
3080 871 3145 925 ad
3186 871 3302 927 loca
3332 871 3480 925 varia
3513 874 3739 927 mttta'is

2144 962 2359 1017 nutibus
2394 971 2687 1027 transeunt,
2716 972 2740 1001 ⁸
2770 963 2895 1018 dum
2926 978 3023 1034 pro
3052 963 3348 1018 adunandis
3375 965 3657 1019 animabus
3678 966 3736 1019 in

2143 1052 2331 1117 modos
2373 1053 2686 1111 innumeros
2732 1069 2795 1109 ac
2849 1054 2905 1110 in
2950 1065 3127 1126 partes
3176 1055 3421 1112 diversas
3468 1056 3742 1114 esurienti

2142 1156 2324 1201 mente
2354 1146 2681 1200 discurrunt.

2213 1252 2356 1327 [Vet.
2390 1254 2472 1309 XI
2483 1253 2593 1327 11.]
2621 1256 2712 1311 3|.
2738 1253 2896 1311 Pauli
2924 1273 3017 1326 pro
3058 1258 3293 1313 omnibus
3340 1275 3467 1330 pene
3504 1259 3741 1313 ecclesiis

2138 1344 2453 1402 sollicitudo.
2486 1348 2741 1414 Charitas,
2772 1366 2889 1421 quae
2923 1350 3088 1405 divisa
3136 1353 3265 1418 unit,
3313 1368 3403 1406 cor
3440 1350 3600 1406 Pauli
3640 1369 3737 1423 per

2138 1438 2301 1491 multa
2331 1438 2601 1492 dividebat.
2625 1468 2693 1480 -—
2714 1440 2861 1496 llauc
2894 1442 3227 1510 vagationeni
3261 1444 3385 1511 pulli
3415 1457 3728 1509 corvorum,

2136 1525 2188 1580 id
2212 1539 2291 1582 est
2323 1529 2412 1583 liii
2438 1530 2735 1597 gentilium,
2757 1531 2826 1586 ab
2847 1533 2962 1600 ipso
2980 1534 3215 1603 gentium
3245 1534 3498 1605 magistro
3526 1535 3733 1588 didice-

2136 1626 2281 1672 runt.
2330 1617 2446 1683 Ipse
2495 1622 2692 1691 quippe
2728 1619 2746 1658 ί
2779 1638 2940 1691 quain
2984 1625 3155 1679 valida
3199 1625 3460 1681 charitate
3513 1626 3731 1695 ﬂagrat,

2136 1714 2245 1762 tatu
2277 1709 2442 1764 nimia
2477 1725 2542 1764 ex
2575 1711 2706 1767 locis
2735 1714 2801 1767 ad
2848 1714 2965 1769 loca
2996 1730 3055 1770 se
3099 1718 3379 1785 vagatiOne
3427 1726 3733 1785 permutat;

450 1776 704 1861 dominus
740 1776 988 1876 ’ριιοιωξθ
1024 1808 1261 1877 prada".
1316 1776 1497 1876 capit:
1545 1818 1602 1864 ει
1631 1776 1740 1876 γρα-
1777 1823 1873 1864 θος
1899 1822 2033 1878 quos
2066 1776 2113 1851 ΪΪ
2139 1801 2369 1855 transire
2393 1802 2459 1861 ad
2499 1804 2598 1856 alia
2632 1820 2696 1859 ex
2738 1806 2859 1861 aliis
2899 1808 3121 1876 appetit,
3150 1776 3273 1879 quia
3305 1776 3567 1878 ipsa'eum
3612 1776 3736 1878 qua;

449 1901 588 1968 cepit
612 1900 747 1956 alios
776 1903 941 1956 etiam
967 1916 1161 1971 capere
1189 1902 1297 1957 non
1331 1902 1566 1977 desistit.
1597 1902 1678 1957 Ad
1708 1903 1809 1957 hoc
1836 1907 2033 1973 quippe

448 1991 575 2064 iusti
598 1994 757 2062 hujus
785 1994 967 2049 mundi
990 2007 1304 2063 peccatores
1326 1997 1564 2064 rapiunt,
1596 2005 1652 2049 ut
1682 2009 1779 2064 per
1805 2009 2033 2048 conver-

447 2097 541 2140 sos
576 2100 670 2140 eos
691 2082 852 2141 etiam
880 2088 975 2142 alii
1004 2102 1071 2143 ex
1100 2089 1303 2143 mundo
1333 2089 1633 2157 rapiantur.
1665 2088 1815 2145 Unde
1840 2098 1893 2145 et
1918 2089 2032 2159 ipsa

447 2176 741 2248 gentilitas,
767 2194 883 2249 qua:
908 2181 999 2249 pio
1016 2182 1380 2250 apostolorum
1410 2191 1435 2220 ⁸
1462 2198 1556 2237 ore
1576 2192 1729 2251 rapta
1749 2196 1851 2249 est,
1886 2194 2032 2240 tanta

396 2296 399 2299 λ
446 2286 590 2328 nunc
614 2272 758 2328 fame
788 2272 927 2328 alios
966 2276 1139 2329 esuiit
1170 2284 1365 2345 quanta
1393 2289 1454 2330 se
1489 2276 1560 2331 ab
1598 2278 1857 2346 apostolis
1900 2293 2032 2333 con-

447 2364 676 2437 cupitain
729 2363 897 2421 fuisse
925 2368 1222 2437 cognoscit.
1274 2366 1511 2425 Proinde
1548 2379 1603 2425 et
1644 2380 1771 2440 apte
1807 2371 2030 2442 subjun-

445 2452 584 2522 gitur
609 2472 624 2509 :
1930 2476 1939 2485 ·

716 2546 943 2605 CAPUT
982 2548 1051 2604 ix
1077 2550 1220 2624 [Vet.
1244 2548 1389 2618 xu,
1416 2553 1541 2609 Rec.
1585 2550 1772 2625 mn.

515 2639 677 2696 Vatis.
710 2641 803 2697 bl.
845 2673 917 2685 -—
965 2645 1092 2712 Quis
1133 2656 1392 2718 praparat
1438 2664 1589 2703 corvo
1627 2664 1795 2703 escam
1834 2662 1982 2703 suam
2011 2678 2029 2714 ,

444 2735 649 2797 quando
676 2735 812 2805 pulli
837 2734 1003 2807 969
1036 2738 1149 2805 eius
1174 2740 1399 2793 clamant
1442 2740 1511 2794 ad
1550 2738 1714 2796 Deum
1735 2783 1752 2807 ,
1782 2750 2026 2812 uagantes

443 2842 498 2882 eo
526 2828 663 2896 quod
692 2845 796 2883 non
827 2818 1043 2885 habeant
1071 2832 1208 2887 cibos
1232 2834 1256 2887 Ρ

509 2918 601 2973 28.
639 2908 912 2974 Gentilitas
954 2939 1195 2978 conuersa
1224 2940 1403 2979 corvus
1442 2934 1538 2989 est,
1564 2925 1712 2996 cujus
1736 2924 1867 2995 pulli
1907 2933 2028 2981 sunt

443 3012 606 3066 sancti
625 3015 1007 3081 praedicatores.
1032 3046 1101 3057 —
1122 3016 1259 3083 Quid
1286 3020 1429 3073 enim
1470 3018 1616 3071 corvi
1654 3021 2025 3088 pullorumque

444 3101 558 3171 ejus
584 3105 801 3160 nomine
827 3106 928 3159 nisi
960 3112 1193 3172 peccatis
1221 3110 1367 3179 nigra
1391 3108 1662 3181 gentilitas
1683 3109 2023 3178 designatur?

442 3192 520 3249 De
552 3208 653 3265 qua
685 3212 777 3264 per
811 3197 1130 3269 Prophetam
1160 3199 1355 3255 dicitur
1387 3219 1401 3255 :
1436 3202 1536 3266 Qui
1565 3202 1652 3254 dat
1672 3203 1920 3271 jumentis
1948 3219 2030 3256 esu

442 3302 557 3341 cam
585 3288 833 3357 ipsorum,
884 3299 932 3344 et
985 3291 1144 3358 pullis
1199 3306 1464 3346 corvorum
1517 3293 1865 3347 invocantibus
1914 3310 2031 3348 eum

444 3379 626 3453 (.Psal».
656 3397 842 3450 exul,
865 3382 958 3455 9).
985 3384 1235 3441 Jumenia
1277 3387 1474 3455 quippe
1523 3402 1698 3443 eseam
1737 3387 2027 3456 accipiunt,

443 3472 565 3527 dum
590 3486 758 3530 sacrae
796 3474 1088 3546 Scriptura:
1118 3479 1316 3547 pabulo
1365 3487 1575 3535 mentes
1619 3479 1819 3534 dudum
1857 3481 2031 3535 hrutze

442 3567 722 3622 satiantur.
751 3567 916 3624 Pullis
939 3584 1070 3625 vero
1089 3586 1398 3636 corvorum,
1424 3570 1546 3627 liliis
1568 3572 1769 3628 scilicet
1790 3572 2029 3642 gentium

440 3671 563 3714 esca
590 3658 769 3724 datur,
799 3675 922 3715 curn
953 3676 1139 3717 eorum
1168 3663 1493 3719 desiderium
1523 3673 1703 3720 nostra
1744 3662 1773 3703 ιι
1804 3680 2031 3721 conver-

441 3752 646 3805 satione
676 3753 930 3807 relicitur.
975 3753 1081 3810 Iste
1114 3769 1307 3811 corvus
1332 3771 1456 3812 esca
1483 3756 1583 3811 fuit
1614 3764 1638 3795 ο
1686 3756 1811 3811 dum
1854 3757 2029 3827 ipsum

441 3849 623 3895 sancta
666 3842 900 3898 Ecclesia
932 3854 1219 3915 quareret.
1262 3847 1369 3904 Sed
1411 3862 1553 3903 nunc
1591 3861 1771 3903 escam
1813 3851 2031 3921 accipit,

441 3931 561 4002 quia
584 3933 697 4001 ipse
716 3933 786 3988 ad
816 3940 1222 3995 conversionem
1250 3940 1386 3995 alios
1412 3942 1666 4009 exquirit.

508 4021 600 4079 2!).
634 4022 704 4076 lli
729 4041 823 4079 sua
844 4028 1028 4082 virtute
1048 4030 1178 4085 nihil
1205 4046 1260 4084 se
1278 4048 1425 4098 posse
1446 4034 1635 4087 sciunt.
1660 4063 1735 4076 —
1752 4033 1919 4103 Cujus
1949 4035 2030 4090 vi-

442 4112 635 4169 delicet
662 4114 810 4183 pulli,
840 4116 892 4170 id
918 4127 1003 4171 est
1033 4120 1415 4186 praedicatores
1442 4137 1507 4177 ex
1538 4137 1606 4178 eo
1648 4124 1797 4189 e-liti,
1825 4140 1937 4180 non
1974 4128 2031 4182 in

442 4221 503 4262 se
524 4217 875 4275 praesumunt,
898 4210 993 4263 sed
1024 4209 1077 4264 in
1108 4209 1307 4264 viribus
1338 4212 1712 4282 Redemptoris
1740 4216 1847 4270 sui.
1878 4217 2030 4274 Unde

440 4297 577 4355 bene
601 4297 801 4363 dicitur
833 4316 847 4353 :
881 4300 1103 4366 Quando
1140 4301 1275 4374 pulli
1324 4305 1438 4373 ejus
1480 4306 1701 4360 clamant
1720 4308 1790 4360 ad
1840 4307 2029 4365 Deum.

380 4392 389 4399 ’
439 4392 585 4449 Nihil
624 4394 767 4451 enim
797 4410 892 4452 sua
937 4394 1137 4454 virtute
1166 4412 1325 4468 posse
1367 4413 1428 4455 se
1458 4401 1653 4456 sciunt.
1692 4402 1757 4456 Et
1784 4405 2029 4473 quamvis

439 4487 739 4541 animarum
774 4488 926 4544 lucra
944 4488 1045 4558 piis
1067 4491 1210 4544 votis
1232 4490 1492 4553 esuriant,
1525 4491 1594 4544 ab
1622 4492 1712 4545 illo
1735 4504 1912 4550 tamen
1937 4494 2028 4563 qtti

439 4589 630 4632 cuncta
658 4579 978 4636 intrinsecus
1005 4590 1258 4648 aperatur
1288 4583 1402 4638 haec
1437 4582 1550 4638 lieri
1576 4596 1852 4653 exoptant.
1890 4587 2028 4645 Vera

438 4672 589 4726 enim
612 4670 713 4726 fide
739 4674 1219 4744 comprehendunt,
1250 4676 1374 4746 quia
1404 4693 1567 4754 neque
1592 4678 1680 4747 qui
1721 4678 1925 4750 plantat
1951 4689 2028 4734 est

438 4762 665 4831 aliquid,
682 4758 845 4834 neque
861 4768 947 4835 qui
966 4768 1129 4840 rigat,
1148 4767 1238 4823 sed
1266 4770 1356 4840 qui
1383 4770 1751 4825 incrementum
1778 4772 1868 4825 dat
1890 4771 2027 4826 Deus

439 4850 496 4922 (Ι
526 4850 643 4906 Cer.
670 4868 746 4916 ut,
771 4851 848 4924 7).
1596 4924 1609 4933 α

508 4941 599 4998 '50.
626 4943 754 4999 Zelo
782 4947 1151 5003 lucrandan
1189 4951 1476 5027 animarum
1519 4961 1757 5006 astuant.
1782 4981 1854 4994 —
1874 4953 2027 5019 Quod

437 5050 567 5093 vero
588 5037 791 5093 dictum
819 5049 899 5095 est
926 5057 951 5092 τι
969 5050 1212 5112 vagantes
1237 5059 1305 5097 eo
1332 5044 1470 5112 quod
1498 5060 1601 5098 non
1628 5042 1847 5098 habeant
1867 5044 2025 5113 cibos,

510 5198 539 5228 ι
566 5189 796 5247 Vitnloc.
818 5199 874 5245 et
906 5188 1026 5247 Val.
1048 5189 1156 5248 CL.
1188 5206 1275 5246 ore
1295 5200 1443 5255 rapta
1468 5200 1562 5246 est.

506 5258 535 5299 ιι
573 5261 820 5329 \‘indoc.,
847 5260 1008 5317 Corb.
1053 5258 1261 5328 Germ.,
1309 5261 1524 5316 Ebroic.
1570 5260 1766 5332 aliique
1813 5262 2024 5327 Norm.,

436 5346 784 5387 conversione.

512 5412 539 5442 α
580 5404 787 5467 Laud,
806 5402 939 5456 dum
966 5402 1134 5473 ipsam
1173 5400 1459 5461 Ecclesium
1496 5412 1772 5474 quareret,
1825 5406 2025 5473 optimo

435 5486 619 5528 sensu.

509 5541 537 5579 ⁸
580 5545 781 5618 haud,
802 5548 951 5618 quasi
978 5546 1210 5615 quadam
1235 5546 1321 5618 pia
1349 5548 1549 5613 vagatio
1575 5553 1669 5599 est.

513 5623 545 5688 ξ
576 5614 825 5688 Nonnulli
856 5614 1126 5688 ῳηςιιυηι
1150 5614 1246 5688 pro
1272 5618 1599 5685 adjuvandis.

514 5681 535 5722 ί
579 5686 749 5757 Aliter
780 5687 831 5738 in
858 5681 1114 5747 Vindoc..
1146 5681 1356 5742 Elimia.
1388 5696 1443 5743 et
1473 5689 1544 5741 al.
1580 5686 1783 5748 Norm..
1808 5694 1911 5757 tam
1942 5704 2027 5740 va-

437 5749 550 5810 lida
579 5755 825 5808 charitate
848 5758 1057 5823 ﬂagrat,
1082 5774 1233 5826 quam
1262 5758 1439 5811 nimia.
1467 5757 1630 5812 Corb.
1669 5754 1876 5827 Germ"
1918 5759 2029 5826 ipse

2056 4526 2107 4606 ὑ

2137 1894 2323 1964 implet
2348 1897 2581 1951 Charitas
2621 1896 2867 1968 impellit.
2900 1899 3097 1972 Longe
3129 1919 3360 1973 namque
3402 1918 3431 1957 a
3477 1905 3736 1959 ltoutanis

2134 1987 2343 2057 positus
2372 1988 2557 2044 scribit
2590 2006 2604 2043 :
2634 1989 2937 2046 Memoriam
2964 1995 3112 2049 vestri
3140 1996 3277 2066 facio
3305 2013 3504 2064 semper
3532 1999 3583 2050 in
3614 2014 3735 2051 ora-

2136 2079 2358 2134 tionibus
2384 2083 2534 2146 meis,
2556 2083 2829 2139 obsecrans
2849 2088 2893 2138 si
2912 2103 3011 2157 quo
3042 2091 3191 2142 modo
3212 2093 3421 2144 tandem
3448 2090 3737 2161 aliquando

2135 2188 2437 2240 prosperum
2477 2176 2575 2230 iter
2598 2178 2812 2230 habeam
2841 2178 2895 2232 in
2937 2179 3193 2235 voluntate
3244 2180 3341 2235 Dei
3389 2183 3621 2237 veniendi
3660 2184 3737 2238 ad

2134 2278 2221 2318 ros
2238 2279 2259 2328 ;
2289 2264 2521 2319 decidero
2551 2268 2685 2321 enim
2714 2270 2882 2324 videre
2910 2287 2997 2325 vos
3026 2278 3041 2333 ί
3057 2271 3201 2327 llam.
3227 2289 3263 2339 ι,
3296 2273 3348 2337 9,
3384 2275 3496 2344 l0).
3527 2274 3735 2328 Πειρη-

2132 2364 2217 2409 tus
2244 2356 2440 2425 Ephesi
2471 2356 2765 2415 Corinthiis
2795 2347 3031 2418 scribit‘:
3064 2362 3196 2420 Ecce
3225 2367 3373 2420 tertio
3397 2364 3492 2419 hoc
3518 2377 3737 2434 paratus

2130 2465 2247 2505 sum
2289 2438 2459 2505 uenire
2485 2458 2554 2505 ad
2580 2470 2666 2507 vos
2699 2453 2789 2523 (II
2820 2455 2940 2511 Cor.
2969 2472 3080 2523 ιιι,
3115 2457 3225 2530 li).
3263 2459 3487 2516 llursmn
3529 2458 3735 2529 Ephesi

2131 2544 2507 2608 commorans,
2535 2543 2735 2597 Calatis
2770 2546 3037 2613 loquitur,
3067 2546 3296 2602 dicens:
3334 2547 3528 2601 Vellem
3577 2548 3735 2603 modo

2130 2646 2237 2711 esse
2262 2634 2401 2701 apud
2429 2648 2537 2699 vos,
2574 2643 2621 2687 et
2653 2643 2851 2690 mutare
2889 2652 3058 2692 vocem
3100 2653 3264 2692 meam
3320 2636 3464 2709 (Gal.
3495 2654 3577 2705 tv,
3608 2639 3731 2711 20),

2128 2722 2315 2779 Romae
2345 2739 2557 2796 quoque
2586 2728 2830 2783 custodia
2874 2731 3105 2784 carceris
3136 2732 3370 2797 clausus,
3399 2734 3521 2801 quia
3550 2733 3628 2788 ire
3655 2734 3728 2787 ad

2128 2814 2499 2884 Philippenses
2531 2833 2622 2885 per
2649 2821 2998 2888 semetipsum
3042 2836 3148 2875 non
3179 2820 3523 2889 permittitur,
3546 2830 3727 2877 trans-

2128 2910 2346 2966 mittere
2399 2928 2458 2967 se
2495 2912 2812 2978 discipulum
2854 2913 3157 2982 pollicetur,
3203 2915 3388 2970 dicens
3422 2896 3625 2983 :Spero
3668 2916 3727 2969 in

2130 3000 2351 3056 Domino
2371 3001 2516 3069 Iesu,
2546 3003 2870 3057 Timotheum
2898 3021 2976 3059 me
2994 3006 3092 3059 cito
3121 3006 3318 3060 mittere
3355 3007 3424 3059 ad
3450 3022 3557 3071 vos,
3600 3018 3655 3059 ut
3682 3014 3730 3060 et

2128 3110 2221 3163 ego
2247 3096 2375 3149 bona
2405 3098 2576 3149 animo
2602 3097 2719 3163 sim,
2753 3098 2967 3167 cognitis
2994 3113 3107 3167 qua:
3135 3099 3273 3171 circa
3302 3115 3386 3153 ros
3422 3109 3543 3153 sunt
3574 3096 3730 3168 (Phi.

2052 3152 2099 3223 ο
2134 3152 2227 3258 lip.
2263 3203 2332 3253 ιι,
2362 3188 2473 3259 10).
2512 3152 2847 3246 Constrictus
2876 3152 3036 3245 etiam
3066 3168 3293 3247 vinculis
3321 3200 3480 3259 atque
3530 3152 3731 3260 Ephesi

2134 3292 2394 3350 retentus,
2423 3281 2833 3341 Coloswnsibus
2858 3285 3044 3341 scribit
3074 3304 3088 3339 :
3123 3285 3264 3340 Nam
3298 3287 3343 3340 si
3379 3300 3594 3354 corpore
3639 3286 3731 3339 ub-

2132 3389 2247 3429 sens
2264 3390 2398 3440 sum,
2416 3374 2506 3429 sed
2527 3375 2713 3443 spiritu
2732 3376 2991 3430 vobiscum
3009 3393 3121 3430 sunt
3146 3373 3371 3445 (Coloss.
3397 3392 3455 3443 tt,
3481 3374 3561 3447 5).
3588 3375 3733 3430 Ecce

2132 3468 2401 3538 quomodo
2446 3477 2633 3524 sancto
2663 3468 2932 3525 desiliet-io
2973 3470 3124 3539 quasi
3166 3478 3388 3540 vagitur
3421 3487 3433 3522 :
3467 3469 3553 3524 hic
3601 3484 3731 3523 cor-

2134 3573 2267 3629 pore
2297 3569 2526 3626 tenetur,
2555 3560 2676 3615 illuc
2696 3561 2890 3628 spiritu
2921 3562 3169 3626 ducitur;
3199 3570 3252 3616 et
3281 3561 3491 3633 paterni
3521 3560 3726 3615 amoris

2134 3652 2382 3707 allectum
2415 3653 2533 3707 istis
2565 3652 2914 3722 praesentibus
2953 3652 3201 3719 exhibet,
3251 3651 3360 3708 illis
3405 3653 3724 3712 absentibus

2132 3748 2400 3815 ostendit;
2431 3749 2831 3819 coram/positis
2878 3750 3137 3818 impendit
3182 3764 3366 3819 opera,
3403 3758 3430 3797 ε
3460 3749 3731 3812 audienti-

2132 3838 2233 3893 bus
2259 3840 2511 3907 exprimit
2533 3850 2676 3906 vota,
2705 3840 3001 3897 efﬁcaciter
3023 3856 3263 3912 praesens
3288 3843 3366 3896 eis
3387 3856 3507 3896 cum
3532 3842 3730 3910 quibus

2133 3942 2271 3999 erat,
2303 3949 2402 3988 nec
2437 3943 2614 3990 tamen
2657 3936 2824 4007 97o
2854 3934 2953 3989 illis
2982 3936 3179 3991 absens
3208 3950 3330 3990 cum
3374 3934 3568 4003 quibus
3617 3948 3730 3990 non

2133 4033 2270 4079 erat.
2298 4025 2465 4096 Cujus
2495 4030 2829 4096 vagationem
2872 4030 3064 4084 melius
3094 4028 3501 4096 cognoscimus,
3534 4026 3580 4081 si
3607 4026 3731 4092 eius

2132 4116 2307 4171 adhuc
2332 4116 2401 4170 ad
2431 4116 2732 4172 Corinthios
2756 4118 2919 4173 verba
2952 4133 3257 4186 pensamus.
3291 4118 3381 4173 Ait
3405 4118 3552 4173 enim
3580 4136 3593 4170 :
3623 4116 3729 4172 Ve-

2134 4209 2273 4262 niam
2313 4208 2381 4261 ad
2433 4226 2550 4279 vos,
2599 4227 2713 4264 cum
2766 4210 3122 4266 Macedoniam
3169 4212 3533 4282 pertransiero.
3588 4208 3732 4265 Nam

2134 4301 2495 4357 Macedoniam
2517 4304 2861 4373 pertransibo;
2887 4306 3029 4374 apud
3057 4320 3142 4359 vos
3167 4316 3338 4360 autem
3367 4305 3587 4375 forsitan
3618 4319 3731 4355 ma-

2132 4395 2278 4457 neto,
2308 4395 2382 4448 vel
2408 4394 2561 4449 etiam
2591 4394 2822 4449 Itiemabo
2851 4396 2915 4463 (Ι
2962 4395 3084 4451 Cor.
3119 4411 3231 4457 ut,
3284 4394 3375 4465 5).
3425 4394 3731 4464 Perpenda-

2135 4501 2276 4551 mns,
2305 4500 2511 4555 quaeso,
2538 4502 2655 4558 quae
2685 4488 2756 4542 sit
2788 4488 3145 4557 istavagntio.
3181 4489 3319 4543 Ecce
3364 4486 3470 4541 alio
3511 4486 3727 4539 interim

2135 4589 2331 4638 manet,
2356 4576 2461 4633 alio
2480 4594 2538 4631 se
2561 4578 2755 4633 iturunt
2785 4578 3052 4650 perhibet,
3078 4590 3237 4649 atque
3257 4579 3363 4634 alio
3388 4577 3728 4655 deﬂexurnns

2131 4670 2413 4739 promittit.
2438 4669 2572 4736 Quid
2600 4681 2682 4725 est
2710 4670 2849 4739 quod
2875 4681 2979 4724 tam
2998 4672 3155 4725 anxie
3186 4686 3279 4737 per
3310 4680 3387 4724 tot
3412 4670 3528 4724 loca
3552 4667 3575 4705 δ
3605 4684 3732 4737 ινξιιὲ

2133 4762 2294 4829 titur,
2330 4761 2429 4816 nisi
2462 4761 2605 4831 quod
2633 4764 2775 4818 circa
2802 4778 2988 4817 omnes
3019 4778 3118 4818 una
3151 4764 3417 4841 clnn‘itate
3446 4761 3730 4817 eonstrin-
3822 4822 3831 4826 ,

2130 4857 2321 4928 gitur?
2362 4856 2610 4911 Charitas
2634 4856 2776 4910 enim
2821 4871 2940 4925 qua:
2989 4854 3164 4911 divisa
3211 4856 3366 4909 uuire
3416 4853 3727 4920 consuevit,

2130 4965 2298 5005 unum
2330 4963 2425 5004 cor
2455 4950 2602 5003 Pauli
2636 4964 2733 5027 per
2764 4949 2925 5003 multa
2955 4949 3118 5003 dividi
3140 4950 3351 5019 compel
3374 4948 3433 5003 it.
3456 4947 3610 5013 Quod
3646 4956 3727 5000 ta.

2129 5057 2255 5097 men
2285 5051 2431 5097 tanto
2459 5043 2661 5096 arctius
2692 5041 2745 5095 in
2794 5042 2902 5095 Deo
2929 5041 3161 5111 colligit,
3193 5048 3391 5109 quanto
3434 5038 3597 5095 latius
3629 5052 3729 5106 per

2133 5196 2318 5266 quippe
2361 5196 2509 5266 quem
2537 5192 2709 5252 ualida
2747 5196 2997 5250 cliaritate
3022 5197 3297 5266 ﬂagrantia
3324 5193 3520 5260 nimia',
3554 5209 3620 5248 ex
3647 5192 3726 5247 loc

2134 5268 2228 5328 cis,
2259 5276 2366 5321 ulc.

2205 5346 2233 5413 li
2263 5337 2614 5413 Suspiramur
2640 5338 2950 5413 legendum,
2976 5336 3266 5413 absentibus
3295 5336 3534 5413 caprini-ft
3565 5344 3725 5401 vota;

2132 5410 2340 5467 Scilicet
2370 5426 2465 5477 per
2492 5411 2764 5478 epistolas,
2801 5417 2858 5461 ut
2888 5410 3076 5478 legitur
3101 5411 3152 5462 in
3181 5407 3349 5462 Laud.
3373 5407 3515 5478 Nihil
3541 5416 3721 5478 tamen

2134 5480 2186 5533 in
2219 5468 2383 5533 tesiu'
2423 5468 3121 5541 mutandum'ceusuitnus,
3168 5478 3307 5546 quod
3365 5468 3492 5531 Mss.
3551 5470 3718 5530 nostri

2131 5548 2296 5607 Corb.
2328 5549 2511 5605 Germ.
2545 5561 2598 5605 et
2625 5550 2807 5605 Norut.
2839 5551 3053 5621 optimae
3085 5559 3223 5604 notat:
3253 5548 3481 5621 habeant
3502 5548 3722 5621 audien-

2132 5621 2287 5691 tibus,
2324 5624 2633 5691 legalurque
2662 5622 2713 5673 in
2744 5620 2995 5677 omnibus
3022 5620 3121 5677 Ed.
3156 5620 3295 5689 Quos
3328 5616 3713 5677 conuuluim’bs.

2205 5690 2233 5729 ¹³
2272 5690 2497 5759 Tutum,
2528 5692 2761 5764 vagatur.
