4036 6348
364 410 462 466 541

1102 406 1463 465 nonsuun
1504 407 1634 462 LlB.
1677 378 1850 462 sax.
1891 431 1961 444 —
1998 378 2067 457 tu
2096 364 2333 457 caput
2367 378 2639 462 xsxvm
2679 406 2738 489 ῃ.
2779 406 2923 463 JOB.

3519 404 3627 463 542

359 535 538 583 sancta
569 510 832 582 desideria
884 524 1106 595 spargit.
1151 523 1496 579 Prredicando
1538 523 1699 591 igitur
1743 521 1939 577 Paulus
1965 514 2018 577 Α
2041 515 2183 569 enim
2211 527 2471 585 vagantur
2501 518 2653 586 pulli,
2683 520 2805 574 inde
2834 534 3009 575 ρει-θη)
3039 534 3231 573 corvus
3262 520 3479 582 invenit,
3505 520 3628 589 quia

358 620 468 674 vult
498 618 656 673 simul
688 617 865 671 omnia
890 617 1091 682 dicere,
1119 615 1348 670 amando
1391 615 1506 669 vult
1552 614 1707 668 simul
1752 626 1941 668 omnes

358 710 564 778 videre,
587 707 794 780 quiaet
818 709 870 763 in
910 723 1074 762 carne
1123 705 1483 776 permanando
1532 705 1644 759 vult
1694 705 1944 759 omnibus

359 801 569 863 vivere,
600 808 655 855 et
694 797 761 854 de
789 796 953 853 eat-ne
978 798 1305 853 transeundo
1335 813 1427 865 per
1453 798 1771 853 sacriﬁcium
1818 796 1941 852 ﬁdei

358 894 474 948 vult
500 890 750 946 omnibus
778 884 1056 960 prodesse.
1086 888 1360 959 Vagentur
1390 888 1565 956 itaque
1599 886 1727 955 pulli
1752 900 1942 941 corvo-

357 997 496 1047 rum,
530 980 585 1036 id
614 990 696 1036 est
720 964 1030 1049 magistrum
1062 993 1217 1034 suum
1246 980 1521 1034 imitentur
1552 978 1643 1032 lilii
1680 978 1938 1050 gentium,

360 1082 628 1137 torporem
654 1070 848 1124 mentis
870 1071 1163 1134 excutiant,
1190 1080 1240 1125 et
1256 1086 1376 1124 cum
1391 1070 1688 1123 animarum
1707 1068 1935 1136 lucrum,

357 1162 411 1217 id
437 1174 520 1218 est
548 1162 725 1217 cibum
757 1177 910 1217 suum
932 1162 1152 1216 minime
1181 1163 1473 1229 reperiunt,
1505 1176 1613 1214 non
1630 1161 1937 1231 quiescant;

356 1253 423 1307 ad
468 1252 762 1339 profectum
792 1268 852 1307 se
880 1267 948 1308 es
983 1253 1325 1323 provecﬁbus
1366 1252 1678 1319 extendant,
1704 1262 1783 1320 et,
1825 1268 1940 1310 tes-

355 1354 567 1423 tuantes
623 1345 678 1401 in
733 1346 957 1401 utilitate
1014 1345 1334 1413 multorum,
1392 1345 1738 1402 refectionem
1787 1362 1938 1403 suam

355 1437 504 1507 quasi
536 1426 786 1507 vagantes
827 1437 1086 1493 esuriant.
1134 1438 1267 1505 Quia
1297 1453 1423 1493 vero
1454 1453 1549 1507 per
1593 1440 1941 1506 prsetiicatio-

355 1546 481 1585 nutn
512 1545 675 1600 opera
704 1528 1079 1593 diseurrendo,
1110 1529 1404 1585 reiectione
1436 1528 1556 1583 ﬁdei
1586 1531 1939 1599 gentilitatem

355 1606 550 1681 satiare
596 1640 703 1679 non
746 1633 982 1690 cessmtt,
1026 1622 1233 1678 dicatur
1280 1632 1471 1677 recte:
1508 1622 1635 1686 Quis
1684 1632 1942 1695 prafparat

356 1702 507 1771 corvo
526 1732 694 1772 escam
714 1732 885 1784 suam,
908 1716 1113 1784 quando
1134 1716 1265 1786 pulli
1284 1718 1396 1787 ejus
1416 1716 1643 1769 clamant
1661 1720 1727 1771 at
1748 1715 1936 1783 Deum,

356 1818 593 1891 vagantes
618 1822 677 1881 eo
698 1807 833 1881 quod
869 1823 970 1860 non
997 1805 1215 1860 habeant
1244 1807 1401 1861 cibos.

2041 606 2167 662 dum
2199 625 2293 676 per
2326 610 2561 666 laborent
2589 614 2987 677 pnedicantinm
3016 630 3329 670 conversam
3362 617 3426 671 ad
3460 615 3627 670 Deum

2042 701 2391 772 gentilitatem
2425 702 2677 760 Judaicus
2709 710 2931 776 populos
2961 710 3200 775 resiiicit,
3231 709 3295 762 ad
3328 720 3657 782 extremum.

2041 798 2359 865 quandoque
2399 797 2677 853 stultitiam
2706 815 2819 853 sua:
2868 798 3196 855 inﬁdelitatis
3242 801 3542 866 erubescit;
3572 809 3630 857 et

2045 894 2169 940 tunc
2192 888 2230 941 S
2264 902 2481 955 ruptura:
2511 903 2680 944 sacra:
2703 892 2997 945 sententias
3028 891 3296 963 intelligit,
3327 907 3447 946 cum
3479 882 3629 961 prius

2042 992 2199 1044 quam
2241 977 2340 1033 sibi
2372 994 2462 1032 eas
2492 982 2740 1050 gentibus
2772 982 3067 1039 innotuisse
3100 986 3397 1053 cognoscit,
3446 994 3627 1052 atque,

2044 1072 2252 1140 expleta
2295 1075 2579 1144 vagatione
2626 1076 2891 1145 pullorum
2918 1118 2934 1143 ,
2981 1078 3046 1131 ad
3095 1077 3433 1145 percipienda
3474 1092 3628 1133 sacra

2044 1161 2251 1231 eloquia
2280 1156 2339 1217 os
2384 1164 2559 1218 cordis
2586 1166 2797 1234 apcrit;
2828 1166 2948 1233 quia
2998 1168 3227 1234 peractis
3280 1168 3331 1221 in
3372 1166 3629 1222 inundqu

2043 1254 2285 1308 cursibus
2319 1258 2683 1323 apostolorum
2709 1296 2725 1319 ,
2763 1250 2886 1310 sero
2912 1271 2971 1310 ea
3010 1257 3319 1324 Spiritaliter
3351 1256 3574 1325 percipit
3600 1270 3632 1311 a

2043 1347 2234 1417 quibus
2260 1348 2350 1401 diu
2378 1364 2437 1402 se
2466 1348 2685 1417 perﬁdia
2711 1349 3327 1418 astringentejrjnnasit.
3356 1350 3483 1417 Quae
3505 1342 3629 1419 quia

2042 1438 2223 1492 omnia
2272 1439 2439 1493 solius
2477 1436 2672 1494 divina»
2704 1444 2955 1507 potentia:
2987 1440 3155 1495 virtus
3187 1451 3457 1508 operatur,
3490 1440 3639 1495 recte

2042 1529 2235 1584 dicitur
2264 1548 2275 1582 :
2310 1531 2437 1595 Quis
2466 1541 2723 1603 pra'parat
2746 1524 2895 1584 corvo
2916 1548 3080 1585 escam
3106 1549 3273 1595 suam,
3297 1532 3501 1598 quando
3526 1520 3635 1598 pul-

2046 1619 2087 1673 li
2110 1624 2220 1693 ejus
2241 1622 2461 1675 clamant
2485 1624 2553 1675 ad
2578 1622 2762 1686 Deum,
2790 1634 3025 1692 vagantes
3046 1639 3105 1676 eo
3126 1625 3262 1691 quod
3284 1638 3383 1674 non
3416 1623 3636 1676 habeant

2048 1714 2222 1768 cibos?
2249 1717 2518 1770 Subaudis
2543 1716 2643 1770 nisi
2671 1731 2790 1784 ego,
2818 1720 2906 1787 qui
2932 1717 3201 1772 inﬁdelem
3230 1717 3480 1787 populum
3512 1715 3656 1794 ﬁliis.

2042 1808 2154 1861 suis
2180 1817 2233 1862 et
2262 1794 2606 1863 esoraniibus
2632 1808 2824 1881 tolero,
2863 1818 2887 1845 ε
2916 1817 2970 1863 et
3000 1809 3414 1876 praedicantibus
3446 1821 3632 1875 pasco,

350 1894 361 1903 ’
396 1868 571 1971 ΔῙΫει.
595 1868 787 1970 Xll".]
809 1896 898 1954 32.
928 1896 1077 1951 Corvi
1095 1914 1291 1968 quoque
1319 1900 1520 1953 nomine
1547 1897 1686 1969 plebs
1715 1868 1937 1951 iudaica
1968 1900 2012 1961 Β
2044 1908 2201 1967 atque
2229 1884 2301 1952 ad.
2334 1898 2435 1952 alia
2490 1868 2822 1969 vagantibus
2846 1868 3263 1955 convertendum
3313 1868 3631 1970 quandoque

359 1990 696 2063 signiﬁcatur.
725 1980 1136 2061 Visa‘gentillum
1161 1990 1507 2049 conversione.
1538 1991 1659 2044 olim
1682 1991 1939 2061 resipiscat

359 2099 418 2137 ac
445 2084 507 2136 de
528 2070 621 2137 sua
641 2084 858 2138 stultitia
884 2084 1159 2138 erubescet.
1179 2112 1243 2124 —-
1269 2083 1453 2137 Potest
1481 2081 1642 2138 etiam
1672 2085 1816 2137 corvi
1844 2101 1941 2138 no-

356 2176 497 2230 mine
527 2177 676 2245 nigra
707 2192 798 2244 per
843 2176 1175 2231 inlide'itatis
1220 2176 1469 2231 meritum
1521 2176 1674 2245 plebs
1719 2176 1936 2233 Judaica

354 2264 644 2335 designari.
675 2266 811 2321 Nam
841 2266 971 2336 pulli
1005 2265 1120 2337 ejus
1150 2265 1217 2320 ad
1245 2264 1412 2320 Deum
1443 2266 1675 2321 clamare
1699 2265 1940 2323 referun-

355 2366 460 2423 tur,
487 2370 543 2413 ut
571 2360 745 2414 eidem
774 2374 937 2414 corvo
963 2373 993 2413 a
1027 2358 1254 2413 Domino
1280 2374 1406 2414 esca
1438 2369 1789 2427 praeparetur,
1815 2361 1936 2431 quia

354 2450 609 2504 nimirum
648 2452 818 2505 sancti
850 2450 1098 2520 apostoli,
1131 2449 1299 2519 plebis
1328 2450 1631 2507 lsraelitica:
1657 2467 1818 2507 carne
1843 2469 1941 2525 ge-

354 2542 550 2607 nerati,
593 2539 718 2594 dum
752 2557 846 2611 pro
870 2553 1027 2611 gente
1056 2558 1151 2598 sua
1180 2557 1368 2613 preces
1395 2543 1461 2596 ad
1509 2543 1788 2599 Dominum
1820 2544 1941 2599 fnu-

355 2629 566 2713 derent,
595 2631 751 2701 quasi
782 2632 909 2700 pulli
940 2647 1248 2699 corvorum,
1277 2647 1398 2687 eum
1428 2632 1496 2688 de
1521 2650 1625 2703 quo
1651 2636 1940 2692 carnaliter

354 2723 484 2779 editi
531 2734 653 2778 sunt
692 2725 919 2793 Spiritali
966 2725 1314 2797 intelligentia
1362 2736 1635 2797 parentem
1685 2730 1938 2797 p0pnlum

355 2825 639 2884 paverunt.
667 2815 830 2885 igitur
861 2816 988 2871 dum
1020 2817 1145 2884 pulli
1176 2819 1292 2887 eius
1338 2820 1588 2887 clamant,
1620 2834 1784 2874 curvo
1812 2834 1938 2874 esca

355 2913 706 2983 praeparatur,
738 2908 858 2976 quia
886 2908 1008 2960 dum
1036 2911 1263 2978 apostoli
1288 2918 1536 2972 exorant.
1568 2910 1717 2978 plebs
1737 2910 1935 2966 dudum

356 2996 553 3065 perﬁda
593 2997 661 3052 ad
689 2998 1046 3069 cognitionem
1076 3000 1197 3056 ﬁdei
1228 3000 1458 3067 ducitur,
1490 3012 1545 3056 et
1580 3018 1650 3056 ex
1684 3004 1943 3069 przedica-

356 3092 499 3147 tione
529 3091 756 3148 ﬁliorum
788 3096 937 3163 quasi
969 3110 1036 3149 ex
1068 3096 1330 3163 pullorum
1360 3110 1491 3151 voce
1516 3097 1757 3152 satiatur.
1801 3097 1938 3152 illud

357 3191 530 3237 tamen
562 3182 615 3238 in
648 3183 750 3238 huc
778 3199 935 3239 versu
966 3184 1225 3263 debemus
1253 3186 1485 3242 solerter
1529 3188 1748 3252 intueri,
1797 3187 1938 3257 quod

2042 1986 2096 2042 in
2130 1988 2232 2041 line
2260 1984 2537 2061 suminco.
2622 2056 2623 2061 η
3208 2058 3211 2063 _

2112 2080 2257 2152 [νει.
2290 2076 2442 2153 XV.]
2471 2076 2558 2135 .25.
2598 2078 2759 2136 Periti
2788 2078 3038 2152 magistri,
3081 2078 3343 2153 discipulis
3375 2096 3477 2135 non
3506 2078 3631 2135 satis

2041 2162 2299 2225 humiliter
2325 2172 2388 2226 de
2414 2166 2837 2238 se‘senticntibus,
2862 2156 3175 2227 subliin'o‘ris
3197 2174 3444 2226 doctrina:
3464 2173 3632 2225 cibum
3680 2174 3692 2185 ’

2040 2264 2367 2318 subtrahunt.
2391 2291 2462 2302 —
2489 2256 2579 2345 Est
2608 2262 2782 2316 adhuc
2810 2261 2951 2317 aliud
2980 2256 3127 2332 quad
3152 2263 3218 2318 de
3247 2278 3409 2345 corvo
3452 2276 3633 2314 mora-

2042 2358 2165 2415 liter
2197 2360 2365 2425 possit
2396 2339 2636 2425 inteliigi.
2684 2356 2851 2413 Editis
2888 2373 3115 2427 namque
3142 2357 3320 2427 pullis,
3354 2339 3412 2410 iit
3442 2344 3637 2425 fertur,

2042 2468 2220 2507 escam
2253 2453 2407 2520 plene
2435 2442 2675 2525 prtebcre
2695 2450 3029 2525 dissimulatL
3046 2452 3352 2518 priuSqnani
3396 2449 3633 2518 plumes-

2043 2545 2215 2600 cendo
2244 2543 2575 2614 nigrescant,
2601 2523 2800 2614 e'osque
2831 2543 3005 2597 inedia
3054 2541 3192 2597 alﬁci
3238 2544 3455 2612 patitur,
3500 2557 3634 2614 quo-

2043 2637 2281 2705 adusque
2310 2635 2364 2689 in
2395 2636 2499 2689 illis
2528 2626 2622 2704 per
2655 2628 2951 2702 pennarum
2992 2624 3323 2703 nigredine":
3354 2647 3448 2687 sua
3484 2635 3634 2689 simis

2045 2723 2214 2801 litudo
2261 2723 2525 2779 videatur.
2562 2716 2662 2792 Qui
2694 2726 2796 2779 huc
2845 2708 3077 2792 illucque
3110 2733 3365 2793 vagantur
3392 2723 3444 2778 in
3487 2724 3631 2790 nido,

2041 2823 2093 2868 et
2122 2813 2363 2867 cibomm
2391 2815 2652 2883 expetunt
2678 2823 2864 2884 aperto
2898 2828 2994 2868 ore
3040 2812 3360 2868 subsidiuml
3400 2818 3469 2867 At
3512 2826 3633 2871 cum

2045 2900 2351 2974 nigrescere
2398 2906 2682 2974 coeperint,
2728 2915 2876 2961 tanto
2924 2904 3001 2960 eis
3054 2906 3338 2974 praebenda
3383 2904 3637 2964 alimenta

2043 3000 2317 3055 ardentius
2344 3000 2591 3067 requirit,
2624 3008 2822 3069 quanto
2849 2998 2969 3052 illos
2994 2997 3141 3054 alere
3171 2997 3372 3052 diutius
3402 2997 3653 3052 distulit.’

2041 3090 2244 3145 Corvus
2273 3076 2514 3160 profecto
2554 3086 2640 3146 ea
2667 3091 2856 3145 doetus
2888 3090 3115 3160 quisque
3156 3089 3501 3159 praedicator,
3546 3074 3637 3160 qui

2045 3202 2236 3254 magna
2269 3192 2403 3241 vorte
2427 3185 2639 3245 clamat.
2666 3184 2789 3238 dum
2819 3188 3163 3254 peccatorum
3187 3186 3403 3238 suorum
3434 3197 3636 3237 inemoa

355 3273 478 3327 huic
503 3288 666 3328 corvo
693 3289 815 3329 esca
840 3274 1035 3329 dicitur
1063 3276 1289 3353 primum
1320 3279 1475 3345 pu'lis
1505 3278 1858 3336 clamantibus
1885 3291 1937 3336 et
1968 3281 2016 3347 C
2046 3279 2178 3334 riam
2226 3289 2389 3348 atque
2430 3275 2787 3345 cognitionem
2837 3275 3163 3331 inﬁrmitatis
3206 3277 3435 3347 promite
3483 3272 3637 3343 quasi

360 3364 694 3431 postmodum
717 3365 1033 3436 vagantibus
1056 3368 1361 3437 prteparari.
1388 3367 1755 3445 Clamantibns
1784 3387 1937 3427 nant-

304 3454 305 3457 “
357 3468 462 3525 que
493 3456 648 3524 pullis
674 3472 839 3511 corvo
865 3472 986 3512 esca
1019 3468 1312 3527 prarparata
1340 3470 1442 3528 est,
1472 3477 1594 3516 cum
1641 3464 1938 3533 praedican-

359 3545 499 3600 tibus
527 3540 783 3615 apoStolis
806 3548 1026 3602 verbum
1073 3547 1167 3603 Dei
1194 3548 1373 3604 Judaea
1404 3553 1648 3618 audiens,
1679 3555 1837 3609 modo
1881 3554 1940 3610 in

354 3634 523 3690 tribus
569 3636 836 3704 millibus,
867 3639 1027 3695 modo
1055 3638 1108 3694 in
1137 3642 1373 3709 qu‘nque
1401 3643 1631 3698 millibus
1671 3644 1938 3714 spirituali

354 3735 432 3779 est
478 3726 826 3796 intelligentia
868 3730 1082 3785 satiata.
1112 3738 1139 3767 ι
1164 3730 1269 3787 Sed
1298 3746 1420 3786 eum
1464 3748 1559 3802 per
1584 3736 1939 3804 reproborum

352 3815 742 3889 multitudinem
772 3820 1138 3875 crudelitatem
1170 3836 1323 3877 suam
1350 3833 1536 3878 contra
1580 3804 1941 3893 praedicantes

352 3917 648 3979 exerceret,
676 3918 729 3991 et
772 3910 923 3978 quasi
959 3911 1226 3993 pullorum
1278 3914 1439 3969 vitam
1489 3925 1722 3987 necaret,
1772 3917 1939 3973 iidem

349 4001 477 4072 pulli
501 3998 529 4039 δ
562 4003 615 4057 in
648 4004 891 4084 universa
923 4006 1101 4061 mundi
1132 4008 1301 4077 Spatia
1334 4008 1562 4079 dispersi
1609 4020 1751 4066 sunt.
1789 4011 1941 4068 Unde

349 4100 404 4145 et
440 4090 640 4146 eisdem
669 4095 972 4149 carnalibus
1019 4097 1258 4163 patribus
1306 4098 1533 4167 spiritali
1579 4102 1938 4173 pra’dicationi

351 4176 717 4240 resistentibus
758 4185 939 4242 dicunt
973 4205 988 4242 :
1028 4198 1051 4225 ο
1091 4187 1245 4255 Vobis
1274 4194 1533 4259 oportebat
1557 4196 1942 4267 prtmumJoqui

349 4276 554 4330 verbum
596 4278 725 4344 Dei;
754 4279 844 4334 sed
888 4281 1008 4345 quia
1037 4282 1283 4352 repellitis
1326 4283 1481 4351 illud,
1507 4298 1553 4339 et
1583 4288 1825 4359 ind’gaos
1851 4306 1939 4346 uos

348 4368 591 4441 iudicatis
612 4380 814 4425 (sternte
836 4372 969 4435 uitta,
991 4389 1104 4427 ecce
1121 4380 1463 4431 convertimur
1492 4378 1560 4455 ad
1586 4391 1757 4449 gentes
1792 4381 1936 4451 (Act.

347 4478 464 4527 ιη’,
498 4461 590 4547 μὶ)
615 4480 628 4526 ;
660 4467 893 4537 scientes
919 4465 1155 4532 profecto
1182 4469 1325 4539 quod
1358 4482 1637 4542 postquam
1663 4477 1941 4545 gentilitas

352 4553 617 4619 crederet,
649 4557 810 4609 etiam
856 4555 1036 4610 Judrea
1080 4557 1147 4612 ad
1198 4558 1358 4613 ﬁdem
1407 4563 1632 4620 veniret.
1684 4566 1836 4621 Unde
1884 4578 1941 4625 et

2044 3370 2329 3434 quamdam
2392 3370 2589 3445 coloris
2640 3367 2973 3440 nigredinein
3028 3376 3221 3436 portat.
3270 3368 3367 3421 Cui
3421 3364 3653 3434 quidam“

2044 3471 2335 3516 nascuntur
2364 3461 2414 3515 in
2442 3461 2544 3515 ﬁde
2571 3459 2838 3530 discipuli,
2868 3459 2963 3514 sed
2991 3458 3219 3514 fortasse
3249 3460 3422 3512 adhuc
3453 3455 3474 3497 ί
3505 3473 3637 3514 ροη-

2046 3553 2288 3607 siderare
2316 3551 2677 3605 inﬁrmitatem
2721 3551 2987 3619 propriam
3020 3550 3299 3613 nesciunt,
3350 3534 3577 3604 fortasse
3606 3546 3650 3608 δ’

2044 3646 2282 3715 peccatis
2324 3634 2610 3713 praeterita
2640 3640 2952 3696 memoriam
2983 3650 3252 3707 avertunt,
3303 3647 3357 3695 et
3400 3654 3494 3710 per
3535 3646 3641 3695 hoc

2046 3751 2163 3791 eam
2195 3751 2352 3805 quam
2396 3731 2598 3788 assumi
2628 3740 2841 3799 oiaortet
2866 3743 3054 3785 contra
3098 3732 3255 3801 hujus
3300 3733 3482 3787 mundi
3522 3733 3637 3803 glo-

2032 3829 2179 3889 riam
2208 3826 2524 3882 humilitatis
2554 3825 2886 3897 nigrediuem
2915 3841 3021 3879 non
3050 3824 3362 3880 ostendunt.
3396 3824 3460 3879 lli
3490 3826 3643 3879 velut

2044 3922 2113 3979 ad
2153 3920 2491 3991 accipiendas
2515 3936 2669 3977 escas
2696 3936 2758 3976 os
2783 3921 3062 3990 aperiunt,
3093 3936 3215 3975 cum
3241 3918 3423 3975 doceri
3455 3921 3522 3975 de
3553 3934 3637 3975 se-

2043 4014 2207 4069 cretis
2241 4020 2267 4059 ε
2313 4010 2634 4066 sublimibus
2680 4019 2945 4081 quierunt.
2997 4010 3105 4066 sed
3150 4011 3229 4064 eis
3275 4011 3463 4066 doctor
3507 4024 3637 4066 suus

2044 4104 2295 4165 almenta
2329 4090 3220 4172 prtedicamentorumiublimitrm
3269 4110 3415 4155 tanto
3461 4100 3636 4154 minus

2047 4192 2253 4261 tribuit,
2293 4204 2492 4261 quanto
2521 4182 2639 4247 illos
2670 4180 2883 4260 peccata
2934 4190 3199 4260 praeterita
3252 4191 3426 4246 minus
3473 4176 3647 4262 digne;

2044 4285 2245 4341 deﬂete
2272 4281 2296 4320 δ
2325 4283 2621 4354 cognoscit.
2657 4282 2944 4350 Exspectat
2972 4283 3168 4351 quippe
3197 4288 3356 4350 atque
3385 4280 3637 4339 admonet

2045 4388 2157 4432 uta
2191 4377 2364 4431 nitore
2386 4376 2509 4430 vitae
2551 4366 2833 4446 prasentis
2872 4372 3019 4444 prius
3063 4388 3153 4443 per
3192 4375 3522 4444 pmriitentite
3551 4375 3645 4428 laa‘

2044 4478 2227 4524 menta
2258 4467 2598 4537 nigrescant,
2631 4474 2685 4520 et
2715 4475 2839 4549 tque
2868 4465 3086 4518 demum
3117 4478 3351 4535 congrua
3380 4465 3645 4532 praedicas'

2046 4559 2207 4638 tionis
2237 4558 2599 4613 subtilissimae
2632 4556 2954 4611 nutrimenta
2994 4558 3315 4637 percipianti
3340 4558 3543 4613 Corvus
3581 4560 3635 4617 in

351 4645 605 4710 scriptum
633 4655 714 4699 est
748 4666 761 4700 :
792 4645 967 4701 Donec
994 4648 1260 4716 plenitudo
1288 4651 1519 4720 gentium
1546 4649 1574 4691 (ι
1606 4655 1859 4724 introiret,
1887 4669 1938 4714 οι
1963 4664 2020 4726 ι)
2047 4651 2202 4721 pullis
2229 4664 2323 4705 ora
2347 4648 2602 4703 inhiantia
2628 4648 2863 4718 respicit,
2888 4648 2985 4703 sed
3009 4657 3132 4703 ante
3157 4649 3211 4703 in
3235 4649 3314 4703 eis
3339 4664 3634 4716 pennarum

351 4735 422 4789 sic
447 4737 610 4817 omnis
642 4735 807 4792 Israel
834 4740 1003 4794 salvus
1027 4726 1171 4809 ﬁeret
1201 4741 1380 4813 (llam.
1411 4758 1488 4808 st,
1521 4744 1800 4815 cltilaQuia
1830 4751 1939 4819 igi-

356 4835 443 4901 tur
478 4841 821 4896 summopere
850 4832 1021 4885 sancti
1051 4832 1282 4901 apostoli
1325 4843 1379 4888 et
1422 4836 1745 4891 studuerunt
1793 4842 1938 4907 prius

352 4908 513 4991 971
536 4921 871 4977 audientibus
901 4925 1210 4992 praedicare,
1243 4936 1297 4980 et
1319 4912 1655 4996 postmodum
1679 4932 1939 4991 resisten-

355 5012 495 5097 tibus
536 5015 783 5081 exempla
812 5030 1084 5097 conversa:
1114 5020 1425 5089 gentilitatis
1468 5024 1772 5092 ostendere,
1805 5044 1941 5097 qna—

356 5104 400 5177 si
428 5097 727 5189 esurientes
758 5108 883 5178 pulli
919 5108 1039 5163 huic
1076 5108 1237 5164 corvo
1270 5128 1446 5189 escam
1474 5130 1623 5170 suam
1652 5118 1797 5186 prius
1825 5121 1939 5175 cla-

361 5188 550 5251 mando
597 5184 652 5253 et
705 5199 1042 5268 postmodum
1091 5184 1331 5270 vagando
1392 5184 1737 5273 quaesierunt.
1788 5209 1942 5267 Unde
1980 5216 1985 5219 '

428 5352 455 5381 ι
494 5341 694 5397 Omnes
720 5343 847 5414 Mss.
880 5342 1048 5397 nostri
1078 5341 1145 5397 ita
1176 5341 1400 5407 habent;
1431 5354 1486 5401 at
1516 5310 1687 5414 Editi,
1712 5351 1803 5405 sed
1825 5358 1949 5407 eam

354 5428 485 5481 repp
507 5415 685 5471 borum
712 5412 1005 5469 multitudo.
1319 5470 1323 5475 .
1668 5412 1683 5481 ί
1770 5478 1773 5481 .

429 5470 456 5522 ὅ
498 5482 712 5556 Elimia.
744 5485 939 5552 adique
971 5481 1175 5556 Norml,
1208 5486 1261 5539 in
1287 5470 1585 5556 universam
1615 5478 1791 5543 mundi
1819 5508 1941 5556 par-

356 5562 479 5609 tem.
502 5555 633 5629 j’al.
663 5553 743 5608 Cl.
774 5562 831 5609 et
850 5555 1025 5629 Cori).
1043 5554 1249 5619 Germ"
1275 5554 1328 5608 iii
1357 5560 1679 5629 umectam”.
1704 5553 1867 5629 parte.

431 5638 455 5667 ο
502 5624 751 5689 \l.ndoc.,
777 5628 913 5680 vobis
943 5628 1146 5691 quidem
1174 5628 1455 5680 auertebat.

428 5694 467 5740 δ’
500 5696 747 5754 Vindoc.’.
778 5694 1008 5754 intraret.

435 5778 459 5805 ⁸
495 5767 661 5822 Gilut.
679 5809 693 5833 ,
726 5766 988 5825 Gnssanv.
1016 5777 1070 5842 et
1096 5768 1331 5824 nonnulli
1358 5767 1519 5835 Editi,
1546 5779 1594 5824 et
1612 5772 1949 5842 prmdieanti-l

363 5837 462 5915 bus
488 5850 872 5915 rrurro._(0titra
901 5840 1471 5915 omniuurnostrorum
1499 5837 1627 5915 glss.
1669 5845 1850 5915 iidem,
1886 5850 1936 5900 in

356 5911 548 5979 quibus
576 5910 767 5980 legitur
803 5925 978 5980 pusca,
1008 5921 1063 5965 ut
1086 5911 1246 5968 etiam
1278 5914 1331 5967 in
1359 5920 1465 5968 vet.
1495 5911 1621 5981 Ed.,
1650 5910 1846 5986 sicque
1860 5919 1936 5974 le-

2044 4740 2322 4811 nigredine
2352 4740 2495 4793 indui
2522 4752 2747 4807 corpora
2777 4737 2988 4808 quaerit.
3018 4737 3111 4794 Sic
3146 4748 3199 4793 et
3227 4738 3492 4795 discretus
3533 4742 3634 4797 do-

2045 4850 2162 4891 ctor
2191 4835 2396 4888 interna
2428 4829 2680 4902 mysteria
2713 4844 2898 4885 eorum
2928 4826 3178 4885 sensibus
3208 4847 3311 4886 non
3342 4832 3632 4898 ministrat,

2047 4940 2181 4997 quos
2209 4924 2386 4978 adhuc
2414 4922 2483 4977 ab
2513 4923 2615 4977 hoc
2660 4917 2861 4978 saeculo
2890 4937 3225 4993 nequaquam
3266 4940 3325 4980 se
3371 4925 3635 4996 abiecisse

2048 5018 2375 5077 considerat.
2406 5018 2616 5086 Quanto
2652 5016 2813 5087 igitur
2839 5015 3087 5086 discipuli
3116 5021 3353 5074 exterius
3392 5032 3487 5088 per
3511 5020 3635 5074 cui-3

2050 5125 2160 5169 tum
2188 5112 2311 5169 vita:
2345 5108 2623 5181 prmsentis
2653 5109 2828 5164 minus
2851 5111 3001 5181 quasi
3029 5111 3166 5183 nigri
3196 5119 3338 5176 sunt,
3367 5120 3512 5164 tanto
3538 5124 3637 5179 per

2053 5207 2230 5265 cibum
2260 5202 2406 5271 verbi
2455 5200 2679 5258 interius
2721 5202 2900 5257 minus
2936 5203 3252 5272 replentur;
3299 5210 3354 5256 et
3380 5215 3485 5269 quo
3512 5215 3571 5257 se
3600 5216 3635 5258 a

2045 5353 2279 5424 gendum
2324 5349 2517 5418 probat
2543 5351 2692 5407 locus
2736 5348 2853 5419 qui-
2877 5347 3163 5417 exponitur
3195 5362 3210 5399 :
3241 5347 3330 5417 qui
3374 5358 3635 5419 praeparat

2127 5441 2197 5474 το
2226 5438 2413 5474 εεεαηι.
3654 5456 3657 5457 ,

2127 5443 2163 5467 ’⁸
2280 5440 2413 5474 catis.

2047 5440 2405 5548 cmfulliiient.
2439 5484 2653 5555 Excusi,
2701 5480 2820 5541 cum
2848 5482 3016 5543 Corb.
3056 5484 3263 5551 Germ.,
3308 5487 3633 5546 considerare

2046 5566 2361 5637 nigredinem
2388 5558 2705 5637 infirmitatis
2733 5559 2984 5628 propriae,
3008 5556 3214 5637 inerunt
3236 5559 3498 5637 glossema
3512 5576 3635 5637 garo

2047 5628 2232 5691 cavrent
2263 5644 2368 5688 vet.
2402 5628 2571 5690 Edit.,
2613 5629 2869 5696 abestque
2899 5643 2929 5682 a
2958 5639 3078 5682 can.
3116 5628 3242 5683 Mss.
3287 5631 3477 5696 Laud.,
3512 5628 3630 5689 Val.

2045 5706 2101 5759 (ΙΙ
2133 5750 2148 5774 ,
2208 5706 2455 5766 \lindoc.,
2509 5699 2961 5774 Ebroicensibus,
3010 5709 3064 5774 et
3108 5701 3177 5753 al.
3230 5699 3416 5760 Norat.
3460 5701 3629 5766 Cori).

2044 5769 2224 5834 Germ.
2260 5773 2417 5841 paulo
2443 5779 2567 5823 ante
2595 5769 2753 5823 habet
2784 5788 2799 5822 :
2830 5771 2910 5824 cui
2940 5772 3166 5841 quidem.

2116 5856 2141 5894 rt
2170 5847 2414 5906 Vindoc.,
2441 5841 2744 5896 catestibus.

2110 5915 2141 5957 δ
2174 5914 2419 5983 Vindoc.,
2447 5913 2672 5979 Pratel.,
2702 5911 2870 5982 Utic.,
2891 5917 3153 5985 conspicit.
