4036 6348
1754 222 1786 229 ι..
1817 220 1855 229 σο

359 325 362 328 ‘
375 305 478 363 545

1553 297 1803 356 SANCTI
1840 297 2163 356 GREGORII
2203 299 2411 359 MAGNI

3533 310 3642 371 ω

369 413 634 485 corporali
661 412 831 484 gloria
862 425 969 469 non
1016 416 1279 467 evacuant
1300 452 1316 477 ,
1361 422 1426 466 eo
1473 423 1505 466 a
1536 410 1763 481 spiritali
1807 413 1949 468 reie-
1974 415 2029 475 Α
2053 427 2216 470 onera
2245 415 2418 470 dorsis
2446 416 2859 485 praecedentium
2890 429 3276 490 superponunt,
3309 426 3518 499 sibique
3550 432 3638 485 in-

366 510 545 566 ctinne
567 509 826 578 jejunant.

438 601 529 656 54.
563 601 721 657 Secus
749 603 794 654 si
821 600 876 654 in
905 598 1220 668 confusione
1247 606 1567 669 peccatorum
1595 599 1947 656 humiliantur.

366 724 436 736 —
459 694 511 750 Si
541 709 668 748 vero
697 693 750 747 in
775 692 1116 748 confessione
1141 694 1264 747 vita:
1293 692 1578 762 praeteritae
1617 691 1834 748 Iamcnti
1867 693 1950 748 sui

364 789 594 860 gemitus
635 786 782 842 velut
821 786 1186 854 nigrescentes
1215 784 1425 854 plumas
1468 783 1777 854 proferant,
1805 783 1951 838 illico

365 883 420 938 in
451 879 901 948 contemplatione
944 877 1245 944 doctor,ad
1293 891 1471 931 escam
1517 875 1585 930 dc
1632 875 1950 931 sublimibus

364 973 742 1039 deferendam,
791 973 943 1044 quasi
997 970 1263 1040 pullorum
1311 970 1658 1026 refectionem
1711 972 1950 1041 cogitans

363 1086 579 1138 corvus,
615 1071 789 1137 volat,
823 1071 1007 1140 eisque
1042 1068 1313 1123 hiantibus
1361 1069 1412 1124 in
1445 1084 1539 1124 ore
1579 1070 1743 1141 972
1771 1069 1947 1124 cibum

362 1172 600 1230 revocat,
633 1161 758 1216 dum
789 1175 856 1215 ex
891 1176 952 1215 ea
985 1159 1332 1230 intelligentia
1361 1174 1520 1227 quam
1561 1161 1788 1229 Coeperit
1824 1174 1947 1215 esu-

361 1255 623 1313 rientibus
662 1253 940 1326 discipulis
984 1253 1233 1307 alimenta
1275 1253 1398 1307 vitae
1442 1252 1706 1322 loquendo
1746 1253 1949 1308 submi-

360 1349 571 1404 nistrat.
628 1346 774 1413 Quos
827 1353 974 1398 tanto
1023 1342 1303 1398 ardentius
1347 1343 1413 1398 de
1453 1347 1700 1413 supernis
1742 1343 1945 1408 reficit,

361 1449 558 1509 quanto
584 1438 761 1492 verius
799 1453 828 1490 a
871 1436 1054 1491 mundi
1083 1437 1258 1492 nitore
1285 1435 1592 1510 nigrescere
1620 1437 1948 1507 poenitentiae

360 1530 745 1586 lamentatione
770 1531 1068 1601 cognoscit.

429 1620 519 1678 55.
547 1623 660 1690 Quo
689 1625 856 1695 major
894 1633 965 1677 est
997 1623 1280 1690 humilitas,
1312 1626 1481 1696 major
1508 1623 1657 1676 etiam
1688 1639 1800 1693 spes
1827 1638 1947 1695 pro-

361 1727 549 1772 vectus.
578 1749 647 1758 —
668 1715 804 1770 Pulli
834 1725 1011 1771 autem
1036 1696 1162 1770 dum
1189 1717 1342 1786 nigro
1363 1729 1423 1770 se
1446 1730 1742 1784 pennarum
1765 1717 1947 1772 colore

2057 508 2230 563 vicem
2279 508 2624 564 succedentes
2669 510 2905 567 laborem
2956 514 3206 584 ponderis
3261 523 3480 576 omnino
3531 538 3638 582 non

2053 598 2313 653 sentiunt.
2340 597 2474 667 Quid
2504 609 2588 654 est
2625 615 2754 672 ergo
2801 603 2942 673 quod
2986 605 3174 662 beatus
3221 607 3323 664 Job
3369 611 3438 666 de
3484 625 3639 684 partu

2055 687 2249 744 ibicum
2279 705 2661 762 cervarumque
2703 694 3007 763 discutitur,
3058 697 3159 753 nisi
3201 701 3323 770 quia
3370 703 3424 758 in
3465 707 3641 762 cervis

2054 779 2141 836 vel
2172 781 2396 837 ibicibus
2439 784 2813 855 magistrorum
2856 787 3171 855 spiritalium
3207 807 3433 862 persona
3462 797 3641 867 signa-

2054 873 2175 928 tur?
2203 874 2306 943 Ipsi
2334 874 2528 945 quippe
2559 877 2699 932 velut
2722 877 2888 935 ibices
2931 880 2984 935 in
3027 881 3192 951 petris
3233 887 3466 953 pariunt,
3512 890 3637 959 quia

2054 967 2111 1022 in
2138 965 2375 1022 doctrina
2404 977 2642 1038 patrum,
2675 970 2763 1040 qui
2795 979 2958 1039 petras
3002 987 3101 1042 pro
3149 973 3416 1033 soliditate
3461 981 3636 1036 vocati

2053 1068 2198 1125 sunt,
2243 1059 2309 1114 ad
2353 1061 2761 1116 conversionem
2811 1064 3016 1118 animas
3064 1065 3304 1137 gignunt.
3345 1068 3451 1139 Ipsi
3494 1072 3640 1128 velut

2053 1148 2222 1205 ibices
2247 1149 2442 1204 nullius
2461 1164 2620 1206 casus
2642 1151 2837 1208 damna
2857 1154 3116 1223 sentiunt,
3147 1157 3272 1213 dum
3305 1160 3357 1213 in
3383 1160 3495 1216 suis
3518 1178 3639 1219 cor-

2053 1241 2209 1296 nibus
2238 1239 2265 1279 δ
2290 1243 2643 1311 excipiuntur,
2675 1246 2799 1316 quia
2826 1246 3079 1318 quidquid
3108 1251 3190 1305 eis
3218 1252 3384 1307 ruinas
3427 1263 3636 1327 tempo-

2051 1332 2184 1387 ralis
2227 1333 2535 1402 accesserit,
2566 1337 2619 1389 in
2651 1340 2987 1393 teStamentis
3029 1353 3194 1394 sacras
3243 1341 3532 1413 Scriptura:
3575 1362 3637 1404 se

2054 1425 2379 1494 suscipiunt,
2408 1435 2462 1480 et
2490 1429 2642 1497 quasi
2668 1443 2925 1484 cornuum
2974 1432 3288 1502 exceptione
3336 1435 3632 1494 salvantur.

2053 1517 2130 1573 De
2163 1519 2245 1572 bis
2284 1521 2424 1574 enim
2455 1523 2787 1578 testamentis
2811 1524 3012 1579 dictum
3043 1535 3163 1581 est:
3194 1527 3406 1584 Cornua
3435 1542 3552 1586 sunt
3581 1535 3637 1589 in

2051 1612 2283 1666 manibus
2322 1617 2430 1685 ejus
2462 1614 2687 1684 (Habac.
2713 1633 2806 1682 ιιι,
2829 1617 2907 1687 4).
2937 1620 3017 1673 Ad
3063 1620 3457 1690 Scripturarum
3507 1642 3640 1696 ergo

1986 1705 2018 1784 '_
2052 1705 2470 1762 consolationem
2501 1706 2808 1775 refugiunt,
2840 1708 2964 1762 dum
2991 1709 3165 1780 aliqua
3197 1715 3505 1784 temporalis
3547 1732 3640 1771 ca-

359 1809 617 1872 vestiunt,
649 1809 714 1864 de
741 1824 800 1863 se
828 1810 989 1864 etiam
1031 1809 1266 1864 volatum
1295 1809 1630 1879 promittunt,
1678 1810 1799 1880 quia
1841 1825 1941 1881 quo

2052 1813 2143 1853 sus
2165 1799 2377 1867 jactura
2423 1799 2704 1855 feriuntur.
2738 1805 2819 1856 An
2871 1818 2976 1856 non
3018 1779 3167 1860 more
3212 1779 3428 1873 ibicum,
3478 1810 3640 1882 huius

358 1900 531 1971 magis
556 1900 801 1967 discipuli
829 1900 1035 1970 abjecta
1059 1900 1126 1955 de
1147 1915 1205 1955 se
1227 1902 1486 1968 sentiunt,
1511 1917 1618 1971 quo
1639 1905 1808 1974 magis
1831 1918 1950 1959 sese

356 1991 718 2062 despicientes
746 1992 1011 2064 afﬂigunt,
1038 2008 1105 2048 eo
1125 1994 1355 2065 amplius
1378 2008 1526 2062 spem
1559 2005 1846 2063 provectus
1865 1997 1946 2051 sui

355 2084 411 2140 in
441 2085 628 2140 altiora
659 2086 998 2156 pollicentur.
1031 2086 1186 2143 Unde
1211 2095 1264 2142 et
1291 2097 1441 2142 curat
1465 2086 1654 2142 doctor
1677 2087 1950 2143 festinan-

358 2175 464 2230 tius
493 2177 638 2232 alere
668 2191 802 2247 quos
844 2176 955 2246 jam
1017 2193 1111 2244 per
1165 2178 1410 2249 quaedam
1469 2178 1658 2233 indicia
1705 2179 1951 2248 providet

354 2281 515 2338 posse
547 2277 598 2322 et
627 2259 746 2322 aliis
774 2271 1049 2337 prodesse.
1082 2267 1216 2323 llinc
1247 2269 1391 2323 enim
1423 2268 1762 2323 Timotheum
1810 2269 1949 2323 Pau-

355 2360 440 2417 lus
464 2361 751 2429 admonet,
808 2362 951 2416 velut
1002 2361 1396 2429 plumescentes
1444 2363 1620 2430 pullos
1667 2363 1946 2418 sollicitius

354 2458 580 2521 nutrire,
626 2455 750 2510 dum
776 2455 902 2509 dicit
935 2473 950 2511 :
983 2455 1110 2521 Quae
1139 2458 1327 2510 audisti
1354 2475 1387 2510 a
1413 2473 1492 2511 me
1519 2473 1608 2525 per
1634 2458 1820 2511 multos
1848 2465 1949 2510 tes-

354 2557 449 2616 tes,
473 2547 582 2602 hcce
598 2547 898 2600 commenda
914 2547 1150 2614 ﬁdelibus
1172 2547 1477 2612 hominibus,
1499 2547 1584 2617 qui
1605 2548 1773 2600 idonei
1797 2556 1946 2601 erunt

353 2649 401 2695 et
431 2640 560 2693 alios
588 2639 769 2692 docere
792 2638 811 2709 (
829 2638 887 2692 ΙΙ
923 2639 1059 2692 Tim.
1085 2654 1145 2702 tt,
1174 2638 1266 2710 2).
1297 2639 1428 2706 Quae
1455 2638 1712 2694 doctrinae
1735 2639 1943 2694 discre-

355 2733 431 2787 tio
460 2732 583 2787 dum
616 2741 770 2786 caute
797 2745 827 2784 a
861 2731 1214 2800 praedicatore
1239 2729 1568 2796 custoditur,
1608 2730 1659 2785 ei
1691 2729 1944 2783 divinitus

353 2823 551 2894 largior
594 2823 746 2893 copia
798 2822 1194 2894 praedicationis
1237 2821 1416 2877 datur.
1466 2823 1598 2876 Dum
1654 2822 1799 2877 enim
1848 2836 1946 2891 per

353 2915 665 2970 cbaritatem
694 2915 924 2984 compati
955 2913 1164 2968 alllictis
1193 2910 1467 2980 discipulis
1489 2913 1661 2972 novit.
1687 2915 1812 2967 dum
1848 2926 1943 2982 per

353 3008 726 3064 discretionem
775 3021 1068 3074 congruum
1113 3010 1370 3060 doctrinas
1415 3014 1627 3075 tempus
1675 3006 1942 3076 intelligit,

352 3099 466 3171 ipse
497 3115 605 3153 non
633 3100 803 3154 solum
841 3113 934 3166 pro
959 3113 1038 3163 se,
1070 3098 1163 3152 sed
1192 3098 1349 3151 etiam
1375 3112 1471 3166 pro
1501 3097 1602 3163 eis,
1634 3089 1826 3167 quibus
1858 3098 1936 3150 la-

353 3193 497 3252 boris
521 3194 603 3247 sui
630 3192 804 3247 studia
849 3191 1132 3262 impendit,
1185 3193 1388 3258 majora
1412 3188 1777 3262 intelligentia:
1823 3207 1937 3247 sua:

352 3290 571 3341 munera
599 3284 841 3353 percipit.
876 3283 1026 3339 Unde
1055 3283 1142 3338 hic
1167 3298 1378 3353 quoque
1400 3295 1522 3353 apte
1545 3283 1739 3337 dicitur
1766 3301 1777 3334 :
1807 3283 1936 3348 Quis

353 3385 607 3446 praeparat
637 3391 785 3429 corvo
808 3391 974 3428 escam
1001 3391 1167 3441 suam,
1197 3375 1404 3444 quando
1433 3374 1563 3446 pulli
1589 3378 1698 3446 ejus
1714 3373 1938 3428 clamant

352 3469 418 3522 ad
447 3466 634 3534 Deum,
657 3476 896 3539 uagantes
930 3483 990 3521 eo
1016 3467 1156 3538 quod
1201 3483 1304 3520 non
1342 3467 1557 3520 habeant
1602 3467 1775 3520 cibos?
1802 3467 1936 3521 Cum

351 3559 490 3616 enim
534 3559 667 3628 pulli
698 3568 757 3614 ut
785 3559 1048 3614 satientur
1076 3560 1330 3622 clamant,
1376 3573 1541 3614 corvo
1571 3574 1691 3613 esca
1726 3575 1934 3629 prtepa-

350 3660 516 3717 ratur,
545 3652 668 3722 quia
697 3649 825 3705 dum
847 3651 1067 3705 verbum
1094 3649 1186 3705 Dei
1220 3649 1346 3704 boni
1371 3650 1642 3706 auditores
1669 3652 1934 3714 esuriunt,

351 3757 449 3813 pro
488 3741 790 3797 reficiendis
832 3742 911 3797 eis
957 3739 1163 3810 majora
1209 3739 1519 3795 doctoribus
1571 3739 1936 3811 intelligentiae

351 3834 488 3890 dona
513 3835 836 3888 tribuuntur.
860 3833 1109 3902 Sequitur
1136 3851 1149 3884 :

659 3924 884 3981 CAPUT
923 3923 972 3978 Χ
1003 3924 1141 3994 [νει.
1172 3923 1335 3991 XVI,
1366 3925 1489 3980 Rec.
1521 3923 1647 3997 IX].

421 4010 548 4073 CAP.
580 4033 742 4072 xxxtx
766 4057 781 4082 ,
809 4031 960 4071 vsus.
993 4019 1046 4070 1.
1069 4046 1138 4058 -
1161 4017 1412 4087 Nunquid
1433 4020 1564 4071 nosti
1586 4028 1784 4086 tempus
1825 4033 1938 4088 par-

350 4119 431 4168 tus
454 4110 638 4162 ibicum
664 4112 716 4162 in
745 4109 922 4176 petris,
953 4110 1031 4162 vel
1058 4110 1393 4179 parturientes
1418 4125 1588 4162 cervas
1630 4109 1939 4162 observasti?

422 4201 511 4256 56.
556 4201 660 4255 Cur
689 4201 920 4271 magistri
941 4201 1231 4270 spirituales
1260 4204 1313 4253 in
1341 4193 1553 4253 ibicibus
1576 4208 1623 4254 et
1662 4203 1820 4253 cervis
1867 4201 1937 4253 si-

351 4296 516 4368 gnati.
547 4293 747 4347 Ibicum
794 4293 1086 4362 descriptio.
1133 4295 1234 4360 Qui
1262 4295 1394 4347 cervi
1418 4295 1634 4364 ﬂumina
1674 4295 1935 4348 transmit-

351 4399 484 4444 tant.
534 4389 662 4454 Qua:
695 4390 894 4460 agimus
919 4391 1059 4459 apud
1086 4387 1253 4442 Deum
1281 4403 1339 4442 eo
1368 4389 1532 4457 magis
1575 4399 1806 4442 crescunt
1835 4404 1934 4458 quo

351 4482 491 4552 apud
545 4498 636 4536 nos
692 4498 781 4552 per
827 4481 1163 4535 humilitatem
1204 4481 1518 4536 decrescunt.
1548 4509 1620 4521 —
1645 4481 1935 4536 Meridiana

2057 1890 2237 1944 mundi
2267 1891 2678 1946 adversitatibus
2706 1893 2920 1958 cadens,
2949 1897 3100 1964 quasi
3127 1898 3179 1952 in
3212 1899 3324 1953 suis
3362 1915 3422 1956 se
3458 1906 3641 1958 corni-

2053 1976 2152 2032 bus
2179 1978 2477 2046 excipiebat
2502 1978 2718 2048 Paulus,
2746 1996 2865 2035 cum
2897 1982 3096 2038 diceret
3122 2002 3135 2037 :
3171 1985 3494 2060 Quaecunque
3511 1994 3641 2046 scri-

2052 2078 2140 2137 pta
2165 2077 2303 2133 sunt,
2331 2070 2400 2121 ad
2425 2079 2650 2123 nostram
2679 2072 2966 2127 doctrinam
2987 2075 3148 2148 973
3169 2079 3360 2146 scripta
3396 2091 3534 2149 sunt,
3584 2094 3643 2139 ut

2051 2177 2142 2231 per
2170 2162 2460 2226 patientiam
2487 2172 2534 2216 et
2554 2166 2949 2219 consolationem
2975 2169 3347 2240 scripturarum
3372 2189 3514 2242 spem
3541 2176 3640 2230 ha-

2052 2255 2257 2310 beamus
2285 2255 2461 2326 (llom.
2489 2272 2587 2323 xv,
2613 2259 2669 2316 4)
2693 2259 2715 2312 2
2745 2259 2850 2327 Ipsi
2871 2261 3030 2316 etiam
3059 2277 3238 2319 cerva:
3278 2268 3450 2320 vocati
3488 2280 3636 2338 sunt,

2049 2344 2186 2400 sicut
2217 2360 2309 2414 per
2337 2346 2622 2402 Jeremiam
2659 2358 2681 2386 ο
2709 2349 2779 2404 de
2815 2351 3123 2408 doctoribus
3148 2355 3354 2424 genitos
3393 2357 3529 2413 filios
3556 2361 3639 2415 in-

2049 2445 2208 2491 caute
2235 2436 2604 2493 deserentibus
2635 2439 2831 2495 dicitur
2864 2459 2879 2496 :
2909 2441 3065 2497 Cerva
3106 2445 3160 2499 in
3183 2462 3307 2516 agro
3336 2453 3561 2518 peperit,
3589 2462 3640 2506 et

2046 2528 2252 2597 reliquit
2271 2526 2488 2597 (Jerem.
2513 2529 2602 2595 M,
2627 2529 2707 2601 5).
2730 2531 2854 2601 Ipsi,
2882 2548 3030 2590 more
3051 2550 3350 2605 cervarum,
3378 2541 3636 2597 interem-

2047 2622 2153 2690 ptis
2182 2621 2356 2689 vitiis,
2387 2624 2538 2692 quasi
2569 2626 2853 2681 exstinctis
2889 2629 3226 2695 serpentibus
3256 2631 3460 2700 vivunt,
3486 2635 3638 2694 etde

2048 2712 2164 2780 ipsa
2217 2714 2570 2769 exstinctione
2622 2717 2889 2783 vitiorum,
2931 2719 2995 2772 ad
3044 2719 3246 2776 fontem
3293 2725 3418 2779 vitae
3460 2728 3637 2784 acrius

2048 2805 2414 2861 inardescunt.
2442 2798 2592 2862 Unde
2618 2809 2893 2864 Psalmista
2919 2811 2995 2865 ait
3019 2829 3033 2866 :
3065 2814 3210 2868 Sicut
3235 2831 3411 2871 cervus
3437 2819 3633 2874 deside-

2045 2907 2126 2952 rat
2157 2900 2226 2952 ad
2259 2901 2424 2971 fontes
2450 2917 2717 2972 aquarum,
2745 2905 2818 2958 ita
2853 2906 3110 2961 desiderat
3138 2910 3311 2963 anima
3341 2927 3450 2965 mea
3478 2915 3544 2967 ad
3566 2925 3635 2980 te,

2046 2989 2387 3063 Deus(Psul.
2417 3008 2523 3057 xu,
2553 2993 2639 3063 1).
2685 2996 2788 3064 1ρεί
2817 2999 2979 3053 etiam
3026 3001 3151 3055 dum
3200 3003 3426 3058 labentia
3478 3005 3638 3077 hujus

2048 3083 2740 3151 temporalitatis-momenta
2767 3091 2917 3157 quasi
2948 3093 3189 3162 quaedam
3218 3095 3434 3150 ﬂumina
3459 3107 3638 3154 trans-

1961 3154 2011 3216 C
2043 3184 2174 3228 eunt
2193 3215 2207 3239 ,
2238 3178 2624 3244 compatientes
2653 3179 2914 3237 charitate
2942 3225 2956 3247 ,
2981 3197 3144 3238 onera
3168 3202 3261 3240 sua
3283 3188 3383 3242 sibi
3408 3190 3636 3246 invicem

2041 3277 2433 3335 superponunt,
2466 3270 2590 3340 quia
2618 3281 2770 3325 cauta
2801 3274 3177 3332 observatione
3222 3281 3530 3336 custodiunt
3581 3284 3635 3338 id

2040 3359 2185 3426 quod
2217 3361 2473 3428 scriptum
2505 3369 2588 3414 est
2619 3379 2632 3414 :
2669 3360 2894 3418 Invicem
2937 3381 3090 3420 onera
3137 3380 3301 3422 vestra
3338 3381 3555 3437 portate,
3589 3384 3637 3426 et

2039 3450 2114 3504 sic
2141 3450 2484 3522 adimplebitis
2509 3451 2670 3521 legem
2695 3452 2882 3509 Christi
2914 3453 3201 3527 (Galat.vt,
3231 3459 3311 3530 ‘2).
3340 3462 3470 3526 Quia
3503 3477 3637 3518 vero

2039 3550 2164 3612 post
2188 3541 2476 3599 adventum
2526 3544 2736 3600 Domini
2764 3547 3035 3616 spiritales
3081 3552 3321 3620 magistri
3354 3569 3448 3622 per
3479 3571 3636 3610 utun-

2040 3633 2166 3687 dum
2196 3635 2366 3699 sparsi
2393 3646 2538 3702 sunt,
2571 3639 2658 3706 qui
2704 3639 3004 3693 auditorum
3031 3641 3236 3698 animas
3262 3640 3288 3679 ἀ
3322 3644 3375 3698 in
3407 3661 3634 3702 conver-

2039 3723 2192 3779 sione
2215 3739 2404 3793 parere
2428 3726 2767 3797 praedicando
2796 3731 3114 3797 potuissent,
3142 3742 3198 3788 et
3219 3735 3342 3802 quia
3366 3736 3466 3791 hoc
3487 3739 3630 3795 idem

2043 3825 2253 3886 tempus
2281 3816 2666 3875 incarnationis
2690 3821 2901 3877 Domini
2925 3833 3047 3878 ante
3069 3826 3448 3895 prophetarum
3476 3846 3634 3888 voces

2041 3911 2315 3977 cognitum
2345 3925 2449 3965 non
2491 3910 2609 3974 fuit,
2657 3915 2901 3983 quamvis
2949 3914 3125 3970 futura
3171 3918 3288 3986 ipsa
3337 3919 3634 3979 incarnatio

2041 4002 2367 4073 praecognita
2404 4005 2652 4060 omnibus
2682 4007 2866 4062 electis
2895 4007 3024 4076 fuit,
3055 4009 3192 4066 bene
3219 4011 3407 4068 beatus
3433 4015 3538 4072 Job
3565 4019 3635 4074 de

2043 4105 2284 4164 tempore
2307 4105 2488 4164 partus
2511 4096 2704 4151 ibicum
2724 4111 3110 4171 cervarumgue
3139 4102 3445 4173 discutitur,
3470 4108 3632 4178 eique

2041 4186 2235 4241 dicitur
2259 4203 2272 4240 :
2301 4186 2553 4257 Nunquid
2576 4189 2712 4243 nosti
2731 4201 2925 4263 tempus
2954 4201 3135 4262 partus
3158 4195 3345 4248 ibicum
3375 4201 3427 4251 in
3449 4201 3633 4267 petris,

2040 4281 2118 4332 uel
2147 4281 2484 4348 parturientes
2513 4296 2686 4335 cervas
2730 4283 3051 4337 observasti?
3075 4288 3153 4339 Ac
3194 4287 3238 4340 si
3278 4287 3487 4344 dicatur
3531 4293 3583 4345 ei
3617 4310 3632 4345 :

2044 4372 2246 4447 Idcirco
2272 4383 2322 4427 te
2353 4375 2527 4443 egisse
2555 4374 2753 4444 aliquid
2783 4375 3088 4432 sublimiter
3117 4377 3314 4445 credis,
3343 4381 3467 4450 quia
3495 4382 3630 4437 illud

2045 4472 2255 4532 tempus
2285 4464 2509 4520 necdum
2542 4465 2804 4535 praevides
2831 4483 2937 4538 quo
2963 4469 3233 4537 Spiritales
3279 4473 3520 4543 magistri
3573 4475 3630 4529 in

351 4541 475 4646 pars
505 4576 670 4632 ibices
692 4541 833 4630 'aves
863 4584 1034 4640 vocat,
1067 4590 1185 4643 quae
1217 4575 1320 4629 Nili
1369 4575 1583 4630 ﬂuentis
1612 4573 1932 4628 inhabitant.

2044 4559 2295 4612 mundum
2341 4559 2490 4613 missi
2545 4573 2643 4628 per
2688 4560 2984 4615 doctrinam
3033 4541 3393 4633 antiquorum:
3419 4577 3630 4634 patrum

353 4667 638 4722 Orientalis
662 4681 791 4721 vero
820 4665 1287 4738 Occidentalisque
1325 4667 1478 4736 plaga
1511 4682 1670 4735 parva
1699 4666 1933 4735 quadru-

354 4762 510 4833 pedia
537 4761 703 4816 ibices
724 4760 964 4814 nominat
985 4761 1174 4830 quibus
1199 4769 1254 4816 et
1274 4759 1437 4815 moris
1464 4771 1546 4814 est
1572 4761 1625 4814 in
1659 4760 1822 4828 petris
1845 4774 1936 4828 pa.

352 4870 493 4921 rere,
527 4854 647 4924 quia
675 4869 847 4922 neque
885 4854 1060 4908 sciunt
1088 4854 1188 4908 nisi
1230 4855 1282 4907 in
1313 4855 1479 4922 petris
1509 4853 1772 4908 habitare.
1805 4855 1935 4921 Quae

350 4949 397 5005 si
421 4946 632 5018 quando
651 4946 811 5002 etiam
835 4946 903 5001 tle
927 4948 1050 5000 altis
1076 4961 1325 5002 saxorum
1354 4947 1720 5003 cacuminibus
1748 4959 1932 5015 ruunt,

349 5043 406 5099 in
438 5043 548 5098 suis
572 5056 631 5096 se
668 5040 922 5096 cornibus
961 5041 1125 5096 illmsa
1165 5041 1482 5110 suscipiunt.
1534 5042 1702 5112 Caput
1741 5042 1936 5114 quippe

349 5143 568 5190 ruentes
597 5133 814 5200 feriunt,
845 5133 996 5205 cujus
1021 5132 1149 5188 dum
1177 5135 1347 5203 prima
1378 5149 1580 5190 cornua
1610 5143 1635 5172 η
1659 5141 1937 5203 opponunt

351 5227 408 5282 ﬁt
437 5241 598 5282 omne
626 5241 820 5296 corpus
849 5241 880 5281 a
916 5225 1124 5296 jactura
1155 5242 1311 5284 casus
1357 5228 1607 5284 alienum.
1644 5229 1932 5284 Cervarum

351 5335 478 5375 vero
506 5322 670 5375 moris
699 5329 782 5375 est
819 5321 1063 5377 inventos
1106 5330 1385 5392 serpentes
1417 5323 1788 5393 exstinguere,
1841 5337 1938 5378 eo-

351 5427 574 5481 rumque
602 5413 840 5468 membra
884 5412 1154 5470 morsibus
1184 5415 1464 5473 dilaniare.
1487 5416 1710 5492 Fertur
1754 5425 1933 5472 autem

350 5505 470 5573 quia
497 5504 544 5560 si
582 5505 794 5573 quando
827 5504 1045 5562 ﬂumina
1075 5515 1376 5576 transeunt,
1426 5508 1663 5579 capitum
1714 5524 1934 5566 suorum

419 5657 447 5721 _‘
474 5645 725 5721 Ριθνὲσιιιο
749 5643 931 5721 Νριςηι.
963 5655 1019 5702 et
1053 5647 1302 5718 Vindoc.,
1333 5659 1622 5721 apponunt.

415 5717 446 5757 δ
473 5716 662 5782 Laud,
692 5717 966 5783 excipiunt.

426 5799 451 5832 °
478 5787 752 5845 Omittitur
771 5787 832 5842 de
859 5788 912 5844 in
943 5790 1112 5846 Laud.

2040 4651 2179 4705 filios
2211 4661 2494 4719 generant,
2519 4651 2737 4720 suisque
2759 4650 3029 4706 laboribus
3055 4651 3352 4709 animarum
3384 4657 3511 4711 mihi
3545 4658 3629 4713 lu-

2040 4760 2130 4801 cra
2155 4753 2509 4815 comportant.
2540 4744 2675 4798 Nam
2697 4745 2742 4797 si
2768 4745 2977 4799 illorum
2999 4742 3230 4802 fructum
3255 4749 3406 4818 quasi
3431 4749 3629 4806 ibicum

2039 4851 2431 4906 cervarumque
2472 4845 2653 4905 partus
2702 4837 2994 4905 aspiceres,
3044 4839 3198 4892 valde
3246 4840 3515 4898 humiliter
3562 4843 3630 4900 de

2041 4941 2128 4986 tua
2155 4932 2351 4986 virtute
2381 4931 2626 4985 sentires.
2657 4929 2842 4998 Magna
2873 4931 3070 5001 quippe
3089 4947 3208 5001 quae
3238 4933 3444 5001 agimus
3471 4935 3628 5004 quasi

1996 5069 2000 5074 ,
2041 5023 2260 5078 minima
2301 5022 2568 5087 ducimus,
2625 5035 2744 5076 cum
2802 5021 2918 5077 lucc
2969 5039 3068 5092 per
3115 5024 3335 5080 fortiora
3381 5028 3628 5097 exempla

2041 5130 2350 5184 pensamus.
2379 5114 2486 5171 Sed
2519 5123 2644 5170 tunc
2672 5114 2813 5183 apud
2849 5115 3017 5171 Deum
3046 5128 3295 5173 crescunt
3321 5133 3416 5188 per
3458 5121 3624 5175 mori-

2040 5217 2175 5272 tum,
2203 5221 2325 5263 cum
2351 5207 2490 5276 apud
2523 5206 2881 5278 nosmetipsos
2912 5223 3007 5279 per
3035 5209 3388 5268 humilitatem
3435 5212 3624 5269 decre-

2038 5309 2212 5355 scunt.

2112 5410 2252 5482 [Vet.
2276 5409 2326 5465 Χ
2337 5407 2446 5466 VII
2457 5408 2496 5482 .]
2521 5411 2613 5467 57.
2654 5409 2759 5466 Per
2797 5427 2987 5480 cervas,
3024 5414 3288 5480 doctores;
3317 5432 3406 5488 per
3446 5417 3621 5487 ibices,

2039 5505 2300 5560 auditores
2329 5515 2542 5577 possunt
2570 5506 2804 5578 intelligi.
2841 5507 3096 5565 Exempla
3121 5512 3426 5569 fsanctorum
3459 5513 3621 5570 insci-

2109 5644 2137 5682 ά
2164 5643 2404 5727 Ebroic.,
2433 5643 2631 5714 Laud.,
2660 5645 2818 5704 Corb.
2863 5646 3073 5722 Germ.,
3098 5649 3218 5708 Val.
3253 5650 3362 5719 CL,
3402 5651 3458 5706 in
3497 5667 3619 5708 con-

2034 5726 2332 5772 versatione.
