4036 6348
393 329 499 392 545

1111 333 1473 392 MORALIIIM
1511 332 1644 390 LIB.
1687 329 1860 389 XXX.
1893 359 1964 373 —
1992 329 2058 389 IN
2097 327 2326 388 CAPUT
2363 328 2627 388 XXXVIII
2667 330 2729 389 Β.
2767 330 2908 389 JOB.

3557 329 3665 394 546

391 450 591 507 eienda.
632 447 782 520 Regis
817 447 986 504 David
1021 447 1291 503 humilitas
1319 456 1366 502 el
1406 448 1668 520 patientia.
1706 444 1980 501 Contume-
2006 449 2054 506 Α
2086 446 2209 513 quia
2234 455 2500 516 perceptae
2529 446 2715 518 gratia:
2748 446 3017 514 meminit,
3048 446 3153 503 vim
3181 447 3355 520 culpte
3380 447 3666 504 imminen-

389 544 522 598 liosa
563 542 714 597 verba
753 558 857 595 non
897 543 1150 609 convicia,
1185 542 1273 597 sed
1315 543 1580 613 adjutoria
1626 543 1864 595 credidit.
1896 540 1974 596 Iis

391 635 561 709 gratia
587 636 752 706 magis
774 652 930 706 quam
966 637 1046 691 ira
1083 636 1311 690 debetur.
1335 665 1407 676 —
1431 636 1659 690 Possunt
1695 649 1827 694 vero
1856 649 1975 691 cer-

389 743 577 784 varum
624 728 1010 799 signiﬁcatione
1063 717 1340 794 doctores,
1393 728 1748 798 appellatione
1791 735 1972 781 autem

387 821 615 886 ibicum,
644 819 736 890 qui
771 818 1018 874 animalia
1050 829 1175 875 sunt
1218 820 1457 887 minima,
1495 820 1768 876 auditores
1813 819 1972 874 intel-

387 916 496 983 Iigi.
531 913 587 969 In
611 914 778 987 petris
806 929 931 969 vero
959 914 1122 968 ibices
1152 915 1394 982 pariunt,
1422 915 1546 984 quia
1569 915 1636 968 ad
1663 912 1969 970 exercenda

387 1017 569 1061 sancta
603 1022 764 1076 opera
791 1023 886 1076 per
905 1008 1152 1076 exempla
1182 1015 1393 1076 patrum
1435 1005 1853 1075 praacedeutium
1893 1003 1972 1061 fe-

385 1097 705 1167 cundantur,
739 1108 798 1151 ut
833 1113 953 1152 cum
1002 1097 1231 1152 fortasse
1281 1106 1546 1166 praecepta
1587 1096 1836 1152 sublimia
1875 1110 1971 1150 au-

385 1186 567 1255 diunt,
591 1198 673 1255 et,
709 1189 1031 1243 inﬁrmitatis
1059 1187 1290 1257 propriae
1313 1185 1546 1256 conscii,
1573 1199 1635 1241 ea
1661 1201 1722 1240 se
1746 1185 1971 1254 implere

385 1295 542 1350 posse
581 1279 861 1347 difﬁdunt,
900 1278 1161 1348 majorum
1204 1281 1368 1334 vitam
1416 1278 1776 1348 conspiciant,
1807 1285 1972 1348 atque

381 1374 437 1429 in
482 1388 669 1428 eorum
700 1373 1038 1430 considerata
1084 1371 1398 1428 fortitudine
1446 1373 1708 1428 bonorum
1747 1387 1968 1441 operum

381 1462 522 1522 fetus
550 1474 768 1536 ponant.
804 1465 871 1522 Ut
895 1465 1037 1520 enim
1070 1480 1237 1535 pauca
1266 1465 1336 1520 de
1379 1464 1562 1520 multis
1601 1465 1808 1534 loquar,
1837 1480 1967 1536 qua-

381 1565 540 1615 tenus
587 1557 860 1613 studiosus
902 1557 1071 1612 lector
1118 1556 1283 1611 multa
1334 1556 1387 1611 in
1433 1555 1618 1625 paucis
1667 1554 1966 1625 intelligat,

380 1649 506 1716 iste,
555 1649 847 1706 verborum
895 1649 1232 1704 contumeliis
1272 1663 1510 1718 pressus,
1541 1663 1663 1704 cum
1712 1649 1966 1704 virtutem

379 1742 654 1813 patientiae
683 1756 901 1798 servare
931 1756 1037 1796 non
1065 1741 1291 1808 sufﬁcit,
1323 1742 1490 1796 David
1521 1741 1722 1796 factum
1754 1742 1821 1797 ad
1852 1756 1968 1797 me-

2079 536 2147 590 tis
2175 535 2358 608 fregit.
2389 537 2520 593 Cum
2551 540 2694 594 enim
2728 543 2970 609 voluptas
3011 539 3214 610 lubrica
3253 549 3415 596 tentat
3451 541 3502 594 in
3535 554 3666 609 pro-

2076 627 2272 696 speris,
2313 631 2428 684 haec
2470 628 2584 698 ipsa
2631 638 2757 684 sunt
2805 644 3064 700 prospera
3113 628 3300 685 aculeo
3354 628 3666 685 tentationis

2075 719 2414 791 opponenda,
2453 729 2511 775 ut
2553 736 2619 776 eo
2668 723 3049 778 erubescamus
3094 737 3258 792 prava
3294 723 3654 790 committere,

2075 828 2182 882 quo
2215 828 2316 868 nos
2348 830 2376 867 a
2417 813 2528 868 Deo
2571 815 2916 870 meminimus
2943 812 2967 851 ἀ
3003 817 3236 887 gratuito
3282 816 3419 872 bona
3465 831 3653 885 porce-

2076 907 2239 975 pisse,
2267 915 2320 961 et
2347 905 2550 960 illatam
2577 906 2802 975 gratiam
2834 908 3162 962 exteriorum
3211 923 3493 963 munerum
3536 923 3661 963 ver-

2075 1007 2248 1053 tamus
2274 997 2328 1053 in
2370 1013 2518 1052 arma
2563 1000 2848 1066 virtutum,
2891 1008 2948 1054 ut
2989 1000 3096 1054 sint
3138 1011 3263 1055 ante
3311 1001 3496 1056 oculos
3535 1014 3658 1068 quae

2075 1089 2432 1159 percepimus,
2466 1100 2522 1145 et
2567 1105 2689 1159 quae
2735 1104 2833 1144 nos
2874 1089 3117 1144 alliciunt
3160 1091 3488 1160 subigamus.
3525 1090 3660 1156 Quia

2074 1180 2219 1248 enim
2266 1181 2514 1251 voluptas
2564 1182 2680 1250 ipsa
2724 1197 2790 1236 ex
2839 1183 3196 1252 prosperitate
3227 1184 3480 1250 nascitur,
3513 1183 3658 1252 ejus-

2073 1271 2196 1328 dem
2237 1273 2610 1342 prosperitatis
2643 1281 2728 1328 est
2769 1273 3202 1329 consideratione
3243 1274 3505 1338 ferienda,
3531 1289 3663 1342 qua-

2072 1371 2230 1419 tenus
2257 1363 2431 1419 hOStis
2459 1373 2644 1420 noster
2669 1365 2818 1426 unde.
2839 1367 3033 1431 oritur,
3059 1368 3184 1423 inde
3212 1369 3486 1423 moriatur.
3521 1369 3663 1422 Con-

2071 1456 2417 1513 siderandum
2444 1458 2644 1529 quippe
2669 1466 2750 1514 est
2776 1474 2843 1514 ne
2863 1471 3143 1530 acceptum
3170 1477 3362 1516 munus
3383 1472 3658 1516 vertamus

2071 1550 2126 1605 in
2161 1550 2380 1613 vitium,
2416 1566 2482 1606 ne
2521 1565 2618 1621 per
2655 1550 2895 1607 favorem
2939 1553 3064 1607 vitae
3103 1568 3200 1608 nos
3239 1554 3523 1608 absorbeat
3559 1567 3659 1606 vo-

2071 1643 2500 1713 rago-nequitia.
2527 1642 2667 1698 Iram
2713 1658 2948 1712 namque
2978 1655 3166 1699 contra
3194 1659 3293 1699 uos
3322 1644 3539 1714 superni
3565 1643 3651 1708 ju-

2072 1735 2205 1790 dicis
2251 1735 2762 1806 inesstinguibiliter
2805 1737 3170 1803 accendimus,
3206 1738 3252 1791 si
3283 1749 3467 1793 contra
3513 1733 3661 1792 heni-

382 1834 607 1890 moriam
638 1834 891 1901 reducat,
920 1849 1078 1904 quem
1119 1849 1240 1890 cum
1271 1843 1348 1889 tot
1378 1835 1556 1891 Semei
1584 1835 1844 1890 conviciis
1875 1850 1967 1891 ur-
1995 1838 2046 1901 Β
2075 1829 2332 1900 μιίιθιθω
2365 1829 2509 1884 illius
2560 1829 2721 1885 etiam
2763 1844 2831 1884 ex
2865 1831 2977 1900 ipsa
3028 1845 3122 1885 sua
3163 1829 3408 1900 largitate
3454 1843 3658 1899 pugna-

383 1935 561 1995 geret,
592 1935 641 1981 et
674 1927 866 1981 armati
899 1941 1147 1995 proceres
1177 1926 1365 1982 ulcisci
1399 1926 1823 1994 contenderent,
1851 1927 1964 1982 ait:

388 2015 524 2082 Quid
551 2017 674 2070 mihi
707 2027 753 2070 et
793 2018 932 2071 vobis
962 2017 1059 2086 ﬁlii
1088 2016 1325 2072 Samiae?
1352 2015 1608 2072 Dimittite
1634 2035 1749 2073 eum
1776 2026 1830 2071 ut
1858 2035 1969 2073 ma-

382 2108 597 2174 ledicat;
629 2107 875 2162 Dominus
904 2111 1036 2163 enim
1065 2111 1308 2180 prwcepit
1338 2111 1384 2163 ei
1411 2119 1469 2162 ut
1493 2111 1818 2164 malediceret
1856 2109 1967 2164 Da-

378 2199 563 2263 rid;et
609 2201 721 2268 quis
767 2209 843 2253 est
889 2202 977 2271 qui
1017 2201 1204 2255 audeat
1250 2201 1440 2262 dicere,
1479 2217 1636 2272 quare
1680 2202 1753 2256 sic
1792 2201 1967 2270 fecerit

379 2289 466 2364 (II
489 2291 619 2363 Reg.
645 2308 765 2360 xvt,
799 2295 926 2363 10)?
955 2295 1020 2349 Et
1063 2295 1222 2364 paqu
1271 2305 1430 2365 post:
1465 2295 1722 2349 Dimittite
1766 2311 1882 2350 eum
1910 2304 1968 2350 ut

377 2383 645 2436 maledicat
664 2387 822 2455 juxta
864 2395 1173 2456 prrcceptum
1211 2385 1449 2451 Domini,
1479 2387 1523 2439 si
1567 2389 1697 2458 forte
1728 2387 1968 2457 respiciat

376 2472 626 2529 Dominus
663 2477 996 2547 afﬂictionem
1040 2495 1235 2545 meam,
1275 2487 1323 2532 et
1371 2479 1553 2534 reddat
1596 2481 1723 2534 mihi
1773 2481 1966 2535 bonum

374 2584 467 2639 pro
510 2569 868 2624 maledictidne
911 2572 1006 2624 hac
1045 2571 1294 2626 hodierna
1345 2570 1545 2642 (lbid.,
1587 2573 1710 2641 12).
1759 2572 1966 2640 Quibus

374 2660 614 2728 profecto
640 2662 823 2716 verbis
864 2661 1069 2717 indicat
1098 2662 1219 2732 quia
1265 2675 1362 2731 pro
1394 2669 1702 2732 perpetrato
1734 2661 1963 2717 Bethsa-

373 2749 474 2806 bee
511 2752 733 2818 scelere,
765 2763 1142 2825 exsurgentem
1183 2763 1370 2808 contra
1412 2767 1472 2808 se
1514 2752 1680 2807 ﬁlium
1723 2754 1953 2823 fugiens,

373 2845 585 2900 reduxit
638 2845 705 2902 ad
750 2848 987 2902 animum
1052 2846 1252 2902 malum
1300 2845 1442 2916 quod
1497 2847 1863 2916 perpetravit,
1904 2855 1964 2902 et

373 2939 739 3008 aequanimiter
783 2941 1002 3010 pertulit
1043 2939 1185 3010 quod
1227 2938 1460 3004 audivit;
1489 2947 1542 2993 et
1572 2939 1962 2994 contumeliosa

373 3033 533 3087 verba
583 3049 686 3088 non
739 3044 848 3088 tam
891 3035 1136 3090 convicia
1186 3048 1345 3103 quam
1391 3032 1656 3103 adjutoria
1699 3031 1958 3096 credidit,

372 3125 562 3193 quibus
593 3140 652 3182 se
681 3127 847 3198 97h.
875 3129 1086 3198 purgari
1113 3127 1322 3197 sibique
1347 3126 1593 3182 misereri
1626 3140 1785 3196 posse
1811 3125 1960 3197 judi-

2073 1935 2214 1975 mus.

2131 1935 2231 2067 Ξῖ).
2256 2013 2337 2067 Ad
2361 2012 2843 2084 contemplationem
2863 2011 3124 2067 anhelanti
3147 2010 3330 2065 Daniel
3354 2011 3654 2066 imitandus.

2073 2105 2244 2175 Sapor
2283 2103 2569 2160 carnalium
2599 2104 2976 2175 reprimendus.
3021 2102 3351 2158 Exteriorum
3391 2105 3655 2174 evagatio-

2072 2213 2188 2250 nem
2215 2197 2496 2263 cohibenti,
2526 2213 2748 2252 secessus
2778 2197 2995 2250 interior
3023 2198 3274 2268 aperitur.
3298 2227 3368 2235 —
3394 2195 3546 2252 Alius
3575 2195 3658 2251 in-

2074 2300 2240 2346 terna:
2282 2290 2522 2346 scientia:
2561 2289 2899 2346 dulcedinem
2927 2304 3194 2360 quaerens,
3227 2305 3328 2345 nec
3359 2300 3536 2344 tamen
3567 2304 3657 2343 se-

2074 2391 2222 2436 creta
2250 2380 2366 2448 ejus
2399 2381 2714 2451 contingere
2747 2380 3061 2449 praevalens,
3092 2380 3328 2436 Danielis
3356 2383 3516 2434 vitam
3545 2391 3567 2416 ε
3591 2379 3658 2438 ad

2073 2474 2389 2529 imitandum
2411 2477 2692 2544 conspicit,
2719 2483 2776 2530 et
2796 2473 3157 2529 desideratum
3193 2469 3430 2528 scientia:
3449 2474 3658 2532 culmen

2072 2568 2445 2638 apprehendit.
2478 2568 2569 2622 Ille
2596 2569 2792 2638 quippe
2819 2567 2910 2636 qui
2946 2565 3287 2636 postmodum
3316 2580 3449 2620 voce
3489 2579 3653 2636 ange-

2078 2663 2176 2718 lica
2214 2677 2312 2732 pro
2341 2662 2664 2732 cognitionis
2693 2661 2920 2716 internae
2950 2658 3382 2728 concupiscentia
3411 2659 3488 2712 vir
3525 2656 3658 2710 desi-

2069 2758 2266 2810 riorum
2307 2756 2501 2811 dicitur
2532 2754 2691 2825 (Dan.
2716 2771 2782 2820 ι,
2810 2755 2922 2825 il),
2954 2755 3103 2824 prius
3131 2754 3184 2808 in
3215 2754 3336 2807 aula
3365 2753 3508 2822 regia
3541 2766 3657 2806 car-

2070 2852 2154 2904 nis
2179 2851 2234 2904 in
2270 2865 2330 2905 se
2359 2849 2624 2904 desideria
2669 2848 2973 2902 edomuisse
3001 2854 3351 2910 memoratur,
3380 2852 3439 2898 ut
3484 2843 3559 2898 uiI
3586 2857 3655 2898 ex

2069 2940 2477 2997 delectabilibus
2505 2940 2642 2996 cibis
2673 2940 2988 3009 attingeret,
3019 2937 3114 2994 sed
3157 2937 3316 2992 lautis
3346 2951 3408 2991 ac
3439 2934 3651 2988 mollio-

2069 3035 2219 3091 ribus
2239 3035 2455 3089 duriora
2477 3043 2634 3104 atque
2655 3032 2930 3102 asperiora
2953 3030 3150 3086 cibaria
3184 3027 3455 3100 praeferret
3479 3026 3640 3099 (Dan.

2069 3144 2118 3195 I,
2149 3128 2266 3197 12),
2297 3135 2356 3181 ιιι
2381 3127 2508 3182 dum
2543 3125 2645 3180 sibi
2689 3122 2970 3180 exterioris
2999 3123 3102 3178 cibi
3134 3119 3492 3176 blandimenta
3508 3117 3654 3183 ‘sub-

373 3219 530 3274 cavit.
578 3220 728 3275 Tunc
775 3221 917 3275 enim
965 3222 1111 3275 illata
1163 3222 1399 3276 convicia
1448 3222 1586 3276 bene
1638 3221 1955 3286 toleramus,
1984 3231 2032 3293 ο
2067 3223 2343 3288 traheret,
2371 3221 2440 3276 ad
2471 3221 2665 3276 interni
2701 3218 2879 3287 pabuli
2901 3217 3290 3272 delectamenta
3321 3213 3654 3284 perveniret;

372 3329 489 3368 eum
522 3313 575 3368 in
619 3327 833 3370 secreto
863 3317 1059 3371 mentis
1102 3317 1168 3372 ad
1200 3317 1339 3372 male
1380 3325 1684 3387 perpetrata
1724 3317 1959 3372 recurri-

372 3421 510 3461 mus.
537 3406 678 3461 Leve
698 3405 894 3477 quippe
915 3408 1181 3463 videbitur
1202 3409 1347 3478 quod
1379 3409 1575 3479 injuria
1603 3409 1956 3478 percutimur,

372 3499 494 3553 dum
540 3499 593 3553 in
636 3499 846 3553 actione
876 3509 1058 3554 nostra
1105 3501 1469 3570 conspicimus
1505 3501 1627 3570 quia
1671 3499 1827 3570 pejus
1877 3507 1962 3553 est

373 3591 510 3659 quod
560 3605 922 3658 mereremur;
962 3593 1147 3662 sicque
1195 3592 1252 3646 ﬁt
1299 3602 1357 3647 ut
1399 3591 1742 3648 co’utumeliis
1789 3593 1961 3663 gratia

373 3682 540 3752 magis
585 3698 744 3754 quam
791 3684 868 3739 ira
917 3684 1199 3750 debeatur,
1227 3699 1450 3754 quarum
1499 3685 1804 3739 interventu
1851 3685 1961 3740 Deo

370 3777 546 3844 judice
577 3793 732 3846 paena
764 3778 974 3849 gravior
998 3777 1255 3834 declinari
1287 3793 1449 3849 posse
1475 3779 1786 3835 conﬁditur.

439 3868 584 3940 [νει.
615 3867 868 3942 χγιιω
907 3870 998 3924 '58.
1041 3871 1154 3938 Qua
1195 3880 1304 3925 arte
1346 3873 1543 3942 Joseph
1584 3872 1845 3925 luxuriant
1886 3871 1962 3925 ui-

372 3965 513 4017 cerit.
552 3961 766 4018 Illatam
808 3967 1027 4038 gratiam
1070 3968 1375 4021 exteriorum
1421 3967 1521 4022 Dei
1567 3983 1863 4036 munerum,
1905 3968 1962 4022 in

373 4072 512 4110 arma
540 4057 784 4112 virtutum
823 4071 1196 4115 convertamus.
1225 4060 1417 4115 Contra
1447 4060 1613 4114 Deum
1641 4077 1704 4114 ex
1733 4064 1846 4134 ejus
1876 4060 1963 4114 be-

373 4150 567 4217 neﬁciis
592 4168 821 4223 pugnare
847 4169 937 4206 nos
963 4153 1263 4222 pudeat.——
1285 4153 1426 4208 Ecce
1453 4154 1590 4208 alius
1614 4152 1740 4207 dum
1770 4152 1959 4208 mundi

373 4243 531 4314 hujus
569 4248 908 4301 successibus
938 4247 1184 4316 prolicit,
1233 4248 1572 4302 lenocinante
1601 4245 1782 4302 cordis
1825 4245 1962 4300 laeti-

373 4339 465 4406 tia,
498 4339 691 4394 tentari
732 4355 791 4395 se
821 4341 1051 4394 luxuria:
1081 4340 1311 4394 stimulis
1339 4339 1530 4406 sentit;
1565 4348 1592 4377 ι
1621 4339 1718 4394 sed
1760 4338 1962 4410 Joseph

374 4428 570 4486 factum
607 4432 676 4486 ad
706 4433 1020 4487 memoriam
1051 4441 1302 4498 revocat,
1330 4439 1385 4487 et
1413 4431 1468 4486 in
1498 4447 1623 4486 arce
1655 4445 1713 4486 se
1742 4433 1962 4486 castita-

374 4523 440 4578 tis
482 4535 682 4580 servat.
715 4526 817 4593 Qui
845 4527 968 4579 dum
1000 4524 1100 4580 sibi
1124 4541 1154 4579 a
1186 4524 1400 4580 domina
1427 4525 1769 4593 conspiceret
1795 4523 1822 4562 δ
1861 4539 1960 4594 pu-

2073 3323 2128 3372 et
2156 3323 2303 3369 tanto
2331 3314 2539 3370 avidius
2569 3321 2785 3383 gustum
2835 3310 3112 3380 sapientiae
3156 3308 3302 3363 intus
3348 3307 3651 3375 acciperet,

2076 3418 2278 3481 quanto
2300 3423 2546 3479 saporem
2572 3406 2752 3463 carnis
2781 3419 2877 3475 pro
2899 3403 3084 3459 eadem
3114 3400 3376 3472 sapientia
3405 3399 3535 3454 foris
3570 3411 3657 3452 ro-

2071 3505 2286 3561 bustius
2327 3503 2694 3574 repressisset.
2722 3499 2778 3555 Si
2805 3499 2948 3554 enim
2975 3514 3006 3552 a
3035 3510 3198 3551 carne
3227 3495 3329 3549 hoc
3359 3493 3499 3563 quod
3531 3490 3659 3549 libet

2070 3597 2462 3662 abscindimus,
2495 3593 2515 3632 ι
2546 3609 2669 3649 mox
2697 3593 2752 3647 in
2795 3591 2984 3660 spiritu
3011 3588 3153 3659 quod
3185 3587 3416 3642 delectet
3454 3583 3660 3638 inveni-

2067 3702 2208 3744 mus.
2242 3685 2530 3742 Iutentioni
2564 3685 2762 3756 quippe
2801 3681 3014 3747 animae,
3042 3681 3087 3734 si
3131 3680 3366 3734 exterior
3411 3675 3658 3745 evagatio

2067 3778 2356 3844 clauditur,
2385 3775 2609 3831 interior
2638 3786 2887 3828 secessus
2916 3769 3171 3840 aperitur.
3207 3767 3337 3821 Nam
3369 3779 3474 3835 quo
3503 3774 3657 3820 extra

2067 3881 2128 3924 se
2154 3855 2334 3938 spargi
2363 3874 2582 3937 propter
2613 3863 2946 3932 disciplinam
2974 3873 3130 3926 mens
3156 3871 3262 3912 non
3294 3863 3498 3926 potest,
3533 3863 3558 3902 δ
3586 3867 3656 3909 eo

2068 3973 2235 4030 super
2274 3974 2334 4014 se
2385 3955 2661 4013 intendere
2712 3969 2808 4025 per
2844 3951 3140 4025 profectum
3182 3957 3382 4020 potest,
3436 3946 3560 4017 quia
3601 3953 3656 4001 et

2067 4050 2121 4106 in
2163 4049 2332 4103 altum
2377 4061 2623 4102 crescere
2678 4045 2838 4100 arbor
2888 4044 3118 4112 cogitur,
3162 4055 3283 4110 quae
3332 4053 3427 4108 per
3475 4050 3654 4098 ramos

2067 4141 2292 4197 diﬁ‘undi
2323 4138 2666 4210 prohibetur;
2693 4146 2893 4192 etcum
2925 4136 3070 4190 rivos
3109 4133 3270 4188 fontis
3300 4131 3649 4196 obstruimus,

2067 4238 2265 4292 ﬂuenta
2289 4249 2510 4304 surgere
2536 4231 2605 4287 ad
2626 4233 2902 4300 superiora
2934 4243 3308 4299 provocamus.
3334 4226 3494 4294 Igitur
3514 4225 3642 4279 dum

2067 4329 2292 4384 studiosi
2320 4327 2519 4398 quique
2562 4336 2869 4380 sanctorum
2917 4323 3082 4377 vitam
3127 4319 3384 4374 imitando
3432 4318 3648 4388 conspi-

2067 4425 2246 4487 ciunt,
2278 4423 2330 4476 in
2362 4421 2527 4492 petris
2577 4420 2743 4476 ibices
2790 4418 2928 4474 fetus
2975 4423 3198 4486 ponunt.
3230 4413 3364 4469 Hinc
3393 4421 3474 4468 est
3510 4411 3652 4483 quod

2067 4515 2344 4568 auditores
2391 4525 2518 4569 suos
2559 4511 2709 4578 quasi
2752 4499 2919 4564 ibices
2950 4508 3002 4561 in
3036 4507 3199 4575 petris
3231 4519 3418 4574 parere
3461 4502 3654 4558 Paulus

373 4613 566 4668 dicitia:
613 4614 806 4670 damna
854 4615 1099 4681 suaderi,
1147 4615 1268 4669 ait:
1318 4614 1452 4669 Ecce
1500 4616 1738 4668 dominus
1789 4631 1957 4684 meus,
1986 4604 2422 4686 Dadmonebat.
2450 4602 2615 4673 975
2643 4614 2765 4655 cum
2808 4597 3136 4654 θηυηιθτθίίδ
3185 4595 3446 4665 maiorm“
3491 4596 3653 4649 νίτω·

372 4705 601 4759 omnibus
648 4707 773 4760 mihi
822 4708 1046 4772 traditis,
1079 4708 1281 4778 ignorat
1322 4707 1448 4779 quid
1477 4706 1659 4760 habeat
1706 4708 1760 4760 in
1807 4707 1960 4762 domo

372 4813 496 4862 sua,
531 4812 624 4850 nec
647 4797 921 4868 quidquam
948 4809 1021 4853 est
1055 4801 1191 4868 quod
1218 4815 1320 4853 non
1349 4799 1404 4853 in
1439 4814 1553 4853 mea
1591 4800 1656 4851 sit
1691 4809 1959 4870 potestate,

377 4899 399 4927 ο
424 4891 500 4944 uel
530 4905 634 4944 non
664 4891 934 4945 tradiderit
959 4891 1083 4944 mihi
1112 4903 1297 4962 printer
1323 4901 1392 4956 te,
1423 4907 1538 4962 qua:
1568 4907 1700 4945 uxor
1735 4895 1844 4962 ejus
1873 4908 1963 4959 es;

373 4980 626 5047 quomodo
645 4997 767 5054 ergo
797 4980 1002 5052 possum
1034 4982 1128 5036 hoc
1157 4982 1350 5037 malum
1380 4984 1567 5054 facere,
1593 4993 1640 5037 et
1667 4998 1880 5054 peccare
1905 4983 1960 5036 in

375 5072 638 5128 dominum
667 5090 835 5129 meum
862 5073 1069 5145 (Cenes.
1094 5089 1278 5140 χχχιχ,
1304 5074 1396 5146 8)?
1424 5075 1628 5140 Quibus
1667 5076 1845 5131 verbis
1873 5089 1963 5129 os-

378 5165 608 5222 tenditur
631 5167 755 5238 quia
786 5167 925 5222 bona
953 5181 1071 5234 qua:
1093 5175 1367 5221 assecutus
1397 5164 1574 5223 fuerat
1594 5177 1820 5239 repente
1846 5182 1960 5223 me-

379 5256 559 5313 morias
589 5258 794 5325 intulit,
828 5267 883 5314 et
907 5257 1104 5313 malum
1144 5258 1286 5329 quod
1316 5273 1375 5314 se
1406 5260 1651 5330 pulsabat
1677 5261 1873 5328 evicit;
1903 5269 1960 5316 et
2009 5259 2012 5262 ’

445 5452 471 5518 _'
501 5443 556 5498 In
585 5444 778 5518 Editis,
803 5446 894 5518 sed
903 5447 969 5518 isi
998 5443 1205 5518 Ioseph.
1241 5447 1413 5518 Abest,
1432 5446 1478 5499 si
1504 5461 1532 5499 a
1576 5443 1703 5518 βεδε.
1733 5442 1949 5518 Ebroic.

369 5514 598 5584 aliisque
636 5517 843 5579 Norm.,
877 5512 1130 5585 Viuduc.,
1160 5518 1351 5585 Laud.,
1377 5517 1538 5572 Corb.
1583 5516 1793 5583 Germ.,
1833 5512 1949 5568 Val.

369 5585 476 5694 CL“.
645 5657 725 5712 Cl.
748 5667 807 5713 et
832 5657 1026 5724 Laud.,
1051 5660 1451 5727 impudicitiam.

432 5728 775 5848 .Omittitur
803 5730 857 5784 iu
888 5731 1082 5786 Pratel.
1125 5740 1182 5788 et
1225 5731 1388 5798 Utic.,
1420 5731 1496 5785 vel
1533 5747 1634 5784 non
1677 5729 1954 5784 tradiderit

432 5815 520 5852 tu.

371 5815 609 5934 m'itui‘I-s
637 5872 863 5939 gratuita
889 5871 1049 5939 bona,
1077 5875 1210 5931 utin
1243 5873 1440 5932 Pratcl.
1463 5883 1517 5931 et
1544 5874 1705 5931 Corb.
1737 5873 1945 5942 Germ-.

2067 4697 2210 4752 tibus
2238 4697 2437 4752 diceret
2466 4712 2482 4750 :
2516 4693 2778 4748 Habentes
2811 4701 3008 4744 tantam
3037 4693 3328 4762 impositam
3358 4689 3540 4744 nubem
3582 4699 3653 4744 te-

2065 4792 2251 4856 stium,
2281 4789 2588 4860 deponentes
2629 4800 2777 4840 omne
2824 4785 3046 4857 pondus,
3081 4793 3128 4838 et
3178 4785 3510 4838 circumstans
3557 4797 3654 4836 nos

2069 4892 2361 4953 peccatum,
2398 4898 2488 4949 per
2532 4879 2831 4951 patientiam
2861 4875 2890 4915 ιι
2921 4892 3190 4932 curramus
3228 4876 3296 4929 ad
3333 4875 3652 4947 prepositum

2066 4974 2211 5029 nobis
2258 4981 2511 5028 certamen
2556 4970 2745 5041 (Hebr.
2771 4986 2876 5036 xu,
2911 4969 2988 5041 I).
3020 4969 3088 5024 Et
3134 4983 3387 5024 rursum:
3421 4967 3652 5032 Quorum

2067 5069 2317 5124 intuentes
2332 5067 2522 5121 exitum
2543 5065 2961 5133 conversationis,
2982 5063 3260 5120 imitamini
3280 5062 3435 5131 [idem
3455 5056 3645 5129 (Mr.

2067 5175 2159 5214 xm
2180 5203 2195 5228 ,
2217 5159 2295 5229 7).

2138 5256 2287 5329 [Vet.
2311 5255 2496 5330 XIX.]
2528 5255 2619 5314 ιο.
2653 5254 2781 5312 Cum
2810 5256 2983 5311 diuina
3020 5259 3275 5325 precepla
3313 5245 3647 5318 concipimus,

2066 5441 2120 5498 in
2147 5455 2254 5509 quo
2281 5443 2441 5513 paulo
2461 5449 2586 5496 ante
2607 5455 2735 5513 quos
2763 5454 2877 5492 nos.

2140 5521 2166 5550 ⁶
2200 5511 2424 5578 PrateI.,
2450 5513 2517 5566 ad
2543 5511 2892 5564 imitationem.

2140 5581 2163 5620 ί
2199 5569 2424 5638 νίηόοεξ
2447 5594 2502 5636 et
2530 5584 2602 5649 pl.
2628 5582 2834 5643 Norm.,
2866 5575 3064 5649 moxin
3096 5572 3298 5649 Christo
3323 5569 3484 5649 quod.

2016 5666 2048 5700 κ
2142 5663 2168 5702 ι
2204 5654 2278 5708 Ita
2304 5655 2432 5709 Mss.
2461 5642 2597 5721 pene
2629 5642 2842 5715 omnes,
2871 5645 3012 5707 Editi
3045 5661 3142 5716 pro
3170 5642 3430 5700 intendere
3454 5642 3646 5702 habent

2069 5726 2295 5782 tendere.

2037 5861 2042 5869 ,
2081 5869 2083 5871 _
2143 5795 2173 5836 ιι
2200 5793 2399 5853 Pratcl.
2421 5802 2478 5850 et
2505 5791 2669 5851 Corb.
2702 5789 2912 5862 Germ.,
2941 5805 3209 5848 curramus
3238 5787 3574 5861 propositum.
