4036 6348
336 357 442 416 5&9

1087 354 1446 411 ιιοιιΑιιυιι
1489 355 1613 409 LIB.
1655 353 1823 409 XXX.
1850 382 1921 394 —
1945 348 2015 408 IN
2037 348 2266 408 CAPUT
2306 351 2574 410 XXXVIII
2613 355 2673 410 Β.
2713 354 2855 412 JOB.

3503 353 3608 410 550

337 474 621 546 gitationes
670 483 929 538 numero,
970 476 1000 508 ⁸
1040 470 1132 542 qui
1170 479 1224 527 et
1271 485 1362 527 eas
1399 471 1466 526 ad
1517 469 1920 526 retributionem
1948 473 1998 529 Α
2028 479 2181 519 cerva
2216 466 2428 534 pariens
2460 467 2771 533 emittebat,
2815 464 3028 535 quando
3055 465 3258 520 eisdem
3291 474 3410 534 post
3439 479 3497 522 se
3525 480 3615 521 re—

338 579 512 620 servo.

409 653 553 725 (Yet.
583 649 769 722 ΧΧ1.]
801 650 887 710 45.
925 653 1026 720 Qui
1068 669 1122 708 se
1163 652 1232 706 ad
1276 653 1664 722 pra’dicandum
1707 661 1922 719 parant,

339 747 482 820 prius
519 761 571 797 se
615 744 830 798 interius
867 744 1135 798 virtutibus
1176 745 1436 799 innovent.
1464 773 1533 785 -—
1561 746 1786 800 Possont
1833 758 1927 811 per

339 850 576 895 metues,
618 835 740 903 quia
769 837 1005 905 congesti
1034 836 1147 890 dies
1174 847 1330 902 sunt,
1373 837 1530 890 etiam
1563 834 1926 903 multiplicatae

339 928 566 980 virtutes
597 924 845 992 intelligi.
893 925 944 978 lu
978 926 1249 980 mensibus
1279 941 1488 996 quoque
1518 928 1639 980 luna
1681 925 1926 978 renasci-

341 1033 454 1087 tur;
490 1022 672 1089 nilque
697 1023 874 1074 obstat
903 1021 944 1073 si
979 1037 1072 1088 per
1104 1036 1314 1073 menses
1341 1017 1366 1056 ι)
1399 1033 1533 1071 nova
1566 1017 1928 1086 regeneratio-

340 1117 421 1168 nis
449 1126 688 1168 creatura
715 1115 972 1182 siguezur.
1007 1114 1081 1166 De
1105 1129 1204 1182 qua
1237 1112 1429 1164 Paulus
1456 1111 1732 1178 apostolus
1760 1109 1922 1163 dicit:

340 1205 406 1260 In
440 1204 640 1259 C/irisro
673 1206 794 1258 Iesu
825 1222 982 1272 neque
1003 1206 1326 1258 circumcisio
1352 1199 1546 1274 aliquid
1579 1204 1738 1266 valet,
1769 1218 1928 1270 neque

336 1299 678 1370 prmputium,
719 1301 807 1350 sed
852 1315 980 1351 nova
1016 1311 1248 1350 creatura
1298 1296 1490 1368 (Galat.
1522 1314 1571 1360 v,
1603 1297 1665 1360 6;
1696 1312 1778 1359 vl,
1813 1295 1923 1364 15).

337 1393 522 1448 Sancti
559 1394 717 1463 igitur
745 1392 875 1455 viri,
905 1407 1025 1446 cum
1073 1408 1130 1445 se
1168 1393 1232 1445 ad
1271 1391 1659 1458 prcedicandum
1707 1399 1923 1457 parant,

337 1485 488 1552 prius
537 1499 594 1536 se
646 1477 874 1537 interius
929 1483 1212 1538 virtutibus
1267 1483 1558 1544 innovant,
1600 1492 1656 1534 ut
1705 1481 1769 1534 ad
1827 1481 1927 1534 hoc

337 1575 480 1644 quod
534 1575 798 1644 loquendo
848 1576 1072 1644 docent,
1101 1575 1329 1628 vivendo
1377 1573 1726 1629 Concordem.
1774 1573 1926 1626 Prius

336 1679 432 1718 sua
467 1668 668 1719 interna
702 1666 1070 1731 considerant,
1101 1679 1260 1736 atque
1291 1683 1320 1720 a
1347 1667 1554 1720 cunctis
1584 1682 1642 1719 se
1675 1665 1920 1718 vitiorum

341 1756 584 1809 stmlihus
623 1757 945 1824 emimdant,
979 1769 1228 1811 curantes
1260 1771 1601 1826 summopere
1640 1766 1699 1808 ut
1733 1764 1921 1807 contra

2025 558 2316 612 deuntibus
2346 561 2647 615 exclamare
2680 561 2991 630 cogebatur,
3024 561 3208 614 dicens
3235 578 3248 615 :
3293 559 3338 614 0
3365 560 3615 616 insensati

2025 649 2243 714 Calatis,
2262 652 2374 718 quis
2399 666 2427 703 υ
2441 668 2485 704 )8
2506 652 2800 719 fascinavit;
2820 662 2868 706 et
2892 652 2963 706 sic
2982 651 3127 704 stulti
3148 652 3286 712 estis,
3307 661 3359 703 ut
3377 666 3491 704 cum
3511 652 3617 717 spi-

2025 743 2124 793 ritu
2147 743 2412 808 cceperitis.
2438 759 2571 795 nunc
2592 760 2745 797 carne
2764 743 3183 798 consummemini
3203 743 3398 812 (Colat.
3421 758 3497 805 III,
3531 743 3616 812 1)!

2027 833 2110 886 vel
2142 845 2287 888 certe
2317 852 2330 886 :
2359 833 2647 888 Currebatis
2690 836 2832 898 bene,
2878 837 2964 904 qui
3002 853 3086 888 vos
3121 836 3380 905 impedivit
3418 834 3617 888 veritati

2026 938 2128 976 non
2182 923 2384 978 obedire
2430 925 2628 995 (Colat.
2668 942 2732 994 ν,
2766 928 2860 994 '7)?
2909 925 3090 994 Qttalis
3140 927 3193 980 in
3241 925 3400 996 hujus
3443 941 3617 981 cerva)

2028 1029 2182 1085 partu
2217 1021 2417 1088 rugitus
2452 1017 2580 1085 l'uit,
2609 1034 2728 1087 qua:
2758 1020 2846 1072 diu
2889 1028 3178 1087 conceptos
3225 1020 3361 1073 lilios
3389 1033 3508 1073 cum
3543 1027 3618 1074 tot

2026 1105 2428 1163 diliicultaLbus
2460 1112 2684 1179 peperit,
2713 1121 2765 1164 et
2796 1112 3110 1180 quandoque
3147 1121 3326 1177 partos
3365 1111 3428 1163 ad
3460 1109 3616 1163 mali-

2029 1197 2118 1249 tia:
2166 1208 2376 1251 uterum
2427 1201 2634 1254 redisse
2689 1203 2981 1269 cognovit?
3036 1202 3448 1256 Consideretnus
3494 1202 3619 1272 quid

2028 1286 2227 1341 doloris
2256 1289 2528 1352 habuerit,
2562 1291 2688 1360 quid
2729 1293 2949 1357 laboris,
2981 1309 3099 1361 qua:
3126 1301 3178 1346 et
3205 1303 3485 1363 postquam
3521 1312 3619 1360 po-

2029 1381 2131 1432 tuit
2173 1393 2433 1450 concepta
2463 1383 2648 1449 edere,
2680 1401 2892 1440 rursum
2931 1374 3206 1456 compulsa
3237 1397 3319 1443 est
3356 1388 3619 1443 exstincta

2031 1483 2313 1525 suscnare.

2099 1558 2244 1631 [Vet.
2268 1561 2317 1614 Χ
2323 1561 2371 1615 Χ
2376 1562 2486 1636 ΙΙ.]
2524 1565 2614 1619 48.
2644 1566 2760 1620 Nisi
2790 1568 2858 1620 ad
2885 1568 3232 1635 inﬁrmitatem
3266 1578 3496 1624 nostram
3525 1573 3619 1623 de-

2027 1653 2321 1707 scenderent
2358 1664 2407 1708 et
2437 1656 2850 1724 incuroarentur,
2879 1660 3013 1726 ﬁlios
3041 1661 3091 1712 in
3120 1660 3224 1729 ﬁde
3247 1678 3350 1714 non
3382 1675 3619 1729 procrea-

2027 1757 2162 1804 rent.
2217 1749 2412 1819 Sapere
2471 1753 2540 1805 ad
2585 1753 2911 1807 sobrietatem
2958 1754 3157 1808 debent.
3202 1785 3272 1795 —
3317 1756 3616 1810 Notandum

342 1845 475 1899 iram
533 1847 792 1911 νειιίθιιιίεε
849 1850 964 1902 luce
1027 1848 1437 1918 resplendeant.
1493 1860 1679 1901 contra
1744 1847 1922 1901 carnis

2031 1853 2156 1892 vero
2187 1856 2528 1911 summopere
2557 1851 2640 1898 est
2667 1846 2808 1912 quod
2841 1847 2956 1898 istae
2984 1861 3157 1899 cervae
3187 1846 3530 1900 incurvantur
3556 1855 3616 1902 ut

344 1935 602 1992 luxuriam
654 1939 814 1992 etiam
858 1939 1037 1994 cordis
1088 1942 1345 1994 munditia
1395 1939 1727 2009 l'nlgescant,
1767 1938 1927 2008 977

341 2041 521 2082 centra
579 2040 848 2100 torporem
905 2032 1020 2085 zelo
1075 2031 1375 2094 candeant,
1425 2041 1610 2084 contra
1667 2026 1920 2083 confusos

341 2119 780 2187 pra-cipitationis
814 2133 988 2175 motus
1019 2137 1207 2176 serena
1237 2124 1500 2191 gravitate
1527 2120 1780 2187 rutilent,
1810 2134 1928 2172 cou-

337 2222 420 2265 tra
461 2196 762 2281 superbiam
795 2229 916 2266 vera
950 2213 1248 2268 humilitate
1278 2214 1522 2277 luceant,
1554 2222 1739 2266 contra
1772 2212 1926 2264 timo-

337 2319 449 2356 rem
479 2305 642 2358 radiis
673 2306 1005 2359 auctoritatis
1033 2307 1350 2360 clarescant.
1377 2305 1512 2372 Qnia
1542 2319 1670 2374 ergo
1698 2312 1842 2357 tanta
1874 2305 1923 2355 in

335 2407 396 2448 se
429 2395 573 2462 prius
599 2395 770 2448 studii
800 2407 1123 2464 congerunt,
1157 2396 1306 2465 quasi
1352 2397 1405 2448 in
1432 2404 1692 2462 cooceptu
1727 2402 1925 2447 sancta:

337 2485 735 2553 prasdicationis
780 2501 994 2541 menses
1035 2487 1290 2540 virtutum
1342 2488 1495 2540 ﬁunt.
1526 2487 1671 2551 Quos
1713 2497 1926 2538 menses

339 2575 600 2630 Dominus
633 2579 781 2630 solus
821 2579 1154 2641 dinumerat,
1199 2578 1319 2645 quia
1352 2577 1538 2630 eadem
1573 2577 1710 2629 bona
1753 2577 1804 2630 in
1834 2590 1926 2629 eo-

337 2681 454 2718 rum
508 2667 761 2721 cordibus
803 2684 905 2721 non
958 2670 1055 2722 nisi
1100 2671 1187 2738 qui
1234 2669 1382 2723 dedit
1432 2676 1638 2737 pensat.
1690 2669 1753 2722 Et
1799 2665 1923 2737 quia

336 2755 481 2827 juxta
514 2774 818 2814 mensuram
851 2760 1102 2813 virtutum
1132 2760 1354 2816 etiectus
1382 2763 1543 2816 etiam
1581 2759 1925 2830 subsequitur

334 2847 600 2904 l‘ructuum
619 2891 635 2915 ,
667 2863 812 2906 recte
833 2851 1169 2920 subjungitur
1195 2869 1209 2905 :

967 2945 1196 3000 CAI'U'I‘
1241 2945 1350 3000 XII.

403 3036 534 3092 IBID.
561 3067 630 3078 -—-
657 3035 725 3090 Et
753 3039 896 3091 scisti
925 3049 1119 3107 tempus
1153 3050 1329 3107 partus
1358 3040 1577 3093 earum?

402 3130 491 3183 υἱ.
541 3127 798 3182 Virtutum
842 3145 1134 3182 mensuram
1173 3131 1373 3198 [ructus
1405 3131 1540 3184 ratio
1580 3132 1923 3200 sequitur.—

2035 1933 2268 1999 pariant,
2300 1934 2419 2002 quia
2453 1935 2701 1988 nimirum
2734 1935 2779 1990 si
2809 1945 3004 1990 erectre
3030 1947 3256 2001 starent,
3291 1952 3479 2004 parere
3509 1953 3617 1993 non

2033 2022 2290 2078 valerent.
2335 2023 2445 2078 Nisi
2485 2028 2628 2080 ettim
2662 2029 3038 2095 praedicatores
3080 2030 3250 2084 sancti
3286 2031 3353 2084 ab
3391 2031 3476 2085 illa
3518 2032 3618 2085 im-

2033 2115 2316 2170 mensitate
2347 2118 2815 2186 contemplationis
2848 2121 3069 2175 interna:
3097 2135 3254 2189 quam
3285 2125 3520 2190 capiunt,
3544 2123 3616 2178 ad

2032 2205 2393 2262 inlirmitatem
2443 2219 2679 2264 nostram
2715 2211 3010 2265 humillima
3063 2213 3436 2280 praedicatioiie
3462 2211 3615 2282 quasi

2028 2299 2257 2367 quadam
2296 2300 2662 2357 incurvatione
2690 2303 3099 2369 descenderent,
3131 2320 3400 2368 nunquam
3431 2305 3616 2375 utique

2029 2393 2081 2446 in
2112 2393 2215 2448 ﬁde
2248 2395 2383 2449 tilios
2416 2409 2779 2462 procrearent.
2811 2397 2971 2451 Nobis
3001 2399 3197 2468 quippe
3225 2398 3478 2468 prodesse
3507 2413 3616 2454 non

2028 2495 2274 2550 possent,
2303 2486 2345 2537 si
2389 2486 2440 2538 in
2471 2500 2582 2539 sute
2610 2487 2902 2542 altitudinis
2941 2490 3212 2542 creetione
3245 2490 3610 2556 persisterent.

2025 2571 2131 2628 Sed
2145 2575 2418 2629 videamus
2438 2591 2650 2630 cervam
2670 2592 2787 2631 sese
2807 2588 2860 2630 ut
2876 2578 3045 2645 pariat
3061 2579 3429 2634 iueurvantem
3448 2597 3460 2633 :
3479 2577 3610 2649 Ego,

2027 2665 2218 2734 inquit,
2266 2682 2367 2718 non
2422 2668 2562 2734 potui
2609 2667 2747 2720 vobis
2780 2670 2916 2736 loqui
2959 2670 3110 2738 quasi
3149 2670 3493 2736 spiritalibus,
3525 2670 3612 2724 sed

2024 2763 2172 2827 quasi
2207 2759 2525 2828 carnalibus,
2559 2770 2792 2826 tanquam
2821 2763 3043 2827 paruulis
3063 2763 3119 2815 in
3143 2761 3344 2817 Christo
3372 2763 3450 2815 lac
3475 2763 3615 2817 vobis

2027 2862 2203 2920 potum
2245 2853 2385 2912 dedi,
2425 2869 2527 2905 non
2569 2869 2733 2906 escam
2784 2851 2836 2923 (l
2883 2851 3006 2908 Cor.
3051 2869 3130 2918 ιιι,
3160 2857 3238 2924 I).
3289 2858 3461 2924 Atque
3490 2871 3614 2910 mox

2019 2941 2265 3012 ejusdem
2318 2944 2703 2997 incurvationis
2755 2959 2944 2998 causas
3005 2949 3332 3014 exsequitur,
3385 2947 3606 3001 dicens:

2027 3032 2273 3090 Nondum
2315 3038 2449 3087 enim
2480 3036 2738 3103 poteratis,
2770 3036 2859 3088 sed
2903 3051 2994 3089 nec
3021 3037 3193 3089 adhuc
3230 3038 3431 3106 quidem
3461 3046 3613 3104 pote-

2023 3127 2113 3178 stis
2138 3123 2320 3190 (Ibid.,
2345 3126 2422 3196 2).
2458 3126 2562 3180 Sed
2589 3127 2724 3181 hanc
2749 3143 2984 3193 cervam,
3015 3145 3134 3198 qute
3163 3139 3380 3200 propter
3408 3147 3504 3185 nos
3537 3134 3615 3186 in-

334 3220 617 3288 Subaudzs,
651 3221 718 3276 Ut
755 3236 874 3289 ego,
914 3239 1000 3291 qtn
1043 3223 1168 3276 dum
1217 3225 1267 3276 in
1293 3224 1615 3293 c0gilatione
1665 3225 1918 3278 virtutum
1947 3230 1994 3295 ο
2024 3228 2241 3274 curvata
2269 3227 2372 3283 est,
2396 3233 2578 3287 quaeso
2603 3220 2874 3273 videamus
2898 3221 3063 3292 978
3086 3237 3339 3278 erectam.
3370 3226 3483 3278 Ait:
3511 3224 3616 3281 Sa—

336 3327 546 3366 menses
587 3313 902 3376 dinumera,
944 3317 1159 3380 quando
1189 3313 1292 3368 hoc
1320 3315 1459 3382 quod
1499 3316 1724 3384 implere
1755 3331 1918 3385 appe-

335 3412 452 3458 ιιιιιι
482 3420 670 3471 parere
698 3404 911 3459 valeant
941 3409 1076 3471 scio,
1109 3406 1234 3476 quia
1278 3407 1529 3461 nimirum
1571 3409 1697 3461 dum
1743 3409 1922 3463 cordis

334 3499 539 3551 Ot‘CttIla
570 3499 866 3568 conspicio,
899 3498 1137 3552 futurum
1180 3501 1307 3554 loris
1347 3500 1594 3556 eﬂ'ectum
1634 3505 1813 3570 operis
1844 3502 1922 3556 in-

334 3595 420 3643 tus
451 3590 504 3644 in
540 3591 777 3659 pondere
802 3591 1140 3660 cogitationis
1173 3606 1358 3660 penso.
1391 3594 1672 3663 Sequitur:

927 3679 1158 3736 CAPUT
1195 3681 1332 3736 XIII.

409 3773 570 3825 Vens.
617 3771 672 3828 3.
700 3803 766 3812 —
794 3770 1140 3826 lncurvantur
1181 3776 1251 3828 ad
1291 3775 1474 3844 fetum,
1520 3783 1567 3828 et
1613 3776 1841 3842 pariunt,
1875 3785 1950 3831 et‘

332 3867 532 3935 rugitus
565 3866 821 3920 emittunt.

404 3958 494 4009 47.
542 3945 921 4010 l’ra'dit-atores
967 3958 1065 4011 nisi
1097 3960 1274 4028 ﬂendo
1332 3959 1670 4030 spiritualiter
1721 3963 1927 4033 gignere

334 4060 432 4097 non
457 4056 687 4114 possunt.
709 4075 779 4086 —
810 4047 1042 4117 Rugiunt
1069 4053 1285 4119 quippe,
1319 4050 1444 4104 dum
1482 4068 1572 4119 per
1603 4053 1928 4109 iucurvatio-

333 4149 453 4190 nem
486 4150 635 4204 suam
675 4138 728 4191 in
771 4140 1180 4194 conversatione
1223 4142 1356 4196 lucis
1385 4143 1687 4197 auditorum
1721 4148 1927 4202 animas

333 4229 574 4296 gignunt,
603 4231 724 4296 quia
757 4231 824 4283 ab
851 4232 1064 4285 aeternis
1088 4247 1184 4286 nos
1210 4217 1490 4302 suppliciis
1522 4252 1797 4294 removere
1827 4237 1930 4294 nisi

335 4320 512 4374 ﬂendo
555 4330 610 4375 et
645 4323 878 4377 dolendo
927 4341 1033 4378 non
1076 4338 1319 4392 possunt.
1355 4329 1743 4386 Prmdicatores
1784 4338 1928 4388 cnim

335 4414 502 4466 sancti
539 4430 678 4468 nunc
721 4416 772 4468 in
807 4416 1061 4485 lacrymis
1103 4420 1393 4484 seminant,
1429 4431 1486 4474 ut
1511 4433 1746 4492 segetem
1779 4435 1926 4494 post-

335 4509 552 4561 modum
585 4511 897 4576 gaudiorum
930 4521 1151 4566 tnetant.
1179 4513 1331 4568 Nunc
1361 4517 1510 4583 quasi
1543 4532 1713 4571 ρει-νιν
1746 4520 1795 4572 in
1827 4521 1927 4575 d0-

2026 3311 2268 3379 pientiam
2309 3311 2565 3380 loquimur
2600 3311 2731 3364 inter
2779 3311 3026 3383 perfectos
3073 3311 3125 3382 (I
3169 3315 3291 3374 Cor.
3335 3331 3392 3381 ιι,
3425 3318 3505 3388 (ἱ).
3551 3318 3617 3374 Et

2022 3415 2274 3455 rursum:
2309 3400 2430 3456 Siue
2468 3413 2633 3456 mente
2666 3403 2979 3467 excedimus,
3008 3403 3117 3457 Deo
3146 3403 3233 3475 (II
3261 3404 3383 3459 Cor.
3416 3423 3466 3472 ν,
3498 3407 3612 3476 15).

2022 3493 2156 3549 Cum
2207 3510 2336 3549 vero
2379 3505 2560 3550 mente
2604 3496 2814 3550 excedit
2852 3497 2980 3562 Deo,
3025 3512 3304 3554 excessum
3350 3501 3468 3567 ejus
3518 3515 3615 3554 nos

1929 3651 1932 3656 ι
2023 3589 2244 3643 omnino
2274 3604 2380 3644 non
2407 3588 2669 3658 capimus.
2703 3590 2770 3644 Ut
2795 3604 2926 3658 ergo
2955 3604 3054 3643 nos
3080 3592 3335 3655 lucretur,
3370 3593 3615 3646 incurva-

2028 3694 2116 3738 tur
2146 3685 2210 3739 ad
2248 3699 2363 3739 nos.
2392 3685 2544 3741 Unde
2573 3685 2678 3738 illic
2706 3695 2830 3754 apte
2853 3684 3123 3754 sulijungit
3147 3701 3160 3737 :
3191 3683 3309 3738 Sive
3337 3684 3492 3736 sobrii
3521 3700 3612 3738 su-

2026 3794 2139 3831 mus
2167 3778 2305 3830 vobis
2332 3775 2542 3848 (Ibid).
2561 3778 2616 3832 Si
2640 3780 2783 3832 enim
2813 3777 2984 3831 sancti
3015 3778 3110 3831 viri
3140 3793 3202 3831 ea
3235 3778 3387 3830 nobis
3417 3777 3611 3846 praedi-

2025 3887 2151 3926 care
2186 3871 2385 3926 vellent
2428 3887 2546 3937 qute
2574 3872 2813 3940 capiunt,
2844 3885 2966 3924 cum
3010 3871 3062 3923 in
3105 3884 3333 3938 snperua
3368 3878 3612 3924 content-

2027 3961 2262 4029 platione
2305 3960 2636 4025 debriantur,
2685 3969 2740 4013 et
2787 3973 2892 4014 non
2941 3961 3109 4027 magis
3151 3961 3430 4013 scientiam
3460 3974 3614 4015 suam

2025 4051 2260 4121 quodam
2326 4050 2692 4105 moderamine
2756 4060 2807 4103 et
2863 4049 3156 4104 sobrietate
3221 4060 3612 4118 temperarent,

2029 4143 2204 4196 adhuc
2245 4153 2473 4210 angusto
2515 4140 2880 4210 intelligentiae
2908 4140 3028 4194 sinu
3074 4142 3165 4195 illa
3195 4145 3410 4211 superni
3451 4143 3653 4198 fontiss

2030 4233 2228 4289 ﬂuenta
2256 4234 2373 4301 quis
2401 4233 2651 4302 caperet?
2696 4231 2989 4286 Incurvata:
3031 4241 3209 4286 autem
3253 4236 3367 4287 istm
3407 4249 3612 4301 cert-te,

2029 4325 2164 4379 alias
2187 4326 2313 4379 cmli
2340 4336 2361 4364 ε
2391 4338 2595 4380 vocata
2624 4338 2768 4392 sunt,
2801 4327 2868 4381 de
2891 4327 3084 4396 quibus
3114 4326 3344 4381 dicitur:
3375 4327 3614 4393 Damius,

2029 4419 2226 4471 inclina
2250 4421 2401 4472 caelos
2429 4429 2563 4487 litos,
2596 4429 2643 4473 et
2669 4421 2918 4474 descende
2940 4421 3118 4490 (Psal.
3141 4436 3331 4485 cxuu,
3363 4426 3438 4490 5).
3481 4423 3617 4476 Cum

2034 4510 2174 4563 enim
2208 4509 2530 4564 inclinantur
2558 4513 2700 4575 caeli,
2733 4513 3008 4565 descendit
3037 4510 3310 4573 Dominus,
3345 4517 3465 4580 quia
3496 4529 3617 4567 cmn

335 4598 451 4651 lore
495 4612 678 4668 partus
718 4608 865 4664 sunt,
901 4612 957 4655 ut
993 4602 1218 4671 spiritali
1251 4605 1399 4672 prole
1441 4611 1779 4674 postmodum
1822 4613 1926 4666 sint

2036 4613 2097 4654 se
2148 4602 2198 4653 in
2241 4601 2621 4669 praedicatione
2665 4617 2757 4656 sua
2801 4604 2970 4656 sancti
3020 4605 3270 4657 doctores
3321 4608 3617 4671 attrahunt,

335 4687 577 4743 feci-ridi.
615 4690 680 4745 Ut
707 4692 850 4745 enim
882 4708 1044 4746 unum
1073 4695 1140 4748 de
1169 4695 1348 4748 multis
1379 4696 1584 4764 loquar,
1619 4700 1773 4752 video
1795 4700 1930 4754 Pau-

341 4781 449 4833 lum
479 4782 633 4849 quasi
660 4783 942 4850 quamdam
970 4798 1187 4838 cervam
1226 4787 1277 4839 in
1311 4797 1466 4855 partu
1493 4803 1592 4841 suo
1620 4791 1794 4858 magni
1826 4791 1928 4844 do-

339 4871 467 4924 loris
499 4872 702 4940 rugitus
735 4873 1090 4929 emittentem.
1125 4876 1212 4932 Ait
1240 4877 1380 4930 enim
1411 4895 1422 4929 :
1450 4874 1631 4931 Fiiiali
1656 4881 1772 4945 mei,
1798 4895 1927 4950 quos

335 4963 524 5017 iterum
555 4967 808 5032 parturio,
835 4966 995 5019 donec
1021 4968 1269 5034 formetur
1296 4969 1529 5024 Christus
1555 4972 1606 5024 in
1636 4972 1795 5035 vobis,
1823 4973 1928 5026 eel-

345 5054 441 5107 lem
467 5071 574 5109 esse
603 5057 744 5126 apud
769 5072 853 5110 vos
876 5059 1048 5124 modo,
1076 5069 1122 5112 et
1156 5070 1355 5116 mutare
1391 5078 1560 5116 eocem
1587 5080 1773 5126 meam.
1798 5081 1926 5136 quo-

346 5146 482 5200 niam
506 5149 801 5217 confundor
825 5149 882 5203 in
908 5150 1047 5205 vobis
1075 5149 1275 5216 (Calai.
1309 5170 1388 5222 tv,
1415 5156 1526 5225 i9).
1557 5155 1696 5211 Ecce
1727 5167 1934 5214 mutare

347 5239 457 5292 vult
489 5255 672 5296 vocem
723 5243 776 5296 in
813 5254 965 5312 partu
1005 5260 1125 5312 suo,
1157 5258 1211 5298 ut
1243 5249 1637 5315 praedicationis
1672 5264 1852 5305 sermo
1879 5253 1930 5306 in

285 5395 293 5402 κ
345 5336 576 5404 rugitqu
610 5348 848 5394 vertatur
873 5339 1098 5396 doloris.
1143 5339 1267 5398 Vult
1305 5352 1512 5399 mutare
1541 5359 1725 5402 vocem
1758 5361 1932 5412 suam,

344 5429 466 5497 quia
511 5446 645 5498 quos
693 5430 803 5500 jam
851 5432 1187 5501 praedicando
1239 5445 1540 5501 peperi-rat,
1594 5435 1937 5492 reformando

344 5534 569 5589 gemens
617 5524 808 5578 iterum
858 5526 1202 5593 parturiebat.
1263 5526 1485 5592 Qualem
1533 5528 1766 5598 rugitum
1819 5534 1936 5587 haec

421 5663 449 5726 ξ
481 5655 592 5726 AL,
616 5656 738 5726 quia
761 5664 805 5708 et
833 5673 937 5710 eas.

421 5723 450 5764 δ
482 5723 702 5791 Pratel.,
732 5743 872 5780 nam:
898 5731 1296 5791 regenerationis
1321 5741 1576 5784 creatura.

422 5803 449 5835 ⁸
486 5796 646 5852 Corb.
697 5796 901 5877 (ierim,
949 5796 1136 5864 Laud.,
1177 5800 1288 5856 Val.
1334 5801 1443 5865 CL,
1495 5803 1717 5865 Pratel..
1763 5805 1930 5858 vocati

2036 4697 2328 4752 divinitatis
2363 4699 2604 4752 notitiam
2645 4699 2841 4751 nostris
2869 4698 3118 4754 cordibus
3158 4699 3463 4756 iniundunt.
3511 4703 3619 4755 Ne-

2033 4806 2300 4861 quaquam
2352 4791 2548 4861 quippe
2585 4791 2652 4846 ad
2698 4806 2794 4845 nos
2837 4790 3094 4846 Dominus
3139 4795 3528 4865 descenderet,
3575 4797 3620 4851 si

2035 4884 2416 4953 praedicatores
2446 4884 2564 4953 ejus
2608 4886 2662 4938 in
2693 4886 3161 4954 contemplationis
3200 4890 3376 4957 rigore
3407 4893 3621 4945 inﬂexi-

2027 4975 2170 5028 biles
2206 4987 2600 5042 permanerent.
2643 4975 2973 5032 lnclinantur
2999 4995 3127 5048 ergo
3153 4982 3276 5035 cmi
3307 4993 3364 5034 ut
3395 4963 3621 5036 descen-

2033 5067 2124 5121 dat
2151 5067 2432 5134 Dominus,
2467 5070 2810 5126 incurventur
2832 5087 3006 5126 cervae
3037 5084 3095 5128 ut
3124 5091 3222 5130 nos
3251 5077 3300 5128 in
3336 5092 3468 5129 nova
3499 5076 3623 5132 lidei

2037 5159 2154 5214 luce
2203 5175 2505 5214 nascantur.
2557 5161 2678 5218 Ista:
2725 5159 3015 5218 incurvata:
3065 5180 3239 5219 cerva:
3291 5169 3341 5218 in
3387 5165 3621 5220 Gantiris

2037 5253 2368 5307 canticorum
2395 5249 2422 5289 δ
2456 5269 2670 5324 sponse
2703 5255 2860 5309 ubera
2909 5265 3032 5310 sunt
3058 5267 3279 5318 vocata-3
3305 5258 3449 5309 sicut
3490 5256 3626 5311 scri-

2039 5357 2184 5418 ptum
2216 5360 2300 5404 est
2349 5368 2361 5404 :
2407 5352 2627 5406 Meliora
2654 5363 2772 5406 sunt
2804 5353 2960 5422 ubera
2988 5363 3075 5408 tua
3105 5354 3223 5406 uiuo
3251 5351 3428 5420 (Cant.
3475 5368 3513 5416 ι,
3547 5356 3622 5423 i).

2042 5442 2144 5496 Ista
2170 5445 2310 5500 enim
2340 5455 2466 5499 sunt
2495 5448 2655 5500 ubera
2685 5461 2808 5516 qua:
2846 5448 2897 5500 in
2925 5461 3047 5499 arca
3095 5447 3330 5516 pectoris
3361 5448 3459 5500 lixa
3490 5450 3626 5505 lacte

2042 5548 2140 5588 nos
2173 5517 2532 5605 potant,'quia
2573 5536 2673 5604 ipsi
2703 5525 2912 5592 arcanis
2953 5551 3176 5590 summa
3217 5538 3626 5610 centetttplatio-

2033 5677 2459 5820 maliratepet
2485 5738 2650 5793 Corb.
2678 5735 2890 5816 Germ.,
2914 5741 3090 5818 sponsi
3116 5744 3288 5822 ubera.
