4004 6350
543 330 640 398 851

1752 326 1996 389 8ΑΝΟΤι
2037 323 2364 386 GREGORII
2401 325 2627 387 MAGNll

3693 323 3794 379 532

541 455 625 510 nis
670 452 1015 520 inhaerentes,
1060 446 1245 506 subtili
1283 460 1382 503 nos
1430 445 1810 517 praedicatione
1853 448 2112 502 nutriunt.
2141 451 2192 508 Α
2219 448 2308 516 qui
2359 446 2550 501 remoti
2621 459 2650 498 a
2710 441 2879 499 turbis
2933 439 2953 480 ί
2999 440 3343 514 popularibus
3390 449 3799 500 conversantur.

540 547 611 604 Et
642 547 802 621 igitur
840 546 907 602 ab
932 553 1134 601 aeterno
1161 541 1361 615 gemitu
1391 551 1445 596 et
1472 541 1675 597 dolore
1693 556 1794 596 nos
1821 541 2120 606 retrahant,

540 657 682 701 nunc
734 643 1074 697 incurvantur
1123 653 1334 704 cervae,
1387 643 1548 706 atque
1591 634 1651 690 .in
1705 643 1857 704 partu
1913 636 2119 704 rugitus

541 737 810 791 emittunt.
847 733 983 800 .Quia
1015 745 1142 786 vero
1185 731 1306 799 ipsi,
1334 729 1425 799 qui
1463 738 1649 784 sancta
1677 726 1892 782 Patrum
1924 725 2118 795 praedi-

540 829 749 883 catione
777 833 1087 890 nascuntur,
1122 821 1407 892 aliquando
1442 820 1692 876 doctores
1717 835 1844 874 suos
1872 816 2119 887 patiendo

544 919 893 989 praeveniunt,
929 925 987 971 ut
1011 917 1090 972 eis
1117 915 1293 969 adhuc
1322 915 1375 968 in
1407 913 1508 969 hac
1537 913 1644 967 vita
1675 910 1993 966 durantibus
2019 909 2119 979 ipsi

539 1010 646 1080 jam
677 1009 932 1081 martyrio
962 1016 1419 1072 consummentur,
1451 1014 1576 1074 apte
1603 1005 1884 1075 sequitur:

977 1101 1203 1156 CAPUT
1241 1100 1356 1155 XIV
1398 1099 1545 1171 (Hec.
1573 1096 1703 1168 XI].

614 1193 772 1247 Vens.
829 1194 882 1247 4.
909 1222 977 1232 -
999 1192 1320 1264 Separantur
1339 1185 1441 1259 'ﬁlii
1469 1206 1667 1256 earum,
1722 1198 1769 1242 et
1809 1195 2026 1261 pergunt
2050 1187 2120 1242 ad

544 1296 777 1353 pastum;
809 1286 1160 1356 egrediuntur,
1192 1296 1238 1338 et
1268 1301 1369 1338 non
1397 1291 1715 1337 reuertuntur
1742 1282 1809 1335 ad
1835 1298 1943 1336 eas.

612 1377 701 1431 49.
743 1375 938 1430 Eorum
958 1377 1058 1446 ﬁlii
1084 1380 1150 1431 ad
1171 1393 1328 1432 sacrae
1352 1375 1636 1446 Scriptum
1659 1384 1862 1446 pastum
1883 1382 2118 1446 pergunt.

543 1462 648 1522 Eos
681 1467 898 1521 Verbum
925 1484 988 1522 ea:
1013 1477 1200 1522 natura
1229 1468 1512 1521 diuinitatis
1540 1467 1786 1520 illustrat.
1814 1496 1885 1507 —
1907 1465 2123 1520 Pastum

541 1561 820 1629 Scriptura
847 1577 997 1617 sacra
1026 1561 1157 1616 illud
1191 1561 1474 1616 viriditatis
1503 1571 1719 1616 acterna:
1751 1559 2000 1629 pabulum
2029 1574 2123 1613 vo-

544 1664 648 1719 cat,
678 1637 764 1708 ubi
786 1653 897 1724 jam
927 1663 1111 1709 nostra
1141 1653 1362 1710 refectio
1389 1653 1584 1709 nullius
1609 1652 1848 1708 delectus
1874 1651 2124 1707 ariditate

542 1753 859 1799 marcescet.
912 1744 990 1799 De
1030 1759 1136 1815 quo
1184 1753 1339 1814 pastu
1383 1759 1478 1813 per
1512 1743 1851 1800 Psalmistam
1895 1743 2120 1797 dicitur:

2186 593 2188 598 .
2219 539 2319 608 Qui
2349 551 2472 611 apte
2495 542 2654 597 etiam
2683 539 2820 596 liber
2841 539 3036 596 dicitur
3061 559 3074 594 :
3099 542 3220 611 quia
3246 555 3435 612 magna
3459 551 3544 597 εει
3567 544 3800 598 servitus

2219 632 2554 688 saecularium
2603 633 2956 704 negotiorum,
3019 632 3211 702 quibus
3260 646 3410 688 mens
3456 633 3820 690 vehementer

2219 727 2488 793 atteritur,
2539 727 2782 797 quamvis
2829 727 2883 782 in
2935 727 3013 782 eis
3063 735 3255 797 sponte
3287 735 3311 773 ε
3342 726 3585 783 desndet.
3635 728 3808 795 Cujus

2171 881 2178 904 ἦ
2222 821 2494 876 servitutis
2538 820 2846 876 conditione
2893 835 3078 877 carere
3116 832 3198 877 est
3240 821 3292 876 in
3334 821 3534 876 mundo
3572 826 3682 890 jam
3723 818 3810 876 nil

2220 915 2621 982 concupiscere.
2668 913 2832 982 Quasi
2871 915 3014 969 enim
3053 913 3284 984 quodam
3312 909 3341 951 ιι
3371 913 3498 983 jugo
3535 914 3813 969 servitutis

2223 1013 2473 1074 premunt
2519 1019 2772 1074 prospera
2821 1004 2949 1060 dum
3001 1013 3362 1075 appetuntur,
3413 1013 3660 1073 premunt
3706 1005 3815 1057 ad-

2220 1111 2374 1151 versa
2420 1096 2548 1151 dum
2597 1095 2974 1152 formidantur.
3020 1099 3089 1150 At
3136 1097 3180 1151 si
3226 1095 3346 1162 quis
3389 1096 3552 1151 semel
3580 1095 3822 1148 ndomi-

2223 1186 2438 1241 natione
2503 1186 2890 1242 desideriorum
2955 1185 3330 1255 temporalium
3396 1184 3532 1238 colla
3611 1185 3822 1237 mentis

2222 1278 2550 1346 excusserit,
2591 1276 2817 1346 quadam
2876 1277 2987 1347 jam
3038 1278 3198 1330 etiam
3251 1275 3304 1329 in
3351 1279 3451 1328 hac
3493 1276 3595 1328 vita
3647 1273 3822 1328 liber-

2225 1381 2334 1427 tate
2363 1363 2676 1441 perfruitur,
2710 1370 2838 1426 dum
2871 1371 3018 1423 nullo
3043 1368 3310 1424 desiderio
3339 1368 3606 1424 felicitatis
3636 1367 3822 1421 allici-

2223 1475 2332 1531 tur,
2361 1465 2507 1520 nullo
2536 1464 2873 1520 adversitatis
2905 1473 3112 1519 terrore
3137 1473 3460 1519 coarctatnr.
3505 1464 3617 1517 lloc
3645 1478 3824 1534 grave

2225 1557 2496 1614 servitutis
2535 1557 2720 1628 jugum
2763 1556 3020 1610 Dominus
3060 1555 3192 1610 vidit
3227 1555 3560 1611 saecularium
3591 1554 3828 1609 cervici-

2227 1651 2326 1705 bus
2369 1649 2724 1719 impressum,
2763 1659 2885 1702 cum
2921 1649 3163 1703 diceret:
3197 1643 3374 1702 Venite
3401 1648 3469 1700 ad
3507 1663 3584 1700 me
3619 1663 3832 1711 omnes,

2227 1742 2314 1812 qui
2341 1740 2588 1794 laboratis
2617 1751 2661 1793 et
2691 1740 2887 1794 onerati
2914 1740 3055 1806 estis,
3078 1748 3123 1792 et
3155 1754 3244 1809 ego
3270 1739 3498 1806 reﬁciam
3515 1755 3617 1791 ros.
3646 1737 3834 1790 Tolli-

540 1835 793 1892 Dominus
818 1839 946 1909 regit
973 1855 1068 1906 me,
1098 1848 1147 1892 et
1174 1838 1303 1893 nihil
1332 1838 1459 1892 mihi
1487 1839 1672 1904 deerit,
1700 1839 1752 1892 in
1781 1839 1892 1892 loco
1916 1850 2123 1908 pascuis
2152 1831 2200 1892 B
2226 1842 2272 1888 te
2296 1833 2484 1903 jugum
2532 1847 2696 1884 meum
2735 1847 2888 1900 super
2925 1846 3030 1896 vos,
3060 1839 3105 1884 et
3127 1831 3305 1884 discite
3334 1848 3364 1884 a
3388 1847 3466 1884 me
3505 1831 3628 1900 quia
3656 1830 3834 1882 mitis—

541 1929 609 1982 ibi
656 1944 733 1982 me
781 1931 1046 1984 collocauit
1077 1928 1255 1999 (Psal.
1302 1945 1450 1996 xxn,
1478 1929 1557 2000 2).
1610 1930 1676 1984 Et
1718 1944 1968 1984 rursum:
2010 1927 2122 1982 Nos

539 2027 708 2074 autem
735 2029 760 2055 ει
793 2021 1014 2091 pOpqus
1044 2022 1176 2091 ejus,
1205 2031 1252 2076 et
1272 2037 1384 2076 oves
1413 2036 1617 2092 pascuae
1642 2023 1753 2092 ejus
1775 2019 1949 2091 (Psal.
1980 2035 2121 2087 xcrv,

541 2109 616 2179 7).
655 2111 729 2165 De
767 2111 963 2181 quibus
1004 2113 1254 2167 nimirum
1288 2113 1498 2182 pascuis
1545 2112 1752 2168 Veritas
1783 2128 1876 2180 per
1923 2119 2122 2166 semet-

540 2202 709 2272 ipsam
757 2203 886 2258 dicit
911 2219 926 2257 :
965 2201 1069 2258 Per
1098 2219 1178 2258 me
1211 2205 1255 2258 si
1285 2205 1402 2275 quis
1439 2205 1710 2269 introierit,
1738 2203 2046 2268 saluabitur;
2077 2213 2124 2256 et

539 2292 874 2366 ingredietur,
903 2303 950 2348 et
976 2295 1280 2365 egredietur,
1311 2304 1360 2349 et
1389 2312 1580 2365 pascua
1624 2295 1839 2349 inveniet
1861 2294 2040 2365 (Joan.
2069 2308 2123 2357 x,

539 2383 618 2457 9).
669 2386 901 2455 Pergunt
952 2401 1081 2456 ergo
1125 2387 1194 2441 ad
1242 2397 1475 2456 pastum,
1528 2388 1652 2457 quia
1700 2387 1768 2442 de
1810 2387 2126 2454 corporibus

541 2485 803 2531 exeuntes
848 2474 939 2530 illa
985 2477 1177 2548 pabula
1226 2478 1450 2533 interna:
1491 2479 1773 2534 viriditatis
1827 2477 2121 2532 inveniunt.

541 2566 922 2637 Egrediuntur,
957 2577 1014 2624 et
1049 2583 1156 2624 non
1187 2578 1531 2625 revertuntur
1561 2570 1628 2624 ad
1657 2585 1770 2635 eas,
1801 2569 1923 2639 quia
1956 2569 2008 2623 in
2039 2568 2125 2622 illa

541 2659 774 2727 suscepti
819 2659 1268 2728 contemplatione
1318 2661 1654 2730 gaudiorum,
1684 2659 1794 2730 jam
1827 2660 2129 2714 nullatenus

541 2750 784 2822 indigent
811 2756 972 2808 verba
1011 2754 1198 2811 audire
1225 2754 1555 2810 docentium.
1609 2755 1824 2825 Egressi
1854 2756 2032 2823 itaque
2061 2755 2129 2808 ad

544 2859 638 2901 eas
659 2847 771 2916 jam
802 2861 909 2904 non
950 2849 1198 2916 redeunt,
1241 2849 1364 2919 quia
1392 2847 1664 2921 angustias
1691 2848 1815 2902 vita:
1848 2846 2130 2915 praesentis

540 2938 854 3005 evadentes,
899 2939 1039 2995 ultra
1087 2955 1118 2994 a
1171 2940 1482 2997 doctoribus
1531 2939 1962 3010 praedicationem
2005 2941 2132 2994 vitae

541 3032 786 3099 accipere
814 3045 922 3086 non
954 3030 1254 3100 requirunt.
1293 3030 1446 3085 Tunc
1470 3031 1667 3100 quippe
1707 3030 1960 3099 impletur
1989 3031 2132 3099 quod

542 3123 798 3192 scriptum
833 3132 951 3178 est:
977 3122 1101 3177 Non
1130 3123 1327 3178 docebit
1355 3124 1491 3178 ultra
1526 3122 1601 3176 vir
1636 3125 1925 3191 proximum
1956 3137 2128 3191 suum,

2225 1942 2360 1991 sum,
2385 1935 2432 1978 et
2457 1923 2667 1978 humilis
2700 1925 2874 1990 corde,
2917 1934 2964 1976 et
3013 1923 3274 1977 invenietis
3303 1925 3523 1993 requiem
3547 1921 3836 1975 animabus

2224 2017 2422 2071 vestris.
2467 2014 2663 2085 Iugum
2703 2016 2837 2069 enim
2875 2030 3044 2068 meum
3082 2031 3232 2068 suave
3271 2024 3365 2083 est,
3399 2025 3448 2068 et
3476 2031 3604 2068 onus
3650 2029 3837 2067 meum

2227 2109 2331 2164 leve
2382 2107 2597 2181 (Matth.
2646 2123 2720 2174 xt,
2765 2106 2881 2177 28).
2937 2109 3203 2176 Asperum
3253 2109 3446 2177 quippe
3487 2108 3717 2177 jugum,
3782 2115 3837 2160 et

2227 2203 2406 2266 duras,
2440 2201 2580 2256 sicut
2607 2199 2870 2267 diximus,
2911 2201 3182 2255 servitutis
3221 2206 3429 2270 pondus
3464 2209 3561 2264 est,
3595 2201 3840 2254 subesse

2230 2291 2645 2361 temporalibus,
2697 2292 2902 2346 ambire
2948 2300 3190 2358 terrena,
3242 2293 3476 2348 retinere
3537 2291 3789 2346 labentia
3819 2331 3835 2354 ,

2229 2386 2368 2441 velle
2393 2396 2538 2440 stare
2577 2385 2629 2439 in
2657 2399 2764 2440 non
2793 2385 3077 2450 stantibus,
3108 2395 3363 2455 appetere
3391 2384 3602 2454 quidem
3637 2395 3833 2438 trans-

2229 2479 2428 2545 euntia,
2490 2477 2583 2533 sed
2620 2492 2740 2532 cum
2785 2478 3180 2532 transeuntibus
3212 2477 3349 2531 nolle
3381 2479 3629 2531 transire.
3681 2477 3832 2529 Dum

2236 2571 2380 2625 enim
2410 2580 2596 2624 contra
2626 2579 2806 2624 votum
2849 2580 3040 2624 cuncta
3079 2568 3318 2639 fugiunt,
3344 2585 3462 2638 qua:
3492 2570 3641 2638 prius
3673 2583 3838 2622 inen-

2233 2673 2339 2719 tem
2371 2678 2439 2718 ex
2467 2662 2741 2718 desiderio
2773 2661 3071 2733 adeptionis
3128 2662 3452 2728 afﬂixerant,
3482 2670 3602 2728 post
3629 2675 3690 2715 ex
3731 2675 3839 2728 pa-

2233 2769 2362 2808 vore
2391 2753 2694 2808 amissionis
2735 2763 3002 2822 premunt.
3036 2751 3198 2807 Liber
3238 2767 3367 2822 ergo
3398 2751 3676 2805 dimittitur
3703 2751 3836 2820 qui,

2232 2846 2458 2902 calcatis
2509 2847 2738 2902 terrenis
2784 2844 3103 2914 desideriis,
3151 2845 3218 2898 ab
3272 2842 3588 2912 appetitione
3633 2857 3832 2896 rerum

2235 2940 2605 3009 temporalium
2655 2937 2944 2993 securitate
2993 2937 3185 2991 nientis
3227 2948 3565 2991 exoneratur.
3615 2934 3677 2987 Et
3715 2936 3836 2989 ein-

2235 3027 2349 3086 cula
2377 3033 2510 3102 ejus,
2535 3031 2652 3100 quis
2675 3030 2866 3085 solvit?
2891 3029 3156 3086 Snbaudis
3195 3030 3296 3083 nisi
3330 3044 3446 3099 ego.

2307 3125 2395 3180 5L
2440 3122 2624 3178 Divina
2662 3124 2926 3194 adjutorio
2967 3122 3338 3176 desideriorum
3376 3121 3666 3174 carnalium
3707 3120 3842 3176 reti-

545 3219 596 3266 et
645 3214 720 3265 uir
771 3213 985 3283 fratrem
1025 3229 1208 3281 suum,
1260 3213 1429 3268 dicens
1462 3229 1481 3267 :
1522 3211 1781 3284 Cognosce
1824 3211 2137 3276 Dominum;
2161 3219 2207 3280 C
2239 3218 2425 3271 nacula
2452 3225 2783 3285 rumpuntur.
2813 3245 2883 3257 —
2921 3215 3217 3270 Solvuntur
3247 3229 3373 3268 vero
3412 3211 3832 3280 uniuscujusque

544 3321 716 3362 omnes
747 3307 1213 3380 enim'cOgnoscent
1247 3323 1327 3362 me
1359 3324 1391 3361 a
1424 3307 1634 3362 minimo
1664 3323 1844 3361 eorum
1870 3322 2031 3377 usque
2065 3306 2135 3359 ad

546 3400 849 3466 maximum,
901 3400 1022 3454 dicit
1062 3398 1318 3455 Dominus
1375 3399 1589 3471 (Jerem.
1633 3417 1789 3469 xxxi,
1820 3399 1935 3470 54).
1987 3400 2137 3457 Tunc

545 3493 793 3562 impletur
828 3493 970 3564 quod
1000 3493 1054 3548 in
1092 3494 1380 3566 Evangelia
1407 3495 1615 3551 Veritas
1643 3495 1775 3552 dicit
1809 3513 1823 3549 :
1855 3494 2042 3550 Palam
2075 3495 2138 3550 de

546 3583 702 3640 Patre
726 3585 752 3624 ι)
785 3604 894 3643 meo
939 3588 1256 3644 annuntiabo
1284 3589 1427 3644 vobis
1467 3588 1645 3659 (Joan.
1674 3606 1785 3655 xvt,
1815 3589 1930 3660 25).
1974 3589 2139 3646 Filius

546 3679 742 3748 quippe
783 3679 850 3735 de
877 3680 1035 3736 Patre
1074 3681 1248 3752 palam
1291 3683 1603 3750 annuntiat,
1635 3683 1762 3753 quia
1804 3683 1944 3738 sicut
1983 3697 2140 3748 supe-

547 3771 659 3826 rius
707 3771 959 3840 diximus,
1013 3787 1107 3842 per
1139 3773 1242 3830 hoc
1289 3775 1432 3843 quod
1464 3773 1694 3830 Verbum
1721 3783 1822 3840 est,
1856 3789 1921 3829 ex
1952 3783 2141 3829 natura

549 3878 648 3918 nos
675 3863 968 3921 divinitatis
1011 3865 1262 3921 illustrat.
1297 3865 1471 3922 Verba
1503 3867 1644 3922 enim
1682 3875 1808 3922 tunc
1837 3865 2141 3921 docentium

550 3955 703 4024 quasi
755 3956 1017 4026 quosdam
1060 3958 1306 4014 humana:
1351 3959 1545 4029 lingua:
1591 3959 1798 4015 rivulos
1845 3975 1952 4014 non
1997 3973 2144 4028 qna:-

551 4057 694 4114 runt,
717 4047 929 4118 quando
950 4047 1018 4104 de
1047 4049 1162 4119 ipso
1191 4051 1298 4118 iam
1328 4052 1570 4106 veritatis
1596 4061 1620 4089 ο
1649 4050 1794 4107 fonte
1813 4051 2142 4106 derivantur.

627 4137 791 4209 Igitur
829 4133 1109 4209 postquam
1149 4141 1372 4212 ﬁgurata
1417 4142 1790 4198 incurvatione
1837 4157 2138 4210 cervarum,

521 4231 722 4294 _multa
768 4230 838 4286 de
879 4230 1258 4300 magistrorum
1302 4234 1501 4288 virtute
1545 4242 1760 4288 narrata
1806 4243 1951 4301 sunt,
1981 4234 2146 4306 979

554 4338 696 4377 nunc
720 4323 788 4378 ad
809 4337 998 4378 eorum
1025 4323 1212 4393 vitam,
1241 4325 1331 4394 qui
1365 4336 1586 4381 remota:
1610 4327 2035 4382 conversationis
2061 4341 2148 4382 se-

554 4425 704 4471 creta
753 4424 1034 4486 appetunt,
1068 4416 1232 4471 verba
1262 4426 1547 4472 vertuntur
1578 4434 1592 4470 :
1625 4418 1713 4488 qui
1742 4427 1797 4473 et
1824 4418 1937 4487 ipsa
1962 4415 1991 4454 ἀ
2023 4432 2146 4474 ces-

556 4508 709 4563 sandi
736 4509 867 4576 otia,
893 4507 1016 4579 quia
1043 4507 1227 4564 divino
1257 4508 1530 4578 adjutorio
1570 4519 1627 4565 et
1666 4525 1773 4566 non
1800 4509 1917 4566 suis
1943 4510 2149 4568 viribus

556 4611 936 4672 assequuntur,
967 4601 1035 4657 de
1063 4601 1143 4656 eis
1183 4616 1210 4655 a
1243 4601 1468 4656 Domino
1497 4601 1721 4656 dicitur:

769 4692 996 4748 CAPUT
1044 4691 1136 4747 XV
1179 4691 1323 4766 [νει.
1351 4690 1583 4759 XXIII,
1616 4693 1740 4750 Rec.
1763 4691 1928 4766 XII].

631 4787 794 4842 Vens.
832 4787 886 4841 5.
903 4815 973 4827 —
1003 4786 1131 4855 Quis
1155 4787 1349 4842 dimisit
1371 4804 1622 4861 onagrum
1647 4798 1670 4826 °
1703 4788 1935 4855 liberum,
1956 4797 2010 4844 et
2032 4789 2146 4844 uin-

562 4880 680 4934 cula
703 4881 816 4950 ejus
833 4880 946 4943 quis
967 4879 1152 4933 solvit?

632 4973 722 5028 50.
767 4970 960 5041 Onagri
985 4970 1131 5025 liberi
1159 4972 1363 5026 nomine
1387 4971 1765 5042 intelliguntur,
1793 4988 1881 5042 qut
1919 4987 1952 5024 a
1993 4972 2154 5026 serui-

563 5072 668 5119 tute
708 5064 1018 5118 secularium
1060 5079 1234 5118 rerum
1270 5064 1514 5134 expediti,
1553 5063 1819 5118 solitudini
1858 5072 2154 5116 uacant.—

565 5156 833 5214 Snbaudis
872 5156 973 5212 nisi
1020 5170 1142 5227 ego.
1188 5158 1399 5225 Onager
1438 5155 1604 5222 enim,
1649 5155 1739 5224 qui
1781 5153 1832 5208 in
1870 5152 2159 5210 solitudine

567 5258 946 5314 commoratur,
977 5263 1084 5306 non
1123 5248 1418 5321 incongrue
1447 5247 1609 5303 vitam
1651 5263 1839 5303 eorum
1867 5246 2155 5320 signiﬁcat,

637 5375 666 5404 ι
704 5364 902 5420 Pratcl.
936 5374 991 5418 et
1016 5363 1186 5430 Utic.,
1208 5360 1432 5434 populus
1462 5371 1581 5434 tuus
1599 5370 1646 5414 et
1669 5377 1783 5416 oues
1804 5375 2009 5431 pascua:
2033 5371 2156 5416 tuae.

638 5434 665 5475 δ
706 5435 874 5493 Laud.
904 5445 958 5491 et
983 5435 1145 5496 (λοι-Ι).
1180 5432 1389 5500 Gertn.,
1427 5449 1532 5488 non
1561 5432 1757 5488 habent
1782 5449 1914 5488 mea.

641 5516 666 5546 θ
711 5507 804 5562 Hic
833 5507 1104 5576 sequimur
1132 5506 1259 5576 Mss.
1285 5505 1503 5576 Ebroic.
1530 5505 1793 5573 aliosque.
1816 5504 2024 5572 Norm.,
2053 5514 2165 5576 tres

569 5578 807 5650 Anglic.,
854 5574 1080 5650 Vindoc.
1107 5575 1257 5650 (Editi
1301 5591 1420 5630 cum
1449 5575 1611 5630 Corb.
1648 5577 1856 5645 Germ-.,
1901 5592 1998 5646 pro
2026 5574 2166 5648 deri:

574 5648 779 5713 rantur,
809 5649 1007 5703 habent
1031 5648 1350 5708 debriantur.
1371 5653 1387 5668 ’

642 5720 673 5758 ά
714 5719 876 5787 Editi,
899 5722 1133 5786 vocandi,
1165 5717 1549 5774 reluctantibus
1569 5717 1692 5774 Mss.
1720 5716 1975 5785 Vindoc.,
1997 5717 2162 5776 Corb.

575 5788 788 5854 θίγω..
821 5789 1016 5857 Laud.,
1046 5789 1164 5844 Val.
1196 5790 1300 5853 CL,
1324 5787 1535 5859 Norm.,
1561 5798 1666 5845 etc.

651 5870 677 5899 ο
719 5858 948 5915 Additur
976 5863 1029 5916 in
1057 5859 1322 5918 nonnullis
1352 5860 1466 5936 Ed.
1485 5862 1539 5915 in
1567 5860 1914 5916 solitudinem.

2239 3307 2467 3373 vincula,
2496 3307 2622 3362 dum
2663 3307 2844 3361 divino
2887 3306 3153 3376 adjutorio
3193 3305 3395 3360 interna
3426 3302 3832 3358 desideriorum

2238 3399 2532 3455 carnalium
2585 3397 2874 3453 retinacula
2923 3397 3317 3466 dirumpuntur.
3363 3394 3497 3450 Cum
3545 3395 3693 3448 enim
3755 3395 3847 3462 pia

2241 3490 2463 3546 intentio
2503 3489 2569 3544 ad
2613 3491 3022 3549 conversionem
3063 3497 3240 3555 vocat,
3285 3487 3380 3544 sed
3427 3487 3604 3542 adhuc
3630 3487 3698 3539 ab
3729 3487 3844 3539 hac

2243 3585 2540 3640 intentione
2564 3583 2742 3639 carnis
2769 3582 3052 3638 inﬁrmitas
3078 3591 3314 3648 revocat,
3338 3581 3488 3649 quasi
3511 3577 3846 3650 quibusdam

2245 3674 2472 3730 vinculis
2500 3675 2700 3729 anima-
2721 3674 2878 3745 ligata
2908 3673 3249 3744 praepeditur.
3301 3673 3494 3726 Multos
3517 3671 3662 3726 enim
3693 3685 3856 3738 saepe

2243 3767 2490 3822 videmus
2532 3765 2547 3803 ί
2590 3768 2751 3821 vitam
2781 3766 2993 3836 quidem
3041 3773 3241 3822 sanctae
3277 3756 3704 3820 conversationis
3761 3774 3856 3830 ap-

2246 3866 2456 3928 petere;
2493 3856 2587 3912 sed
2619 3872 2684 3910 ne
2713 3855 2850 3911 hanc
2873 3855 3085 3925 assequi
3116 3854 3349 3918 valeant,
3381 3852 3537 3908 modo
3566 3853 3859 3906 irruentes

2245 3965 2422 4017 casus,
2456 3951 2617 4005 modo
2646 3949 2822 4004 futura
2857 3949 3081 4004 adversa
3113 3941 3421 4003 formidare.
3468 3940 3569 4014 Qui
3605 3945 3659 3999 in
3698 3953 3861 3998 certa

2248 4043 2387 4099 mala
2422 4043 2548 4098 dum
2592 4043 2747 4113 quasi
2781 4043 2923 4097 cauti
2971 4040 3339 4112 prospiciunt,
3384 4041 3436 4094 in
3489 4048 3861 4108 peccatorum

2249 4149 2467 4189 suorum
2495 4133 2722 4189 vinculis
2752 4132 2954 4188 incauti
2983 4133 3302 4188 retinentur.
3351 4129 3514 4185 Multa
3538 4130 3695 4184 enim
3733 4138 3864 4185 ante

2248 4227 2433 4282 oculos
2463 4234 2690 4296 ponunt,
2718 4239 2838 4297 qua:
2866 4226 2913 4280 si
2941 4227 3017 4282 eis
3044 4224 3098 4279 in
3127 4224 3533 4281 conversatione
3562 4224 3864 4289 eveniant,

2250 4320 2545 4375 subsistere
2583 4334 2643 4375 se
2681 4334 2786 4375 non
2824 4325 2988 4390 posse
3027 4318 3336 4374 formidant.
3379 4317 3455 4372 De
3481 4316 3688 4386 quibus
3724 4320 3866 4373 bene

2250 4413 2504 4470 Salomon
2554 4414 2629 4468 ait
2669 4430 2682 4466 :
2727 4411 2837 4466 Iter
2881 4412 3163 4483 pigrorum,
3211 4411 3357 4480 quasi
3397 4425 3538 4480 sepes
3579 4411 3866 4479 spinarum

2255 4504 2438 4577 (Prov.
2471 4520 2564 4572 xv,
2595 4505 2703 4573 i9).
2755 4503 2886 4560 Nam
2936 4519 3058 4559 cum
3096 4503 3234 4558 viam
3285 4502 3379 4557 Dei
3423 4509 3719 4571 appetunt,
3773 4516 3870 4557 eos

2175 4612 2229 4676 ι)
2253 4598 2401 4654 velut
2427 4599 2597 4670 spinae
2624 4598 2954 4653 obstantium
2991 4596 3200 4666 sepinm
3234 4595 3314 4650 sic
3345 4593 3701 4650 formidinum
3736 4609 3869 4648 sna-

2254 4708 2374 4748 rum
2421 4690 2683 4761 opposita:
2725 4689 3058 4760 suSpicio’nes
3089 4696 3349 4759 pungunt.
3397 4685 3548 4754 Quod
3577 4684 3714 4754 quia
3751 4686 3873 4740 ele-

2253 4795 2372 4841 ctos
2411 4783 2710 4854 praepedire
2740 4798 2853 4838 non
2881 4782 3039 4849 solet,
3070 4782 3208 4837 bene
3251 4781 3359 4835 illic
3399 4788 3618 4834 secutus
3661 4779 3870 4848 adjun-

2255 4878 2367 4949 git:
2402 4875 2502 4930 Via
2532 4879 2799 4948 justorum
2839 4875 3023 4946 absque
3069 4872 3378 4940 oﬂ'endiculo
3405 4870 3623 4944 (Ibid.).
3660 4873 3679 4920 l
3725 4871 3866 4927 Justi

2257 4971 2454 5040 quippe
2502 4967 2555 5022 in
2587 4970 2998 5024 conversatione
3042 4983 3137 5021 sua
3169 4965 3447 5037 quodlibet
3495 4965 3576 5018 eis
3606 4963 3860 5020 adversi-

2259 5064 2384 5118 tatis
2435 5059 2759 5127 obviaverit,
2816 5075 2921 5117 non
2970 5059 3308 5129 impingunt,
3369 5057 3494 5127 quia
3540 5055 3876 5124 temporalis

2261 5153 2600 5210 adversitatis
2650 5156 2674 5190 κ
2733 5151 3013 5207 obstacula
3076 5159 3292 5205 aeternas
3353 5146 3470 5218 spei
3533 5155 3590 5202 et
3634 5147 3886 5202 interna

2265 5246 2737 5316 contemplationis
2786 5247 2928 5300 saltu
2993 5241 3398 5300 transcendunt.
3448 5240 3625 5297 Solvit
3682 5241 3892 5310 itaque

2267 5429 2310 5486 Τ
2346 5356 2538 5485 ἱὋΕάη
2590 5359 2938 5414 stecularibus.
3001 5358 3288 5429 Sequimur
3332 5355 3580 5412 laudatos
3624 5357 3772 5412 Mss.
3831 5365 3893 5414 et

2316 5447 2346 5485 n
2415 5447 2469 5486 n.

2316 5447 2446 5485 lll‘OlI
2457 5477 2469 5486 .

2271 5588 2304 5646 q
2345 5510 2370 5548 ε
2402 5501 2533 5628 lVati.
2572 5498 2680 5572 CL,
2713 5503 3007 5558 desudetur.
3047 5502 3214 5562 Corb.
3250 5498 3432 5557 Germ.
3465 5499 3627 5556 habet
3655 5511 3896 5558 utram-

2309 5589 2374 5629 ue
2421 5589 2482 5628 ec
2512 5613 2526 5627 .

2309 5589 2374 5629 uc
2402 5589 2526 5628 leCl.

2341 5643 2371 5717 ξι
2411 5645 2604 5717 ωηο..
2638 5646 2798 5701 (Ξοώ.
2831 5645 3012 5701 Germ.
3045 5655 3100 5702 et
3130 5646 3293 5717 plur.,
3313 5645 3442 5715 jugo
3470 5643 3679 5699 servitii.

2344 5715 2361 5753 ί
2407 5715 2523 5771 Val.
2554 5720 2660 5786 CL,
2691 5723 2822 5770 t'.’a.n
2853 5719 3078 5787 quidem.

2344 5787 2357 5838 i
2409 5788 2601 5856 Lautl.,
2633 5794 2717 5842 isti
2745 5791 2952 5858 quippe.

2344 5858 2369 5896 ιε
2410 5859 2609 5916 Ριιειιει.
2643 5873 2694 5916 et
2723 5857 2882 5918 ουτω.
2918 5861 3131 5929 Germ.,
3162 5857 3496 5932 objectacula.
