4036 6348
379 287 487 346 553
1125 291 1486 350 MOBALIUM
1530 291 1659 349 LIB.
1703 289 1876 348 XXX.
1919 318 1988 330 —
2025 290 2088 344 IN
2132 293 2358 352 CAPUT
2401 295 2624 354 XXXIX
2664 297 2723 353 Β.
2767 296 2906 353 JOB.
3082 331 3086 346 ι
3561 296 3667 352 554

377 409 545 482 980
571 408 709 463 Deus
737 407 921 478 onagri
952 407 1190 475 vincula,
1234 409 1448 480 quando
1482 409 1548 465 ab
1593 411 1748 466 electi
1781 410 1966 464 unius-
1995 410 2050 469 A
2073 423 2202 480 ergo
2229 408 2252 445 ἀ
2282 427 2442 480 super
2472 427 2564 466 sex
2597 412 2803 467 cubitos
2841 412 3045 481 palmus
3090 411 3326 468 insinuat
3357 411 3568 483 (Genes.
3601 433 3664 485 ll,

377 501 634 572 cujusque
697 502 876 557 animo
939 501 1273 557 inﬁrmarum
1340 503 1728 573 cogitationum
1797 501 1966 557 nodos
2009 567 2020 576 ‘
2076 503 2148 571 l),
2178 503 2278 558 nisi
2308 505 2775 574 contemplationis
2809 505 2944 572 vim,
2969 521 3088 573 quae
3115 508 3224 575 jam
3265 505 3414 562 initia
3444 516 3665 564 aeterna:

377 595 594 665 rumpit,
646 603 699 650 et
753 595 1016 664 pr0pitius
1063 595 1289 666 dissipat
1339 612 1500 653 omne
1544 597 1684 668 quod
1736 597 1968 653 illectam
1997 604 2023 623 ‘
2071 605 2126 652 et
2167 599 2410 666 septimae
2450 600 2644 667 quietis
2680 599 3043 655 demonstrat?
3091 601 3224 668 Quia
3251 602 3393 656 enim
3427 611 3664 658 aeterno-

379 697 610 742 mentem
642 685 858 759 ligabat.
891 689 1146 759 Sequitur
1174 706 1188 742 :

967 782 1192 842 CAPUT
1233 783 1372 840 XVI.

449 869 614 928 Vens.
657 873 710 929 6.
736 902 806 914 —
828 874 923 930 Cui
947 876 1063 930 dedi
1093 878 1145 930 in
1170 879 1447 933 solitudine
1471 879 1699 946 domum,
1730 888 1776 934 et
1805 878 1969 932 taberv

380 966 570 1020 nacula
600 971 711 1035 eius
745 970 798 1023 in
828 980 965 1023 terra
994 973 1290 1042 salsuginis.

448 1060 539 1114 52.
583 1063 790 1128 Duplex
831 1066 1080 1131 solitudo,
1116 1068 1288 1121 cordis
1331 1077 1376 1122 et
1411 1068 1662 1133 corporis.
1709 1066 1838 1122 Ha'c
1864 1067 1974 1121 sine

378 1149 485 1203 alia
522 1166 626 1204 non
663 1153 891 1221 prodest.
914 1186 983 1196 —
1008 1157 1122 1211 Hoc
1171 1157 1290 1212 loco
1328 1159 1673 1214 solitudinem
1719 1159 1976 1214 debemus

378 1242 680 1313 intelligere
747 1248 1028 1316 corporis,
1078 1264 1144 1303 an
1193 1249 1538 1306 solitudinem
1607 1252 1821 1306 cordis?
1869 1251 1974 1308 Sed

378 1336 502 1406 quid
537 1337 759 1407 prodest
797 1342 1032 1398 solitudo
1075 1346 1350 1414 corporis,
1382 1347 1426 1401 si
1466 1345 1700 1402 solitudo
1747 1347 1978 1401 defuerit

380 1428 595 1484 cordis?
624 1431 728 1497 Qui
779 1433 923 1487 enim
982 1450 1213 1507 corpore
1260 1449 1500 1492 remotus
1549 1439 1696 1503 vivit,
1745 1439 1838 1494 sed
1888 1448 1974 1492 tu-

376 1522 642 1580 multibus
680 1529 1108 1584 conversationis
1148 1531 1398 1586 humana:
1451 1542 1784 1588 terrenorum
1828 1533 1975 1588 desi-

379 1614 653 1671 deriorum
683 1619 1103 1691 cogitationibus
1131 1638 1190 1678 se
1220 1622 1428 1688 inserit,
1464 1640 1569 1679 non
1600 1635 1682 1679 est
1710 1625 1762 1680 in
1793 1627 1978 1680 solitu-

381 1707 523 1762 dine.
556 1707 612 1762 Si
644 1726 772 1766 vero
802 1723 1075 1781 prematur
1109 1715 1302 1784 aliquis
1328 1718 1680 1786 corporaliter
1707 1718 1977 1787 populari-

2072 709 2189 747 rum
2238 694 2622 761 contemplatio
2671 695 2754 748 hic
2806 695 3024 749 minime
3073 697 3361 765 perlicitur,
3414 712 3666 752 mensura

2072 785 2286 853 septimi
2316 786 2478 841 cubiti
2509 803 2614 841 non
2648 788 2910 856 expletur.
2945 789 3244 843 Electorum
3286 789 3462 858 itaque
3493 790 3670 844 eccle—

2071 877 2172 943 sia,
2209 886 2231 914 ο
2263 879 2384 948 quia
2438 889 2630 934 cuncta
2679 897 2798 948 quae
2845 881 3124 949 Oper-arida
3164 889 3289 936 sunt
3335 882 3563 950 perlicit,
3615 883 3669 936 itt

2075 983 2170 1023 sex
2215 971 2408 1026 cubitis
2453 987 2574 1026 sese
2624 971 2674 1026 in
2725 983 2906 1027 monte
2950 973 3124 1042 posita
3174 972 3366 1028 civitas
3413 974 3668 1029 ostendit.

2076 1059 2212 1126 Quia
2278 1075 2407 1115 vero
2468 1060 2556 1114 hic
2595 1061 2770 1115 adnue.
2824 1061 2934 1115 sola
2996 1062 3144 1116 initia
3202 1064 3674 1134 contemplationis

2079 1152 2244 1224 981
2279 1153 2516 1222 inspicit,
2559 1152 2628 1208 de
2667 1153 2897 1222 septimo
2935 1153 3117 1208 cubito
3156 1168 3260 1208 non
3301 1155 3403 1210 nisi
3441 1154 3675 1225 palmum

2078 1244 2267 1311 tangit.

2152 1336 2243 1389 54.
2292 1334 2506 1390 Culmen
2537 1336 2978 1406 contemplationis
3008 1353 3111 1390 non
3155 1338 3446 1406 attingitur,
3480 1340 3577 1392 nisi
3614 1338 3678 1391 ab

2079 1428 2387 1480 exteriorum
2405 1445 2647 1482 curarum
2664 1430 2991 1497 Oppressione
3011 1429 3674 1485 liberemur.—Sciendum

2079 1533 2210 1573 vero
2241 1530 2325 1575 est
2373 1520 2494 1590 quia
2558 1535 2892 1590 nequaquam
2936 1520 3150 1576 culmen
3206 1522 3680 1591 contemplationis

2083 1614 2419 1684 attingimus,
2449 1615 2493 1668 si
2526 1630 2631 1670 non
2682 1615 2748 1668 ab
2797 1615 3081 1670 exterioris
3129 1631 3293 1693 curte
3328 1617 3683 1684 Oppressione

2083 1725 2376 1765 cessemus.
2405 1710 2748 1780 Nequaquam
2771 1714 3131 1786 nosmetipsos
3149 1714 3443 1781 intuemur,
3466 1723 3524 1769 ut
3544 1715 3683 1770 scia-

383 1801 482 1856 bus
512 1804 706 1870 turbis,
739 1812 794 1860 et
825 1814 1002 1861 tamen
1028 1807 1206 1863 nullos
1235 1810 1848 1864 curarum-saecularium
1898 1820 1979 1864 tu-
2007 1794 2058 1855 Β
2085 1816 2202 1856 mus
2245 1801 2386 1855 aliud
2445 1802 2495 1856 in
2546 1801 2699 1857 nobis
2727 1817 2852 1858 esse
2880 1804 3140 1862 rationale
3166 1807 3307 1876 quod
3338 1807 3495 1876 regit.
3535 1805 3683 1862 aliud

383 1893 582 1949 multus
623 1896 676 1950 in
723 1897 886 1951 corde
935 1897 1189 1966 patiatur,
1237 1914 1344 1954 non
1391 1909 1473 1956 est
1514 1901 1568 1956 in
1598 1900 1749 1956 urbe.
1797 1901 1978 1972 Itaque

384 1982 518 2041 bene
551 1989 1000 2045 conversantibus
1027 1993 1257 2060 primum
1296 1992 1530 2047 solitudo
1562 1993 1756 2048 mentis
1787 1995 1976 2049 tribui-

385 2085 488 2142 tur,
518 2087 575 2132 ut
609 2091 988 2151 exsurgentem
1037 2085 1365 2138 intrinsecus
1409 2085 1692 2153 strepitum
1739 2095 1978 2142 terreno-

382 2185 501 2225 rum
535 2171 931 2229 desideriorum
965 2187 1233 2244 premant,
1268 2187 1327 2231 ut
1363 2177 1680 2234 ebullientes
1709 2187 1735 2216 α
1766 2180 1834 2234 ab
1864 2181 1982 2236 inli-

381 2263 483 2317 mis
530 2277 689 2320 curas
737 2266 917 2321 cordis
968 2285 1061 2336 per
1109 2271 1328 2339 superni
1376 2271 1603 2340 gratiam
1656 2274 1983 2343 restringant

380 2357 596 2425 amoris,
642 2376 935 2432 omnesque
982 2372 1156 2416 motus
1202 2363 1508 2431 importune
1539 2381 1598 2421 se
1635 2367 1978 2423 ollerentium

381 2449 576 2504 levium
604 2453 1006 2522 cogitationum,
1037 2457 1191 2524 quasi
1227 2458 1486 2523 quasdam
1522 2451 1982 2515 'circumvolanles

383 2556 597 2598 muscas
641 2545 710 2599 ab
749 2548 921 2601 oculis
970 2549 1169 2602 mentis
1210 2549 1427 2618 abigant
1473 2566 1632 2604 manu
1681 2551 1980 2619 gravitatis,

385 2644 440 2688 et
489 2635 758 2704 quoddam
813 2639 918 2693 sibi
969 2656 1091 2694 cum
1137 2640 1364 2694 Domino
1412 2643 1550 2696 intra
1606 2659 1664 2698 se
1719 2654 1982 2699 secretum

386 2739 649 2795 quaerant,
682 2729 770 2783 ubi
802 2745 924 2784 cum
957 2732 1045 2784 illo
1076 2733 1327 2787 exteriori
1359 2745 1605 2790 cessante
1634 2737 1859 2806 strepitu
1892 2751 1985 2805 per

386 2819 596 2876 interna
629 2823 897 2877 desideria
931 2826 1155 2881 silenter
1189 2828 1494 2895 loquantur.

465 2908 607 2987 [νει.
642 2914 884 2988 ΜΝ]
925 2916 1013 2972 55.
1057 2918 1334 2972 Silentium
1379 2922 1848 2989 contemplationis,
1888 2921 1984 2975 hac

387 3007 442 3061 in
477 3009 578 3062 vita
619 3025 720 3062 non
766 3018 932 3078 potest
975 3027 1081 3064 esse
1125 3012 1427 3080 perlectum.
1449 3043 1520 3054 —
1543 3014 1620 3067 De
1650 3014 1748 3068 hoc
1777 3023 1986 3069 secreto

389 3103 566 3159 cordis
591 3103 721 3157 alias
751 3104 952 3159 dictum
979 3114 1060 3160 est
1087 3124 1097 3157 :
1125 3103 1352 3159 Factum
1374 3118 1445 3161 est
1465 3109 1728 3162 silentium
1756 3107 1810 3161 in
1835 3107 1982 3173 coelo,

397 3197 545 3266 quasi
593 3197 809 3251 dimidia
855 3199 983 3251 liora
1023 3199 1206 3270 (Apoc.
1249 3215 1372 3266 vttt,
1408 3200 1486 3270 I).
1538 3200 1742 3256 Caelum
1791 3202 1986 3271 quippe

391 3289 617 3344 ecclesia
646 3301 867 3345 vocatur
899 3292 1218 3357 electorum,
1253 3309 1374 3364 qua:
1404 3294 1471 3347 ad
1503 3304 1700 3349 aeterna
1733 3305 1786 3350 et
1817 3295 1985 3350 subli—

391 3381 496 3436 mia
523 3381 650 3436 dum
683 3399 776 3451 per
809 3384 1238 3440 sublevationem
1287 3388 1760 3456 contemplationis
1810 3390 1983 3444 intert-

392 3477 490 3542 dit,
522 3487 802 3547 surgentes
830 3479 897 3534 ab
930 3480 1128 3533 inlimis
1155 3481 1538 3549 cogitationum
1573 3483 1829 3536 tumultus
1859 3498 1985 3551 pre-

392 3569 508 3633 mit,
554 3581 712 3640 atque
761 3571 898 3626 intra
946 3587 1002 3630 se
1047 3572 1156 3628 Deo
1202 3574 1469 3643 quoddam
1513 3575 1785 3630 silentium
1833 3573 1981 3630 facit.

394 3662 547 3727 Quod
575 3665 788 3733 quidem
821 3666 1091 3721 silentium
1124 3669 1612 3738 contemplationis,
1645 3670 1767 3738 quia
1801 3669 1853 3722 in
1887 3672 1985 3725 hac

394 3761 498 3814 vita
529 3776 632 3815 non
665 3770 842 3831 potest
870 3778 989 3818 esse
1018 3763 1342 3832 perlectum,
1378 3765 1575 3819 factum
1602 3765 1824 3819 dimidia
1855 3767 1984 3819 hora

394 3854 608 3909 dicitur.
643 3853 904 3910 bNolenti
956 3858 1151 3927 quippe
1190 3857 1368 3911 animo
1415 3858 1542 3912 dum
1599 3859 1982 3928 cogitationum

395 3950 702 4003 tumultuosi
753 3964 814 4004 se
854 3950 1110 4018 strepitus
1152 3950 1418 4020 ingerunt,
1462 3934 1621 4004 etiam
1669 3949 1988 4005 sublimibus

395 4037 788 4108 intendentem,
821 4058 1034 4096 rursum
1066 4043 1132 4096 ad
1163 4041 1494 4110 respicienda
1547 4051 1759 4097 terrena
1807 4041 1988 4098 cordis

395 4133 608 4186 oculum
639 4131 900 4188 violenter
930 4133 1164 4188 trahunt.
1212 4134 1365 4190 Unde
1391 4134 1647 4203 scriptum
1675 4143 1758 4188 est
1800 4152 1811 4186 :
1859 4134 1988 4188 Cor-

399 4238 496 4291 pus
519 4223 658 4292 quod
696 4226 1065 4296 corrumpitur,
1093 4237 1340 4297 aggravat
1383 4228 1608 4281 animam
1627 4269 1639 4290 ,
1673 4237 1721 4281 et
1751 4227 1989 4298 deprimit

399 4323 600 4367 'errena
631 4314 930 4369 inltabitatio
959 4332 1168 4369 sensum
1193 4318 1355 4371 multa
1385 4319 1688 4388 cogitantem
1712 4317 1873 4388 (Sap.
1913 4333 1987 4380 lx,

398 4406 512 4474 15).
558 4407 698 4462 Bene
736 4422 864 4478 ergo
906 4407 1102 4462 factum
1145 4407 1250 4463 hoc
1293 4409 1563 4464 silentium
1607 4425 1714 4464 non
1757 4410 1987 4478 integra,

398 4498 491 4553 sed
529 4500 744 4556 dimidia
790 4503 921 4555 hora
963 4502 1303 4566 describitur,
1333 4503 1459 4572 quia
1493 4503 1579 4557 hic
1611 4502 1992 4572 contemplatio

2084 1893 2316 1947 animale
2344 1894 2486 1962 quod
2512 1895 2741 1966 regitur,
2775 1896 2878 1949 nisi
2907 1895 2972 1949 ad
2999 1906 3266 1952 secretum
3296 1898 3453 1966 hujus
3479 1897 3684 1954 silentii

2084 1997 2446 2053 recurrentes,
2475 1988 2546 2041 ab
2581 1988 2727 2042 omni
2769 1989 3007 2044 exterius
3056 1991 3461 2059 perturbatione
3498 1990 3682 2062 sopia-

2083 2072 2224 2131 mui'.
2249 2078 2404 2145 Quod
2435 2079 2709 2133 silentium
2738 2091 2979 2134 nostrum
3010 2081 3147 2137 bene
3167 2083 3328 2137 etiam
3354 2082 3523 2138 Adam
3555 2082 3685 2138 dor-

2085 2172 2257 2226 miens
2319 2172 2564 2243 ﬁguravit
2595 2171 2814 2243 (Ibid.),
2849 2175 2916 2229 de
2962 2175 3115 2244 cujus
3146 2190 3271 2231 mox
3300 2175 3469 2231 latere
3492 2176 3685 2231 mulier

2087 2265 2367 2335 processit,
2401 2267 2526 2336 quia
2555 2266 2801 2336 quisquis
2836 2267 2902 2320 ad
2932 2269 3187 2322 interiora
3219 2269 3567 2340 intelligenda
3595 2284 3687 2323 ra-

2087 2360 2250 2427 pitur,
2283 2373 2314 2412 a
2370 2360 2531 2414 rebus
2561 2359 2862 2414 visibilibus
2912 2359 3096 2415 oculos
3132 2359 3363 2428 claudit;
3394 2372 3448 2416 et
3479 2371 3604 2416 tunc
3632 2361 3687 2418 in

2087 2451 2382 2519 semetipso
2407 2452 2488 2505 vel
2512 2466 2632 2520 qua;
2660 2465 2896 2520 praeesse
2925 2451 3150 2506 viriliter
3177 2451 3428 2518 debeant,
3456 2453 3543 2507 vel
3566 2467 3690 2523 qua:

2092 2543 2318 2598 subesse
2349 2544 2557 2611 possint
2589 2542 2801 2598 inﬁrma
2834 2543 3132 2612 distinguit,
3166 2553 3223 2598 ut
3253 2545 3395 2600 aliud
3423 2545 3474 2598 in
3503 2545 3592 2601 illo
3619 2546 3690 2601 sit

2089 2637 2234 2706 quod
2285 2652 2474 2706 regere
2503 2635 2675 2689 valeat
2706 2644 2958 2706 tanquam
2992 2639 3093 2702 vir,
3125 2638 3268 2692 aliud
3305 2649 3556 2708 tanquam
3600 2640 3686 2694 fe-

2090 2730 2236 2784 mina
2282 2730 2424 2798 quod
2472 2739 2714 2800 regatur.
2746 2729 2802 2782 In
2861 2727 2968 2783 hoc
3007 2729 3189 2799 itaque
3237 2731 3451 2786 silentio
3481 2732 3684 2801 cordis,

2095 2823 2222 2876 dum
2251 2837 2346 2890 per
2373 2823 2885 2890 contemplationem
2937 2811 3161 2877 interius
3194 2824 3501 2894 vigilamus,
3525 2833 3684 2880 exte-

2092 2917 2205 2970 rius
2237 2915 2387 2983 quasi
2412 2914 2885 2970 obdormiscimus.
2919 2914 3055 2981 Quia
3098 2931 3227 2986 ergo
3258 2917 3451 2972 remoti
3479 2917 3602 2982 viri,
3636 2917 3689 2972 id

2091 3018 2222 3066 esta
2245 3008 2532 3064 desideriis
2563 3007 2872 3064 carnalibus
2901 3010 3081 3076 alieni,
3104 3009 3207 3066 hoc
3232 3011 3503 3067 silentium
3534 3026 3685 3067 men-

2096 3103 2165 3156 tis
2187 3102 2511 3168 inhabitant,
2537 3101 2663 3158 huic
2685 3117 2889 3172 onagro
2911 3102 3169 3159 Dominus
3198 3104 3254 3160 in
3281 3105 3574 3161 solitudine
3594 3106 3691 3162 do-

2013 3183 2064 3250 C
2095 3210 2238 3248 mum
2263 3193 2431 3258 dedit,
2463 3203 2524 3250 ut
2553 3194 2704 3250 turba
2734 3194 3127 3251 desideriorum
3173 3197 3549 3266 tempdralium
3582 3213 3692 3254 non

2203 3298 2384 3341 natur.

2203 3305 2237 3341 n
2281 3302 2296 3341 l
2369 3327 2384 3341 .

2089 3302 2443 3449 prfli'3t.u.rXX
2456 3377 2547 3452 V.]
2577 3378 2668 3436 55.
2699 3381 2884 3436 Sancti
2909 3382 3140 3453 quandiu
3184 3383 3359 3437 vivunt
3378 3424 3395 3452 ,
3425 3382 3682 3438 desiderio

2087 3497 2322 3553 supernte
2341 3484 2794 3552 patritcgestuant.
2835 3511 2898 3522 —-
2924 3481 3178 3553 Sequitur
3205 3499 3219 3536 :
3248 3480 3318 3535 Et
3363 3483 3690 3539 tabernacula

2089 3577 2199 3644 ejus
2228 3574 2281 3626 in
2320 3582 2458 3627 terra
2487 3575 2786 3645 salsuginis.
2811 3573 3038 3644 Salsugo
3081 3574 3378 3630 accendere
3411 3575 3555 3630 sitim
3599 3591 3690 3632 so-

2089 3665 2184 3721 let.
2214 3666 2282 3720 Et
2308 3666 2433 3736 quia
2461 3669 2632 3721 sancti
2668 3668 2769 3722 viri
2791 3667 3028 3736 quandiu
3052 3668 3107 3722 in
3134 3668 3293 3739 hujus
3341 3669 3465 3723 vitae
3508 3669 3687 3725 taber-

2091 3758 2298 3812 naculis
2344 3757 2566 3829 degunt,
2591 3758 2658 3812 ad
2698 3773 2986 3826 supernam
3044 3762 3265 3826 patriam
3296 3761 3552 3817 desiderii
3604 3764 3688 3817 sui

2091 3850 2417 3920 quotidianis
2469 3851 2686 3905 testibus
2713 3851 3101 3920 accenduntur,
3127 3854 3180 3907 in
3206 3863 3350 3908 terra
3397 3855 3687 3924 salsuginis

2094 3943 2441 3998 tabernacula
2488 3943 2691 3998 habere
2722 3945 3100 4012 perhibentur.
3127 3947 3467 4003 lncessanter
3493 3949 3691 4020 quippe

2092 4037 2466 4092 accenduntur
2496 4045 2555 4092 ut
2607 4038 2824 4103 sitiant,
2857 4039 3046 4094 sitiunt
3089 4050 3144 4094 ut
3199 4041 3495 4108 satientur;
3553 4045 3692 4097 sicut

2093 4129 2351 4200 scriptum
2382 4138 2466 4200 est
2498 4148 2510 4182 :
2545 4129 2694 4184 Beati
2723 4132 2812 4199 qui
2850 4131 3086 4186 esuriant
3118 4142 3165 4188 et
3200 4136 3377 4189 sitiunt
3409 4137 3690 4207 justitiam,

2093 4224 2337 4288 quoniam
2363 4223 2464 4293 ipsi
2483 4225 2852 4278 saturabuntur
2878 4223 3094 4290 (Matth.
3127 4243 3178 4292 ν,
3212 4225 3289 4298 6).
3317 4228 3574 4300 Sequitur
3602 4247 3617 4286 :

2683 4317 2913 4374 CAPUT
2937 4318 3096 4373 XVII.

2171 4410 2334 4466 Vens.
2362 4409 2791 4476 7.—1Cont,emnit
2821 4411 3206 4467 multitudinem
3231 4413 3474 4470 civitatis.

2170 4499 2258 4556 56.
2284 4500 2626 4556 Terrenorum
2656 4503 2919 4555 hominum
2947 4503 3331 4559 multitudinem
3376 4509 3519 4578 sequi
3544 4509 3694 4565 dedi-

400 4606 732 4663 neqnaquam
773 4594 1066 4664 perﬁcitur,
1103 4570 1365 4664 quamvis
1389 4593 1643 4649 ardenter
1686 4570 1987 4650 inchoetur.
2017 4570 2074 4634 D
2098 4602 2420 4664 gnantur.—-
2436 4592 2828 4648 Multitudinem
2854 4593 3088 4649 civitatis
3119 4606 3465 4654 contemnere
3491 4609 3576 4656 est
3597 4602 3696 4656 lm-

399 4685 552 4751 Qttod
595 4688 755 4740 etiam
785 4702 880 4755 per
911 4687 1252 4743 Ezechielem
1285 4688 1598 4758 prophetam
1630 4698 1993 4758 congruenter

400 4780 716 4849 exprimitur
755 4780 966 4850 (Ezech.
1000 4799 1088 4849 XL,
1128 4780 1205 4850 5),
1239 4782 1324 4852 qui
1357 4795 1454 4850 pro
1482 4795 1735 4836 mensura
1764 4780 1996 4835 civitatis

400 4871 456 4926 in
487 4881 668 4927 monte
696 4874 946 4938 conditae,
990 4875 1042 4928 in
1083 4887 1244 4928 manu
1273 4872 1373 4927 viri
1417 4872 1678 4927 calamum
1711 4887 1807 4927 sex
1839 4871 1992 4927 cubi-

403 4971 650 5035 torum‘c
700 4973 755 5019 et
803 4964 990 5034 palmi,
1026 4981 1086 5020 se
1131 4965 1328 5022 vidisse
1386 4974 1629 5020 testatur.
1698 4967 1754 5020 In
1811 4976 1994 5022 monte

402 5057 597 5125 quippe
642 5058 934 5110 electorum
981 5057 1208 5112 ecclesia
1251 5059 1350 5113 sita
1383 5068 1485 5124 est,
1519 5059 1643 5127 quia
1689 5057 1909 5113 Iundata
1943 5060 1994 5112 in

407 5145 599 5203 inﬁmis
628 5148 908 5203 desideriis
938 5163 1044 5203 non
1075 5159 1178 5204 est.
1229 5150 1365 5216 Quid
1397 5159 1578 5206 autem
1610 5166 1703 5219 per
1733 5150 1996 5218 cubitum,

344 5297 352 5306 ι
408 5237 507 5292 nisi
554 5241 834 5310 operatio;
886 5239 1010 5310 quid
1060 5255 1156 5309 per
1200 5243 1470 5295 senarium
1521 5256 1841 5307 numerum,
1894 5243 1997 5296 nisi

369 5326 662 5401 'periectio
704 5333 1030 5400 operationis
1068 5331 1388 5396 ostenditur,
1439 5332 1561 5401 quia
1607 5341 1661 5387 et
1709 5342 1862 5387 sexto
1908 5333 1997 5388 die

403 5435 596 5482 cuncta
643 5440 804 5495 opera
854 5425 1106 5481 Dominus
1147 5425 1395 5492 explesse
1443 5424 1815 5478 memoratur?
1859 5425 1999 5488 Quid

409 5632 424 5645 .
476 5569 505 5645 ξ
545 5561 748 5618 Turon.
779 5571 831 5617 et
857 5561 974 5618 Val.
1006 5561 1112 5629 Cl.,
1144 5562 1212 5616 ad
1252 5562 1450 5631 inﬁma.
1481 5560 1642 5616 Corb.
1676 5558 1884 5628 Germ.,
1921 5563 1990 5616 ad

406 5645 458 5686 in
505 5649 633 5687 rma.

464 5632 516 5786 lli"
545 5705 623 5759 Pl.
643 5705 866 5786 _Nortn.,
893 5707 1086 5786 nolenti
1109 5706 1296 5774 quippe
1320 5705 1492 5786 animo
1514 5704 1883 5786 cogitationum
1915 5717 1994 5760 tu-

405 5774 653 5848 multuosi
679 5794 734 5831 se
751 5777 1268 5848 strepitusingerunt,
1302 5787 1347 5830 et
1363 5780 1476 5848 jam
1495 5774 1814 5832 sublimibus.

485 5858 506 5882 ο
551 5847 772 5913 Pratel.,
805 5847 966 5914 Utic.,
999 5847 1194 5914 Laud.,
1229 5847 1340 5903 Val.
1367 5847 1478 5917 CL,
1507 5859 1551 5903 et
1590 5849 1782 5916 palmo.

696 5942 967 6005 PATROL.
1010 5939 1294 6002 LXXVI.

2101 4700 2276 4740 mante
2321 4683 2763 4740 conversationis
2791 4699 2953 4753 prava
2982 4685 3158 4741 studia
3186 4687 3446 4760 devitarc,
3482 4702 3538 4747 ut
3583 4693 3696 4764 jam

2102 4792 2210 4832 non
2239 4778 2401 4832 libeat
2426 4784 2769 4832 terrenorum
2803 4777 3101 4846 hominum,
3131 4779 3223 4850 qui
3275 4797 3383 4850 prae
3411 4785 3693 4840 abundan-

2099 4875 2172 4929 tia
2202 4874 2499 4945 iniquitatis
2522 4873 2675 4930 multi
2696 4884 2841 4941 sunt,
2862 4876 3101 4946 perditos
3120 4894 3299 4937 mores
3324 4881 3544 4940 imitari.
3562 4884 3697 4940 Cum

2100 4968 2290 5037 paucis
2315 4982 2552 5037 namque
2581 4968 2788 5038 ingredi
2809 4977 3089 5040 angustam
3125 4983 3334 5042 portam
3362 4975 3694 5041 desiderant,

2105 5068 2161 5114 et
2187 5074 2298 5114 non
2319 5074 2441 5114 cum
2469 5059 2652 5114 multis
2681 5061 2785 5116 lata
2816 5062 3011 5118 itinera
3047 5063 3254 5134 ingredi
3283 5074 3700 5136 appetunt,qu5e

2104 5153 2172 5208 ad
2205 5153 2479 5208 interitum
2500 5153 2704 5210 ducunt
2733 5154 2951 5224 (Matth.
2979 5172 3072 5225 vn,
3101 5157 3217 5229 15).
3245 5159 3485 5215 Solerter
3500 5160 3699 5230 quippe

2105 5263 2134 5302 a
2161 5259 2267 5317 quo
2316 5255 2372 5302 et
2423 5248 2490 5303 ad
2521 5240 2650 5320 quid
2679 5260 2804 5305 sunt
2842 5253 3006 5307 creati
3061 5253 3430 5322 conspiciunt,
3462 5262 3515 5309 et
3556 5264 3698 5308 recta

2107 5339 2543 5395 consideratione
2574 5352 2810 5413 accepta:
2841 5344 3090 5414 imaginis
3110 5346 3260 5414 sequi
3288 5345 3432 5414 vulgi
3458 5347 3698 5402 multitu-

2106 5432 2287 5491 dinem
2309 5433 2688 5504 dedignantur.
2718 5433 2872 5490 Unde
2897 5443 2952 5490 et
2981 5435 3164 5505 sponsi
3206 5450 3336 5492 voce
3380 5451 3596 5508 sponse
3645 5441 3702 5500 in
3752 5432 3764 5448 ”

2173 5567 2201 5608 ά
2245 5571 2412 5643 Laud.
2445 5583 2498 5626 et
2526 5572 2640 5627 Val.
2673 5571 2778 5638 CL,
2812 5589 2963 5643 super
2985 5575 3230 5630 cubitum.

2173 5651 2196 5720 ξ’
2236 5642 2485 5722 Vindom,
2518 5643 2739 5722 quiadd
2774 5642 2957 5722 cuncta
2986 5662 3099 5716 qua:
3132 5651 3395 5716 operando
3432 5661 3549 5706 sunt
3581 5670 3702 5722 pro-

2100 5713 2228 5789 licit,
2253 5784 2262 5789 _
2289 5714 2340 5764 in
2399 5729 2486 5789 sec
2529 5714 2738 5789 cubitos
2793 5731 2902 5769 sese
2940 5713 3006 5771 in
3035 5713 3203 5774 monte
3241 5723 3410 5789 posita
3449 5713 3699 5780 extendit.

2103 5784 2318 5840 Ebsoic.
2354 5791 2407 5838 et
2434 5783 2502 5837 al.
2529 5783 2738 5852 Norm.,
2768 5789 2890 5858 quia
2911 5789 2979 5843 ad
3000 5783 3299 5853 cuncta..,..
3330 5797 3553 5864 pro/icit.

3389 5949 3460 6014 18
