3976 6348
410 322 517 381 555

1637 319 1882 380 SANCTI‘
1917 310 2245 375 crteconu
2283 292 2503 387 uacui

3565 317 3670 375 sm

407 435 643 494 canticis
684 442 1017 495 canticorum
1072 440 1263 494 dicitur
1293 459 1303 493 ;
1340 441 1456 495 tvm
1504 444 1799 512 cognoveris
1850 449 1927 505 te,
1955 455 1985 490 ο
2012 434 2063 494 Δ
2089 448 2227 487 mus.
2256 431 2525 489 Incassum
2558 447 2786 503 namque
2806 443 2990 489 contra
3012 436 3310 493 exteriores
3349 436 3675 492 iuimicosin

409 529 627 600 pulchra
668 532 800 585 inter
852 532 1106 596 mulieres,
1147 532 1406 604 egredere,
1431 544 1476 587 et
1500 532 1583 587 abi
1630 546 1744 603 post
1785 532 1991 603 vestigia

412 637 641 692 gregum,
670 628 719 675 et
747 637 894 688 pasce
926 621 1100 676 Ittedos
1130 632 1240 677 tuos
1266 621 1443 693 (Cant.
1468 640 1508 689 ι,
1533 626 1608 694 7).
1637 624 1990 693 Semetipsam

414 725 642 780 namque
671 726 731 765 ea
760 726 876 778 qua:
899 721 980 766 est
1013 712 1229 781 pulchra
1256 713 1391 768 inter
1421 714 1671 770 mulieres
1694 713 1991 784 cognoscit,

414 802 627 870 quando
652 802 822 857 electa
845 817 1073 872 quaeque
1096 804 1274 859 anima
1322 806 1487 861 etiam
1516 805 1656 861 inter
1709 813 1993 874 peccantes

417 893 586 960 posita
617 892 739 963 quia
770 892 836 947 ad
868 895 1101 971 auctoris
1129 896 1215 949 sui
1252 896 1539 969 imaginem
1598 914 1659 953 ac
1689 896 1995 954 similitudi-

416 998 539 1038 nem
561 984 632 1039 sit
659 985 878 1040 condita
904 988 1148 1042 meminit
1174 987 1385 1060 (Genes.
1414 1009 1450 1062 t,
1478 993 1591 1061 '26),
1623 1004 1677 1047 et
1700 990 1850 1061 juxta
1872 1006 1994 1062 per-

415 1086 584 1147 cepta:
613 1078 976 1134 similitudinis
1006 1082 1249 1137 ordinem
1292 1084 1509 1140 incedit.
1538 1085 1667 1152 Qum
1715 1087 1759 1139 si
1800 1102 1856 1139 se
1889 1100 1994 1139 non

388 1169 710 1239 ‘LOﬁDOSCil,
736 1170 1025 1239 egreditur,
1052 1173 1172 1241 quia
1228 1190 1257 1228 a
1308 1188 1517 1231 secreto
1572 1178 1652 1231 sui
1695 1177 1871 1231 cordis
1906 1192 1997 1263 ex:

330 1286 337 1295 -
418 1264 605 1326 pulsa,
657 1260 708 1315 in
763 1264 1123 1319 exterioribus
1180 1269 1627 1336 concupiscentiis
1680 1260 1994 1339 dissipatur.

418 1350 644 1419 Egressa
674 1369 800 1409 vero
840 1356 951 1409 abit
1000 1367 1118 1425 post
1146 1360 1367 1427 vestigia
1408 1377 1646 1431 gregum,
1686 1370 1712 1397 ει
1738 1361 1859 1430 quia
1901 1374 1998 1415 sua

417 1445 620 1501 interna
644 1448 918 1516 deserens,
952 1451 1202 1506 adlatam
1233 1454 1481 1509 videlicet
1506 1456 1642 1509 viam
1672 1455 1906 1520 ducitur,
1944 1464 1997 1509 et

416 1530 658 1609 sequitur
687 1545 930 1611 exempla
983 1542 1326 1614 populorum.
1354 1548 1463 1602 Nec
1507 1547 1619 1618 jam
1678 1563 1876 1618 agnos,
1904 1549 1998 1603 sed

416 1632 600 1687 haedos
624 1635 813 1702 pascit,
840 1638 963 1703 quia
1004 1653 1109 1690 non
1132 1638 1375 1694 innoxius
1396 1641 1749 1707 cogitationes
1781 1641 1995 1705 mentis,

411 1726 505 1780 sed
532 1727 736 1781 nutrire
762 1742 954 1797 pravos
979 1741 1151 1785 metus
1188 1731 1365 1786 carnis
1421 1733 1666 1787 intendit.
1697 1732 1829 1799 Quia
1867 1749 1999 1803 ergo

2096 540 2286 595 campo
2314 526 2515 583 bellum
2543 527 2763 598 geritur,
2798 528 2843 582 si
2875 531 3013 585 intra
3057 532 3170 600 ipsa
3192 530 3343 587 urbis
3369 533 3568 587 muenia
3597 532 3677 589 ci-

2096 619 2177 673 vis
2200 619 2459 675 insidians
2483 620 2726 676 habetur.
2762 621 2911 677 Mens
2931 638 3143 692 quoque
3170 623 3281 692 ipsa
3303 624 3561 680 certantis
3580 622 3682 679 sub

2097 709 2246 778 gravi
2294 708 2626 766 confusionis
2670 710 2934 766 dedecore
2977 728 3006 766 a
3066 713 3324 783 spiritalis
3369 715 3683 771 certaminis

2098 801 2479 869 congressione
2525 800 2832 870 repellitur,
2873 801 3091 871 quando
3136 804 3347 861 infirma
3393 805 3447 860 in
3503 805 3687 860 carnis

2099 889 2286 957 proelio
2314 890 2453 959 gulae
2481 889 2673 961 gladiis
2698 891 2946 946 confossa
2986 900 3286 971 superatur.
3310 892 3441 950 Nam
3471 909 3592 949 cum
3625 911 3717 950 se-

2100 979 2278 1049 parvis
2310 968 2577 1051 prosterni
2601 982 2884 1057 conSpicit,
2915 968 3204 1056 conﬂigere
3243 986 3540 1057 majoribus
3562 1001 3690 1042 ert.-

2100 1058 2287 1129 bescit.
2944 1078 2958 1095 ‘

2170 1165 2262 1220 59.
2288 1167 2390 1234 Qui
2422 1169 2593 1238 gulam
2615 1167 2852 1222 edomare
2890 1184 2991 1223 non
3011 1180 3212 1237 curant,
3239 1172 3443 1253 incaute
3473 1176 3541 1225 ad
3575 1175 3690 1241 spi-

2101 1256 2273 1311 ritalia
2300 1258 2435 1312 bella
2464 1260 3129 1329 consurgunt.—Nonnulli
3159 1278 3285 1319 vero
3305 1263 3549 1319 ordinem
3570 1279 3696 1320 cer-

2103 1350 2321 1403 taminis
2373 1351 2677 1420 ignorantes
2702 1392 2717 1415 ,
2748 1353 3005 1408 edomare
3056 1353 3232 1423 gulam
3286 1355 3559 1427 negligunt
3587 1399 3603 1425 ,
3640 1364 3700 1411 et

2098 1442 2206 1513 jam
2242 1445 2308 1497 ad
2355 1444 2609 1513 spiritalia
2675 1444 2813 1500 bella
2865 1456 3213 1517 consurgunt.
3248 1448 3349 1516 Qui
3402 1450 3699 1522 aliquando

2103 1532 2268 1591 multa
2317 1538 2478 1592 etiam
2516 1554 2635 1609 qua:
2686 1554 2892 1609 magna:
2935 1548 3061 1595 sunt
3101 1540 3431 1597 fortitudinis
3466 1540 3697 1609 faciunt,

2103 1629 2221 1695 sed,
2247 1630 2558 1687 dominante
2608 1635 2746 1702 gulae
2782 1633 2947 1699 vitio,
3007 1649 3102 1704 per
3153 1636 3333 1692 carnis
3378 1635 3703 1693 illecebratn

2103 1738 2265 1779 omne
2291 1724 2434 1794 quod
2459 1724 2667 1781 fortiter
2692 1726 2898 1795 egerint
2944 1728 3207 1797 perdunt;
3239 1738 3295 1785 et
3342 1728 3468 1785 dum
3500 1742 3705 1786 venter

411 1820 613 1875 electus
642 1820 864 1890 quisque
888 1836 951 1876 ac
971 1822 1251 1877 continens
1272 1824 1422 1879 abire
1455 1835 1574 1890 post
1592 1840 1810 1895 gregum
1838 1824 1994 1879 vesti-

2105 1830 2209 1869 non
2258 1817 2619 1888 restringitur,
2657 1833 2752 1887 per
2783 1820 2959 1875 carnis
3003 1822 3492 1891 concupiscentiam
3527 1824 3710 1879 simul

409 1913 493 1982 gia
529 1908 777 1980 despicit,
804 1910 1014 1967 dicatur
1064 1926 1212 1969 recte
1242 1934 1253 1966 :
1287 1914 1576 1969 Contemni!
1619 1916 2001 1969 multitudinem

406 2002 645 2058 ciuitatis.
677 2001 775 2059 Ubi
805 2012 857 2058 et
883 2016 1006 2073 apte
1026 2004 1372 2075 subjungitur
1406 2030 1413 2057 ;

393 2103 396 2106 α
792 2096 1015 2152 canor
1050 2098 1210 2152 xvnt
1238 2099 1386 2171 [Rea
1418 2097 1594 2172 χιιι]

481 2188 969 2243 Ialm—Clamorem
993 2192 1243 2244 exactoris
1257 2208 1359 2245 non
1387 2193 1549 2244 audit.

396 2290 399 2291 '
452 2312 463 2323 κ
478 2278 568 2334 57.
607 2279 1075 2334 Vehementioribus
1098 2280 1287 2335 diaboli
1310 2283 1674 2337 teutationtbus
1690 2276 1837 2340 aures
1854 2286 1995 2340 clau-

407 2368 553 2436 dunt,
577 2380 625 2424 et
669 2370 856 2424 ventris
908 2372 1444 2441 clamoribus.—Quis
1500 2374 1719 2443 intelligi
1780 2390 1999 2432 exactor

408 2460 574 2529 alius,
609 2461 712 2516 nisi
741 2461 985 2516 dtabolus
1016 2472 1214 2532 petest,
1241 2461 1406 2536 982
1440 2466 1529 2533 qui
1560 2467 1727 2521 semel
1750 2469 1805 2523 in
1846 2486 1998 2538 para—

411 2555 530 2609 diso
579 2555 778 2609 homini
822 2556 973 2609 malae
1021 2558 1382 2623 persuasionis
1434 2575 1711 2615 nummum
1767 2563 1997 2617 contulit

412 2643 621 2718 (Gener.
656 2661 735 2713 ιιι,
768 2647 821 2711 6,
847 2648 999 2718 δρψ),
1025 2657 1079 2701 et
1126 2648 1364 2715 quotidie
1415 2652 1482 2703 ab
1526 2667 1591 2707 eo
1625 2652 1785 2721 hujus
1826 2654 1997 2709 debiti

406 2740 623 2807 exigere
668 2746 873 2793 reatum
914 2740 1141 2807 qnmritl
1183 2739 1347 2809 Hujus
1379 2744 1647 2797 exactoris
1695 2759 1875 2799 sermo
1910 2757 1994 2800 est

410 2830 565 2885 malae
592 2831 949 2900 suggestionis
973 2822 1262 2885 inchoatio.
1299 2832 1465 2901 Hujus
1493 2837 1759 2890 exactoris
1790 2840 1994 2891 clamor

404 2924 613 2994 estjam
644 2922 672 2961 δ
703 2940 805 2980 non
837 2924 993 2988 lenis,
1019 2924 1115 2978 sed
1140 2924 1367 2981 violenta
1409 2929 1651 2982 tentatio.
1683 2937 1705 2965 ο
1740 2927 1833 2983 llic
1860 2945 1990 2983 exa~

405 3029 522 3075 ctor
548 3021 761 3079 clamat,
795 3034 912 3073 cum
945 3016 1154 3073 fortiter
1182 3018 1687 3075 te‘ntat.Clamorem
1719 3036 1847 3091 ergo
1871 3037 1993 3076 exa-

408 3111 571 3166 ctoris
600 3126 707 3166 non
734 3110 919 3165 audire
962 3118 1044 3166 est
1065 3110 1313 3165 violentis
1352 3111 1705 3168 tentationum
1755 3115 1989 3169 motibus

2107 1918 2312 1962 cuncta:
2356 1909 2583 1963 virtutes
2623 1908 2944 1965 obruuntur.
2977 1909 3132 1967 Unde
3157 1923 3212 1969 et
3240 1912 3309 1969 de
3338 1913 3711 1972 Nabuchodo-

2105 2018 2267 2058 nosor
2298 2006 2547 2058 vincente
2603 2005 2857 2061 scribitur
2890 2017 2915 2044 ε
2945 2025 2955 2059 :
2988 2005 3239 2078 Princeps
3277 2028 3549 2080 coquorum
3606 2013 3713 2066 de-

2103 2096 2288 2149 struxit
2309 2113 2481 2150 muros
2505 2094 2815 2151 Jerusalem.
2842 2098 2979 2165 Quid
3010 2099 3153 2156 enim
3195 2116 3291 2170 per
3315 2118 3496 2159 muros
3530 2103 3713 2160 Jeru-

2104 2187 2270 2241 salem
2320 2186 2627 2257 significans
2676 2189 2958 2259 Scriptura
3011 2191 3287 2261 exprimit,
3314 2193 3413 2248 nisi
3455 2195 3708 2253 virtutes

2105 2272 2319 2342 cannae,
2348 2294 2466 2349 quae
2496 2280 2561 2333 ad
2597 2282 2741 2348 pacis
2773 2281 3033 2336 visionem
3064 2284 3268 2338 tendit?
3297 2285 3403 2341 Aut
3427 2287 3546 2358 quis
3596 2303 3712 2343 co-

2100 2380 2324 2440 quorum
2355 2369 2619 2440 prin'ceps,
2645 2372 2742 2425 nisi
2788 2382 2974 2428 venter
3003 2376 3281 2443 accipitur,
3314 2378 3394 2431 cui
3456 2379 3713 2450 diligen-

2102 2462 2304 2515 tissima
2335 2479 2363 2515 a
2391 2456 2745 2533 coquentibus
2766 2478 2893 2519 cura
2915 2467 3186 2521 servitur?
3208 2468 3384 2525 Muros
3415 2471 3577 2542 igitur
3597 2473 3712 2529 Je-

2100 2555 2332 2608 rusalem
2391 2556 2642 2623 princeps
2690 2569 2985 2627 coquorum
3024 2557 3277 2627 destruit,
3307 2560 3429 2630 quia
3461 2563 3711 2621 virtutes

2100 2648 2288 2701 animze
2312 2646 2437 2701 dum
2478 2662 2584 2703 non
2613 2650 2951 2720 restringitur
2983 2659 3188 2716 venter,
3214 2652 3409 2721 perdit.
3444 2654 3583 2711 Hinc
3610 2666 3707 2714 est

2098 2741 2240 2810 quod
2277 2742 2472 2795 Paulus
2494 2750 2680 2797 contra
2710 2743 3009 2799 Jerusalem
3041 2746 3241 2799 muenia
3290 2746 3582 2802 decertauti
3606 2748 3698 2802 vi-

2099 2848 2187 2887 res
2237 2847 2530 2902 coquorum
2573 2833 2800 2904 principi
2859 2835 3229 2902 subtrahebat,
3260 2852 3381 2892 cum
3438 2838 3685 2896 diceret:

2098 2923 2303 2995 Castigo
2356 2940 2542 2993 corpus
2590 2941 2785 2991 meum,
2816 2936 2864 2981 et
2912 2928 3166 2981 servituti
3192 2926 3430 3000 subjicio,
3464 2946 3520 2984 ne
3555 2935 3702 3000 forte

2096 3015 2216 3068 aliis
2240 3015 2549 3085 prwdicans,
2578 3018 2688 3087 ipse
2734 3018 2977 3089 reprobus
3004 3018 3203 3089 efﬁciar
3233 3019 3284 3092 (ι
3318 3020 3441 3076 Cor.
3464 3038 3544 3089 ιι,
3569 3021 3709 3095 9.7).

2096 3106 2233 3159 llinc
2274 3108 2432 3161 etiam
2467 3109 2745 3176 praemisit,
2776 3108 2959 3165 dicens
2991 3128 3005 3164 :
3040 3111 3131 3166 Sic
3186 3128 3359 3178 curro,
3390 3128 3489 3167 non
3532 3114 3717 3185 quasi

410 3196 631 3257 minime
657 3204 982 3257 consentire.
1012 3201 1234 3257 Audiret
1261 3203 1472 3257 enimsi
1502 3218 1563 3258 ea
1595 3219 1713 3273 qna:
1762 3206 1994 3275 suggerit

2108 3197 2160 3249 in
2216 3196 2499 3264 incertum;
2528 3201 2603 3252 sic
2629 3216 2822 3271 pugno,
2855 3217 2958 3255 non
3005 3204 3157 3273 quasi
3202 3220 3370 3259 aerem
3418 3206 3721 3289 periremus

411 3294 626 3350 faceret.
661 3296 767 3349 Sed
800 3311 920 3348 cum
948 3309 1195 3364 perversa
1219 3310 1378 3364 agere
1408 3296 1655 3365 despicit,
1682 3306 1826 3353 recte
1855 3298 1993 3353 dici-

412 3396 497 3441 tur
528 3404 543 3440 :
577 3386 863 3441 Clamorem
893 3387 1141 3441 exactoris
1161 3404 1261 3441 non
1292 3386 1456 3441 audit.

484 3480 629 3552 [νει.
670 3474 911 3551 XXVM
943 3477 1034 3535 58.
1086 3479 1337 3535 Nonnulli
1394 3488 1524 3535 vero
1578 3482 1681 3537 hoc
1734 3482 1854 3537 loco
1899 3496 1998 3552 per

411 3580 718 3625 exactorem
777 3569 1000 3641 intelligi
1024 3579 1263 3625 ventrem
1312 3571 1521 3627 volunt.
1547 3572 1664 3641 Ipse
1713 3587 1995 3643 namquea

410 3663 563 3718 nobis
611 3661 876 3732 quoddam
936 3662 1173 3717 debitum
1223 3662 1413 3730 exigit,
1443 3663 1566 3733 quia
1620 3664 1993 3733 quotidianum

410 3754 639 3809 fructum
664 3754 767 3809 sibi
792 3754 1008 3809 humani
1042 3754 1239 3808 laboris
1265 3755 1503 3823 impendi
1534 3754 1695 3809 etiam
1726 3772 1818 3823 per
1843 3766 1996 3812 natu-

410 3861 525 3902 ram
581 3848 793 3917 quaerit.
849 3846 1195 3903 Abstinentes
1240 3847 1402 3917 igitur
1446 3848 1681 3919 viri,qui
1714 3848 1825 3923 'boc
1875 3850 1993 3908 loco

412 3943 601 4013 onagri
646 3940 907 3996 vocabulo
959 3940 1273 4011 ﬁgurantur.
1312 3938 1336 3977 ἀ
1368 3943 1492 4003 dum
1550 3942 1811 3995 violenter
1852 3944 1994 4011 gula:

411 4032 676 4088 desideria
700 4033 1018 4099 reprimunt,
1048 4033 1197 4101 quasi
1222 4032 1502 4087 clamantis
1533 4034 1803 4087 exactoris
1830 4034 1991 4088 verba

411 4132 777 4179 contemnunt.
819 4122 926 4176 Sed
966 4135 1086 4175 cum
1131 4123 1425 4178 continenti
1458 4125 1573 4176 viro
1601 4131 1788 4177 contra
1833 4124 1988 4178 innu-

416 4228 561 4269 mera
591 4214 717 4268 vitia
748 4212 915 4268 multa
945 4212 1202 4267 virtutum
1235 4215 1524 4268 certamina
1562 4223 1867 4283 suppetant,
1897 4231 1993 4271 cur

410 4308 508 4361 sub
537 4306 801 4361 exactoris
825 4306 1060 4360 clamore
1080 4315 1408 4376 contempto,
1433 4296 1501 4361 de
1549 4307 1666 4362 solo
1694 4308 1780 4363 hic
1809 4321 1991 4365 ventre
2019 4336 2029 4345 ο

410 4402 604 4455 dicitur
624 4399 765 4469 quod
794 4398 912 4469 ejus
940 4399 1195 4468 impetum
1240 4399 1633 4470 impulsumque
1676 4402 1988 4473 restringat,

411 4496 512 4550 nisi
544 4495 687 4565 quod
735 4495 910 4549 nullus
937 4494 1168 4563 palmam
1205 4495 1499 4564 spiritualis
1548 4497 1859 4551 certaminis
1897 4513 1989 4567 ap-

2100 3286 2291 3360 (Ibid.,
2317 3291 2434 3358 26).
2467 3293 2600 3359 Quia
2646 3310 2766 3347 cum
2813 3310 3030 3350 carnem
3075 3286 3468 3369 restringimus,
3500 3297 3524 3337 ί
3562 3300 3721 3371 ipsis

2101 3381 2440 3437 abstinentia:
2472 3394 2671 3439 nostra:
2701 3386 2891 3441 ictibus
2935 3402 3040 3444 non
3072 3400 3277 3457 aerem,
3306 3391 3399 3446 sed
3456 3394 3712 3448 immun-

2100 3474 2198 3531 dos
2236 3475 2867 3546 spiritusverberamus;
2898 3494 3089 3537 etcum
3123 3476 3224 3539 hoc
3250 3485 3390 3555 quod
3430 3497 3517 3543 est
3549 3488 3697 3545 intra

2103 3583 2200 3621 nos
2255 3568 2596 3637 subjicimus;
2641 3582 2791 3624 estra
2832 3572 3020 3641 positis
3068 3574 3387 3630 adversariis
3417 3586 3445 3625 ι
3478 3594 3703 3648 pugnos

2100 3659 2308 3713 damus.
2344 3659 2475 3714 llinc
2504 3660 2769 3733 est983
2797 3664 2937 3730 quod
2967 3679 3086 3719 cum
3118 3682 3208 3721 rex
3249 3668 3537 3741 Babylonis
3568 3686 3713 3727 suc-

2099 3754 2254 3810 cendi
2285 3755 2552 3809 fornacem
2574 3756 2721 3824 jubet
2740 3755 2903 3826 (Dan.
2925 3758 3031 3828 tn),
3058 3748 3579 3832 napbtbm,stupp:e.
3612 3770 3717 3835 pi.

2102 3847 2183 3902 cis
2224 3856 2279 3903 et
2306 3848 2537 3902 malleoli
2591 3848 2881 3903 ministrari
2922 3853 3230 3921 congeriem
3277 3857 3560 3925 praecepit;
3593 3862 3719 3918 sed

2103 3952 2279 3995 tamen
2307 3940 2640 3996 abstinentes
2668 3956 2863 4009 pueros
2885 3942 2987 3998 hoc
3009 3944 3131 4015 igne
3161 3947 3379 4001 minime
3394 3952 3719 4021 consumit,

2101 4034 2223 4103 quia
2252 4036 2503 4105 antiquus
2533 4035 2700 4089 hostis
2735 4037 2862 4092 licet
2892 4038 3201 4095 innumeras
3226 4042 3465 4097 ciborum
3492 4058 3723 4103 concu-

2100 4127 2396 4197 piscentiae
2426 4131 2624 4183 nostris
2644 4129 2922 4185 obtutibus
2952 4145 3206 4209 opponat,
3233 4136 3421 4205 quibus
3448 4136 3725 4202 libidinis

2098 4220 2239 4291 ignis
2258 4230 2489 4285 crescat,
2517 4220 2672 4275 bonis
2699 4230 2875 4278 tamen
2908 4226 3179 4281 mentibus
3200 4228 3415 4297 superni
3451 4229 3725 4301 Spiritus

2098 4311 2267 4380 gratia
2291 4311 2545 4377 insibilat,
2580 4321 2684 4366 uta
2712 4315 2945 4370 carnalis
2980 4320 3430 4387 concupiscentia:
3457 4324 3725 4386 testibus

2098 4403 2282 4458 illaesa:
2308 4402 2619 4473 perdurent,
2648 4414 2705 4460 ut
2726 4407 2824 4462 etsi
2855 4420 3025 4478 usque
3070 4409 3139 4465 ad
3162 4413 3517 4468 tentationem
3553 4431 3725 4474 cor-

2099 4495 2183 4550 dis
2212 4493 2427 4549 namma
2456 4497 2660 4563 ardeat,
2693 4514 2857 4569 usque
2880 4501 2947 4555 ad
2979 4515 3302 4561 consensum
3331 4514 3506 4562 tamen
3556 4518 3722 4569 ten-

409 4574 715 4657 prehendit,
734 4587 825 4657 qui
855 4602 959 4642 non
1006 4585 1060 4640 in
1102 4588 1395 4656 semetipso
1420 4591 1567 4657 prius
1615 4604 1710 4657 per
1735 4590 1985 4645 afﬂictam
2012 4570 2068 4655 1)
2093 4588 2223 4643 tatio
2250 4602 2353 4643 non
2375 4599 2583 4643 exurat.

408 4680 607 4736 ventris
654 4680 1137 4749 concupiscentiam
1183 4681 1360 4735 carnis
1397 4683 1661 4736 incentiva
1689 4682 1991 4738 devicerit?

408 4770 595 4842 Neque
623 4772 763 4827 enim
795 4773 860 4826 ad
914 4771 1220 4827 Conflictum
1255 4772 1515 4842 spiritalis
1540 4775 1728 4842 agonia
1756 4776 1989 4846 assurgi-

408 4873 515 4932 tur,
543 4866 725 4921 sinon
781 4865 922 4934 prius
973 4866 1111 4920 intra
1142 4865 1498 4935 nosmetipsos
1544 4866 1713 4941 beatis
1764 4867 1990 4937 positus,

408 4959 545 5029 gulae
574 4957 822 5012 videlicet
861 4956 1162 5026 appetitus,
1186 4957 1490 5025 edomatur,
1516 4960 1639 5027 quia
1678 4958 1723 5012 si
1782 4972 1886 5014 non
1929 4975 1991 5013 ea

410 5064 528 5117 quae
584 5049 739 5103 nobis
793 5058 919 5102 sunt
954 5048 1208 5103 viciniora
1270 5050 1695 5118 proeternimtts,
1742 5052 1993 5106 nimirum

407 5140 638 5196 inaniter
661 5140 728 5197 ad
749 5154 811 5195 ea
842 5152 961 5208 quas
992 5128 1211 5209 longius'
1230 5148 1354 5194 sunt
1390 5140 1748 5210 impugnanda
1794 5145 1990 5198 transi-

482 5289 508 5317 ιι
536 5278 727 5347 Laud.,
757 5279 877 5349 quia
899 5280 1065 5332 suain
1115 5288 1359 5333 retentum
1392 5281 1644 5336 deserens.

477 5350 504 5386 δ
536 5349 755 5405 Recent.
790 5350 913 5413 EtL,
942 5350 1120 5404 invitis
1144 5350 1295 5415 Mss,
1329 5367 1427 5405 non
1458 5354 1596 5408 levis.
1624 5354 1811 5407 Melius
1832 5351 1979 5419 lenis,

406 5422 693 5490 opponitur
718 5420 963 5475 violentae
993 5419 1290 5489 tentatimti.

481 5502 507 5563 ον
530 5489 693 5545 Corb.
716 5491 923 5555 Germ.,
950 5500 1004 5544 et
1034 5491 1249 5556 Pratel.,
1273 5492 1350 5544 hic
1371 5502 1580 5546 exactor
1606 5496 1854 5563 loquitur,
1870 5512 1984 5549 cum
2036 5536 2045 5543 ε

407 5561 588 5633 leniter
618 5563 861 5633 suggerit,
888 5563 977 5615 hic
997 5570 1201 5633 exactor
1228 5563 1435 5633 clamat,
1468 5575 1572 5617 etc.

478 5626 508 5668 ἀ
530 5626 699 5686 ϐοιδδῖ
715 5626 926 5693 Germ.,
955 5632 1149 5686 Pratel.
1179 5640 1234 5686 et
1260 5632 1419 5695 Uttc.,
1445 5635 1569 5687 dum
1598 5636 1838 5690 violenta.

483 5708 507 5736 θ
540 5699 763 5771 lV_Reg.
822 5718 941 5766 xxv,
964 5703 1033 5763 8;
1094 5702 1288 5754 Jerem.
1319 5720 1408 5761 LII.
1442 5704 1529 5771 id,
1563 5719 1671 5760 sec.
1703 5716 1831 5760 text.
1869 5708 1983 5760 He-

410 5770 493 5822 br.
517 5779 571 5823 et
610 5769 775 5831 LXX,
809 5773 895 5823 ubi
931 5774 1229 5839 appellatur
1280 5769 1522 5842 princeps
1554 5791 1770 5838 exet'c.;
1801 5778 1975 5840 Cbal.,

2173 4677 2312 4751 [γει.
2342 4678 2445 4732 XX
2458 4678 2569 4733 v11
2578 4679 2616 4752 .]
2643 4678 2729 4735 60.
2761 4682 2996 4753 Quinque
3014 4685 3178 4741 modis
3206 4690 3331 4760 gula
3362 4706 3452 4745 nos
3503 4704 3718 4753 lentae.

2104 4770 2227 4826 Non
2256 4775 2419 4839 cibus,
2451 4775 2539 4828 sed
2558 4777 2811 4845 appetitus
2842 4779 2891 4831 in
2914 4779 3036 4833 vitio
3060 4764 3517 4840 este—Sciendum
3546 4802 3723 4857 pm.

2100 4874 2245 4921 terea
2267 4875 2351 4921 est
2375 4867 2495 4936 quia
2523 4868 2757 4938 quinque
2788 4884 2885 4925 nos
2913 4872 3088 4928 modis
3126 4875 3266 4946 gula:
3294 4878 3477 4933 vitium
3512 4891 3609 4937 ten
3622 4895 3725 4944 tat

2099 4961 2201 5031 (De
2224 4978 2472 5027 comem,
2492 4966 2543 5018 ά.
2564 4964 2617 5030 5,
2633 4979 2679 5018 c.
2698 4966 2932 5038 Quinque
2957 4970 3168 5041 modis).
3194 4972 3496 5042 Aliquando
3532 4993 3723 5039 nam-

2098 5068 2200 5121 que
2248 5054 2552 5123 indigentia:
2601 5063 2839 5125 tempora
2896 5062 3191 5128 praevenit;
3222 5064 3507 5133 aliquando
3553 5083 3721 5132 vero

2101 5155 2309 5215 tempus
2338 5158 2445 5211 non
2493 5147 2772 5217 praevenit,
2806 5148 2901 5206 sed
2955 5151 3102 5208 cibos
3146 5154 3401 5212 lautiores
3453 5162 3715 5235 quaerit;

2094 5288 2327 5360 princeps
2357 5304 2658 5360 coquorum.

2092 5427 2104 5453 ζ
2146 5355 2638 5453 Agin-ronn'ljaudq
2656 5362 2817 5417 Corb.
2835 5361 3045 5432 Germ.,
3064 5366 3177 5423 Val.
3192 5370 3273 5427 Cl.
3300 5373 3524 5440 Pratel.,
3543 5388 3707 5453 δια,

2085 5444 2212 5497 ipsis
2234 5440 2574 5486 commentus.

2164 5500 2441 5579 s_[ic_eent.
2474 5503 2690 5579 E§_cusi,
2719 5523 2918 5579 pugnas
2946 5511 3151 5565 damus.
3183 5512 3497 5571 [inhaesimus
3546 5519 3699 5579 Mss.

2092 5568 2262 5652 Corn;
2277 5571 2483 5652 Germ.,
2517 5568 2729 5652 Nomm,
2747 5568 2949 5652 lavanda
2979 5580 3097 5634 Val.
3126 5581 3209 5640 Cl.
3243 5568 3703 5652 mitiﬁcato}

2097 5650 2197 5729 κςι.
2351 5642 2541 5729 Paris_.,
2560 5644 2718 5727 Basil.
2744 5647 2907 5729 favet
2931 5640 3202 5729 huicllect.
3229 5665 3402 5712 textus
3421 5640 3697 5729 ὒὲἁξὲῖιέἒ

2091 5710 2368 5800 ubinam-mg
2406 5712 2715 5800 legitttusuiu
2744 5717 2964 5789 Vulgata
3019 5723 3092 5800 sic
3139 5710 3699 5800 pugnopproptfie's'i;

2094 5781 2373 5847 gnificatur
2394 5802 2404 5834 :
2426 5781 2497 5835 sic
2519 5786 2741 5854 pugilem
2768 5781 2885 5858 ago,
2918 5781 3175 5851 «mind.
