4036 6348
336 280 442 362 687

1092 292 1448 352 MOBALIUM
1490 292 1619 349 LIB.
1662 288 1836 346 XXX.
1879 317 1948 332 —
1980 284 2049 342 IN
2086 285 2319 343 CAPUT
2360 282 2586 342 XXXIX
2626 287 2684 340 Β.
2725 287 2865 342 J08.

3508 279 3617 340 558

338 417 628 488 aliquando
651 415 903 485 quaelibet
924 402 1048 483 quae
1078 415 1340 469 sumenda
1370 420 1482 467 sint
1505 408 1792 479 prazparari
1829 422 1930 462 ac-
1962 413 2009 467 Α
2036 405 2217 472 itaque
2252 416 2451 471 onager
2471 402 2738 458 exactoris
2766 402 2927 473 hujus
2953 414 3260 458 sermonem
3286 399 3457 469 audit,
3496 401 3621 458 cla-
3704 432 3707 439 ι

339 512 579 571 curatius
607 507 828 578 expetit,
862 507 1149 577 aliquando
1173 516 1351 561 autem
1397 514 1452 558 et
1494 502 1736 573 qualitati
1770 499 1933 554 cibo-

344 618 463 659 rutn
493 611 548 655 et
574 598 800 669 tempori
852 597 1120 668 congruit,
1143 596 1235 651 sed
1260 597 1311 650 in
1364 592 1807 664 ipsa’quantitate
1834 606 1934 645 su-

344 692 525 759 mendi
552 706 861 746 mensuram
881 689 1175 746 moderatae
1199 686 1513 744 refectionis
1535 685 1765 740 excedit.
1790 682 1935 738 Non-

347 798 622 853 nunquam
643 797 774 839 vero
800 792 853 838 et
878 782 1140 853 abjectius
1161 791 1243 836 est
1273 779 1415 848 quod
1441 779 1740 843 desiderat,
1766 786 1822 833 et
1847 786 1937 831 ta-

350 894 470 933 men
517 879 633 946 ipso
663 889 799 931 aestu
845 876 1093 931 immensi
1129 873 1384 929 desidet-ii
1439 871 1678 929 deterius
1728 880 1931 939 peccat.

346 966 529 1026 Mortis
554 968 755 1040 quippe
776 967 1099 1023 sententiam
1134 968 1301 1037 patris
1323 981 1415 1021 ore
1436 965 1695 1021 Jouathas
1719 963 1934 1029 meruit,

346 1062 467 1131 quia
492 1060 544 1114 in
566 1046 725 1130 guStu
746 1060 921 1114 mellis
951 1060 1297 1113 constitutum
1322 1056 1517 1112 edendi
1551 1066 1762 1124 tempus
1787 1064 1940 1108 ante-

254 1204 269 1217 .
349 1154 514 1210 cessit
562 1154 610 1224 (Ι
643 1153 773 1224 Reg.
800 1152 1050 1220 xiv,27).
1087 1153 1153 1207 Et
1182 1167 1246 1205 ex
1277 1150 1511 1221 Egypto
1544 1149 1772 1220 populus
1797 1147 1940 1203 edu-

351 1256 491 1312 ctus,
526 1245 577 1298 in
620 1260 806 1300 eremo
834 1243 1105 1305 occubuit,
1136 1244 1281 1314 quia,
1311 1234 1565 1308 despetito
1623 1256 1839 1304 manna,
1865 1240 1940 1292 ci—

348 1340 446 1392 bos
473 1337 718 1390 carnium
751 1336 1072 1404 petiit,quos
1096 1334 1349 1397 lautiores
1368 1335 1570 1403 putavit
1600 1334 1790 1399 (Num.
1826 1348 1936 1399 xxI,

348 1429 426 1498 ὅ).
463 1430 528 1481 Et
560 1429 730 1497 prima
778 1427 1006 1481 ﬁliorum
1048 1428 1163 1482 lleli
1196 1428 1352 1494 culpa
1398 1430 1615 1481 subortu
1663 1436 1768 1491 est,
1795 1425 1941 1495 quod

348 1536 411 1574 ex
442 1535 627 1575 eorum
668 1528 788 1571 voto
844 1517 1144 1572 sacerdotis
1186 1532 1341 1585 puer.
1374 1533 1476 1570 non
1513 1516 1732 1584 antiquo
1790 1528 1942 1569 more

314 1656 319 1661 .
352 1620 533 1666 coctas
564 1611 730 1664 vellet
764 1609 832 1663 de
862 1609 1125 1663 sacriﬁcio
1153 1624 1345 1663 carnes
1386 1610 1653 1676 accipere,
1684 1606 1779 1662 sed
1808 1622 1942 1661 cru-

290 1696 299 1703 ”
350 1703 447 1756 das
503 1712 789 1770 quaereret,
812 1715 944 1768 quas
978 1701 1279 1753 accuratius
1310 1697 1589 1751 exhiberet
1632 1696 1684 1767 (l
1720 1697 1848 1769 Reg.
1881 1713 1940 1763 ιι,

355 1796 447 1858 12,
472 1795 624 1862 seq).
650 1792 717 1846 Et
770 1806 892 1845 cum
944 1792 1008 1843 ad
1041 1792 1340 1846 Jerusalem
1383 1790 1581 1859 dicitur
1619 1809 1630 1843 :
1670 1790 1795 1845 ch
1845 1790 1943 1861 fuit

356 1888 598 1956 iniquitas
623 1874 866 1939 Sodoma:
895 1885 1089 1937 sororis
1133 1894 1251 1948 tute,
1276 1884 1536 1950 superbia,
1568 1886 1811 1938 saturitas
1855 1900 1950 1951 pa-

358 1977 458 2038 uis,
478 1986 522 2029 et
550 1962 870 2027 abundantia
916 1972 1131 2045 (Ezech.
1158 1988 1267 2038 va,
1294 1960 1409 2042 49),
1441 1980 1624 2041 aperte
1650 1971 1950 2028 ostenditur

359 2068 495 2138 quod
539 2058 735 2121 idcirco
764 2066 988 2121 salutem
1023 2062 1289 2135 perdidit,
1341 2067 1462 2135 quia
1513 2068 1633 2120 cutn'
1682 2058 1951 2135 superbia:

355 2161 484 2221 vitio
506 2175 812 2213 mensuram
834 2161 1122 2212 moderata:
1143 2157 1450 2212 refectionis
1474 2158 1723 2212 excessit.
1752 2159 1811 2212 Et
1836 2158 1949 2227 pri-

358 2254 744 2322 tnogenitorutn
773 2246 995 2320 gloriam
1027 2251 1168 2304 Esau
1193 2250 1391 2312 amisit,
1417 2251 1538 2317 quia
1578 2264 1771 2319 magno
1818 2258 1951 2303 aestu

358 2342 610 2396 desiderii
642 2334 799 2395 iilem
831 2330 1036 2408 cibum,
1066 2338 1622 2404 scilicetlenticulam,
1646 2338 1955 2407 concupivit

358 2434 569 2509 (Cenes.
595 2449 728 2501 xxv,
753 2433 875 2503 55);
902 2448 1058 2503 quam
1088 2434 1212 2487 dum
1240 2430 1535 2486 vendendis
1564 2434 1725 2485 etiam
1754 2434 1955 2499 primo-

358 2530 552 2600 genitis
584 2527 840 2598 praetulit,
874 2541 982 2595 quo
1014 2527 1066 2578 in
1112 2524 1255 2578 illam
1288 2524 1526 2593 appetitu
1556 2524 1835 2578 anhelaret
1874 2526 1956 2577 in-

361 2621 582 2676 dicavit.
606 2618 791 2687 Neque
820 2617 962 2672 enim
992 2617 1165 2680 cibus,
1196 2614 1288 2669 sed
1316 2615 1584 2684 appetitus
1616 2616 1669 2667 in
1699 2615 1828 2669 vitio
1849 2624 1952 2669 est.

372 2714 527 2771 Unde
552 2725 606 2769 et
634 2713 892 2767 lautiores
927 2709 1077 2764 cibos
1101 2710 1415 2779 plerumque
1442 2709 1571 2763 sine
1610 2709 1761 2778 culpa
1790 2710 1958 2763 sumi-

367 2820 501 2871 mus,
535 2815 590 2860 et
620 2803 942 2873 abjectiores
964 2816 1069 2855 non
1102 2802 1219 2855 sine
1248 2812 1401 2855 reatu
1429 2799 1771 2855 conscientia:
1795 2802 1959 2871 d’egu-

368 2916 592 2963 stamus.
627 2900 721 2956 llic
751 2901 950 2971 quippe
984 2913 1142 2969 quem
1183 2897 1442 2963 diximus,
1477 2896 1643 2963 Esau,
1670 2897 1960 2966 primatum

368 3012 463 3067 per
493 2994 796 3051 lenticulam
831 2986 1081 3061 perdidit,
1114 3000 1169 3044 et
1191 2988 1379 3043 Elius“
1414 2993 1467 3042 in
1493 3002 1677 3043 eremo
1708 2992 1960 3045 virtutem

371 3092 610 3162 corporis
651 3102 843 3144 carnes
874 3084 1082 3140 edendo
1132 3085 1360 3139 servavit
1386 3080 1511 3155 (III
1554 3084 1681 3155 Reg.
1719 3099 1843 3146 xvn,
1878 3082 1953 3154 6).

2046 508 2250 548 morem
2276 507 2384 551 non
2403 494 2570 560 audit,
2604 494 2729 564 quia
2749 494 3017 549 discretus
3048 493 3125 549 vir
3154 509 3219 549 ac
3259 494 3539 551 continens
3566 501 3624 551 et

2045 598 2214 655 usque
2241 583 2310 640 ad
2339 586 2739 653 temperandam
2765 586 3140 642 necessitatem
3156 594 3397 643 ventrem
3426 586 3623 653 reﬁcit,

2038 686 2097 734 et
2119 692 2152 733 a
2176 678 2452 747 voluptate
2480 676 2775 746 restringit.
3580 730 3597 739 ,

2108 773 2256 847 [Vet.
2270 772 2375 829 XX
2387 771 2533 830 VIII
2540 771 2583 845 .1
2614 773 2703 828 62.
2724 771 2980 844 Voluptas
2996 772 3090 829 sub
3110 773 3425 828 necessitatis
3454 772 3626 843 specie

2039 883 2093 922 se
2119 864 2686 937 polliae—Sciendum
2711 879 2842 922 vero
2867 873 2951 921 est
2974 865 3101 934 quia
3125 866 3203 920 sic
3235 865 3480 934 voluptas
3525 866 3628 922 sub

2043 956 2364 1017 necessitate
2393 974 2455 1017 se
2493 960 2703 1030 palliat,
2729 968 2787 1013 ut
2812 961 2899 1013 vix
2945 972 3063 1027 eam
3093 960 3361 1030 perfectus
3404 970 3633 1030 quisque

2042 1051 2333 1109 discernat.
2362 1050 2498 1108 Nam
2523 1050 2653 1107 dum
2699 1049 2837 1106 solvi
2868 1049 3107 1105 debitum
3138 1049 3431 1125 necessitas
3472 1049 3626 1120 petit,

2044 1146 2294 1216 voluptas
2319 1143 2530 1213 expleri
2552 1142 2877 1198 desiderium
2909 1140 3177 1211 suppetit;
3214 1138 3244 1178 δ
3266 1149 3321 1196 et
3348 1148 3498 1195 tanto
3520 1156 3631 1210 gu-

2045 1239 2149 1292 lam
2179 1237 2422 1293 securius
2471 1238 2525 1292 in
2558 1250 2796 1307 praeceps
2847 1234 3005 1304 rapit,
3034 1242 3233 1304 quanto
3268 1237 3371 1288 sub
3408 1235 3636 1287 honesw

2045 1328 2265 1386 nomine
2294 1329 2634 1386 necessitatis
2675 1328 2952 1398 explendae
2980 1340 3039 1383 se
3077 1327 3331 1397 contegit.
3361 1325 3517 1398 Saepe
3541 1340 3637 1381 au-

2048 1429 2154 1476 tem
2180 1420 2235 1475 in
2266 1422 2375 1491 ipsa
2396 1420 2591 1476 edendi
2616 1420 2700 1473 via
2731 1418 2927 1474 furtive
2947 1418 3197 1488 adjuncta
3230 1417 3474 1487 voluptas
3506 1418 3635 1495 sub-

2046 1513 2322 1584 sequitur;
2353 1528 2733 1583 nonnunquam
2763 1528 2891 1568 vero
2918 1511 3260 1583 impudenter
3282 1511 3447 1566 libera
3471 1512 3636 1566 etiam

2050 1610 2251 1680 prmire‘
2265 1616 2513 1665 conatur.
2542 1605 2724 1663 Facile
2745 1616 2926 1662 autem
2973 1614 3058 1661 est
3085 1604 3493 1677 deprehendere
3514 1617 3641 1659 cum

2052 1702 2302 1771 voluptas
2352 1700 2470 1772 ejus
2513 1700 2891 1756 necessitatem
2920 1700 3199 1770 praevenit,
3232 1699 3329 1754 sed
3358 1697 3512 1753 valde
3558 1706 3646 1752 est

1973 1800 2023 1862 Β
2049 1792 2267 1849 difﬁcile
2296 1793 2606 1848 discernere
2626 1807 2748 1847 cutn
2782 1796 2835 1847 in
2864 1795 2979 1861 ipso
3001 1805 3101 1876 esu
3125 1792 3429 1845 necessario
3460 1806 3517 1844 se
3537 1804 3643 1846 oc-
3702 1790 3705 1793 ’

2053 1885 2194 1940 culta
2223 1886 2522 1956 subjungit.
2551 1884 2686 1939 Nam
2712 1884 2836 1956 quia
2864 1895 3191 1954 praeeuntem
3222 1893 3427 1938 natura:
3470 1897 3647 1951 appe-

2058 1980 2212 2034 titum
2237 1962 2504 2051 sequitur,
2534 1978 2686 2050 quasi
2708 1993 2738 2032 a
2767 1987 2916 2048 tergo
2938 1974 3162 2034 veniens
3184 1976 3386 2031 tardius
3416 1968 3647 2032 videtur.

2059 2078 2133 2129 tio
2161 2074 2304 2129 enim
2332 2083 2579 2145 tempore
2608 2090 2715 2143 quo
2767 2073 3076 2130 necessitati
3115 2070 3358 2127 debitum
3399 2069 3649 2136 solvitur,

2054 2168 2177 2237 quia
2211 2182 2305 2235 per
2350 2183 2505 2222 esum
2551 2167 2795 2237 voluptas
2846 2165 3159 2224 necessitati
3214 2165 3499 2247 miscetur,
3525 2163 3655 2233 quid

2055 2259 2352 2313 necessitas
2384 2268 2547 2329 petat,
2579 2270 2634 2315 et
2662 2259 2815 2329 quid,
2843 2261 2987 2315 sicut
3024 2259 3229 2314 dictum
3257 2266 3378 2322 est,
3410 2255 3655 2335 voluptas

2056 2361 2326 2420 suppetat,
2352 2352 2652 2422 ignoratur.
2680 2354 2838 2423 Saepe
2876 2368 3005 2408 vero
3053 2363 3107 2408 et
3154 2349 3553 2413 discernimus;
3603 2358 3657 2405 et

2056 2442 2181 2512 quia
2210 2453 2494 2515 utramque
2523 2445 2627 2501 sibi
2647 2445 2992 2514 eonjunctam
3021 2446 3291 2509 novimus,
3311 2445 3363 2500 iu
3387 2449 3491 2519 hoc
3511 2446 3659 2514 quod

2056 2544 2206 2590 extra
2261 2547 2435 2592 metas
2467 2538 2730 2607 rapimur,
2755 2548 2778 2577 ο
2812 2538 2943 2594 libet
2978 2548 3038 2594 ut
3089 2538 3316 2595 sciendo
3370 2538 3658 2605 fallamur;

2057 2636 2109 2680 et
2155 2626 2281 2681 dum
2329 2627 2431 2681 sibi
2465 2642 2620 2683 mens
2674 2644 2741 2683 ex
2775 2630 3105 2684 necessitate
3144 2628 3445 2697 blanditur,
3472 2644 3538 2684 ex
3566 2645 3661 2685 vo-

2057 2722 2257 2788 luptztte
2279 2721 2563 2791 decipitur.
2596 2722 2871 2793 Scriptura
2892 2724 3091 2794 quippe
3116 2733 3238 2778 est:
3264 2720 3448 2777 Carnis
3476 2738 3657 2777 curam

2060 2830 2121 2866 ne
2140 2815 2364 2883 feceritis
2386 2818 2439 2868 in
2460 2815 2726 2870 desideriis
2741 2817 2923 2886 (Rom.
2940 2832 3054 2884 χιιι,
3073 2818 3188 2884 14).
3203 2817 3337 2883 Qua:
3354 2818 3518 2886 igitur
3538 2819 3658 2873 ﬁeri

2066 2906 2119 2958 in
2147 2904 2417 2959 desiderio
2441 2907 2847 2975 prohibetur,in
2871 2908 3197 2965 necessitate
3212 2910 3547 2964 conceditur.

2132 2995 2223 3052 6.3.
2253 2995 2438 3053 Carnis
2466 3000 2743 3069 desideria,
2777 3017 2880 3056 non
2906 3018 3027 3057 caro
3048 3003 3351 3059 occidenda.
3369 3000 3663 3058 Cavendum

2065 3108 2147 3157 ne,
2170 3092 2297 3145 dum
2345 3092 2539 3147 hostem
2593 3094 2935 3165 insequimur,
2963 3094 3121 3149 civem
3170 3110 3320 3165 quem
3377 3095 3664 3165 diligimus,

374 3188 527 3245 Unde
542 3197 598 3242 et
621 3186 872 3254 antiquus
893 3178 1060 3238 hostis
1082 3181 1203 3251 quia
1235 3197 1339 3235 non
1364 3181 1567 3245 cibum,
1596 3180 1688 3233 sed
1715 3179 1961 3233 ρίιιίρυιι-
1991 3170 2040 3237 C
2071 3184 2479 3238 trucidemus.—
2506 3185 2615 3241 Sed
2636 3200 2782 3256 saepe
2805 3185 2934 3241 dum
2963 3186 3184 3251 incaute
3204 3188 3513 3242 necessitati
3537 3198 3666 3239 con.
3700 3168 3701 3171 “

376 3277 755 3348 cupiscentiam
786 3288 906 3330 esse
952 3288 1167 3328 causam
1220 3272 1581 3326 damnationis
1611 3271 1879 3342 intelligit,
1913 3281 1967 3326 et

382 3375 608 3440 primum
639 3372 740 3426 sibi
770 3370 1041 3425 hominem
1076 3384 1180 3421 non
1206 3382 1392 3432 carne,
1414 3367 1510 3421 sed
1542 3382 1704 3434 pomo
1733 3366 1969 3420 subdidit

384 3464 592 3525 (Cenes.
612 3480 692 3530 Ill,
721 3464 796 3533 6),
827 3471 882 3518 et
910 3461 1203 3516 secundum
1236 3475 1341 3513 non
1362 3473 1539 3523 carne,
1570 3459 1663 3512 sed
1693 3472 1827 3525 pane
1856 3471 1970 3511 ten.

384 3559 515 3612 tavit
542 3555 754 3625 (Matth.
797 3569 870 3620 tv,
891 3553 971 3621 5).
1004 3553 1138 3607 llinc
1167 3560 1249 3605 est
1278 3549 1419 3620 quod
1453 3549 1767 3619 plerumque
1799 3549 1970 3603 Adam

382 3654 533 3718 culpa
581 3648 955 3710 committitur,
978 3646 1140 3701 etiam
1189 3658 1309 3698 cum
1352 3641 1563 3712 abjecta
1608 3651 1661 3695 et
1711 3642 1834 3696 vilia
1882 3657 1973 3697 su-

386 3752 621 3797 muntur.
656 3740 842 3806 Neque
864 3738 1009 3793 enim
1059 3736 1227 3789 Adam
1258 3734 1405 3789 solus
1453 3742 1511 3786 ttt
1539 3748 1567 3785 a
1594 3734 1762 3786 vetito
1791 3746 1849 3786 se
1879 3749 1974 3800 po-

387 3853 472 3890 mo
520 3832 874 3901 suspenderet
925 3835 1252 3899 praeceptum
1320 3826 1694 3894 prohibitionis
1744 3826 1972 3894 accepit.

386 3926 518 3983 Nam
550 3940 671 3980 cum
698 3922 951 3978 alimenta
993 3918 1233 3987 quaedam
1268 3917 1423 3970 saluti
1447 3926 1646 3970 nostra:
1678 3916 1815 3969 Deus
1845 3930 1975 3969 con-

387 4020 555 4091 traria
602 4015 830 4083 indicat,
859 4014 926 4068 ab
957 4014 1038 4067 his
1064 4028 1160 4068 nos
1193 4010 1346 4081 quasi
1387 4024 1480 4077 per
1511 4008 1832 4063 sententiam
1872 4022 1976 4063 ve-

387 4122 482 4165 tat.
513 4111 577 4166 Et
604 4111 730 4163 dum
759 4105 1204 4173 concupiscentes
1236 4103 1402 4157 noxia
1428 4100 1761 4173 attingimus,
1796 4099 1976 4168 profe-

385 4216 475 4260 cto
505 4200 631 4272 quid
659 4200 799 4255 aliud
834 4213 992 4267 quam
1020 4196 1179 4249 vetita
1204 4193 1590 4263 degustamus?

461 4290 553 4345 Gl.
589 4288 805 4345 Edenda
846 4302 962 4355 qua:
992 4287 1261 4339 necessitas
1286 4284 1490 4353 quaerit,
1515 4299 1615 4336 non
1642 4297 1758 4352 qua:
1810 4281 1969 4337 libido

388 4366 636 4458 suggerit.
670 4382 875 4447 Quanta
923 4380 988 4431 ad
1015 4379 1111 4431 hoc
1160 4376 1397 4431 discretio
1468 4376 1771 4429 necessaria.
1804 4403 1876 4416 --
1905 4376 1978 4430 Ea

390 4482 567 4550 itaque
600 4479 855 4532 sumenda
887 4484 1013 4530 sunt
1050 4486 1170 4541 qua:
1219 4480 1421 4523 naturae
1447 4470 1741 4549 necessitas
1764 4470 1976 4539 qumrit,

2073 3277 2492 3342 descendimus,
2542 3278 2832 3333 desideriis
2884 3278 3243 3333 deservimus.
3275 3278 3667 3346 Nonnunquam

2074 3386 2197 3425 vero
2224 3372 2351 3426 dum
2405 3372 2693 3428 desideriis
2725 3372 3137 3428 immoderatius
3163 3375 3382 3429 obviare
3429 3374 3668 3437 nitimur,

2073 3464 2405 3520 necessitatis
2430 3466 2675 3526 miserias
2711 3481 2991 3537 augemus.
3020 3467 3112 3523 Sic
3155 3469 3301 3523 enim
3316 3482 3538 3523 necesse
3586 3474 3669 3520 est

2073 3552 2101 3589 ά
2132 3562 2191 3608 ut
2217 3569 2395 3610 arcem
2423 3558 2649 3626 quisque
2677 3557 3022 3613 continentiae
3054 3568 3253 3622 teneat,
3275 3567 3538 3627 quatenus
3567 3571 3671 3611 non

2074 3662 2317 3711 Carnem,
2348 3648 2443 3703 sed
2493 3649 2621 3702 vitia
2674 3650 2853 3703 carnis
2908 3650 3140 3721 occidat.
3172 3648 3305 3704 Nam
3360 3650 3671 3717 plerumque

2075 3739 2199 3791 dum
2233 3740 2351 3809 plus
2384 3740 2532 3809 justo
2581 3756 2709 3795 caro
2757 3742 3116 3812 restringitur,
3172 3742 3332 3797 etiam
3362 3742 3441 3813 ab.
3469 3742 3672 3795 exerci~

2077 3829 2276 3884 talione
2326 3831 2455 3886 boni
2520 3834 2701 3903 operis
2750 3844 3056 3901 enervatur,
3129 3846 3185 3890 ut
3242 3835 3310 3889 ad
3375 3835 3674 3891 orationem

2078 3938 2291 3991 quoque
2341 3927 2422 3978 vel
2463 3910 2915 3995 praedicationem
2967 3945 3073 3983 non
3134 3928 3385 3993 sufﬁciat,
3419 3928 3545 3983 dum
3594 3929 3674 3982 in-

2076 4018 2287 4071 centiva
2319 4019 2571 4073 vitiorum
2632 4035 2683 4073 tn
2738 4034 2800 4074 se
2848 4019 3088 4073 funditus
3138 4019 3401 4073 sulfocare
3431 4018 3676 4076 festinat.

2088 4110 2400 4181 Adjutorem
2431 4113 2629 4182 quippe
2654 4114 2916 4168 habemus
2940 4115 3256 4170 intentionis
3272 4115 3506 4171 internae
3535 4114 3677 4169 hunc

2016 4238 2025 4247 ο
2088 4202 2357 4258 hominem
2404 4218 2564 4274 quem
2615 4206 2858 4260 exterius
2911 4216 3209 4277 gestamus,
3242 4216 3297 4260 et
3348 4205 3451 4275 ipsi
3490 4206 3678 4263 insunt

2084 4304 2256 4348 motus
2313 4294 2572 4362 lasciviae,
2608 4298 2708 4365 ipsi
2767 4295 2991 4353 effectus
3031 4307 3323 4366 suppetunt
3350 4299 3680 4363 operationis

2089 4388 2262 4443 home.
2292 4386 2447 4455 Saepe
2481 4403 2611 4441 vero
2636 4374 2782 4443 'dum
2830 4389 2886 4444 in
2940 4389 3030 4444 illo
3073 4392 3281 4444 hostem
3329 4390 3679 4458 insequimur,

2084 4479 2241 4532 etiam
2292 4479 2466 4532 civem
2521 4493 2682 4547 quem
2737 4479 3011 4549 diligimus
3062 4481 3505 4543 trucidatnns;et
3537 4494 3682 4551 saepe
3744 4464 3747 4469 ’

385 4584 441 4628 et
470 4589 574 4628 non
613 4586 733 4639 qua:
774 4568 966 4624 edendi
990 4566 1154 4619 libido
1189 4567 1443 4633 suggerit.
1471 4561 1574 4615 Sed
1608 4576 1828 4628 magnus
1860 4564 1979 4615 dis-
2012 4560 2057 4615 Π
2084 4569 2210 4623 dum
2241 4569 2391 4639 quasi
2416 4570 2623 4625 concivi
2650 4572 2939 4639 parcimus,
2971 4572 3039 4626 ad
3082 4571 3325 4639 praelium
3346 4571 3558 4627 hostem
3582 4589 3683 4628 nu-

388 4662 810 4720 cretiunislabor
833 4672 912 4714 est
945 4659 1067 4712 huic
1084 4655 1319 4712 exactori
1348 4668 1395 4708 et
1423 4653 1618 4721 aliquid
1643 4655 1974 4720 impendere,

389 4767 441 4810 et
462 4755 663 4823 aliquid
693 4755 958 4822 denegare
978 4768 992 4816 ;
1012 4761 1065 4804 et
1090 4766 1192 4802 non
1222 4747 1398 4800 dando
1427 4746 1601 4813 gulam
1628 4746 1974 4814 restringere,

389 4856 442 4899 et
469 4845 647 4898 dando
669 4853 911 4897 naturam
936 4842 1162 4893 nutrire.
1186 4836 1336 4913 [Rea
1364 4834 1446 4888 ΧΙ
1462 4832 1553 4904 V.]
1574 4835 1703 4901 Quae
1752 4836 1979 4891 fortasse

390 4936 642 4991 discretio
670 4934 1017 4996 subinlertur,
1040 4945 1159 4986 cum
1194 4930 1386 4984 dicitur
1418 4946 1429 4979 :
1464 4927 1750 4981 Clamorem
1772 4938 1983 4980 exacto-

391 5032 462 5084 ris
499 5046 603 5085 non
646 5027 810 5082 audit.
850 5026 1043 5082 Sermo
1088 5039 1320 5093 namque
1345 5021 1682 5094 Quhujus
1711 5022 1976 5075 exactoris

397 5131 477 5175 est
495 5121 793 5178 necessaria
823 5115 1105 5189 postulatio
1128 5122 1352 5169 naturai.
1371 5114 1591 5169 Clamor
1612 5129 1739 5169 vero
1756 5113 1872 5183 ejus
1893 5123 1977 5168 est

394 5230 695 5271 mensuram
725 5210 1059 5268 necessitatis
1086 5208 1352 5263 transiens
1400 5210 1663 5275 appetitus
1692 5208 1852 5277 gulae.
1880 5207 1975 5263 Hic

466 5340 493 5368 ⁸
520 5329 616 5385 Ed.
643 5334 871 5390 recent.,
907 5325 959 5378 in
1005 5337 1170 5378 eremo
1210 5337 1299 5387 per
1342 5304 1579 5373 virtulem
1605 5322 1835 5389 spiritus.
1861 5320 1965 5375 νει

390 5402 533 5456 Edit.
563 5399 733 5453 Paris.
767 5406 820 5451 et
853 5397 1037 5461 Basi|.,
1063 5411 1112 5445 tn
1144 5408 1309 5446 eremo
1350 5393 1584 5443 virtutem
1616 5392 1845 5458 spiritus,
1874 5402 1979 5446 etc.

390 5476 556 5539 Quam
583 5469 867 5524 lectionem
902 5477 952 5519 ut
978 5468 1238 5539 potiorem
1264 5461 1489 5539 libenter
1511 5462 1980 5539 :tn_tpl«.~ctet'etttt:_r,

388 5531 488 5597 nisi
541 5540 782 5597 obstaret
828 5531 1123 5591 consensus
1154 5535 1276 5587 Mss.
1308 5531 1537 5599 Anglic“
1571 5531 1778 5593 Norm.,
1814 5532 1974 5585 Curii.

388 5612 599 5675 Gerun,
633 5610 861 5675 Turon.,
894 5606 1087 5671 Laud,
1109 5605 1220 5675 Val.
1240 5604 1320 5658 Cl.
1350 5614 1400 5656 et
1432 5601 1679 5675 Longip.,
1704 5605 1754 5653 in
1786 5604 1980 5669 quibus

391 5668 607 5753 legitur;
632 5668 864 5753 virtutem
907 5668 1155 5745 corporis.
1175 5668 1341 5753 Porro
1370 5668 1745 5753 _pergvirtutem
1777 5668 1982 5753 ,ιι-φεροτ

391 5744 488 5820 τῆξ,
525 5744 610 5807 hic
637 5751 863 5820 intelligi
894 5758 1066 5816 potest
1088 5745 1417 5800 continentia
1450 5751 1500 5794 et
1528 5744 1743 5795 castitas
1777 5744 1979 5798 illibata

391 5841 587 5881 Carnis.

2088 4660 2301 4713 trimus.
2334 4660 2547 4713 Eisdem
2589 4676 2820 4730 namque
2850 4661 3123 4718 alimentis
3168 4659 3299 4716 vitia
3341 4664 3679 4734 superbiunt,

2085 4751 2280 4819 quibus
2310 4752 2528 4804 nutrita:
2561 4752 2785 4806 virtutes
2813 4752 3021 4808 vivunt.
3048 4754 3117 4807 Et
3149 4769 3269 4809 cum
3304 4756 3475 4809 virtus
3503 4758 3679 4821 alitur,

2088 4844 2401 4913 plerumque
2429 4845 2570 4898 vires
2602 4842 2761 4917 vitiis“
2776 4853 3061 4914 augentur.
3095 4847 3229 4902 Cum
3252 4863 3382 4903 vero
3421 4848 3682 4901 immensa

2086 4935 2413 4990 continentia
2436 4937 2688 4990 vitiorum
2720 4938 2862 4993 vires
2888 4949 3165 5007 extenuat,
3200 4942 3359 4996 etiam
3390 4940 3559 4994 virtus
3589 4939 3682 4993 de-

2087 5025 2273 5081 ﬁciens
2302 5018 2535 5080 anhelat.
2573 5026 2724 5084 Unde
2745 5044 2967 5084 necesse
2996 5039 3080 5085 est
3120 5042 3177 5085 ut
3210 5031 3437 5085 interior
3490 5029 3676 5095 homo,

2082 5126 2263 5171 noster
2289 5130 2472 5183 aequus
2511 5118 2724 5188 quidam
2766 5120 2966 5175 arbiter
3017 5104 3304 5188 praesideat
3334 5120 3473 5174 inter
3515 5133 3598 5182 se,
3632 5129 3686 5173 et

2082 5226 2202 5263 eum
2233 5226 2392 5278 quem
2441 5213 2680 5266 exterius
2724 5223 2919 5283 gestat,
2948 5226 3217 5282 quatenus
3244 5214 3290 5265 ei
3352 5196 3514 5266 homo
3549 5226 3680 5265 suus

2165 5322 2189 5359 δ
2222 5325 2346 5398 [ζόη
2377 5338 2424 5379 et
2447 5336 2586 5381 tanto
2607 5330 2751 5396 gula.
2781 5330 2958 5384 Nostri
2987 5330 3115 5383 Mss.
3143 5329 3352 5398 habent
3373 5330 3547 5398 gulam
3712 5374 3715 5375 ν

2164 5404 2185 5430 ο
2212 5394 2501 5463 Gttssanv.,
2534 5394 2653 5450 cuin
2684 5410 2883 5452 recent.
2914 5400 3053 5461 aliis,
3088 5397 3243 5452 libere
3268 5394 3548 5465 reﬁciendo
3572 5403 3678 5466 [al-

2089 5464 2361 5538 lintur.....
2392 5485 2455 5522 ex
2496 5468 2752 5538 uoluntate
2780 5470 3051 5538 decipitur.
3086 5464 3375 5538 Sequimur
3411 5472 3535 5524 Mss.
3570 5464 3679 5526 An-

2087 5536 2237 5615 glia,
2272 5540 2475 5601 Norm.,
2504 5537 2752 5605 Longip.,
2784 5536 3191 5615 Corbsfierjn;
3218 5541 3412 5615 Lauda.
3446 5542 3674 5615 ’l‘uron.,

2097 5610 2340 5669 \'itttloc.,
2374 5618 2501 5662 ctc..
2530 5621 2734 5661 necnon
2770 5620 2873 5664 vet.
2904 5610 3040 5665 l‘ldit.
3074 5612 3241 5667 Paris.
3270 5610 3324 5666 et
3358 5614 3518 5669 Basil.

2159 5675 2181 5712 ἀ
2220 5677 2438 5730 Recent.
2471 5677 2702 5743 Vulgati,
2734 5693 2784 5731 ttt
2841 5692 3021 5735 artem.
3051 5680 3170 5735 Vet.
3226 5684 3362 5735 Edat.
3410 5684 3577 5739 Paris.
3621 5695 3677 5737 et

2099 5748 2265 5805 Basrl.
2293 5748 2637 5823 consentiunt
2667 5749 2787 5803 Mss.
2819 5753 3029 5817 Norm.,
3052 5752 3214 5809 Corb.
3252 5756 3410 5809 iiertu
3504 5757 3670 5809 Laud.

2092 5828 2219 5883 etc.,
2239 5833 2369 5886 quos
2395 5833 2667 5886 sequuuttr
