4036 6348
453 374 561 435 559

1667 373 1911 432 SANC'I'I
1953 371 2281 431 GREGORII
2320 322 2534 432 MnGNl

3633 368 3740 428 560

448 493 686 551 exterior
712 498 768 547 et
795 504 1008 561 semper
1050 486 1117 545 ad
1165 486 1404 545 debitum
1433 486 1789 545 ministerium
1827 490 2032 546 servire
2058 491 2108 552 Α
2138 491 2395 561 poraliter
2419 489 2633 547 condita
2656 495 2882 547 venturo
2901 487 3011 544 ﬁne
3035 500 3065 542 a
3082 485 3422 559 iucunditate
3444 486 3572 543 vita
3603 500 3748 558 pra:-

451 583 708 650 sulllciat,
734 592 790 640 et
818 596 1091 653 nunquam
1122 580 1359 652 superbe
1381 581 1549 637 libera
1574 584 1787 638 cervice
1815 591 2039 639 contra-

450 676 624 743 dicat;
658 689 756 732 nec
782 681 999 731 moveat
1017 674 1060 729 si
1083 673 1207 743 quid
1239 672 1575 744 suggerendo
1615 675 2037 742 submurmurat,

448 767 744 824 dummodo
780 782 903 823 eum
961 780 1176 836 semper
1205 768 1541 836 superposita
1580 767 1744 822 ‘calce
1784 767 2039 822 domina-

372 934 375 937 _
447 867 612 923 tionis
644 874 872 936 premat.
901 863 1098 935 Sicque
1125 864 1185 918 fit
1212 874 1271 919 ut
1296 863 1421 918 dum
1475 877 1722 932 repressa
1766 862 1901 917 vitia
1948 878 2038 918 re-

448 961 545 1017 niti
576 960 789 1030 quidem
816 957 972 1014 nobis
1001 958 1253 1027 patimur,
1287 967 1338 1011 et
1368 965 1547 1012 tamen
1579 956 1695 1011 haec
1759 954 2039 1011 nobiscum

444 1054 700 1125 congredi
746 1070 816 1108 ex
846 1068 1002 1124 aquo
1037 1051 1409 1123 prohibemus,
1440 1065 1543 1106 nec
1572 1050 1698 1106 vitia
1722 1061 1906 1105 contra
1932 1050 2037 1105 vir-

446 1157 617 1202 tutem
644 1146 991 1215 praevaleant,
1022 1160 1120 1199 nec
1170 1159 1382 1198 rursum
1416 1143 1591 1197 virtus
1637 1156 1756 1197 cum
1784 1142 2037 1197 vitiorum

440 1238 606 1311 985
637 1237 946 1293 omnimoda
977 1236 1333 1291 exstinctione
1364 1235 1698 1290 succumbat.
1724 1234 1838 1298 Qua
1882 1234 1935 1289 in
1978 1249 2038 1289 re

444 1324 558 1387 Sola
583 1330 747 1387 elatio
781 1339 805 1367 ⁸
840 1329 1079 1385 funditus
1121 1328 1500 1397 exstinguitur,
1526 1329 1649 1398 quia
1679 1325 1922 1395 quamvis
1949 1326 2039 1380 vi-

444 1426 630 1482 ctoriae
674 1425 895 1493 serviat,
929 1423 997 1479 ad
1038 1422 1391 1479 edomandam
1420 1430 1599 1477 tamen
1647 1423 2037 1491 cogitationum
2082 1492 2085 1497 η

443 1517 753 1586 superbiam
781 1515 1032 1571 continua
1057 1515 1209 1570 nobis
1236 1528 1408 1585 pugna
1439 1524 1706 1570 servatur.
1724 1513 1879 1569 Unde
1903 1514 2040 1570 bene

441 1607 553 1675 hic,
582 1607 704 1681 quia
728 1610 1094 1678 unusquisque
1114 1608 1194 1662 vir
1216 1607 1498 1663 continens
1530 1616 1585 1663 et
1621 1607 1816 1663 debita:
1841 1621 2041 1663 neces-

442 1700 589 1757 sitati
616 1700 887 1771 congruit,
907 1710 962 1755 et
987 1698 1234 1755 violenta:
1256 1698 1519 1768 voluptati
1541 1698 1888 1765 contradicit,
1906 1713 2041 1755 voce

442 1792 709 1850 dominica
742 1792 935 1847 dicitur
962 1809 975 1845 :
1003 1791 1288 1849 Clamorem
1317 1792 1569 1865 exactoris
1596 1808 1699 1847 non
1719 1792 1887 1847 audit.
1904 1794 2041 1862 Quia

2143 584 2315 640 sentis
2340 583 2494 655 quasi
2525 581 2712 640 aestivo
2747 581 2864 639 sole
2916 581 3210 638 siccantur.
3263 576 3501 634 virentia
3557 587 3744 635 autem

2143 684 2273 730 sunt
2298 685 2514 742 vocata,
2566 690 2687 747 qum
2738 674 2882 730 nulla
2940 673 3337 745 temporalitate
3384 680 3746 730 marcescunt.

2142 766 2280 825 Huic
2310 783 2439 839 ergo
2464 784 2668 843 onagro
2683 770 2910 827 virentia
2928 770 3265 841 perquirere,
3294 776 3379 824 est
3406 776 3596 825 sancto
3624 766 3749 824 uni-

2143 860 2338 931 cuique
2360 863 2498 929 viro,
2527 862 2797 933 despectis
2826 864 2990 921 rebus
3013 861 3367 932 transitoriis,
3397 861 3450 918 in
3478 874 3746 920 aeternum

2143 969 2396 1009 mansura
2442 954 2771 1012 desiderare.

2212 1044 2415 1101 Cuncta
2448 1062 2580 1103 vero
2613 1050 2731 1105 haec
2758 1064 2880 1121 quae
2901 1048 2969 1105 de
3012 1062 3219 1121 onagro
3248 1047 3395 1105 dicta
3435 1057 3562 1104 sunt
3585 1039 3747 1102 intel-
3802 1063 3816 1072 ·

2142 1136 2235 1207 ligi
2263 1138 2514 1217 etiamet
2542 1141 2698 1197 aliter
2736 1152 2984 1212 possunt.
3022 1141 3154 1212 Quae
3201 1143 3430 1213 repetito
3478 1136 3749 1211 superiori

2142 1244 2299 1285 versu
2328 1232 2666 1303 exponimus,
2693 1243 2751 1289 ut
2780 1235 2999 1291 lcetoris
3022 1230 3225 1305 judicio
3270 1234 3413 1307 quod
3436 1232 3747 1302 eligendum

2118 1323 2432 1409 crediderit
2470 1326 2862 1398 relinquamus.
2895 1329 3056 1399 Igitur
3094 1338 3377 1399 postquam
3424 1326 3751 1397 praedicato-

2143 1429 2262 1469 rum
2286 1416 2613 1486 dispensatio
2630 1419 2731 1475 sub
2746 1434 3026 1475 cervarum
3049 1429 3313 1491 praetextu
3338 1419 3609 1490 descripta
3633 1426 3747 1483 est,

2145 1515 2203 1562 ut
2232 1508 2610 1566 ostenderetur
2636 1526 2732 1581 per
2760 1528 2925 1584 quem
2966 1513 3080 1569 haec
3122 1514 3312 1570 eadem
3339 1514 3511 1568 virtus
3542 1509 3750 1582 praedi-

2150 1601 2381 1658 cationis
2428 1602 2606 1670 datur,
2637 1603 2779 1659 illico
2804 1607 3249 1662 commemoratio
3278 1606 3347 1662 de
3370 1602 3642 1662 dominica
3666 1601 3752 1658 in-

2162 1696 2476 1755 carnatione
2495 1700 2857 1769 subnectitur,
2882 1708 2945 1756 ‘ut
2964 1700 3173 1757 dicatur
3197 1718 3211 1754 :
3278 1776 3281 1777 ν

2737 1809 2967 1867 CAPUT
3006 1810 3148 1866 XXI.

442 1895 621 1942 autem
669 1885 932 1941 discretus
962 1884 1044 1939 vir
1079 1899 1146 1940 eo
1183 1883 1250 1939 ad
1282 1864 1632 1956 intelligenda
1672 1888 1953 1955 superiora
1977 1902 2039 1945 se

2221 1864 2393 1960 νῖκεῖ
2420 1902 2475 1960 5.
2506 1935 2576 1946 -
2608 1905 2737 1974 Quis
2754 1864 2959 1960 dimisi;
2980 1864 3237 1979 onagrum
3266 1903 3521 1960 liberum!

441 1980 635 2042 elevat,
661 1992 767 2048 quo
791 1977 844 2032 in
875 1991 936 2033 se
960 1977 1139 2033 carnis
1163 1966 1432 2032 incentiva
1474 1977 1720 2047 castigat,
1748 1986 1896 2034 recte
1922 1986 2063 2048 post.

444 2078 812 2139 contemptum
841 2069 1117 2123 exactoris
1146 2069 1439 2125 clamorem
1472 2069 1743 2147 subditur.

861 2161 1090 2217 CAPUT
1129 2160 1252 2216 XIX
1292 2162 1436 2234 [Rec.
1465 2159 1618 2233 XV].

516 2257 683 2310 Vnus.
719 2256 774 2309 8.
808 2283 880 2294 —
919 2252 1279 2323 Circumspicit
1308 2263 1505 2308 montes
1535 2269 1743 2324 pascuis
1768 2271 1897 2310 sum.

512 2348 603 2403 64.
636 2346 718 2400 Ad
747 2344 1083 2418 intelligenda
1139 2343 1381 2398 sublimia
1426 2345 1560 2399 valet
1609 2347 1907 2411 ascendere,
1952 2344 2044 2414 qui

442 2443 617 2498 carnis
644 2439 899 2497 incentiva
927 2438 1219 2512 castigavit.
1252 2468 1323 2479 —
1342 2422 1549 2494 Montes
1579 2448 1794 2508 pascua:
1820 2448 1943 2493 sunt
1964 2437 2044 2499 al,-

446 2542 517 2589 tm
543 2532 1033 2601 contemplationes
1066 2530 1292 2586 internae
1323 2529 1657 2588 refectionis.
1690 2530 1873 2587 Sancti
1896 2530 2041 2585 enim

440 2626 541 2682 viri
584 2633 787 2696 quanto
813 2622 982 2695 magis
1028 2638 1088 2679 se
1116 2624 1353 2679 exterius
1379 2623 1732 2694 despiciendo
1760 2622 2039 2693 dejiciunt,

443 2726 595 2772 tanto
623 2715 853 2786 amplius
879 2710 1106 2771 interius
1147 2714 1538 2771 revelationum
1584 2716 2042 2787 contemplatione

445 2818 756 2880 pascuntur.
813 2806 970 2865 Unde
1022 2808 1285 2881 scriptum
1327 2822 1448 2867 est:
1505 2811 1759 2866 Ascensus
1793 2813 1849 2866 in
1888 2811 2042 2866 corde

442 2902 555 2973 ejus
576 2903 829 2972 disposuit
854 2902 908 2958 in
923 2900 1155 2958 convalle
1175 2900 1577 2975 Vlacrymarum
1605 2903 1779 2973 (Psal.
1812 2920 2039 2969 uxxrtt,

442 2995 501 3062 ϐ,
532 2995 610 3066 7),
638 3000 762 3067 quia
792 3011 926 3067 quos
968 2997 1206 3054 exterius
1246 2997 1303 3053 in
1340 2998 1475 3054 ﬂetu
1503 2998 1743 3053 continet
1774 2996 2040 3051 convallis

380 3098 385 3101 ‘
444 3087 786 3157 humilitatis,
816 3106 911 3145 eos
950 3092 1179 3147 interius
1219 3090 1469 3147 sublevat
1511 3104 1771 3146 ascensus
1800 3098 2042 3145 contem-

444 3180 893 3250 plationis.[Vet.
938 3180 1181 3253 XXIX-.1
1229 3182 1441 3237 Montes
1464 3183 1628 3237 etiam
1675 3197 1886 3249 pascua:
1916 3189 2042 3236 sunt

442 3269 700 3325 sublimes
729 3269 959 3326 virtutes
1019 3272 1352 3343 angelorum.
1388 3273 1518 3341 Quae
1562 3272 1767 3328 idcirco
1810 3272 1895 3327 hic
1941 3286 2041 3327 nos
2072 3270 2117 3333 C

446 3361 799 3421 ministrando
820 3370 876 3421 et
903 3363 1210 3437 adjuvamlo
1230 3365 1498 3433 reﬁciunt,
1528 3364 1655 3438 quia
1686 3365 1795 3423 illic.
1826 3364 2040 3424 interno

445 3457 913 3527 contemplationis
953 3475 1077 3515 rore
1127 3460 1500 3531 pinguescunt.
1559 3461 1693 3529 Quae
1744 3467 1870 3533 quia
1924 3462 2042 3517 lar-

441 3548 624 3619 giente
656 3549 766 3606 Deo
798 3551 852 3607 in
879 3553 1027 3607 omni
1061 3566 1161 3609 nos
1202 3554 1499 3610 certamine
1538 3563 1847 3625 protegunt,
1893 3564 2042 3611 recte

441 3640 780 3712 circumspici
831 3642 1101 3705 dicuntur.
1156 3646 1408 3717 Undique
1449 3647 1592 3703 enim
1642 3647 1797 3704 nobis
1842 3646 2040 3703 adesse

424 3734 930 3806 circumspicimus,
964 3754 1192 3809 quorum
1220 3739 1536 3796 defensione
1559 3751 1750 3795 contra
1782 3739 2042 3795 adversa-

438 3826 551 3882 rios
594 3842 663 3883 es
690 3828 841 3883 omni
871 3829 1040 3886 latere
1084 3831 1382 3888 munimur.
1420 3832 1655 3888 Possunt
1682 3830 1861 3887 adhuc
1887 3845 2040 3886 mon-

440 3926 758 3995 tespascuze
807 3920 976 3990 accipi
1006 3921 1128 3977 alue
1180 3925 1466 3979 sententia:
1510 3924 1804 3992 Scriptura:
1846 3938 2039 3993 sacrae,

441 4009 509 4065 de
532 4010 726 4079 quibus
776 4026 873 4080 per
913 4012 1250 4071 Psalmistam
1300 4016 1543 4071 dicitur:
1598 4015 1805 4070 Montes
1853 4017 2043 4071 excelsi

440 4101 597 4155 cervis
623 4099 799 4171 (Psul.
830 4117 944 4171 Clll,
977 4103 1088 4176 18),
1117 4108 1239 4175 quia
1273 4107 1327 4161 hi
1360 4108 1448 4176 qui
1486 4106 1596 4177 jam
1627 4107 1758 4164 dare
1789 4118 2042 4165 contem-

439 4191 697 4263 plationis
729 4192 901 4249 saltus
923 4206 1213 4260 noverunt,
1244 4199 1381 4252 altos
1410 4197 1805 4253 sententiarum
1828 4199 2038 4255 divina-

441 4297 559 4339 rum
588 4284 815 4340 vertices
843 4287 995 4357 quasi
1023 4288 1304 4343 cacumina
1330 4289 1592 4343 tnontium
1615 4290 1939 4358 ascendunt,
1972 4291 2040 4347 ad

440 4391 564 4445 quae
596 4376 832 4446 profecto
860 4383 1144 4435 cacumina
1202 4382 1325 4451 quia
1379 4381 1574 4436 inﬁrmi
1620 4382 1905 4451 pervenire
1932 4401 2039 4441 non

440 4468 642 4537 valent,
677 4481 823 4527 recte
852 4473 965 4528 illic
994 4473 1241 4530 subditur
1268 4491 1282 4526 :
1317 4471 1479 4529 Petra
1505 4475 1767 4547 refugium
1796 4478 2041 4535 erinaciis

442 4558 654 4631 (lbid.),
679 4563 800 4633 quia
830 4565 1085 4621 videlicet
1115 4566 1377 4622 invalidos
1407 4583 1515 4623 non
1546 4569 1850 4626 sublimiter
1880 4571 2040 4628 intel-

2219 1998 2592 2056 ALLecomcus
2632 2014 2846 2056 sensus.
2888 2028 2955 2040 —-
2985 1996 3076 2054 66.
3119 1997 3355 2079 Christus
3404 2011 3599 2069 onagro
3638 2010 3751 2049 nte-

2146 2094 2249 2147 rito
2273 2104 2622 2164 comparatur.
2662 2124 2736 2136 —
2763 2094 2880 2149 Nec
2916 2092 3193 2164 indignum
3239 2093 3361 2160 quis
3402 2090 3610 2162 judicet
3656 2101 3753 2158 per

2151 2190 2259 2245 tale
2287 2182 2483 2245 animal
2507 2189 2844 2245 incarnatum
2876 2187 3160 2244 Dominum
3181 2200 3341 2257 posse
3359 2184 3598 2254 ligurari,
3619 2182 3751 2236 dum

2145 2289 2362 2337 constat
2390 2280 2642 2337 omnibus
2666 2281 2792 2353 quia
2823 2294 2920 2352 per
2974 2277 3429 2351 signiﬁcationem
3465 2271 3752 2347 quamdam

2146 2374 2202 2431 in
2232 2373 2509 2444 Scriptura
2548 2387 2703 2428 sacra
2751 2382 2808 2429 et
2850 2371 3053 2427 vermis
3081 2379 3139 2425 et
3163 2369 3469 2424 scarabmus
3499 2375 3753 2434 ponatur,

2146 2469 2286 2524 sicut
2335 2466 2596 2537 scriptum
2636 2476 2759 2522 est:
2815 2464 2926 2537 Ego
2971 2474 3148 2520 autem
3175 2479 3289 2517 sum
3336 2460 3539 2525 vermis,
3573 2468 3752 2512 etnon

2146 2561 2299 2616 homo
2323 2558 2499 2632 (Psal.
2529 2575 2643 2626 ut,
2672 2558 2757 2629 Ἰ).
2784 2559 2851 2613 Et
2872 2558 3015 2614 sicut
3032 2555 3171 2627 apud
3211 2553 3569 2625 Septuaginta
3594 2549 3754 2606 inter-

2146 2664 2325 2725 pretes
2376 2669 2473 2723 per
2499 2653 2666 2725 986
2697 2653 3013 2723 prophetam
3062 2650 3301 2706 dicitur:
3354 2644 3664 2703 Scarabteus
3692 2641 3752 2696 de

2144 2747 2286 2819 ligno
2310 2746 2550 2800 clamauit
2576 2743 2806 2818 (Hahae.
2839 2760 2898 2811 ιι,
2923 2742 3007 2816 2).
3030 2745 3166 2798 Cum
3193 2756 3324 2813 ergo
3345 2738 3636 2797 nominatis
3666 2753 3779 2792 re-A

2144 2839 2246 2895 bus
2278 2848 2385 2894 tam
2415 2837 2638 2907 abjectis
2665 2845 2727 2893 es
2771 2836 2967 2892 vilibus
3016 2836 3301 2906 liguratur,
3353 2832 3483 2905 quid
3531 2831 3597 2887 de
3654 2829 3754 2884 illo

2146 2930 2533 2986 contumeliose
2578 2929 2795 2996 dicitur,
2826 2929 2895 2985 de
2922 2943 3029 2999 quo
3080 2934 3294 2983 constat
3340 2925 3483 2997 quod
3527 2921 3753 2997 proprie

2153 3023 2284 3078 nihil
2307 3022 2556 3077 dicatur?
2587 3019 2821 3077 Vocatur
2839 3021 3040 3076 etenim
3068 3028 3262 3091 agnus,
3291 3017 3390 3074 sed
3419 3025 3636 3087 prapter
3668 3015 3755 3069 in-

2146 3113 2469 3170 nocentiam.
2494 3112 2729 3167 Vocatur
2756 3114 2863 3180 leo,
2893 3113 2987 3168 sed
3020 3124 3239 3183 propter
3269 3096 3591 3181 potentiam.
3627 3107 3754 3161 Ali-

2147 3203 2358 3275 quando
2398 3203 2562 3259 etiam
2610 3204 2851 3273 serpenti
2896 3211 3265 3273 comparatur,
3312 3212 3334 3241 ο
3393 3200 3489 3257 sed
3534 3209 3754 3270 propter

2147 3306 2373 3351 mortem
2400 3296 2485 3351 vel
2520 3295 2862 3365 sapientiam.
2894 3297 3072 3366 Atque
3103 3295 3228 3351 ideo
3260 3308 3355 3365 per
3407 3293 3526 3348 haec
3571 3292 3754 3347 omnia

2144 3389 2250 3448 dici
2270 3388 2563 3463 figuraliter
2593 3396 2789 3462 potest,
2815 3388 2937 3462 quia
2964 3388 3033 3447 de
3074 3388 3162 3447 bis
3192 3388 3445 3448 omnibus
3475 3384 3619 3443 credi
3657 3383 3753 3441 ali-

2144 3487 2279 3559 quid
2294 3487 2663 3543 essenttaliter
2694 3501 2801 3542 non
2835 3495 3032 3556 potest.
3064 3486 3122 3542 Si
3162 3488 3306 3542 enim
3351 3500 3517 3539 unum
3556 3485 3752 3536 horum

2144 3579 2429 3651 quodlibet
2450 3576 2813 3635 essentialiter
2862 3580 3142 3645 existeret,
3199 3578 3431 3634 alterum
3487 3575 3599 3647 jam
3645 3573 3751 3628 dici

2145 3688 2252 3727 non
2276 3678 2493 3742 posset.“
2514 3669 2650 3726 Nam
2683 3670 2729 3726 si
2759 3686 2930 3742 agnus
2956 3674 3173 3740 proprie
3202 3669 3498 3735 diceretur,
3530 3667 3617 3722 leo
3633 3665 3751 3735 jam

2145 3764 2326 3820 vocari
2350 3772 2718 3833 nonlpoterat.
2748 3763 2804 3819 Si
2827 3764 2912 3819 leo
2943 3764 3156 3833 proprie
3177 3761 3471 3826 diceretur,
3495 3775 3591 3831 per
3619 3774 3750 3814 ser-

2147 3865 2361 3925 pentem
2394 3854 2596 3925 signari
2623 3870 2730 3910 non
2760 3863 2968 3925 posset.
2994 3854 3100 3912 Sed
3129 3855 3246 3909 haec
3276 3856 3327 3908 in
3348 3854 3442 3909 illo
3471 3850 3650 3907 omnia
3671 3850 3749 3904 di-

2144 3950 2317 4004 cimus
2352 3956 2502 4003 tanto
2533 3948 2692 4004 latius
2722 3948 2777 4002 in
2804 3949 2995 4019 ﬁgura,
3014 3957 3215 4018 quanto
3238 3948 3449 4016 longius
3468 3945 3536 4001 ab
3558 3958 3750 4002 essen-

2145 4040 2242 4097 tia.
2273 4041 2459 4097 Potest
2486 4055 2617 4112 ergo
2646 4026 2845 4111 onager
2875 4042 3212 4095 incarnatum
3256 4039 3542 4094 Dominum
3591 4035 3750 4091 desi-

2143 4118 2329 4207 gnare.
2360 4131 2389 4172 ά
2416 4134 2645 4205 Agreste
2690 4134 2888 4205 quippe
2917 4121 3115 4189 animal
3142 4141 3225 4189 est
3252 4147 3473 4204 onager.
3514 4132 3581 4186 Et
3620 4129 3749 4201 quia
3808 4150 3811 4157 ·

2145 4228 2459 4281 incarnatus
2494 4225 2755 4281 Dominus
2799 4226 3086 4295 gentilitati
3126 4226 3326 4297 magis,
3361 4240 3519 4296 quam
3549 4223 3752 4280 Judaaae

2150 4316 2375 4389 profuit,
2410 4319 2645 4374 animale
2672 4333 2868 4389 corpus
2906 4334 3211 4389 assumens,
3240 4320 3396 4391 quasi
3434 4335 3540 4375 non
3572 4319 3624 4373 in
3655 4317 3753 4372 do-

2146 4425 2318 4479 mum,
2351 4410 2449 4467 sed
2479 4411 2659 4481 potius
2691 4411 2747 4467 in
2769 4427 2957 4485 agrum
2982 4413 3151 4469 venit.
3177 4413 3254 4469 De
3283 4428 3391 4485 quo
3419 4427 3549 4485 agro
3577 4410 3753 4483 genti-

2143 4502 2311 4559 litatis
2336 4518 2436 4574 per
2460 4504 2804 4562 Psalmistam
2834 4505 3067 4562 dicitur:
3125 4506 3340 4577 Species
3384 4507 3499 4578 agri
3552 4519 3748 4560 mecum

2147 4605 2220 4651 est
2247 4592 2367 4667 (Ps.
2403 4612 2548 4662 χιιι,
2579 4597 2693 4669 ll).
2720 4597 3040 4655 lnearnatus
3068 4588 3248 4669 itaque
3277 4598 3532 4655 Dominus
3562 4598 3653 4669 qui
3694 4596 3750 4651 in

444 4653 662 4755 ligentia
685 4667 925 4762 exuet-cet,
952 4660 1046 4715 sed
1088 4662 1202 4716 sola
1236 4661 1292 4717 in
1340 4660 1557 4719 Christo
1605 4664 1737 4720 lides
1769 4666 2041 4724 humiliter
2070 4659 2121 4722 ι)
2147 4653 2323 4745 fon,“
2350 4690 2448 4748 Dei
2490 4653 2715 4762 a'quaiis
2740 4704 2824 4749 εει
2853 4653 3037 4758 pm,
3079 4653 3353 4749 inimum
3379 4653 3521 4748 sel-ivi
3574 4653 3751 4748 minor

441 4747 701 4803 continet.
732 4749 985 4821 Sequitur
1014 4770 1027 4807 :

1035 4867 1266 4927 CAPUT
1308 4869 1429 4926 XX.

512 4958 643 5014 Isto.
676 4987 745 5001 —
774 4956 1011 5015 Virentia
1047 4979 1258 5032 quaeque
1286 4964 1551 5034 perquirit.

510 5050 601 5108 65.
642 5050 908 5120 Despectis
950 5055 1279 5122 transitoriis,
1310 5058 1364 5109 in
1382 5065 1629 5113 teternum
1664 5074 1913 5115 mansura
1940 5060 2035 5116 de-

438 5146 751 5204 siderantur.
781 5175 853 5187 —
877 5146 1103 5204 Arentia
1135 5147 1332 5220 quippe
1369 5161 1496 5208 sunt
1524 5153 1705 5208 omnia
1747 5168 1867 5224 qua:
1895 5161 2034 5209 tem-

512 5338 541 5367 ι
579 5328 846 5385 Gussanv.
892 5343 1016 5383 cum
1045 5327 1183 5399 plur.
1210 5327 1312 5383 Ed.
1366 5330 1494 5398 legit
1538 5333 1769 5400 funditus
1800 5350 1902 5387 non
1929 5349 2032 5388 ea:-

439 5400 742 5472 stinguitur.
772 5400 1107 5472 Repugnant_
1141 5400 1269 5456 Mss.
1302 5415 1489 5455 omnes
1519 5418 1580 5457 ac
1607 5414 1714 5458 vet.
1749 5405 1891 5460 Edit.
1926 5405 2028 5459 Pa-

439 5469 731 5543 ι’ἰεξ1ή88,
766 5469 952 5540 H95,-
979 5470 1139 5535 1518,
1189 5472 1349 5535 1571,
1408 5473 1570 5526 Basil.
1596 5474 1760 5539 1514,
1792 5485 1926 5543 elc.,
1975 5473 2029 5529 in

442 5542 633 5610 quibus
661 5543 813 5599 deest
835 5545 1071 5615 negatio.
1107 5545 1181 5598 Ea
1220 5560 1351 5599 sane
1380 5544 1610 5611 sublata,
1642 5548 1874 5613 optimus
1900 5561 2029 5599 ina--

446 5620 538 5684 net
574 5627 786 5683 sensus,
828 5615 1104 5680 nimirum,
1137 5616 1305 5669 solum
1335 5616 1584 5669 elationis
1609 5627 1881 5684 peccatum
1930 5633 2030 5673 ex-

444 5683 660 5754 stingui,
702 5700 807 5740 non
833 5700 962 5741 vero
989 5686 1153 5754 sopiri
1185 5688 1394 5754 penitus
1433 5683 1775 5754 tentationes,
1808 5703 2023 5742 succre-

446 5753 715 5829 sci-ntibus
744 5756 958 5829 assidue
1007 5753 1418 5829 cogitationibus
1445 5757 1673 5825 vitiosis,
1729 5753 2033 5829 bellumque

446 5825 801 5881 moventibus.
830 5825 885 5882 ιτ
909 5825 1311 5891 ϐοώίϐθι-ιῐιη
1361 5844 1458 5890 pro
1503 5828 1617 5882 sola
1660 5830 1906 5884 elatio....
1937 5825 2047 5885 ἐπει

445 5894 739 5962 stinguitur,
774 5897 963 5966 legitur
992 5898 1208 5952 sollicite
1239 5900 1469 5967 funditus
1490 5902 1851 5971 exstinguitur.

2145 4791 2230 4837 est
2256 4780 2438 4849 Patre,
2459 4798 2567 4852 qua
2610 4784 2788 4840 minor
2824 4794 2909 4839 est
2953 4785 3116 4840 etiam
3164 4784 3343 4855 seipso
3392 4782 3617 4855 (Philip.
3661 4782 3749 4855 ιι).

2147 4874 2297 4947 (Vel.
2326 4875 2534 4948 XXXJ
2569 4877 2783 4932 Dicatur
2803 4891 2933 4948 ergo
2952 4892 2984 4932 a
3006 4877 3166 4934 Patre
3189 4877 3257 4933 de
3290 4876 3425 4932 Filio
3451 4874 3750 4933 secundum

2144 4970 2373 5021 turmam
2399 4967 2543 5022 servi
2569 4984 2584 5021 :
2621 4967 2750 5034 Quis
2776 4968 2975 5023 dimisit
3003 4985 3255 5043 onagrum
3284 4968 3522 5036 liberum,
3549 4976 3596 5021 et
3636 4968 3750 5021 vin-

2145 5060 2265 5113 cula
2295 5059 2411 5131 ejus
2439 5059 2555 5130 quis
2602 5061 2787 5115 solvil?
2816 5062 3005 5118 Omnis
3034 5063 3233 5132 quippe
3275 5062 3366 5133 qui
3395 5069 3604 5132 peccat,
3632 5073 3747 5114 ser-

2146 5169 2245 5211 vus
2281 5164 2365 5211 est
2394 5154 2600 5226 peccati
2628 5153 2810 5227 (Joan.
2862 5171 2980 5224 vut,
3021 5154 3139 5229 '55).
3177 5156 3243 5211 Et
3283 5155 3408 5226 quia
3436 5154 3748 5211 incarnatus

2223 5333 2254 5374 ι’
2287 5334 2461 5408 _Laud.
2494 5334 2644 5408 addit
2670 5336 2724 5391 in
2754 5335 2869 5391 loco
2903 5352 3053 5406 quem
3083 5337 3271 5408 posuit.

2219 5417 2239 5441 ο
2287 5406 2342 5459 1η
2385 5409 2483 5461 Ed.
2514 5407 2678 5480 etiam
2725 5406 3105 5480 vetustioribus
3145 5417 3353 5465 tantum
3402 5408 3618 5480 legitur,
3650 5407 3744 5461 sed

2140 5489 2349 5549 propter
2371 5478 2698 5549 sapientiam.
2731 5476 2938 5533 Caetera
2981 5481 3348 5546 supplevimus
3371 5496 3439 5536 ex
3456 5476 3594 5536 Mss.
3630 5481 3742 5533 An-
3812 5504 3815 5509 -

2140 5548 2291 5613 glic.,
2337 5548 2543 5608 Norm..
2597 5549 2788 5615 Laud.,
2824 5549 2985 5605 Corb.
3030 5550 3238 5618 Germ,
3289 5550 3408 5606 Val.
3434 5551 3522 5609 ,Cl.
3577 5560 3632 5605 et
3660 5550 3736 5603 al.

2140 5620 2353 5688 Optime
2378 5622 2576 5692 dicitan
2599 5619 2870 5692 Christum
2915 5624 3216 5691 comparari
3242 5624 3482 5692 serpenti
3514 5631 3737 5692 propter

2143 5702 2405 5755 mortem;
2466 5691 2732 5746 sublatqu
2777 5691 2917 5764 enim
2974 5692 3025 5746 in
3077 5708 3295 5749 crucem
3342 5691 3735 5764 praenuntiavit

2143 5776 2367 5829 serpens
2398 5764 2452 5817 in
2482 5764 2698 5818 deserto
2723 5763 3017 5819 exaltatus.

2217 5842 2240 5867 ιι
2287 5835 2425 5889 l’lcr.
2464 5837 2612 5903 Mss,
2645 5838 2756 5906 agri
2785 5836 2975 5905 quippe
3009 5836 3205 5891 animal
