4036 6348
401 422 496 480 561

1142 411 1504 481 ΜΘΒᾹΙᾸῸΜ
1543 420 1673 477 LIB.
1714 418 1886 477 XXX.
1927 446 1997 462 -
2035 420 2103 478 IN
2139 420 2368 479 CAPUT
2408 417 2630 476 XXXIX
2668 419 2909 478 8-108.

3561 414 3668 470 562

398 537 654 593 Dominus
674 535 948 608 particeps
984 545 1184 593 nostrae
1236 536 1408 593 factus
1455 545 1540 594 est
1586 546 1816 604 naturae,
1867 549 1974 592 non
2001 541 2054 600 Α
2081 551 2226 591 mum
2257 551 2385 607 ergo
2412 537 2469 591 in
2497 536 2786 592 solitudine
2815 545 2870 591 et
2892 534 3294 590 tabernaculum
3315 534 3369 588 in
3388 541 3530 590 terra
3555 534 3666 590 sal-

395 629 599 698 culpre,
631 628 768 684 liber
793 628 1051 684 dimissus
1099 629 1314 697 dicitur,
1359 630 1483 700 quia
1512 629 1612 684 sub
1652 629 1852 699 peccati
1879 629 1980 683 do-

396 723 562 778 minio
587 737 691 776 non
724 731 954 778 tenetur.
987 722 1063 778 De
1091 728 1200 792 quo‘
1222 722 1354 777 alias
1390 723 1645 790 scriptum
1676 732 1790 776 est:
1825 730 1854 758 σι
1885 719 1980 775 Ιη-

396 824 471 870 ter
491 816 716 869 martuos
739 814 864 869 liber
895 813 1066 885 (Psal.
1105 831 1304 881 xxxv",
1333 814 1410 887 5).
1447 816 1604 870 Liber
1623 815 1874 870 dimissus
1898 815 1981 870 di-

392 909 551 974 citur,
579 908 700 978 quia
730 917 973 964 naturam
1021 918 1258 964 nostram
1307 909 1629 979 suscipiens,
1687 908 1980 978 iniquitatis

389 1003 516 1073 jugo
545 1001 694 1056 nullo
722 1003 881 1056 modo
910 1011 1140 1058 tenetur.
1160 1003 1328 1070 Quem
1357 1003 1600 1072 quamvis
1630 1003 1837 1058 macula
1861 1002 1979 1056 cul-

391 1109 472 1164 pa:
501 1104 697 1149 nostra:
723 1110 827 1148 non
857 1094 1050 1164 attigit,
1080 1095 1255 1164 passio
1287 1105 1465 1148 tamen
1497 1102 1695 1148 nostra:
1737 1093 1972 1148 mortali-

391 1187 513 1241 tatis
532 1185 806 1239 astrinxit.
831 1185 984 1240 Unde
1007 1195 1062 1240 et
1088 1195 1367 1255 postquam
1401 1185 1538 1241 liber
1557 1179 1820 1242 dimissus
1843 1185 1978 1240 dici-

395 1287 501 1344 tur,
529 1287 676 1357 recte
703 1277 773 1333 de
802 1277 896 1332 illo
915 1277 1220 1348 adjungitur
1245 1297 1259 1333 :

964 1370 1189 1426 CAPUT
1228 1371 1392 1426 XXII.

456 1466 585 1521 lem.
623 1494 696 1507 —
726 1463 793 1518 Et
823 1464 1028 1519 vincula
1053 1467 1167 1536 ejus
1192 1466 1304 1533 quis
1333 1464 1520 1518 solvit?

453 1560 541 1614 67.
585 1558 761 1632 Hujus
790 1559 973 1630 onagri
1000 1558 1207 1612 vincula
1245 1560 1416 1613 soluta
1445 1566 1589 1624 sunt,
1620 1573 1734 1611 cum
1755 1556 1974 1622 inﬁrmi-

380 1663 506 1709 tates
532 1653 804 1725 passionis,
836 1655 890 1707 in
911 1655 1300 1708 resurrectionis
1331 1655 1552 1726 gloriam
1600 1662 1717 1706 sunt
1747 1667 1975 1706 commu-

381 1756 518 1801 tatis.
547 1774 617 1786 —
642 1745 866 1801 Vincula
907 1745 1103 1815 quippe
1131 1745 1250 1815 ejus
1281 1755 1410 1800 tunc
1461 1746 1633 1799 soluta
1683 1755 1808 1799 sunt
1851 1759 1971 1798 cum

381 1837 720 1893 inﬁrmitates
766 1838 1031 1905 passionis
1072 1837 1214 1892 illius
1270 1837 1322 1892 in
1376 1837 1792 1892 resurrectionis
1844 1845 1973 1892 sunt

2084 629 2288 700 suginis
2317 628 2543 698 accepit,
2578 639 2600 668 ο
2662 629 2786 699 quia
2835 629 3146 682 incarnatus
3204 642 3302 697 pro
3353 625 3662 682 hominibus

2084 723 2245 789 Deus,
2295 722 2549 778 derelicta
2580 722 2788 789 ludaea,
2835 722 3149 792 gentilitatis
3193 721 3358 775 corda
3399 721 3661 791 possedit.

2083 816 2234 872 Unde
2260 817 2309 872 ei
2340 815 2514 872 Patris
2533 830 2664 872 voce
2684 832 2782 886 per
2820 816 3134 884 prophetam
3177 814 3370 871 dicitur
3397 833 3410 867 :
3443 814 3665 869 Postula

2079 924 2113 962 a
2140 924 2238 973 me,
2267 916 2315 962 et
2341 909 2474 962 dabo
2500 908 2590 962 tibi
2614 918 2782 978 gentes
2823 909 3166 963 licereditatem
3203 920 3365 974 tuam,
3390 919 3438 962 et
3468 925 3668 976 posses-

2078 1003 2272 1057 sionem
2299 1012 2438 1054 tuam
2463 1002 2703 1056 terminos
2725 1002 3065 1073 terrte(Psal.
3117 1018 3172 1068 ιι,
3224 1003 3305 1072 8).
3365 1002 3467 1068 Qui
3513 1001 3663 1070 juxta

2083 1095 2183 1150 hoc
2209 1095 2351 1164 quod
2382 1094 2522 1149 Deus
2550 1102 2652 1160 est,
2681 1108 2802 1149 cum
2835 1094 2991 1149 Patre
3014 1093 3106 1149 dat
3135 1095 3335 1161 omnia,
3377 1095 3526 1162 juxta
3561 1092 3664 1147 hoc

2081 1201 2210 1243 vero
2227 1186 2370 1257 quod
2401 1186 2563 1242 homo
2585 1194 2686 1249 est,
2717 1201 2746 1238 a
2789 1187 2948 1241 Patre
2969 1184 2996 1222 ἀ
3025 1187 3220 1255 accipit
3264 1187 3404 1240 inter
3456 1185 3681 1251 omnia,‘

2079 1281 2218 1335 sicut
2241 1281 2498 1349 scriptum
2523 1288 2606 1334 est
2632 1297 2645 1332 :
2672 1277 2983 1332 Potestatem
3012 1279 3151 1332 dedit
3177 1279 3222 1332 ei
3248 1288 3293 1332 et
3303 1277 3563 1348 judicium
3585 1281 3667 1345 fa-

2081 1391 2213 1439 cere,
2251 1375 2371 1444 quia
2393 1374 2532 1442 ﬁlius
2576 1372 2798 1426 hominis
2822 1382 2893 1426 est
2925 1371 3105 1440 (Joan.
3131 1387 3183 1436 v,
3209 1369 3324 1441 Ἦ).
3359 1371 3426 1425 Et
3452 1385 3671 1425 rursum

2079 1469 2337 1538 scriptum
2365 1476 2488 1523 est:
2521 1464 2704 1522 Sciens
2733 1465 2855 1534 quia
2906 1466 3074 1518 omnia
3121 1464 3262 1518 dedit
3306 1464 3351 1517 ei
3411 1461 3565 1517 Pater
3614 1463 3671 1517 in

2078 1572 2262 1611 manus
2290 1555 2471 1626 (Joan.
2525 1573 2643 1620 xm,
2693 1557 2768 1621 l).
2805 1555 2897 1610 Vel
2930 1555 3085 1610 sicut
3135 1554 3249 1623 ipse
3297 1553 3472 1608 dicit:
3508 1554 3673 1608 Omns

2078 1651 2216 1720 quod
2245 1651 2334 1703 dat
2354 1649 2482 1703 mihi
2505 1648 2684 1715 Pater,
2709 1649 2778 1703 ad
2803 1665 2882 1702 me
2903 1649 3063 1704 veniet
3086 1647 3266 1720 (Joan.
3291 1662 3367 1712 v1,
3401 1645 3517 1718 57).
3549 1648 3670 1702 .Iam

2079 1759 2209 1798 vero
2231 1743 2276 1798 si
2302 1744 2564 1814 quaeritur
2593 1744 2718 1813 quid
2751 1743 2891 1798 inter
2917 1742 3136 1798 domum
3178 1756 3240 1797 ac
3266 1741 3670 1796 tabernaculum

2080 1837 2263 1901 distet,
2297 1837 2489 1892 domus
2536 1835 2590 1890 in
2647 1835 2976 1890 habitatione
3007 1844 3111 1900 est,
3165 1834 3566 1888 tabernaculum
3615 1835 3671 1889 in

381 1930 600 2000 gloriam
629 1938 990 1984 commutatae.
1038 1929 1199 1997 Quasi
1250 1930 1494 1999 quaedam
1525 1929 1732 1984 vincula
1778 1929 1971 1984 Domi-
2005 1919 2053 1981 Β
2086 1929 2298 1984 itinere.
2327 1928 2503 1984 Corda
2527 1930 2708 1998 itaque
2728 1929 3008 2000 gentilium
3033 1928 3182 1998 quasi
3206 1926 3452 1996 quaedam
3474 1927 3668 1980 taber—

382 2036 478 2077 uus
506 2023 690 2078 habuit
713 2039 774 2078 ea
824 2039 942 2093 qua:
994 2038 1093 2078 nos
1149 2024 1401 2094 nequitias
1456 2025 1647 2079 merito
1701 2027 1966 2093 patimur,

380 2124 574 2170 nostra:
604 2116 948 2171 mortalitatis
979 2115 1209 2180 inlirma,
1244 2116 1436 2186 quibus
1460 2125 1515 2170 et
1537 2131 1705 2186 usque
1733 2119 1796 2170 ad
1827 2132 1972 2171 inor-

379 2219 484 2264 tem
511 2218 704 2277 sponte
736 2209 884 2278 ligari
917 2223 976 2263 se
996 2208 1186 2273 voluit,
1227 2217 1283 2263 et
1327 2224 1446 2279 qua:
1478 2223 1572 2277 per
1609 2209 1972 2264 resurrectio-

377 2316 495 2357 nem
527 2303 847 2357 mirabiliter
873 2301 1057 2356 solvit.
1092 2301 1310 2357 Esurire
1357 2303 1524 2368 eniui,
1575 2302 1746 2368 sitire,
1805 2283 1972 2358 lasse-

376 2410 545 2459 scere,
579 2395 774 2458 teneri,
802 2393 1081 2465 llagellari,
1113 2393 1372 2464 crucifigi,
1398 2403 1599 2450 nostrai
1629 2395 1969 2451 mortalitatis

377 2486 646 2540 vinculum
676 2486 789 2540 fuit.
836 2487 944 2544 Sed
981 2501 1104 2541 cum
1136 2488 1348 2556 expleta
1375 2497 1551 2542 morte
1580 2488 1754 2542 velum
1784 2488 1968 2556 templi

378 2587 739 2647 rumperetur,
765 2577 1139 2635 scinderentur
1159 2587 1346 2649 petrae,
1393 2587 1738 2633 monumenta
1769 2579 1970 2647 pande-

380 2679 588 2734 rentur,
622 2668 818 2724 inferni
849 2669 1081 2725 claustra
1128 2678 1493 2739 patescerent;
1543 2671 1669 2740 quid
1701 2670 1845 2725 aliud
1891 2680 1969 2726 tot

379 2761 704 2832 argumentis
734 2769 895 2816 tanta:
928 2761 1140 2816 virtutis
1177 2761 1499 2828 ostenditur,
1551 2762 1651 2818 nisi
1696 2763 1837 2833 quod
1878 2764 1968 2818 illa

379 2853 702 2910 inﬁrmitatis
724 2864 921 2911 nostra:
950 2855 1165 2910 vincula
1193 2856 1562 2920 solvebantur,
1592 2865 1650 2909 ut
1696 2857 1740 2909 is
1779 2856 1870 2926 qui
1903 2855 1968 2911 ad

378 2951 772 3020 suscipiendam
828 2953 968 3006 servi
1015 2953 1240 3006 formam
1271 2959 1512 3016 venerat,
1563 2952 1614 3004 in
1664 2951 1777 3020 ipsa
1826 2950 1970 3005 servi

378 3043 550 3100 forma
588 3045 656 3100 ab
685 3046 881 3100 inferni
907 3046 1132 3100 vinculis
1164 3045 1462 3109 absolutus,
1494 3044 1560 3098 ad
1584 3044 1778 3099 cteluui
1806 3045 1966 3098 etiam

378 3152 497 3193 cum
530 3138 782 3195 membris
814 3140 948 3195 liber
975 3140 1208 3194 rediret?
1255 3139 1330 3194 De
1373 3139 1564 3208 quibus
1593 3139 1710 3208 ejus
1739 3137 1968 3194 vinculis

378 3231 568 3286 Petrus
594 3231 868 3301 apostolus
895 3240 1178 3286 attestatur
1223 3231 1409 3285 dicens
1438 3248 1450 3284 :
1501 3229 1663 3295 Quem
1718 3229 1855 3284 Deus
1883 3246 1968 3282 sa-

2076 2022 2266 2078 nacula
2291 2022 2476 2078 habuit
2495 2023 2786 2088 veniendo,
2810 2023 2905 2078 sed
2929 2037 2992 2077 ea
3016 2038 3110 2090 per
3133 2021 3395 2090 justitiam
3421 2022 3662 2086 ﬁrmans,

2074 2117 2289 2172 domum
2322 2115 2450 2172 fecit
2492 2118 2799 2173 habitando.
2849 2112 2918 2173 Et
2969 2117 3092 2188 quia
3143 2131 3330 2172 eorum
3383 2117 3547 2170 vitam
3593 2115 3661 2173 ad

2073 2226 2208 2282 quos
2235 2219 2459 2268 venerat
2485 2213 2688 2267 imitari
2718 2212 2984 2281 despexit,
3015 2220 3161 2267 recte
3185 2209 3555 2282 subjungitur:

2641 2303 2868 2361 CAPUT
2908 2303 3098 2359 XXIV.

2150 2396 2312 2451 Vens.
2345 2399 2399 2450 7.
2431 2427 2501 2438 —
2530 2395 2819 2452 Contemnit
2855 2397 3240 2451 multitudinem
3265 2398 3502 2451 civitatis.

2145 2488 2235 2544 69.
2280 2487 2633 2543 Multitudinis
2656 2488 2888 2560 exempla
2928 2505 3032 2542 non
3057 2498 3130 2542 est
3178 2497 3406 2553 secutus,
3443 2487 3532 2540 sed
3572 2502 3670 2541 sua

2072 2583 2328 2652 sequenda
2375 2583 2662 2654 proposuit.
2744 2581 2864 2635 Vita
2927 2597 3149 2651 prazsens
3196 2597 3300 2635 non
3353 2590 3563 2650 prapter
3617 2595 3671 2636 se

2073 2678 2297 2732 amanda
2321 2687 2392 2731 est
2419 2717 2435 2742 ,
2467 2677 2556 2731 sed
2577 2685 2786 2748 prapter
2817 2680 3046 2747 futuram
3066 2675 3354 2732 toleranda.
3379 2706 3450 2717 —
3477 2675 3532 2730 Id
3563 2683 3670 2744 est,

2076 2767 2501 2837 moresfdespicit
2523 2766 2770 2822 humanae
2792 2769 3240 2829 conversationis.
3269 2767 3441 2823 Homo
3463 2768 3662 2838 quippe

2074 2861 2214 2916 inter
2242 2860 2506 2915 homines
2525 2860 2719 2923 lactus,
2748 2874 2900 2914 usum
2932 2869 3116 2916 tenere
3164 2861 3666 2916 hominum‘noluit.

2074 2953 2280 3008 Idcirco
2309 2967 2542 3022 namque
2587 2953 2728 3008 inter
2757 2968 2857 3007 nos
2891 2953 3050 3007 homo
3080 2951 3253 3007 factus
3301 2961 3400 3020 est,
3460 2961 3517 3006 ut
3558 2967 3667 3010 non

2029 3045 2033 3054 ’
2074 3048 2250 3101 solum
2275 3061 2374 3101 nos
2395 3046 2658 3117 sanguine
2672 3044 2793 3101 fuso
2816 3046 3129 3110 redimeret,
3153 3045 3247 3099 sed
3264 3045 3425 3101 etiam
3442 3053 3664 3101 ostenso

2072 3138 2324 3208 exemplo
2352 3145 2731 3194 commutaret.
2764 3139 2821 3193 In
2853 3138 3264 3194 conversatione
3283 3139 3446 3208 igitur
3475 3149 3660 3194 nostra

2073 3241 2130 3286 et
2157 3231 2423 3287 veniendo
2446 3232 2547 3286 alia
2579 3231 2801 3297 invenit,
2834 3243 2890 3287 et
2917 3231 3146 3294 vivendo
3171 3232 3277 3286 alia
3299 3231 3500 3287 docuit.
3533 3232 3659 3288 Stu-
3703 3277 3706 3282 .

379 3321 572 3375 scitavit
612 3323 791 3376 solutis
823 3323 1083 3376 doloribus
1113 3322 1326 3393 inferni,
1367 3323 1521 3390 juxta
1551 3321 1687 3391 quod
1729 3321 1968 3391 impossi-
1993 3310 2041 3372 C
2073 3325 2272 3382 dabam.
2301 3325 2445 3380 enim
2473 3338 2663 3380 omnes
2691 3326 2924 3394 superba
2972 3324 3145 3379 Adam
3177 3325 3345 3394 stirpe
3371 3325 3662 3393 progeniti,

379 3416 477 3470 bile
503 3422 609 3468 erat
635 3413 781 3468 illum
804 3417 961 3470 teneri
990 3416 1053 3468 ab
1096 3431 1153 3470 eo
1179 3414 1314 3486 (Act.
1347 3431 1406 3479 ιι,
1450 3413 1561 3484 24).
1593 3414 1659 3468 Et
1679 3413 1801 3481 quia
1848 3425 1969 3480 post

379 3514 606 3560 mortem
638 3521 789 3560 suam
829 3516 987 3577 atque
1017 3508 1464 3562 resurrectionem
1497 3505 1560 3558 ad
1589 3505 1812 3574 gratiam
1845 3505 1969 3560 lidei

379 3599 730 3668 gentilitatem
777 3615 974 3655 vocare
1042 3600 1289 3670 dignatus
1335 3609 1438 3665 est,
1498 3608 1779 3668 postquam
1825 3600 1966 3655 dicta

380 3701 500 3746 sunt
523 3692 693 3746 saluta
732 3691 851 3762 ejus
880 3692 1109 3759 vincula,
1143 3701 1265 3764 apte
1290 3692 1668 3762 subjungitur:

938 3784 1164 3842 CAPUT
1206 3775 1400 3842 XXIII.

448 3877 610 3951 987
644 3878 804 3936 Vens.
833 3879 888 3934 6.
914 3909 985 3921 —
1012 3878 1107 3933 Cui
1138 3879 1255 3934 dedi
1282 3881 1338 3932 in
1360 3879 1635 3934 solitudine
1665 3878 1896 3944 domum,
1919 3886 1966 3932 et

378 3970 760 4030 tabernaculum
792 3973 904 4043 ejus
928 3973 982 4025 in
1008 3981 1142 4026 terra
1170 3971 1468 4042 salsuginis.

449 4065 537 4119 68.
569 4065 665 4120 Cui
689 4065 836 4119 datus
862 4067 916 4118 in
937 4065 1215 4120 solitudine
1237 4065 1379 4118 locus
1409 4073 1456 4118 et
1481 4065 1536 4117 in
1570 4074 1704 4119 terra
1733 4063 1960 4133 salsugi-

377 4160 475 4223 nis,
501 4175 614 4212 cum
641 4160 898 4230 gentilitas
930 4176 1044 4212 eum
1068 4161 1277 4231 recepit.
1310 4189 1379 4201 -—
1411 4160 1468 4213 In
1493 4160 1792 4229 gentilitate
1820 4161 1964 4216 enim

378 4253 430 4306 in
479 4266 578 4321 qua
623 4251 924 4320 patriarcha
971 4267 1075 4305 non
1107 4251 1227 4318 fuit,
1255 4250 1282 4288 δ
1310 4252 1570 4320 propheta
1602 4265 1710 4305 non
1741 4252 1866 4317 fuit;
1899 4251 1964 4305 ad

377 4345 783 4416 intelligendum
841 4345 1036 4408 Deum,
1087 4344 1180 4414 qui
1241 4345 1447 4398 ratione
1492 4354 1753 4411 uteretur,
1804 4345 1966 4399 homo

377 4455 513 4508 pene
543 4455 647 4493 non
679 4437 794 4492 fuit.
832 4439 904 4493 De
932 4438 1029 4493 hac
1055 4438 1343 4493 solitudine
1370 4454 1464 4508 per
1499 4440 1686 4494 Isaiam
1717 4439 1915 4495 dicitur
1945 4455 1963 4494 ι

379 4531 658 4584 ιαἰαὸἱικν
684 4531 884 4584 deserta
913 4539 960 4584 et
987 4531 1149 4596 invia,
1201 4539 1249 4584 et
1299 4531 1573 4584 exsultabit
1623 4531 1869 4596 solitudo,
1918 4541 1965 4585 et

377 4631 576 4701 florebit
607 4629 751 4699 quasi
774 4625 1120 4701 lilium(Isai.
1176 4641 1339 4691 xxxv,
1385 4624 1462 4695 1).
1517 4627 1582 4679 Et
1640 4642 1850 4680 rursum
1897 4626 1966 4680 de

2074 3432 2331 3486 prOSpet-a
2364 3418 2490 3471 vitae
2517 3417 2797 3486 praesentis
2829 3426 3099 3486 appetere,
3131 3417 3356 3472 adversa
3397 3417 3663 3484 devitarc,

2074 3507 2361 3577 opprobria
2393 3508 2597 3576 iugere,
2655 3508 2877 3577 gloriam
2922 3507 3095 3576 sequi.
3157 3507 3315 3562 Venit
3374 3508 3516 3564 inter
3566 3522 3662 3562 eos

2075 3602 2335 3657 Dominus
2352 3602 2662 3656 incarnatus
2679 3601 2903 3656 adversa
2917 3610 3200 3670 appetens,
3225 3614 3483 3668 prospera
3507 3616 3662 3667 sper-

2073 3707 2230 3760 nens,
2259 3693 2549 3762 opprobria
2593 3691 2943 3762 amplectens,
2975 3692 3200 3764 gloriam
3241 3690 3469 3760 fugiens.
3527 3690 3662 3746 Nam

2071 3800 2193 3840 cum
2236 3784 2405 3839 Judaei
2439 3785 2588 3839 illum
2620 3799 2801 3853 regem
2833 3785 2934 3839 sibi
2979 3783 3309 3838 constituere
3339 3782 3652 3854 voluissent,

2072 3877 2187 3931 lieri
2213 3890 2307 3930 rex
2337 3874 2530 3944 refugit
2553 3872 2732 3945 (Joan.
2767 3889 2842 3940 v1,
2875 3874 2986 3943 '15).
3007 3874 3138 3928 Cum
3163 3888 3294 3928 vero
3313 3889 3437 3928 eum
3455 3873 3661 3929 interli-

2071 3985 2196 4027 cere
2218 3969 2558 4036 molirentur,
2590 3977 2781 4036 sponte
2826 3968 2894 4022 ad
2934 3969 3109 4023 crucis
3166 3969 3460 4038 patibulum
3516 3968 3662 4024 venit

2074 4062 2263 4137 (Ibid.,
2294 4077 2446 4126 xvm,
2479 4060 2555 4131 4).
2582 4060 2738 4132 Fugit
2775 4075 2905 4131 ergo
2952 4071 2975 4099 °
3004 4060 3147 4130 quod
3165 4077 3354 4116 omnes
3380 4072 3660 4131 appetunt,

2071 4157 2294 4226 appetiit
2345 4154 2486 4225 quod
2515 4169 2705 4210 omnes
2758 4154 2987 4224 fugiunt.
3017 4153 3122 4208 Sed
3163 4169 3282 4208 cum
3339 4151 3472 4224 fugit
3516 4156 3662 4224 quod

2071 4265 2260 4305 omnes
2291 4257 2571 4320 appetunt,
2616 4250 2844 4318 appetiit
2872 4249 3012 4318 quod
3040 4262 3230 4304 omnes
3259 4249 3486 4319 fugiunt,
3539 4248 3664 4305 fecit

2071 4346 2215 4414 quod
2259 4359 2448 4399 omnes
2477 4343 2823 4409 mirarentur,
2861 4353 2922 4398 ut
2949 4351 3003 4398 et
3027 4353 3269 4398 mortuus
3321 4344 3438 4412 ipse
3487 4341 3662 4397 resur-

2071 4447 2242 4506 geret,
2295 4446 2349 4490 et
2401 4445 2573 4491 morte
2626 4452 2722 4490 sua
2769 4437 2902 4491 alios
2949 4436 3016 4491 de
3072 4445 3246 4490 morte
3292 4435 3660 4492 resuscitaret.

2071 4527 2212 4598 [Vet.
2238 4527 2478 4600 XXXI]
2510 4528 2638 4583 Dute
2667 4528 2865 4598 quippe
2889 4529 3013 4581 vitae
3042 4537 3167 4582 sunt
3196 4528 3429 4581 hominis
3452 4529 3504 4582 in
3530 4544 3662 4582 cor-

2072 4638 2201 4692 pore
2228 4623 2594 4688 consistentis,
2619 4637 2721 4675 una
2743 4630 2867 4676 ante
2890 4630 3139 4690 mortem,
3184 4620 3286 4675 alia
3318 4631 3440 4690 post
3469 4637 3662 4676 resur-

380 4720 621 4774 Ecclesia
651 4719 883 4773 dicitur:
917 4716 1079 4772 Ponet
1109 4718 1362 4770 desertum
1400 4719 1512 4788 ejus
1539 4717 1684 4786 quasi
1733 4717 1962 4783 delicias,
1996 4716 2050 4778 D
2080 4717 2373 4773 rectionem
2412 4736 2423 4770 :
2454 4733 2680 4788 quarum
2713 4732 2870 4770 unam
2903 4732 3090 4771 omnes
3120 4717 3329 4787 agendo
3377 4727 3663 4784 noverant,

377 4821 423 4866 et
447 4812 773 4866 solitudinem
793 4812 905 4881 ejus
930 4811 1079 4881 quasi
1107 4811 1312 4863 hortum
1339 4807 1548 4862 Domini
1590 4807 1742 4879 (Isai.
1777 4825 1850 4874 LI,
1881 4809 1959 4880 5).

377 4904 540 4958 'l’erra
574 4918 704 4955 vero
733 4901 1020 4970 salsuginis
1062 4901 1178 4955 hinc
1222 4900 1410 4955 eadem
1456 4899 1690 4954 solitudo
1739 4903 1964 4969 repetita

378 5006 482 5062 est,
513 5010 630 5066 quae
665 4994 973 5064 priusquam
1001 5009 1180 5066 veram
1206 4994 1299 5048 Dei
1333 4994 1649 5064 sapientiam
1674 5007 1967 5065 cognosce-

380 5096 479 5152 ret,
507 5063 843 5156 s’alsnginem
881 5063 1192 5156 protul’crat,
1225 5086 1346 5157 quia
1396 5063 1596 5140 nullam
1639 5063 1964 5142 viriditatem

386 5180 504 5233 boni
545 5179 848 5235 intellectus
901 5180 1202 5248 proferens,
1251 5193 1501 5249 perversa
1550 5179 1808 5250 sapiebat.
1862 5179 1966 5234 Do-

458 5300 483 5327 ι
522 5291 575 5347 In
603 5291 769 5347 Corb.
813 5291 1021 5356 Germ.,
1054 5290 1110 5344 in
1144 5291 1279 5360 pler.
1326 5292 1422 5346 Ed.
1481 5299 1536 5347 et
1565 5294 1616 5345 in
1668 5292 1960 5346 novissima

386 5362 485 5415 Ed.
517 5363 685 5418 semel
714 5363 924 5431 legitur,
959 5361 1141 5427 Liber;
1172 5373 1226 5416 et
1252 5373 1456 5430 postea,
1485 5365 1725 5416 dimissus
1747 5365 1959 5420 dicitur.

382 5435 666 5500 Repetitur
704 5434 754 5487 in
780 5433 906 5488 Mss.
954 5433 1187 5502 Anglia,
1221 5433 1430 5494 Norm.,
1473 5433 1718 5498 Vindoc.,
1744 5442 1850 5488 etc.
1903 5435 1960 5488 In

379 5506 524 5559 Edit.
557 5505 718 5558 Basil.
755 5502 914 5572 15M,
949 5504 1123 5559 Paris.
1151 5503 1311 5566 1495,
1347 5504 1510 5568 1518,
1540 5506 1748 5572 prolato
1773 5505 1961 5571 psolmi

379 5587 551 5642 textu,
583 5578 716 5629 inter
750 5585 976 5630 mortuos
1021 5576 1162 5641 liber,
1217 5574 1502 5631 subditur:
1559 5576 1689 5629 inter
1738 5584 1965 5630 mortuos

377 5647 502 5701 liber
536 5647 798 5699 dimissus.

453 5718 478 5755 δ
523 5718 772 5779 ltecent.,
816 5715 1202 5772 reluctantibus
1231 5717 1357 5772 Mss.
1387 5725 1442 5770 et
1465 5725 1570 5772 vet.
1610 5715 1836 5772 Excusis
1875 5717 1969 5771 ha-

377 5787 506 5844 bent
534 5807 546 5841 :
583 5790 830 5858 propheta
853 5804 953 5841 non
979 5791 1098 5860 fuit,
1125 5789 1249 5860 quia
1287 5792 1355 5842 ad
1385 5789 1775 5858 intelligendum
1804 5786 1965 5842 Deum

378 5861 466 5930 qui
493 5863 688 5914 ratione
709 5867 952 5930 uteretur,
981 5859 1108 5930 pene
1128 5859 1280 5915 homo
1301 5878 1402 5914 non
1430 5860 1544 5929 fuit.
1573 5860 1818 5915 Concinit
1840 5861 1964 5915 Edi-

382 5928 451 5986 tis
481 5940 685 5987 recent.
720 5929 884 5988 Corb.
913 5928 1122 5992 Germ..
1155 5933 1254 5988 nisi
1297 5928 1524 6015 quod.in
1555 5933 1673 6002 ipso
1701 5945 1808 5986 non
1835 5930 1966 5996 legi-

2072 4810 2295 4865 alteram
2327 4809 2666 4872 nesciebant;
2699 4816 2754 4862 et
2822 4807 3110 4862 humanum
3171 4825 3339 4878 genus
3395 4813 3494 4865 soli
3542 4814 3666 4870 huic

2075 4918 2235 4974 quam
2269 4911 2491 4956 noverat
2531 4901 2860 4956 intendebat.
2891 4901 3046 4955 Venit
3089 4916 3183 4970 per
3223 4918 3438 4959 carnem
3474 4906 3665 4961 Domi-
3751 4933 3754 4936 -

2075 5013 2200 5064 nus,
2249 5005 2303 5050 et
2333 4997 2458 5050 dum
2489 4993 2726 5063 suscepit
2759 5009 2940 5062 unam;
2973 4995 3196 5050 alteram
3249 4997 3661 5054 demonstravit.

2079 5089 2211 5144 Dum
2244 5090 2381 5143 hanc
2411 5086 2564 5142 nobis
2593 5087 2858 5155 cognitam
2893 5087 3147 5156 suscepit,
3184 5088 3326 5143 illam
3355 5105 3474 5158 qua:
3504 5089 3661 5144 nobis

2076 5190 2160 5237 est
2179 5180 2448 5251 incognita
2473 5177 2726 5234 ostendit.
2761 5179 3034 5234 Moriendo
3063 5180 3261 5249 quippe
3291 5181 3454 5233 vitam
3487 5193 3655 5234 exer-

2070 5301 2172 5358 tur,
2203 5293 2447 5363 propheta
2472 5307 2574 5346 non
2597 5294 2713 5362 fuit.
3495 5362 3506 5373 .
3579 5362 3590 5373 _

2141 5375 2163 5402 ο
2207 5366 2366 5419 Corb.
2399 5363 2624 5430 Germ.,'
2657 5362 2884 5427 Pratel.,
2933 5363 3100 5427 Utic.,
3130 5361 3247 5415 Val.
3282 5361 3390 5426 C|.,
3420 5378 3540 5430 quia
3569 5381 3664 5416 in-

2067 5447 2305 5488 carnatus
2328 5452 2423 5504 pro
2462 5433 2770 5507 hominibus,
2809 5433 3053 5486 derelicta
3078 5432 3217 5504 (Val.
3251 5431 3337 5486 Cl.
3378 5433 3659 5507 derelictae)

2067 5507 2366 5576 gentilitatis
2395 5507 2557 5576 corda
2583 5505 2824 5572 possedit.

2146 5575 2172 5612 ά
2215 5579 2304 5631 Sic
2328 5577 2452 5629 Mss.
2489 5575 2625 5628 Editi
2653 5589 2800 5634 vero,
2835 5575 3026 5644 accepit
3067 5575 3256 5628 omnia.
3287 5574 3496 5641 Melius,
3519 5577 3655 5638 inter

2076 5651 2270 5710 omnia,
2296 5658 2355 5718 ut
2389 5646 2585 5718 habent
2612 5644 2738 5718 Mss.
2771 5644 2954 5718 Modus
2985 5651 3067 5700 est
3109 5645 3360 5718 loquendi
3389 5645 3650 5718 Gregorio

2073 5728 2257 5772 nostro
2286 5716 2580 5789 familiaris.
2621 5713 2758 5789 Vide
2781 5717 2871 5770 lib.
2904 5731 2991 5778 xv,
3026 5730 3174 5789 num.
3205 5715 3296 5784 20,
3326 5726 3379 5772 et
3409 5713 3522 5774 lib:
3542 5735 3656 5789 XVI,

2077 5807 2125 5841 ιι.
2158 5789 2248 5846 56,
2282 5788 2518 5840 maxime
2545 5800 2674 5840 vero
2708 5786 2801 5841 lib.
2848 5802 2908 5853 ιι,
2942 5803 2996 5840 ιι.
3029 5785 3115 5841 60.
3637 5785 3650 5789 ⁷
3725 5816 3733 5830 ι

2149 5867 2172 5895 ο
2215 5858 2380 5913 Laud.
2411 5867 2466 5912 et
2501 5856 2610 5912 Val.
2655 5856 2762 5926 CL,
2802 5859 2939 5929 quod
2970 5859 3226 5925 homines;
3251 5869 3304 5918 et
3333 5863 3402 5916 ita
3441 5863 3493 5918 in
3525 5877 3657 5919 con-
3737 5857 3739 5860 ’

2074 5929 2443 5996 sequentibus.
