3976 6348
458 388 564 451 56$

1659 385 1903 444 SANC'I'I
1942 383 2271 442 GRBGORII
2312 384 2525 439 ﬂAGl‘l

3628 370 3740 433 50L

457 515 565 567 cuit
593 527 749 579 quam
782 522 1041 568 tenemus.
1075 510 1406 577 resurgendo
1437 512 1645 577 aperuit
1672 524 1830 579 quam
1877 524 1994 578 qua:
2014 538 2031 548 -
2061 510 2113 568 Α
2139 507 2259 559 tur?
2305 505 2454 559 Unde
2487 520 2583 572 per
2609 503 2828 557 Paulum
2857 502 3055 558 dicitur
3083 518 3097 555 :
3124 499 3193 555 Et
3221 499 3439 555 auaritia
3461 540 3479 565 ,
3507 516 3621 568 qua
3654 508 3748 553 est

455 618 659 667 ramus,
687 604 853 675 988
879 601 1124 669 exemplo
1149 615 1246 655 suo
1268 617 1366 656 nos
1393 602 1593 657 docens
1616 603 1759 672 quod
1791 604 1906 657 haec
1931 603 2037 656 vita

456 710 615 766 quam
643 706 766 749 ante
796 702 1019 747 mortem
1048 694 1294 748 ducimus
1322 709 1426 748 non
1470 701 1688 765 propter
1725 711 1783 749 se
1813 694 2036 748 amanda

454 786 549 852 sit,
578 787 673 840 sed
720 796 936 854 propter
956 784 1182 839 alteram
1231 786 1527 840 toleranda.
1561 787 1695 853 Quia
1740 802 1870 857 ergo
1902 801 2037 841 nova

458 879 867 932 conversatione
894 891 1021 930 usus
1048 878 1186 931 inter
1216 877 1481 945 homines,
1517 893 1697 932 mores
1727 878 2038 947 Babylonia!

453 981 668 1026 secutus
693 984 797 1023 non
843 979 942 1034 est,
980 970 1119 1024 bene
1148 970 1216 1025 de
1256 985 1322 1025 eo
1351 971 1609 1040 scriptum
1636 980 1717 1025 est
1748 988 1759 1022 :
1793 967 2039 1025 Contem-

451 1062 927 1133 nit_multitudincm
969 1063 1209 1115 civitatis.

524 1154 612 1208 70.
656 1153 887 1207 Christus
939 1152 1321 1207 multitudinem
1360 1169 1453 1224 per
1499 1155 1725 1225 spatiosa
1770 1160 2040 1224 vagantem

454 1246 695 1301 deseruit.
728 1274 799 1285 —
833 1245 927 1299 Vel
974 1256 1121 1299 certe
1166 1244 1309 1314 quod
1364 1245 1563 1300 multos
1610 1260 1705 1315 per
1750 1247 2036 1314 spatiosam

455 1341 595 1393 viam
642 1349 897 1408 vagantes
928 1338 1183 1403 deseruit,
1218 1346 1245 1374 ³
1275 1346 1329 1391 et
1354 1352 1450 1407 per
1478 1350 1700 1408 angusta
1731 1338 2039 1409 gradientes

454 1442 656 1500 paucos
685 1430 864 1501 elegit.
908 1429 1302 1484 Multitudinem
1353 1444 1585 1497 namque
1624 1429 1858 1485 civitatis
1898 1444 2039 1484 con-

448 1532 693 1577 temnere
714 1531 798 1577 est
826 1521 1044 1576 humani
1073 1522 1285 1590 generis
1317 1530 1522 1590 partem
1562 1537 1683 1591 quae
1706 1524 1865 1579 latam
1894 1524 2033 1577 viam

449 1615 743 1685 ingreditur
788 1614 1004 1686 (Matth.
1032 1629 1126 1681 vti,
1162 1613 1273 1684 15),
1305 1630 1424 1684 qua:
1453 1626 1507 1669 et
1553 1629 1651 1683 pro
1704 1615 2036 1670 abundantia

448 1707 746 1778 iniquitatis
800 1708 966 1761 multa
992 1715 1095 1771 est,
1129 1721 1159 1759 a
1207 1705 1468 1775 regniin
1510 1715 1660 1761 sorte
1718 1706 2035 1777 reprobare.

448 1798 698 1870 Sequitur
718 1815 735 1853 :

660 1914 667 1917 -
1019 1888 1245 1945 CAPUT
1286 1887 1452 1944 xxv.
1516 1930 1527 1959 ,

519 1980 643 2035 IBID.
669 2008 740 2021 ——
766 1979 1055 2034 Clamorem
1084 1981 1341 2035 exactoris
1371 1995 1473 2034 non
1500 1980 1669 2035 audit.

516 2072 608 2127 71.
647 2070 919 2126 Exactoris
940 2115 955 2137 ,
982 2073 1175 2126 scilicet
1207 2072 1404 2125 diaboli
1422 2073 1703 2126 clamorem
1726 2088 1831 2127 non
1868 2071 2031 2126 audi-

446 2166 533 2217 vit.
564 2193 637 2206 —
661 2166 810 2223 Sicut
837 2178 997 2233 supra
1029 2164 1229 2218 dictum
1253 2173 1360 2228 est,
1393 2164 1513 2231 quis
1542 2164 1644 2220 hoc
1667 2165 1787 2219 loco
1808 2172 2032 2219 exactor

447 2259 614 2327 accipi
637 2258 740 2311 nisi
767 2257 1010 2311 diabolus
1031 2266 1207 2326 potest
1226 2256 1253 2309 ἵ
1276 2256 1374 2321 Qui
1407 2257 1546 2311 male
1571 2256 1848 2310 suadendo
1878 2272 2028 2325 spem

444 2350 667 2404 contulit
694 2347 1131 2411 immortalitatis,
1166 2348 1259 2401 sed
1308 2346 1626 2415 decipiendo
1651 2347 1813 2417 exigit
1847 2347 2025 2403 tribu-

453 2450 563 2493 tum
596 2440 819 2504 mortis;
845 2441 932 2506 qui
963 2438 1237 2492 suadendo
1264 2438 1441 2493 intulit
1469 2440 1700 2507 culpam,
1736 2436 1764 2476 δ
1795 2439 2032 2494 stevien-

443 2530 517 2584 do
563 2530 727 2600 exigit
776 2543 1010 2598 poenam.
1065 2528 1232 2599 Hujus
1259 2531 1524 2585 exactoris
1574 2545 1754 2587 sermo
1796 2540 1879 2585 est
1907 2541 2030 2587 ante

454 2632 682 2677 mortem
714 2622 940 2676 hominis
976 2629 1149 2677 astuta
1198 2621 1492 2690 persuasio,
1525 2623 1727 2678 clamor
1755 2638 1885 2687 vero
1912 2623 2031 2693 ejus

449 2720 533 2769 eat
562 2713 792 2769 violenta
832 2712 944 2782 jam
989 2712 1173 2782 rapina
1222 2722 1343 2781 post
1388 2722 1637 2769 mortem.
1691 2713 1834 2781 Quos
1886 2717 2027 2770 enim

434 2816 571 2860 ante
598 2814 826 2862 mortem
861 2806 1090 2860 latenter
1116 2805 1408 2877 intercipit,
1441 2808 1542 2865 hos
1573 2806 1640 2860 ad
1669 2807 1921 2876 supplicii
1946 2808 2029 2862 sui

442 2899 770 2953 consortium
802 2910 921 2967 post
977 2907 1203 2955 mortem
1258 2900 1519 2955 violenter
1564 2900 1725 2970 rapit.
1757 2900 1864 2957 Sed
1903 2904 2024 2972 quia

441 2991 754 3045 admortem
780 2992 1003 3046 veniens
1042 2991 1323 3058 Dominus,
1374 2993 1533 3061 hujus
1578 2994 1857 3049 exactoris
1905 2995 2028 3048 vio-

442 3087 613 3141 lentos
635 3089 862 3156 impetus
893 3103 998 3142 non
1028 3090 1261 3159 expavit,
1286 3091 1423 3144 sicut
1447 3090 1561 3158 ipse
1582 3089 1691 3143 ait:
1730 3086 1873 3143 Venit
1895 3088 2028 3143 enim

443 3182 671 3252 princeps
700 3182 859 3251 hujus
885 3183 1060 3238 mundi
1086 3193 1135 3239 ct
1176 3186 1232 3237 in
1268 3200 1347 3241 mc
1398 3201 1503 3238 non
1551 3184 1700 3239 habet
1745 3184 2027 3253 quidquam

446 3272 623 3339 (Joan.
652 3289 759 3337 xlv,
792 3273 907 3343 30),
947 3276 1085 3330 bene
1134 3276 1370 3339 dicitur:
1430 3276 1719 3332 Clamorem
1771 3276 2024 3341 exactoris

445 3382 545 3419 non
568 3366 732 3421 audit.
764 3367 920 3422 Venit
946 3368 1142 3439 quippe
1167 3368 1234 3424 ad
1261 3385 1383 3424 eum
1414 3378 1634 3426 exactor
1676 3370 1892 3423 humani
1922 3384 2025 3439 ge-

444 3460 611 3525 neris,
641 3461 767 3529 quia
789 3460 938 3514 illum
971 3460 1241 3516 hominem
1285 3462 1435 3519 vidit.
1472 3462 1578 3519 Sed
1608 3477 1766 3533 quem
1798 3463 2029 3521 inﬁrmi-

446 3559 551 3607 tate
581 3552 893 3620 despectum
934 3553 1208 3611 hominem
1234 3553 1485 3620 credidit,
1516 3554 1714 3611 virtute
1736 3569 1898 3624 supra
1932 3554 2030 3613 ho-

444 3646 640 3701 minem
669 3645 858 3702 sensit.

510 3736 864 3810 [Rec.XVI.]
906 3738 994 3791 72.
1051 3736 1230 3811 Hujus
1281 3739 1541 3794 auctoris
1588 3745 1764 3809 typus,
1808 3736 2026 3801 Laban;

442 3829 648 3895 Christi,
705 3829 906 3895 Iacob;
951 3829 1214 3895 Ecclesiae,
1248 3830 1445 3885 Rachel
1492 3832 1609 3901 fuit.
1652 3860 1720 3871 —
1752 3829 1918 3897 Hujus
1949 3828 2028 3883 ni-

441 3921 631 3974 mirum
662 3923 931 3975 exactoris
962 3931 1144 3992 typum
1194 3922 1374 3976 Laban
1418 3922 1606 3983 tenuit,
1661 3920 1875 3989 quando
1905 3935 2026 3975 eum

440 4012 619 4067 lurore
646 4010 869 4066 veniens
891 4026 985 4066 sua
1014 4012 1156 4082 apud
1200 4011 1367 4067 Iacob
1411 4012 1554 4067 idola
1584 4010 1865 4077 requisivit
1893 4007 2020 4080 (Ge-

439 4121 545 4158 nes.
571 4119 717 4167 xxxi,
750 4103 799 4167 l,
834 4104 987 4172 scq.).
1016 4102 1200 4159 Lnban
1230 4104 1430 4174 quippe
1457 4104 1844 4171 interpretatur
1873 4099 2011 4155 deal-

438 4196 601 4250 batio.
634 4194 907 4251 Dealbatio
934 4204 1113 4250 autem
1146 4212 1252 4249 non
1297 4196 1738 4251 inconvenienter
1781 4193 2028 4249 diabolus

440 4287 732 4356 accipitur;
763 4287 853 4355 qui
874 4301 995 4351 cum
1023 4288 1094 4345 sit
1116 4289 1432 4347 tenebrosus
1460 4303 1525 4344 ex
1556 4290 1768 4356 merito,
1805 4297 1826 4325 ο
1855 4297 2025 4342 trans-

441 4377 638 4447 ﬁgurat
659 4393 719 4434 se
746 4379 796 4432 in
826 4379 1075 4450 angelum
1106 4380 1240 4435 locis
1264 4379 1351 4450 (ll
1406 4379 1529 4434 Cor.
1586 4396 1663 4445 xt,
1724 4380 1836 4451 14).
1898 4381 2027 4434 Iluir

437 4470 659 4524 servivit
679 4468 864 4537 Jacob,
898 4470 949 4525 id
976 4481 1057 4527 est
1087 4487 1152 4526 ex
1184 4481 1337 4540 parte
1380 4472 1736 4541 reprohorum
1765 4472 2025 4526 .lndaicus

438 4564 684 4634 populus,
713 4565 867 4635 cujus
894 4581 959 4620 ex
1000 4582 1164 4623 carne
1193 4569 1501 4625 incarnatus
1534 4570 1809 4625 'Dominus
1852 4571 2020 4625 venit.

441 4654 624 4712 Potest
672 4658 831 4717 etiam
880 4672 974 4727 per
1016 4658 1195 4714 Laban
1249 4660 1481 4719 mundus
1514 4660 1598 4725 hic
1630 4660 1880 4729 exprimi,
1932 4654 2067 4729 qui‘-

441 4758 561 4797 cum
585 4741 771 4802 furore
794 4744 959 4801 Jacob
991 4750 1361 4819 persequitur;
1392 4752 1514 4819 quia
1544 4750 1748 4815 electos
1776 4765 2016 4821 quosque

441 4836 533 4905 qui
563 4836 937 4907 Redemptoris
987 4840 1157 4895 nostri
1190 4842 1428 4899 membra
1456 4853 1601 4903 sunt.
1646 4842 2019 4912 persequendo

441 4927 748 4996 opprimere
777 4938 1019 4985 conatur.
1052 4927 1079 4967 τι
1112 4932 1274 5001 Hujus
1312 4933 1499 4997 tiliam,
1530 4933 1580 4987 id
1609 4941 1693 4989 est
1719 4934 1838 4989 sive
1867 4949 2019 4987 mun-

442 5018 527 5086 di,
580 5020 698 5075 sive
728 5020 951 5087 diaboli,
983 5021 1145 5077 Jacoh
1193 5023 1430 5095 abstulit,
1462 5040 1580 5081 cuin
1617 5024 1719 5081 sibi
1773 5023 2021 5081 Christus

444 5112 737 5168 Ecclesium
765 5128 832 5168 ex
853 5115 1148 5186 gentilitate
1175 5118 1467 5183 conjunxit.
1492 5117 1662 5184 Quam
1698 5128 1748 5171 et
1772 5117 1838 5171 de
1859 5117 2021 5173 domo

447 5205 610 5270 patris
641 5204 922 5271 abstrahit,
952 5205 1073 5275 quia
1102 5205 1152 5258 ei
1183 5220 1275 5273 per
1306 5207 1629 5283 Prophetam
1661 5206 1790 5261 dicit
1824 5225 1836 5260 :
1878 5206 2024 5260 Obli-

414 5295 627 5351 .viscere
654 5297 900 5366 populum
953 5305 1114 5361 tuum,
1157 5306 1205 5350 et
1261 5297 1471 5351 domum
1512 5297 1673 5365 patris
1720 5298 1795 5351 tui
1846 5297 2023 5369 (Psal.

412 5422 415 5429 .
446 5400 591 5454 xuv,
625 5385 735 5455 Η).
767 5386 905 5454 Quid
933 5401 1061 5443 vero
1086 5387 1137 5442 in
1174 5387 1356 5454 idolis,
1399 5389 1498 5443 nisi
1529 5390 1746 5445 avaritia
1776 5391 2023 5462 designa-

515 5511 541 5539 ³
605 5502 767 5586 Corh.
819 5502 1027 5586 Germ.,
1080 5502 1321 5573 Ehroic.,
1379 5506 1574 5576 aliique
1620 5508 1830 5573 Norm.,
1864 5517 1910 5561 et
1940 5524 2028 5577 per

546 5582 733 5637 ustum,
764 5588 843 5629 sc.
871 5582 1028 5628 viam.

582 5643 785 5717 haud,
805 5644 1066 5717 seruiendo
1109 5646 1282 5700 intulit
1310 5663 1525 5717 penam.

517 5724 539 5790 ξ
578 5714 814 5790 ῌοηῃυι.
840 5716 963 5790 Ed,
996 5714 1329 5790 liansﬁgurat
1354 5717 1559 5790 sepeliit
1583 5718 1635 5772 in
1660 5721 1915 5790 angelum.

444 5851 478 5863 δ’
515 5782 541 5818 ά
582 5784 749 5863 haud.
784 5797 835 5863 et
864 5785 980 5839 Val.
1008 5780 1306 5858 Cl.,'h'ujus
1362 5788 1547 5859 ﬁliam,
1591 5792 1645 5845 id
1694 5780 1767 5853 est
1822 5792 2043 5863 mundi,‘

447 5851 609 5906 Iacob
640 5854 870 5909 abstulit.

2140 598 2399 653 idolorum
2426 600 2641 654 servitus
2670 596 2891 668 (Colon.
2920 612 2975 651 Ill
2993 638 3011 664 ,
3038 596 3120 664 5).
3152 595 3330 651 Laban
3371 609 3497 665 ergo
3515 594 3751 650 Veniens

2143 693 2284 763 apud
2314 691 2481 746 Jacob
2510 692 2652 746 idola
2683 706 2789 744 non
2820 690 3055 753 invenit,
3106 689 3231 758 quia
3279 689 3510 744 ostensis
3547 685 3753 749 mundi

2143 783 2412 838 thesauris
2437 824 2452 847 ,
2504 782 2746 837 diabolus
2776 782 2828 837 in
2877 782 3237 849 Redemptore
3278 790 3473 835 nostro
3506 779 3757 851 vestigia

2139 874 2588 944 concupiscentia:
2619 884 2852 928 terrente
2880 887 2988 927 non
3033 872 3253 940 reperit.
3287 870 3391 947 Sed
3420 885 3534 939 quae
3562 869 3758 925 Jacob

2141 983 2248 1023 non
2282 968 2487 1033 habuit,
2525 981 2587 1022 ea
2621 965 2817 1020 Rachel
2849 964 3093 1020 sedendo
3138 961 3434 1033 cooperuit.
3476 963 3574 1017 Per
3624 962 3757 1015 Ra-

2141 1059 2259 1114 chel
2282 1060 2503 1130 quippe,
2533 1073 2655 1128 quae
2698 1066 2755 1112 et
2782 1058 2903 1113 ovis
2929 1057 3143 1124 dicitur,
3183 1056 3420 1111 Ecclesia
3453 1055 3759 1125 ﬁguratur.

2140 1153 2341 1209 Sedere
2383 1163 2580 1211 autem.
2612 1154 2697 1207 est
2726 1151 3077 1206 humilitatem
3101 1150 3429 1219 paenitentia:
3452 1158 3759 1217 appetere,

2139 1243 2276 1299 sicut
2305 1244 2557 1313 scriptum
2591 1255 2709 1299 est:
2745 1243 2964 1313 Surgite
2991 1252 3258 1313 postquam
3300 1242 3526 1297 sederitis
3551 1240 3761 1310 (Psal.

2139 1353 2324 1404 cxxvi,
2353 1337 2432 1409 Ξ).
2464 1337 2659 1392 Rachel
2682 1350 2811 1417 ergo
2846 1334 2983 1391 idola
3027 1334 3268 1391 sedendo
3307 1336 3537 1403 operuit,
3596 1334 3754 1403 quia

2141 1441 2327 1485 sancta
2361 1429 2597 1484 Ecclesia
2645 1426 2915 1483 Christum
2967 1442 3201 1496 sequens
3253 1438 3479 1482 terrente
3522 1440 3759 1487 concu-

2142 1521 2417 1591 piscentiae
2445 1521 2567 1575 vitia
2596 1520 2907 1588 paenitendo
2936 1520 3091 1575 texit.
3136 1520 3212 1575 De
3257 1519 3357 1575 hac
3381 1520 3759 1587 coopertione

2140 1613 2386 1667 vitiorum
2423 1622 2447 1650 °
2479 1627 2573 1681 per
2597 1612 2928 1668 Psalmistam
2962 1612 3191 1667 dicitur:
3225 1610 3376 1671 Beati
3401 1628 3617 1681 quorum
3652 1626 3754 1663 re-

2139 1704 2312 1758 missa:
2338 1710 2457 1758 sunt
2487 1705 2800 1771 iniquitates,
2824 1713 2873 1758 et
2912 1720 3125 1773 quorum
3172 1713 3302 1757 tecta
3351 1711 3463 1759 sunt
3518 1712 3761 1768 peccata

2141 1793 2313 1866 (Psal.
2345 1810 2492 1855 xxxi.
2528 1796 2608 1858 l).
2662 1794 2769 1848 Nos
2814 1795 2976 1864 igitur
3006 1794 3204 1849 Rachel
3246 1793 3333 1848 illa
3362 1794 3527 1865 989
3550 1794 3760 1864 signa-

2063 1879 2115 1942 Β
2143 1885 2239 1950 vit,
2284 1885 2374 1954 qui
2405 1884 2548 1939 idola
2574 1884 2816 1941 sedendo
2842 1886 3159 1953 premimus,
3186 1885 3233 1940 si
3274 1884 3465 1955 culpas
3486 1886 3761 1943 avaritia

2134 1977 2443 2049 pmnitendo
2463 1977 2798 2047 damnamus.
2832 1976 2965 2045 Qua
2998 1977 3181 2047 utique
3208 1978 3426 2033 avaritia
3468 1976 3575 2033 illis
3618 1993 3756 2031 non

2128 2073 2266 2127 solet
2286 2071 2524 2136 evenire,
2572 2072 2661 2141 qui
2699 2072 2764 2124 ‘in
2818 2070 2901 2123 via
2958 2067 3174 2125 Domini
3202 2067 3425 2124 viriliter
3474 2079 3753 2133 currunt,

2128 2165 2323 2236 quibus
2358 2164 2551 2220 dicitur
2576 2182 2591 2218 :
2621 2162 2854 2218 Viriliter
2887 2164 3044 2234 agite,
3084 2174 3135 2218 et
3176 2167 3487 2233 confortetur
3504 2180 3601 2217 cor
3629 2181 3752 2217 ve-

2128 2267 2290 2312 strum
2318 2256 2488 2326 (Psal.
2519 2271 2646 2321 xxx,
2674 2253 2787 2324 :25),
2819 2254 2914 2313 sed
2936 2254 3017 2309 his
3044 2256 3273 2311 maxime
3296 2256 3385 2325 qui
3410 2254 3567 2322 quasi
3590 2254 3745 2309 ea.»

2133 2351 2337 2403 minato
2363 2362 2550 2419 gressu
2578 2346 2885 2417 gradientes
2912 2334 3395 2417 per‘hlandimenta
3414 2346 3599 2400 saeculi
3626 2362 3752 2401 re-

2131 2446 2428 2501 solvuntur.
2454 2439 2609 2497 Unde
2637 2450 2693 2494 et
2721 2440 2833 2495 illic
2858 2438 3099 2508 ejusdem
3132 2438 3377 2494 ltachelis
3408 2439 3519 2497 haec
3552 2440 3745 2495 verba

2130 2547 2293 2589 sum:
2337 2531 2499 2586 Juxta
2545 2533 2963 2587 consuetudinem
3005 2533 3314 2600 feminarum
3359 2548 3486 2584 nunc
3529 2533 3745 2586 accidit

2130 2629 2259 2683 mihi
2292 2628 2500 2698 (Cenes.
2534 2643 2687 2693 xxxi,
2712 2627 2826 2697 35).
2854 2627 3007 2696 Apud
3037 2627 3205 2683 Jacob
3226 2642 3353 2697 ergo
3374 2626 3505 2685 idola
3532 2624 3739 2679 Laban

2132 2737 2238 2775 non
2270 2721 2496 2790 reperit,
2557 2722 2680 2789 quia
2728 2730 2949 2777 exactor
2977 2705 3199 2779 callidus
3228 2717 3353 2789 quid
3397 2719 3449 2773 in
3479 2716 3740 2773 Redem-

2132 2822 2283 2882 ptore
2335 2824 2519 2867 nostro
2572 2813 3012 2883 reprehenderet,
3069 2829 3173 2873 non
3224 2812 3445 2879 invenit.
3484 2812 3557 2868 De
3599 2825 3731 2877 quo

2128 2913 2381 2959 exactore
2412 2902 2755 2971 Redemptori
2785 2914 2967 2969 nostro
2994 2902 3344 2973 gentilitatem
3366 2903 3432 2957 ab
3458 2902 3569 2969 ejus
3595 2900 3725 2954 do—

2134 2998 2299 3051 minio
2329 2998 2575 3055 liberanti
2604 3013 2696 3065 per
2738 2997 3058 3066 prophetam
3084 2997 3279 3052 dicitur
3304 3015 3317 3050 ί
3350 2998 3545 3065 Iugum
3575 2996 3732 3047 enim

2133 3094 2301 3146 oneris
2329 3095 2461 3165 ejus,
2509 3101 2555 3145 et
2587 3093 2781 3163 virgam
2823 3091 3021 3145 humeri
3049 3092 3182 3159 ejus,
3216 3101 3263 3144 et
3291 3100 3547 3156 sceptrum
3586 3104 3742 3159 exa-

2132 3185 2286 3239 ctoris
2315 3186 2427 3253 ejus
2456 3185 2728 3252 superasti,
2762 3185 2893 3237 sicut
2916 3184 3072 3237 indie
3094 3181 3305 3236 Madian
3352 3179 3503 3253 (lsui.
3538 3195 3620 3249 ιχ,
3656 3182 3685 3232 Δ
3704 3190 3743 3245 ).

2136 3266 2379 3345 Eripiens
2408 3279 2608 3347 quippe
2635 3277 2985 3347 gentilitatem
3018 3276 3299 3339 Dominus,
3348 3274 3623 3343 superavit
3656 3276 3745 3343 ju.

2129 3387 2254 3441 gum
2285 3371 2464 3429 oneris
2496 3371 2632 3437 ejus,
2663 3384 2784 3425 cum
2812 3387 2928 3423 eam
2948 3368 3202 3452 ‘adveutu
3234 3384 3333 3433 suo
3372 3370 3441 3422 ah
3467 3366 3571 3422 illa
3602 3368 3744 3421 dae-

2135 3460 2393 3517 moniacze
2422 3460 2721 3529 tyrannidis
2746 3460 3000 3527 servitute
3032 3460 3290 3531 liberavit.
3314 3459 3732 3528 Superavitvir-

2132 3567 2256 3622 gam
2283 3549 2492 3613 humeri
2513 3550 2647 3619 ejus,
2675 3548 2694 3588 ί
2729 3565 2851 3607 cum
2883 3552 3279 3619 percussionem
3311 3548 3473 3615 illius,
3501 3563 3615 3619 qua:
3647 3564 3727 3602 ex

2131 3661 2389 3718 perverso
2418 3661 2581 3716 opere
2609 3647 2842 3716 graviter
2870 3646 3224 3716 deprimebat,
3267 3646 3335 3703 ab
3377 3646 3610 3715 humano
3635 3660 3737 3715 ge-

2137 3757 2263 3797 nere
2297 3750 2322 3788 8
2349 3740 2626 3809 redempta
2643 3742 2996 3810 compescuit.
3012 3739 3575 3808 Superavitsceptrum
3592 3754 3743 3791 exa-

2129 3834 2294 3889 ctoris
2305 3833 2445 3904 ejus,
2462 3848 2582 3897 cum
2599 3848 2817 3901 regnum
2834 3831 3073 3902 ejusdem
3089 3833 3172 3885 dia
3185 3831 3310 3895 boli,
3331 3832 3420 3901 qui
3435 3846 3533 3899 pro
3558 3833 3745 3905 pesti-

2128 3925 2239 3980 fera
2265 3927 2659 3996 perpetratione
2675 3926 2926 3987 vitiorum
2939 3926 3152 3995 exigere
3174 3933 3522 3979 consueverat
3540 3922 3747 3980 debita

2130 4018 2326 4073 tributa
2355 4032 2656 4086 pinnarum,
2686 4017 2763 4072 de'
2784 4016 3017 4070 ﬁdelium
3050 4014 3211 4070 corde
3254 4014 3536 4069 desuusit.

2202 4107 2347 4181 [νει.
2398 4102 2661 4177 XXXII,
2708 4108 2832 4162 Rec.
2870 4104 3091 4177 XVII.)
3128 4106 3220 4160 75.
3261 4105 3511 4159 Gedeonis
3542 4118 3753 4159 contra

2132 4201 2447 4259 Hadianilas
2480 4200 2700 4255 insolens
2724 4217 2919 4271 pugna,
2943 4199 3131 4253 Christi
3156 4207 3409 4267 certamen
3437 4198 3753 4267 priesigna-

2132 4297 2219 4352 vit.
2244 4325 2315 4336 —-
2340 4294 2446 4351 Sed
2491 4292 2763 4364 quomodo
2791 4293 2908 4347 haec
2935 4301 3049 4349 acta
3088 4301 3211 4347 sunt
3242 4292 3542 4359 audiamus.
3579 4291 3749 4346 Sub-

2126 4387 2365 4457 junctum
2398 4396 2482 4442 est
2521 4386 2664 4442 illico
2692 4405 2706 4441 :
2739 4386 2889 4441 Sicut
2920 4386 2972 4439 in
3011 4385 3095 4438 die
3122 4382 3358 4437 Hadian.
3391 4381 3507 4438 Non
3538 4384 3644 4436 abs
3682 4402 3751 4438 re

2129 4481 2359 4537 arbitror
2386 4480 2431 4534 si
2461 4480 2563 4534 hoc
2585 4478 2991 4533 Madianitarum
3019 4476 3217 4529 bellum
3248 4475 3387 4546 quod
3421 4462 3470 4528 in
3495 4489 3747 4545 compa-

2130 4571 2340 4627 ratione
2369 4569 2633 4625 adventus
2662 4567 2923 4623 Dominici
2946 4582 2973 4619 a
2999 4566 3257 4636 propheta
3288 4562 3573 4632 vigilanter
3595 4566 3742 4619 illa-

2134 4671 2243 4717 tum
2267 4668 2351 4715 est
2373 4657 2661 4729 aliquando
2693 4656 2851 4712 latius
2879 4655 3231 4725 disseramus.
3269 4655 3323 4707 In
3358 4656 3492 4709 libro
3522 4657 3749 4726 quippe

2130 4756 2376 4813 Judicum
2424 4754 2622 4823 (Judic.
2654 4753 2809 4819 vu,,l
2856 4753 3011 4820 seq.),
3042 4751 3259 4804 (ledeon
3294 4759 3478 4803 contra
3514 4751 3748 4804 Media-

2132 4846 2269 4901 nitas
2299 4846 2584 4900 dimicasse
2628 4842 2966 4897 describitur.
2995 4842 3042 4896 ls
3074 4858 3193 4896 cum
3226 4842 3495 4896 exercitus
3543 4844 3751 4897 multi-

2129 4937 2366 4992 tudinem
2394 4937 2461 4989 ad
2494 4934 2627 4990 bella
2661 4935 3015 5004 produceret,
3043 4934 3221 5001 divina
3245 4935 3318 4988 illi
3349 4934 3749 4991 admonitione

2131 5034 2457 5098 praeceptum
2501 5034 2583 5079 est
2626 5006 2679 5076 ut
2721 5023 2785 5076 ad
2826 5023 3042 5076 lluvium
3072 5025 3293 5077 veniens
3320 5063 3334 5085 ,
3366 5038 3557 5076 omnes
3587 5039 3751 5093 quos

2135 5117 2286 5173 llexis
2314 5115 2536 5187 genibus
2563 5130 2727 5185 aquas
2762 5113 2975 5169 haurire
3000 5114 3358 5183 cott5piceret,
3392 5132 3419 5167 ει
3456 5113 3747 5173 bellorum

2133 5211 2381 5265 conﬂictu
2434 5218 2753 5262 removeret.
2782 5205 2806 5243 δ
2837 5213 3136 5276 Actumque
3166 5216 3249 5260 est
3288 5220 3341 5260 ut
3368 5211 3593 5263 trecenti
3622 5212 3749 5266 viri

2132 5302 2519 5367 tantummodo,
2553 5302 2644 5371 qui
2673 5309 2874 5353 stantes
2901 5284 3144 5353 manibus
3185 5313 3352 5370 aquas
3393 5299 3745 5369 hauserant,

2134 5403 2493 5450 remanerent.
2524 5391 2657 5445 Cum
2688 5390 2770 5446 his
2795 5391 2860 5444 ad
2891 5390 3132 5457 praelium
3162 5389 3353 5460 pergit,
3385 5406 3589 5463 eosque
3607 5408 3739 5449 non

2212 5518 2235 5545 ε’
2275 5508 2499 5564 Vindoc.
2542 5518 2596 5560 et
2622 5507 2782 5559 Corb.
2815 5506 3032 5569 Germ.,
3062 5522 3150 5573 per
3176 5507 3499 5575 prophetam.

2206 5577 2226 5616 ΐ
2260 5578 2481 5644 Quidam
2510 5577 2632 5641 Ed.,
2667 5593 2781 5628 cum
2806 5578 3227 5643 persecutionem.

2207 5661 2229 5695 Β
2258 5650 2422 5705 Gilot.
2452 5659 2504 5703 et
2525 5649 2596 5701 al.
2636 5647 2760 5711 Ed.,
2793 5647 3117 5715 Redemptor.

2204 5720 2229 5755 ιι
2260 5722 2463 5785 Norm.,
2492 5718 2605 5779 Val.
2631 5718 2711 5771 Cl.
2742 5724 2796 5772 et
2819 5717 3084 5785 nonnulli,
3108 5727 3379 5789 actumque
3403 5728 3499 5790 est,
3523 5728 3568 5774 et
3598 5726 3738 5775 trc-

2132 5792 2327 5853 centi...
2355 5798 2725 5853 remanserunt.
