3976 6348
240 399 343 458 sos
1017 399 1378 459 MORALIUM
1419 402 1545 461 us.
1588 402 1761 463 xxx.
1805 429 1870 443 -—
1896 354 1977 473 ut
2018 403 2243 459 CAPUT
2287 403 2502 458 χχχιχ
2542 402 2603 458 s.
2645 403 2788 460 tos.
3054 380 3059 387 ’
3405 404 3511 465 sco

236 518 705 585 srmis,sedtubis,
727 520 1057 591 lampadibus
1077 521 1362 593 etlagenis
1378 525 1604 579 armavit
1626 504 1816 593 (Ibid.,
1846 529 1902 585 Δ
1925 536 2026 576 nus
2056 531 2241 579 noster
2276 522 2615 579 adversarios
2646 523 2770 578 lidei
2797 531 2823 571 8
2854 522 3120 590 destruit,
3152 539 3275 578 cum
3320 524 3403 589 his
3440 526 3508 579 ad

236 613 324 678 19,
352 612 677 683 seq.).Nant,
697 616 834 669 sicut
854 615 964 670 illic
985 615 1247 685 scriptum
1269 626 1373 683 est,
1398 630 1656 673 accensas
1680 618 1815 675 lam—
1924 614 2317 682 praedicationis
2346 615 2483 671 bella
2514 615 2814 683 descendit,
2842 617 2932 686 qui
2958 627 3183 686 possunt
3211 617 3389 673 divina
3422 632 3506 673 co-

237 707 400 785 pades
426 708 691 765 miserunt
717 709 857 764 intra
886 710 1220 779 lagunculas,
1253 718 1308 765 et
1334 711 1489 765 tubas
1515 709 1570 765 in
1592 710 1813 777 dextra,
1918 722 2212 777 gnoscere,
2243 709 2335 779 qui
2384 709 2560 764 sciun‘t
2595 708 2665 764 de
2701 707 2965 764 Trinitate
2985 749 3002 776 ,
3050 724 3169 778 quae
3213 709 3351 764 Deus
3381 718 3497 777 est,

233 800 446 871 lagena's
475 811 655 856 autem
688 805 741 857 in
782 803 997 859 sinistra
1045 811 1372 871 tenuerunt;
1418 814 1476 860 et
1525 804 1592 859 ad
1636 804 1820 859 hostes
1922 800 2152 869 perfecta
2178 804 2404 856 sentire.
2437 799 2745 856 Notandum
2782 814 2915 856 vero
2937 809 3019 855 est
3067 800 3190 868 quia
3240 802 3341 855 iste
3394 810 3501 858 tre-

229 905 352 948 suos
380 894 626 949 cominus
654 894 953 960 venientes,
986 897 1303 951 cecinerunt
1334 895 1505 961 tubis,
1532 893 1817 966 confrege-
1920 901 2195 946 centorum
2244 906 2501 957 numerus
2553 894 2605 948 in
2656 900 2744 947 tau
2790 892 2965 947 littera
3015 891 3343 957 continetur,
3388 908 3507 961 quae

228 994 348 1039 runt
382 985 729 1056 lagunculas,
764 996 791 1027 ι
820 988 1093 1057 lampades
1144 999 1550 1058 apparuerunt;
1590 1001 1647 1045 et
1694 988 1819 1045 hinc
1916 984 2094 1037 crucis
2137 984 2369 1052 speciem
2405 991 2572 1039 tenet.
2602 982 2699 1038 Cui
2730 983 2776 1037 si
2817 996 2986 1059 super
3031 990 3395 1036 transversam
3443 983 3507 1036 li-

226 1075 477 1131 tubarum
497 1078 700 1145 sonitu,
725 1078 874 1134 illinc
898 1078 1203 1149 lampadum
1235 1081 1612 1137 coruscatione
1640 1072 1816 1136 territi
1919 1089 2072 1129 neam
2100 1074 2153 1129 id
2183 1075 2327 1145 quod
2368 1076 2421 1129 in
2462 1088 2624 1129 cruce
2673 1074 2876 1129 eminet
2919 1073 3232 1139 adderetur,
3264 1089 3367 1129 non
3397 1074 3505 1142 jam

223 1161 445 1230 hostes,
471 1176 601 1224 sunt
626 1169 682 1224 in
716 1168 892 1239 fugam
918 1170 1187 1226 conversi.
1218 1170 1355 1239 Quid
1394 1170 1495 1226 hoc
1523 1180 1643 1237 est,
1672 1171 1813 1241 quod
1918 1165 2095 1219 CPUCiS
2137 1167 2345 1236 ερθοίεε
2365 1204 2381 1231 ν
2410 1166 2504 1221 86d
2537 1166 2654 1235 ἱρεε
2696 1180 2829 1220 (ποι
2877 1173 3043 1221 θεεθῐο
3075 1164 3207 1234 Ωυίδ
3235 1180 3363 1237 6³⁸80
3405 1165 3508 1219 is“?

220 1258 327 1316 tale
359 1260 566 1316 bellum
602 1278 695 1331 per
726 1264 1042 1333 prophetam
1070 1265 1138 1321 ad
1168 1267 1403 1323 medium
1434 1267 1737 1333 adducitur,
1759 1276 1815 1323 et
1920 1269 2282 1315 trecentorum
2324 1274 2581 1317 numerus
2620 1260 2673 1315 in
2720 1269 2810 1314 tau
2846 1259 3021 1314 littera
3075 1259 3403 1331 continetur,
3448 1266 3504 1311 et

215 1351 473 1407 adventui
521 1352 899 1425 Redemptoris
942 1357 1109 1411 nostri
1162 1356 1319 1415 istius
1361 1374 1555 1430 pugnae
1588 1359 1812 1417 victoria
1917 1367 2013 1422 per
2044 1361 2132 1417 tau
2163 1353 2414 1418 iitteram,
2441 1355 2582 1407 sicut
2607 1352 2866 1417 diximus,
2891 1348 3098 1419 species
3118 1349 3293 1404 crucis
3317 1358 3503 1404 osten-

214 1448 600 1516 ootnpnratur?
622 1449 705 1503 An
756 1450 992 1507 indicare
1039 1452 1301 1520 propheta
1354 1453 1525 1527 nobis,
1561 1455 1809 1523 studuit,
1914 1449 2081 1515 ditur,
2127 1466 2233 1505 non
2282 1448 2552 1505 immerito
2579 1446 2635 1504 in
2676 1447 2758 1503 his
2789 1446 3039 1517 trecentis
3069 1444 3377 1505 Gedeonem
3418 1458 3505 1498 se-

215 1537 355 1608 quod
388 1538 687 1597 adventum
718 1541 1093 1613 Redemptoris
1118 1544 1292 1600 nostri
1316 1555 1503 1601 conlra
1532 1545 1809 1603 diabolum
1916 1543 2205 1612 quentibus
2232 1542 2309 1597 illi
2337 1542 2601 1612 designati
2633 1552 2789 1607 sunt,
2821 1540 3011 1610 quibus
3047 1540 3247 1596 dictum
3278 1547 3400 1595 est:
3437 1535 3500 1593 Si

216 1630 296 1686 illa
323 1631 436 1687 sub
458 1630 679 1689 Gedeon
707 1636 843 1690 duce
874 1651 1063 1706 pugnae
1084 1638 1305 1693 victoria
1334 1638 1671 1707 designavit?
1701 1641 1810 1697 Ta-
1912 1635 2028 1705 quis
2055 1636 2162 1688 vult
2188 1643 2299 1701 post
2321 1649 2401 1687 me
2426 1633 2611 1698 venire,
2645 1632 2853 1703 abneget
2882 1635 3242 1701 semetipsum,
3278 1642 3324 1699 et
3360 1631 3507 1687 tollat

218 1723 281 1778 lia
309 1722 425 1778 illic
457 1725 713 1782 nimirum
742 1736 859 1784 acta
889 1716 1050 1795 sunt,‘
1071 1744 1190 1799 quae
1220 1741 1423 1800 quanto
1444 1733 1612 1800 magis
1653 1749 1808 1789 usum
1915 1742 2115 1780 crucem
2155 1742 2330 1791 suam,
2368 1735 2415 1778 et
2456 1733 2695 1792 sequatur
2723 1740 2802 1776 me
2833 1723 2987 1791 (Luc.
3012 1736 3108 1788 ιι,
3142 1723 3258 1794 25).
3289 1723 3392 1792 Qui
3420 1737 3507 1779 se-

227 1814 487 1880 minudi
536 1826 852 1882 transeunt,
904 1828 1052 1875 tanto
1099 1821 1328 1888 amplius
1373 1838 1403 1877 a
1453 1823 1807 1892 prophetandi
1913 1818 2437 1889 quentesDomiunm
2468 1816 2813 1881 tantoverius
2839 1831 3053 1892 crucem
3074 1816 3286 1883 tollunt,
3305 1826 3505 1886 quanto

231 1908 478 1977 mysterio
510 1924 617 1965 non
646 1912 923 1967 recedunt.
953 1912 1089 1978 Quis
1116 1914 1259 1971 enim
1294 1930 1528 1983 unquam
1567 1932 1691 1970 cum
1729 1919 1806 1971 la-
1844 1921 1889 1982 Β
1914 1911 2094 1967 acrius
2119 1920 2175 1965 et
2202 1924 2263 1965 se
2290 1910 2573 1971 edomant,
2605 1918 2659 1964 et
2686 1923 2813 1978 erga
2845 1910 3119 1978 proximos
3162 1924 3289 1964 suos
3318 1912 3500 1966 chari-

230 2000 364 2068 genis
396 2008 451 2054 et
482 2001 811 2071 lampadibus
838 2006 907 2060 ad
940 2004 1178 2074 praelium
1213 2007 1393 2063 venit?
1432 2006 1567 2073 Quia
1616 2020 1805 2065 contra
1916 2004 2038 2058 tatis
2066 2005 2437 2071 compassione
2465 2004 2791 2056 cruciantur.
2826 2002 2985 2058 Unde
3023 2012 3075 2056 et
3117 2019 3210 2073 per
3247 2003 3503 2059 Ezechie-

225 2104 354 2145 srma
390 2094 653 2159 veniens,
702 2111 855 2151 arma
904 2098 1182 2155 deseruit?
1226 2100 1469 2155 Ridicula
1505 2102 1659 2157 nobis
1691 2104 1809 2158 haec
1914 2100 2017 2153 lem
2048 2098 2361 2167 pr0phetam
2386 2096 2623 2151 dicitur:
2660 2096 2825 2167 Signa
2850 2108 2936 2150 tau
2961 2113 3116 2167 super
3137 2102 3329 2168 frontes
3361 2098 3531 2151 viro--

215 2183 460 2267 profecto
488 2188 718 2257 merant,
743 2188 789 2244 si
821 2191 1080 2249 terribilia
1131 2192 1376 2249 hostibus
1414 2209 1521 2247 non
1552 2194 1806 2259 fuissent.
1912 2207 2031 2244 runt
2061 2189 2369 2261 gementium
2392 2199 2439 2243 et
2467 2189 2753 2245 dolentium
2784 2186 3001 2257 (Ezech.
3027 2204 3099 2256 ιι,
3129 2188 3206 2261 4).
3232 2189 3326 2245 Vel
3354 2199 3502 2247 certe

210 2272 310 2337 Sed
342 2276 579 2343 victoria
606 2281 717 2347 ipsa
751 2288 979 2337 testante
1008 2281 1317 2347 didicimus,
1355 2282 1381 2322 δ
1417 2299 1483 2338 ne
1515 2286 1663 2352 parvi
1694 2287 1808 2341 haec
1911 2281 1964 2335 in
1994 2280 2081 2335 his
2116 2280 2405 2357 trecentis,
2449 2280 2535 2348 qni
2569 2280 2621 2333 in
2664 2289 2750 2332 tau
2784 2279 2958 2333 littera
2998 2278 3363 2345 continentur,
3398 2280 3499 2336 hoc

208 2380 320 2437 qua
354 2366 497 2422 facta
527 2376 655 2431 sunt
682 2372 1097 2440 perpendamus.
1127 2372 1348 2431 Gedeou
1377 2376 1556 2447 itaque
1577 2378 1643 2431 ad
1666 2393 1805 2447 piae.
1910 2373 2251 2443 exprimitur,
2284 2371 2427 2439 quod
2459 2369 2656 2437 ferrum
2690 2370 2922 2425 hostium
2954 2372 3129 2426 crucis
3159 2371 3303 2440 ligno
3329 2384 3496 2440 supe-

204 2456 327 2525 lium
365 2459 627 2525 veniens,
676 2460 1051 2533 Redemptoris
1081 2466 1249 2525 nostri
1290 2465 1465 2537 signat
1488 2468 1801 2538 adventum,

202 2550 369 2621 990
413 2551 480 2619 de
506 2568 611 2622 quo
634 2555 891 2623 scriptum
918 2567 1000 2612 est
1024 2575 1038 2610 :
1068 2556 1259 2613 Tollite
1282 2571 1461 2629 portas
1493 2572 1514 2601 ο
1551 2564 1807 2633 principes

203 2650 426 2710 vestras,
449 2653 498 2697 et
526 2644 797 2700 elevamini
834 2658 995 2716 porta:
1021 2651 1288 2705 teternoles
1306 2692 1320 2715 ,
1365 2662 1413 2706 et
1458 2654 1686 2708 introibit
1714 2671 1809 2709 rex

201 2734 406 2804 gloria’.
426 2734 553 2799 Quis
563 2747 639 2791 est
648 2740 741 2792 iste
750 2756 842 2794 rex
861 2738 1040 2811 gloria:
1053 2742 1076 2795 ?
1089 2740 1339 2797 Dominus
1362 2742 1511 2813 fortis
1537 2757 1585 2800 et
1608 2756 1803 2817 potens,

204 2822 462 2893 Dominus
478 2836 655 2897 potem
673 2828 727 2883 in
748 2828 927 2899 praelia
950 2829 1123 2902 (Psal.
1141 2849 1293 2899 mn,
1316 2833 1393 2902 7).
1413 2831 1440 2870 ά
1468 2835 1564 2891 Hic
1587 2835 1808 2893 Redem-

204 2927 419 2989 ptorem
447 2933 693 2976 nostrum
724 2937 828 2976 non
853 2924 1025 2987 solum
1048 2940 1235 2993 opere,
1257 2928 1352 2982 sed
1379 2929 1542 2983 etiam
1581 2931 1799 2986 nomine

209 3014 570 3085 prophetarit.
587 3013 803 3071 Gedeon
818 3032 1048 3088 namque
1062 3019 1467 3088 interpretatur,
1485 3022 1805 3077 circumiens

210 3105 259 3169 in
287 3116 465 3160 utero.
502 3104 764 3162 Dominus
784 3108 925 3161 enim
952 3119 1133 3164 noster
1170 3125 1265 3180 per
1293 3109 1593 3181 maiestatis
1614 3123 1801 3181 poten—

210 3196 320 3249 tiam
355 3196 546 3250 omnia
597 3199 993 3268 complectitur,
1040 3209 1093 3254 et
1121 3192 1303 3256 tamen
1331 3218 1426 3270 per
1450 3203 1802 3272 dispensatio-

1912 2470 2077 2519 retur.
2114 2464 2375 2535 Ductique
2411 2475 2533 2519 sunt
2564 2463 2633 2518 ad
2662 2462 2905 2528 ﬂuvium,
2938 2471 2996 2529 ut
3024 2477 3190 2533 aquas
3221 2462 3500 2531 biberent,

1910 2565 1962 2607 et
1990 2555 2295 2623 quicunque
2321 2570 2485 2626 aquas
2518 2553 2669 2608 ﬂexis
2700 2553 2928 2620 genibus
2958 2553 3293 2619 hauserunt,
3324 2569 3354 2607 a
3386 2553 3500 2609 bel-

1910 2647 2012 2701 lica
2043 2647 2340 2703 intentione
2370 2650 2566 2703 remoti
2597 2656 2741 2702 sunt.
2778 2645 2943 2716 Aquis
2970 2661 3223 2717 namque,
3252 2645 3497 2702 doctrina

1909 2739 2221 2808 sapientia;
2271 2749 2451 2796 stante
2479 2751 2658 2795 autem
2687 2756 2860 2811 genu,
2901 2747 3045 2796 recta
3078 2740 3320 2807 Operatio
3349 2740 3496 2796 desi-

1906 2848 2120 2908 gnatur.
2153 2837 2255 2905 Qui
2298 2850 2428 2906 ergo
2470 2834 2596 2890 dum
2648 2851 2815 2905 aquas
2864 2836 3088 2905 bibunt,
3137 2826 3524 2907 genuﬂexisse'

1908 2928 2278 2998 perhibentur,
2306 2944 2336 2981 a
2368 2927 2630 2982 bellorum
2654 2929 2949 2983 certamine
2972 2928 3222 2998 prohibiti
3256 2942 3497 2984 recesse-

1908 3031 2053 3089 runt,
2084 3021 2206 3090 quia
2237 3039 2358 3077 cum
2389 3022 2499 3077 illis
2524 3019 2772 3076 Christus
2803 3030 2989 3077 contra
3024 3022 3206 3078 hostes
3228 3022 3352 3077 ﬁdei
3385 3038 3498 3093 perv

1907 3115 1985 3184 git
2014 3116 2077 3168 ad
2109 3116 2370 3184 praelium,
2400 3114 2490 3186 qui
2520 3129 2641 3171 cum
2675 3114 2937 3170 doetrina:
2966 3115 3167 3172 ﬂuenta
3206 3115 3498 3181 hauriunt,

1908 3207 2282 3262 rectitudinem
2309 3222 2533 3275 onerum
2586 3223 2692 3263 non
2739 3205 3037 3275 inﬂectunt.
3072 3208 3272 3264 Omnes
3301 3210 3499 3279 quippe

200 3291 277 3343 nis
292 3289 532 3360 gratiam
564 3289 701 3343 intra
729 3299 939 3346 uterum
980 3292 1214 3364 Virginis
1244 3305 1264 3331 ε
1294 3293 1680 3352 humanitatem
1710 3315 1801 3384 su-
1828 3303 1875 3366 C
1911 3307 2035 3355 tunc
2060 3300 2256 3355 bibisse
2283 3315 2498 3371 aquam,
2526 3301 2633 3377 sed,
2666 3316 2774 3356 non
2820 3315 3013 3357 omnes
3043 3312 3191 3359 recto
3226 3318 3364 3374 genu
3390 3314 3499 3360 ste-

202 3396 349 3438 rnens
381 3384 555 3439 venit.
585 3384 717 3450 Quis
744 3398 826 3454 est
855 3401 986 3457 ergo
1024 3387 1345 3445 circumiens
1388 3391 1439 3444 in
1473 3402 1662 3459 utero,
1699 3395 1797 3448 nisi

202 3475 547 3545 omnipotens
578 3476 720 3532 Deus
760 3492 854 3533 sua
894 3478 1294 3549 dispensatione
1334 3497 1432 3537 nos
1479 3484 1749 3539 redimens
1777 3526 1794 3551 ,

202 3566 485 3624 divinitate
514 3578 704 3625 cuncta
732 3566 1129 3645 complectens,
1159 3581 1215 3628 et
1244 3573 1628 3629 humanitatem
1661 3576 1795 3630 intra

205 3670 412 3715 uterum
441 3661 708 3716 sumens?
739 3661 794 3716 ln
834 3677 940 3733 quo
967 3672 1121 3718 utero
1149 3674 1203 3717 et
1243 3664 1554 3721 incarnatus
1596 3658 1680 3722 eSt
1700 3713 1713 3735 ,
1745 3680 1799 3724 et

214 3750 423 3806 clausus
439 3768 546 3807 non
572 3763 676 3820 est,
708 3754 832 3825 quia
856 3765 911 3809 et
949 3756 1089 3811 intra
1121 3765 1331 3811 uterum
1379 3758 1477 3813 fuit
1520 3775 1614 3826 per
1645 3761 1794 3814 inﬁr-

215 3844 411 3900 mitatis
433 3848 788 3904 substantiam
808 3890 825 3914 ,
855 3860 910 3904 et
941 3846 960 3886 ί
994 3859 1150 3906 extra
1192 3849 1447 3906 mundum
1478 3867 1575 3921 per
1606 3864 1793 3923 potcn-
1842 3872 1849 3881 ·

214 3936 328 3992 tiam
355 3939 681 4009 majestatis.
717 3940 923 3996 Madian
957 3956 1084 3997 vero
1120 3942 1523 4011 interpretatur,
1553 3944 1620 3998 de
1655 3946 1797 4013 judi-

203 4029 300 4084 cio.
337 4029 410 4085 Ut
449 4031 594 4084 enim
638 4032 823 4087 hostes
871 4033 991 4099 ejus
1039 4033 1331 4103 repellendi
1376 4034 1797 4107 destrucndique

190 4132 404 4188 essent,
428 4137 539 4177 non
569 4124 638 4180 de
669 4123 799 4179 vitio
833 4125 1179 4194 repellentis,
1214 4126 1306 4182 sed
1337 4126 1403 4182 de
1425 4126 1628 4197 judicio
1652 4129 1797 4199 juste

181 4210 489 4287 iudicantis
522 4213 641 4299 fuit.
691 4216 754 4269 Et
799 4215 1004 4271 idcirco
1039 4217 1108 4272 de
1131 4217 1334 4285 judicio
1364 4229 1644 4299 vocantur,
1674 4220 1795 4291 quia

182 4308 351 4363 alieni
388 4322 422 4361 a
452 4307 624 4377 gratia
650 4307 1063 4378 Redemptoris,
1093 4308 1251 4378 iustae
1285 4312 1646 4367 damnationis
1684 4331 1795 4370 me-

181 4400 355 4456 ritum
394 4400 563 4461 etiam
592 4400 647 4455 in
679 4400 943 4455 vocabulo
977 4401 1208 4457 nominis
1240 4403 1479 4458 trahunt.

249 4476 418 4565 [ναι.
449 4489 762 4565 ΧΧᾹἸΙΙ.]
792 4494 883 4549 74.
916 4489 1055 4557 Quid
1077 4495 1364 4565 signiﬁcent
1384 4497 1592 4552 trecenti
1610 4498 1796 4554 milites

173 4600 298 4638 cum
330 4584 579 4640 Gedeone
613 4597 921 4658 pugnantes.
945 4616 1015 4628 --
1043 4585 1241 4655 Contra
1270 4589 1367 4644 bos
1402 4588 1621 4645 Getleon
1673 4607 1794 4648 cum

1906 3391 2036 3447 tisse
2084 3394 2283 3447 narrati
2317 3403 2461 3447 sunt.
2485 3392 2893 3463 Reprobatique
2941 3407 3110 3463 sunt,
3161 3388 3253 3467 qui
3290 3411 3495 3467 genua,

1902 3482 2041 3537 dum
2081 3499 2244 3554 aquas
2294 3483 2578 3550 biberent,
2625 3483 2983 3549 inﬂexerant;
3035 3485 3157 3555 quia
3208 3495 3497 3542 attestante

1904 3576 2165 3646 Apostolo
2194 3595 2204 3628 ;
2240 3575 2364 3630 Non
2387 3577 2647 3631 auditores
2668 3575 2798 3647 legis
2813 3578 2948 3647 justi
2977 3586 3096 3631 sunt
3121 3579 3264 3647 apud
3291 3580 3487 3646 Deum,

1901 3668 1990 3721 sed
2008 3668 2181 3737 .991
2210 3667 2431 3736 [actores
2467 3666 2591 3737 legis
2618 3666 3045 3738 justi/icabuntur
3078 3665 3256 3738 (Rom.
3280 3683 3343 3734 tt,
3377 3667 3490 3741 15).

1901 3758 2034 3827 Quia
2061 3759 2201 3814 enim
2224 3800 2237 3823 ,
2272 3766 2327 3811 ut
2364 3757 2639 3823 diximus,
2671 3756 2955 3821 dissolutio
2997 3772 3220 3826 operum
3268 3760 3325 3814 in
3372 3759 3485 3829 ipsa

1900 3866 2131 3922 genuum
2158 3849 2530 3909 incurvatione
2550 3848 2810 3917 signatur,
2835 3860 2981 3903 recte
3004 3865 3213 3905 rursum
3236 3865 3330 3919 per
3355 3850 3489 3907 Pau-

1900 3945 2009 3998 lum
2042 3943 2234 3997 dicitur
2266 3960 2278 3993 :
2318 3939 2573 3995 "emissas
2608 3955 2789 3993 manus
2811 3949 2855 3993 et
2883 3940 3134 3995 dissoluta
3165 3958 3335 4015 genua
3372 3944 3480 3999 eri-

1900 4038 2021 4108 gite,
2044 4045 2089 4089 et
2113 4050 2317 4106 gressus
2347 4043 2510 4087 rectos
2533 4034 2688 4103 facite
2718 4033 2931 4101 pedibus
2953 4034 3131 4088 vestris
3153 4033 3345 4104 (Hebr.
3371 4051 3445 4092 xu
3464 4076 3480 4103 ,

1903 4129 2013 4199 12).
2048 4128 2112 4182 Hi
2152 4143 2281 4195 ergo
2318 4126 2532 4180 Christo
2567 4125 2704 4181 duce
2754 4126 2820 4180 ad
2870 4126 3065 4181 bellum
3094 4122 3124 4163 ιι
3154 4127 3487 4198 procedunt,

1899 4222 1989 4293 qui
2019 4222 2119 4275 hoc
2150 4219 2291 4292 quod
2321 4234 2415 4274 ore
2462 4217 2777 4273 annuntiant
2829 4233 2995 4290 opere
3043 4218 3366 4288 ostendunt,
3399 4222 3491 4290 qui

1900 4317 2098 4373 ﬂuenta
2128 4315 2387 4370 doctrina:
2414 4313 2767 4384 spiritualiter
2795 4312 3072 4379 hauriunt,
3100 4329 3199 4370 nec
3230 4323 3408 4371 tamen
3434 4316 3487 4371 in

1900 4408 2077 4478 pravis
2127 4406 2379 4476 operibus
2434 4404 2779 4459 inﬂectuntur
2821 4405 3138 4471 carnaliter,
3176 4406 3301 4476 quia
3350 4408 3490 4467 sicut

1900 4499 2161 4567 scriptum
2191 4505 2275 4553 est
2300 4516 2310 4551 :
2348 4494 2467 4550 Non
2497 4506 2570 4551 est
2595 4496 2830 4568 speciosa
2861 4495 2981 4550 laus
3011 4498 3067 4552 in
3093 4513 3181 4552 ore
3212 4502 3493 4569 peccatoris

1900 4592 2097 4665 (Eccli.
2127 4607 2223 4656 xv,
2250 4589 2331 4660 9).

171 4675 459 4733 trecentis
487 4678 753 4747 pergit-ad
785 4672 1059 4750 prmlium.
1083 4678 1231 4736 Solet
1258 4680 1311 4736 in
1344 4684 1660 4739 centenario
1688 4701 1787 4739 nu-
1818 4696 1873 4758 ι)
1940 4682 2060 4737 .75.
2108 4682 2245 4748 Quid
2275 4682 2429 4747 tubae,
2463 4681 2729 4751 lampades
2752 4690 2797 4734 et
2824 4681 3041 4757 (agente,
3068 4697 3185 4736 cum
3211 4684 3392 4754 quibus
3422 4684 3493 4738 ad

168 4784 338 4827 mero
368 4768 653 4840 plenitudo
682 4771 1031 4842 perfectionis
1061 4774 1306 4845 intelligi.
1336 4773 1473 4842 Quid
1526 4792 1655 4846 ergo
1697 4792 1794 4848 per

167 4872 256 4921 ter
284 4863 526 4921 ductum
566 4867 934 4921 centenarium
986 4880 1267 4922 numerum
1310 4866 1643 4947 designatur,
1688 4870 1791 4924 nisi

164 4954 435 5025 perfecta
474 4954 707 5027 cegnitio
737 4956 1045 5015 Trinitatis?
1072 4956 1209 5015 Cum
1251 4959 1331 5014 his
1363 4962 1559 5033 quippe
1589 4961 1777 5018 Domi—

235 5129 269 5158 ι
299 5116 487 5172 Corb.
512 5112 723 5183 Germ.,
744 5113 933 5183 Gilot.,
957 5116 1221 5174 Gnssanv.
1249 5131 1303 5176 et
1326 5122 1463 5189 plur.
1500 5120 1623 5186 Ed.,
1652 5124 1780 5178 lam-

161 5191 346 5257 pades
392 5197 744 5259 aperuerunt;
792 5199 915 5245 cast.
946 5190 1076 5244 Mss.
1106 5201 1159 5245 et
1188 5200 1297 5246 vet.
1324 5192 1463 5246 Edit.
1513 5194 1686 5249 Paris.
1731 5205 1787 5248 et

160 5262 384 5345 Rasil.,
416 5267 812 5345 apparuerunt;
841 5276 1001 5330 quam
1030 5261 1317 5319 lectionem
1352 5266 1784 5332 anteponendam

156 5334 494 5469 “milia.
516 5414 636 5471 cum
656 5399 834 5471 Corb.
877 5401 1085 5469 Germ.,
1124 5419 1189 5457 ne
1217 5420 1374 5471 parva
1402 5404 1547 5469 hcce;
1571 5406 1783 5470 melius,

152 5493 227 5531 ηε
256 5472 459 5543 parui;
482 5470 625 5540 quod
647 5470 839 5542 legitur
860 5474 910 5528 ln
935 5473 1064 5528 Mss.
1084 5470 1560 5541 Norm.,Vindoc.,
1589 5476 1783 5543 Laud.,

155 5544 299 5600 Val.
331 5544 451 5609 CL,
474 5551 580 5598 etC.

244 5628 275 5658 ε
321 5613 452 5667 Val.
482 5611 593 5680 CL,
618 5613 859 5681 principis
880 5614 1052 5669 vestri.

238 5688 274 5727 δ
317 5685 443 5749 AL,
468 5684 603 5737 hunc
630 5685 1038 5751 Redemptorem.
1066 5684 1525 5754 lnterpretationis
1550 5687 1783 5743 nominis

153 5759 411 5814 Gedeon
438 5770 558 5825 qua:
587 5755 869 5824 subjicitur
906 5757 1043 5811 ratio
1085 5772 1181 5811 nos
1225 5758 1386 5822 latet;
1432 5769 1573 5812 certe
1606 5758 1778 5813 locum

116 5846 288 5886 'non
333 5826 505 5881 habet
532 5826 585 5880 in
616 5825 762 5881 fonte
793 5826 952 5883 Hebr.
994 5829 1242 5882 Attamen
1285 5828 1337 5881 in
1377 5826 1414 5882 1.
1459 5829 1523 5882 de
1564 5829 1777 5883 Nomia.

158 5903 375 5959 Hebr.
404 5894 574 5953 sancti
597 5896 933 5970 Hieronymi,
963 5899 1109 5955 Edit.
1141 5898 1308 5956 Paris.
1339 5898 1498 5967 1546,
1534 5908 1665 5968 etc.,
1701 5900 1778 5957 le-

1902 4776 2137 4848 prazlium
2184 4783 2535 4847 perrexerunt,
2581 4782 2627 4826 et
2676 4771 2845 4828 hostes
2893 4773 3232 4829 debellarunt.
3264 4777 3488 4834 —Itum

1904 4882 2035 4939 ergo
2064 4874 2149 4920 est
2176 4864 2241 4918 ad
2279 4864 2522 4934 praelium
2554 4878 2676 4919 cum
2716 4863 2860 4920 tubis
2885 4907 2901 4931 ,
2935 4881 3059 4920 cum
3116 4868 3453 4939 lampadibus
3474 4909 3489 4936 ,

1905 4975 2025 5016 cum
2061 4957 2284 5029 lagenis.
2323 4956 2340 4994 ί
2382 4956 2671 5012 lnusitatus
2702 4957 2827 5025 iste,
2858 4967 2917 5014 ut
2948 4959 3198 5029 diximus,
3230 4959 3331 5017 fuit
3358 4962 3493 5017 ordo

1893 5126 2036 5193 gitur
2062 5138 2075 5175 :
2101 5119 2311 5176 Gedeon
2338 5118 2641 5175 circumiens
2661 5120 2714 5193 in
2739 5131 2904 5186 utero,
2935 5121 3013 5175 vel
3035 5120 3230 5186 inutile,
3255 5124 3357 5178 sive
3379 5134 3489 5179 ten-

1899 5192 2023 5248 tatio
2044 5193 2333 5261 iniquitatis
2358 5206 2567 5256 eorum;
2593 5192 2759 5246 verba
2793 5204 2973 5246 autem
3006 5196 3059 5246 in
3089 5202 3230 5246 utero
3257 5194 3335 5248 uel
3364 5197 3485 5249 inu-

1897 5266 2022 5329 tile,
2054 5265 2155 5318 sive
2185 5263 2397 5329 tentatio
2439 5263 2723 5331 iniquitatis
2768 5278 2977 5327 eorum;
3025 5264 3187 5319 verba
3226 5277 3404 5321 autem
3433 5267 3492 5320 in

1900 5346 2042 5390 utero
2070 5337 2145 5388 vel
2166 5332 2345 5387 inutile
2374 5335 2425 5387 itt
2459 5349 2582 5388 nov.
2617 5332 2759 5388 Edit.
2793 5349 2898 5388 non
2922 5342 3259 5401 comparent.

1977 5416 2001 5443 ε’
2036 5406 2194 5459 Deest
2223 5404 2589 5458 humanitatem
2628 5420 2868 5468 sumens,
2904 5403 2956 5456 in
2994 5403 3203 5471 Norm.,
3231 5404 3479 5475 Vindoc.,

1906 5476 2016 5531 Val.
2048 5475 2129 5529 Cl.
2165 5485 2219 5532 et
2250 5475 2412 5529 Corb.
2440 5474 2626 5529 Germ.

1976 5547 1993 5584 τ
2030 5546 2247 5602 Ebroic.
2272 5555 2329 5601 et
2350 5545 2595 5610 Vindoc.,
2630 5552 2774 5597 extra
2795 5551 3020 5599 uterum.

1969 5628 1995 5667 s
2028 5617 2230 5671 Pratel.
2261 5626 2314 5669 et
2338 5614 2584 5681 Vindoc.,
2619 5614 2818 5667 stravit.

1972 5686 2001 5726 ιι
2032 5688 2193 5742 Corb.
2220 5687 2429 5750 Germ.,
2458 5683 2707 5749 Vindoc.,
2734 5684 2942 5753 Norm.,
2980 5686 3173 5759 Laud.,
3202 5698 3334 5761 etc.,
3362 5706 3488 5764 pro-

1893 5761 2077 5814 deunt.
2268 5802 2272 5813 .

1970 5830 1987 5869 ί
2019 5830 2182 5907 [idem
2204 5826 2360 5893 Cod.,
2398 5827 2557 5897 Atque
2583 5826 2698 5892 iste,
2730 5836 2785 5881 ut
2812 5828 3058 5899 diximus,
3080 5827 3180 5902 fuit
3202 5816 3332 5891 ordo
3353 5849 3485 5907 prat-

1888 5901 2083 5956 ‘liandi.
