4036 6348
431 410 526 469 567

1615 353 1876 466 ἐΑΝοτι
1913 398 2240 460 σκεθοιιιι
2278 399 2493 460 MAGNI

3595 398 3703 456 568

422 525 724 599 prteliandi.
753 526 1076 584 Cecinerunt
1101 523 1245 581 tubis
1263 567 1277 589 ,
1321 532 1376 581 et
1411 523 1643 580 sinistris
1672 523 1877 594 lagenae
1916 529 1999 577 te-
2026 517 2083 580 Δ
2106 520 2298 586 modio,
2329 522 2419 574 sed
2438 532 2597 590 super
2623 516 2994 591 candelabrum
3022 513 3245 591 (Matth.
3267 527 3325 581 v,
3355 510 3470 584 15).
3500 511 3559 571 in
3584 530 3703 570 mo-

425 623 691 678 uebantur
709 639 722 675 :
742 620 880 675 intra
904 620 1119 690 lagenas
1148 627 1327 673 autem
1352 625 1478 672 sunt
1496 617 1675 672 missa:
1693 614 2002 687 lampades;

420 712 710 769 confractis
740 725 867 767 vero
895 710 1102 782 lagenis
1130 709 1405 780 lampades
1427 717 1660 764 ostensa:
1682 716 1841 774 sunt,
1873 721 2001 778 qua-

420 818 540 861 rum
569 810 884 859 coruscante
912 803 1049 867 luce,
1076 800 1260 856 hostes
1290 799 1461 855 territi
1495 800 1549 853 in
1580 798 1757 869 fugam
1785 807 2007 854 vertun-

419 905 526 953 tur.
566 895 886 966 Designatur
906 895 1086 965 itaque
1110 892 1164 948 in
1187 892 1329 948 tubis
1354 893 1556 965 clamor
1574 891 2001 963 pmdicantium,

421 989 476 1044 in
511 987 878 1057 lampadibus,
907 986 1123 1042 claritas
1151 985 1553 1050 miraculorum,
1578 984 1630 1039 in
1660 984 1862 1053 lagenis
1891 981 2000 1038 fra-

416 1081 595 1147 gilitas
628 1094 938 1148 corporum.
961 1077 1123 1133 Tales
1155 1079 1355 1148 quippe
1385 1091 1566 1132 secum
1595 1076 1701 1130 dux
1732 1083 1914 1131 noster
1935 1075 2005 1129 ad

417 1172 814 1243 praedicationis
835 1170 1077 1241 praelium
1099 1169 1269 1235 duxit,
1296 1169 1387 1241 qui
1415 1169 1671 1239 despecta
1692 1168 1865 1224 salute
1884 1182 2004 1223 cor-

418 1280 631 1333 porum,
651 1264 835 1319 hostes
847 1277 972 1320 suos
982 1260 1698 1333 moriendoprosternerent,
1714 1275 2006 1331 eorumque

416 1357 621 1427 gladios
651 1372 758 1411 non
785 1355 972 1423 armis,
998 1370 1102 1410 non
1126 1354 1336 1426 gladiis,
1369 1354 1463 1409 sed
1492 1354 1745 1424 patientia
1777 1368 2003 1423 supera-

415 1448 778 1506 rent.Armati
797 1450 940 1503 enim
966 1456 1231 1503 venerunt
1252 1447 1355 1503 sub
1375 1447 1513 1502 duce
1540 1460 1640 1501 suo
1668 1447 1735 1501 ad
1760 1447 2001 1515 praelium

415 1550 680 1611 martyres
709 1541 913 1604 nostri;
938 1538 1033 1594 sed
1064 1539 1226 1606 tubis,
1251 1537 1346 1594 sed
1374 1538 1720 1609 lagenis,sed
1745 1538 2005 1607 lampadi-

414 1633 535 1687 lms.
556 1634 655 1702 Qui
686 1639 985 1687 sonuerunt
1015 1630 1180 1699 tubis,
1209 1630 1335 1684 dum
1358 1628 1693 1700 praedicant;
1724 1626 2005 1699 confrege-

415 1736 535 1782 runt
564 1728 801 1798 lagenas,
836 1724 963 1779 dum
992 1724 1250 1780 solvenda
1281 1724 1336 1778 in
1370 1723 1622 1793 passione
1650 1737 1746 1777 sua
1770 1736 2003 1792 corpora

417 1819 696 1874 hostilibus
722 1818 919 1889 gladiis
951 1826 978 1855 ιι
1000 1826 1307 1887 opponunt;
1331 1815 1780 1887 resplenduerunt
1809 1816 2006 1884 lampa-

2107 610 2198 667 dio
2227 611 2371 667 enim
2418 611 2758 667 commodum
2802 609 3119 680 temporale,
3154 609 3208 664 in
3256 608 3473 663 lucerna
3517 616 3701 663 autem

2107 702 2198 758 lux
2224 702 2621 774 praedicationis
2652 701 2935 772 accipitur.
2964 701 3267 757 Lucernam
3296 713 3427 770 ergo
3456 699 3558 755 sub
3578 714 3699 755 mo-

2107 795 2198 852 dio
2231 806 2254 836 θ
2298 811 2500 865 ponere
2550 803 2634 851 est
2682 801 2905 866 propter
2951 791 3270 864 temporale'
3300 791 3652 847 commodum
3678 831 3700 860 ,

2106 890 2341 960 gratiam
2369 886 2766 960 praedicationis
2803 885 3175 955 abscondere,
3210 884 3353 956 quod
3402 899 3563 940 nemo
3589 884 3702 939 uti-

2105 999 2209 1056 que
2248 983 2538 1039 electorum
2587 980 2738 1037 facit.
2790 980 2855 1035 Et
2905 979 3046 1036 bene
3084 979 3196 1036 illic
3236 978 3454 1035 additur
3479 995 3494 1033 :
3523 976 3551 1015 ει
3581 977 3692 1034 Sed

2105 1095 2259 1149 super
2286 1077 2675 1133 candelabrum.
2704 1074 2762 1131 in
2784 1074 3113 1133 candelabro
3138 1073 3282 1130 enim
3305 1081 3477 1128 status
3505 1087 3705 1142 corpo-

2104 1173 2181 1229 ris
2208 1173 2540 1245 designatur,
2562 1171 2649 1227 cui
2677 1170 2894 1226 lucerna
2922 1171 3323 1239 superponltnr,
3350 1166 3477 1223 dum
3502 1166 3681 1222 eidem

2104 1267 2483 1338 corporivcura
2528 1264 2933 1337 praedicationis
2972 1261 3293 1318 antefertur.
3323 1258 3471 1315 Bene
3513 1259 3700 1330 itaque

2068 1362 2075 1373 '
2107 1376 2205 1433 per
2226 1361 2554 1432 Prophetam
2584 1359 2787 1416 dictum
2829 1367 2952 1414 est:
2982 1356 3258 1427 Sceptrum
3300 1353 3557 1410 exactoris
3585 1354 3700 1424 ejus

2106 1454 2377 1526 superasti,
2406 1453 2538 1508 sicut
2567 1453 2621 1507 in
2650 1454 2733 1507 die
2764 1448 2981 1505 Madian
3014 1446 3171 1523 (Isai.
3207 1462 3289 1512 tx,
3313 1446 3396 1516 4).
3420 1444 3530 1502 Sed
3572 1443 3701 1515 quia

2104 1546 2415 1619 exponendi
2446 1543 2745 1617 prophetici
2775 1542 3067 1600 testimonii
3090 1540 3259 1613 gratia
3274 1539 3445 1609 longe
3465 1534 3700 1608 digressi

2115 1657 2325 1707 sumus,
2359 1640 2427 1695 ad
2458 1640 2641 1712 operis
2670 1638 2844 1694 nostri
2872 1636 3114 1693 ordinem
3148 1642 3503 1690 revertamur.
3535 1630 3702 1700 Igitur

2106 1739 2392 1803 postquam
2414 1728 2619 1784 dictum
2647 1737 2760 1784 est:
2786 1726 3075 1782 Clamorem
3104 1723 3356 1779 auctoris
3377 1737 3480 1775 non
3504 1719 3696 1785 audiit,

2111 1826 2233 1896 quia
2289 1822 2541 1878 videlicet
2586 1821 2790 1891 antiqui
2844 1820 3014 1876 hostis
3062 1816 3285 1874 insidias
3332 1815 3596 1871 Dominus
3639 1811 3701 1868 in

413 1908 587 1976 dibus,
620 1909 746 1963 dum
779 1918 896 1979 post
925 1908 1251 1964 solutionem
1280 1912 1568 1978 corporum
1597 1907 1878 1963 miraculis
1899 1923 2002 1962 co-
2035 1902 2085 1965 B
2110 1931 2271 1972 carne
2296 1914 2672 1970 manifestatus
2699 1912 2984 1983 despexit,
3018 1911 3142 1982 quid
3193 1909 3358 1967 etiam
3406 1907 3477 1964 de
3511 1904 3703 1963 θιοοιίι

413 2011 784 2063 rusc.:vernnt.
816 2001 1044 2071 Moxque
1066 1999 1250 2057 hostes
1278 1988 1331 2055 in
1358 2000 1537 2069 fugam
1566 2000 1816 2055 conversi
1839 2011 1998 2066 sunt;

412 2093 532 2163 quia
560 2092 685 2147 dum
729 2100 1064 2146 mortuorum
1109 2101 1403 2163 martyrum
1444 2105 1672 2160 corpora
1724 2090 2002 2145 miraculis

412 2200 694 2243 coruscare
714 2184 1075 2253 couSpiciunt,
1101 2184 1223 2239 luce
1256 2184 1497 2238 veritatis
1523 2182 1701 2252 fracti,
1729 2183 1873 2253 quod
1902 2184 2003 2239 im-

412 2288 797 2349 pugnavernnt,
821 2278 1190 2334 crediderunt.
1217 2276 1544 2333 Cecinerunt
1566 2294 1699 2349 ergo
1734 2279 1905 2347 tubis,
1939 2287 2001 2335 ut

411 2372 612 2443 lagenze
639 2372 1047 2442 frangerentur;
1081 2372 1286 2441 lagente
1311 2370 1496 2426 fracta:
1527 2379 1676 2437 sunt,
1710 2379 1768 2425 ut
1794 2372 1999 2441 lampa-

410 2469 504 2524 des
528 2474 889 2538 apparerent;
914 2474 1282 2538 apparuerunt
1312 2465 1610 2536 lampades,
1643 2474 1703 2520 ut
1731 2466 1915 2520 hostes
1944 2467 1998 2522 in

414 2560 591 2632 fugam
621 2569 989 2627 verterentur;
1018 2559 1072 2616 id
1100 2570 1203 2625 est,
1234 2560 1663 2631 praedicaverunt
1692 2571 1958 2632 martyres
1980 2603 1997 2628 ,

410 2654 581 2709 olonec
604 2668 792 2708 eorum
821 2667 1050 2724 corpora
1084 2655 1137 2709 in
1160 2663 1334 2709 morte
1361 2654 1699 2709 solverentur
1723 2672 1739 2721 ;
1771 2656 1999 2724 corpora

408 2759 592 2801 eorum
623 2744 677 2800 in
725 2754 901 2800 morte
928 2746 1104 2801 soluta
1133 2754 1294 2814 sunt,
1341 2755 1399 2800 ut
1435 2744 1708 2802 miraculis
1737 2762 1998 2804 corusca-

409 2846 566 2904 rent;
598 2846 1021 2894 coruscaverunt
1049 2839 1348 2905 miraculis,
1383 2848 1439 2893 ut
1463 2841 1644 2896 hostes
1669 2854 1797 2895 suos
1823 2856 1893 2896 ex
1913 2840 1999 2897 di-

408 2929 527 2985 vina
580 2932 700 2988 luce
740 2942 1179 3000 prosternerent,
1213 2942 1480 3003 quatenus
1519 2950 1855 3004 nequaquam
1887 2935 1999 2992 Deo

408 3023 572 3077 erecti
601 3022 929 3088 resisterent,
961 3025 1055 3079 sed
1084 3040 1206 3079 eum
1236 3025 1439 3080 subditi
1471 3024 1851 3083 formidarent.

477 3116 565 3172 76.
608 3113 764 3171 Fidei
794 3118 1157 3186 praedicatores
1187 3120 1307 3187 plus
1327 3129 1488 3174 morte
1515 3136 1612 3175 sua
1631 3160 1647 3184 ,
1678 3114 1832 3191 quam
1859 3138 1998 3192 prae-

320 3242 323 3249 ς
413 3209 671 3264 dicatione
695 3210 1039 3280 profecerunt.
1061 3239 1133 3253 ——
1152 3211 1220 3267 Et
1247 3214 1539 3267 notandum
1571 3213 1713 3283 quod
1737 3223 2002 3272 steterunt

410 3303 595 3357 hostes
624 3312 748 3357 ante
778 3298 1045 3373 'lagenas,
1095 3286 1348 3375 fugerunt
1377 3312 1500 3360 ante
1528 3280 1835 3375 lampades,
1868 3310 1995 3379 quia
2029 3280 2076 3346 ο

411 3393 664 3449 nimirum
694 3388 1069 3466 persecutores
1095 3405 1297 3452 sancta:
1323 3396 1579 3455 Ecclesia:
1599 3440 1615 3465 ,
1646 3398 1768 3456 ﬁdei
1800 3402 1999 3471 praedi-

410 3491 685 3547 catoribus
715 3492 891 3547 adhuc
916 3494 969 3546 in
1006 3507 1236 3561 corpore
1266 3493 1456 3562 positis
1492 3494 1846 3563 restiterunt;
1881 3507 2000 3568 post

407 3585 736 3639 solutionem
771 3599 903 3639 vero
925 3600 1210 3657 corporum
1240 3588 1625 3657 apparentibus
1649 3590 1921 3647 miraculis
1947 3592 2002 3647 in

407 3675 588 3746 fugam
611 3678 753 3732 versi
786 3686 932 3744 sunt,
963 3660 1113 3748 quia,’
1142 3693 1338 3749 pavore
1361 3680 1665 3747 conterriti,
1690 3662 1721 3736 a
1751 3697 2003 3750 persecu-

411 3770 563 3825 tione
580 3770 832 3826 tidelium
860 3779 1230 3827 cessaverunt.
1257 3771 1651 3829 Praedicatione
1678 3775 1886 3831 scilicet
1917 3785 2002 3832 tu-

412 3862 647 3928 barum,
691 3863 874 3918 fractis
914 3865 1117 3936 lagenis
1162 3878 1481 3936 corporum,
1526 3867 1657 3923 visis
1704 3868 2003 3928 timuerunt

416 3956 755 4023 lampadibus
783 3957 1188 4019 miraculorum.

477 4046 626 4122 [γει.
661 4045 859 4102 XXXI
869 4046 970 4120 V.]
1009 4050 1099 4105 77.
1141 4051 1239 4105 Cui
1278 4056 1448 4127 major
1491 4064 1567 4108 est
1606 4070 1731 4108 cura
1769 4057 2001 4127 corporis

406 4158 560 4213 quam
592 4141 976 4213 pradicationis
1000 4182 1018 4208 ,
1052 4146 1325 4199 metuenda
1352 4146 1663 4217 reprobatio.
1688 4177 1759 4190 —
1783 4147 1999 4205 Intuen-

407 4234 535 4287 dum
587 4242 673 4288 est
714 4234 876 4287 etiam
907 4233 960 4288 id
990 4233 1133 4305 quod
1186 4234 1294 4290 illic
1340 4238 1597 4305 scriptum
1643 4247 1758 4305 est,
1790 4240 1915 4310 quia
1946 4242 1999 4296 in

408 4326 631 4382 dextera
662 4326 853 4391 tubas,
898 4326 1120 4399 lagenas
1147 4338 1325 4385 autem
1359 4330 1661 4388 insinistra
1690 4340 1997 4391 tenuerunt.

401 4422 514 4499 Pro
540 4423 763 4478 dextero
790 4422 935 4478 enim
966 4422 1165 4479 habere
1191 4423 1423 4479 dicimur
1457 4425 1720 4497 quidquid
1768 4424 1863 4498 p'ro
1892 4446 2003 4484 ma-

408 4531 515 4587 gno
564 4500 880 4585 pensamus;
930 4531 1030 4588 pro
1079 4515 1300 4573 sinistro
1325 4533 1457 4572 vero
1503 4517 1647 4589 quod,
1695 4534 1792 4589 pro
1831 4520 2002 4575 nihilo

408 4606 677 4662 ducimus.
710 4607 855 4664 Bene
874 4622 1005 4681 ergo
1034 4607 1145 4664 illic
1172 4611 1432 4680 scriptum
1463 4619 1548 4665 est
1584 4611 1725 4680 quod
1773 4613 1826 4667 in
1850 4613 2001 4669 dex-

2106 2010 2218 2065 suis
2247 2007 2443 2065 fecerit
2471 2014 2618 2063 recte
2648 2005 2941 2077 subiungit,
2973 2003 3159 2067 dicens
3185 2019 3200 2058 :

2288 2086 2295 2093 ’
2686 2099 2917 2159 CAPUT
2957 2097 3151 2154 xxvr.

2176 2194 2342 2251 Vens.
2374 2193 2428 2249 8.
2447 2226 2518 2236 —
2538 2192 2896 2263 Circumspicit
2922 2199 3115 2246 montes
3143 2204 3355 2261 pascua
3380 2204 3512 2244 sua.

2176 2289 2265 2344 78.
2308 2288 2483 2344 Etiam
2510 2291 2756 2362 superbos
2795 2289 2850 2343 in
2900 2304 2996 2343 sua
3040 2287 3269 2341 membra
3309 2287 3701 2348 transformari!

2103 2380 2355 2437 Christus.
2380 2382 2634 2436 Convertit
2650 2392 2746 2436 eos
2771 2397 2900 2453 quos
2942 2381 3147 2453 aspicit.
3170 2407 3242 2421 —
3263 2378 3470 2435 Montes
3499 2377 3699 2448 accipi-

2103 2489 2224 2530 mus
2243 2488 2433 2530 omnes
2456 2475 2626 2530 elatos
2651 2474 2811 2545 hujus
2833 2473 3043 2539 saeculi,
3067 2473 3157 2543 qui
3186 2472 3240 2528 in
3263 2472 3424 2527 corde
3444 2485 3545 2526 suo
3575 2471 3700 2526 alti-

2111 2567 2294 2622 tudine
2324 2575 2533 2622 terrena
2567 2576 2892 2622 tumuerunt.
2910 2555 3023 2622 'Sed
3055 2565 3178 2636 quia
3209 2566 3371 2620 etiam
3416 2565 3551 2620 tales
3583 2564 3694 2618 Do-

2104 2664 2281 2719 minus
2310 2663 2566 2719 Ecclesize
2603 2679 2714 2720 sum
2763 2658 2983 2733 corpori
3031 2674 3323 2717 conversos
3367 2659 3699 2726 inviscerat,

2072 2816 2077 2827 _
2101 2767 2304 2825 eosque
2328 2769 2356 2807 a
2391 2755 2555 2824 priori
2578 2754 2812 2810 elatione
2840 2763 3178 2809 coinmutans
3201 2793 3217 2818 ,
3242 2753 3293 2806 in
3323 2767 3418 2807 sua
3445 2751 3695 2806 membra

2102 2846 2476 2910 transformat,
2511 2846 2597 2900 isti
2618 2855 2844 2902 'montes
2883 2860 3094 2915 pascua:
3119 2845 3233 2915 ejus
3259 2852 3415 2913 sunt,
3458 2844 3577 2912 quia
3606 2843 3695 2897 ni-

2104 2940 2299 2995 mirum
2331 2940 2399 2995 de
2425 2942 2778 2996 conversione
2810 2940 3127 2997 errantium.
3160 2950 3215 2995 et
3241 2940 3307 2994 de
3336 2937 3695 3007 superborum

2100 3034 2407 3091 humilitate
2433 3036 2699 3099 satiatur,’
2717 3036 2855 3089 sicut
2879 3036 2994 3104 ipse
3017 3035 3096 3088 ait
3120 3051 3133 3086 :
3167 3031 3317 3087 Meus
3341 3032 3484 3086 cibus
3510 3040 3604 3094 est,
3641 3038 3698 3084 ut

2103 3130 2292 3201 faciam
2312 3130 2624 3184 voluntatem
2650 3132 2760 3201 ejus
2800 3129 2889 3196 qui
2916 3145 2994 3183 me
3022 3129 3159 3182 misit
3183 3125 3365 3201 (Joan.
3388 3140 3466 3192 tv,
3489 3124 3606 3194 34).
3634 3125 3703 3180 Et

2094 3223 2242 3279 sicut
2268 3223 2522 3293 apostolis
2544 3223 2608 3275 ad
2642 3222 3077 3293 praedicationem
3109 3221 3290 3277 missis
3316 3220 3590 3290 prtecepit,
3614 3219 3703 3271 di-

2109 3333 2236 3373 cens
2260 3336 2273 3373 :
2309 3316 2607 3388 Operamini
2638 3332 2742 3369 non
2770 3316 2939 3368 cibum
2967 3316 3056 3384 qui
3080 3314 3211 3384 perit
3235 3358 3250 3382 ,
3277 3314 3365 3367 sed
3387 3313 3472 3383 qui
3496 3328 3703 3379 perma-

2064 3438 2067 3443 -
2107 3419 2190 3463 net
2209 3410 2262 3463 in
2293 3410 2449 3462 vitam
2468 3418 2711 3462 (sternam
2734 3406 2915 3476 (Joan.
2939 3422 3011 3469 v1.
3034 3405 3156 3477 ‘27).
3185 3405 3261 3460 De
3306 3406 3388 3459 his
3427 3404 3703 3460 montibus

2108 3516 2204 3572 per
2230 3500 2549 3571 Prophetam
2572 3498 2769 3554 dicitur
2795 3517 2810 3555 :
2848 3497 2970 3553 Non
2994 3497 3206 3567 repellet
3229 3497 3478 3551 Dominus
3500 3497 3700 3565 plebem

2108 3611 2274 3662 suam,
2298 3596 2540 3666 quoniam
2572 3596 2623 3647 in
2647 3610 2806 3647 manu
2820 3595 2938 3666 ejus
2956 3600 3077 3646 sunt
3096 3606 3271 3645 ontnes
3293 3589 3420 3659 fines
3449 3598 3620 3651 teme,
3646 3594 3695 3640 et

2107 3686 2402 3742 altitudines
2442 3687 2695 3741 montium
2732 3686 2842 3754 ipse
2885 3685 3131 3755 conspicit
3178 3681 3353 3755 (Psal.
3398 3696 3582 3745 xcxrv,
3617 3678 3697 3749 Α).

2113 3779 2439 3835 Altitudines
2465 3780 2608 3835 enim
2641 3781 2902 3834 montium
2938 3777 3205 3833 elationes
3232 3785 3357 3830 sunt
3386 3774 3566 3842 utique
3610 3789 3703 3827 su-

2108 3872 2426 3941 perborum.
2459 3870 2605 3938 Quas
2630 3870 2893 3925 Dominus
2921 3868 3243 3939 conspicere
3282 3866 3499 3935 dicitur,
3532 3866 3582 3920 id
3615 3872 3704 3920 est

2107 3962 2176 4015 ab
2225 3962 2506 4031 iniquitate
2556 3975 2653 4016 sua
2700 3961 2753 4015 in
2805 3960 2999 4016 melius
3028 3968 3383 4015 commutare.
3419 3956 3704 4013 Convertit

2108 4070 2339 4124 namque
2368 4054 2623 4109 Dominus
2666 4068 2789 4109 eum
2831 4068 2991 4123 quem
3030 4052 3316 4123 conspicit.
3362 4049 3514 4107 Unde
3561 4049 3700 4106 scri-

2109 4158 2256 4217 ptum
2286 4155 2368 4201 est
2395 4163 2408 4199 :
2441 4144 2726 4200 Conversus
2757 4144 3010 4199 Dominus
3038 4144 3263 4212 respexit
3289 4141 3527 4207 Petrum,
3549 4151 3597 4195 et
3618 4157 3703 4196 re-

2108 4240 2350 4293 cordatus
2371 4247 2443 4292 est
2475 4237 2661 4293 Petrus
2705 4240 2839 4293 verbi
2883 4236 3091 4292 Domini
3118 4238 3250 4291 sicut
3279 4236 3480 4291 dixerat
3507 4250 3529 4290 :
3560 4235 3705 4301 Quia

2107 4334 2404 4406 priusquam
2427 4331 2599 4403 gallus
2621 4342 2809 4397 cantet,
2830 4340 2905 4386 ter
2931 4348 3012 4386 me
3029 4331 3238 4402 negabis
3258 4346 3277 4395 ;
3295 4338 3343 4385 et
3369 4344 3599 4401 egressus
3622 4333 3704 4400 [o-

2106 4443 2191 4480 ras
2217 4427 2353 4495 fleuit
2376 4442 2555 4480 amare
2575 4424 2727 4497 (Luc.
2759 4440 2899 4490 xxtt,
2929 4424 3042 4495 61).
3069 4423 3134 4477 Et
3157 4423 3296 4479 sicut
3310 4422 3566 4478 Salomon
3590 4422 3701 4478 ait:

2107 4518 2220 4573 Rea:
2247 4519 2334 4588 qui
2362 4518 2498 4571 sedet
2519 4519 2572 4572 in
2599 4519 2729 4572 solio
2746 4516 2963 4588 judicii,
2984 4516 3198 4587 dissipat
3220 4529 3368 4569 omne
3387 4516 3583 4569 malum
3616 4516 3703 4567 in-

2108 4615 2242 4668 tuitu
2285 4629 2382 4668 suo
2414 4611 2594 4695 (Prov.
2631 4629 2733 4676 xx,
2765 4612 2843 4684 8).
2882 4612 2958 4666 De
2997 4610 3099 4665 hoc
3142 4619 3390 4679 respectu
3437 4609 3702 4665 montium

408 4707 525 4754 tera
556 4699 731 4768 tubas,
760 4699 977 4770 lagenas
1006 4709 1185 4756 autem
1210 4702 1262 4755 in
1292 4702 1508 4756 sinistra
1537 4688 1848 4769 tenuerunt,
1874 4708 1999 4776 quia
2031 4690 2084 4750 Ῑ)
2110 4718 2323 4760 rursum
2364 4688 2461 4772 per
2514 4704 2830 4773 prophetam
2875 4701 3069 4756 dicitur
3114 4719 3128 4753 :
3164 4699 3367 4756 Montes
3411 4701 3546 4755 sicut
3585 4716 3706 4756 cera

407 4787 607 4843 Christi
650 4798 913 4860 martyres
955 4805 1055 4859 pro
1099 4805 1295 4860 magno
1340 4792 1541 4848 habent
1596 4796 2000 4864 praedicationis

410 4884 658 4954 gratiam,
682 4898 969 4952 corporum
992 4899 1122 4939 vero
1143 4869 1427 4941 utilitatem
1456 4901 1554 4955 pro
1576 4890 1818 4943 minimo.
1848 4892 2000 4959 Quis-

409 4978 535 5049 quis
564 4978 707 5033 enim
739 4976 860 5046 plus
891 4975 1018 5032 facit
1055 4977 1340 5033 utilitatem
1373 4980 1620 5049 corporis
1642 5023 1659 5048 ,
1690 4996 1848 5051 quam
1877 4998 2001 5052 gra-

409 5071 537 5126 tiam
568 5069 968 5141 prmdicationis
987 5110 1002 5133 ,
1035 5069 1088 5124 in
1111 5069 1327 5127 sinistra
1352 5071 1534 5127 tubam
1554 5113 1569 5138 ,
1598 5082 1760 5144 atque
1784 5074 1839 5130 in
1869 5076 2001 5131 dex-

413 5174 525 5219 tera
556 5162 1008 5232 lagenam’tenet.
1041 5160 1099 5217 Si
1132 5162 1276 5216 enim
1314 5163 1482 5231 priori
1510 5164 1631 5219 loco
1660 5167 1830 5235 gratia
1863 5183 2002 5237 pra:-

410 5252 699 5310 dicationis
738 5252 1064 5337 attenditur,
1116 5244 1299 5327 992‘
1339 5264 1391 5309 et
1450 5258 1738 5325 posteriori
1794 5261 2001 5316 utilitas

408 5346 688 5415 corporis,
728 5356 935 5402 certum
964 5345 1096 5403 est”
1125 5348 1247 5417 quia
1297 5347 1349 5402 in
1398 5347 1601 5404 dextris
1646 5350 1810 5419 tubae,
1845 5362 1898 5407 et
1927 5354 2002 5409 si-

412 5438 602 5493 nistris
623 5438 828 5509 lagente
857 5446 1161 5494 teneantur.
1191 5438 1329 5495 Hinc
1352 5438 1609 5495 Dominus
1633 5442 1692 5505 in
1710 5442 2002 5514 Evangelia

344 5536 355 5553 ‘
412 5531 487 5586 sit
516 5548 530 5585 :
562 5530 744 5598 Neque
769 5532 1056 5587 accendunt
1103 5531 1402 5599 lucernam,
1454 5543 1502 5588 et
1538 5544 1736 5605 ponunt
1769 5551 1883 5589 eam
1906 5539 2000 5592 sub

360 5657 368 5703 ι
428 5654 512 5715 ,γλ
543 5644 618 5700 Ita
638 5644 871 5712 Turon.,
892 5645 1140 5713 Vindoc.,
1165 5646 1436 5714 Laudun.,
1456 5647 1618 5703 Corb.
1646 5646 1848 5715 Germ.,
1878 5649 1999 5706 Val.

366 5782 367 5785 η
412 5712 498 5769 Cl.
528 5726 583 5771 et
608 5725 718 5773 vet.
749 5716 896 5773 Edit.
945 5712 1355 5776 Recentioribus
1383 5712 1553 5789 magis
1582 5719 1781 5789 placuit
1805 5712 2000 5793 suppo-

412 5796 799 5949 ῗέἷῇςιάοαη
831 5858 1053 5922 Pratel..
1082 5860 1203 5917 Val.
1232 5861 1341 5929 CL,
1378 5861 1500 5929 quia
1529 5878 1563 5916 α
1596 5862 1858 5922 dextris...
1895 5871 1944 5919 et
1969 5880 2003 5919 a

2112 4800 2372 4868 ﬂuxerunt
2400 4812 2433 4849 a
2464 4796 2597 4867 facie
2644 4794 2854 4849 Domini
2890 4792 3066 4862 (Psal.
3095 4808 3281 4859 xcxw,
3309 4793 3398 4864 5),
3426 4792 3547 4863 quia
3579 4800 3703 4863 post

2111 4885 2483 4958 perversitatis
2525 4900 2635 4939 sua:
2681 4885 2962 4948 duritiam,
2991 4884 3169 4938 divina
3212 4883 3495 4939 formidine
3526 4884 3701 4953 lique-

2110 4979 2261 5047 facti,
2292 4980 2359 5035 ab
2388 4980 2480 5034 illo
2509 4979 2659 5049 prius
2686 4979 2860 5050 rigido
2889 4986 3099 5035 tumore
3126 4989 3150 5017 °
3178 4978 3437 5034 substrati
3467 4990 3612 5036 sunt.

2181 5073 2273 5131 79.
2305 5073 2464 5129 Bonis
2492 5073 2727 5145 operibus
2765 5089 3124 5129 conuersorum
3159 5074 3408 5143 pascitur.
3449 5072 3702 5146 Magnum

2111 5164 2316 5219 Christo
2343 5162 2623 5217 convivium
2646 5161 2765 5231 fecit
2792 5160 3210 5228 Mattlueus,imo
3240 5163 3359 5235 fuit.
3387 5192 3453 5203 —
3480 5164 3700 5218 Intuen-

2109 5260 2237 5314 dum
2267 5257 2428 5313 etiam
2458 5255 2604 5328 quod
2634 5270 2741 5309 non
2790 5254 2863 5309 ait
2909 5255 3159 5324 inspicit,
3208 5252 3304 5310 sed
3354 5254 3701 5323 circumspicit

2107 5359 2303 5405 montes
2332 5362 2539 5421 pascua:
2565 5363 2691 5402 sua.
2726 5346 2781 5401 In
2822 5346 3003 5401 Judma
3043 5347 3241 5416 quippe
3280 5338 3589 5402 incarnatus
3618 5355 3696 5402 est

2108 5441 2387 5509 Dominus,
2416 5454 2536 5510 quae
2567 5440 2738 5509 posita
2767 5439 2820 5495 in
2848 5438 3024 5494 medio
3050 5440 3288 5508 gentium
3319 5438 3439 5495 luit.
3469 5437 3490 5478 ί
3524 5439 3697 5499 Atque

2062 5568 2065 5569 ν
2105 5534 2230 5592 ideo
2257 5528 2642 5602 circumspexit
2685 5541 2923 5599 montes,
2956 5532 3079 5601 quia
3105 5532 3274 5590 elatos
3312 5531 3473 5603 hujus
3511 5515 3697 5591 saeculi

2180 5659 2203 5688 ε
2237 5646 2356 5701 Val.
2378 5644 2486 5714 Cl.,
2509 5656 2695 5702 tenere.

2178 5718 2205 5757 (ι
2237 5718 2495 5789 Yindoc.,
2512 5716 2630 5789 Sed
2652 5732 2811 5789 supra
2831 5716 3221 5774 candelabrum.

2181 5750 2205 5757 -
2252 5750 2487 5782 vluuuuo,
2522 5750 2629 5773 um
2652 5750 2811 5789 οημιμ
2831 5750 3221 5774 ιιιηιισιιιυιιυη.
3721 5750 3729 5759 -

2181 5799 2205 5829 ο
2233 5788 2463 5865 Rec_et_i_t._
2487 5788 2716 5860 Vulgati,
2749 5789 2993 5844 subtracti
3014 5802 3167 5859 sunt;
3209 5793 3532 5865 contemptis
3564 5792 3692 5851 Mss.

2106 5871 2163 5922 et
2186 5870 2298 5915 vet.
2325 5859 2518 5913 Editis.

2181 5930 2201 5968 ί
2231 5930 2323 5986 Sic
2351 5929 2548 5996 Latrat,
2576 5928 2697 5986 Val.
2738 5930 2849 5996 Cl.,
2879 5929 3131 6000 Vindoc.,
3173 5933 3389 6006 Norm.,
3434 5952 3538 5994 nec
3585 5948 3693 5994 non
