3976 6348
212 424 318 483 569

930 421 1301 484 HOBALIUM
1337 420 1468 481 LIB.
1509 421 1681 483 XXX.
1721 451 1792 467 -
1828 421 1897 481 ΙΝ
1936 421 2166 482 CAPUT
2202 421 2429 481 XXXIX
2464 422 2526 480 Β.
2565 422 2705 484 ιοΒ.

2941 406 3021 415 me...

3378 423 3484 481 570

152 542 155 543 ⁷
209 545 626 615 circumquaque
642 540 848 612 positos
876 556 944 599 ex
969 542 1281 613 gentilitatis
1306 543 1656 599 universitate
1681 539 1798 597 col-
1824 540 1877 602 Α
1903 549 2010 595 tum
2026 540 2289 612 tribuitur,
2317 551 2407 597 aut
2427 551 2636 614 propter
2663 539 2869 616 cuipam
2891 541 3487 616 subtrahitur.-Saape

209 633 360 705 legit.
393 632 453 688 In
480 631 564 687 his
608 631 789 712 itaque
834 633 1107 690 montibus
1159 634 1415 704 pascitur,
1464 635 1586 706 quia
1642 633 1797 689 bonis

210 726 467 799 operibus
493 741 880 783 conversorum
903 728 1055 799 quasi
1087 727 1269 784 herbis
1300 728 1600 784 virentibus
1630 728 1799 784 satia-

209 834 319 880 tur.
349 823 486 879 Hinc
514 832 597 879 est
624 824 766 895 quod
799 824 849 879 ei
880 840 1095 894 sponsa
1117 840 1254 879 voce
1286 825 1338 879 in
1362 824 1601 880 Canticis
1630 821 1801 879 canti-

207 932 394 973 corum
428 916 662 973 dicitur:
694 916 879 973 Indica
903 918 1028 972 mihi
1054 918 1141 972 ubi
1178 934 1389 984 pascas,
1435 915 1523 985 ubi
1559 915 1713 971 cubes
1741 915 1797 969 in

206 1009 425 1064 meridie
449 1008 621 1080 (Cant.
649 1025 699 1080 ι,
730 1008 810 1082 6).
834 1010 1080 1066 Pascitur
1120 1010 1317 1081 quippe
1346 1009 1635 1076 Dominus,
1673 1022 1798 1063 cum

206 1105 367 1162 bonis
395 1104 599 1161 nostris
624 1104 833 1159 actibus
854 1104 1173 1158 delectatur.
1208 1102 1377 1159 Cubat
1406 1116 1536 1157 vero
1562 1101 1615 1157 in
1644 1103 1801 1162 meri-

204 1197 319 1268 die,
350 1212 475 1252 cutn
501 1212 567 1253 ex
594 1195 874 1252 desideriis
909 1194 1216 1252 carnalibus
1258 1193 1467 1251 ardenti
1509 1193 1673 1251 corde
1717 1210 1800 1251 re-

202 1289 502 1362 prohorum
549 1288 689 1360 apud
731 1288 894 1360 993
956 1288 1253 1343 electorum
1309 1302 1529 1343 suorum
1580 1296 1798 1358 pectora

200 1382 546 1453 refrigerium
588 1380 794 1436 invenit
831 1380 1174 1452 cogitationis
1219 1380 1395 1437 bonae.
1447 1382 1598 1436 Mons
1651 1381 1796 1437 enim

200 1475 431 1547 quidam
479 1473 759 1530 Matthteus
807 1472 1018 1541 fuerat,
1049 1473 1265 1545 quando
1307 1475 1360 1529 in
1411 1473 1593 1529 telonii
1635 1473 1801 1531 lucris

199 1567 484 1633 tumebat;
516 1566 583 1631 de
609 1581 717 1637 quo
741 1575 796 1622 et
823 1566 1083 1635 scriptum
1109 1580 1193 1622 eSt
1214 1568 1334 1637 quia
1360 1576 1643 1638 postquam
1672 1582 1790 1623 cre-

199 1658 378 1725 didit,
408 1658 636 1714 invitato
662 1658 717 1713 in
745 1659 963 1714 domum
1003 1674 1156 1715 suam
1189 1659 1453 1726 Domino,
1487 1661 1795 1718 convivium

202 1766 456 1823 magnum
504 1751 633 1808 fecit
664 1751 817 1823 (Luc.
848 1769 900 1821 v,
931 1752 1048 1825 29).
1092 1752 1245 1809 Mons
1292 1753 1474 1825 itaque
1525 1755 1627 1810 iste
1673 1754 1798 1812 huic

206 1858 413 1916 onagro
439 1852 465 1881 ι
495 1842 721 1898 virentis
748 1859 958 1915 pascuae
987 1846 1181 1901 herbas
1210 1847 1448 1915 pretulit,
1472 1848 1594 1918 quia
1626 1857 1679 1905 et
1706 1848 1792 1906 fo-

1902 633 2108 690 doctori
2155 634 2380 691 verbum
2435 650 2536 705 pro
2583 634 2751 706 gratia
2774 635 3056 707 ,trihuitur
3102 636 3386 703 auditoris,
3431 644 3489 694 et

1901 742 2046 798 sirpe
2094 729 2608 800 propter.auditoris
2654 730 2864 800 culpam
2922 729 3257 786 subtrahitur
3306 728 3488 790 Sermo

1902 822 2129 880 doctori.
2158 820 2217 881 In
2246 823 2330 879 his
2358 838 2489 896 ergo
2530 840 2651 897 qua:
2696 825 2924 882 ubertim
2974 819 3227 895 praedicat
3271 826 3484 896 doctor,

1905 900 2309 973 nulla'elatione
2335 932 2395 973 se
2424 916 2635 985 efferat,
2683 933 2751 974 ne
2792 918 3022 975 fortasse
3061 917 3226 991 995
3252 932 3356 974 non
3388 934 3487 988 pro

1902 1025 2020 1075 sua,
2056 1010 2156 1067 sed
2188 1024 2285 1082 pro
2312 1010 2571 1067 auditoris
2616 1012 2785 1082 gratia
2814 1010 2932 1081 ejus
2960 1012 3232 1081 repleatur
3260 1012 3437 1084 lingua
3468 1030 3483 1078 ;

1902 1100 2033 1156 etin
2083 1100 2167 1157 his
2208 1116 2329 1172 quae
2372 1100 2565 1157 doctor
2608 1100 2869 1156 steriliter
2921 1102 3074 1169 dicit,
3127 1104 3337 1157 auditor
3380 1119 3486 1158 non

1901 1200 2234 1257 succenseat,
2265 1206 2333 1247 ne
2365 1191 2589 1247 fortasse
2616 1192 2851 1247 doctoris
2880 1192 3056 1262 lingua
3100 1208 3205 1247 non
3237 1208 3337 1263 pro
3366 1208 3486 1264 sua,

1903 1283 1996 1340 sed
2028 1298 2126 1355 pro
2149 1283 2413 1341 auditoris
2432 1285 2810 1356 reprobatione
2832 1292 3123 1357 torpescat.
3159 1284 3175 1323 ί
3209 1286 3313 1342 Pro
3338 1287 3489 1343 audi-

1905 1378 2035 1432 toris
2059 1392 2290 1448 namque
2312 1377 2479 1448 gratia
2510 1377 2658 1445 boni,
2699 1378 2855 1434 datur
2891 1380 3052 1434 etiam
3099 1378 3254 1434 malis
3300 1394 3484 1437 sermo

1902 1470 2249 1539 doctoribus,
2304 1472 2462 1529 sicut
2518 1482 2811 1543 potuerunt
2868 1472 3157 1529 Pbariszcis
3207 1484 3490 1544 suppetere

1904 1562 2065 1619 verba
2093 1562 2512 1633 praedicationis,
2541 1548 2619 1620 'de
2646 1565 2838 1633 quibus
2868 1565 3123 1635 scriptum
3150 1577 3273 1622 est:
3302 1567 3490 1622 Omnia

1904 1670 2023 1726 ergo
2064 1671 2380 1726 quiscunque
2421 1657 2650 1712 dixerint
2687 1657 2848 1723 vobis,
2882 1666 3075 1712 servate
3102 1667 3149 1713 et
3175 1659 3364 1729 facile;
3404 1677 3489 1714 se-

1904 1749 2126 1803 cundum
2156 1764 2275 1803 vero
2302 1765 2459 1819 opera
2488 1765 2667 1804 eorum
2692 1751 2850 1804 nolite
2878 1752 3049 1821 facere
3079 1751 3290 1822 (Matth.
3332 1769 3489 1821 χχιιι,

1904 1840 1993 1912 ὅ).
2041 1841 2628 1911 Ρτορῑειεέιιιᾱίιοτιιιη
2676 1858 2807 1898 vero
2852 1845 3289 1912 reprobationem
3338 1847 3491 1901 bonis

211 1935 291 1991 ris
335 1950 451 1989 eum
500 1935 786 2004 convivio,
833 1945 889 1993 et
934 1937 1080 1993 intus
1124 1938 1299 2010 epulis
1328 1940 1585 1995 virtutum
1635 1941 1794 2009 pavit.
1826 1930 1877 1993 Β
1904 1932 2061 1987 etiam
2102 1932 2412 1990 doctoribus
2459 1948 2641 1991 sermo
2681 1935 3033 2005 subtrahitur,
3086 1937 3226 1992 sient
3263 1938 3329 1992 ad
3360 1939 3492 1993 Eze-

209 2025 358 2097 Quod
386 2025 564 2083 adhuc
592 2024 905 2099 plenissime,
927 2044 990 2085 ex
1000 2030 1195 2105 pietur,
1222 2045 1345 2087 cum
1370 2031 1651 2088 subditur:

262 2196 265 2197 ί
364 2162 365 2165 γ
752 2118 979 2177 CAPUT
1026 2120 1242 2182 xxvn.

273 2213 408 2270 lam.
435 2243 508 2257 -
528 2213 555 2253 ι’
586 2213 820 2270 Virentia
839 2230 1048 2287 quisque
1066 2216 1356 2288 perquirit.

270 2308 367 2365 80.
409 2310 623 2365 Arentia
653 2310 812 2363 corda
844 2309 1079 2365 Christus
1121 2309 1339 2376 deserit;
1370 2310 1475 2380 fide
1515 2327 1579 2365 ac
1611 2326 1700 2379 spe
1716 2311 1794 2364 αυξτ

197 2404 372 2457 rentia
400 2404 731 2474 requirits—
761 2402 978 2458 Arentia
1021 2402 1163 2457 enim
1212 2403 1435 2467 deserit,
1480 2412 1535 2461 et
1570 2402 1797 2459 virentia

197 2512 432 2568 quaque
474 2497 760 2569 perquirit.
790 2506 814 2536 ο
847 2497 1069 2553 Arentia
1098 2511 1329 2567 namque
1358 2498 1520 2551 corda
1550 2505 1676 2552 sunt
1701 2496 1799 2551 ho-

199 2593 437 2658 minum,
479 2606 598 2662 quae
630 2589 684 2646 in
716 2590 875 2661 hujus
904 2586 1090 2646 s‘aeculi
1130 2590 1226 2661 spe
1264 2590 1499 2660 peritura
1536 2588 1796 2658 plantata,

196 2685 525 2743 aeternitatis
548 2684 795 2741 ﬁduciam
822 2678 1228 2741 nonhabent.“1
1256 2684 1443 2739 Virent
1471 2692 1651 2739 autem
1677 2697 1799 2753 qua

200 2779 279 2834 illi
332 2777 635 2833 haereditati
680 2776 972 2843 inhaerent,
1015 2776 1085 2833 de
1135 2792 1239 2847 qua
1289 2776 1485 2833 Petrus
1530 2777 1800 2849 apostolus

201 2870 380 2926 dicit:
416 2868 484 2924 In
523 2869 871 2925 hereditatem
911 2868 1371 2939 incorruptibilem,
1411 2879 1456 2923 et
1491 2870 1802 2923 incontami-

203 2975 403 3031 natam,
438 2972 487 3017 et
516 2960 985 3017 immarcescibilem
1010 2959 1065 3033 (ι
1093 2960 1214 3017 Pet.
1247 2978 1286 3029 ι,
1318 2961 1396 3031 4).
1448 2960 1621 3017 Tanto
1652 2962 1798 3015 enim

205 3055 384 3109 verius
433 3053 635 3123 quique
684 3052 922 3107 virentes
966 3060 1112 3118 sunt,
1155 3050 1355 3123 q'uanto
1386 3052 1439 3105 in
1468 3040 1802 3105 haereditatis

212 3157 235 3185 ο
264 3145 735 3202 immarcescibilis
783 3154 929 3201 sorte
970 3144 1307 3214 cogitationis
1346 3143 1578 3199 radicem
1612 3145 1797 3216 ﬁgunt.

201 3239 466 3310 Quisquis
514 3240 699 3309 itaque
746 3238 1073 3294 intrinsecus
1120 3251 1275 3293 arere
1324 3235 1594 3302 formidat,
1644 3250 1800 3292 aren-

1902 2023 2127 2081 chielem
2156 2035 2343 2081 contra
2373 2026 2538 2082 Israel
2566 2025 2760 2082 dicitur
2787 2042 2802 2079 :
2834 2025 3091 2098 Linguam
3136 2035 3279 2080 tuam
3318 2030 3494 2083 adhae-

1898 2134 2015 2174 rere
2056 2121 2249 2189 faciam
2275 2119 2465 2193 {palato
2502 2127 2609 2187 tuo,
2654 2126 2702 2173 et
2748 2119 2849 2173 eris
2885 2126 3080 2187 mulus,
3120 2135 3213 2173 nec
3242 2120 3390 2189 quasi
3414 2122 3492 2175 vir

1900 2216 2205 2285 obiurgans,
2227 2213 2354 2283 quia
2374 2213 2559 2267 domus
2587 2206 2898 2282 exasperatis
2924 2222 3000 2267 est
3028 2211 3244 2282 (Ezech.
3268 2230 3350 2279 ιιι,
3371 2214 3490 2284 26).

1973 2306 2063 2362 85.
2104 2305 2403 2376 Aliquando
2430 2321 2526 2375 pro
2550 2306 2775 2361 doctoris
2806 2315 2855 2360 et
2884 2306 3181 2360 auditorum
3208 2308 3388 2363 merito
3414 2307 3495 2364 vel

1902 2400 2076 2471 culpa,
2105 2399 2259 2454 datur
2283 2411 2372 2454 aut
2400 2410 2647 2473 negatur.
2685 2398 2763 2454 De
2780 2408 2987 2470 accepto
3016 2416 3162 2454 nemo
3191 2400 3493 2459 extollatur.

1904 2491 2064 2563 Spem
2107 2495 2378 2548 comitetur
2422 2493 2597 2547 timor.
2636 2521 2700 2538 —-
2728 2492 3029 2563 Aliquando
3086 2502 3264 2551 autem
3311 2509 3495 2553 sermo

1903 2584 2299 2656 praedicationis
2351 2595 2572 2657 propter
2627 2594 2883 2657 utrosque
2946 2585 3133 2655 datur,
3206 2587 3495 2659 aliquando

1902 2687 2124 2749 propter
2190 2689 2448 2750 utrosque
2520 2679 2882 2745 subtrahitur.
2952 2678 3177 2751 Propter
3233 2691 3494 2753 utrosque

1905 2771 2047 2825 enim
2074 2771 2251 2837 datur,
2295 2772 2434 2827 sicut
2456 2771 2637 2827 divina
2669 2786 2800 2827 voce
2826 2771 2991 2828 Paulo
3021 2772 3161 2843 apud
3187 2770 3495 2830 Corinthios

1904 2860 2133 2916 dicitur:
2169 2861 2301 2917 Noli
2330 2863 2527 2929 timere,
2579 2863 2668 2916 sed
2711 2863 2921 2933 loquere
2964 2862 3101 2936 (Act.
3145 2878 3297 2931 xvm,
3326 2862 3403 2936 9).
3432 2865 3497 2921 Et

1904 2955 2064 3027 paulo
2102 2964 2224 3023 post
2260 2971 2275 3009 :
2340 2956 2478 3023 Quia
2515 2955 2733 3026 populus
2782 2956 2975 3013 multus
3010 2964 3085 3010 est
3131 2956 3258 3011 mihi
3301 2957 3354 3011 in
3401 2957 3498 3013 hac

1905 3049 2110 3103 civitate
2134 3046 2300 3114 (Ibid.
2328 3047 2440 3118 10).
2465 3048 2690 3118 Propter
2711 3058 2969 3119 utrosque
2990 3064 3120 3106 vero
3140 3050 3495 3119 subtrahitur,

1906 3143 2048 3199 sicut
2076 3142 2194 3199 Heli
2221 3144 2482 3201 sacerdos
2522 3153 2577 3201 et
2621 3159 2840 3215 pravam
2870 3144 3103 3201 ﬁliorum
3132 3147 3383 3218 cognovit
3408 3162 3499 3202 ac-

1907 3239 2133 3305 tionem,
2160 3247 2215 3293 et
2238 3238 2451 3310 dignam
2478 3240 2859 3310 increpationis
2886 3254 2992 3295 non
3013 3240 3255 3297 exercuit
3275 3256 3496 3308 vocem;

200 3333 270 3387 tia
316 3331 665 3387 extrinsecus
707 3329 893 3385 mundi
934 3328 1095 3401 hujus
1121 3327 1386 3385 desideria
1417 3328 1602 3399 fugiat.
1642 3327 1799 3397 Quis-
1827 3320 1874 3385 C
1903 3322 2048 3385 cum‘
2074 3330 2313 3400 proiecto
2357 3331 2593 3387 futurum
2635 3340 2781 3388 esset
2820 3340 2878 3387 ut
2911 3333 2964 3387 in
2996 3333 3185 3388 mortis
3231 3335 3497 3405 supplicio

202 3428 321 3497 quis
371 3441 402 3479 a
459 3423 688 3480 Domino
737 3424 977 3495 perquiri
1025 3422 1345 3489 desiderat,
1392 3432 1647 3478 aeternam
1706 3434 1801 3489 pa-

198 3521 366 3575 triam
405 3526 688 3590 appetens,
729 3515 784 3573 in
828 3500 1260 3579 interna/cordis
1304 3516 1633 3586 plantatione
1660 3514 1803 3571 viri-

202 3613 419 3669 descat.
476 3652 479 3657 -

284 3702 350 3756 8i
364 3743 382 3758 .
403 3702 463 3759 S.
484 3701 719 3775 Gregorii
738 3702 987 3758 modestia
1014 3710 1061 3758 et
1082 3701 1369 3757 humilitas.
1386 3730 1457 3742 —
1480 3699 1605 3755 Hinc
1620 3708 1800 3754 autem

210 3800 287 3856 de
305 3814 499 3870 onagro
519 3798 766 3871 exposita
794 3799 892 3854 sub
917 3798 1116 3868 duplici
1147 3796 1423 3853 intellectu
1454 3794 1473 3834 ί
1510 3794 1801 3850 sufﬁciant.

211 3892 455 3949 Lectoris
498 3906 628 3947 vero
664 3889 869 3961 judicio
909 3888 1321 3960 relinquendum
1359 3896 1441 3943 est
1473 3887 1600 3958 quid
1633 3886 1804 3956 magis

213 3983 433 4040 duxerit
485 3982 816 4054 eligendum.
857 3980 924 4037 Et
958 3981 1005 4036 si
1036 3981 1317 4051 utriusque
1344 3978 1696 4049 expositionis
1724 3978 1805 4032 in-

201 4074 561 4146 telligentiam
587 4072 819 4129 fortasse
847 4071 1183 4142 despexerit,
1231 4071 1606 4141 libenter‘ipse
1632 4070 1803 4125 lecto-

200 4182 335 4234 rem
380 4181 561 4222 meum
615 4166 866 4222 subtilius
913 4167 1204 4237 veriusque
1250 4165 1607 4233 sentientem,
1658 4165 1807 4221 velut

200 4254 529 4330 magistrum
573 4259 863 4330 discipulus
915 4268 940 4306 ε
973 4272 1189 4329 sequar,
1232 4257 1369 4328 quia‘
1407 4257 1540 4314 mihi
1587 4242 1806 4329 proprie

203 4353 475 4409 donatum
504 4352 687 4420 credo,
720 4350 977 4422 quidquid
1027 4344 1175 4406 illum
1228 4365 1314 4406 me
1358 4350 1553 4407 melius
1603 4350 1806 4406 sentire

204 4460 504 4517 cognosco.
549 4445 695 4520 [Vet.
726 4443 990 4519 χχχι]
1016 4443 1217 4500 Omnes
1245 4444 1387 4500 enim
1414 4445 1504 4515 qui
1533 4443 1637 4499 ﬁde
1660 4442 1805 4513 pleni

205 4537 280 4596 de
324 4536 442 4594 Deo
477 4537 680 4608 aliquid
720 4552 917 4592 sonare
947 4537 1186 4603 nitimur,
1223 4551 1423 4607 organa
1451 4537 1804 4595 veritatissu-

206 4646 373 4695 mus;
405 4641 461 4686 et
480 4632 535 4685 in
557 4629 798 4701 ejusdem
824 4630 1063 4686 veritatis
1092 4635 1356 4700 potestate
1371 4634 1475 4695 est,
1501 4635 1683 4682 utrum
1710 4641 1806 4697 per

1910 3432 1966 3480 et
1996 3423 2131 3480 istos
2164 3433 2345 3481 reatus
2374 3426 2673 3496 ﬂagitiiret
2703 3427 2849 3481 illum
2893 3427 3093 3483 silentii
3122 3442 3278 3498 poena
3308 3428 3501 3482 multa-

1904 3515 2063 3589 ret(I
2083 3518 2215 3589 Reg.
2244 3533 2321 3584 ut,
2355 3519 2442 3585 i2,
2471 3517 2626 3591 seq.).
2653 3520 2797 3576 inter
2819 3521 2936 3577 hmo
2958 3521 3119 3593 igitur
3148 3537 3267 3577 cum
3293 3522 3376 3576 vel
3404 3536 3503 3592 pro

1904 3624 2012 3680 quo
2063 3623 2243 3665 sermo
2285 3609 2460 3678 detur,
2509 3612 2595 3666 vel
2644 3623 2861 3682 propter
2907 3628 3067 3683 quem
3114 3604 3493 3683 subtrahatur,

1906 3703 2238 3773 ignoramus,
2271 3716 2434 3757 unum
2477 3710 2563 3757 est
2591 3703 2806 3759 salubre
2833 3703 3157 3772 remedium,
3188 3718 3287 3759 nec
3313 3703 3382 3759 de
3412 3703 3497 3762 his

1911 3796 1925 3845 ι
1959 3809 2077 3864 quae
2104 3794 2226 3849 aliis
2262 3798 2432 3866 magis
2456 3796 2783 3866 accepimus,
2817 3798 3179 3868 nosmetipsos
3209 3796 3495 3868 extollere,

1908 3902 2006 3942 nec
2035 3886 2104 3943 de
2144 3901 2211 3943 eo
2250 3887 2478 3943 alterum
2519 3890 2659 3959 quod
2702 3890 2883 3945 minus
2928 3890 3196 3960 acceperit
3227 3889 3493 3957 irridere;
3558 3890 3561 3899 '

1906 3980 2002 4037 sed
2031 3982 2140 4037 lixo
2178 3982 2500 4037 humilitatis
2532 3982 2685 4052 pede,
2720 3974 2959 4053 graviter
2989 3984 3044 4039 et
3070 3991 3381 4039 constanter
3412 3983 3495 4038 in-

1907 4074 2127 4143 cedere,
2171 4078 2292 4146 quia
2317 4075 2371 4132 in
2405 4074 2506 4131 hac
2533 4076 2642 4130 vita
2667 4087 2817 4131 tanto
2842 4076 3088 4132 veracius
3115 4077 3257 4132 docti
3288 4091 3493 4146 sumus,

1906 4176 2109 4241 quanto
2155 4168 2456 4225 doctrinam
2504 4169 2659 4225 nobis
2696 4184 2725 4224 a
2772 4169 3171 4240 nobismetipsis
3210 4181 3497 4239 suppetere

1908 4278 2016 4319 non
2065 4278 2225 4334 posse
2277 4265 2671 4335 cognoscimus.
2710 4263 2820 4319 Cur
2856 4278 2985 4336 ergo
3025 4263 3250 4333 quilibet
3277 4264 3343 4317 de
3370 4263 3499 4317 doc-

1909 4357 2047 4412 trina
2098 4357 2391 4427 superbiat,
2438 4357 2533 4427 qui
2577 4356 2801 4411 occulto.
2810 4356 3013 4425 judicio
3040 4355 3123 4411 vel
3166 4355 3250 4411 cui
3283 4354 3497 4424 quando

1910 4449 2087 4513 detur,
2126 4450 2208 4505 vel
2230 4449 2449 4520 quando
2472 4449 2557 4504 cui
2588 4449 2937 4503 subtrahatur
2964 4447 3213 4518 ignorat?
3241 4447 3499 4513 Quamvis

1910 4545 2052 4599 enim
2084 4544 2361 4600 securitati
2394 4543 2555 4598 timor
2580 4532 2797 4611 semper
2822 4543 2981 4611 longe
3010 4539 3255 4597 videatur
3279 4540 3494 4607 abesse,

1913 4636 2066 4691 nobis
2094 4646 2270 4691 tamen
2300 4635 2431 4691 nihil
2460 4635 2810 4705 est‘securius
2839 4650 2999 4704 quam
3033 4637 3134 4688 sub
3160 4630 3259 4704 ‘spe
3280 4647 3498 4704 semper

208 4738 305 4780 me
330 4730 490 4778 sonet
515 4721 692 4787 alteri,
724 4736 791 4777 an
818 4736 916 4791 per
940 4721 1168 4777 alterum
1197 4719 1352 4775 mihi-
1384 4718 1502 4788 Ipsa
1532 4720 1730 4789 quippe
1751 4720 1805 4775 in
1834 4700 1888 4789 ί)
1918 4730 2130 4793 timere,
2162 4744 2230 4783 ne
2263 4729 2473 4783 incauta
2501 4700 2654 4783 mens
2676 4736 2766 4781 aut
2791 4700 3126 4796 desperando
3147 4700 3208 4781 se
3229 4724 3255 4761 κ
3280 4726 3331 4781 in
3354 4700 3502 4781 vitiis

207 4814 399 4872 medio
434 4815 625 4879 nostri,
654 4814 818 4870 etiam
866 4829 973 4869 non
1018 4827 1172 4884 aeque
1213 4811 1513 4867 vivetibus
1556 4811 1807 4867 omnibus

206 4905 240 4946 ιι
264 4922 420 4978 aequa
450 4915 557 4973 est,
580 4915 636 4962 et
656 4920 801 4977 sape
823 4906 983 4961 alium
1008 4904 1197 4977 tangit,
1218 4912 1278 4960 ut
1304 4906 1439 4960 bene
1463 4904 1646 4961 audiat
1665 4904 1806 4975 quod

208 5016 312 5071 per
342 5000 506 5055 alium
548 4999 663 5070 ipsa
691 4994 976 5066 sonuerit';
1006 5013 1152 5069 saepe
1181 5012 1309 5055 vero
1335 4998 1499 5054 alium
1532 4997 1721 5069 tangit,
1752 5008 1810 5054 ut

210 5094 359 5150 bene
386 5091 530 5163 quod
553 5092 622 5147 ab
650 5092 773 5146 aliis
798 5092 1045 5146 audiatur
1070 5098 1246 5147 sonet.

285 5185 381 5246 82.
413 5184 566 5255 Stepe
592 5184 793 5240 doctori
818 5183 1131 5256 verbumfaut
1153 5192 1359 5256 propter
1378 5175 1629 5239 auditoris
1657 5182 1812 5237 meri-

210 5354 325 5401 vet.
359 5343 502 5400 Edit.
531 5344 587 5399 In
616 5351 821 5401 recent.
848 5357 970 5399 cum
992 5343 1155 5401 Corb.
1180 5342 1387 5410 Germ.,
1411 5340 1573 5414 Atque
1598 5344 1737 5400 inde.

286 5428 315 5454 ο
352 5416 520 5470 Laud.
553 5426 607 5471 et
627 5416 747 5470 Val.
778 5415 886 5484 CL,
916 5418 1153 5471 virentes.
1288 5452 1293 5461 ε

283 5486 318 5528 δ
354 5487 552 5543 Pralel.
582 5502 644 5543 ac
673 5485 922 5553 Vindoc.,
948 5487 1016 5542 Et
1043 5488 1279 5542 uirentia.

202 5600 213 5611 .
291 5569 319 5596 ε
355 5560 521 5613 Laud.
545 5567 600 5614 et
632 5558 748 5612 Val.
772 5558 879 5620 CL,
911 5568 1076 5614 arent.
1099 5599 1113 5614 .
1137 5596 1152 5612 .
1171 5598 1187 5615 .
1218 5557 1417 5615 corde..

288 5627 319 5668 ἀ
355 5630 570 5686 Ebroic.
616 5631 814 5700 aliique
852 5629 1313 5699 Nortn.,~\lindoc.
1341 5638 1398 5687 et
1423 5627 1813 5700 Corb.Germ.,

124 5690 132 5699 ’
206 5704 441 5760 virentia
468 5713 656 5757 autem.
710 5732 713 5737 »

293 5784 321 5843 9
354 5774 466 5841 AL,
496 5774 924 5843 incorruptibilis.

299 5842 321 5883 ί
359 5844 477 5902 νει.
502 5847 588 5902 Cl.
617 5842 910 5905 proficiant.

1916 4821 2152 4891 dejiciat,
2183 4830 2275 4877 aut
2303 4820 2609 4876 extollendo
2640 4823 2707 4875 de
2742 4819 2900 4874 donis
2930 4828 3072 4875 ruat.
3104 4823 3241 4875 Ante
3270 4819 3498 4875 districti

1918 4915 2059 4971 enim
2093 4931 2156 4971 ac
2187 4915 2259 4986 pii
2290 4914 2485 4986 judicis
2524 4914 2710 4971 oculos
2738 4922 2940 4985 quanto
2970 4915 3040 4969 de
3068 4928 3127 4968 se
3154 4914 3253 4970 sub
3282 4929 3377 4984 spe
3403 4914 3503 4969 ltu-

1918 5008 2097 5066 milius
2127 5008 2379 5079 trepidat,
2408 5018 2553 5065 tanto
2581 5007 2633 5065 in
2665 5004 2756 5065 illo
2785 5006 3058 5065 robustius
3084 5016 3210 5064 stat.

1991 5357 2017 5396 κ
2047 5348 2209 5405 Corb.
2236 5344 2445 5411 Germ.,
2479 5347 2647 5404 Laud.
2680 5352 2736 5402 et
2764 5343 2886 5400 Val.
2920 5340 3025 5411 CL,
3052 5357 3257 5413 sequor.

1990 5417 2017 5456 δ
2047 5420 2242 5476 Pratel.
2275 5429 2332 5475 et
2355 5419 2473 5473 Val.
2496 5420 2603 5485 CL,
2626 5433 2769 5489 mque
2796 5428 2891 5489 est.

1996 5492 2014 5530 ι
2058 5493 2147 5548 Sic
2189 5490 2439 5554 Vindoc.,
2480 5483 2694 5545 Ebrniel
2728 5496 2783 5542 et
2825 5488 2900 5543 al.
2950 5484 3158 5551 Norm.,
3208 5483 3499 5552 cmterique

1866 5601 1879 5611 ι
1916 5566 2115 5635 passim
2135 5564 2263 5635 Mss.
2296 5562 2419 5616 licet
2443 5560 2494 5615 in
2521 5560 2690 5635 Editis
2712 5568 2765 5613 et
2795 5558 2846 5635 in
2872 5557 3031 5613 Corh.
3058 5554 3241 5614 Germ.
3274 5556 3503 5628 legatur,

1915 5632 2010 5704 pro
2038 5634 2289 5690 auditoris
2311 5646 2525 5704 namque
2548 5632 2738 5702 gratia,
2771 5632 2924 5684 datur
2944 5637 3128 5684 bonus.

1994 5712 2008 5760 i
2051 5707 2271 5767 Pratcl.,
2302 5719 2415 5774 qua:
2440 5703 2570 5757 illis.

1991 5779 2017 5818 ιι
2050 5778 2270 5834 Viudoc.
2303 5772 2359 5832 et
2382 5776 2587 5842 Norm.,
2609 5774 2666 5829 in
2694 5772 2845 5828 vilia.
