3976 6348
2014 339 3679 374 *ἡ

1302 439 1652 525 LIBER
1728 434 2472 533 TBIGESIMUS
2554 430 3038 515 PRIMUS.

522 562 918 643 Explicatur
946 580 1159 625 versus
1185 579 1393 643 nonus
1424 580 1559 619 cum
1590 550 1851 643 re’liquis
1885 554 2111 630 capitis
2140 567 2380 643 suis,
2415 547 2657 607 omissis
2683 557 2923 636 tantum
2950 545 3150 643 tribus
3176 544 3435 633 ultimis;
3463 559 3511 611 ct
3534 552 3709 643 diuino

479 624 537 655 ’θ
589 624 871 724 gratior,
938 644 1004 702 in
1067 640 1395 720 l’:‘vnngelii
1452 624 1893 718 prwdica'timc
1943 624 2459 713 peccatorumque
2525 627 2951 698 conversione,
2999 624 3268 703 efﬁcacia
3291 632 3709 703 prwscrtimde-

598 731 1009 785 monstratur.

1042 821 1270 877 CAPUT
1323 820 1606 877 ρῃιδιωί,
2136 816 2189 874 Α
2218 804 2385 860 elatio
2404 802 2753 874 designatur?
2777 801 2908 856 Nam
2929 802 3052 871 quia
3075 801 3128 855 in
3157 817 3282 871 nare
3302 801 3497 861 latuitas
3518 810 3631 863 solet
3652 815 3721 867 in-

2210 901 2403 969 telligi,
2428 898 2718 956 Salomone
2747 905 3033 952 attestante
3058 896 3352 962 didicimus,
3377 899 3458 968 qui
3482 902 3718 961 aitztlircu-

2209 994 2287 1047 lus
2329 1008 2516 1045 aureus
2541 992 2594 1044 in
2625 990 2834 1043 naribus
2887 989 3017 1055 suis,
3070 988 3255 1047 mulier:
3304 991 3505 1059 pulchra
3540 1006 3579 1048 et
3616 999 3725 1065 fatua

2211 1083 2396 1157 (Prov.
2430 1100 2506 1150 χι,
2529 1082 2645 1154 2‘2).
2680 1081 3000 1138 Haeretiearn
3036 1098 3266 1152 namque
3292 1081 3566 1140 doctrinam
3594 1091 3725 1146 nitore

2210 1179 2345 1231 vidit
2372 1178 2569 1246 eloquii
2604 1178 2987 1246 resplendere,
3020 1192 3119 1231 llt‘c
3157 1189 3327 1231 tamen
3358 1180 3607 1248 sapientia:
3634 1195 3727 1252 apto

2215 1271 2487 1326 intellectu
2532 1284 2851 1339 congruere,
2883 1281 2934 1323 et
2969 1270 3081 1324 ait:
3116 1269 3347 1324 Circulos
3383 1286 3551 1324 aureus
3586 1275 3629 1325 in
3663 1292 3729 1327 na-

2211 1364 2353 1417 ribus
2377 1361 2510 1423 suis,
2562 1360 2611 1413 id
2640 1368 2721 1413 est
2751 1359 2972 1428 pulchra
3005 1358 3031 1395 ἀ
3067 1368 3122 1413 et
3151 1359 3475 1413 circurnllexa
3506 1360 3673 1416 locutio
3692 1365 3729 1420 in

2218 1454 2466 1509 sensibus
2501 1454 2697 1505 mentis
2730 1452 2928 1517 stultzn,
2983 1451 3067 1503 cui
3098 1465 3172 1519 ex
3211 1450 3415 1519 eloquio
3452 1466 3615 1504 aurum
3640 1469 3733 1520 pen.

2215 1547 2333 1613 det,
2366 1556 2391 1583 ο
2423 1545 2515 1607 sed
2563 1553 2739 1599 tamen
2789 1560 2852 1597 ex
2908 1552 3135 1598 terrenae
3182 1543 3482 1598 intentionis
3522 1544 3731 1613 pondere,

2218 1651 2372 1691 more
2402 1636 2536 1700 suis,
2583 1634 2650 1688 ad
2699 1634 2972 1704 superiora
3005 1650 3110 1688 non
3139 1634 3372 1704 respicit.
3405 1633 3543 1701 Quod
3571 1645 3737 1690 secutus

2217 1730 2507 1798 exposuit;
2532 1729 2757 1781 dicens:
2794 1726 2985 1781 Mulier
3021 1726 3239 1798 pulchra
3283 1737 3327 1779 et
3374 1729 3539 1797 fatua;
3580 1727 3621 1781 id
3662 1738 3736 1793 est,

2220 1822 2459 1876 doctrina
2510 1821 2759 1874 hui-retica
2791 1838 2801 1871 :
2838 1819 3057 1887 pulchra
3110 1834 3208 1888 per
3240 1819 3477 1881 verbum,
3516 1817 3635 1891 fatua
3673 1834 3739 1890 per

2222 1915 2575 1969 intellectum.
2613 1912 2666 1966 In
2710 1928 2878 1966 cornu
2913 1927 3062 1978 vero,
3101 1909 3271 1981 lquia
3312 1911 3464 1964 elatio
3495 1910 3740 1980 frequenter

2225 2008 2512 2076 accipitur,
2545 2006 2710 2077 996
2739 2005 3004 2073 Proliheta
3048 2012 3336 2058 attestante
3374 2003 3644 2070 didicimus,
3676 2003 3737 2073 qui

2222 2098 2297 2151 ait
2329 2117 2340 2151 ε
2375 2097 2495 2151 Dixi
2538 2099 2748 2167 iniquis,
2792 2098 2952 2150 nolite
2986 2097 3160 2167 inique
3187 2112 3351 2168 agere,
3393 2106 3437 2150 et
3471 2096 3739 2166 delinquenti-

2144 2207 2195 2266 Β
2222 2192 2336 2255 bus,
2368 2190 2524 2243 nolite
2550 2191 2779 2243 exaltare
2808 2205 2968 2242 cornu
2993 2187 3169 2259 (Psal.
3197 2204 3374 2253 uxrv,
3402 2186 3475 2258 5).
3505 2188 3623 2254 Quid
3648 2204 3741 2256 ergo

2224 2287 2275 2338 in
2318 2284 2657 2337 rhinocerote
2689 2281 2789 2335 hoc
2825 2282 2924 2335 nisi
2956 2288 3202 2350 potentes
3250 2280 3402 2349 hujus
3443 2279 3602 2333 szeculi
3636 2279 3740 2332 desi-

2226 2382 2481 2445 gnantur,
2533 2371 2615 2426 vel
2664 2366 2793 2440 ipsa:
2826 2371 2878 2424 in
2920 2387 2986 2426 eo
3023 2385 3252 2425 summa:
3296 2371 3645 2439 principatuum
3677 2383 3741 2436 po-

2223 2449 2443 2520 t‘éstates
2471 2507 2485 2530 ,
2536 2468 2626 2534 qui
2674 2464 2838 2534 typho
2878 2461 3036 2518 fatute
3096 2463 3405 2533 iactationis
3459 2462 3603 2526 elati,
3650 2461 3739 2513 dum

2229 2558 2377 2612 falsis
2410 2558 2650 2611 exterius
2674 2558 2927 2611 inﬂantur
2961 2557 3287 2620 honmibus,
3326 2556 3461 2627 veris
3481 2552 3670 2607 miseriis
3689 2553 3743 2605 in-

2229 2660 2313 2702 tus
2344 2648 2705 2702 inanescunt?
2736 2648 2939 2714 Quibus
2972 2648 3107 2701 bene
3137 2646 3340 2701 dicitur
3367 2663 3379 2698 :
3410 2655 3437 2692 κ
3465 2644 3587 2712 Quid
3616 2659 3744 2712 supcr-

2224 2739 2324 2808 bis,
2371 2749 2508 2793 terra
2548 2750 2593 2792 ct
2633 2740 2762 2793 cinis
2793 2739 2984 2810 (Eccli.
3036 2756 3091 2807 ι,
3133 2739 3238 2810 9)?
3270 2740 3322 2793 lu
3351 2739 3475 2808 ipsis
3500 2750 3607 2792 vero
3626 2734 3740 2790 initiis

2228 2832 2501 2887 nascentis
2545 2830 2834 2898 Ecclesiae,
2883 2832 3010 2886 dum
3058 2842 3255 2887 contra
3300 2832 3443 2885 illam
3488 2828 3660 2883 divitum
3694 2839 3736 2879 se

2226 2931 2469 2994 potestas
2501 2924 2805 2989 extolleret,
2838 2932 2999 2990 atque
3021 2923 3073 2977 in
3103 2924 3231 2993 ejus
3261 2937 3445 2978 necem
3467 2917 3743 2976 immensitate

2228 3024 2392 3070 tanta:
2449 3016 2782 3070 crudelitatis
2838 3015 3135 3079 anhelaret,
3198 3016 3321 3070 dum
3382 3024 3456 3069 tot
3500 3010 3750 3068 cruciatibus

2228 3108 2410 3173 anxia,
2447 3116 2524 3162 tot
2569 3107 3036 3177 persecutionibus
3064 3122 3256 3178 pressa
3288 3108 3646 3163 succumberet,
3668 3101 3753 3171 quis

2229 3209 2356 3254 tunc
2398 3199 2627 3254 credere
2666 3200 2838 3270 potuit
2868 3197 2892 3236 ιι
2922 3201 3063 3270 quod
3113 3200 3209 3255 illa
3258 3210 3402 3254 recta
3430 3210 3480 3254 et
3509 3210 3666 3267 aspera
3695 3208 3752 3247 su-

2234 3293 2520 3362 perborum
2546 3293 2683 3347 colla
2712 3293 2813 3347 sibi
2847 3293 3158 3363 subiiceret,
3203 3307 3255 3348 et
3282 3295 3410 3365 jugo
3430 3292 3584 3346 sancti
3602 3286 3755 3343 timoris

2236 3384 2499 3450 edomita,
2549 3383 2767 3438 mitibus
2810 3385 2935 3439 ﬁdei
2979 3384 3112 3440 loris
3152 3386 3385 3455 ligaret?
3432 3381 3522 3437 Diu
3549 3382 3698 3451 quippe
3717 3377 3754 3428 in

2231 3475 2467 3530 exordiis
2498 3476 2608 3530 suis
2634 3475 2988 3531 rhinocerotis
3039 3476 3210 3546 hujus
3255 3493 3422 3531 cornu
3467 3472 3684 3532 ventilata,
3712 3474 3749 3518 et

2232 3570 2383 3640 quasi
2416 3569 2655 3624 funditus
2687 3570 3039 3624 interimenda
3086 3585 3352 3639 percussa
3394 3578 3491 3625 est.
3517 3566 3610 3622 Sed
3633 3560 3754 3617 divina

2237 3661 2404 3730 gratia
2437 3661 2804 3728 dispensante,
2834 3669 2888 3714 et
2916 3661 3006 3715 illa
3038 3660 3331 3717 moriendo
3368 3659 3382 3698 ί
3418 3658 3650 3715 viviﬁcata
3672 3667 3758 3703 ron-

2240 3753 2427 3816 valuit,
2458 3763 2513 3807 et
2537 3768 2706 3807 cornu
2734 3766 2889 3807 suum
2931 3752 3257 3808 rhinoceros
3298 3755 3399 3809 iste
3443 3748 3657 3807 feriendo
3688 3746 3762 3797 Isso

2246 3857 2398 3902 salus
2464 3846 2779 3911 inclinavit;
2835 3846 3084 3916 quodque
3142 3847 3482 3917 impossibile
3528 3838 3765 3898 hominibus

586 945 746 1013 995
782 941 1116 1013 lJn/licturn
1133 942 1324 995 homini
1361 958 1392 993 α
1415 940 1632 1002 superbo
1660 939 1865 997 diabolo
1901 937 2105 997 vulnus,

521 1036 617 1091 Dei
648 1036 934 1089 humilitate
956 1044 1195 1089 sanatum
1214 1036 1325 1089 «In
1347 1032 1592 1101 paradiso
1614 1047 1747 1089 sano
1771 1028 1969 1085 homini
1989 1029 2106 1083 dia-

520 1130 677 1184 holus
707 1129 949 1182 itnidens
978 1128 1243 1197 superbire
1284 1126 1474 1181 vulnus
1507 1125 1720 1191 inﬂixit,
1749 1134 1805 1177 ut
1833 1130 1922 1194 qui
1958 1138 2104 1176 mor—

520 1230 630 1276 tem
680 1237 782 1274 non
837 1228 1119 1288 acceperat
1175 1219 1462 1285 conditus,
1520 1228 1541 1252 η
1592 1227 1891 1273 mereretur
1936 1217 2108 1269 elatus

521 1311 730 1383 (Cenes.
768 1314 870 1382 ιιι).
912 1314 1018 1368 Sed
1050 1315 1171 1381 quia
1204 1315 1399 1368 divina:
1434 1314 1686 1382 patentia:
1715 1312 1967 1379 suppetit,
2005 1325 2107 1363 non

521 1406 697 1459 solum
731 1406 865 1459 bona
908 1406 976 1461 de
1019 1407 1183 1460 nihilo
1216 1408 1412 1473 facere,
1446 1406 1541 1461 sed
1574 1421 1635 1459 ea
1665 1407 1823 1460 etiam
1856 1420 1918 1458 ex
1953 1405 2111 1457 malis

522 1515 641 1564 ante
674 1499 922 1551 diabolus
956 1509 1381 1566 perpetraverat,
1417 1498 1732 1557 reftrmare,
1778 1508 1964 1551 contra
2011 1495 2110 1549 hoc

524 1588 786 1643 inﬂiclum
818 1591 1010 1645 vulnus
1032 1592 1393 1655 superbientis
1419 1589 1615 1645 diaboli
1646 1587 1907 1644 medicina
1938 1601 2113 1654 appa-

523 1682 628 1735 ruit
662 1668 800 1736 inler
828 1682 1070 1737 homines
1103 1683 1373 1736 humilitas
1416 1681 1534 1743 Dei.
1564 1690 1621 1733 ut
1666 1680 1902 1749 auctoris
1930 1693 2114 1733 exem-

533 1774 620 1841 plo
650 1774 916 1827 humiliati
950 1785 1257 1843 surgerent,
1297 1774 1383 1843 qui
1426 1773 1723 1845 imitatipne
1775 1772 1945 1825 hostis
1989 1766 2113 1824 elati

524 1864 854 1920 ceciderant.
887 1867 1083 1919 Contra
1114 1881 1245 1935 ergo
1276 1866 1675 1936 superbientem
1708 1865 1980 1919 diabolum
2024 1878 2116 1929 ap-

522 1959 699 2027 paruit
749 1958 887 2013 inter
931 1958 1177 2013 homines
1227 1958 1387 2013 homo
1450 1961 1619 2012 factus
1677 1957 1890 2015 humilis
1950 1957 2112 2013 Deus.

526 2050 678 2106 Hunc
726 2059 974 2119 potentes
1018 2051 1174 2119 hujus
1219 2050 1425 2113 saaculi,
1458 2050 1507 2102 id
1540 2062 1621 2105 eet
1653 2050 1893 2109 membra
1922 2048 2114 2103 diaboli

521 2143 901 2212 superbientis,
946 2158 1011 2197 eo
1050 2132 1433 2211 despicabilem
1464 2142 1832 2206 crediderunt,
1869 2157 1975 2211 quo
2004 2141 2115 2194 hu-

523 2237 704 2290 milem
753 2244 1171 2304 conspexerunt.
1238 2234 1440 2289 Vulnus
1489 2234 1633 2289 enim
1698 2232 1877 2287 cordis
1925 2246 2113 2295 eorum

521 2338 725 2397 quanto
753 2329 925 2399 magis
966 2330 1179 2391 tumuit,
1229 2335 1377 2381 tanto
1423 2327 1652 2393 amplius
1685 2325 1712 2364 δ
1747 2325 2115 2381 medicamen—

525 2427 636 2473 tum
682 2420 809 2471 mite
848 2418 1114 2485 tleSptexit.
1160 2417 1394 2485 Repulsa
1424 2416 1586 2483 igitur
1614 2432 1643 2468 a
1676 2416 1899 2469 vulnere
1930 2429 2118 2484 super-

530 2512 721 2564 borum
769 2510 1031 2565 medicina
1076 2519 1258 2563 nostra
1310 2511 1550 2574 pervenit
1593 2508 1660 2563 ad
1707 2510 1902 2561 vulnus
1936 2506 2110 2559 humi-

530 2603 659 2671 lium
693 2620 704 2656 :
734 2602 959 2671 Inﬁrma
990 2603 1185 2671 quippe
1223 2602 1402 2655 mundi
1443 2600 1592 2671 elegit
1629 2601 1869 2667 Deus,ut
1900 2604 2117 2669 confun-

531 2695 620 2747 dat
652 2696 805 2765 {ortia
839 2692 893 2765 (Ι
928 2695 1047 2751 Cor.
1076 2712 1112 2761 ι,
1138 2682 1264 2763 ‘27);
1296 2706 1579 2764 actumque
1610 2706 1689 2747 est
1719 2709 1840 2747 cum
1874 2693 2121 2763 pauperi-

533 2789 634 2843 bus
662 2784 800 2855 quod
833 2797 951 2857 post
980 2789 1141 2843 etiam
1191 2789 1386 2841 divites
1423 2790 1552 2842 etati
1600 2788 1943 2845 mirarentur.
1989 2786 2119 2840 Nam

534 2880 658 2934 dum
691 2895 858 2955 novas
888 2881 939 2934 in
973 2880 1079 2933 illis
1105 2878 1331 2933 virtutes
1357 2879 1646 2945 aSpiciunt,
1675 2894 1860 2932 eorum
1892 2892 2119 2947 quorum

532 2975 682 3042 prius
750 2979 1126 3040 contempsere
1182 2970 1344 3023 vitam
1398 2970 1736 3038 postmodum
1795 2969 2120 3029 ubsutpucre

532 3063 819 3116 miracula.
857 3044 1008 3115 Unde
1035 3075 1159 3113 mox
1188 3058 1366 3128 pavidi
1399 3059 1465 3111 ad
1499 3073 1591 3111 sua
1624 3058 1783 3112 corda
1814 3064 2118 3123 redeuntes,

530 3160 902 3207 extrmuerunt
951 3152 1292 3206 sanctitatem
1349 3151 1401 3205 in
1454 3149 1760 3211 miraculis,
1822 3164 1981 3218 quam
2024 3149 2118 3201 de-

538 3256 823 3313 spexeram
872 3243 924 3297 in
976 3244 1283 3313 prmceptis.
1338 3241 1439 3296 Per
1470 3242 1681 3296 inlirma
1728 3256 1855 3311 ergo
1901 3246 2121 3293 contusa

537 3344 662 3389 sunt
688 3335 876 3397 fortia,
919 3335 1045 3405 quia
1086 3334 1211 3389 dum
1261 3336 1312 3389 in
1358 3330 1753 3401 venerationem
1806 3334 1911 3386 vita
1955 3334 2126 3402 surgit

534 3424 836 3487 humilium,
896 3426 1058 3479 elatio
1113 3425 1310 3479 cecidit
1357 3425 1732 3493 superborum.
1789 3422 1950 3493 Igitur
2002 3425 2124 3492 quia

532 3518 722 3574 beatus
750 3516 854 3573 Job
879 3528 1083 3571 sanctte
1119 3519 1375 3572 Ecclesia:
1418 3527 1601 3586 typum
1643 3525 1809 3581 tenet,
1854 3526 1907 3571 et
1949 3516 2123 3591 omni-

532 3620 725 3680 potens
774 3608 915 3663 Deus
965 3610 1215 3677 praevidit
1256 3610 1395 3679 quod
1422 3610 1474 3663 in
1508 3608 1816 3677 primordiis
1846 3609 2121 3663 nascentis
2153 3592 2200 3657 C

538 3701 822 3769 Ecclesiae,
867 3711 1116 3771 potentes
1168 3702 1325 3771 hujus
1372 3701 1554 3755 stectili
1606 3703 1719 3755 leve
1770 3701 1888 3771 ejus
1933 3703 2121 3771 jugum

533 3797 809 3881 suscipere
851 3810 1033 3850 crassa
1077 3794 1257 3850 cordis
1304 3797 1513 3850 cervice
1561 3806 1896 3861 recusarent,
1944 3798 2123 3851 dicat:

1158 3917 1386 3974 CAPUT
1426 3917 1519 3973 1X.
1744 3994 1745 3999 γ
2240 3938 2373 4005 tun,
2426 3938 2536 3993 Deo
2583 3938 2806 3993 dilticlle
2855 3953 2960 3993 non
3010 3939 3133 4005 fuit,
3190 3941 3286 4009 qui
3340 3950 3615 4009 potestates
3655 3931 3771 4000 hui"s

612 4036 737 4090 Car.
768 4049 955 4099 suis,
981 4046 1126 4087 vers.
1151 4032 1206 4089 9.
1234 4060 1306 4074 -—
1329 4029 1600 4098 Numquid
1627 4030 1758 4084 volet
1783 4040 1805 4069 ο
1835 4029 2133 4085 rbinoccros
2239 4030 2422 4084 mundi
2454 4030 2652 4101 rigidas
2682 4045 2787 4083 non
2819 4031 3018 4097 verbis,
3042 4032 3137 4086 sed
3172 4033 3454 4087 miraculis
3482 4029 3637 4097 fregit.
3666 4026 3770 4079 Ecce

538 4128 726 4182 sen~ire
757 4124 883 4178 tibi?
2238 4124 2379 4178 enim
2430 4124 2668 4194 quotidie
2712 4128 2914 4177 servire
2969 4124 2983 4175 i
3045 4125 3426 4179 rhinocerotes
3472 4120 3770 4192 agnoscimus.

574 4234 579 4239 '
609 4220 666 4273 2.
712 4217 817 4271 Per
846 4215 1215 4270 rhinocerotem
1254 4214 1575 4286 intelligendi
1603 4214 1727 4268 elati
1760 4223 1809 4268 et
1839 4222 2072 4285 potentes
2098 4230 2133 4266 ιι
2240 4216 2366 4269 dum
2401 4225 2647 4285 potentes
2675 4216 2857 4271 mundi
2892 4217 3071 4287 hujus,
3110 4221 3204 4287 qui
3239 4220 3294 4272 in
3324 4220 3521 4273 viribus
3544 4215 3643 4270 suis
3670 4212 3770 4263 tatu:

540 4311 744 4367 Christo
800 4308 1012 4373 domiti,
1064 4318 1112 4361 ct
1170 4304 1413 4360 lt‘t'clesite
1467 4306 1654 4359 servire
1702 4306 1883 4360 coacti.
1936 4302 2132 4359 Eorum
2239 4307 2440 4379 dudum
2489 4307 2700 4361 fuerant
2741 4309 2976 4363 elatione
3024 4310 3237 4375 conlisi,
3292 4310 3404 4365 Deo
3446 4302 3775 4371 subditosjam

541 4404 830 4473 superbiam
891 4401 1159 4457 miraculis
1196 4401 1367 4471 fregit.
1402 4431 1467 4440 —
1496 4400 1829 4455 Rhinoceros
1879 4399 2023 4453 enim
2060 4399 2135 4454 in-
2238 4400 2524 4455 videmus.
2570 4401 2732 4468 Quasi
2788 4401 2854 4455 de
2909 4403 3139 4472 quodam
3189 4403 3452 4457 indomito
3494 4400 3777 4456 rhinocer

543 4496 763 4553 domita:
821 4495 1041 4550 omnino
1111 4504 1314 4549 natura
1374 4501 1498 4559 est;
1557 4492 1627 4548 ita
1687 4501 1744 4547 ut
1806 4491 1851 4547 si
1918 4491 2133 4561 quando
2248 4492 2510 4547 Dominus
2544 4493 2879 4563 loquebatur,
2906 4508 3028 4548 cum
3060 4493 3488 4549 diceretzbices
3510 4483 3777 4559 dif/icimu-

543 4597 734 4657 captus
776 4587 969 4652 fuerit,
1026 4587 1195 4642 teneri
1247 4586 1553 4641 nullatenus
1600 4584 1793 4654 possit.
1844 4582 2132 4653 impatiens
2243 4585 2397 4638 trabit
2432 4586 2483 4637 in
2514 4601 2727 4654 regnum
2755 4586 3002 4639 caelorum
3039 4585 3258 4655 (Matth.
3296 4602 3411 4652 xix,
3439 4581 3552 4654 25).
3582 4577 3667 4634 Cui
3688 4586 3776 4628 cum

548 4681 747 4749 quippe
771 4721 786 4745 ,
833 4689 893 4735 ut
933 4680 1133 4742 fertur.
1166 4664 1330 4733 illico
1370 4676 1614 4733 moritur.
1673 4675 1802 4744 Ejus
1851 4689 1978 4731 vero
2026 4689 2135 4728 no—
2242 4691 2557 4746 respotsurn
2597 4689 2780 4732 esset:
2809 4676 2875 4731 Et
2906 4679 3019 4748 quis
3050 4680 3233 4747 poterit
3279 4680 3452 4732 salvus
3488 4672 3635 4743 ﬁeri?
3671 4664 3778 4722 Illico

546 4787 670 4829 men
696 4773 878 4828 Latina
902 4772 1506 4843 linguainterpretatum
1527 4771 1774 4834 sonat,in
1795 4785 1924 4826 nare
1942 4785 2130 4824 cornu.
2160 4834 2201 4843 _
2243 4769 2529 4838 adjunxit:
2582 4771 2732 4840 Apud
2778 4770 3007 4824 homines
3052 4771 3149 4824 hoc
3190 4769 3506 4841 impossibile
3545 4774 3631 4826 est,
3674 4756 3779 4827 ap“

542 4863 613 4922 Et
633 4865 760 4934 quid
792 4863 935 4919 aliud
975 4834 1028 4918 in
1053 4879 1183 4920 nare
1210 4834 1309 4921 nisi
1337 4863 1570 4925 fatuitas,
1599 4862 1729 4927 quid
1756 4864 1807 4916 in
1837 4877 2002 4917 cornu
2029 4863 2131 4917 nisi
2160 4834 2211 4894 θ
2239 4834 2405 4919 Deum
2452 4834 2824 4920 autem'omnia
2852 4863 3115 4935 possibilia
3142 4834 3279 4930 sunt
3304 4863 3492 4935 (Ibid.,
3526 4859 3636 4928 26).
3666 4859 3727 4909 Ac
3748 4845 3780 4902 si

618 4992 641 5017 ι·
676 4980 899 5034 Recent.
933 4979 1071 5034 Editi
1100 4994 1221 5033 cum
1244 4979 1453 5043 Germ.,
1488 4986 1791 5031 moreretur.
1821 4976 1889 5031 Ita
1919 4992 2130 5046 quoque
2312 4992 2336 5019 ο
2370 4979 2484 5034 Val.
2517 4980 2621 5047 Cl.,
2646 4983 2756 5036 sed.
2780 5021 2793 5034 .
2816 5020 2862 5035 ..
2892 4983 3184 5037 intentionis
3229 4981 3475 5045 condere,
3523 4993 3601 5031 sus
3632 4972 3693 5025 ad
3717 4982 3781 5019 suo

540 5051 719 5107 Codex
780 5050 947 5123 Laud.
1022 5053 1095 5123 at
1143 5051 1335 5104 melius
1389 5049 1550 5105 Corb.
1611 5047 1827 5123 Germ.,
1879 5048 2125 5123 Vi_ndoc.,
2202 5053 2444 5123 pperiorga
2472 5069 2570 5105 non
2599 5070 2735 5123 resp.

542 5123 762 5177 Ebroic.
787 5122 984 5191 aliique
1012 5121 1227 5192 Norm.,
1253 5129 1550 5192 mereretur,
1576 5118 1714 5188 quod
1741 5108 1902 5172 etiam
1935 5108 2131 5190 legitur
2202 5108 2249 5120 “’
2315 5120 2334 5160 ί
2390 5121 2573 5177 Germ.
2638 5108 2883 5189 Vindoc.,
2947 5125 3083 5192 pler.
3150 5122 3364 5189 Norm.,
3429 5118 3611 5181 Laud.,
3652 5108 3778 5167 Corlt.

541 5197 593 5247 in
618 5206 725 5263 vet.
764 5194 905 5247 Edit.
938 5192 1106 5247 Paris.
1130 5202 1187 5245 et
1217 5191 1378 5244 Basil.
1406 5261 1411 5263 _
1542 5260 1565 5263 A
2003 5259 2045 5263 __
2237 5192 2447 5263 Germ.,
2486 5193 2599 5247 Val.
2629 5195 2737 5255 CL.
2766 5198 2885 5262 quia
2909 5191 3198 5263 frequenter
3220 5193 3487 5263 superbia.

614 5262 641 5301 ι’
675 5265 850 5335 Εώιί,Δ
895 5264 1320 5335 medicamentum
1366 5261 1500 5335 uiue.
1536 5260 1715 5335 S_ecuti
1763 5274 1950 5335 sum_us
2002 5259 2126 5335 _Mss.
2313 5273 2337 5311 ε
2364 5256 2569 5331 Germ.,
2598 5256 2849 5335 Vindoc.,
2869 5256 3063 5332 Laud"
3093 5265 3202 5319 Val.
3232 5256 3341 5331 CL,
3363 5275 3418 5320 et
3438 5261 3592 5317 Corh.
3612 5256 3778 5312 Germ»

543 5334 753 5402 Anglic.
810 5329 1033 5403 Nomm,
1068 5331 1318 5403 Vindoc.,
1370 5331 1506 5403 duos
1553 5330 1735 5386 Germ.
1778 5341 1831 5385 et
1870 5329 2037 5383 Laud.
2070 5330 2128 5403 ln
2247 5336 2366 5403 quid
2395 5329 2639 5400 superbit.

543 5395 746 5460 Turon.
774 5415 828 5461 et
859 5404 974 5459 Val.
1004 5395 1087 5458 CI.
1121 5402 1331 5473 legitur,
1361 5401 1789 5455 medicamentum
1832 5409 1996 5455 mente
2045 5402 2133 5452 de-
2261 5395 2269 5403 ”
2318 5403 2344 5440 h
2373 5395 2580 5466 Germ.,
2626 5405 2785 5461 Corb,
2832 5405 3040 5472 Germ.,
3088 5405 3332 5471 Ειῃιοῑρ,ν
3378 5404 3568 5473 aliique
3607 5395 3776 5454 Nam,

544 5476 732 5556 spexit,
774 5483 978 5534 mutato
1019 5473 1203 5544 procul
1232 5474 1394 5528 dubio
1427 5486 1519 5543 per
1549 5473 2019 5527 hallucinatiouem
2054 5480 2128 5544 τῷ
2240 5475 2503 5556 ςυριέριίιι
2525 5490 2713 5535 erecta.

546 5543 746 5617 mite‘in
776 5554 993 5617 mente.“
1022 5543 1047 5617 χ
1119 5613 1161 5617 μ
1280 5615 1287 5617 Α
1314 5615 1322 5617 ᾗ
1683 5614 1692 5617 Α
1810 5556 1813 5561 ’
1990 5582 1997 5591 ι
2105 5543 2108 5544 ⁷
2252 5543 2260 5546 ⁷
2319 5543 2333 5582 ί
2368 5546 2480 5617 Val.
2511 5548 2618 5616 CL,
2648 5549 2899 5617 vivi/irata
2930 5565 3089 5603 cornu
3114 5548 3403 5603 com-aluit.

622 5626 644 5690 ξ
676 5614 843 5690 [ὠμά.
871 5626 926 5690 e_t
954 5615 1074 5668 Val.
1106 5613 1213 5690 C_1_._,
1241 5615 1582 5690 rhinocerus;
1602 5624 1654 5668 et
1682 5614 1752 5690 ita
1784 5620 2023 5690 postea.“
2243 5685 2264 5690 _
2317 5617 2331 5665 l
2370 5616 2481 5690 AL,
2526 5605 2895 5687 rhinocerotas,
2938 5628 2997 5675 ut
3039 5628 3123 5676 est
3149 5622 3207 5676 in
3242 5617 3454 5690 Germ.,
3508 5612 3703 5671 Vindoc.
3738 5605 3781 5659 α

621 5681 828 5741 δῦθι-ι).
875 5685 1083 5750 Germ.,
1131 5684 1382 5752 Vindoc.,
1425 5684 1664 5754 Ehroic.,
1710 5681 1903 5739 Pratel.
1937 5682 2133 5755 aliique
2242 5685 2410 5741 Laud.

549 5754 759 5822 Norm.,
781 5765 829 5811 et
857 5756 1222 5826 circumplexa.
