4036 6348
340 365 442 427 5Ἱῦ

740 367 799 425 s.
840 328 1169 429 canentia
1223 366 1434 430 MAGNI
1481 372 1849 441 MQRALIUM
1891 373 2018 430 LIB.
2059 374 2255 435 uxr.
2297 406 2367 418 —
2406 378 2469 433 IN
2510 378 2664 435 CAP.
2708 377 2931 434 χχχιχ
2971 377 3032 435 e.
3072 378 3217 438 JOB.

3506 377 3613 447 574

340 488 578 546 diceret:
608 489 945 557 Rhinoceros
981 493 1083 551 iste
1124 494 1371 551 humanis
1402 496 1605 551 viribus
1644 511 1919 552 mansues-
1944 501 1999 563 Α
2024 506 2133 550 tem
2177 500 2455 553 videmus?
2508 498 2640 566 Quia
2689 514 2818 556 vero
2852 509 2983 567 post
3010 530 3011 533 η
3036 510 3327 569 acceptum
3359 501 3612 570 pabulum

341 599 463 641 cere
508 599 614 669 non
658 593 856 654 potest,
895 587 992 643 sed
1034 595 1214 645 tamen
1244 589 1445 645 divinis
1467 591 1620 645 subdi
1651 592 1923 645 miraculis

338 670 539 751 potest.
572 677 727 734 Unde
753 677 840 735 hic
867 695 1085 750 quoque
1117 689 1245 762 apte
1272 683 1428 738 beato
1455 681 1555 737 Job
1584 697 1783 737 sancta:
1814 684 1924 737 Ec-

337 771 517 828 clesiae
557 778 742 843 typum
787 773 988 829 tenenti
1017 772 1251 828 dicitur:
1295 772 1549 844 Nunquid
1584 775 1714 829 volet
1749 766 1926 828 ruina;

338 878 479 919 ceras
520 864 708 919 seruire
747 864 875 919 tibi?
911 864 1059 937 Illac.
1095 863 1209 937 11.]
1265 865 1530 924 Subaudis
1579 887 1591 920 :
1649 868 1714 925 Ut
1758 868 1921 934 milii,

337 953 428 1025 qui
457 968 577 1008 eum
610 954 1042 1024 praedicameutis
1091 957 1306 1026 quidem
1353 959 1630 1015 hominum
1671 958 1760 1013 diu
1794 958 1925 1014 resi-

336 1056 482 1109 stere
508 1047 721 1118 pertuli,
761 1049 855 1105 sed
900 1058 1077 1106 tamen
1118 1060 1362 1119 repente,
1401 1066 1523 1117 cum
1557 1053 1722 1119 volui,
1759 1053 1919 1125 mira-

336 1138 475 1194 culis
518 1139 707 1194 stravi.
754 1142 832 1195 Ac
876 1140 921 1196 si
960 1143 1195 1212 apertius
1236 1142 1692 1212 dicatzNunquid
1738 1143 1790 1203 hi
1833 1144 1923 1212 qui

334 1229 478 1287 fatua
521 1234 757 1307 elatione
796 1235 1112 1305 superbiant
1158 1237 1277 1292 sine
1328 1238 1460 1293 meis
1497 1238 1780 1306 adjntnriis
1823 1248 1926 1291 luat

333 1324 703 1395 praedicationi
736 1326 1072 1383 subdantur?
1100 1329 1390 1397 Perqumn
1422 1329 1602 1398 itaque
1631 1329 1925 1400 praevalens

252 1426 257 1439 ‘
332 1416 716 1484 considera,et
738 1419 788 1472 in
813 1434 974 1475 omne
997 1420 1141 1488 quod
1167 1422 1428 1489 praevales
1449 1421 1695 1476 elationis
1708 1436 1925 1477 sensum

331 1507 549 1565 inclina.
583 1509 676 1566 Vel
703 1520 854 1566 certe
877 1512 943 1567 ad
970 1513 1110 1567 beati
1132 1511 1233 1567 Job
1260 1513 1504 1569 notitiam
1527 1529 1625 1584 pro
1648 1514 1929 1571 humilian-

332 1601 402 1659 da
432 1603 551 1671 ejus
583 1604 774 1658 virtute
804 1604 1110 1674 deducitur,
1134 1621 1292 1675 quam
1325 1608 1460 1661 mira
1482 1608 1801 1678 quandoque
1832 1623 1927 1677 per

330 1699 607 1770 apostolos
631 1711 880 1770 agantur,
903 1702 995 1771 qui
1014 1702 1270 1759 mundum
1294 1701 1406 1765 Deo
1426 1702 1738 1773 subjiciunt,
1769 1703 1927 1773 eique

334 1789 623 1847 edomitam
652 1794 929 1861 potentum
955 1793 1114 1861 hujus
1139 1794 1323 1848 saeculi
1352 1793 1657 1863 superbiam
1681 1791 1925 1858 flectunt,

2025 582 2426 657 praedicationis
2458 591 2773 647 rbinoceros
2801 591 2905 648 iste
2954 590 3187 647 fructum
3226 590 3393 653 debet
3419 600 3617 651 osten-

2026 682 2151 738 dere
2180 684 2376 749 operis,
2408 694 2557 739 recte
2587 683 2963 755 subjungitur:

2342 773 2567 831 CAPUT
2610 775 2672 830 iv
2717 775 2864 849 [νει.
2896 784 2943 835 et
2984 778 3111 833 nec.
3147 774 3286 847 m1.

2099 865 2262 922 Vens.
2308 869 2397 933 10.
2428 897 2501 909 ——
2536 866 2789 937 Nunquid
2835 869 3077 939 alligabis
3123 870 3493 931 rhinocerotem
3544 874 3615 927 ad

2027 960 2279 1015 arandum
2305 960 2419 1014 loro
2444 964 2574 1015 tuo?

2097 1052 2167 1107 4.
2198 1052 2394 1108 δαισαιί
2423 1054 2681 1124 principes
2706 1053 2880 1137 divina
2906 1063 3165 1125 pracepta
3183 1054 3365 1124 quibus
3393 1054 3617 1126 alligan-

2028 1154 2133 1212 tur,
2163 1147 2448 1215 prwdicant
2480 1156 2526 1200 et
2560 1148 2753 1201 servari
2780 1161 2983 1207 curant.
3011 1177 3081 1189 -—
3103 1146 3239 1209 Lara
3280 1157 3408 1209 sunt
3435 1149 3615 1203 Eccleo

2027 1242 2120 1293 sia:
2162 1251 2426 1308 praecepta
2460 1240 2782 1307 disciplinae.
2829 1240 3003 1294 Arare
3035 1254 3163 1294 vero
3188 1250 3268 1294 est
3305 1256 3397 1310 per
3425 1240 3618 1309 praedi-

2028 1334 2254 1386 cationis
2310 1334 2542 1385 studium
2591 1334 2807 1387 humani
2864 1330 3111 1398 pectoris.
3148 1342 3341 1384 terrain
3399 1345 3616 1386 vomere

2030 1423 2223 1491 lingua:
2251 1423 2623 1491 proscindere.
2658 1423 2754 1475 llic
2780 1422 2965 1492 igitur
2992 1423 3307 1475 rhinoceros
3347 1426 3616 1491 quondam

2028 1525 2296 1592 superbus
2324 1536 2387 1576 ac
2435 1521 2637 1589 rigidus
2659 1521 2769 1589 jam
2802 1534 2945 1573 nunc
2987 1519 3117 1573 loris
3149 1517 3271 1572 ﬁdei
3300 1526 3512 1573 tenetur
3547 1518 3619 1569 li-

2027 1623 2209 1685 gatus;
2266 1624 2426 1682 atque
2471 1629 2500 1666 a
2550 1614 2779 1682 prmsepi
2816 1611 2883 1665 ad
2933 1610 3191 1664 arandum
3236 1608 3469 1673 ducitur,
3496 1611 3621 1675 quia

2028 1720 2146 1760 eam
2171 1703 2610 1775 praedicationem
2641 1718 2741 1772 qua
2778 1704 2889 1770 ipse
2918 1700 3149 1755 refectus
3167 1712 3250 1755 est
3279 1698 3623 1757 innotescere

2029 1810 2083 1854 et
2109 1802 2230 1854 aliis
2260 1808 2503 1855 conatur.
2532 1799 2749 1854 Scimus
2777 1799 2919 1852 enim
2954 1797 3268 1851 rliiuoceros
3294 1794 3417 1858 iste,
3445 1802 3619 1848 terre-

242 1880 246 1891 '
336 1890 400 1937 ut
422 1892 564 1937 tanto
596 1882 665 1938 de
697 1898 756 1940 se
784 1885 971 1939 beatus
991 1885 1093 1941 Job
1115 1886 1293 1943 minus
1323 1888 1573 1953 astimet,
1602 1898 1803 1956 quanto
1827 1902 1921 1956 ag-

2037 1909 2132 1949 nus
2175 1893 2428 1948 videlicet
2468 1893 2736 1962 princeps,
2772 1900 2969 1959 quanta
3016 1891 3163 1957 prius
3200 1888 3386 1942 contra
3429 1888 3624 1941 Domi-

338 1975 543 2046 gregari
576 1975 689 2045 Deo
707 1985 816 2032 tam
843 1978 1090 2034 difﬁciles
1113 1977 1320 2034 animas
1348 1994 1443 2049 per
1472 1980 1608 2035 alios
1638 1980 1805 2034 videt.
1840 1981 1926 2034 Di-

335 2074 425 2119 cat
468 2080 594 2137 ergo
628 2086 640 2118 :
682 2067 931 2138 Nunquid
961 2071 1090 2124 volet
1126 2071 1421 2127 rhinoceros
1466 2071 1597 2124 tibi?
1620 2069 1881 2127 Subaudis
1907 2089 1924 2124 :

332 2156 484 2214 Sicut
510 2175 605 2229 per
630 2175 725 2215 eos
751 2176 885 2231 quos
913 2164 1112 2235 misero
1140 2165 1341 2219 serviet
1374 2163 1528 2218 mihi.
1554 2164 1806 2237 Sequitur
1832 2181 1844 2215 :

808 2256 1030 2313 CAPUT
1062 2256 1129 2313 tu
1170 2258 1311 2331 [γει.
1356 2256 1460 2329 11].

406 2348 568 2417 997
592 2346 722 2407 lein.
748 2377 818 2389 —-
850 2349 949 2403 Aut
972 2350 1261 2403 morabitur
1281 2350 1348 2403 ad
1376 2365 1604 2420 prwsepe
1635 2350 1820 2403 tuum?

403 2439 458 2493 '5.
502 2440 789 2510 Scriptum
813 2452 1005 2494 sancta
1032 2443 1222 2508 pabulo
1254 2440 1489 2497 Christus
1510 2440 1603 2494 hos
1625 2442 1925 2494 rhinocero-

329 2540 410 2587 tes
438 2532 623 2587 nutrit.
656 2561 726 2571 —
758 2532 1009 2601 Praesepe
1035 2532 1138 2586 hoc
1170 2533 1287 2587 loco
1326 2532 1437 2600 ipsa
1466 2532 1742 2601 Scriptura
1770 2546 1923 2585 sacra

326 2639 441 2683 non
473 2624 918 2685 inconvenienter
967 2626 1251 2694 accipitur,
1304 2625 1356 2679 in
1386 2640 1487 2692 qua
1538 2625 1686 2677 verbi
1736 2626 1927 2691 pabulo

324 2717 584 2777 animalia
614 2726 797 2787 sancta
840 2718 1124 2781 satiantur,
1150 2716 1217 2770 de
1248 2716 1444 2787 quibus
1474 2730 1569 2783 per
1602 2716 1925 2781 l’romtetam

327 2813 533 2871 dicitur
561 2830 575 2865 ;
601 2811 864 2867 Animalia
896 2821 987 2868 tua
1034 2811 1336 2873 habitabunt
1360 2812 1414 2863 in
1460 2827 1517 2863 ea
1548 2808 1722 2882 (Psal.
1757 2824 1925 2876 vatt,
1960 2868 1975 2889 .

326 2904 446 2974 11).
481 2904 616 2959 Hinc
643 2906 806 2973 etiam
837 2912 994 2971 natus
1026 2903 1285 2965 Dominus
1315 2920 1346 2955 a
1382 2903 1685 2968 pastmibus
1717 2904 1767 2957 in
1794 2916 1928 2970 prses

324 2999 449 3068 sepi
488 3000 755 3068 reperitur
786 2996 942 3067 (Luc.
976 3011 1037 3066 tt,
1089 2995 1205 3065 16),
1256 2996 1379 3064 quia
1429 2996 1548 3062 ejus
1604 2995 1929 3058 incarnatio,

325 3098 357 3127 ⁸
386 3089 439 3145 iu
472 3104 532 3144 ea
578 3105 698 3160 qua:
728 3105 826 3145 nos
862 3088 1035 3145 reﬁcit
1079 3086 1477 3156 Prophetarum,
1519 3085 1783 3153 scriptura
1826 3099 1929 3137 co-

325 3183 629 3255 gnoscitur.
685 3181 1018 3236 Rhinoceros
1073 3180 1255 3250 itaque
1292 3179 1418 3241 iste,
1473 3178 1723 3231 videlicet
1751 3176 1927 3231 omnis

2030 2003 2154 2043 num
2209 1988 2524 2041 crudelitate
2564 1972 2820 2053 saevierit,
2871 1995 2924 2038 et
2978 2000 3119 2057 nunc
3159 1993 3350 2055 agente
3394 1983 3620 2036 Domino

2029 2076 2301 2131 cernimus
2352 2087 2549 2146 quanta
2598 2091 2658 2130 se
2698 2077 2747 2129 ei
2795 2075 3097 2128 humilitate
3144 2073 3465 2126 substernit.
3522 2072 3620 2126 llic

2030 2171 2345 2223 rhinocems
2391 2182 2494 2220 non
2523 2167 2696 2220 solum
2739 2166 2955 2235 ligatus,
2996 2164 3091 2218 sed
3140 2165 3302 2217 etiam
3336 2162 3401 2216 ad
3452 2176 3622 2215 aran-

2028 2260 2155 2312 dum
2211 2260 2405 2331 ligatus
2472 2242 2584 2323 est',
2647 2259 2767 2327 quia
2833 2258 3081 2311 videlicet
3136 2255 3429 2323 disciplina:
3490 2253 3622 2306 loris

2029 2352 2299 2416 astrictus,
2344 2365 2448 2403 non
2500 2351 2675 2404 solum
2719 2364 2779 2402 se
2828 2362 2858 2400 a
2903 2348 3081 2417 pravis
3106 2332 3363 2417 operibus
3402 2344 3618 2407 retinet,
3678 2372 3695 2403 γ-

2029 2447 2124 2501 sed
2153 2449 2311 2500 etiam
2361 2446 2413 2498 in
2461 2454 2669 2499 sancta!
2703 2444 2821 2498 ﬁdei
2872 2442 3343 2512 praedicationibus
3382 2445 3621 2494 exercet.

2031 2539 2168 2593 Ecce
2196 2538 2359 2603 enim,
2408 2537 2546 2609 sicut
2571 2537 2826 2596 superius
2853 2535 3053 2590 dictum
3097 2542 3215 2603 est,
3248 2534 3395 2603 ipsos
3426 2533 3625 2599 huma-

2031 2646 2218 2684 narum
2266 2612 2725 2693 rernm‘rectnres
2768 2643 2831 2682 ac
2879 2629 3144 2696 principes
3208 2627 3334 2681 dum
3382 2636 3625 2682 metuere

2032 2724 2199 2778 Deum
2249 2723 2300 2775 in
2330 2722 2441 2775 suis
2472 2720 2775 2791 actionibus
2805 2721 3096 2781 cernimus,
3130 2718 3255 2788 quid
3284 2717 3426 2772 aliud
3446 2732 3617 2787 quam

2031 2814 2160 2867 loris
2190 2812 2383 2882 ligatos
2432 2811 2715 2866 videmus?
2746 2808 2877 2864 Cum
2910 2824 3040 2864 vero
3082 2824 3202 2864 eam
3249 2809 3430 2874 ﬁdem,
3460 2824 3620 2876 quam

2030 2906 2228 2958 dudum
2262 2903 2637 2972 persequendo
2662 2912 2685 2939 °
2710 2901 3184 2972 impugnaverant,
3228 2915 3370 2954 nunc
3402 2900 3626 2969 prolatis

2031 2997 2239 3066 legibus
2270 2994 2565 3063 praedicare
2611 3008 2718 3047 non
2764 3002 3000 3059 cessant,
3035 2992 3163 3061 quid
3209 2991 3355 3046 aliud
3391 2990 3614 3060 faciunt,

2002 3090 2132 3143 ‘nisi
2161 3086 2323 3142 aratri
2349 3086 2621 3140 laboribus
2660 3085 2956 3140 insudant?

2103 3179 2156 3234 5.
2200 3177 2480 3233 chularis
2504 3179 2768 3247 potestatis
2795 3188 2841 3230 et
2872 3176 3175 3230 humilitatis
3204 3179 3498 3230 christiana
3526 3176 3624 3229 uti.

333 3278 518 3333 elatus
563 3279 615 3337 in
652 3276 962 3345 primordiis
1012 3276 1286 3341 nascentis
1338 3274 1617 3343 Ecclesiae,
1662 3287 1782 3326 cum
1828 3287 1930 3339 pa-
1957 3271 2005 3343 ο
2036 3288 2127 3326 rus
2163 3288 2555 3327 consensus.—
2586 3271 2741 3326 Libet
2769 3272 2957 3326 videre
3002 3271 3144 3326 hunc
3193 3272 3621 3336 rhinocerotem,

338 3370 701 3425 triarcltarum
732 3369 901 3437 dicta,
926 3384 1046 3423 eum
1075 3367 1453 3435 prophetarum
1487 3367 1762 3436 mysteria,
1804 3379 1926 3417 cum

330 3464 614 3534 Evangelii
665 3479 860 3519 arcana
909 3463 1141 3529 audiret,
1193 3460 1473 3523 irridebat,
1528 3462 1648 3529 quia
1683 3468 1829 3513 tanto
1873 3457 1926 3511 in

332 3556 749 3635 praedicatorum
784 3556 1011 3623 prtesepi
1052 3552 1227 3607 claudi
1256 3551 1547 3619 satiarique
1576 3559 1929 3616 contempse-p

334 3658 440 3713 rat,
468 3654 669 3718 quanto
690 3645 717 3684 δ
749 3646 805 3701 in
839 3645 1202 3713 voluptatibus
1248 3642 1479 3712 propriis
1525 3642 1798 3718 dimissus,
1834 3640 1931 3694 de—

336 3742 659 3809 eperationis
706 3754 821 3803 suae
868 3752 1116 3806 campum
1171 3736 1410 3793 tenebat.
1465 3712 1637 3801 Quem
1668 3735 1930 3802 superbo-

340 3850 459 3893 rum
489 3847 737 3900 campum
773 3833 910 3886 bene
939 3829 1137 3884 Paulus
1175 3829 1432 3891 insinuat,
1461 3827 1647 3881 dicens
1674 3844 1683 3877 :
1714 3826 1812 3889 Qui
1837 3826 1926 3879 de-

338 3939 600 4001 sperantes
630 3929 923 3995 semetipsos
942 3924 1270 3983 tradiderunt
1294 3921 1632 3991 impudicitia!
1664 3921 1717 3974 iu
1748 3936 1931 3987 opera-

338 4023 535 4077 tionem,
568 4018 914 4077 immunditiis
962 4016 1151 4080 omnis,
1192 4016 1246 4075 iu
1291 4014 1562 4069 auaritiam
1609 4010 1826 4081 (Ep/tes.
1856 4025 1927 4076 tv,

339 4114 457 4182 19).
487 4113 662 4169 Tanto
687 4113 830 4168 enim
861 4126 922 4169 se
948 4110 1177 4183 quisque
1200 4110 1254 4163 in
1283 4106 1440 4164 malis
1465 4106 1820 4173 presentibus
1846 4103 1926 4165 la-

340 4206 444 4260 tius
474 4204 702 4268 relaxat,
729 4210 934 4272 quanto
956 4211 1081 4270 post
1108 4200 1249 4257 hanc
1272 4201 1438 4255 vitam
1458 4214 1527 4263 se
1556 4198 1773 4265 assequi
1792 4197 1928 4250 bona

337 4307 538 4352 aeterna
568 4296 840 4363 desperat.
879 4293 986 4351 Sed
1025 4294 1371 4360 omnipotens
1413 4295 1553 4346 Deus
1593 4291 1682 4353 diu
1713 4290 1928 4360 quidem

339 4389 739 4455 rhinocerotem
792 4386 932 4447 hunc
967 4399 1062 4453 per
1093 4399 1272 4452 pravae
1307 4394 1329 4421 ο
1357 4370 1645 4453 voluptatis
1684 4397 1931 4448 campum

351 4492 628 4550 vagantem
667 4476 912 4548 pertulit,
946 4485 1001 4529 et
1031 4483 1209 4528 tamen
1244 4488 1363 4526 cum
1399 4472 1584 4539 voluit,
1619 4482 1839 4539 repente
1865 4472 1930 4524 ad

348 4582 501 4622 suum
529 4582 771 4638 praesepe
802 4564 1067 4635 religavit,
1102 4571 1160 4617 ut
1188 4563 1313 4617 vita:
1349 4562 1601 4631 pabulum
1635 4561 1772 4616 bene
1788 4562 1935 4616 elau-

2010 3366 2088 3419 ‘id
2120 3375 2202 3420 est
2254 3376 2412 3420 terrae
2454 3365 2749 3434 principem
2800 3364 2920 3419 fidei
2968 3364 3098 3419 loris
3157 3365 3398 3433 ligatum,
3441 3378 3627 3432 quem-

2008 3450 2320 3514 admodum
2360 3462 2530 3531 998
2571 3470 2627 3513 et
2654 3474 2825 3514 cornu
2865 3467 3043 3526 portat
3074 3473 3169 3528 per
3201 3459 3494 3526 potentiam
3525 3472 3627 3510 ste-

2034 3553 2161 3619 culi,
2185 3563 2234 3609 et
2264 3553 2447 3621 iugum
2479 3554 2604 3607 fidei
2635 3554 2869 3608 sustinet
2890 3568 2990 3621 per
3015 3566 3253 3606 amorem
3283 3551 3399 3605 Dei.
3426 3551 3626 3606 Timeri

2036 3647 2141 3701 iste
2190 3646 2508 3699 rhinoceros
2557 3645 2713 3699 valde
2767 3653 2994 3714 poterat,
3060 3645 3163 3698 nisi
3220 3647 3410 3713 ligatus
3458 3630 3623 3697 esset.

2040 3738 2224 3792 Cornu
2261 3736 2455 3805 quippe
2488 3735 2671 3804 habet,
2696 3737 2790 3791 sed
2823 3737 3016 3805 ligatus
3044 3745 3146 3792 est.
3180 3735 3393 3790 Habent
3421 3751 3545 3803 ergo
3574 3736 3627 3790 in

2035 3830 2171 3883 loris
2211 3826 2339 3897 ejus“
2374 3828 2515 3898 quod
2571 3829 2801 3885 humiles
2840 3829 3079 3897 diligant,
3114 3828 3316 3883 habent
3363 3829 3415 3881 in
3459 3843 3627 3884 cornu

2034 3924 2150 3990 ejus
2181 3922 2322 3989 quod
2368 3919 2491 3975 elati
2539 3921 2713 3989 pertir'
2735 3928 2940 3977 escant.
3001 3920 3229 3975 Strictus
3276 3921 3418 3974 enim
3472 3918 3627 3988 loris,

2034 4024 2213 4069 servat
2235 4015 2486 4083 pietatem
2520 4012 2973 4079 mansuetudinis,
3005 4012 3099 4066 sed
3128 4012 3288 4066 fultus
3317 4025 3486 4064 cornu
3516 4019 3624 4064 ter-

2035 4122 2182 4162 retia:
2213 4106 2398 4176 gloria:
2444 4115 2659 4160 exercet
2699 4105 2995 4158 dominium
3042 4106 3340 4174 potestatis.
3378 4102 3631 4157 Plerum—

2038 4213 2144 4267 que
2174 4208 2351 4253 eutem
2401 4212 2523 4252 cum
2572 4196 2822 4267 exigente
2854 4198 2929 4249 ira
2961 4197 3028 4250 ad
3064 4197 3361 4251 feriendum
3405 4197 3628 4266 rapitur,

2036 4291 2223 4345 divino
2253 4293 2448 4346 timore
2477 4299 2784 4351 revocatur.
2843 4290 2906 4346 Et
2954 4291 3170 4360 quidem
3203 4306 3297 4359 per
3337 4305 3633 4358 exasperas-

2044 4395 2151 4438 tam
2175 4384 2469 4453 potentiam
2499 4384 2552 4437 in
2583 4382 2817 4439 furorem
2849 4398 2907 4435 se
2935 4382 3107 4435 elevat
3134 4382 3265 4446 ;'sed
3296 4384 3418 4451 quia
3445 4381 3633 4436 aeterni

2033 4475 2235 4545 judicis
2267 4474 2652 4539 reminiscitur,
2689 4488 2856 4527 cornu
2890 4473 3084 4542 ligatus
3116 4489 3176 4527 se
3207 4473 3449 4528 inclinat.
3476 4473 3636 4538 Sarpe

2039 4568 2155 4636 ipse
2187 4567 2387 4620 vidisse
2416 4582 2501 4618 me
2525 4565 2766 4629 memini,
2799 4564 2940 4633 quod
2970 4578 3091 4617 cum
3139 4577 3199 4619 se
3229 4563 3293 4617 ad
3336 4563 3632 4619 feriendum

345 4674 436 4714 sus
476 4662 725 4730 accipiat,
760 4674 831 4717 ne
878 4658 1044 4712 vitam
1088 4656 1326 4739 funditus
1368 4656 1507 4707 male
1536 4653 1670 4708 liber
1701 4655 1931 4707 amittat.
1968 4659 2015 4735 ι)
2041 4662 2279 4731 graviter
2304 4659 2390 4713 hic
2420 4657 2738 4712 rliinoceros
2779 4654 3124 4723 acoenderet,
3158 4664 3209 4709 et
3238 4656 3389 4724 quasi
3426 4654 3635 4709 elevato

342 4752 478 4807 Ecce
508 4754 653 4807 enim
672 4751 783 4821 jam
807 4750 1081 4805 cernimus
1101 4749 1241 4816 quod
1274 4753 1519 4815 potentes
1544 4743 1700 4813 hujus
1726 4743 1929 4809 saeculi,

340 4846 564 4917 ejusque
611 4843 883 4912 principes
924 4841 1338 4909 pudicamenta
1391 4837 1657 4891 dominica
1702 4836 1943 4913 libenter

337 4940 583 5003 audiunt,
634 4944 945 4995 constanter
992 4934 1207 5002 legunt,
1238 4930 1263 4968 ἀ
1294 4930 1604 4999 passimque
1630 4943 1660 4981 a
1707 4927 1930 4996 praesepi

342 5047 450 5087 non
496 5039 720 5096 exeunt,
748 5028 874 5097 quia
928 5035 1194 5094 praecepta
1228 5024 1345 5089 Dei,
1394 5038 1515 5094 qua:
1564 5031 1655 5075 aut
1682 5019 1930 5090 legendo,

280 5138 281 5141 ‘
346 5136 440 5180 aut
463 5124 729 5181 audiendo
758 5127 1074 5190 cogoscunt,
1118 5132 1456 5188 nequaquam
1480 5116 1714 5171 vivendo
1760 5123 1933 5170 trans-

351 5218 617 5281 cendunt;
662 5216 756 5271 sed
788 5215 855 5268 ad
902 5211 1053 5267 verbi
1101 5210 1352 5277 pabulum
1401 5207 1553 5277 quasi
1582 5208 1747 5263 clausi
1789 5216 1934 5262 stare

334 5308 717 5378 aequanimiter
745 5308 995 5370 tolerant,
1015 5310 1073 5357 ut
1101 5301 1311 5359 edendo
1334 5310 1389 5355 et
1416 5299 1783 5369 permanando
1813 5300 1933 5369 pin-

342 5410 620 5472 guescant.
654 5399 808 5468 Quod
847 5411 968 5453 cum
1016 5395 1125 5471 Deo
1153 5400 1347 5462 agente
1375 5392 1760 5460 conspicimus,
1804 5392 1932 5461 quid

342 5495 487 5550 aliud
529 5510 689 5567 quam
724 5491 1123 5548 rhinocerotem
1151 5486 1294 5541 hunc
1321 5486 1388 5541 ad
1432 5501 1675 5555 praesepe
1705 5502 1926 5541 moran-

415 5679 439 5706 η
464 5668 691 5733 Pratel.,
724 5664 923 5732 aliique
956 5661 1168 5723 Norm.,
1206 5658 1259 5733 in
1306 5655 1378 5710 eis
1403 5652 1586 5726 quibus
1635 5669 1730 5709 nos
1767 5653 1937 5725 reﬁcit

343 5730 711 5819 prophetarum
737 5730 938 5819 scriptis
968 5730 1368 5819 recognoscitur.
1464 5790 1465 5797 γ

358 5802 361 5825 "
419 5802 453 5852 h"
474 5810 723 5874 Vimine,
754 5810 807 5860 in
836 5802 1201 5857 roltmtatibus.

419 5894 443 5925 ε
472 5882 671 5941 Pratel.
704 5889 758 5947 et
787 5877 904 5933 Val.
936 5875 1041 5945 CL,
1072 5873 1363 5941 voluntatis.

2002 4816 2003 4821 η
2043 4770 2214 4809 cornu
2260 4752 2499 4808 bestiolis
2542 4751 2775 4806 minimis
2816 4760 3038 4814 mortes,
3081 4748 3287 4814 exsilia,
3331 4750 3631 4804 damnatio-

2046 4860 2250 4916 nesque
2277 4843 2534 4914 subjectis
2569 4842 2846 4897 immensis
2878 4842 3172 4896 terroribus
3203 4841 3514 4905 intentaret,
3541 4855 3625 4894 re-

2046 4949 2207 5019 pente
2236 4940 2397 4995 fronti
2427 4939 2581 5008 signo
2620 4937 2796 4992 crucis
2825 4937 3110 5005 impresso,
3144 4950 3303 4991 omne
3349 4934 3405 4988 in
3450 4948 3509 4987 se
3544 4933 3635 4986 in-

2044 5032 2294 5087 cendium
2340 5031 2542 5085 furoris
2578 5028 2859 5094 exstinxit,
2910 5041 3205 5084 conversus
3255 5028 3428 5099 minas
3470 5025 3637 5091 depo-

2045 5129 2185 5193 suit;
2217 5136 2272 5181 et
2302 5128 2423 5196 quia
2464 5124 2529 5178 ad
2559 5123 2853 5179 deliberata
2901 5122 3152 5193 progredi
3200 5134 3306 5176 non
3340 5128 3542 5188 posset,
3573 5115 3637 5170 li-

2046 5230 2200 5291 gaius
2230 5220 2466 5287 agnovit.
2503 5218 2566 5271 Et
2606 5232 2712 5271 non
2757 5217 2928 5271 solum
2960 5217 3012 5269 in
3043 5227 3102 5269 se
3134 5215 3240 5267 iras
3265 5210 3505 5273 edomat,
3539 5206 3634 5261 sed

2042 5312 2096 5363 in
2137 5308 2502 5377 subjectorum
2544 5308 2705 5362 etiam
2749 5304 3001 5361 sensibus
3032 5317 3193 5357 omne
3233 5297 3376 5367 quod
3421 5296 3659 5353 rectum

2044 5410 2126 5455 est
2157 5401 2396 5457 inserere
2421 5399 2658 5464 festinat,
2690 5406 2750 5452 ut
2779 5400 2902 5466 quia
2932 5407 3123 5450 omnes
3151 5399 3390 5447 sanctam
3435 5388 3634 5446 Eccle-

2048 5491 2185 5543 siam
2208 5505 2273 5543 ex
2306 5490 2489 5543 intima
2520 5486 2848 5575 cogitatione
2879 5491 3225 5551 venerentur,
3250 5480 3497 5550 exemplo
3521 5480 3636 5549 ipse

2121 5652 2146 5690 ἀ
2172 5653 2265 5707 Sic
2295 5652 2521 5714 Turon.,
2552 5649 2659 5701 duo
2683 5647 2893 5712 Germ.,
2927 5645 3176 5711 Vimine,
3213 5644 3479 5714 Laudun.,
3515 5644 3628 5701 Val.

2047 5722 2156 5788 CL,
2185 5726 2468 5787 Norman.,
2513 5729 2641 5781 etc.,
2675 5717 2775 5772 etsi
2801 5718 2869 5790 in
2917 5716 3091 5790 Editis
3119 5719 3344 5789 legatur,
3376 5719 3627 5790 pastique.

2124 5804 2149 5833 ο
2172 5791 2423 5850 Nonnulli
2449 5790 2620 5861 Edit.,
2655 5787 2936 5859 mendose,
2967 5787 3432 5862 impingitaverant.
