4036 6348
420 385 524 444 575

1627 378 1872 438 SANCTI
1910 375 2238 436 GREGORII
2276 380 2484 439 MAGNI

3177 287 3238 304 δ...

3603 386 3703 404 ινδ

3601 409 3653 441 in
3677 408 3702 437 ι’

415 513 530 562 suae
583 495 903 554 humilitatis
957 495 1311 553 demonstret.
1357 495 1573 551 Dicatur
1629 494 1790 566 igitur
1845 497 2003 553 beato
2030 496 2082 558 Δ
2108 501 2339 554 exaratis
2367 500 2598 557 vallibus
2623 501 2844 571 jacentt
2873 502 2975 572 Qui
3005 518 3074 560 eo
3099 505 3386 578 nequiores
3414 519 3563 577 sunt,
3589 530 3696 582 (μ’)

415 590 518 646 Job
543 608 556 644 :
587 589 839 663 Nunquid
864 589 1107 662 alligabis
1125 590 1494 644 rhinocerotem
1517 591 1585 644 ad
1607 589 1863 643 arandum
1890 589 2002 642 loro

416 685 552 738 tuo?
589 684 667 740 Ac
714 687 759 739 si
807 695 992 754 aperte
1034 683 1223 738 dicaL:
1254 683 1506 755 Nunquid
1551 694 1794 754 potentes
1849 683 2006 754 hujus

419 777 598 833 steculi
635 779 686 832 in
715 792 812 833 sua
845 779 988 834 fatua
1018 778 1253 835 elatione
1282 778 1640 847 conﬁdentes,
1671 778 1736 833 ad
1768 778 2006 834 laborem

420 869 816 940 praedicationis
867 870 1100 941 dirigis,
1155 870 1390 926 etesub
1437 871 1739 938 disciplinae
1794 871 2005 926 vincula

417 965 739 1036 restringis‘!
771 965 1039 1022 Subaudls
1070 983 1082 1019 :
1111 965 1184 1022 Ut
1217 981 1341 1036 ego,
1372 965 1458 1034 qui
1495 965 1546 1019 id
1577 966 1658 1034 egi
1691 965 2004 1030 cum'volui,

414 1060 502 1129 qui
543 1069 915 1128 persecutores
963 1072 1137 1126 meos,
1187 1071 1324 1127 quos
1371 1057 1518 1126 prius
1550 1056 1734 1110 hostes
1785 1056 2006 1124 pertuli,

417 1152 559 1220 ipsos
607 1151 948 1220 postmodum
997 1159 1163 1206 rectm
1215 1149 1337 1206 fidei
1389 1148 1705 1203 defensores
1749 1146 1870 1202 feci.
1910 1147 2008 1203 Se-

416 1245 594 1315 quitur
622 1260 637 1298 :

881 1313 1109 1370 CAPUT
1151 1313 1193 1368 v
1224 1312 1366 1387 [Vet.
1413 1310 1544 1383 IV].

490 1408 614 1464 lato.
639 1436 710 1450 —
735 1408 836 1461 Aut
864 1407 1150 1479 confringet
1181 1405 1355 1480 glebas
1394 1406 1604 1460 vallium
1637 1414 1752 1475 post
1778 1406 1864 1459 te?

489 1499 542 1553 6.
589 1498 688 1567 Qui
713 1499 857 1571 prius
885 1499 1009 1568 ﬁdei
1055 1507 1434 1570 persecutores,
1460 1499 1786 1569 postmodum
1821 1498 2010 1568 praedi-

419 1600 614 1646 catores
643 1600 690 1646 et
738 1600 1025 1645 assertores
1073 1591 1217 1661 facti.
1256 1619 1321 1632 -
1349 1589 1536 1646 Solent
1573 1590 1801 1645 exculta:
1851 1599 2009 1643 terra:

417 1685 822 1755 superjacentes
844 1685 1016 1756 gleba:
1040 1669 1242 1754 jaciata
1280 1683 1485 1739 semina
1531 1698 1798 1752 premere,
1831 1690 1885 1735 et
1915 1695 2010 1735 na-

418 1780 619 1834 scentia
649 1777 936 1834 sullocare.
969 1776 1171 1844 Quibus
1201 1774 1374 1845 glebis
1400 1774 1501 1830 hoc
1525 1775 1644 1827 loco
1673 1774 1748 1827 illi
1781 1773 2009 1841 signan-

2116 604 2216 644 nec
2249 591 2348 660 ipsi
2379 592 2690 648 humilitatis
2719 593 2947 649 fructum
2990 598 3287 665 proferunt,
3340 611 3392 655 et
3422 605 3561 670 quod
3611 619 3692 659 t'sl

2111 681 2368 751 deterius,
2414 687 2747 754 proferentes
2789 688 3020 744 humiles
3066 701 3333 760 premunt.
3375 695 3452 748 Ad
3497 695 3690 752 horum

2109 773 2363 830 duritiam
2393 777 2791 836 dissolvendam
2817 798 3195 854 nonnunquam
3224 799 3405 842 saneta
3433 791 3697 857 Ecclesia,

2110 870 2236 940 quia
2271 869 2484 940 prapria
2516 873 2715 928 virtute
2741 891 2845 928 non
2881 876 3102 943 sufficit,
3135 880 3488 935 rhinocerotis
3514 881 3697 953 hujus,

2112 963 2164 1016 id
2194 973 2277 1017 est
2309 965 2508 1019 terreni
2537 967 2796 1036 principis
2817 970 3222 1038 opitulationem
3252 973 3466 1042 quaerit,
3497 984 3554 1027 ut
3584 977 3699 1043 ipse

2111 1056 2516 1127 superjacentes
2545 1058 2727 1128 glebas
2750 1069 3014 1129 conterat,
3039 1077 3173 1132 quas
3203 1063 3567 1121 Ecclesiarum
3594 1067 3697 1120 hu-

2110 1150 2307 1205 militas
2356 1151 2508 1221 quasi
2561 1154 2806 1223 planities
2862 1155 3087 1210 vallium
3127 1167 3322 1226 portat.
3372 1159 3479 1216 llas
3518 1163 3700 1232 itaque

2109 1241 2290 1312 glebas
2321 1242 2633 1300 rhinoceros
2665 1247 2800 1315 pede
2849 1248 3042 1316 premit
3091 1263 3153 1303 ac
3201 1253 3536 1320 comminuit,
3571 1255 3697 1324 quia

2112 1350 2397 1404 pravorum
2442 1338 2843 1409 potentiumque
2889 1339 3164 1407 duritiam,
3195 1344 3279 1398 cui
3327 1345 3697 1403 ecclesiastica

2117 1427 2390 1485 humilitas
2440 1432 2697 1487 resistere
2745 1447 2851 1486 non
2880 1434 3044 1500 valet,
3077 1437 3389 1505 principalis
3419 1438 3604 1510 religio
3634 1456 3701 1496 ex

2113 1531 2376 1592 potestate
2428 1523 2694 1578 dissolvit.
2737 1525 2889 1592 Quod
2935 1529 3057 1596 quia
3102 1526 3216 1584 sola
3274 1527 3456 1582 divina
3501 1531 3704 1585 virtute

2111 1615 2306 1686 agitur,
2339 1626 2395 1669 ut
2424 1616 2619 1670 terreni
2665 1618 2812 1685 regni
2846 1618 3079 1674 culmina
3110 1619 3128 1658 τ
3155 1619 3223 1674 ad
3252 1629 3564 1690 provectum
3605 1637 3699 1676 re-

2111 1709 2198 1778 gni
2245 1709 2481 1764 caelestis
2530 1710 2876 1778 inclinentur,
2932 1722 3078 1768 recte
3139 1727 3280 1768 nunc
3331 1713 3562 1768 dicitur:
3599 1716 3702 1768 Aut

2112 1804 2398 1874 confringet
2423 1803 2594 1874 glebas
2620 1803 2830 1857 vallium
2854 1815 2967 1874 post
2995 1816 3041 1860 te
3063 1806 3086 1860 ?
3114 1805 3185 1862 Ut
3211 1820 3337 1861 vero
3367 1805 3433 1861 de
3459 1805 3570 1860 suis
3594 1808 3707 1861 vir-

417 1880 519 1935 m"
555 1870 644 1940 (ἰυί
672 1885 768 1940 Per
795 1869 1042 1924 duritiam
1075 1884 1224 1925 suam
1268 1878 1429 1940 atque
1463 1867 1770 1936 Pesmeram
1818 1868 2004 1933 πίθων
2040 1887 2088 1948 Β
2117 1867 2534 1949 ιιιιῖιιιιε-ὺθιιιιιε
2556 1894 2657 1949 Job
2690 1867 2908 1951 humilia
2937 1898 3153 1963 sentiat,
3187 1907 3240 1952 et
3291 1897 3466 1951 adhuc
3496 1898 3562 1952 de
3605 1898 3707 1951 hu-

418 1979 516 2019 nec
546 1963 647 2033 ipsi
688 1963 895 2020 semina
924 1963 1077 2018 verbi
1105 1964 1396 2034 recipiunt,
1429 1977 1528 2017 nec
1560 1973 1898 2031 receptarum
1930 1974 2006 2014 se-

422 2059 624 2114 minum
656 2055 860 2113 fructus
887 2057 1022 2112 alios
1052 2057 1193 2113 ferre
1223 2059 1560 2127 permittunt.
1604 2055 1833 2110 Sanctus
1862 2054 2005 2107 enim

418 2151 645 2221 quisque
675 2149 996 2219 prtedicator
1045 2149 1096 2203 in
1147 2150 1404 2203 mundum
1455 2148 1703 2211 veniens,
1735 2143 2007 2213 evangeli-

420 2240 589 2294 zando
614 2239 960 2310 pauperibus,
1003 2241 1155 2307 quasi
1203 2239 1394 2293 molles
1423 2237 1642 2291 vallium
1681 2245 1852 2290 terras
1883 2250 2005 2288 ara-

420 2317 604 2398 verat;
639 2332 733 2386 sed
754 2332 1105 2402 quorumdam
1135 2331 1386 2384 duritiam
1413 2329 1440 2369 δ
1478 2329 1739 2384 elatorum
1767 2328 2004 2382 Ecclesia

421 2439 668 2494 rmnpere
707 2439 812 2478 non
861 2424 1065 2488 valens,
1118 2436 1214 2476 eos
1254 2422 1410 2490 quasi
1459 2421 1790 2492 superiectas
1836 2417 2007 2472 labori

419 2533 517 2573 suo
547 2519 732 2588 glebas
762 2533 1018 2589 oppressa
1052 2517 1337 2573 tolerabat.
1371 2517 1523 2573 Multi
1562 2517 1706 2572 enim
1739 2527 2006 2585 perverse

420 2612 616 2665 mentis
647 2611 761 2681 ipsa
805 2620 1142 2665 terrenorum
1176 2609 1477 2680 principum
1517 2608 1834 2684 infidelitate
1872 2623 2005 2663 con-

420 2703 528 2769 ﬁsi,
559 2712 864 2773 surgentem
892 2703 1186 2758 Ecclesium
1214 2703 1354 2758 male
1377 2703 1593 2758 vivendi
1621 2700 1856 2772 pondere
1885 2715 2007 2770 pre-

419 2798 659 2861 mebant,
697 2807 718 2833 ο
746 2812 866 2851 cum
899 2795 989 2851 diu
1017 2811 1152 2866 quos
1184 2804 1406 2865 possent
1434 2795 1592 2849 modo
1614 2793 2007 2848 damnabilibus

418 2889 697 2957 exemplis,
729 2889 890 2944 modo
925 2889 1105 2955 minis,
1138 2887 1298 2943 modo
1337 2887 1720 2943 blandimentis
1763 2885 2008 2941 destrue-

419 2992 560 3050 rent,
592 2997 660 3038 ne
690 2992 828 3039 terra
860 2983 1038 3038 cordis
1082 2983 1390 3038 auditorum
1421 2983 1489 3036 ad
1541 2982 1798 3050 spiritalis
1838 2981 2006 3034 semi-

421 3075 502 3127 nis
533 3073 762 3128 fructum
799 3077 1010 3130 exculta
1053 3075 1384 3144 perveniret.
1417 3076 1485 3128 At
1507 3089 1626 3127 cum
1660 3073 2006 3142 omnipotens

427 3162 568 3218 Deus
618 3164 759 3220 hunc
803 3163 1250 3221 rhinocerotem‘
1278 3165 1408 3219 loris
1454 3165 1567 3218 suis
1623 3166 1882 3230 subdidit,
1912 3180 2009 3235 per

2107 1987 2195 2056 jus
2225 1989 2408 2042 mundi
2437 1990 2786 2057 potestatibus
2823 1989 2923 2044 sub
2955 1990 3307 2046 rhinocerotis
3339 1991 3556 2045 nomine
3605 2007 3710 2045 su-

2111 2081 2295 2136 blimia
2325 2093 2634 2153 cognoscat,
2664 2085 2907 2153 sequitur
2943 2102 2957 2138 :

2735 2176 2955 2232 CAPUT
2996 2175 3084 2234 Vl.

2188 2266 2347 2322 Vsus.
2383 2267 2469 2321 ll.
2495 2296 2562 2309 -—
2588 2278 2612 2314 ις
2640 2267 2892 2335 Nunquid
2922 2270 3175 2338 ﬁduciam
3199 2269 3405 2324 habebis
3433 2270 3486 2322 in
3516 2285 3710 2341 magna

2112 2359 2416 2428 fortitudine
2445 2361 2576 2430 ejus,
2613 2369 2658 2410 et
2686 2361 3006 2429 derelinques
3036 2363 3079 2414 ei
3108 2361 3306 2414 labores
3335 2361 3493 2437 tu‘os.’

2181 2451 2235 2505 8.
2280 2449 2597 2518 Temporalis
2625 2451 2871 2520 principis
2903 2461 3204 2519 potestatem
3227 2453 3323 2506 sibi
3353 2453 3545 2507 servire
3572 2453 3710 2523 cogit

2112 2545 2365 2612 Christus,
2399 2546 2543 2612 eique
2569 2561 2718 2598 suam
2747 2545 3031 2598 Ecclesiam
3053 2547 3267 2600 credidit
3292 2562 3350 2600 ac
3373 2548 3710 2600 commenda-

2111 2638 2204 2691 vit.
2235 2665 2305 2678 —-
2328 2639 2383 2691 In
2431 2638 2792 2694 rhinocerotis
2825 2637 3135 2693 fortitudine
3168 2640 3416 2694 fiduciam
3452 2640 3710 2693 Dominus

2113 2731 2310 2786 habere
2335 2746 2393 2785 se
2423 2734 2636 2801 asserit,
2686 2733 2807 2801 quia
2839 2733 2983 2788 vires
3027 2747 3159 2802 quas
3191 2733 3558 2802 temporaliter
3600 2743 3711 2786 ter-

2114 2837 2244 2876 reno
2271 2823 2499 2891 principi
2553 2824 2795 2888 contulit,
2853 2824 2919 2878 ad
2967 2825 3170 2880 cultum
3197 2839 3308 2880 sua.I
3340 2823 3707 2879 venerationis

2113 2913 2414 2978 inclinavit,
2449 2923 2504 2968 ut
2525 2929 2590 2969 ex
2623 2924 2840 2984 accepta
2868 2926 3155 2986 potestate,
3188 2932 3284 2986 per
3311 2933 3472 2987 quam
3503 2918 3705 2972 dudum

2110 3016 2298 3062 contra
2348 3006 2514 3061 Deum
2549 3016 2840 3077 tumuerat,
2888 3008 3200 3078 religiosum
3233 3024 3372 3068 nunc
3402 3011 3515 3065 Deo
3544 3012 3710 3066 obse-

2113 3102 2296 3169 quium
2324 3101 2619 3171 impendat.
2649 3103 2766 3170 Quo
2796 3103 2938 3157 enim
2969 3105 3022 3158 in
3057 3103 3314 3160 mundum
3345 3105 3466 3174 plus
3505 3114 3711 3175 potest,

2113 3207 2180 3247 eo
2231 3209 2327 3262 pro
2357 3195 2543 3249 mundi
2582 3207 2799 3251 auctore
2846 3197 2962 3267 plus
3009 3199 3294 3265 prtevalet..
3322 3198 3452 3254 Nam
3497 3200 3628 3268 quia
3675 3215 3711 3255 a

421 3274 539 3314 eum
591 3259 734 3314 ί¹¹ί⁰⁰
779 3261 1052 3360 ῧξθδξπυηδ
1105 3259 1380 3360 dum“?
1418 3259 1609 3360 Ῐτθείξζ
1653 3258 1774 3360 MM.
1813 3260 2010 3360 qui?”
2039 3282 2085 3345 C
2116 3258 2372 3356 subjectis
2421 3287 2534 3355 ipse
2588 3258 2864 3352 metuitur;
2920 3258 3068 3344 tanlo
3123 3289 3331 3346 facilius
3392 3258 3706 3360 persuadet,

423 3365 694 3409 terrenum
750 3354 1100 3423 principatum
1151 3367 1262 3408 suae
1315 3351 1434 3406 fidei
1494 3351 1824 3421 subjugavit,
1875 3353 2008 3407 dura

423 3449 855 3519 persequentium
905 3447 1063 3500 corda
1097 3447 1374 3512 contrivit,
1423 3455 1482 3500 ut
1529 3447 1677 3515 quasi
1720 3446 2010 3500 confracta:

422 3541 593 3611 gleba:
630 3557 736 3596 non
761 3540 872 3610 jam
921 3539 1195 3595 obdurata:
1239 3548 1566 3609 premerent,
1600 3537 1694 3592 sed
1726 3537 1791 3592 ad
1826 3552 2012 3607 perce-

423 3642 508 3704 pta
541 3633 687 3687 verbi
717 3632 924 3688 semina
955 3633 1207 3687 resoluta!
1237 3631 1625 3700 germinarent.
1665 3628 1816 3686 Unde
1861 3641 2011 3687 recte

424 3740 562 3780 nunc
591 3726 705 3779 ait:
731 3724 834 3780 Aut
875 3727 1164 3796 confringet
1203 3725 1374 3796 glebas
1405 3723 1618 3779 vallium
1663 3735 1777 3795 post
1812 3724 1903 3777 te?
1933 3725 2013 3806 ᾼιι

422 3819 466 3872 si
495 3818 701 3872 diceret
743 3818 884 3872 sicut
912 3827 1034 3887 post
1078 3832 1164 3872 me
1184 3858 1198 3883 ,
1230 3818 1317 3886 qui
1347 3826 1624 3887 postquam
1658 3824 1891 3869 mentem
1921 3827 2013 3869 cu-

424 3911 641 3980 juslibet
672 3910 828 3965 elata:
866 3911 1145 3980 potestatis
1198 3910 1492 3979 ingredior,
1527 3923 1642 3974 non
1675 3907 1848 3960 solum
1893 3920 2011 3960 eam

427 4003 559 4058 mihi
585 4003 849 4058 subditam
884 4002 1072 4068 reddo,
1103 4001 1199 4058 sed
1231 4004 1392 4057 etiam
1441 4000 1508 4054 ad
1539 3999 1901 4054 conterendos
1941 3997 2016 4049 fi-

426 4096 510 4151 dei
538 4097 715 4150 hostes
745 4104 769 4132 °
793 4111 1040 4163 exerceo,
1076 4106 1131 4149 ut
1180 4103 1425 4163 potentes
1458 4092 1615 4160 hujus
1651 4091 1839 4172 szeculi
1875 4104 2014 4144 meae

427 4186 729 4243 formidinis
758 4185 890 4242 loris
922 4187 1086 4255 ligati,
1141 4202 1244 4239 non
1284 4186 1456 4238 solum
1509 4185 1559 4237 in
1612 4199 1697 4236 me
1727 4181 2014 4236 credentes

426 4288 802 4352 permaneant,
835 4279 927 4334 sed
956 4290 1008 4333 et
1039 4294 1132 4347 pro
1165 4292 1249 4332 me
1280 4278 1445 4349 999
1475 4277 1631 4331 alieni
1663 4275 1841 4329 cordis
1867 4274 2015 4328 duri-

426 4375 552 4429 tiam
585 4377 821 4430 zelantes
850 4373 1116 4442 frangant.

501 4468 555 4521 7.
601 4465 666 4520 In
690 4483 784 4521 suo
807 4467 922 4521 sinu
951 4465 1138 4520 multos
1171 4466 1339 4520 hostes
1370 4464 1519 4518 habet
1551 4463 1806 4528 Ecclesia,
1838 4471 2016 4517 contra

425 4575 551 4629 quos
577 4568 895 4614 terrenarum
933 4559 1223 4628 principum
1273 4575 1417 4628 opem
1458 4557 1657 4626 quterit.
1688 4585 1759 4598 —
1787 4555 1898 4610 Hoc
1920 4572 2016 4611 au-

2118 3386 2321 3445 quanto
2351 3386 2406 3433 et
2433 3394 2555 3433 eum
2589 3388 2852 3448 potestate
2898 3381 3099 3436 iudicat
3137 3383 3228 3453 qui
3257 3397 3383 3438 vere
3413 3394 3709 3440 metuatur.

2115 3467 2336 3523 Dicatur
2383 3486 2512 3542 ergo
2551 3490 2562 3524 :
2595 3471 2846 3542 Nunquid
2893 3473 3142 3542 ﬁduciam
3179 3476 3382 3530 habebis
3425 3477 3479 3530 in
3525 3493 3716 3548 magna

2113 3561 2416 3630 fortitudine
2443 3563 2599 3631 ejus?
2627 3563 2701 3618 Ac
2743 3566 2786 3617 si
2828 3564 3096 3621 diceretur
3122 3584 3135 3619 :
3165 3567 3233 3622 Ut
3271 3582 3392 3637 ego,
3423 3569 3513 3638 qui
3554 3567 3702 3622 vires

2117 3662 2461 3709 terrenarum
2488 3653 2790 3725 principum
2814 3671 2936 3712 meo
2966 3657 3132 3712 cultui
3155 3659 3454 3713 serviturus
3475 3659 3704 3728 aspicio.

2118 3743 2507 3800 Tantohcnim
2559 3761 2623 3802 ea
2667 3762 2787 3817 quae
2819 3763 2960 3803 nunc
3009 3749 3145 3818 agis,
3197 3749 3408 3804 minora
3463 3750 3711 3815 aestimo,

2118 3846 2316 3907 quanto
2328 3838 2439 3907 jam
2471 3837 2765 3908 praevideo,
2823 3838 2942 3909 quia
2979 3848 3034 3895 et
3062 3840 3296 3910 majores
3324 3841 3482 3910 hujus
3521 3841 3712 3896 mundi

2118 3931 2250 3984 mihi
2284 3937 2577 3999 potestates
2607 3921 2902 3985 inclinabo.
2938 3933 3081 3986 Bene
3110 3940 3287 3987 autem
3332 3931 3613 3988 subditur:
3645 3928 3715 3986 Et

2119 4024 2438 4092 derelinques
2483 4023 2528 4076 ei
2561 4021 2757 4076 labores
2788 4025 2939 4077 tuos?
2979 4023 3216 4079 Labores
3243 4025 3385 4078 enim
3415 4038 3542 4079 suos
3586 4023 3715 4079 huic

2119 4111 2446 4170 rhinoceroli
2480 4114 2740 4169 Dominus
2769 4116 3005 4185 reliquit,
3039 4115 3162 4187 quia
3193 4131 3462 4172 converso
3488 4127 3706 4172 terreno

2119 4204 2345 4274 principi
2373 4220 2490 4259 eam
2521 4219 2680 4274 quam
2724 4215 3040 4259 sua-morte
3086 4216 3354 4260 mercatus
3382 4216 3484 4269 est,
3521 4206 3710 4262 Eccle-

2120 4299 2252 4352 siam
2283 4296 2512 4352 credidit
2556 4298 2726 4368 :.quia
2758 4298 3013 4354 videlicet
3057 4299 3110 4353 in
3159 4299 3276 4368 ejus
3323 4314 3483 4352 manu
3513 4308 3714 4368 quanta

2120 4392 2481 4448 sollicitudine
2535 4408 2638 4461 pax
2693 4392 2816 4449 fidei
2873 4394 2943 4448 sit
3001 4392 3195 4448 tuenda
3257 4393 3548 4449 commisit.
3609 4395 3714 4448 Se-

2121 4485 2336 4556 quhur:

2422 4555 2650 4612 CAPUT
2692 4557 2784 4611 V'll
2816 4557 2961 4628 [γει.
3018 4557 3083 4622 V,
3119 4558 3242 4612 Rec.
3275 4555 3404 4627 IV].

425 4658 535 4703 tem
560 4649 702 4720 quod
734 4651 800 4704 de
827 4649 1131 4704 infidelibus
1163 4649 1414 4716 diximus,
1457 4648 1508 4702 in
1541 4646 1810 4716 plerisque
1849 4649 2007 4702 etiam
2039 4678 2093 4741 Β
2196 4649 2356 4703 Vens.
2412 4649 2498 4704 12.
2531 4680 2598 4689 -
2630 4649 2881 4719 Nunquid
2922 4652 3096 4705 credes
3137 4653 3182 4705 ei
3221 4652 3356 4721 quod
3401 4652 3586 4707 reddat
3621 4668 3710 4706 se-

425 4741 516 4810 qui
548 4741 667 4796 lidei
703 4744 917 4794 nomine
949 4749 1236 4796 censentur
1268 4740 1536 4794 videmus.
1590 4740 1736 4794 Multi
1781 4755 2010 4811 namque

426 4835 479 4888 in
524 4834 700 4888 medio
731 4835 1007 4888 humilium
1057 4836 1278 4889 fratrum
1328 4835 1486 4904 ι)οείιί
1540 4833 1701 4888 fidem
1731 4833 1899 4889 verbo
1933 4843 2009 4888 te-

426 4943 527 4982 nus
558 4936 762 4993 tenent,
786 4926 880 4982 sed
911 4926 1038 4980 dum
1062 4927 1312 4981 elationis
1340 4929 1563 4998 typhum
1594 4943 1698 4982 non
1729 4926 2010 4994 deserunt,

351 5005 353 5008 ’
425 5023 550 5076 dum
582 5037 716 5092 quos
766 5031 995 5092 possunt
1043 5020 1204 5076 illatis
1253 5021 1523 5077 violentiis
1575 5030 1844 5090 premunt,
1885 5022 2012 5076 dum

425 5115 876 5172 fructiﬁcantibus
926 5114 1047 5171 aliis
1093 5115 1195 5185 ipsi
1247 5129 1581 5184 nequaquam
1624 5117 1830 5171 semina
1869 5117 2018 5172 verbi

427 5209 717 5278 recipiunt,
765 5209 857 5264 sed
908 5208 976 5263 ab
1025 5207 1361 5262 exhortantis
1409 5221 1542 5261 voce
1591 5222 1776 5262 aurem
1834 5208 2018 5264 cordis

427 5309 697 5369 avertunt,
732 5301 818 5356 isti
849 5300 972 5371 quid
1021 5301 1189 5367 aliud,
1224 5314 1386 5370 quam
1419 5299 1695 5354 obdurata:
1744 5301 1915 5370 gleba:
1947 5302 2000 5357 in

499 5425 521 5451 ³
551 5416 743 5470 Pratel.
781 5426 829 5471 et
861 5415 1025 5479 ι]ιὶοη
1056 5418 1147 5470 sub
1181 5414 1472 5480 disciplina:
1497 5416 1734 5469 vinculis.

500 5486 789 5553 bl“.broic.,
848 5487 1069 5551 Pratel.,
1120 5489 1226 5540 duo
1275 5486 1694 5553 Germanenses,
1748 5503 1881 5556 quos
1925 5503 2016 5544 se-

427 5571 661 5625 quuntur
708 5568 917 5614 veteres
961 5559 1108 5612 Edit.
1163 5558 1332 5613 Paris.
1379 5569 1433 5612 et
1477 5557 1666 5624 B.|Sll.,
1715 5562 2013 5628 electorum,

426 5631 566 5696 quod
599 5632 848 5684 vitiosum
871 5645 995 5684 esse
1023 5645 1129 5682 non
1157 5629 1481 5684 dubitamus.

503 5711 524 5773 ιζ
551 5700 672 5773 ΧιιΙ.
827 5709 883 5773 et.
914 5702 1106 5773 l.audr.,
1144 5716 1261 5754 cum
1291 5702 1384 5755 diu
1410 5718 1511 5771 quo
1532 5715 1943 5773 possuntmoao.

497 5767 524 5806 ἀ
550 5771 666 5824 Val.
699 5772 803 5838 CL,
849 5771 986 5824 hunc
1017 5767 1698 5842 rhinocerota...lsubdidit,
1737 5772 1865 5830 dura
1903 5789 2016 5843 per-

427 5858 531 5910 seq.
590 5846 766 5908 corda,
821 5843 1036 5913 omissis
1087 5844 1338 5897 omnibus
1385 5845 1524 5901 aliis.
1584 5847 1746 5902 Corb.
1805 5845 2014 5913 Germ.,

429 5914 776 5966 rhinocerota.
801 5912 1012 5983 Germ.,
1043 5914 1439 5968 rhinocerotem.

2118 4751 2333 4796 mentem
2357 4741 2467 4808 tibi,
2496 4751 2542 4794 et
2571 4758 2746 4797 aream
2777 4754 2917 4796 tuam
2945 4746 3255 4814 congreget?

2187 4835 2242 4890 9.
2292 4833 2396 4887 Pro
2427 4833 2656 4888 Ecclesia
2686 4836 2819 4905 leges
2850 4835 3168 4907 promulgat;
3191 4836 3281 4906 qui
3313 4836 3512 4890 dudum
3535 4824 3716 4892 contra

2118 4943 2227 4980 eant
2259 4926 2518 4978 steviebat.
2541 4953 2611 4965 ——
2641 4924 2741 4991 Qui
2772 4923 2915 4978 aliud
2943 4939 3152 4989 semen,
3184 4926 3287 4978 nisi
3322 4926 3546 4980 verbum
3575 4942 3714 4995 pra:-

2117 5019 2400 5074 dicationis
2431 5017 2734 5085 accipitur?
2766 5016 2906 5070 sicut
2943 5019 2995 5070 in
3046 5017 3338 5087 Evangelio
3380 5017 3591 5073 Veritas
3621 5020 3712 5074 di-

2118 5116 2226 5169 cit:
2254 5112 2401 5166 Exiit
2427 5112 2517 5181 qui
2556 5111 2793 5174 seminat,
2847 5111 3102 5164 seminare
3133 5108 3346 5182 (Matth.
3384 5126 3497 5178 xm,
3530 5110 3618 5183 3);
3660 5122 3715 5168 et

2121 5208 2257 5262 sicut
2286 5204 2548 5274 prOplteta
2584 5203 2697 5256 ait:
2725 5200 2877 5255 Beati
2922 5204 3009 5271 qui
3048 5203 3309 5256 seminatis
3346 5219 3502 5270 super
3539 5219 3713 5258 omnes

2122 5316 2283 5369 aquas
2315 5296 2470 5368 (lsai.
2506 5312 2675 5362 χχιιι,
2698 5295 2816 5366 20).
2850 5296 2989 5363 Quid
3018 5296 3161 5352 aliud
3184 5312 3308 5352 area
3337 5299 3440 5352 nisi
3473 5298 3711 5355 Ecclesia

2197 5426 2220 5453 ο
2247 5414 2364 5468 Val.
2396 5413 2500 5477 CL,
2536 5429 2705 5467 exere.

2200 5487 2435 5552 fGilot.,
2492 5485 2684 5551 Vatic.,
2733 5483 2994 5540 Gussanv.
3039 5495 3094 5541 et
3131 5485 3227 5551 al.,
3263 5499 3385 5540 cum
3427 5485 3555 5541 Mss.
3610 5485 3710 5542 Ed.

2122 5561 2436 5624 Germ.,ad
2480 5561 2793 5626 profectum;
2847 5558 2974 5611 Mss.
3018 5558 3182 5612 Corb.
3217 5556 3425 5621 Germ.,
3475 5557 3712 5628 Anglic.,

2124 5634 2334 5695 Norm.,
2364 5640 2497 5698 etc.,
2527 5629 2932 5698 adprovectum.

2196 5711 2220 5748 ε
2251 5697 2495 5772 Laudun.
2521 5717 2533 5750 :
2562 5697 2834 5772 Nunquid,
2857 5699 3061 5772 habebis
3097 5699 3340 5771 ﬁduciam
3382 5706 3619 5772 magnam
3659 5703 3715 5758 in

2124 5777 2242 5847 fort.
2283 5771 2396 5826 Val.
2432 5772 2512 5825 Cl.
2543 5787 2555 5824 :
2587 5768 2836 5840 Nunquid
2859 5770 3062 5826 habebis
3097 5768 3253 5841 fidem
3273 5773 3329 5826 in
3363 5768 3488 5842 forti
3514 5775 3711 5847 magni-

2126 5845 2326 5899 tudine.

2197 5916 2223 5951 ³³
2252 5915 2365 5969 Duo
2390 5913 2600 5976 Germ.,
2645 5910 2810 5968 Laud.
2851 5920 2905 5967 et
2931 5917 3002 5980 ul.
3035 5912 3242 5980 Norm.,
3279 5921 3420 5969 tanta
3452 5925 3597 5977 ergo.
