4036 6348
375 313 475 372 επ

1118 313 1481 375 nonsunn
1520 315 1649 374 us.
1688 290 1891 372 χχχι.
1916 343 1999 367 η-
2034 313 2104 374 lN
2141 314 2369 381 CAPUT
2407 314 2629 376 χχχιχ
2668 316 2730 373 n.
2766 318 2906 377 .os.

2690 92 2717 105 ρ

3551 318 3664 380 518

372 428 536 487 debet
557 425 826 498 intelligi?
853 426 922 486 de
946 442 1049 500 qua
1078 428 1437 486 Prmcursoris
1464 444 1601 487 voce
1622 430 1816 486 dicitur
1845 448 1859 485 :
1893 428 1964 484 Et
1990 435 2044 493 Α
2073 431 2380 503 principum
2410 435 2563 491 timet
2599 450 2670 491 ne
2714 435 2964 491 amittant
3002 432 3127 489 boni
3160 432 3298 506 quod
3346 444 3491 499 sunt,
3524 442 3582 490 et
3607 434 3665 490 in

372 519 734 595 permundabit
761 535 935 576 aream
968 537 1118 577 suam
1147 521 1369 593 (Matth.
1402 538 1484 591 tu,
1518 522 1638 593 12).
1668 523 1801 592 Quis
1824 536 1956 593 ergo

369 614 425 669 in
468 612 624 669 initio
663 613 936 670 nascentis
986 612 1248 670 Ecclesue
1296 613 1563 683 crederet,
1596 614 1726 670 dum
1770 621 1964 669 contra

369 719 494 764 eam
540 706 636 762 ille
674 704 966 764 indomitus
1012 705 1344 777 principatus
1382 716 1541 763 terrm
1590 714 1670 762 tot
1714 706 1874 763 minis
1917 715 1972 761 et

368 795 696 856 cruciatibus
738 798 975 869 saeviret,
1026 797 1153 868 quia
1193 798 1508 854 rhinoceros
1554 798 1654 853 iste
1715 798 1827 853 Deo
1885 810 1968 853 se-

370 901 608 949 mentem
663 890 933 958 redderet,
994 890 1050 946 id
1097 900 1183 948 est
1234 901 1516 964 acceptum
1564 890 1969 971 praedicationis

368 984 596 1043 verbum
668 984 922 1057 operibus
988 984 1336 1057 repensaret?
1396 984 1530 1052 Quis
1576 985 1790 1056 1000
1842 998 1970 1054 pos-

360 1087 454 1135 set
514 1086 643 1134 tunc
708 1077 1052 1134 inlirmorum
1110 1078 1334 1134 credere
1400 1076 1548 1149 quod
1607 1078 1728 1149 ejus
1787 1092 1970 1133 aream

366 1168 770 1241 congregaret?
820 1168 959 1225 Ecce
1004 1168 1150 1226 enim
1194 1170 1359 1227 modo
1404 1184 1503 1241 pro
1530 1170 1773 1226 Ecclesia
1822 1170 1969 1240 leges

370 1262 692 1334 promulgat,
718 1261 809 1333 qui
830 1262 1030 1319 dudum
1053 1272 1238 1319 contra
1263 1278 1383 1319 eam
1404 1279 1501 1333 per
1521 1264 1667 1319 varia
1696 1271 1967 1319 tormenta
2012 1328 2015 1331 Α

366 1356 644 1412 saeviebat.
674 1355 817 1412 Ecce
865 1356 1132 1445 quaslibet
1158 1366 1348 1426 gentes
1392 1372 1585 1426 capere
1625 1358 1863 1427 potuerit
1893 1358 1964 1413 ad

367 1450 496 1506 lidei
524 1450 647 1506 illas
677 1450 904 1522 gratiam
950 1451 1227 1507 suadendo
1259 1452 1534 1520 perducit;
1579 1466 1765 1523 eisque
1792 1459 1955 1508 teter-

308 1556 309 1559 ‘
365 1559 495 1601 nam
525 1546 689 1600 vitam
720 1545 941 1614 indicat,
975 1544 1169 1616 quibus
1194 1547 1365 1616 captis
1395 1556 1718 1615 praesentem
1751 1556 1954 1602 servat.

362 1633 474 1692 Cur
527 1635 666 1693 hoc?
723 1636 858 1705 Quia
904 1635 1157 1693 videlicet
1202 1650 1388 1693 aream
1440 1652 1582 1693 nunc
1642 1647 1960 1708 congregat,

366 1743 527 1799 quam
556 1728 851 1799 aliquando
876 1730 1113 1800 superbo
1148 1744 1320 1787 cornu
1348 1729 1704 1802 dispergendo
1733 1732 1956 1787 ventila-

2072 524 2425 581 conversione
2471 528 2768 598 principum
2817 528 3031 592 tolerat,
3082 528 3203 596 quia
3252 527 3376 582 mali
3407 527 3666 583 simulant

2074 615 2245 673 bonos
2294 632 2355 675 se
2396 633 2536 695 esse,
2579 622 2886 691 quodnon
2935 630 3080 677 sunt.
3127 620 3279 676 Unde
3327 621 3669 690 omnipotens

2079 709 2243 778 Deus,
2269 710 2393 781 quia
2436 711 2835 770 rhinocerotem
2864 714 3003 770 hunc
3036 714 3165 768 loris
3206 714 3427 782 ligatum
3456 713 3481 751 ιι
3507 713 3668 782 dixit,

2075 802 2221 861 illico
2250 819 2538 875 pravorum
2568 806 2897 877 hypocrisim
2929 807 3187 872 subdidit,
3221 806 3405 863 dicens
3431 822 3445 865 :

2516 895 2746 955 CAPUT
2784 898 2897 954 Vlll
2928 899 3078 974 [Rea
3116 897 3205 971 v1.

2145 985 2309 1043 Vens.
2344 990 2433 1043 15.
2465 1019 2536 1030 -
2566 988 2749 1045 Penna
2789 993 3096 1048 strui/tionis
3143 993 3324 1048 similis
3372 1002 3445 1048 est
3484 991 3667 1064 pennis

2071 1079 2271 1135 herodii
2295 1089 2344 1135 et
2374 1083 2651 1154 accipitris.

2142 1174 2234 1230 ii.
2273 1176 2569 1231 Struthioni
2615 1194 2812 1248 pennas
2849 1179 3081 1248 habenti,
3129 1177 3219 1234 sed
3265 1194 3367 1233 non
3410 1178 3663 1243 volatum,

2070 1266 2267 1321 similes
2308 1280 2428 1322 sunt
2458 1268 3009 1339 hypocritte.,—Quis
3051 1271 3331 1326 herodium
3363 1279 3418 1326 et
3465 1266 3663 1339 accipi-

2074 1365 2213 1412 trem
2261 1360 2471 1415 nesciat
2499 1374 2627 1416 aves
2668 1361 2907 1432 reliquas
2936 1374 3131 1433 quanta
3167 1361 3372 1417 volatus
3403 1361 3485 1416 sui
3514 1361 3666 1415 velu-

2072 1449 2238 1505 citate
2288 1452 2709 1507 transcendant?
2757 1453 3007 1509 Struthio
3057 1470 3187 1509 vero
3238 1469 3429 1525 penum
3477 1466 3666 1508 eorum

2066 1541 2475 1633 similitudinem
2502 1545 2688 1613 habet,
2736 1546 2832 1601 sed
2864 1547 3073 1602 volatus
3099 1562 3285 1603 eorum
3331 1546 3664 1603 celeritatem

2036 1644 2043 1649 ‘
2068 1628 2177 1691 non
2205 1628 2385 1693 habet.
2415 1638 2461 1693 Α
2496 1649 2639 1694 terra
2666 1639 2863 1709 quippe
2901 1640 3101 1695 elevari
3132 1656 3237 1695 non
3265 1641 3427 1703 valet,
3473 1648 3526 1693 ct
3555 1638 3668 1693 alas

2065 1728 2221 1798 quasi
2264 1729 2332 1783 ad
2374 1730 2839 1801 volatum'specie
2895 1742 3051 1788 tenus
3094 1733 3276 1803 erigit,
3338 1734 3433 1788 sed
3488 1742 3665 1787 tamen

302 1856 309 1867 ι
368 1822 485 1878 bat.
530 1820 725 1877 Audiat
753 1822 916 1893 igitur
942 1822 1131 1880 beatus
1159 1822 1263 1880 Job
1302 1823 1432 1895 quid
1461 1823 1777 1894 gentilitatis
1803 1824 1957 1895 priu-
1988 1830 2039 1893 Β
2066 1836 2340 1892 nunquam
2366 1836 2425 1878 se
2470 1838 2500 1876 a
2532 1830 2677 1878 terra
2706 1822 2935 1879 volando
2971 1823 3274 1892 suspendit.
3307 1824 3385 1879 ita
3416 1834 3541 1879 sunt
3584 1822 3670 1877 ni-

371 1915 517 1986 cipes
537 1914 754 1986 iaciant,
779 1926 835 1973 et
866 1932 1203 1989 nequaquam
1230 1932 1290 1973 se
1315 1918 1460 1989 apud
1501 1918 1856 1987 semetipsum
1888 1917 1958 1975 de

372 2010 539 2082 gloria
559 2020 725 2067 tanta:
745 2025 860 2067 suae
887 2011 1103 2067 virtutis
1126 2011 1372 2067 extollat.
1420 2010 1622 2068 Audiat
1645 2019 1702 2066 et
1730 2026 1823 2067 rex
1864 2026 1962 2081 po-

374 2102 870 2172 tens,-potentiores
899 2100 1060 2173 hujus
1088 2101 1271 2159 mundi
1305 2116 1460 2174 reges
1492 2111 1690 2172 quanta
1720 2101 1832 2158 Deo
1860 2102 1958 2158 de-

367 2192 581 2249 votione
601 2192 950 2262 famulentur,
981 2203 1039 2251 et
1069 2194 1329 2249 virtutem
1361 2210 1512 2250 suam
1537 2196 1691 2269 quasi
1715 2210 1812 2265 pro
1844 2195 1960 2251 sin-

364 2284 649 2356 gularitate
670 2296 785 2343 ‘non
815 2288 995 2343 trahat
1019 2286 1073 2342 in
1095 2286 1345 2343 elationis
1367 2287 1577 2353 vitium,
1602 2288 1691 2358 qui
1714 2288 1878 2344 habet
1901 2288 1958 2344 in

365 2376 484 2434 aliis
513 2380 844 2451 exemplum,
871 2380 997 2451 quia
1040 2379 1141 2436 etsi
1179 2389 1307 2435 tunc
1333 2381 1385 2435 ei
1415 2379 1646 2437 similem
1700 2380 1959 2437 Dominus

366 2484 475 2527 non
499 2471 653 2539 vidit,
710 2473 907 2529 multos
935 2483 1116 2530 tamen
1162 2488 1259 2544 per
1287 2487 1423 2545 quos
1471 2472 1590 2544 ejus
1611 2473 1839 2546 gloriam
1871 2490 1959 2531 rc-

348 2561 612 2619 ~tunderet
648 2564 914 2633 praevidit.

441 2656 527 2711 10.
581 2655 685 2722 Qui
729 2666 1051 2713 terrenarum
1101 2660 1393 2732 principum
1438 2666 1574 2716 metu
1597 2700 1614 2728 ,
1672 2658 1962 2717 Ecclesium

366 2757 548 2821 aperta
578 2750 627 2803 vi
664 2765 848 2807 vexare
887 2768 989 2807 non
1036 2752 1250 2820 audent,
1281 2754 1348 2806 ad
1392 2752 1532 2808 varia
1560 2753 1761 2824 fraudis
1805 2771 1963 2826 argu-

364 2852 544 2897 menta
567 2852 950 2900 conuertuntur.
984 2844 1112 2901 Sine
1143 2846 1292 2901 hoste
1318 2862 1426 2901 esse
1451 2863 1555 2901 non
1580 2855 1744 2917 potest
1772 2845 1961 2902 Eccle-

368 2934 477 2989 sia.
505 2965 575 2976 —
605 2935 769 3006 Igitur
798 2938 919 3008 quia
971 2939 1172 2994 terreni
1224 2938 1491 3011 principes
1521 2954 1711 3010 magna
1747 2954 1807 2995 se
1850 2938 1964 2997 Deo

373 3023 681 3084 humilitate
731 3030 1107 3098 substernunt,
1151 3031 1304 3101 pravi
1352 3031 1595 3087 homines
1635 3032 1727 3102 qui
1757 3031 1960 3087 dudum

368 3129 559 3175 contra
589 3121 888 3179 Ecclesiam
917 3124 970 3179 in
1008 3116 1321 3180 inﬁdelitate
1362 3122 1520 3195 positi
1549 3132 1735 3194 aperta
1764 3124 1955 3181 adver-

2064 1914 2262 1971 mirum
2310 1929 2501 1971 omnes
2531 1914 2846 1987 hypocritm,
2877 1916 2967 1986 qui
3011 1916 3137 1971 dum
3186 1916 3449 1972 bonorum
3496 1918 3662 1976 vitam

2063 2006 2341 2076 simulant,
2373 2007 2732 2064 imitationem
2773 2019 2976 2063 sanctae
3000 2019 3023 2047 ο
3053 2008 3275 2064 visionis
3315 2008 3537 2077 habent,
3567 2011 3664 2068 sed

2068 2099 2353 2156 veritatem
2375 2111 2576 2175 sancta:
2598 2102 2829 2157 actionis
2850 2116 2959 2166 non
2980 2102 3202 2157 habent.
3231 2101 3442 2157 Habent
3464 2104 3664 2174 quippe

2074 2191 2525 2263 volandi'pennas
2548 2208 2644 2263 per
2673 2195 2931 2264 speciem,
2960 2194 3057 2250 sed
3085 2193 3139 2248 in
3173 2201 3315 2249 terra
3344 2206 3539 2263 repunt
3567 2211 3661 2263 per

2064 2285 2359 2351 actionem,
2392 2287 2515 2356 quia
2544 2286 2657 2341 alas
2687 2302 2783 2355 per
2816 2287 3041 2357 ligurum
3087 2287 3390 2343 sanctitatis
3418 2286 3447 2325 ἀ
3475 2298 3664 2345 exten-

2071 2377 2226 2447 dunt,
2250 2379 2346 2436 sed
2378 2395 2626 2436 curarum
2660 2379 2999 2436 satcularium
3028 2381 3265 2451 pondere
3313 2385 3652 2453 prasgravati,

2064 2472 2376 2539 nullatenus
2429 2488 2459 2527 a
2503 2481 2645 2527 terra
2706 2471 3072 2533 sublevantur.
3128 2472 3374 2543 Speciem
3424 2490 3659 2545 namque

2067 2563 2467 2641 Pharisaeorum
2510 2564 2809 2635 reprobans
2842 2564 3124 2630 Dominus,
3156 2564 3308 2635 quasi
3347 2564 3666 2621 struthionis

2068 2644 2302 2726 pennam
2337 2656 2547 2728 1001
2580 2655 2877 2725 redarguit,
2913 2672 3033 2727 quae
3063 2656 3120 2711 in
3148 2672 3313 2725 Opere
3342 2654 3485 2713 aliud
3512 2675 3666 2714 exer-

2068 2749 2200 2816 cuit,
2237 2758 2293 2803 et
2324 2748 2378 2801 in
2410 2736 2595 2803 colore
2638 2746 2785 2801 aliud
2814 2746 3072 2813 ostendit,
3124 2747 3348 2802 dicens:
3394 2746 3483 2803 Va:
3500 2750 3666 2817 vobis,

2067 2836 2266 2892 Scriba?
2296 2845 2343 2892 et
2373 2834 2635 2891 Pharisaei
2681 2837 2987 2907 hypocritae,
3017 2837 3141 2906 quia
3187 2837 3379 2891 similes
3415 2839 3537 2893 estis
3584 2855 3666 2893 se-

2066 2931 2261 3001 pulcris
2307 2928 2589 2995 dealbatis,‘
2623 2944 2737 2997 qua:
2766 2931 2893 2999 foris
2920 2930 3129 3000 quidem
3162 2940 3415 3000 apparent
3441 2931 3666 2986 homini-

2067 3023 2158 3078 bus
2207 3022 2459 3095 speciosa,
2506 3022 2644 3091 intus
2687 3037 2803 3076 vero
2840 3032 2960 3077 sunt
3002 3023 3155 3090 plena
3197 3022 3397 3077 ossibus
3439 3032 3666 3078 mortuo-
3742 3090 3747 3095 λ

2070 3132 2226 3182 rum;
2267 3116 2341 3203 ita
2366 3123 2414 3170 et
2442 3130 2531 3169 vos
2559 3116 2690 3186 foris
2717 3118 2978 3188 apparetis
3020 3116 3311 3203 hominibus
3352 3118 3496 3188 iusti,
3528 3119 3667 3175 intus

365 3211 532 3269 sitate
585 3216 899 3283 amviebant,
950 3232 1094 3273 nunc
1136 3218 1205 3273 ad
1248 3194 1375 3273 alia,
1400 3217 1615 3273 fraudis
1649 3210 1963 3288 argumenta
1989 3217 2035 3281 ρ
2068 3227 2186 3279 vero
2226 3194 2366 3281 pleni
2406 3208 2527 3264 estis
2576 3209 2795 3263 avaritia
2848 3219 2898 3264 et
2946 3194 3215 3280 iniquitate
3236 3208 3458 3279 (Matth.
3511 3226 3668 3283 χχιιι,

368 3313 671 3363 vertuntur.
702 3307 841 3377 Quia
872 3310 1016 3365 enim
1057 3309 1180 3365 illos
1209 3309 1523 3381 religionem
1552 3311 1800 3367 venerari
1828 3326 1960 3367 con-

366 3395 621 3469 spiciunt,
646 3399 753 3470 ipsi
802 3401 1009 3456 cultum
1039 3401 1315 3473 religionis
1362 3410 1662 3467 assumunt,
1694 3412 1750 3457 et
1786 3402 1959 3459 bono-

366 3507 487 3548 rum
517 3492 681 3550 vitam
728 3493 831 3549 sub
870 3493 1141 3566 despectis
1191 3495 1428 3552 vestibus
1478 3495 1674 3566 iniquis
1715 3496 1959 3553 moribus

367 3597 640 3656 premunt.
685 3587 868 3644 Mundi
909 3588 1110 3661 quippe
1154 3588 1630 3653 dilectores-sunt,
1667 3587 1876 3659 hocque
1905 3588 1962 3644 in

367 3694 428 3735 se
456 3682 600 3751 quod
645 3682 895 3740 homines
944 3694 1273 3740 venerentur
1321 3683 1635 3748 ostendunt,
1665 3693 1829 3753 atque
1878 3682 1960 3740 eis

366 3773 458 3840 qui
486 3788 614 3828 vere
638 3775 957 3844 semetipsos
978 3774 1302 3846 despiciunt,
1337 3790 1441 3829 non
1466 3782 1670 3841 mente,
1693 3772 1791 3828 sed
1811 3782 1962 3828 veste

368 3864 711 3934 copulantur.
742 3866 876 3934 Quia
906 3867 1052 3921 enim
1082 3876 1405 3938 praesentem
1446 3866 1674 3937 gloriam
1715 3873 1961 3921 amantes

368 3958 586 4027 assequi
622 3972 731 4014 non
759 3968 1008 4028 possunt,
1049 3958 1205 4030 quasi
1233 3958 1597 4030 despicientes
1636 3967 1958 4029 sequuntur.

366 4049 473 4118 Qui
517 4050 644 4121 quid
673 4052 913 4108 sentiunt
940 4060 1129 4108 contra
1174 4051 1346 4108 bonos
1369 4051 1742 4119 ostenderent,
1775 4050 1823 4107 si
1861 4065 1959 4122 ap-

368 4147 483 4199 tum
506 4142 759 4214 nequitiae
786 4152 994 4216 tempus
1016 4144 1337 4202 invenirent.
1373 4142 1519 4219 [γει.
1552 4142 1677 4217 VL]
1694 4144 1818 4201 Sed
1842 4142 1959 4199 haec

366 4234 533 4292 etiam
566 4247 886 4308 argumenta
930 4252 1216 4308 pravorum
1249 4248 1277 4276 ³
1304 4238 1370 4293 ad
1423 4238 1721 4294 electorum
1767 4249 1962 4306 purga-

367 4337 547 4385 menta
574 4328 885 4400 proﬁciunt.
918 4327 1116 4386 Sancta
1139 4330 1284 4386 enim
1315 4328 1557 4386 Ecclesia
1585 4327 1814 4385 transire
1842 4326 1961 4384 sine

371 4421 555 4479 labore
582 4421 898 4479 teutatiouis
929 4436 1041 4477 non
1070 4428 1250 4492 potest
1281 4431 1528 4492 tempora
1558 4420 1960 4492 peregrinatio-

371 4513 476 4582 nis,
503 4529 626 4585 quat
652 4514 756 4570 etsi
798 4512 934 4569 loris
960 4520 1178 4583 apertos
1224 4512 1410 4569 hostes
1447 4527 1555 4568 non
1599 4509 1784 4580 habet,
1817 4512 1960 4567 intus

2068 3300 2183 3372 27).
2218 3302 2297 3362 Ac
2324 3298 2368 3356 si
2412 3299 2661 3356 diceret:
2703 3300 2999 3357 Sublevare
3047 3317 3145 3357 vos
3194 3301 3407 3358 videtur
3454 3301 3668 3374 species

2070 3410 2282 3465 pennae,
2314 3392 2413 3450 sed
2442 3394 2496 3450 in
2527 3393 2727 3450 inlimis
2756 3408 2851 3450 vos
2879 3392 3134 3463 deprimit
3172 3394 3384 3464 pondus
3414 3396 3560 3449 vitae.
3585 3393 3666 3452 De

2070 3490 2173 3545 hoc
2198 3486 2449 3559 pondere.
2466 3501 2564 3558 per
2590 3486 2915 3557 Pr0phetam
2952 3487 3151 3543 dicitur
3175 3504 3187 3541 :
3219 3486 3348 3541 Filii
3366 3487 3658 3556 hominum,

2067 3596 2329 3653 usquequo
2356 3589 2379 3617 ο
2410 3596 2588 3651 graves
2604 3585 2759 3635 corde
2780 3578 2954 3649 (Psal.
2983 3594 3059 3646 ιν,
3088 3578 3188 3650 3)?
3217 3578 3382 3648 Hujus
3401 3578 3666 3635 struthio-

2066 3673 2153 3728 nis
2187 3688 2573 3729 conversurum
2605 3689 2665 3730 se
2692 3673 3022 3744 hypocrisim
3067 3673 3329 3729 Dominus
3358 3672 3664 3743 pollicetur,

2066 3779 2187 3821 cum
2227 3779 2325 3836 per
2355 3766 2673 3836 prophetam
2697 3764 2830 3822 dicit
2862 3784 2877 3821 :
2903 3763 2924 3803 ί
2962 3764 3339 3835 Gloriﬁcabunt
3386 3783 3466 3821 me
3494 3767 3664 3822 bestite

2066 3858 2202 3930 agri,
2249 3859 2500 3913 dracones
2542 3867 2591 3913 et
2634 3858 2945 3913 struthiones
2985 3854 3142 3929 (Isai.
3187 3873 3338 3924 xutt,
3371 3857 3489 3930 20).
3519 3858 3663 3925 Quid

2066 3951 2213 4007 enim
2259 3950 2557 4007 draconum
2609 3953 2850 4016 nomine,
2898 3950 3004 4007 nisi
3044 3951 3098 4006 in
3142 3960 3331 4022 aperto
3378 3952 3663 4010 malitiosa

2064 4054 2277 4102 mentes
2306 4046 2702 4116 exprimuntur,
2735 4060 2857 4118 qua:
2885 4060 2980 4117 per
3008 4054 3209 4103 terram
3242 4062 3459 4123 semper
3488 4048 3542 4103 in
3577 4047 3659 4103 in-

2067 4137 2211 4193 timis
2239 4137 2657 4209 cogitationibus
2684 4140 2916 4204 repunt?
2943 4139 3083 4207 Quid
3111 4155 3242 4197 vero
3272 4155 3369 4210 per
3399 4140 3661 4215 struthio-

2068 4245 2197 4287 num
2228 4231 2551 4288 vocabulum
2583 4230 2683 4289 nisi
2714 4232 2771 4287 hi
2794 4232 2886 4303 qui
2926 4247 2987 4288 se
3015 4233 3189 4289 bonos
3216 4233 3473 4289 simulant
3517 4233 3662 4290 desi-

2064 4334 2318 4395 gnantur,
2347 4327 2435 4398 qui
2475 4326 2781 4383 sanctitatis
2806 4326 2973 4381 vitam
2993 4326 3152 4399 'quasi
3177 4327 3388 4385 volatus
3426 4342 3660 4398 pennam

2063 4433 2161 4489 per
2191 4420 2428 4488 speciem
2469 4421 2725 4487 retinent,
2757 4419 2857 4476 sed
2898 4434 2995 4490 per
3035 4434 3199 4490 opera
3226 4436 3334 4477 non
3362 4422 3663 4477 exercent?

2066 4508 2374 4567 Glorilicari
2426 4511 2611 4584 itaque
2638 4526 2701 4568 se
2731 4510 2993 4567 Dominus
3040 4527 3072 4566 a
3112 4511 3347 4571 dracone
3374 4514 3461 4569 vel
3510 4524 3659 4570 stru-

372 4610 549 4663 tamen
578 4604 777 4663 tolerat
801 4603 958 4661 ﬁctos
1000 4604 1220 4661 fratres.
1267 4603 1405 4660 Nam
1432 4613 1623 4660 contra
1657 4604 1786 4659 vitia
1817 4618 1960 4660 sem-
1988 4628 2041 4691 υ
2069 4603 2254 4660 thione
2282 4605 2499 4672 asserit,
2547 4604 2675 4675 quia
2704 4612 2761 4661 et
2787 4612 2974 4675 aperte
3020 4603 3215 4671 malos,
3246 4614 3302 4661 et
3327 4604 3458 4661 ﬁcte
3485 4606 3661 4665 bonos

371 4712 466 4766 per
493 4700 549 4755 in
578 4698 699 4755 acie
725 4707 829 4768 est,
882 4706 939 4755 et
975 4697 1139 4755 habet
1187 4696 1349 4754 etiam
1379 4696 1530 4768 pacis
1575 4705 1818 4767 tempore
1846 4694 1965 4751 bel-

364 4790 477 4850 lum
506 4806 695 4861 suum;
740 4800 798 4850 et
838 4792 1069 4851 fortasse
1117 4789 1333 4863 gravius
1379 4787 1635 4861 afﬂigitur
1683 4803 1808 4845 cum
1854 4803 1962 4845 non

363 4893 751 4943 extraneorum
804 4870 1026 4952 ictibus,
1071 4883 1168 4942 sed
1205 4897 1431 4941 suorum
1486 4882 1733 4939 moribus
1786 4880 1963 4952 impu-

366 4986 579 5050 gnatur.
612 4976 739 5035 Sive
782 4977 966 5050 itaque
1010 4975 1127 5048 illo,
1178 4991 1278 5035 seu
1319 4976 1428 5035 isto
1459 4978 1750 5047 tempore,'j
1768 4985 1851 5031 est
1882 4984 1961 5032 ta-

326 5086 327 5089 η
372 5086 493 5129 men
540 5084 759 5143 semper
798 5069 855 5127 in
911 5065 1121 5128 labore.
1181 5068 1322 5127 Nam
1374 5076 1430 5126 et
1473 5067 1529 5125 in
1584 5065 1963 5141 persecutione

447 5278 741 5354 ‘Longip.,
784 5279 984 5350 Land.,
1023 5276 1368 5354 duo_Germ.,
1400 5277 1519 5336 Val.
1549 5276 1662 5346 CL,
1698 5278 1766 5332 ad
1783 5277 1957 5354 _elei:t=

368 5346 918 5422 augmenti.'Turon.,
967 5346 1049 5407 ’ad
1096 5351 1375 5407 electorum
1411 5346 1963 5422 argumentassecuti

364 5420 553 5496 sumus
573 5426 815 5496 Ebroic.,
846 5426 1087 5494 aliosque
1116 5422 1303 5479 Norm.
1328 5430 1385 5478 et
1412 5420 1641 5478 Vindoc.
1673 5420 1816 5477 Editi
1862 5420 1961 5476 ha-

362 5494 513 5564 bent,
544 5498 613 5550 ad
635 5500 781 5553 elect.
801 5494 1047 5552 salutem.

433 5565 464 5607 δ
485 5569 752 5634 Laudun..
784 5567 950 5623 duxit.

440 5650 464 5679 ε
490 5640 568 5695 lta
616 5632 831 5697 Ebroic.
868 5639 1065 5709 aliique
1112 5636 1297 5693 Norm.
1339 5633 1531 5709 Vind.,
1572 5634 1679 5709 duo
1724 5632 1955 5709 Germ”

365 5712 566 5777 Laud.,
592 5710 847 5782 Longip.,
882 5705 1011 5782 Val.
1040 5709 1125 5766 Cl.
1156 5716 1212 5764 et
1247 5719 1403 5782 vetns
1441 5708 1583 5782 Edit.
1616 5705 1787 5762 Paris.
1823 5706 1959 5762 Alia:
2010 5746 2013 5747 γ

366 5784 570 5838 habent
612 5780 1047 5848 conuersationis,
1090 5781 1332 5849 meliori,
1382 5789 1440 5836 ut
1489 5780 1719 5841 videtur,
1769 5792 1955 5833 sensu.

366 5856 681 5927 Quanquam
705 5854 835 5912 visio
861 5851 948 5911 hic
962 5852 1279 5925 signiﬁcare
1306 5852 1476 5926 possit
1514 5854 1757 5939 speciem,
1788 5864 1961 5920 appa-

2068 4694 2383 4765 plerumque
2417 4694 2487 4750 ad
2518 4708 2624 4750 sua
2668 4694 2933 4765 obsequia
2976 4710 3045 4751 ex
3090 4695 3278 4751 intima
3329 4696 3659 4769 c0gitatlone

2066 4786 2351 4846 convertit.
2382 4787 2480 4844 Vel
2500 4800 2647 4843 certe
2673 4786 2787 4858 agri
2809 4786 3014 4852 bestiae,
3044 4785 3097 4844 id
3120 4796 3206 4844 est
3225 4788 3488 4846 dracones
3515 4799 3661 4847 stru-

2060 4878 2391 4949 thionesque
2420 4878 2708 4935 Dominum
2746 4878 3066 4951 gloriﬁcant,
3114 4896 3237 4937 cum
3264 4881 3424 4938 [idem
3450 4897 3571 4953 qua:
3600 4880 3658 4938 iu

2016 5022 2019 5027 .
2068 4973 2162 5029 illo
2184 4980 2270 5029 est
2296 4986 2359 5028 ea
2390 4985 2507 5043 quae
2529 4970 2585 5026 in
2616 4971 2721 5028 hoc
2750 4971 2953 5029 mundo
2977 4971 3181 5028 dudum
3213 4971 3526 5044 ,membrum
3556 4971 3657 5027 ditt-
3746 4986 3747 4993 ‘

2067 5068 2181 5126 boli
2215 5065 2397 5124 fuerat
2420 5064 2699 5138 gentilitas
2729 5066 2953 5124 exultat.
2985 5067 3159 5136 Quam
3183 5074 3238 5123 et
3262 5077 3484 5137 propter
3503 5063 3655 5120 mali~

2066 5280 2305 5363 rentiam,
2339 5287 2397 5335 ut
2423 5278 2587 5350 infra,
2610 5294 2669 5335 n.
2696 5276 2791 5349 26,
2815 5278 3151 5350 hypocrita...
3174 5269 3439 5344 religionis
3460 5270 3653 5328 visione

2062 5360 2293 5407 vestitur.
2596 5386 2629 5414 ,

2136 5422 2163 5459 α
2186 5422 2438 5490 Vimine,
2466 5422 2761 5480 ostendunt.

2141 5504 2165 5531 ο
2192 5495 2268 5551 lta
2297 5484 2491 5561 Laud.,
2527 5493 2644 5548 Val.
2691 5492 2795 5555 CL,
2844 5490 3043 5563 Protei.
3090 5503 3153 5546 ac
3192 5488 3355 5563 pler_.,
3390 5501 3485 5558 pro
3505 5484 3653 5563 gravi

2067 5568 2243 5647 corde,
2274 5567 2417 5635 quod
2446 5559 2643 5635 legitur
2669 5563 2724 5618 in
2753 5562 2914 5620 duob.
2960 5560 3145 5619 Germ.
3176 5559 3256 5627 fet
3306 5559 3362 5615 in
3401 5560 3650 5620 omnibus

2068 5636 2449 5786 Fdlf‘lindoct,
2481 5705 2590 5763 duo
2610 5704 2797 5786 Germ.
2846 5713 2919 5786 et_
2943 5703 3062 5786 Val.
3081 5704 3197 5786 .CL,
3221 5701 3545 5776 Gloriﬁcabit
3568 5718 3651 5768 ητα

2066 5780 2242 5847 bestia,
2274 5787 2330 5837 et
2358 5779 2516 5850 inira,
2544 5777 2621 5835 vel
2643 5776 2919 5852 certeagri
2945 5776 3117 5844 bestii,
