3976 6348
582 312 689 375 579

1780 294 2026 373 saiv‘c'rt
2062 298 2384 373 GREGORII
2428 302 2637 372 nitent
3684 320 3759 397 380

583 433 709 487 tiam
738 432 1028 488 draconum
1063 429 1279 484 nomine
1308 427 1618 498 exprobrat,
1651 436 1705 483 et
1734 430 2157 501 propter'hypo-
2183 433 2241 492 Α
2262 438 2308 480 et
2356 431 2554 484 nutrire
2608 431 2893 517 negiigun}.
2921 460 2988 471 —
3008 426 3149 499 Quid
3195 432 3331 490 enim
3378 446 3465 506 per
3501 448 3604 509 ova,
3633 456 3653 485 ο
3686 452 3762 508 nm

580 522 1101 581 crisimavocabulo
1159 520 1519 576 struthionum
1574 533 1741 577 natat.
1801 524 1962 591 Quasi
2018 525 2163 579 enim

547 634 781 688 pennas
828 615 1031 685 accepit
1089 614 1383 685 gentilitas,
1432 615 1525 669 sed
1562 616 1764 672 volare
1812 632 1920 671 non
1970 620 2161 685 potuit,

576 694 697 782 quae
720 721 773 766 et
815 722 1054 765 naturam
1104 710 1327 766 rationis
1371 706 1578 776 babuit,
1611 718 1665 767 et
1696 714 1965 768 actionem
1999 713 2164 767 ratio-

577 802 659 858 nis
688 802 972 872 ignoravit.

645 898 733 953 12.
774 897 938 952 Electi
987 896 1155 967 pauca
1210 899 1397 953 habent
1452 900 1535 952 hic
1588 916 1701 968 qua:
1728 916 1813 955 eos
1844 901 2160 970 deprimant,

574 989 734 1043 multa
765 1005 878 1060 qua:
907 1005 1109 1043 sursum
1136 991 1357 1054 tollant;
1384 1004 1529 1043 secus
1554 988 1773 1061 reprobi.
1799 1020 1868 1034 —-
1892 991 2161 1049 Habemus

573 1082 747 1137 adhuc
777 1082 920 1152 quod
953 1084 1004 1135 in
1035 1083 1470 1138 consideratione
1510 1084 1827 1139 struthionis
1882 1082 2041 1156 hujus
2094 1078 2163 1144 de

484 1216 491 1219 .
568 1176 826 1243 accipitre
850 1176 902 1229 et
936 1174 1156 1229 herodin
1197 1177 1453 1229 attentius
1501 1176 1911 1245 perpendamus.
1945 1180 2159 1246 Accipi-

571 1268 666 1322 tris
694 1267 890 1336 quippe
918 1275 971 1322 et
994 1267 1200 1322 herodii
1228 1283 1387 1336 parva
1421 1276 1547 1322 sunt
1571 1284 1817 1338 corpora,
1845 1266 1938 1325 sed
1969 1271 2161 1340 pennis

569 1354 915 1412 densioribus
940 1357 1096 1425 fulta,
1127 1367 1180 1411 et
1207 1357 1407 1413 idcirco
1452 1374 1573 1413 cum
1602 1360 1877 1417 celeritate
1914 1370 2159 1418 transva-

575 1450 707 1518 iant,
738 1453 862 1520 quia
893 1451 970 1506 eis
998 1450 1025 1489 δ
1062 1467 1245 1520 parum
1278 1452 1421 1507 inest
1447 1453 1585 1518 quod
1615 1462 1886 1523 aggravat,
1934 1456 2158 1512 multum

565 1542 705 1609 quod
740 1542 899 1598 levat.
932 1542 1001 1595 At
1028 1552 1211 1597 contra
1238 1543 1469 1608 Struthio
1501 1546 1639 1598 raris
1680 1545 1873 1614 pennis
1903 1544 2156 1613 induitur,

563 1647 616 1692 et
641 1636 861 1691 immani
892 1651 1122 1705 corpore
1152 1648 1422 1705 gravatur,
1474 1647 1527 1691 ut
1560 1636 1662 1692 etsi
1709 1640 1891 1693 volare
1921 1650 2156 1708 appetat,

564 1732 679 1803 ipsa
711 1746 1004 1800 pennarum
1035 1732 1278 1800 paucitas
1306 1732 1502 1786 molem
1531 1733 1663 1786 tanti
1690 1733 1934 1802 corporis
1957 1736 2006 1787 in
2033 1748 2157 1788 nera

2274 532 2460 579 tenera
2485 527 2661 580 adhuc
2687 526 2865 591 proles
2887 526 3221 596 exprimitur,
3250 543 3364 600 quin
3382 532 3464 586 ‘dlu
3483 534 3672 593 fovenda
3684 554 3761 614 Bst,

2266 626 2325 671 ut
2352 617 2419 672 ad
2450 617 2627 673 vivum
2663 618 2873 677 volatile
2900 619 3257 691 perducatur?
3299 623 3404 680 Ova
3426 628 3600 698 quippe
3622 630 3764 689 insen-

2266 710 2442 763 sibilia
2480 711 2530 763 in
2563 713 2868 780 semetipsis
2914 714 3062 782 sunt,
3112 714 3203 769 sed
3250 722 3422 772 tamen
3456 720 3694 789 calefacta,
3728 729 3764 782 in

2268 799 2384 855 iiva
2419 800 2657 857 volatilia
2689 812 3094 869 convertuntur.
3136 806 3210 860 Ita
3238 809 3473 865 nimirum
3498 816 3672 881 parvuli
3694 832 3765 871 au-

2265 892 2466 948 ditores
2496 896 2557 949 ac
2605 896 2699 950 lilii
2752 904 2961 951 certum
3004 905 3106 962 est,
3158 898 3297 969 quod
3340 898 3502 971 frigidi
3549 905 3767 965 insensibi-

2266 984 2448 1055 lesque
2470 986 2803 1055 remaneant,
2826 988 2924 1043 nisi
2966 988 3203 1046 'doctoris
3229 994 3309 1047 sui
3338 994 3546 1051 sollicita
3572 1002 3768 1055 exhorta-

2262 1077 2409 1131 tione
2434 1076 2705 1132 caletlant.
2734 1078 2813 1133 Ne
2842 1079 3003 1149 igitur
3030 1081 3272 1138 derelicti
3311 1084 3364 1139 in
3389 1099 3477 1139 sua
3506 1088 3769 1147 insensibili-

2265 1177 2371 1223 tate
2398 1180 2729 1238 torpescant,
2757 1172 2973 1228 assidua
3002 1175 3281 1230 ductorum
3306 1188 3433 1233 voce
3459 1179 3769 1251 lovendisunt,

2263 1279 2537 1334 quousque
2567 1265 2781 1322 valeant
2812 1277 2867 1323 et
2894 1284 2989 1338 per
3017 1270 3413 1341 intelligentiam
3442 1274 3621 1342 vivere,
3645 1284 3771 1343 etpet

2261 1358 2764 1426 contemplationem
2796 1363 2996 1417 volare.
3020 1360 3153 1429 Quia
3181 1377 3308 1419 vero
3338 1364 3605 1435 hypocrita:
3624 1374 3766 1438 qum-

2262 1450 2343 1502 vis
2375 1456 2623 1518 perversa
2654 1466 2871 1523 semper
2911 1464 3222 1524 operentur,
3272 1457 3413 1528 loqui
3468 1469 3626 1515 tamen
3665 1472 3769 1518 recti

2265 1557 2369 1596 non
2401 1544 2687 1612 desinunt;
2721 1546 2860 1603 bene
2882 1558 3058 1603 autem
3090 1540 3357 1619 laquendo
3383 1551 3432 1605 in
3463 1553 3559 1608 ﬁde
3582 1556 3653 1609 vel
3677 1566 3769 1611 con-

2262 1636 2566 1692 versatione
2614 1638 2753 1693 ﬁlios
2802 1641 3037 1708 pariunt,
3068 1638 3166 1697 sed
3193 1656 3287 1698 eos
3325 1642 3457 1699 bene
3483 1642 3678 1701 vivendo
3698 1662 3769 1701 nu-

2264 1729 2389 1781 trire
2422 1744 2524 1782 non
2568 1741 2814 1798 possunt,
2847 1745 2992 1789 recte
3021 1733 3089 1788 de
3118 1734 3218 1789 hac
3267 1736 3552 1791 struthione
3585 1739 3767 1793 dicitur:

563 1837 667 1876 non
698 1812 1010 1890 suspendat.
1061 1822 1205 1876 Bene
1249 1837 1378 1893 ergo
1428 1823 1481 1877 in
1524 1822 1748 1877 herodio
1798 1835 1851 1878 et
1900 1823 2155 1893 accipitre
2188 1818 2235 1878 Β
2265 1820 2391 1885 Quae
2446 1821 2757 1892 derelinquit
2792 1827 2856 1878 ‘in
2904 1836 3041 1879 terra
3096 1830 3193 1880 otia
3242 1840 3354 1881 sua.
3392 1829 3571 1884 Curam
3599 1846 3770 1899 namque

560 1915 851 1969 electorum
886 1929 1117 1984 persona
1143 1915 1405 1987 signatur,
1440 1914 1528 1986 qui
1581 1917 1814 1986 quandiu
1849 1916 1897 1970 in
1927 1916 2027 1972 hac
2052 1916 2157 1973 vita

560 2018 703 2074 sunt,
733 2008 849 2063 sine
880 2008 1355 2077 quantulacunque
1385 2010 1557 2077 culpae
1606 2010 1853 2078 contagio
1883 2025 2001 2065 esse
2051 2027 2157 2065 non

559 2108 800 2167 possunt.
825 2098 931 2153 Sed
956 2114 1076 2152 cum
1094 2098 1172 2151 eis
1195 2114 1381 2169 parum
1400 2099 1526 2167 quid
1553 2102 1692 2153 inest
1717 2100 1856 2169 quod
1884 2100 2152 2169 deprimit,

557 2191 720 2245 multa
746 2192 913 2245 virtus
941 2190 1094 2245 bona:
1157 2190 1385 2244 actionis
1431 2194 1661 2258 suppetit
1690 2208 1807 2260 qua:
1834 2192 1951 2245 illos
1979 2194 2031 2245 in
2062 2208 2151 2245 su'

560 2262 726 2355 per'na
749 2284 1007 2337 sustollit.
1041 2288 1111 2337 At
1141 2293 1327 2337 contra
1365 2283 1664 2351 hypocrita,
1702 2286 1801 2338 etsi
1836 2284 1961 2338 facit
1991 2300 2157 2352 pauca

560 2390 679 2441 qua:
711 2374 947 2439 elevent,
982 2384 1248 2442 perpetrat
1288 2372 1453 2426 multa
1508 2389 1627 2442 qua:
1679 2386 1937 2443 gravent-
1973 2376 2155 2445 Neque

556 2467 697 2521 enim
731 2466 877 2520 nulla
908 2467 1047 2520 bona
1096 2467 1208 2531 agit
1253 2466 1555 2535 hypocrita,
1589 2469 1683 2520 sed
1732 2454 1923 2537 quibus
1952 2483 2016 2524 ea
2040 2468 2153 2537 ipsa

559 2556 847 2625 deprimat,
897 2557 1066 2610 multa
1114 2572 1365 2626 perversa
1415 2559 1723 2612 committit.
1760 2560 1947 2614 Paucae
1995 2552 2154 2631 igitur

559 2662 748 2715 penna:
779 2664 972 2715 corpus
1023 2647 1337 2702 struthionis
1372 2664 1476 2703 non
1524 2650 1833 2716 sublevant,
1879 2653 2003 2722 quia
2028 2669 2152 2722 par-

561 2754 684 2793 vum
712 2738 908 2793 benum
942 2739 1234 2811 hypocrita:
1263 2742 1546 2793 multitudo
1572 2756 1748 2809 prava:
1778 2745 2005 2797 actionis
2031 2758 2153 2815 gra-

555 2841 663 2884 vat.
701 2830 826 2885 Haec
857 2847 1067 2901 quoque
1114 2832 1225 2902 ipsa
1273 2833 1593 2887 struthionis
1628 2849 1799 2903 penna
1832 2836 1896 2888 ad
1949 2852 2151 2905 pennas

554 2923 764 2979 berodii
791 2935 845 2979 et
874 2924 1146 2993 accipitris
1174 2925 1582 2981 similitudinem
1605 2927 1801 2980 coloris
1825 2929 2003 2991 habet,
2038 2932 2149 2983 vir-

458 3016 461 3019 ’
553 3018 679 3073 tutis
710 3035 837 3073 vero
866 3018 1276 3073 similitudinem
1306 3036 1413 3074 non
1450 3021 1628 3075 habet.
1658 3021 1876 3075 Iliorum
1921 3038 2151 3093 namque

553 3112 820 3166 CttthiUSIB
852 3123 904 3166 et
935 3112 1197 3166 ﬁrmiores
1228 3123 1373 3180 sunt,
1407 3122 1463 3169 et
1483 3116 1657 3168 volatu
1691 3129 1870 3169 aerem
1899 3130 2147 3183 premere

2265 1912 2497 1965 ﬁliorum
2540 1913 2816 1982 hypocrita
2865 1917 3100 1991 tiegligit,
3147 1921 3267 1987 quia
3320 1934 3386 1974 ex
3437 1936 3602 1975 amore
3634 1921 3769 1975 intimo

2261 2004 2422 2057 rebus
2467 2019 2527 2059 se
2572 2008 2929 2062 exterioribus
2950 2010 3153 2075 subdit,
3202 2011 3255 2065 in
3300 2011 3483 2081 quibus
3505 2023 3768 2082 quantouis-

2261 2096 2339 2164 gis
2371 2098 2663 2159 extollitur,
2691 2108 2840 2153 tanto
2866 2102 3043 2156 minus
3066 2101 3135 2156 de
3166 2103 3331 2171 prolis
3352 2117 3459 2157 suae
3486 2104 3667 2159 deiectu
3684 2117 3766 2157 cra-

2259 2188 2449 2242 ciatnr.
2483 2192 2594 2244 Ova
2621 2206 2750 2261 ergo
2791 2194 2846 2247 in
2876 2202 3019 2248 terra
3049 2194 3404 2266 dereliquisse
3429 2208 3508 2251 est
3543 2192 3671 2251 natos
3703 2210 3767 2265 pit

2261 2281 2671 2333 conversionem
2728 2281 2865 2336 filios
2916 2298 3253 2354 nequaquam
3293 2298 3321 2336 a
3369 2286 3576 2340 terrenis
3617 2287 3767 2341 actibus

2263 2372 2583 2438 interposito
2613 2374 3013 2430 exhortationis
3068 2378 3200 2432 nido
3244 2379 3571 2445 suspendere.
3617 2383 3702 2433 Uva
3732 2381 3767 2432 in

2265 2471 2406 2517 terra
2429 2465 2781 2534 dereliquisse
2804 2478 2887 2521 est
2906 2470 3108 2522 nullutn
3127 2470 3372 2525 cmlestis
3396 2471 3511 2525 vita:
3528 2470 3627 2525 ﬁliis
3639 2485 3767 2524 exem-

2261 2556 2401 2621 plum
2437 2557 2699 2625 praebere.
2732 2559 2865 2626 Quia
2897 2544 3038 2614 enim
3097 2562 3398 2631 hypocrita
3433 2576 3522 2630 per
3565 2562 3765 2617 cbaritatis

2261 2648 2467 2704 viscera
2494 2667 2597 2705 non
2620 2654 2819 2717 calent,
2853 2652 2921 2709 de
2948 2662 3163 2723 torpore
3193 2656 3357 2723 prolis
3386 2654 3554 2719 editae,
3578 2655 3616 2706 id
3639 2651 3764 2707 estde

2255 2757 2478 2798 ovorum
2503 2760 2722 2801 suorum
2754 2748 2951 2816 frigore
2978 2764 3317 2819 nequaquam
3338 2750 3541 2816 dolent;
3565 2756 3761 2817 eiduanlo

2255 2849 2314 2890 se
2337 2837 2583 2892 libentius
2614 2839 2840 2893 terrenis
2862 2840 3070 2895 actibus
3101 2841 3377 2907 inserunt,
3412 2822 3545 2895 tanto
3563 2842 3756 2909 negligen-

2257 2926 2359 2979 tius
2412 2943 2507 2982 eos
2551 2945 2684 2999 quos
2716 2929 2733 2968 ί
2769 2942 3034 3000 generant
3062 2946 3233 3003 agere
3282 2944 3485 2990 terrena
3511 2934 3757 3002 permittunt.

2254 3019 2360 3074 Sed
2383 3021 2517 3089 quis!
2533 3022 2820 3077 derelictos
2853 3024 3261 3093 hypocritarum
3283 3030 3289 3043 '
3310 3027 3445 3080 filios
3471 3039 3659 3089 superna
3675 3036 3762 3074 cura

2254 3126 2359 3164 non
2389 3113 2613 3179 deserit,
2645 3115 2930 3170 nonnullos
2956 3131 3193 3185 namque
3221 3120 3381 3172 etiam
3413 3134 3477 3172 ex
3504 3116 3660 3169 talibus
3681 3111 3764 3165 inu-

558 3205 753 3259 virtnte
780 3219 891 3259 suae.
923 3205 1206 3273 soliditatis
1235 3217 1478 3287 possunt.
1525 3207 1594 3261 At
1620 3219 1805 3262 contra
1834 3209 2150 3265 struthiouis
2178 3205 2223 3268 C
2255 3220 2339 3258 ma
2362 3207 2629 3262 electione
2658 3208 2954 3276 praescitos,
2990 3212 3201 3282 largitae
3220 3214 3405 3285 gratia:
3434 3222 3648 3281 respectu
3668 3206 3758 3263 calt-

561 3311 751 3366 penna:
783 3297 1079 3363 dissolutm,
1106 3314 1169 3353 eo
1203 3296 1436 3353 volatum
1468 3315 1682 3355 sumere
1724 3304 2019 3369 nequeunt,
2043 3317 2150 3372 quo

556 3392 624 3446 ab
647 3390 765 3459 ipso
797 3406 955 3458 quem
988 3406 1236 3461 premere
1265 3392 1561 3447 debuerant
1604 3408 1729 3448 aere
1760 3394 2149 3450 transcendun-

556 3493 662 3538 tur.
696 3484 833 3549 Quid
864 3499 993 3553 ergo
1020 3482 1072 3536 in
1102 3484 1183 3538 his
1216 3486 1506 3555 aspicimus
1546 3487 1650 3539 nisi
1679 3487 1818 3554 quod
1852 3487 2149 3543 electorum

550 3566 778 3632 virtutes
837 3578 1021 3632 solidae
1062 3578 1297 3642 evolant,
1348 3589 1405 3632 ut
1449 3590 1639 3633 ventos
1690 3579 1904 3634 humani
1949 3581 2150 3636 favoris

557 3670 844 3736 premant?
894 3666 1307 3740 Hypocritarum
1342 3686 1471 3724 vero
1503 3672 1642 3725 actio
1673 3674 1965 3739 quamlibet
2006 3684 2150 3729 recta

550 3757 813 3821 videatur,
838 3757 1020 3811 volare
1049 3775 1152 3811 non
1184 3758 1403 3825 sufﬁcit,
1438 3762 1562 3829 quia
1600 3761 1847 3816 videlicet
1869 3761 2023 3818 ﬂuxa:
2042 3766 2150 3818 vir-

553 3850 679 3902 tutis
711 3861 937 3917 pennam
965 3849 1212 3903 humaita:
1239 3850 1413 3904 laudis
1446 3866 1573 3905 aura
1604 3855 1916 3920 pertransit.

628 3941 838 4013 1002
869 3939 1012 4011 [νει.
1052 3938 1207 4012 γη]
1240 3941 1324 3994 15.
1362 3941 1482 3995 Veri
1506 3942 1784 3996 Christiani
1815 3965 1840 3994 ιι
1875 3945 2042 4015 falsis,
2088 3962 2150 3999 ea:

549 4032 801 4103 fructibus
834 4032 1181 4085 discernendi.
1209 4032 1402 4086 —Sed
1440 4047 1568 4087 ecce
1622 4048 1742 4086 cum
1793 4050 1953 4087 unum
2000 4053 2149 4089 eum-

548 4122 778 4193 dcmque
811 4123 1074 4199 bonorum
1110 4114 1479 4192 malorumque
1513 4135 1536 4163 α
1564 4126 1801 4179 habitum
1856 4131 2144 4197 cernimus,

548 4229 669 4270 cum
710 4215 880 4281 ipsam
912 4215 965 4267 in
994 4216 1183 4269 electis
1228 4230 1289 4268 ac
1338 4218 1583 4284 reprobis
1629 4218 1984 4285 professionis
2016 4236 2144 4290 spe-

547 4309 685 4363 ciem
719 4308 981 4369 videmus,
1016 4309 1157 4363 unde
1197 4317 1395 4362 nostrae
1430 4310 1797 4378 intelligentia}
1815 4322 2061 4380 suppetat
2092 4325 2149 4369 ut

549 4401 752 4456 electos
783 4412 811 4454 a
842 4400 1106 4469 reprobis,
1151 4416 1178 4453 a
1228 4401 1381 4456 falsis
1429 4417 1586 4457 veros
1637 4405 2146 4473 comprehendendo

548 4494 859 4549 discernat?
890 4495 1042 4561 Quod
1070 4504 1245 4549 tamen
1292 4496 1453 4549 citius
1495 4500 1857 4566 agnoscimus,
1896 4496 1921 4535 ά
1948 4502 1991 4555 si
2022 4504 2146 4557 inti-

2255 3301 2397 3366 facit,
2428 3312 2573 3356 recte
2603 3303 2947 3373 subjungitur
2976 3322 2990 3358 ε

2720 3393 2947 3450 CAPUT
2991 3395 3034 3449 Χ
3069 3396 3228 3468 ilice.
3271 3396 3391 3469 γη.

2327 3485 2452 3538 luto.
2480 3513 2547 3523 --
2569 3482 2645 3538 Tu
2672 3486 2890 3554 forsitan
2914 3488 2968 3565 in
2994 3486 3212 3555 pulvere
3246 3488 3510 3558 calefacies
3534 3486 3617 3539 ea?

2238 3594 2265 3621 /
2324 3574 2412 3630 15.
2458 3575 2745 3630 Prarorum
2776 3587 2823 3631 et
2850 3578 3103 3632 bonorum
3144 3580 3424 3634 doctorum
3452 3579 3576 3647 ﬁlios
3603 3572 3665 3626 liti
3680 3583 3760 3638 9η·

2254 3668 2323 3720 tia
2346 3669 2761 3737 calefacit—Ac
2790 3670 2833 3723 si
2866 3671 3009 3724 dicat
3035 3686 3049 3723 :
3074 3669 3139 3726 Ut
3172 3688 3298 3741 ego,
3321 3671 3412 3740 qui
3439 3670 3520 3724 illa
3549 3670 3593 3720 in
3613 3662 3765 3733 puncto

2254 3760 2536 3827 calefario,
2569 3764 2689 3830 quia
2717 3764 2927 3818 scilicet
2948 3764 3302 3833 parvulorum
3324 3765 3543 3828 animas,
3569 3768 3615 3815 et
3637 3760 3676 3811 in
3694 3768 3767 3807 tne-

2253 3855 2340 3907 dio
2372 3855 2701 3923 peccantium
2720 3855 2871 3922 sitas,
2890 3858 3089 3910 amoris
3110 3857 3225 3911 mei
3256 3857 3378 3926 igne
3406 3839 3768 3927 succendoliuid

2253 3948 2450 4014 pulvis,
2495 3948 2595 4000 nisi
2648 3960 2899 4016 peccator
2938 3948 3235 4016 accipitur?
3283 3947 3437 4004 Unde
3479 3957 3528 4000 et
3558 3942 3630 3996 ille
3655 3935 3771 3991 hostis

2255 4035 2409 4104 hujus
2443 4039 2740 4102 peccatoris
2771 4036 3064 4104 perditione
3093 4039 3351 4105 satiatur,
3383 4037 3448 4091 de
3482 4048 3577 4103 quo
3597 4043 3671 4099 per
3689 4040 3774 4095 im"

2254 4129 2465 4198 phetam
2488 4128 2685 4183 dicitur
2715 4147 2727 4182 :
2762 4129 3003 4198 Serpenti
3031 4130 3207 4199 pulvis
3231 4132 3380 4200 punis
3410 4130 3516 4197 ejus
3538 4123 3667 4193 (lsai.
3688 4132 3771 4176 LXV.

2249 4220 2365 4291 25)·
2398 4221 2532 4288 Ουίά
2561 4236 2654 4290 per
2686 4222 2987 4290 pulverem,
3017 4224 3119 4277 nisi
3144 4223 3266 4293 ipsa
3298 4225 3588 4294 iniquorum
3610 4208 3774 4269 instabi-

2251 4313 2371 4367 litas
2400 4313 2835 4367 demonstraturi
2864 4312 2940 4369 De
2964 4330 3066 4383 qua
3103 4315 3270 4370 David
3304 4318 3378 4369 ait
3408 4331 3419 4367 :
3452 4311 3566 4366 Non
3592 4308 3653 4363 sic
3672 4299 3771 4370 impii

2251 4386 2349 4459 non
2378 4408 2473 4471 sic,
2493 4405 2583 4459 sed
2604 4416 2845 4473 tanquam
2868 4406 3033 4473 pulvis
3057 4423 3207 4487 quan
3230 4408 3440 4478 projicit
3467 4413 3624 4467 ventus
3645 4391 3773 4463 ala‘i‘

2250 4510 2396 4554 terra:
2425 4498 2596 4570 (Psal.
2629 4516 2671 4565 t,
2693 4498 2771 4568 4).
2793 4501 2903 4554 Ova
2925 4517 3055 4571 ergo
3080 4501 3346 4557 Dominus
3369 4502 3420 4555 in
3448 4498 3647 4569 pulvere
3669 4489 3772 4543 dere'

549 4594 688 4638 mata
720 4585 772 4637 in
806 4588 1122 4639 meritoriam
1166 4590 1510 4655 praeceptoris
1560 4592 1730 4644 nostri
1776 4584 1937 4646 verba
1969 4595 2146 4662 signa-
2175 4589 2227 4648 Β
2256 4594 2375 4646 licta
2392 4591 2658 4655 calefacit,
2676 4593 2801 4659 quia
2825 4594 3168 4661 parvulorum
3197 4597 3410 4649 animas
3432 4589 3772 4662 praedicatorum

548 4690 687 4742 mus,
719 4675 807 4745 qui
840 4675 914 4729 ait
967 4692 980 4730 :
1028 4674 1113 4731 Ea:
1164 4678 1416 4746 fructibus
1460 4694 1638 4733 eorum
1694 4686 2006 4753 cognoscetis
2056 4703 2142 4741 eos

548 4762 761 4835 (Matth.
803 4783 898 4835 vn,
953 4766 1071 4838 20).
1118 4768 1303 4839 Neque
1354 4756 1497 4825 enim
1546 4774 1815 4840 pensanda
1852 4784 1977 4828 sunt
2022 4793 2143 4845 qua:

546 4863 835 4915 ostendunt
877 4862 928 4914 in
964 4862 1211 4930 imagine,
1264 4862 1359 4917 sed
1390 4877 1511 4932 quae
1553 4876 1771 4920 servant
1814 4868 1866 4920 in
1907 4869 2137 4924 actione.

550 4948 702 5007 Unde
734 4952 823 5007 hic
855 4961 1134 5021 postquam
1161 4955 1393 5020 speciem
1422 4955 1743 5010 struthionis
1764 4957 1923 5027 hujus
1941 4960 2136 5028 intulit,

547 5048 668 5100 max
700 5042 837 5099 facta
867 5043 1160 5114 subjungit,
1196 5043 1382 5100 dicens
1408 5064 1421 5098 :

1148 5133 1375 5192 CAPUT
1437 5136 1545 5192 IX;

617 5230 782 5285 Vsus.
818 5231 904 5285 Η.
930 5256 999 5270 -—-
1030 5229 1155 5294 Qua:
1184 5230 1494 5297 derelinquit
1523 5232 1577 5283 in
1603 5239 1739 5285 terra
1765 5248 1861 5287 ova
1885 5250 1999 5287 sua.

623 5322 708 5377 H.
758 5322 1052 5392 Hypocritaz
1102 5338 1226 5389 quos
1257 5322 1494 5393 gignunt,
1527 5322 1675 5378 bonis
1699 5328 1945 5397 exemplis
1969 5330 2135 5397 fovere

626 5449 650 5475 α
675 5438 818 5493 Pler.
849 5438 1020 5509 vulg,
1043 5436 1357 5505 vocabulo...
1382 5448 1545 5493 vocat.
1604 5428 1717 5495 Vel.
1755 5430 1853 5496 Ed.
1887 5440 2055 5498 Paris.
2083 5451 2140 5498 et

514 5560 518 5565 .
544 5509 705 5567 Basil.
733 5524 851 5563 cum
883 5504 1034 5575 Mss,
1059 5504 1220 5563 notat.
1270 5552 1271 5555 η
1422 5554 1431 5557 _

626 5580 651 5618 δ
683 5580 740 5633 In
776 5580 972 5634 Pratel.
1008 5574 1229 5649 aliisque
1260 5574 1465 5646 Norm.,
1500 5580 1583 5637 hic
1610 5584 1826 5651 etalibi,
1862 5599 2007 5655 saepe
2032 5585 2136 5656 leg.

549 5666 786 5720 paruam,
819 5664 916 5719 pro
946 5666 1147 5720 parum.

622 5731 643 5759 ε
676 5719 939 5785 Laudun.,
970 5721 1155 5774 obitum

627 5788 650 5826 ἀ
688 5790 936 5853 Viuduc.,
977 5791 1187 5846 Ebroic.
1239 5794 1478 5864 aliosque
1518 5796 1701 5853 Norm.
1728 5796 1816 5850 hic
1842 5798 2132 5866 sequimur.

2249 4701 2475 4753 suorum
2502 4684 2870 4741 .sollicitudine
2899 4686 3204 4753 destitutas,
3252 4688 3413 4741 etiam
3446 4687 3495 4739 in
3519 4679 3673 4739 medio
3689 4685 3773 4744 ρθεο

2246 4779 2478 4832 cautium
2531 4779 2730 4846 positas
2762 4779 2963 4833 amoris
2994 4779 3077 4833 sui
3108 4780 3232 4849 igne
3262 4777 3552 4835 succendit.
3584 4772 3696 4828 Hinc
3719 4770 3775 4862 est

2246 4867 2388 4935 quod
2416 4868 2701 4935 plerosque
2725 4867 2998 4922 cernimus
3029 4877 3084 4923 et
3112 4872 3167 4924 in
3200 4870 3381 4925 medio
3410 4866 3694 4936 populorum
3719 4871 3771 4906 tr

2248 4975 2393 5022 vere,
2421 4967 2673 5014 attamen
2706 4960 2868 5013 vitam
2924 4961 3189 5031 torpentis
3239 4961 3421 5031 pepuli
3474 4974 3572 5021 non
3617 4962 3767 5008 tenere.

2248 5050 2381 5105 Hinc
2404 5060 2486 5104 est
2512 5051 2654 5117 quod
2687 5051 2973 5121 plerosque
3002 5052 3299 5137 cernimus,
3349 5062 3404 5107 et
3431 5053 3669 5105 malorum
3699 5052 3772 5092 tur-

2248 5142 2340 5196 bas
2391 5158 2494 5195 non
2529 5141 2736 5212 fugere,
2770 5152 2825 5197 et
2868 5152 3044 5198 tamen
3072 5160 3312 5212 superno
3342 5146 3529 5198 ardore
3579 5142 3769 5205 flagrare.

2244 5235 2381 5290 Hinc
2408 5246 2488 5290 est
2525 5235 2667 5307 quod
2708 5236 2992 5309 plerosque
3042 5238 3340 5301 cernimus,
3399 5233 3596 5308 1003
3642 5238 3687 5281 ul
3724 5224 3768 5273 ίίίι

2244 5326 2501 5391 dixerim,
2549 5328 2599 5381 in
2649 5324 2845 5395 frigore
2883 5328 3079 5383 calere.
3136 5320 3296 5385 [inde
3324 5330 3466 5384 enim
3508 5320 3710 5379 nmmum
3734 5316 3769 5367 ill

2246 5443 2520 5513 decedunt
2545 5434 2771 5507 Turon.,
2822 5442 2907 5498 ubi
2946 5443 3169 5513 legimus
3226 5445 3271 5497 si
3318 5444 3512 5501 intima.
3559 5448 3605 5493 et
3645 5431 3764 5487 Corb.

2242 5512 2455 5576 Germ.,‘
2475 5515 2563 5582 qui
2597 5514 2757 5567 habet
2778 5513 2960 5567 intima
2988 5512 3037 5568 in
3067 5514 3334 5579 memoria.
3367 5515 3502 5569 Editi
3530 5512 3669 5566 etiam
3701 5514 3765 5553 te-

2244 5586 2494 5657 tustie‘res
2515 5600 2634 5639 cum
2662 5600 2842 5657 terni.
2870 5586 3064 5657 habent
3092 5585 3133 5637 si
3160 5587 3482 5657 intemerata.
3613 5650 3624 5657 _
3654 5646 3663 5657 ⁸

2318 5665 2341 5692 ι
2372 5654 2504 5709 Mss.‘
2552 5655 2759 5725 Anglic.
2802 5666 2854 5708 et
2908 5652 3089 5710 Norm.
3144 5670 3271 5711 cum
3325 5655 3553 5721 Germ,
3581 5650 3663 5703 nisi
3692 5652 3768 5695 ter-

2298 5743 2382 5782 na.

2298 5743 2327 5779 n
2369 5768 2382 5782 .

2242 5742 2293 5780 re
2320 5743 2579 5860 ίαϐετιιι..
2616 5798 2828 5855 Pratell.
2863 5806 2916 5856 et
2939 5798 3050 5866 alii,
3076 5800 3389 5871 gentm-ant.
