4036 6348
346 349 440 407 881
486 396 493 401 ,

1092 352 1452 411 MORALIUM
1491 352 1617 409 LIB.
1664 348 1863 409 XXXI.
1904 362 1975 390 '—-
2014 348 2078 405 IN
2118 346 2345 403 CAPUT
2381 348 2707 415 XXXIXB.
2748 349 2890 406 JOB.

3519 346 3628 402 58‘!

346 473 680 524 lerrenorum
732 470 1005 527 hominum
1044 481 1263 541 torpore
1308 472 1466 541 positi
1510 482 1757 542 supernas
1806 469 1922 540 spei
1949 473 2000 530 Α
2027 464 2309 535 adjunsit:
2339 464 2668 533 Charissime,
2723 465 2831 521 noli
2871 466 3061 519 imitari
3110 466 3327 533 malum,
3377 466 3469 519 sed
3489 466 3630 536 quod

345 558 623 615 desideriis
660 559 1025 632 inardescunt,
1060 562 1199 618 unde
1227 572 1283 618 et
1336 564 1477 619 inter
1526 562 1715 634 frigida
1761 563 1927 617 corda

347 651 584 706 succensi
613 660 759 719 sunt,
786 653 888 709 nisi
917 653 1043 725 quia
1088 656 1431 723 omnipotens
1488 655 1628 710 Deus
1675 654 1928 710 derelicta

345 760 441 797 ova
468 746 569 799 scit
594 744 753 800 etiam
783 745 1088 818 in'pulvere
1113 749 1431 816 calefacere,
1467 757 1524 806 et
1551 750 1767 819 frigoris
1792 748 1927 819 pris-

347 837 440 889 tini
463 837 868 896 insensibilitate
886 840 1149 908 discussa,
1175 859 1270 914 per
1298 858 1522 899 sensum
1546 844 1772 912 spiritus
1797 840 1929 896 vita-

349 926 412 980 lis
439 928 702 995 animare,
734 938 795 987 ut
817 947 1151 1003 nequaquam
1194 935 1428 1006 iacentia
1479 938 1530 990 in
1580 933 1780 990 inlimis
1825 942 1935 989 tor-

350 1025 545 1087 peant;
578 1019 672 1076 sed
702 1020 757 1076 in
789 1022 908 1078 viva
950 1024 1187 1080 volatilia
1232 1041 1384 1081 versa
1414 1039 1536 1082 sese
1580 1025 1647 1080 ad
1692 1025 1935 1105 caelestia

350 1114 785 1183 contemplando,
812 1116 865 1171 id
906 1128 991 1174 est
1037 1119 1290 1186 volando,
1344 1119 1707 1191 suspendant?
1736 1119 1937 1173 Notan-

350 1207 476 1262 dum
512 1223 642 1265 vero
673 1220 756 1265 est
788 1214 932 1282 quod
966 1214 1017 1268 in
1041 1213 1125 1269 his
1147 1216 1329 1271 verbis
1353 1230 1460 1270 non
1488 1215 1660 1270 solum
1690 1214 1939 1285 hypocri-

353 1311 529 1355 tarum
548 1300 692 1357 actio
722 1320 972 1373 perversa
997 1309 1339 1377 reprobatur,
1363 1308 1456 1363 sed
1488 1309 1749 1362 bonorum
1777 1306 1937 1361 etiam

352 1394 755 1463 magistrorum,
784 1398 829 1454 si
863 1415 964 1469 qua
998 1400 1229 1458 lortasse
1276 1403 1608 1472 subrepserit
1642 1402 1798 1457 elatio
1821 1414 1943 1470 pre-

354 1487 544 1544 mitur.
576 1488 711 1543 Nam
737 1505 860 1546 cum
885 1494 954 1548 de
978 1508 1037 1548 se
1084 1493 1341 1549 Dominus
1370 1496 1499 1551 dicit
1521 1495 1658 1566 quod
1689 1494 1945 1549 derelicta

353 1595 452 1635 ova
486 1582 537 1636 in
564 1584 785 1651 pulvere
808 1585 922 1655 ipse
945 1586 1246 1655 calefaciat,
1274 1589 1515 1658 proiecto
1538 1598 1720 1657 aperte
1746 1586 1946 1642 indicat

354 1675 476 1743 quia
508 1674 621 1743 ipse
643 1688 900 1745 aperatur
918 1679 1245 1738 intrinsecus
1268 1698 1367 1753 per
1395 1684 1559 1739 verba
1582 1683 1837 1747 doctoris,
1856 1681 1947 1752 qui

356 1776 411 1821 et
438 1781 553 1824 sine
587 1772 766 1826 vernis
793 1773 955 1830 ullius
987 1775 1219 1832 hominis
1250 1778 1500 1833 calefacit
1547 1792 1683 1849 quos
1724 1777 1949 1843 voluerat

2038 559 2229 613 bonum
2252 568 2325 614 est
2349 557 2473 631 (III
2494 559 2654 616 Joan.
2704 562 2816 626 ll).
2862 560 3017 615 Hunc
3063 561 3180 629 ipse
3207 559 3501 631 Synagogm
3523 558 3630 613 dux

2040 652 2258 717 inﬁrmo
2282 666 2381 709 suo
2403 655 2550 725 gregi
2579 654 3078 720 metuebat,,dieens
3099 672 3111 707 :
3135 654 3354 720 Quando
3372 654 3633 725 ingressus

2043 747 2202 815 {ueris
2231 755 2418 801 terram
2440 760 2594 815 quam
2647 746 2899 802 Dominus
2939 748 3078 803 Deus
3105 747 3248 801 dabit
3290 746 3400 809 tibi,
3430 761 3546 800 cave
3573 760 3637 800 ne

2038 840 2236 894 imitari
2258 842 2380 896 velis
2394 842 2798 897 abominationes
2812 843 3018 896 illarum
3034 842 3261 913 gentium
3282 838 3462 909 (Deut.
3482 852 3635 905 svnt,

2045 931 2126 1002 9).
2158 932 2505 989 Obliviscitur
2525 914 2687 1007 etiam
2715 934 2857 1003 quod
2880 934 3047 988 bestia
3078 930 3192 1003 agri
3221 938 3488 1007 conterat,
3513 929 3639 999 quia

2047 1023 2300 1079 nimirum
2327 1024 2375 1080 si
2390 1006 2639 1081 diabolus
2664 1026 2715 1079 in
2743 1025 2843 1081 hoc
2867 1026 3067 1081 mundo
3087 1006 3318 1081 saeviens
3342 1025 3518 1080 editos
3538 1019 3564 1061 ι¹
3584 1024 3640 1079 in

2045 1119 2186 1174 bona
2212 1120 2628 1174 conversatione
2667 1118 2808 1174 ﬁlios
2852 1118 3049 1188 rapiat,
3096 1117 3371 1187 hypocrita
3415 1118 3642 1172 omnino

2051 1225 2158 1264 non
2182 1210 2357 1266 curat.
2388 1210 2537 1265 Hane
2561 1219 2737 1265 autem
2768 1210 2880 1279 agri
2905 1210 3131 1265 bestiam
3159 1190 3356 1263 Paulus
3378 1209 3492 1262 ovis
3521 1222 3642 1277 quae

2046 1313 2298 1369 posuerat
2345 1300 2620 1357 metuebat
2665 1303 2851 1357 dicens
2883 1319 2898 1356 :
2928 1300 3127 1370 Timeo,
3166 1310 3233 1354 nd
3276 1302 3407 1354 sicut
3433 1314 3642 1362 serpens

2049 1390 2213 1445 Evam
2238 1392 2440 1446 seduxit
2495 1394 2687 1446 astutia
2732 1409 2848 1461 sua,
2906 1394 2980 1447 ita
3027 1404 3416 1461 corrumpantur
3468 1408 3643 1446 sensus

2049 1488 2201 1541 vestri
2233 1496 2255 1525 °
2301 1504 2335 1540 a
2365 1488 2631 1553 charitate,
2673 1505 2790 1559 qua:
2832 1497 2906 1542 est
2956 1487 3168 1559 1004
3205 1488 3261 1539 in
3290 1485 3494 1539 Christo
3520 1482 3647 1537 Jesu

2052 1579 2143 1651 (Η
2174 1578 2295 1635 Cor.
2318 1598 2408 1649 ,xt,
2439 1580 2522 1653 5).
2555 1580 2704 1635 Hanc
2728 1581 2837 1651 agri
2869 1583 3093 1635 bestiam
3142 1577 3417 1648 discipulis
3442 1584 3648 1631 metue-

2054 1674 2146 1729 bat
2169 1674 2382 1742 Petrus,
2414 1689 2536 1730 cum
2567 1675 2805 1731 diceret:
2840 1674 3178 1727 Adversarius
3210 1680 3371 1726 vester
3389 1670 3646 1734 diabolus,

2055 1766 2205 1835 quasi
2254 1767 2331 1821 leo
2379 1768 2590 1838 rugiens
2630 1768 2833 1835 circuit,
2863 1781 3093 1838 quaerens
3132 1780 3281 1835 quem
3309 1765 3534 1827 devoret,
3566 1760 3648 1815 cui

360 1856 417 1912 in
450 1858 642 1931 frigore
669 1864 929 1932 pulveris.
954 1867 1032 1923 Ac
1058 1869 1104 1924 si
1134 1882 1322 1938 aperte
1343 1870 1655 1925 doctoribus
1677 1871 1856 1925 dicat:
1882 1871 1949 1925 Ut

2063 1858 2274 1911 resistite
2299 1860 2455 1928 fortes
2485 1860 2538 1912 in
2568 1859 2670 1927 ﬁde
2695 1858 2743 1929 (1
2782 1858 2894 1913 Pet.
2928 1874 2981 1924 v,
3004 1857 3078 1929 8).
3108 1856 3319 1911 Habent
3338 1870 3465 1925 ergo
3493 1868 3649 1908 vera-

363 1951 546 2007 sciatis
587 1956 710 2025 quia
741 1971 841 2027 ego
866 1973 985 2015 sum
1016 1962 1107 2030 qui
1144 1977 1374 2030 pergvos
1407 1964 1684 2034 loquentes
1725 1977 1941 2034 operor,

362 2056 492 2098 ecce
513 2058 633 2100 cum
660 2048 877 2104 voluero
898 2052 1151 2108 cordibus
1174 2053 1447 2109 hominum
1471 2053 1633 2110 etiam
1657 2054 1774 2109 sine
1796 2054 1948 2109 vobis

363 2132 569 2203 loquor.
621 2136 769 2211 [Vet.
832 2139 1027 2215 για]
1082 2144 1364 2200 Humiliata
1418 2146 1577 2216 igitur
1626 2136 1951 2217 cogitatione

359 2225 663 2294 doctorum,
695 2232 763 2286 ad
791 2236 1202 2304 exprimendum
1234 2239 1564 2310 hypocritam
1597 2254 1776 2293 sermo
1816 2253 1950 2293 con-

359 2322 611 2388 vertitur,
638 2335 693 2380 et
716 2341 821 2396 qua
846 2328 1088 2386 fatuitate
1118 2339 1351 2401 torpeat,
1375 2332 1549 2387 adhuc
1573 2332 1674 2388 sub
1694 2316 1953 2389 struthio-

360 2412 445 2465 nis
472 2413 613 2469 laeto
644 2417 853 2485 plenius
886 2421 1170 2477 indicatur.
1216 2422 1344 2478 Nam
1378 2425 1620 2493 sequitur
1652 2441 1665 2478 :

788 2510 1015 2567 csrur
1056 2514 1125 2569 ιιι
1166 2515 1313 2589 [Rea
1369 2516 1525 2589 VH].

434 2597 600 2654 Vsus.
658 2601 743 2656 15.
776 2606 1195 2662 --0bliviscitur
1233 2612 1369 2679 quod
1425 2628 1511 2681 prs
1558 2611 1816 2668 conculcet
1868 2629 1952 2681 ea,

362 2698 453 2740 aut
484 2690 641 2744 bestia
666 2696 780 2763 agri
807 2707 1055 2754 conterat.

438 2780 533 2863 16..
570 2782 728 2838 Praei
755 2786 989 2844 doctores
1038 2791 1101 2844 de
1136 2807 1227 2846 sua
1269 2793 1414 2863 prole
1442 2810 1542 2846 non
1576 2802 1692 2848 sunt
1719 2794 1950 2863 solliciti,

363 2886 509 2926 secus
539 2873 919 2945 boni.-—Quid
950 2881 1001 2934 in
1034 2883 1186 2950 pede.
1219 2885 1318 2937 nisi
1345 2887 1597 2939 transitus
1625 2886 1956 2956 operationis

365 2965 662 3033 accipitur?
711 2968 847 3036 Quid
899 2971 952 3026 in
982 2987 1132 3043 agro,
1168 2977 1268 3029 nisi
1297 2977 1523 3032 mundus
1550 2981 1650 3032 iste
1680 2978 1956 3049 signatur?

366 3055 445 3109 De
472 3072 575 3124 quo
593 3059 649 3113 in
682 3059 971 3132 Evangelio
1002 3065 1258 3122 Dominus
1287 3068 1421 3122 dicit
1443 3069 1622 3139 :Ager
1644 3078 1812 3124 autem
1838 3078 1862 3105 η
1882 3080 1956 3123 est

368 3148 590 3203 mundus
620 3149 834 3218 (Matth.
868 3169 988 3221 xm,
1032 3154 1146 3245 282.
1202 3158 1334 3245 Quid
1370 3162 1422 3214 in
1463 3160 1631 3216 bestia
1677 3163 1777 3217 nisi
1821 3164 1957 3217 anti-

2058 1962 2149 2013 ces
2179 1949 2421 2019 magistri
2451 1964 2615 2018 super
2643 1950 2939 2019 discipulos
2961 1946 3087 2004 suos
3120 1949 3326 2003 timoris
3351 1947 3551 2000 viscera
3582 1958 3652 1999 ex

2060 2042 2256 2095 virtute
2281 2040 2569 2098 cbaritatis
2593 2062 2606 2097 :
2638 2042 2930 2114 hypocrita:
2946 2053 3123 2097 autem
3145 2050 3291 2095 tanto
3308 2040 3484 2094 minus
3502 2050 3651 2091 com--

2064 2134 2245 2188 missis
2273 2133 2375 2188 sibi
2411 2142 2674 2200 metuunt,
2724 2144 2924 2204 quanto
2977 2148 3077 2189 nec
3123 2130 3473 2200 sibimetipsis
3520 2125 3652 2197 quid

2059 2226 2251 2280 timere
2274 2226 2509 2281 debeant
2533 2226 2962 2294 deprehendunt.
2986 2228 3052 2281 Et
3081 2227 3205 2295 quia
3232 2223 3507 2279 obduratis
3533 2235 3653 2275 cor-

2056 2317 2215 2372 dibus
2246 2318 2452 2387 vivunt,
2486 2317 2633 2388 ipsos
2662 2319 2825 2373 etiam
2867 2334 3003 2389 quos
3044 2325 3301 2388 generant
3341 2316 3478 2370 ﬁlios
3507 2314 3654 2370 nulla

2054 2410 2254 2479 pietate
2297 2409 2463 2466 debiti
2507 2412 2711 2467 amoris
2756 2422 3077 2482 agnoscunt.
3132 2410 3286 2467 Unde
3334 2408 3510 2465 adhuc
3551 2406 3655 2464 sub

2053 2504 2369 2561 struthionis
2389 2507 2572 2575 Specie
2600 2506 2847 2562 subditur
2878 2524 2893 2559 :

2672 2597 2898 2653 CAPUT
2929 2595 3046 2653 XII.

2130 2691 2297 2749 Vsus.
2348 2691 2438 2749 l6.
2465 2721 2539 2735 —
2566 2691 2800 2748 Duratur
2848 2693 2917 2748 ad
2970 2691 3109 2759 ﬁlios
3149 2707 3293 2754 suos,
3348 2691 3497 2762 quasi
3550 2705 3657 2746 non

2054 2784 2159 2840 sint
2193 2788 2293 2840 sui.
2570 2847 2579 2851 ,

2131 2881 2220 2934 17.
2246 2877 2587 2935 Hicharitate
2608 2882 2833 2952 ﬂagrant
2857 2896 2981 2953 erga
3001 2882 3160 2950 ﬁlios,
3184 2898 3285 2935 non
3310 2880 3659 2948 illi.—Quem

2056 2970 2201 3024 enim
2224 2970 2505 3026 cbaritatis
2534 2972 2703 3041 gratia
2734 2986 2839 3027 non
2872 2971 3124 3036 infundit,
3173 2975 3473 3042 proximum
3501 2986 3659 3029 suum

2060 3063 2223 3118 etiam
2244 3064 2290 3118 si
2324 3065 2437 3133 ipse
2468 3066 2611 3121 hunc
2644 3065 2751 3119 Deo
2779 3066 2984 3135 genuit,
3021 3063 3041 3103 ί
3074 3076 3385 3121 extraneum
3416 3065 3657 3136 respicit,

2061 3165 2118 3208 ut
2151 3154 2393 3222 profecto
2418 3167 2542 3212 sunt
2569 3172 2759 3211 omnes
2810 3160 3127 3228 hypocriten,
3159 3173 3385 3229 quorum
3412 3158 3662 3214 videlicet

371 3254 508 3308 quus
536 3240 707 3298 ltOSIis
735 3245 1079 3315 exprimitur,
1109 3238 1201 3319 qui
1233 3238 1392 3321 hujus
1421 3253 1608 3307 mundi
1642 3252 1844 3324 rapinis
1878 3258 1958 3310 in-
1981 3252 2032 3315 C
2064 3258 2275 3304 mentes
2306 3248 2432 3303 dum
2461 3265 2674 3319 semper
2696 3250 2965 3305 exteriora
2991 3260 3270 3321 appetunt,
3304 3252 3454 3306 intus
3480 3250 3663 3305 insen~

372 3326 590 3397 sidians,
627 3333 855 3392 humana
885 3342 1125 3409 quotidie
1148 3352 1319 3399 morte
1340 3346 1596 3400 satiatur?
1628 3347 1701 3403 De
1725 3362 1827 3418 qua
1860 3364 1956 3419 per
1995 3380 2017 3409 ι
2063 3343 2243 3397 sibiles
2269 3344 2433 3409 ﬁunt;
2476 3355 2529 3399 et
2559 3344 2613 3397 in
2637 3344 2847 3399 cunctis
2873 3353 3207 3415 quaeagunt,
3238 3345 3365 3399 dum
3400 3359 3495 3399 sua
3520 3359 3663 3398 sem-

374 3419 717 3493 Pmphetam,
775 3431 1060 3498 pollicente
1118 3434 1363 3502 Domino,
1412 3437 1605 3492 dicitur
1647 3458 1659 3491 :
1705 3439 1768 3493 Et
1819 3444 1958 3495 mala

371 3511 531 3567 bestia
557 3534 659 3570 non
688 3522 920 3575 transibit
949 3540 1038 3591 per
1067 3541 1179 3578 eam
1207 3527 1362 3596 (lsai.
1409 3545 1566 3593 xxxv,
1606 3531 1683 3599 9).
1718 3533 1957 3590 Str'uthio

370 3607 555 3674 itaque
584 3622 681 3661 ova
710 3624 803 3664 sua
834 3612 1091 3669 deserens
1135 3618 1465 3673 obliviscitur
1507 3623 1650 3689 quod
1691 3637 1784 3690 pes
1831 3639 1959 3680 cou-

370 3696 548 3749 culcet
576 3712 660 3764 ea,
684 3700 808 3767 quia
829 3702 1082 3759 videlicet
1115 3705 1406 3776 hypocrita:
1430 3724 1525 3764 eos
1547 3726 1680 3779 quos
1699 3710 1727 3751 δ
1752 3714 1802 3767 in
1825 3729 1957 3770 con-

373 3787 684 3842 versatione
732 3790 869 3846 lilios
922 3806 1181 3862 generant
1230 3798 1625 3870 derelinquunt,
1659 3812 1713 3859 ct
1742 3804 1960 3859 omnino

375 3891 481 3931 non
514 3888 725 3947 curant,
757 3898 824 3937 ne
873 3894 965 3939 aut
994 3884 1387 3946 exhortationis
1435 3892 1813 3959 sollicitudine,
1870 3906 1963 3951 aut

374 3967 672 4039 disciplina:
727 3975 969 4031 custodia
1023 3977 1346 4049 destitutos,
1398 3998 1680 4054 pravorum
1736 4002 1958 4056 operum

371 4064 614 4133 exempla
653 4078 979 4135 pervertant.
1009 4068 1066 4126 Si
1087 4072 1235 4127 enim
1257 4090 1355 4129 ova
1383 4090 1502 4145 qua:
1522 4070 1745 4146 gignunt
1774 4080 1961 4150 dilige-

375 4170 515 4223 rent,
548 4159 798 4213 nimirum
828 4170 1130 4217 metuerent
1159 4180 1227 4218 ne
1261 4167 1378 4236 quis
1401 4182 1487 4234 ea,
1523 4182 1772 4236 perversa
1794 4185 1958 4240 opera

377 4245 814 4320 demonstrando,
833 4242 1092 4310 calcaret:
1107 4257 1258 4313 llunc
1283 4260 1481 4315 Paulus
1513 4262 1699 4329 pedem
1729 4261 1958 4317 inﬁrmis

376 4340 670 4413 discipulis,
702 4346 852 4414 quasi
885 4345 999 4400 ovis
1030 4365 1147 4416 qua:
1195 4365 1465 4419 posuerat,
1511 4355 1803 4421 metuebat,
1836 4371 1959 4411 cum

375 4432 616 4489 diceret:
650 4433 806 4488 Multi
830 4436 1112 4502 ambulant,
1170 4455 1294 4509 quos
1334 4457 1470 4510 saepe
1521 4444 1749 4497 dicebam
1797 4446 1957 4511 vobis,

375 4542 509 4579 nunc
538 4524 717 4581 autem'
734 4539 780 4581 et
808 4530 937 4595 [lens
960 4531 1095 4593 dico,
1120 4530 1351 4585 inimicos
1376 4534 1543 4587 crucis
1572 4534 1761 4603 Christi
1789 4536 1956 4607 (Phil.

2062 3452 2159 3506 per
2187 3446 2467 3504 expetunt,
2498 3451 2625 3506 erga
2657 3436 2908 3492 aﬁ‘ectum
2939 3437 3169 3506 proximi
3215 3436 3359 3490 nulla
3385 3436 3663 3491 cbaritatis

2064 3531 2440 3598 compassione
2460 3530 2795 3587 mollescunt.
2821 3532 2865 3585 0
2884 3544 3045 3601 quam
3068 3531 3248 3585 mollia
3266 3530 3471 3585 viscera
3488 3538 3663 3599 gesta-

2064 3619 2155 3673 bat
2182 3620 2402 3685 Paulus,
2435 3620 2650 3688 quando
2682 3624 2824 3675 circa
2851 3622 2989 3675 ﬁlios
3012 3636 3145 3675 suos
3167 3630 3316 3675 tanto
3345 3628 3481 3674 aestu
3510 3636 3660 3675 amo-

2064 3712 2139 3767 ris
2174 3713 2432 3778 inhiabat,
2481 3714 2668 3769 dicens
2700 3732 2714 3765 :
2747 3724 2775 3777 ς
2827 3714 2939 3768 Nos
2978 3715 3216 3778 vivimus,
3247 3715 3294 3767 si
3327 3700 3413 3767 vos
3435 3715 3581 3767 statis
3608 3714 3663 3767 in

2068 3803 2287 3858 Domino
2314 3803 2363 3874 (Ι
2394 3803 2571 3858 Thess.
2605 3820 2682 3870 In,
2730 3804 2807 3875 8).
2854 3804 2943 3870 Et,
2997 3803 3161 3858 Testis
3210 3804 3337 3857 mihi
3381 3816 3453 3858 est
3496 3803 3660 3869 Deus,

2061 3896 2317 3962 quomodo
2345 3896 2549 3967 cupiam
2581 3910 2757 3951 omnes
2793 3912 2880 3950 vos
2925 3897 2979 3973 in
3020 3897 3294 3950 visceribus
3325 3896 3512 3950 Christi
3537 3895 3664 3950 Jesu

2066 3985 2237 4053 (Phil.
2267 4005 2300 4050 ι,
2320 3988 2397 4058 8).
2421 3988 2679 4043 Romanis
2706 4002 2919 4057 quoque
2944 3989 3017 4043 ait
3042 4006 3057 4044 :
3083 3988 3245 4044 Testis
3264 3998 3343 4043 est
3356 3990 3479 4043 ntihi
3499 3988 3661 4056 Deus,

2064 4078 2147 4131 cui
2173 4079 2338 4132 servio
2366 4081 2417 4132 in
2448 4082 2628 4149 spiritu
2662 4097 2794 4147 meo,
2823 4082 2875 4134 in
2907 4080 3182 4151 Evangelia
3208 4080 3335 4134 Filii
3359 4080 3495 4151 ejus,
3524 4080 3663 4151 quod

2063 4171 2173 4223 sine
2218 4166 2609 4226 intermissione”
2644 4175 2945 4227 memoriam
3000 4175 3150 4228 vestri
3195 4190 3395 4244 semper
3448 4175 3581 4244 facio
3608 4174 3665 4229 in

2064 4263 2379 4315 orationibus
2408 4265 2554 4327 meis,
2599 4265 2871 4318 obsecrans
2914 4268 2960 4319 si
3005 4283 3107 4336 quo
3135 4268 3286 4320 modo
3316 4268 3522 4320 tandem
3559 4266 3663 4321 ali-

2061 4358 2267 4425 quando
2307 4374 2605 4427 prosperum
2633 4360 2729 4410 iter
2755 4358 2973 4414 habeant
3028 4362 3079 4413 in
3126 4361 3386 4415 voluntate
3430 4360 3529 4415 Dei
3578 4376 3663 4414 ve-

2064 4446 2239 4500 niendi
2278 4449 2348 4501 ad
2395 4466 2517 4515 vos;
2565 4450 2799 4503 desidero
2852 4453 2989 4505 enim
3038 4453 3340 4508 videre’vos
3389 4452 3567 4523 (liam.
3623 4469 3662 4521 ι,

2066 4535 2122 4600 9,
2151 4536 2309 4605 seq.).
2338 4538 2625 4593 Timotheo
2646 4556 2858 4608 quoque
2878 4543 2954 4596 ait
2989 4560 3001 4594 :
3038 4542 3247 4597 Gratias
3267 4560 3364 4615 ago
3393 4543 3505 4599 Deo
3526 4561 3658 4613 meo,

377 4634 457 4686 ιιι,
492 4617 603 4688 18).
635 4621 701 4674 Et
750 4636 956 4675 rursum
980 4636 1003 4674 λε
1040 4620 1216 4675 Videte
1246 4640 1415 4691 canes,
1448 4626 1610 4680 videte
1638 4630 1801 4681 malos
1835 4646 1957 4701 ape-
1987 4634 2043 4698 Ῑ)
2065 4630 2151 4681 cui
2175 4632 2339 4682 servio
2365 4647 2398 4683 a
2428 4632 2837 4701 progenitoribus
2874 4635 2998 4687 meis
3042 4635 3097 4688 in
3143 4636 3452 4689 conscientia
3508 4654 3662 4705 pura,

377 4709 543 4763 tarios
573 4708 758 4783 (lbid.,
788 4710 870 4783 2).
906 4712 970 4767 Et
992 4728 1199 4768 rursum
1225 4730 1240 4770 :
1272 4714 1649 4772 'Denuntiamus
1669 4719 1824 4783 vobis,
1850 4723 1935 4789 [να

380 4807 499 4866 tres,
530 4802 580 4855 in
612 4798 813 4858 nomine
842 4802 1051 4859 Domini
1082 4807 1245 4860 nostri
1269 4807 1395 4863 Jesu
1438 4806 1648 4876 Christi,
1684 4817 1737 4861 ut
1760 4810 1935 4863 subtra

377 4891 511 4953 [tatis
568 4909 652 4947 vos
704 4895 765 4947 ab
816 4895 954 4947 omni
995 4896 1151 4963 fratre
1209 4898 1500 4954 ambulante
1539 4901 1859 4967 inordinate,
1914 4909 1966 4954 et

381 5007 482 5043 non
528 4991 805 5046 secundum
845 4993 1168 5048 traditionem
1209 5013 1362 5065 quam
1397 5010 1696 5069 acceperunt
1744 5016 1777 5052 a
1821 5002 1964 5056 nobis

328 5138 337 5147 _
381 5077 469 5152 (11
502 5070 681 5135 Thess.
709 5098 787 5149 lli,
818 5082 894 5154 6).
926 5084 1076 5139 Hunc
1107 5086 1296 5153 pedem
1338 5089 1572 5144 Joannes
1616 5090 1745 5146 Caio
1775 5091 1963 5148 formi-

381 5172 560 5236 dabat,
580 5174 667 5244 qui
696 5190 815 5229 cum
843 5175 1008 5230 multa
1043 5187 1063 5213 ε
1103 5176 1404 5248 Diotrephis
1428 5183 1564 5236 mala
1590 5184 1960 5254 praemisisset,

452 5324 753 5398 “lividae”
785 5328 966 5384 Norat.
1002 5337 1053 5382 et
1081 5328 1341 5398 plerique,
1366 5343 1435 5385 est
1458 5333 1538 5386 hic
1570 5336 1809 5389 mundus.

449 5396 477 5437 δ
504 5399 719 5455 Ebroie.
772 5400 966 5467 aliique
1018 5396 1249 5462 Norm.,‘
1275 5400 1495 5456 Vindoc.
1543 5413 1596 5456 et
1628 5405 1738 5457 Val.
1776 5406 1880 5470 CL,
1903 5407 1961 5460 in

371 5472 779 5534 conversionem,
808 5471 889 5524 vel
917 5473 969 5522 in
1000 5471 1340 5525 conversione.

452 5551 476 5612 ἑ
512 5542 624 5612 Duo
649 5541 841 5612 Germ.
860 5552 912 5594 et
940 5540 1058 5594 Val.
1087 5542 1190 5604 CL,
1225 5542 1499 5612 Diotrepis.

451 5610 477 5647 ά
510 5611 757 5674 Vindoc.,
791 5611 999 5683 libroic.
1033 5628 1094 5667 ac
1116 5612 1322 5679 Noram,
1346 5610 1550 5665 inibona
1580 5624 1725 5683 parte
1752 5620 1961 5669 conver-

378 5683 611 5742 sdionis.
640 5684 781 5736 Plur.
816 5681 974 5743 Editi,
1001 5684 1055 5735 in
1082 5684 1213 5737 bona
1233 5686 1581 5737 conversione.

456 5763 479 5791 θ
511 5754 625 5808 Duo
651 5753 830 5807 Germ.
865 5763 917 5806 et
954 5752 1063 5811 iVal.
1090 5752 1192 5819 CL,
1227 5771 1259 5807 a
1289 5754 1536 5808 castitate.

412 5866 417 5871 ι
456 5821 475 5862 ί
510 5823 625 5878 Val.
658 5824 760 5889 CL,
791 5836 845 5879 ut
868 5834 1159 5877 extraneum

2062 4718 2235 4789 llquia
2278 4724 2387 4778 sine
2431 4724 2809 4779 intermissione
2865 4725 3080 4779 habeam
3128 4729 3205 4782 tui
3261 4730 3559 4784 memoriam
3610 4731 3665 4784 in

2066 4814 2386 4868 orationibus
2429 4817 2571 4882 meis,
2626 4826 2770 4872 nocte
2821 4835 2883 4871 ac
2932 4820 3017 4873 die
3068 4820 3362 4876 desiderans
3401 4831 3447 4877 te
3495 4823 3666 4876 videre

2069 4903 2158 4976 (ΙΙ
2182 4904 2316 4959 Tim.
2348 4921 2386 4972 ι,
2415 4908 2494 4971 5).
2552 4907 3125 4968 Thessalonicensibus
3170 4930 3383 4984 quoque
3425 4929 3662 4970 amorem

2069 5013 2225 5052 suum
2249 4997 2513 5065 indicans,
2536 5000 2671 5055 dicit
2704 5018 2716 5053 :
2754 5002 2866 5057 Nos
2902 5015 3095 5075 autem,
3139 5007 3344 5074 fratres,
3393 5008 3608 5061 desolati
3633 5022 3666 5058 a

2072 5092 2208 5144 vobis
2240 5091 2256 5129 ί
2284 5093 2351 5145 ad
2377 5102 2573 5163 tempus
2594 5094 2757 5163 horse,
2788 5108 3023 5168 aspectu,
3045 5114 3149 5152 non
3192 5100 3370 5162 corde,
3392 5097 3663 5151 abundan-

2074 5185 2174 5239 tius
2207 5186 2223 5234 l
2259 5184 2608 5241 festinabimus
2629 5187 2811 5259 faciem
2838 5199 3058 5244 vestram
3075 5190 3245 5245 videre
3260 5207 3373 5245 cum
3396 5188 3555 5240 multo
3576 5186 3665 5240 de-

2143 5347 2170 5385 8
2190 5335 2354 5392 Corb.
2388 5337 2599 5417 G.er_rn._,
2630 5343 2873 5412 Vindoc.,
2896 5346 3093 5417 ,Norm.
3138 5360 3399 5417 ac_piur.,
3430 5359 3564 5397 nunc
3592 5338 3664 5417 pti-

2068 5408 2253 5532 hvmilis,
2302 5410 2440 5478 quod
2492 5411 2686 5483 legitur
2732 5408 2940 5469 tum'in
2992 5426 3136 5473 textu
3186 5408 3396 5480 Graeco,
3449 5423 3559 5469 tum
3599 5408 3658 5471 in

2120 5497 2147 5532 υ
2175 5496 2225 5532 2.
3542 5508 3549 5513 ί

2142 5518 2313 5627 ’ἔν’ριιο
2329 5548 2527 5627 _Gertn.
2552 5560 2611 5627 et
2632 5552 2727 5607 Pra
2737 5554 2845 5608 tell.
2858 5597 2889 5627 ,_
2894 5552 3195 5627 guamgine
3221 5554 3618 5627 intermissione.

2102 5624 2111 5635 ’
2150 5614 2395 5742 llzaud"
2437 5622 2543 5675 duo
2572 5620 2755 5677 Germ.
2788 5634 2841 5678 et
2860 5614 2985 5679 'V'al.
3040 5622 3149 5691 CL,
3194 5626 3273 5678 ad-
3303 5616 3519 5695 tempus,
3552 5642 3659 5699 are,

2068 5706 2220 5758 aspec
2248 5708 2301 5743 ιι.

2151 5759 2593 5845 [Ιαίιιιύησοιδ.
2642 5759 2851 5833 Germ.,
2902 5765 3096 5822 Pratel.
3145 5777 3198 5823 et
3236 5767 3325 5824 alii
3379 5768 3631 5845 quman.

2064 5831 2394 5899 festinamus.
