4118 6340
547 369 652 424 585

1755 357 2000 416 SANCTI
2037 353 2364 414 GREGORII
2405 351 2616 409 MAGNI

3714 347 3817 404 584

544 483 730 538 siderio
762 479 813 550 (1
841 478 1023 534 Thess.
1082 492 1141 544 ιι,
1186 475 1295 544 17).
1329 473 1431 540 Qui
1477 472 1628 526 duris
1667 472 2127 540 persecutionibus
2154 476 2207 532 Α
2230 469 2362 522 vavit
2389 483 2467 520 me
2493 465 2704 534 spiritus
2730 465 2862 517 inter
2891 471 3078 516 terram
3107 467 3154 514 et
3193 459 3393 524 calum,
3424 469 3471 512 et
3500 458 3718 514 adduxit
3741 476 3822 516 me

545 593 785 647 pressus,
836 583 890 630 et
941 583 1115 627 tamen
1157 571 1224 624 de
1258 569 1483 622 filiorum
1511 565 1682 622 salute
1715 565 1994 629 sollicitus,
2035 564 2129 618 ad-

539 667 716 742 iunxit
750 685 762 720 :
798 665 1034 720 Misimus
1068 660 1390 715 Timotheum
1419 660 1630 727 fratrem
1673 667 1922 721 nostrum,
1955 667 2001 709 et
2030 657 2129 708 mi-

543 764 762 816 nistrum
792 759 887 813 Dei
910 759 962 812 in
997 756 1279 825 Evangelio
1301 754 1599 820 Christi,ad
1630 753 1991 823 confortandos
2012 767 2127 815 vos;

544 864 590 911 st
620 851 963 908 exhortandos
995 864 1088 918 pro
1116 848 1219 916 ﬁde
1245 857 1429 912 vestra,
1482 855 1535 897 ut
1584 861 1728 898 nemo
1773 852 2031 897 moveatur
2077 842 2131 895 in

541 944 954 1000 tribulationibus
976 941 1108 996 istis.
1140 939 1165 992 1
1176 941 1253 1010 psi
1278 939 1416 992 enim
1460 938 1599 991 scitis
1623 937 1757 1006 quod
1784 937 1836 990 in
1859 936 1953 989 hoc
1978 934 2132 1004 positi

541 1054 718 1095 sumus
749 1035 804 1104 (Ι
835 1035 1013 1089 Thess.
1070 1048 1149 1097 ιιι,
1197 1032 1279 1102 ‘2).
1331 1030 1578 1098 Ephesiis
1607 1043 1816 1098 quoque
1847 1029 1919 1082 ait
1951 1045 1965 1081 :
2002 1025 2130 1081 Peto

541 1149 601 1187 ne
619 1132 870 1201 deﬁciatis
900 1131 954 1184 in
982 1127 1398 1181 tribulationibus
1439 1127 1564 1178 meis
1588 1140 1682 1192 pro
1732 1123 1869 1176 vobis
1896 1138 2013 1192 qua:
2059 1131 2132 1175 est

541 1225 709 1296 gloria
747 1233 911 1276 vestra
966 1220 1184 1292 (Ep/tes.
1227 1234 1308 1284 ιιι,
1367 1219 1474 1284 15).
1528 1213 1665 1270 Ecce
1703 1216 1753 1268 in
1786 1201 2130 1269 tribulatione

541 1319 747 1388 positus
768 1316 899 1370 alios
924 1313 1259 1377 exhortatur,
1284 1322 1337 1365 et
1366 1311 1416 1364 in
1453 1310 1552 1364 hoc
1579 1310 1719 1378 quod
1751 1310 1864 1375 ipse
1904 1308 2132 1363 sustinet

545 1411 684 1465 alios
715 1409 955 1464 roborat.
984 1406 1099 1461 Non
1121 1405 1263 1460 enim
1293 1404 1523 1457 ﬁliorum
1547 1417 1762 1456 suorum
1787 1403 1955 1455 fuerat
1982 1415 2132 1455 more

546 1502 868 1559 struthionis
898 1501 1117 1566 oblitus,
1143 1501 1236 1556 sed
1264 1499 1533 1554 metuebat
1560 1497 1719 1552 nimis
1741 1511 1806 1550 ne
1828 1497 1943 1563 ejus
1965 1495 2130 1549 disci-

544 1594 656 1665 puli
699 1595 750 1648 in
807 1593 1158 1664 praedicatore
1216 1606 1315 1647 suo
1353 1599 1430 1645 tot
1479 1590 1908 1658 persecutionum
1941 1587 2129 1657 probra

543 1697 849 1753 cernentes,
875 1687 1034 1742 tidem
1059 1687 1114 1740 in
1142 1700 1208 1739 eo
1233 1684 1595 1753 despicerent,
1637 1691 1823 1737 contra
1863 1696 2020 1749 quam
2051 1680 2131 1734 in-

542 1795 782 1836 numera:
804 1780 1114 1849 passionum
1137 1777 1475 1835 contumeliae
1496 1776 1865 1845 praevalerent.
1884 1775 1949 1828 Et
1973 1772 2130 1827 idcir-

543 1889 604 1929 co
636 1874 813 1929 minus
863 1873 1080 1929 dolebat
1130 1873 1185 1928 in
1241 1871 1544 1934 tormentis,
1596 1872 1692 1924 sed
1727 1870 1893 1938 magis
1920 1867 2042 1921 filiis
2063 1867 2131 1921 de

543 1977 931 2022 tormentorum
978 1979 1199 2021 suorum
1263 1966 1556 2020 lentatione
1608 1962 1899 2017 metuebat.
1947 1958 2132 2014 Parvi-

548 2060 819 2132 pendebat
846 2061 897 2114 in
929 2074 989 2114 se
1042 2059 1223 2128 plagas
1271 2055 1536 2126 corporis,
1584 2056 1708 2109 dum
1740 2052 2050 2108 formidaret
2081 2052 2133 2104 in

547 2153 673 2207 filiis
704 2153 884 2222 plagas
910 2149 1110 2206 cordis.
1138 2149 1254 2218 Ipse
1279 2147 1531 2218 patiendo
1561 2145 1884 2215 suscipiebat
1914 2144 2134 2198 vulnera

549 2255 963 2310 tormentorum,
995 2242 1089 2298 sed
1115 2243 1254 2297 filios
1275 2243 1629 2306 consolando,
1666 2241 1886 2298 curabat
1913 2239 2132 2293 vulnera

546 2339 808 2394 cordium.
837 2337 1131 2392 Pensemus
1163 2350 1293 2407 ergo
1311 2335 1465 2404 cujus
1486 2333 1760 2388 charitatis
1789 2332 1969 2400 fuerit,
1994 2332 2135 2386 inter

558 2431 774 2486 dolores
805 2428 1051 2498 proprios
1075 2427 1195 2482 aliis
1223 2427 1486 2491 timuisse,
1514 2440 1800 2496 pensemus
1828 2423 1983 2494 cujus
2010 2422 2137 2476 cha-

547 2525 720 2580 ritatis
763 2523 950 2588 fuerit,
980 2521 1210 2576 filiorum
1263 2522 1490 2575 salutem
1524 2521 1663 2576 inter
1689 2535 1785 2575 sua
1813 2519 2135 2575 detrimenta

547 2616 847 2684 requirere,
869 2621 924 2668 et
951 2622 1147 2668 statum
1177 2611 1374 2667 mentis
1398 2612 1453 2666 in
1484 2609 1743 2681 proximis
1763 2611 1924 2666 etiam
1953 2623 2020 2666 ex
2040 2622 2136 2664 sua

550 2707 850 2778 dejectione
871 2706 1162 2761 custodire.

625 2801 831 2873 1005
873 2800 1020 2873 [Vet.
1065 2797 1195 2871 1.7L]
1236 2798 1322 2854 18.
1367 2799 1499 2865 Quia
1543 2816 1630 2867 per
1678 2799 2137 2869 concupiscentiam

547 2895 599 2948 in
627 2898 881 2960 exteriora
912 2894 1044 2948 bona
1074 2897 1329 2964 feruntur.
1368 2893 1496 2960 Quae
1524 2894 1662 2963 apud
1689 2909 1741 2948 se
1771 2903 1878 2947 tota
1910 2909 2015 2946 non
2062 2899 2137 2945 est

547 3005 710 3053 mens,
754 2989 977 3060 cogitare
1020 3004 1073 3042 se
1114 3004 1212 3041 non
1243 2997 1427 3057 potest.
1461 3018 1530 3032 -—-
1557 2986 1663 3042 Sed
1694 2987 1807 3041 haec
1844 2985 2137 3056 hypocritm

549 3082 826 3135 charitatis
854 3083 1062 3135 viscera
1093 3078 1359 3145 nesciunt,
1385 3078 1507 3148 quia
1537 3092 1722 3133 eorum
1750 3092 1902 3132 mens
1939 3086 2138 3145 quanto

551 3187 648 3241 per
672 3170 858 3224 mundi
889 3170 1379 3238 concupiscentiam
1423 3169 1477 3224 in
1510 3169 1782 3224 exteriora
1826 3167 2134 3235 resolvitur,

2233 561 2288 614 in
2316 558 2602 614 Jerusalem
2632 559 2685 609 in
2712 557 2903 610 visione
2936 555 3026 608 Dei
3041 557 3199 624 juxta
3222 554 3408 607 ostium
3428 552 3660 619 interius,
3683 555 3818 622 quod

2234 653 2532 720 respiciebat
2577 650 2643 703 ad
2682 649 3006 718 Aquilonem,
3052 646 3134 699 ubi
3177 654 3284 699 erat
3333 654 3577 698 statutum
3621 642 3818 697 idolum

2232 747 2349 812 zeli,
2393 746 2460 798 ad
2505 742 2882 814 provocandam
2922 739 3301 794 wnmlationem
3347 734 3561 803 (Ezech.
3601 749 3712 803 vm,
3738 734 3815 805 '5).

2231 838 2368 907 Quid
2391 846 2475 894 est
2507 836 2654 892 enim
2701 835 2984 890 cincinnus
3031 831 3246 901 capitis,
3276 829 3377 883 nisi
3407 828 3650 883 collectae
3675 825 3818 896 cogi-

2232 932 2461 986 tationes
2492 929 2708 992 mentis,
2743 937 2800 980 ut
2825 939 2929 980 non
2959 939 3162 993 sparsa:
3190 921 3454 984 dilfluant,
3481 918 3575 974 sed
3598 934 3691 988 per
3711 918 3819 974 dis-

2231 1025 2483 1092 ciplinam
2511 1022 2816 1098 constricta:
2849 1017 3182 1073 subsistant?
3225 1015 3408 1070 Manus
3436 1029 3563 1085 ergo
3589 1014 3819 1081 desuper

2231 1117 2481 1178 mittitur,
2515 1122 2568 1169 et
2598 1111 2858 1182 propheta
2889 1125 2982 1179 per
3005 1108 3310 1163 ciuciunum
3340 1105 3528 1175 capitis
3547 1105 3817 1168 elevatur,

2233 1209 2356 1279 quia
2381 1223 2504 1264 cum
2529 1216 2711 1262 nostra
2736 1219 2887 1260 mens
2910 1218 3029 1258 sese
3055 1217 3145 1271 per
3168 1199 3465 1255 custodiam
3493 1198 3716 1268 colligit,
3742 1197 3820 1252 vis

2231 1316 2464 1369 superna
2517 1315 2729 1356 sursum
2777 1313 2873 1354 nos
2921 1296 2988 1351 ab
3030 1293 3228 1349 inﬁmis
3285 1293 3465 1347 trahit.
3519 1292 3663 1346 Bene
3695 1305 3822 1346 vero

2233 1395 2375 1449 inter
2408 1402 2603 1449 terram
2633 1400 2690 1446 et
2716 1391 2911 1446 cmlum
2958 1386 2986 1424 ἀ
3014 1387 3282 1442 sublatum
3334 1400 3392 1440 se
3431 1385 3643 1450 asserit,
3697 1383 3819 1452 quia

2233 1486 2459 1555 quilibet
2501 1492 2722 1539 sanctus
2753 1483 2806 1538 in
2834 1496 2995 1536 carne
3027 1479 3239 1534 mortali
3262 1477 3486 1548 positus,
3525 1476 3679 1544 plene
3704 1475 3823 1545 qui-

2233 1579 2352 1632 dem
2386 1577 2563 1631 adhuc
2583 1576 2650 1630 ad
2685 1589 2918 1644 superna
2952 1587 3056 1627 non
3088 1571 3354 1641 pervenit,
3382 1569 3475 1624 sed
3493 1569 3605 1637 jam
3641 1575 3822 1622 tamen

2233 1668 2720 1737 ima~derelinquit.
2752 1667 2807 1721 In
2834 1665 3037 1720 visione
3063 1678 3193 1718 vero
3219 1663 3310 1718 Dei
3333 1663 3382 1716 in
3407 1660 3700 1716 Jerusalem
3725 1659 3823 1714 du-

2233 1763 2392 1828 citur,
2424 1761 2546 1828 quia
2575 1759 2829 1813 videlicet
2863 1756 3228 1825 unusquisque
3257 1752 3542 1822 proﬁciens
3572 1768 3667 1821 per
3692 1750 3821 1804 cha-

2162 1844 2206 1904 B
2235 1823 2412 1910 ritatis
2463 1856 2658 1917 zelum,
2698 1854 2875 1924 qualis
2918 1823 3039 1906 esse
3083 1823 3320 1904 Ecclesia
3357 1848 3553 1904 debeat
3579 1855 3824 1902 contem-

2237 1949 2430 2018 platur.
2465 1948 2608 2002 Bene
2629 1962 2841 2016 quoque
2871 1944 3106 2000 additur.
3141 1954 3164 1980 θ
3192 1943 3356 1997 Juxta
3381 1941 3567 1996 ostium
3589 1938 3822 2003 interius,

2237 2043 2373 2111 quod
2412 2040 2713 2110 respiciebat
2744 2041 2811 2093 ad
2853 2038 3181 2110 Aquilonem,
3215 2036 3339 2104 quia
3369 2035 3622 2088 nimirum
3651 2029 3824 2084 sancti

2239 2134 2339 2188 viri
2373 2132 2498 2188 dum
2549 2149 2642 2202 per
2671 2133 2876 2187 aditum
2925 2132 3151 2185 interna:
3188 2125 3655 2196 contemplationis
3685 2122 3824 2191 aspi-

2244 2227 2416 2291 ciunt,
2453 2230 2572 2295 plus
2603 2240 2757 2292 prava
2806 2226 2943 2278 intra
2979 2221 3272 2278 Ecclesiam
3315 2219 3430 2274 ﬁeri
3471 2232 3628 2287 quam
3680 2224 3824 2270 recta

2241 2317 2686 2386 deprehendunt;
2719 2326 2773 2372 et
2799 2317 2950 2387 quasi
2983 2317 3035 2369 in
3055 2312 3330 2384 Aquilonis
3357 2318 3505 2381 parte
3533 2307 3740 2373 oculos,
3773 2305 3825 2360 id

2239 2422 2324 2466 est
2353 2411 2420 2465 ad
2451 2411 2582 2466 solis
2610 2410 2880 2464 sinistram
2913 2409 3152 2474 flectunt,
3196 2407 3318 2475 quia
3363 2412 3548 2459 contra
3578 2401 3826 2456 vitiorum

2243 2504 2441 2571 frigora
2465 2501 2744 2556 charitatis
2774 2516 2833 2556 se
2857 2501 3084 2554 stimulis
3124 2498 3440 2553 accendunt.
3469 2496 3571 2551 Ubi
3597 2501 3653 2550 et
3683 2502 3827 2549 recte

2240 2594 2579 2664 subjungitur
2613 2611 2626 2648 :
2660 2594 2793 2659 Quia
2821 2593 2927 2646 illic
2967 2601 3074 2646 erat
3116 2599 3362 2645 statutum
3392 2587 3589 2642 idolum
3624 2587 3721 2641 zeli
3759 2585 3826 2638 ad

2242 2689 2622 2758 provocandam
2650 2687 3043 2740 temulationem.
3087 2683 3221 2737 Dum
3251 2683 3393 2738 enim
3424 2681 3559 2735 intra
3589 2687 3828 2734 sanctam

2246 2782 2544 2837 Ecclesiam
2582 2797 2612 2835 a
2647 2779 2920 2839 nonnullis
2969 2779 3146 2848 specie
3171 2778 3283 2831 sola
3313 2775 3579 2838 ﬁdelibus,
3612 2773 3829 2842 rapinas

2245 2885 2299 2929 et
2325 2874 2450 2928 vitia
2499 2872 2795 2942 perpetrari
2844 2870 3204 2935 considerant,
3246 2867 3372 2938 quid
3411 2866 3554 2921 aliud
3581 2880 3735 2935 quam
3769 2863 3829 2918 in

2245 2967 2542 3022 Jerusalem
2571 2965 2767 3020 idolum
2802 2962 3023 3017 vident?
3049 2963 3201 3028 Quod
3243 2959 3446 3014 idolum
3485 2958 3586 3014 zeli
3612 2957 3828 3022 dicitur,

2245 3061 2369 3130 quia
2393 3074 2488 3130 per
2530 3058 2632 3112 hoc
2656 3066 2844 3112 contra
2875 3071 2973 3111 nos
2998 3056 3265 3110 aemulatio
3306 3069 3540 3124 superna
3570 3066 3830 3123 provoca-

2250 3167 2337 3212 tur
2373 3175 2386 3209 :
2418 3164 2474 3212 et
2498 3165 2646 3210 tanto
2675 3155 2968 3210 districtius
3006 3153 3376 3222 delinquentes
3431 3149 3579 3215 ferit,
3629 3156 3829 3210 quanto

551 3273 698 3319 tanto
727 3278 822 3332 per
853 3261 1251 3316 iuaffectionem
1291 3276 1442 3315 suam
1473 3260 1698 3316 interius
1735 3259 2056 3323 obduratur;
2086 3267 2140 3314 et
2165 3239 2211 3301 (ἶ
2245 3262 2342 3302 005
2377 3245 2394 3285 ί
2440 3247 2652 3301 Charius
2674 3243 2998 3314 Redemptor
3021 3255 3182 3298 amat.

551 3363 768 3424 torpore
811 3352 1108 3407 insensibili
1151 3351 1386 3420 frigescit
1424 3351 1770 3415 intrinsecus,
1799 3350 1923 3418 quia
1953 3363 2136 3404 amore

552 3443 842 3502 damnabili
871 3444 1136 3500 mollescit
1163 3442 1330 3509 foris;
1375 3458 1540 3514 seque
1576 3443 1748 3512 ipsam
1795 3443 2141 3498 considerare

556 3555 665 3594 non
709 3538 872 3606 valet,
916 3536 1041 3609 quia
1072 3538 1311 3607 cogitare
1336 3552 1397 3593 se
1423 3537 1645 3592 minime
1672 3534 1872 3592 studet.
1894 3535 2142 3606 Cogitare

501 3685 508 3692 _
552 3647 682 3688 vero
715 3646 776 3687 se
807 3646 960 3687 mens
991 3646 1096 3685 non
1127 3639 1322 3700 potest,
1355 3646 1474 3700 qua:
1498 3639 1607 3686 tota
1629 3630 1769 3700 apud
1796 3631 2141 3700 semetipsam

553 3741 658 3780 non
681 3734 782 3781 est.
809 3723 1094 3784 Tota,vero
1115 3738 1236 3779 esse
1258 3724 1397 3794 apud
1421 3725 1762 3794 semetipsam
1786 3739 1894 3779 non
1919 3724 2140 3788 sufficit,

555 3821 680 3891 quia
715 3829 740 3856 κ
773 3834 868 3889 per
917 3827 1045 3889 quot
1073 3819 1532 3887 concupiscentias
1573 3818 1801 3889 rapitur,
1853 3833 1946 3886 per
1988 3826 2069 3872 tot
2113 3833 2142 3872 a

556 3917 848 3984 semetipsa
899 3915 1106 3984 species
1153 3915 1462 3984 dissipatur,
1513 3922 1569 3968 et
1615 3926 1802 3982 sparsa
1856 3911 1909 3966 in
1946 3911 2146 3967 intimis

555 4005 718 4076 jacet,
781 4021 900 4077 quae
952 4006 1199 4076 collecta,
1251 4005 1300 4062 si
1323 4006 1508 4073 vellet,
1553 4005 1622 4061 ad
1659 4020 1870 4062 summa
1916 4019 2144 4061 consur-

555 4108 723 4166 geret.
1957 4112 1970 4122 ι

631 4191 717 4246 19.
762 4190 902 4246 Mira
921 4194 1187 4265 justorum
1206 4194 1344 4246 intra
1372 4209 1426 4248 se
1452 4191 1784 4248 collectorum
1813 4192 2146 4263 perspicacia.

559 4314 631 4328 -—
659 4284 814 4341 Unde
838 4284 1104 4354 iustorum
1149 4300 1324 4353 mens,
1358 4286 1480 4355 quia
1523 4299 1618 4356 per
1658 4285 1954 4341 custodiam
1983 4285 2149 4341 disci-

557 4379 780 4449 plinaea
808 4388 1124 4433 cunctorum
1174 4377 1468 4434 visibilium
1518 4378 1664 4433 fluxo
1718 4379 1957 4449 appetitu
2011 4395 2149 4434 con-

560 4473 887 4541 stringitur,
944 4469 1166 4527 collecta
1217 4471 1360 4541 apud
1419 4471 1772 4540 semetipsam
1827 4472 2148 4526 intrinsecus

563 4566 892 4636 integratur;
925 4564 1208 4636 qualisque
1239 4567 1345 4620 Deo
1375 4564 1455 4620 vel
1489 4563 1733 4635 proximo
1761 4580 1885 4621 esse
1929 4563 2144 4629 debeat,

2318 3360 2462 3433 [Vet.
2492 3359 2588 3430 X.]
2624 3360 2714 3415 20.
2759 3359 2806 3412 Η
2813 3359 3158 3430 ypocritarum
3184 3359 3252 3411 ad
3277 3358 3496 3412 caelestia
3521 3365 3720 3424 torpor,
3745 3368 3831 3407 ar-

2245 3454 2342 3508 dor
2368 3453 2434 3507 ad
2457 3461 2680 3528 terrena.
2700 3481 2772 3494 -—
2793 3451 3094 3522 llypocritte
3121 3451 3298 3520 igitur,
3328 3450 3453 3520 quia
3475 3447 3829 3519 cogitationes

2246 3545 2442 3600 mentis
2484 3560 2593 3600 non
2638 3544 2911 3615 colligunt,
2946 3559 3038 3613 per
3066 3541 3367 3596 ciuciunum
3394 3540 3584 3610 capitis
3612 3538 3832 3594 minime

2246 3644 2524 3694 tenentur.
2573 3638 2640 3692 Et
2682 3639 2772 3708 qui
2821 3650 2917 3691 sua
2963 3635 3684 3703 nesciunt,_commissorum
3728 3630 3833 3686 sibi

2246 3731 2460 3802 quando
2515 3731 2708 3787 delicta
2757 3731 3206 3802 deprehendunt?
3263 3731 3325 3784 lli
3384 3730 3562 3800 itaque
3618 3736 3834 3798 torpent

2258 3824 2471 3894 1006
2497 3841 2524 3877 a
2552 3825 2885 3890 coelestibus,
2916 3824 2981 3878 ad
3013 3840 3131 3894 qua:
3157 3824 3383 3900 flagrare
3421 3823 3750 3886 debuerant;
3783 3829 3838 3875 et

2249 3916 2481 3988 ﬂagrant
2523 3917 2749 3972 terrenis
2788 3916 2948 3972 rebus
2991 3916 3170 3981 anxie,
3198 3931 3228 3970 a
3257 3916 3451 3986 quibus
3496 3913 3837 3970 laudabiliter

2249 4013 2604 4082 torpuissent.
2657 4010 2960 4080 Postposita
3006 4012 3201 4080 quippe
3231 4008 3460 4064 filiorum
3501 4022 3648 4074 cura,
3689 4020 3838 4074 saepe

2249 4124 2345 4165 eos
2375 4108 2555 4163 videas
2581 4122 2640 4161 se
2668 4115 2852 4162 contra
2883 4103 3119 4172 pericula
3151 4103 3399 4158 immensi
3429 4103 3626 4158 laboris
3651 4100 3835 4156 accin-

2250 4217 2399 4273 gere,
2430 4201 2596 4256 maria
2625 4209 2980 4266 transmeare,
3011 4198 3159 4252 adire
3176 4196 3395 4267 judicia,
3445 4195 3659 4266 pulsare
3689 4196 3838 4265 prin-

2250 4297 2479 4365 cipatus,
2530 4294 2728 4364 palatia
2766 4294 3086 4362 irrumpere,
3129 4291 3464 4362 jurgantibus
3517 4290 3840 4362 populorum

2251 4390 2438 4445 cuneis
2467 4389 2752 4454 interesse,
2783 4396 2840 4442 et
2868 4398 3080 4442 terrena
3106 4385 3425 4456 patrimonia
3453 4385 3718 4441 laboriosa
3740 4384 3842 4440 ob-

2252 4480 2562 4538 servatione
2613 4479 2924 4536 defendere.
2974 4480 3175 4548 Quibus
3219 4479 3266 4534 si
3316 4479 3540 4534 fortasse
3585 4478 3841 4533 dicatur:

2249 4575 2357 4629 Cur
2388 4573 2488 4628 ista
2518 4587 2614 4627 vos
2642 4570 2820 4644 agitis,
2849 4571 2940 4642 qui
2969 4557 3225 4625 saeculum
3257 4569 3586 4639 reliquistis?
3609 4584 3843 4638 respon-

565 4663 721 4732 plene
743 4662 1028 4732 conspicit,
1052 4662 1176 4732 quia
1199 4660 1332 4715 nihil
1350 4675 1506 4716 suum
1534 4660 1769 4716 exterius
1791 4658 2148 4737 derelinquit;
2178 4640 2230 4702 Ῑ)
2255 4664 2386 4721 deut
2407 4663 2550 4719 illico
2576 4640 2742 4718 Deum
2768 4640 2826 4717 se
2857 4640 3117 4729 metuere,
3147 4672 3202 4716 et
3230 4661 3432 4718 idcirco
3473 4669 3624 4717 tanto
3662 4660 3845 4718 studio

561 4765 618 4813 et
640 4765 840 4828 quanto
884 4757 954 4812 ab
1002 4755 1366 4812 exterioribus
1414 4755 1682 4811 abstracta
1712 4752 1740 4793 ι’
1767 4757 2150 4826 compescitur,

564 4860 714 4905 tanto
766 4858 917 4905 aucta
967 4850 1020 4904 in
1062 4850 1264 4904 intimis
1313 4849 1712 4916 inﬂammatur;
1760 4860 1815 4905 et
1852 4865 1959 4920 quo
1985 4851 2154 4920 magis

561 4937 736 5013 ardet,
785 4959 852 4999 eo
903 4943 971 4998 ad
1015 4942 1466 5014 deprehendenda
1493 4942 1618 4998 vitia
1653 4953 1674 4981 ε
1708 4945 1935 5014 amplius
1989 4945 2152 4999 lucet.

564 5035 702 5092 Hinc
741 5045 825 5091 est
865 5035 1009 5090 enim
1053 5037 1194 5106 quod
1219 5035 1389 5091 sancti
1419 5035 1516 5089 viri
1545 5036 1673 5091 dum
1705 5051 1765 5090 se
1795 5037 1933 5092 intra
1960 5045 2156 5092 semet-

562 5129 708 5199 ipsos
755 5127 1046 5198 colligunt,
1097 5127 1229 5182 mira
1285 5142 1348 5182 ac
1395 5129 1718 5197 penetrabili
1775 5129 1891 5183 acie
1945 5131 2153 5184 occulta

561 5225 722 5278 etiam
755 5223 928 5275 aliena
960 5219 1151 5275 delicta
1199 5221 1632 5288 deprehendunt.
1681 5219 1833 5275 Unde
1879 5221 2014 5275 bene
2061 5236 2143 5290 pet

566 5313 898 5369 Ezechielem
947 5312 1263 5382 prophetam
1318 5311 1512 5367 dicitur
1561 5330 1573 5364 :
1618 5309 1826 5365 Emissa
1873 5313 2155 5365 similitudo

572 5423 756 5462 manus
785 5405 1123 5477 apprehendit
1153 5420 1232 5458 me
1257 5405 1311 5458 in
1341 5405 1581 5458 cincinno
1607 5404 1789 5474 capitis
1818 5404 1934 5466 mei,
1979 5413 2025 5456 et
2049 5405 2154 5459 ele-

653 5556 677 5582 ε
712 5547 933 5599 Recent.
969 5542 1205 5610 Vulgati,
1260 5558 1349 5606 per
1397 5549 1518 5605 quot
1568 5540 1994 5610 concupiscentia.
2023 5540 2149 5598 Mss,

573 5615 678 5670 duo
705 5613 914 5677 Germ.,
941 5615 1155 5680 Ebroic.
1182 5613 1378 5680 aliique
1409 5612 1622 5676 Norm.,
1672 5612 1867 5676 Land.,
1901 5613 2151 5680 Longip.,

570 5684 688 5742 Val.
718 5686 802 5741 Cl.
835 5697 888 5739 et
919 5678 1015 5750 aL,
1071 5678 1544 5751 concupiscentias,
1579 5694 1633 5737 ut
1677 5684 1837 5737 etiam
1883 5678 2152 5750 legitur—in

573 5767 683 5812 vet.
716 5756 814 5809 Ed.
839 5756 1012 5810 Paris.
1046 5768 1098 5808 ct
1132 5755 1295 5808 Basil.
1339 5765 1386 5809 et
1419 5755 1634 5823 quidem
1680 5755 1870 5809 melius
1898 5773 1912 5820 ;
1948 5771 2066 5807 nam
2103 5765 2158 5808 ut

577 5828 712 5883 intra
745 5828 991 5890 habetur,
1021 5841 1112 5904 per
1141 5835 1306 5906 tot_....
1334 5828 1543 5896 species,
1573 5828 1640 5883 ita
1664 5842 1826 5896 supra
1851 5827 2156 5898 legendum,

577 5916 668 5971 per
693 5908 814 5971 quot
843 5907 1299 5965 concupiscentias.

2257 4758 2611 4814 defendendis
2635 4755 2971 4827 patrimoniis
2997 4755 3267 4811 insudare.
3317 4756 3468 4812 Unde
3500 4755 3639 4813 bene
3665 4756 3847 4814 adhuc

2259 4851 2326 4908 de
2354 4848 2670 4906 struthionis
2695 4847 2853 4918 hujus
2881 4849 3046 4903 stulto
3076 4849 3257 4904 labore
3283 4848 3622 4920 subiungitur
3646 4865 3662 4903 :

2646 4940 2870 4996 CAPUT
2912 4942 3024 4997 Xlll
3063 4942 3207 5013 [Rec.
3257 4939 3448 5014 VIII].

2337 5036 2498 5092 Vlas.
2541 5034 2628 5089 '16.
2660 5063 2731 5076 --
2760 5031 2984 5089 Frustra
3028 5034 3294 5096 laboravit.
3341 5034 3484 5089 nullo
3523 5035 3702 5091 timore
3757 5049 3851 5091 co-

2257 5143 2420 5202 gente.

2329 5225 2421 5278 21.
2464 5223 2717 5296 Neglecta
2754 5222 2985 5292 ﬁliorum
3019 5223 3270 5291 custodia,
3313 5222 3614 5290 temporalia
3657 5223 3854 5276 damna

2259 5315 2335 5368 uel
2359 5315 2550 5370 leviora
2569 5315 2763 5388 jurgiis
2795 5314 3082 5385 propulsat.
3131 5313 3274 5384 Erga
3303 5331 3363 5368 ea
3383 5331 3500 5386 qua:
3527 5315 3854 5385 possidemus

2260 5423 2361 5475 qua
2390 5416 2554 5461 mente
2583 5407 2764 5472 simus,
2789 5406 2890 5460 nisi
2917 5421 3032 5460 cum
3065 5405 3389 5477 amittantur,
3420 5408 3738 5480 ignoramus.
3769 5435 3856 5451 -—

2335 5538 2361 5578 δ
2394 5539 2560 5596 Laud.
2588 5549 2640 5595 et
2667 5539 2782 5595 Val.
2812 5540 2916 5606 CL,
2945 5539 3272 5607 conspicitur.

2339 5621 2362 5682 ς
2396 5612 2624 5666 Vindoc.
2652 5612 2866 5666 Ebroic.
2896 5622 2950 5665 et
2979 5613 3050 5665 al.
3074 5612 3282 5675 Norm.,
3305 5614 3524 5682 amplius
3542 5616 3700 5671 videt.

2341 5680 2367 5718 ἀ
2405 5683 2569 5738 Iidem
2600 5700 2721 5738 cum
2747 5683 2907 5737 εστι).
2943 5683 3126 5738 Germ.
3160 5696 3212 5739 et
3243 5685 3358 5738 Val.
3383 5680 3488 5751 CL,
3509 5689 3858 5748 sublevatuns.

2340 5763 2362 5790 ε
2393 5755 2492 5808 Ed.
2516 5769 2636 5808 cum
2662 5755 2826 5828 du‘ob.
2857 5755 3068 5828 Germ.,
3093 5758 3216 5826 quia
3239 5759 3394 5828 juxta
3420 5759 3609 5814 ostium
3634 5762 3859 5819 interius

2264 5828 2453 5881 ductus
2479 5837 2573 5892 est,
2602 5825 2739 5895 quod
2762 5827 3088 5895 respiciebat.

2344 5897 2360 5935 ί
2391 5897 2616 5964 Turon.,
2651 5900 2818 5951 carnis
2848 5898 3134 5972 redemptor
