4142 6348
372 398 507 452 1409

370 512 516 571 prima
558 510 765 559 nudatus
808 511 1082 570 peccando,
1107 511 1235 558 illam
1265 523 1411 557 recu-

369 581 508 631 perat
531 570 834 633 paenitendo,
858 572 961 619 396.
991 572 1145 620 Homo
1172 579 1278 633 post
1301 585 1411 630 pec-

367 640 526 679 catum
560 636 691 691 prius
718 636 893 681 timore
917 633 1123 694 ligatus,
1153 642 1318 694 postea
1339 635 1410 694 gli-

368 690 612 742 bertatem
656 690 977 750 consecutus,
1020 695 1131 741 913.
1154 690 1313 741 Homo
1338 690 1407 738 Ia-

368 767 482 816 psus
504 768 666 813 neque
685 753 890 803 fructum
914 763 1075 802 servat
1093 755 1406 816 operationis,

367 815 531 876 neque
573 824 750 865 statum
796 817 1133 869 rectitudinis,
1184 815 1411 862 1582.—

368 875 526 928 Homo
548 877 758 926 clamans
779 877 972 937 vigilat,
999 878 1220 925 sentiens
1244 877 1408 937 legem

368 942 527 985 carnis
550 946 905 1000 repugnantem
928 936 1090 1000 .126.
1113 936 1409 1000 Stattim’na-

371 1006 491 1047 tura:
532 997 770 1061 reparatae
808 998 1147 1061 εθευιιᾴειὶιὶξ
1175 997 1406 1061 Job,_tio-

368 1062 498 1108 niine
523 1058 655 1109 CaSia
676 1096 691 1119 ,
716 1060 889 1121 ligurat
911 1095 925 1117 ,
954 1058 1089 1107 1165.
1118 1059 1283 1106 Genus
1315 1059 1404 1106 liu-

367 1133 557 1168 manum
578 1124 999 1180 signaturincaecii
1018 1135 1042 1166 ii
1057 1127 1406 1181 natura,qui-m

368 1181 584 1243 Christus
640 1182 915 1243 illuminat,
974 1182 1112 1231 1440.
1152 1182 1407 1243 Homines

364 1241 512 1305 futuri
538 1251 652 1293 sunt
674 1246 861 1305 angelis
880 1241 1113 1304 aequales,
1142 1242 1279 1292 1463.
1300 1243 1406 1291 Hu-

359 1303 438 1368 jus
459 1307 705 1368 societatis
734 1303 825 1368 nos
852 1313 1158 1368 pra-stemus
1197 1305 1369 1364 dignos
1386 1343 1403 1368 ,

360 1365 477 1415 ibid.
495 1365 711 1426 L'terque
734 1365 941 1413 hominis
956 1373 1106 1414 status
1131 1378 1222 1427 per
1236 1365 1403 1414 vetera

362 1433 415 1474 et
461 1440 599 1487 nova,
638 1439 758 1489 quae
796 1427 969 1489 Scriba
992 1428 1160 1475 doctus
1186 1428 1400 1489 profert,

358 1488 599 1550 signatur,
629 1487 837 1537 1475—-
856 1488 1015 1550 Homo
1037 1487 1243 1550 propriis
1265 1487 1405 1550 ptes?~

360 1561 444 1597 sus
466 1549 750 1599 criminibus
769 1586 783 1609 ,
826 1549 870 1597 al
891 1561 982 1598 ena
1011 1562 1105 1597 non
1128 1549 1293 1603 diluit.
1322 1549 1401 1599 11.

362 1611 517 1659 Homo
542 1625 628 1672 per
652 1612 942 1660 voluntarias
963 1612 1144 1659 mentis
1172 1611 1403 1660 tenebras

363 1686 405 1734 a_
442 1674 769 1722 delectatione
814 1676 999 1734 peccati
1043 1676 1247 1732 rapitur,
1294 1674 1398 1722 115.

361 1732 518 1782 Homo
541 1739 747 1794 quatuor
788 1732 940 1781 modis
974 1736 1191 1793 peccavit
1216 1735 1266 1781 in
1290 1746 1402 1781 cor-

361 1795 445 1855 de,
473 1805 517 1843 el
549 1799 744 1843 totidem
789 1795 848 1856 in,
876 1807 1029 1856 opere
1052 1832 1078 1856 ,γ
1105 1794 1210 1841 124.
1254 1795 1400 1852 Quasi

363 1856 504 1904 homo
526 1860 570 1904 in
599 1858 798 1903 bestiam
824 1855 1032 1914 desinit,
1055 1855 1167 1903 dum
1193 1857 1288 1904 sub
1308 1860 1401 1903 oli—

360 1924 496 1979 tentu
523 1919 741 1978 rationis,
765 1918 1192 1979 contrarationem
1214 1924 1401 1979 peccat,

360 1978 472 2027 2'38.
500 1980 698 2026 taecitas
726 1977 901 2038 quanta
936 1977 1141 2025 hominis
1176 1977 1404 2037 peccato-

361 2041 441 2095 ris,
470 2040 573 2089 ;97.
602 2040 764 2100 Opera
800 2040 924 2086 bona
962 2039 1172 2087 hominis
1206 2040 1253 2086 in
1276 2048 1404 2089 statu

359 2103 543 2159 peccati
591 2102 738 2159 laeta,
782 2108 890 2147 sunt
930 2100 1146 2162 inutilia,
1193 2102 1301 2149 407.
1346 2105 1401 2150 ν.

366 2163 613 2222 l’eccator,
638 2162 802 2211 Status
823 2168 1001 2222 peccati
1022 2173 1218 2210 rum.—
1238 2163 1405 2210 llomi-

361 2236 488 2280 nes,
532 2236 618 2271 cur
663 2224 824 2281 potius
868 2222 1141 2272 redi-merit
1184 2224 1405 2274 Christus

361 2297 503 2345 quam
526 2283 747 2344 angelos,
778 2285 884 2332 108.
906 2283 957 2331 Si
984 2285 1125 2333 homo
1163 2298 1258 2333 non
1285 2299 1403 2345 pec-

360 2354 517 2403 casset
536 2382 549 2405 ,
576 2347 749 2394 fuisset
774 2348 819 2391 in
856 2357 1000 2407 carne
1036 2346 1292 2407 Spiritalis,
1322 2352 1401 2407 qui

359 2402 437 2457 est
461 2410 507 2455 in
533 2402 699 2457 tuente
723 2406 944 2466 carnalis,
974 2402 1077 2457 166:
1106 2402 1296 2457 Primus
1313 2402 1403 2459 ho;

360 2472 501 2517 minis
544 2470 703 2531 lapsus
720 2504 734 2528 ,
892 2468 1108 2517 Hominis
1129 2472 1353 2531 expulsio
1377 2486 1402 2519 a

360 2529 601 2589 paradiso,
640 2531 747 2578 310.
793 2529 948 2592 Homo
991 2540 1105 2579 ante
1151 2529 1403 2592 peccatum

398 2595 567 2654 roprjaa
590 2594 845 2641 voluntatis
868 2591 1373 2641 libertatem’habehat
1389 2632 1401 2654 ,

357 2604 567 2701 gropriaa
590 2604 845 2641 vomntatis
868 2604 1143 2639 ubertatem
1166 2604 1401 2654 habebat,

392 2651 466 2701 52.
489 2652 609 2722 Per“
626 2661 874 2722 peccatum
917 2654 1066 2722 factus
1109 2654 1404 2722 «studentum

359 2716 551 2773 mortis,
577 2713 676 2763 ibid
720 2713 835 2763 Post
860 2719 1116 2774 peccatum
1147 2715 1265 2761 nihil
1290 2715 1403 2763 boni

359 2785 519 2836 potest
542 2780 752 2837 Operari,
778 2774 866 2823 sed
894 2776 1044 2834 gratia
1071 2776 1297 2837 praevenit
1320 2784 1404 2824 nte

359 2836 698 2897 indiget,708.
727 2840 883 2885 llomo
905 2836 1149 2897 peccando
1172 2837 1404 2885 similitu-

360 2876 1403 2960 Ηίἦὲ“ιιῖ’1)ὲῖ”ῤ‹ἶιῖόῖὰἷιῖῖῑὶἐῗῐιὶῖιίἷῖἶὶὶὲ-

358 2964 459 3009 ritis
516 2958 838 3023 exteriusque
872 2960 1106 3023 Aqiiotidie
1151 2958 1402 3023 aliligitur,

355 3024 469 3084 252,
496 3023 602 3071 265.
627 3020 932 3080 ρυοιἰιιοόἱδ
960 3020 1103 3084 homo
1122 3021 1210 3068 sibi
1239 3020 1405 3081 gravis

355 3087 421 3141 sit
458 3082 668 3146 propter,
696 3097 870 3145 corpus
892 3120 904 3138 ,
954 3082 1059 3131 268.
1104 3085 1173 3129 Ac
1203 3092 1401 3142 propter

359 3144 563 3194 atiimam
593 3183 605 3203 ,
653 3144 936 3195 ibid.'Dum
995 3148 1221 3205 prtesenti
1267 3155 1407 3203 pinna

361 3209 599 3269 premitur
623 3208 782 3269 homo,
807 3208 870 3255 de
896 3206 1074 3254 futuris
1096 3207 1294 3266 gravius
1320 3217 1406 3269 ur-

361 3267 527 3330 getur,
571 3271 679 3318 200.
708 3267 803 3317 Per
828 3277 1078 3329 peccatum
1120 3283 1144 3313 a
1188 3267 1407 3330 paradiso

359 3328 543 3393 pulsus,
564 3332 756 3393 quantis
771 3328 1053 3393 miseriissu
1063 3330 1242 3393 bjaceai
1258 3368 1269 3388 ,
1290 3328 1402 3376 310.

359 3390 537 3439 Homo'
556 3390 853 3452 aiigustiatur
874 3390 932 3438 ad
959 3408 973 3435 ι
989 3392 1099 3438 itam
1120 3428 1133 3449 ,
1177 3390 1405 3438 dilatatur

357 3454 416 3501 ad
438 3456 678 3501 miseriam
697 3490 711 3513 ,
732 3454 844 3513 :89.
871 3452 1095 3498 Hominis
1124 3456 1267 3498 varize
1292 3460 1405 3500 ten-

359 3517 605 3574 taliones,
650 3512 760 3562 387.
798 3514 1123 3574 '[erreiiomm
1156 3513 1405 3560 hominum

360 3572 598 3631 miseria,
627 3576 764 3624 1585.
808 3572 963 3621 Homo
1006 3579 1115 3633 pcst
1156 3582 1407 3634 peccatum

360 3648 461 3683 sua:
500 3636 835 3684 mutabilitatis
874 3645 1042 3695 pmnas
1087 3641 1267 3694 portat,
1294 3635 1427 3695 510.⁴

363 3695 519 3746 Homo
542 3698 629 3744 sibi
654 3696 875 3757 relictus,
914 3711 929 3741 i
945 3698 1149 3757 ujusque
1175 3697 1408 3757 tentatio—

358 3759 436 3807 nis
452 3772 567 3806 aura
586 3767 819 3819 raptatur,
846 3758 952 3807 525.
980 3756 1167 3804 l'ronus
1187 3756 1243 3819 ad
1263 3756 1405 3819 mala,

361 3820 475 3868 facit
497 3835 553 3868 ea
577 3817 685 3882 quin
708 3817 875 3870 mente
896 3818 1268 3881 reprobat,351.
1284 3817 1407 3882 Lora

362 3883 535 3940 qi.ibus
560 3880 647 3931 nos
668 3883 803 3932 Deus
822 3889 1015 3929 coeicet
1041 3887 1095 3929 et
1122 3882 1269 3941 regit,
1292 3880 1400 3929 550.

364 3943 519 3991 llonio
543 3956 607 3993 ex
629 3958 685 3992 se
706 3943 869 3992 deticit
887 3981 900 4003 ,
926 3943 1013 3991 sed
1037 3949 1301 4003 renovatur
1322 3942 1407 3988 ad-

361 4006 591 4068 veniente
636 4007 821 4068 Spiritu
864 4002 1054 4066 saucto,
1094 4004 1204 4068 595.
1244 4002 1403 4068 Inhae-

362 4069 516 4115 rendo
540 4067 649 4117 Deo
672 4064 771 4128 agit
797 4068 969 4126 homo,
998 4064 1052 4113 ut
1090 4064 1405 4128 immutabilis

360 4128 461 4188 liat,
485 4130 591 4187 406,
617 4126 834 4179 791ῙΑ111
855 4129 1067 4189 perdunt
1088 4139 1238 4187 quem
1256 4126 1403 4187 justi-

358 4191 439 4237 tite
463 4196 638 4239 statum
663 4198 840 4239 tenere
858 4188 1165 4245 tidebantur,
1191 4188 1268 4237 alii
1290 4202 1407 4249 per-

359 4254 512 4297 ditum
558 4259 888 4311 recuperarit,
935 4250 1043 4298 796.
1092 4249 1159 4297 Ex
1203 4256 1408 4311 peccato

360 4313 580 4369 originali
609 4314 759 4372 oritur
779 4314 997 4372 inquieta
1022 4311 1227 4372 hominis
1247 4320 1406 4359 muta-

363 4372 524 4419 bilitas
548 4410 561 4432 ,
588 4373 698 4420 849.
722 4371 956 4420 (ἰυωῇοη
982 4371 1134 4431 po:sit
1155 4371 1297 4419 homo
1324 4385 1406 4419 re-

360 4445 467 4480 rum
492 4432 744 4493 qualitate,
772 4434 1006 4480 varietate
1028 4432 1201 4491 quaerit
1222 4434 1404 4491 satiari,

362 4493 481 4542 ibid.
528 4494 579 4542 lu
623 4494 916 4543 eaetceudis
968 4493 1228 4539 virtutibus
1274 4505 1407 4551 saepe

361 4556 592 4616 ﬂuctuat,
628 4555 736 4603 244.
781 4554 901 4612 Quia
939 4551 1269 4616 mutabilitatis
1303 4565 1407 4602 suae

361 4630 510 4667 onera
524 4613 841 4666 volenshomo
860 4629 911 4662 ex
927 4614 1085 4676 petiit,
1108 4613 1279 4660 nolens
1295 4626 1410 4675 por-

364 4686 451 4741 tat,
466 4677 585 4729 ibid.
606 4680 715 4729 Alte
725 4675 1259 4741 rnantibus_t_lesideriis
1276 4687 1408 4723 sem-

364 4736 454 4803 per
477 4744 704 4803 agitatur,
719 4742 829 4801 250,
851 4736 1230 4803 268._l‘iunq_uam
1251 4738 1297 4783 in
1322 4749 1409 4785 eo-

361 4798 474 4852 dem
499 4798 627 4853 stam
653 4798 907 4865 peritia'tiet
924 4838 936 4860 ,
960 4800 1067 4849 590.
1094 4798 1248 4865 Homo
1265 4806 1406 4846 exte-

364 4867 469 4915 rius
502 4874 554 4914 et
576 4858 783 4914 interius
808 4858 987 4923 patitur
1013 4858 1403 4919 mutabilitatem,

363 4927 661 4976 591.0mnes
676 4926 897 4974 homines
917 4936 1005 4985 per
1021 4930 1236 4971 naturam
1250 4928 1409 4985 mitta-

364 4987 489 5036 biles
510 4987 646 5050 ﬁunt,
688 5000 775 5050 per
815 4983 1017 5050 gratiam
1059 4983 1404 5050 itnmutabiles,

363 5051 471 5099 406.
512 5045 668 5098 Homo
691 5045 947 5109 neglectis
984 5046 1074 5092 Dei
1117 5045 1405 5109 praeceptis,

364 5112 589 5173 exempla
610 5115 755 5160 etiam
772 5108 1040 5173 contemnit
1054 5118 1345 5173 sanctorum,
1358 5108 1403 5156 9.

362 5173 467 5221 Non
488 5166 639 5222 debet
662 5173 805 5221 homo
821 5167 1123 5219 contendere
1147 5180 1254 5215 cuin
1278 5166 1403 5227 Deo,

364 5235 472 5283 289.
488 5233 643 5282 Homo
659 5236 748 5281 sibi
775 5234 866 5292 ipsi
887 5231 1128 5292 dimissus,
1149 5228 1321 5292 subicit
1348 5232 1407 5279 ad

396 5298 602 5356 ropriam
626 5291 950 5355 perditionem
966 5328 979 5352 ,
1006 5291 1117 5356 570.
1140 5291 1410 5356 Gravisest

396 5310 602 5356 ropriam
626 5310 950 5355 perditionem
966 5328 979 5352 ,
1006 5310 1117 5340 oio.
1140 5310 1310 5339 umis
1334 5310 1406 5340 est

362 5310 540 5405 Iiomini
564 5358 751 5405 sarcina
773 5368 876 5404 suae
903 5354 1230 5414 corruptionis
1255 5390 1270 5409 ,
1295 5352 1406 5401 399.

272 5412 275 5413 ⁷
361 5418 583 5468 Hominis
599 5420 649 5466 in
670 5424 1037 5479 niorte,quanta
1054 5412 1278 5479 mutatio,
1297 5414 1405 5479 402.

364 5479 518 5528 Homo
542 5492 605 5529 ex
631 5477 1052 5540 putrediiie_ortus
1075 5515 1087 5538 ,
1113 5477 1162 5524 in
1187 5478 1407 5540 putredi-

363 5554 474 5588 nem
515 5538 721 5599 desinit,
747 5539 856 5590 454.
881 5538 973 5587 Dei
998 5540 1139 5586 donis
1171 5539 1405 5596 abutitur,

361 5604 470 5652 297.
497 5601 647 5650 Tutus
668 5602 941 5649 immundus
966 5608 1041 5649 est
1064 5598 1128 5646 de
1161 5600 1407 5649 immundo

360 5668 626 5723 Conceptus
646 5665 857 5723 semine,
879 5662 986 5712 592.
1000 5659 1226 5709 —Homo
1244 5670 1406 5720 vetus,

368 5728 490 5774 vitiis
510 5725 767 5779 obnoxius,
791 5726 900 5773 632.
927 5725 967 5771 A
992 5729 1238 5771 vetustate
1261 5725 1401 5783 vitae,

361 5788 540 5848 quibus
565 5786 706 5833 homo
730 5791 1017 5848 renovetur,
1036 5784 1154 5834 ibid.
1184 5783 1406 5848 Hominis

365 5844 439 5897 est
492 5849 673 5897 veteris
719 5846 965 5897 occultare
1013 5852 1240 5908 peccata,
1286 5844 1400 5893 713.

1006 398 1210 453 INDEX
1247 397 1313 451 ΙΝ
1355 394 1593 451 LIBROS
1634 394 1988 449 MORALIUH
2031 394 2119 449 ET
2160 395 2482 454 HOMILIAS
2518 399 2580 456 S.
2618 400 2963 459 GREGORII.

1472 507 1630 556 Homo
1668 506 1941 570 conditione
1983 508 2200 568 integer,
2244 510 2329 557 sed
2365 511 2505 570 culpa

1473 573 1684 627 vittatus,
1729 568 1837 617 75:2.
1877 569 2157 626 Quotidiaua
2205 568 2506 621 discnsswne

1469 632 1779 678 conscientiae
1804 644 1829 676 a
1858 632 2038 689 peccati
2080 637 2321 679 vetusraie
2360 647 2505 682 reno-

1472 704 1653 749 vantur,
1683 691 1792 740 795.
1820 689 2157 739 Immoderatis
2192 694 2333 740 animi
2362 697 2506 743 moti-

1468 752 1560 800 bus
1605 756 1843 816 tipposittr
1881 764 2015 816 novae
2063 755 2171 801 vitae
2223 766 2498 816 praei-pa,

1469 814 1710 873 exemplis
1736 814 1906 863 Christi
1931 815 2171 875 roborata,
2196 814 2304 863 914.
2333 814 2505 868 Humi;

1469 878 1546 937 nis
1592 877 1777 937 veteris
1818 878 2103 935 corruptio,
2147 886 2342 937 quanta,
2389 879 2500 930 915.

1469 935 1633 1000 Cratia
1656 934 1752 1000 Dei
1781 944 2004 1000 veterem
2049 934 2290 985 hominem
2328 934 2504 1000 exspo-

1467 995 1667 1058 Iiamus,
1696 998 1831 1046 1058.
1859 998 1930 1044 Ad
1974 999 2094 1046 hanc
2135 995 2500 1049 renovationem

1466 1071 1510 1105 ni
1533 1060 1745 1121 cessaria
1780 1059 2015 1107 confessio
2039 1096 2052 1117 ,
2078 1058 2195 1107 ibid.
2232 1058 2498 1121 Imaginem

1465 1122 1573 1167 novi
1618 1118 1823 1167 hominis
1863 1128 2054 1167 sanctus
2091 1123 2297 1182 quisque
2336 1118 2502 1171 inces-

1463 1188 1628 1228 santer
1670 1184 1715 1227 in
1756 1192 1811 1227 se
1852 1188 2108 1235 teormat,
2138 1185 2273 1231 1191.
2300 1183 2417 1237 Quae
2439 1188 2503 1234 sit

1462 1253 1582 1289 nova
1602 1243 1647 1288 in
1666 1241 1855 1289 Christo
1877 1252 2118 1299 creatura,
2144 1244 2278 1292 1266.
2305 1243 2502 1294 Veteris

1462 1301 1668 1349 hominis
1689 1314 1875 1361 mores,
1906 1301 2041 1350 1267.
2062 1303 2259 1353 Veteris
2294 1304 2502 1354 hominis

1461 1364 1725 1428 I11119\'3_I,_IO,
1752 1373 1926 1411 sauciata
1947 1363 2172 1428 let-tionis
2193 1374 2269 1414 est
2291 1365 2495 1428 fructus,

1459 1423 1575 1471 ibid.
1624 1424 1779 1472 Homo
1821 1433 1961 1473 vetus
1999 1425 2114 1473 nihil
2149 1435 2378 1486 noverat,
2405 1423 2498 1477 nisi

1459 1497 1545 1532 sua
1570 1488 1810 1543 retinere,
1839 1486 2065 1550 etaliena
2094 1487 2170 1535 vel
2192 1501 2398 1550 rapere,
2420 1490 2499 1538 vel

1458 1551 1821 1608 concupiscere,
1850 1548 1988 1609 1586A.
2013 1547 2177 1597 Novus
2200 1547 2339 1609 homo
2357 1547 2500 1609 jube-

1459 1612 1539 1672 tur
1575 1607 1623 1655 a'
1646 1609 1837 1672 Christo
1860 1620 1943 1655 sua
1971 1607 2173 1672 largiri,
2198 1608 2316 1658 ibid.
2342 1607 2500 1659 Etiam

1458 1670 1672 1731 sigipsum
1694 1670 1998 1731 relinquere,
2024 1668 2140 1719 ibid.
2158 1668 2218 1707 '—
2244 1672 2501 1720 Hominum

1461 1730 1553 1793 tria
1595 1736 1707 1777 sunt
1753 1743 1972 1793 genera,
2016 1732 2118 1780 151.
2167 1732 2499 1781 Terrenorum

1460 1789 1708 1856 hominum
1731 1789 2061 1856 conditiones,
2086 1793 2179 1856 356
2198 1830 2212 1856 ,
2242 1793 2375 1844 1585.
2398 1794 2501 1842 Ho-

1460 1852 1643 1914 minum
1670 1854 1928 1903 diversitas
1952 1856 1997 1901 in
2024 1830 2502 1914 [ξοῖἶρεῖεᾸΞξΟῨ-ί-

1461 1910 1637 1974 Homo,
1665 1928 1726 1963 eo
1752 1916 1857 1977 ipso
1880 1928 1976 1976 quo
2002 1926 2102 1977 est,
2126 1910 2278 1966 delet
2314 1915 2502 1967 intelli—

1461 1984 1585 2033 gere
1611 1988 1750 2039 suum
1777 1976 2093 2039 Creatorem,
2110 1978 2159 2027 9.
2180 1978 2336 2027 Homo
2358 1978 2499 2038 hujus

1463 2042 1571 2085 vitae
1612 2038 1833 2101 tenebris
1871 2038 2137 2097 involutus,
2181 2043 2372 2101 ignorat
2397 2044 2501 2089 vias

1460 2109 1589 2153 snas,
1619 2098 1725 2147 144.
1754 2101 1900 2147 Suam
1926 2101 2067 2148 homo
2104 2098 2358 2150 utilitatem
2381 2114 2499 2149 con-

1459 2160 1675 2219 sideret,
1723 2172 1778 2209 ac
1817 2157 1909 2209 Dei
1955 2174 2193 2224 munera,
2233 2170 2285 2211 et
2320 2163 2499 2224 judicia

1458 2232 1656 2282 semper
1679 2225 1862 2285 coeitet
1879 2260 1891 2278 ,
1913 2223 2015 2271 265.
2048 2223 2199 2271 llonio
2217 2226 2283 2272 ita
2306 2223 2462 2273 caecus
2479 2261 2495 2285 ,

1460 2289 1515 2329 ut
1539 2284 1709 2339 gratia:
1734 2282 1909 2331 donuin
1928 2297 2063 2346 saepe
2087 2286 2205 2332 iram
2245 2291 2380 2345 putet
2400 2325 2413 2346 ,
2448 2282 2501 2335 et

1461 2346 1571 2407 vice
1599 2357 1761 2407 versa,
1804 2346 1909 2394 297.
1934 2345 2087 2394 Homo
2122 2346 2212 2395 Dei
2250 2346 2370 2395 facta
2401 2345 2499 2395 non

1460 2404 1755 2470 debetdiscn
1765 2414 1888 2464 tere,
1906 2408 1993 2455 sed
2012 2412 2252 2470 venerari,
2266 2408 2373 2469 298,
2388 2408 2497 2459 301.

1462 2467 1663 2522 Quando
1688 2467 1822 2517 Deus
1848 2470 2024 2516 homini
2048 2472 2135 2516 Sua
2161 2467 2500 2531 revelat'judi-

1461 2540 1531 2591 cia
1552 2562 1565 2586 ,
1595 2536 1707 2577 tunc
1736 2533 1781 2577 ei
1805 2532 2039 2591 loquitur,
2065 2532 2176 2582 339.
2208 2530 2380 2591 Magna
2403 2533 2500 2581 Det

1459 2589 1820 2649 disi-ensitlone
1864 2589 2024 2639 Omnia
2072 2593 2151 2640 hic
2194 2593 2258 2642 de
2289 2589 2499 2642 homine

1460 2650 1703 2713 habintur
1728 2655 1940 2713 incerta,
1982 2652 2093 2707 377,
2130 2654 2235 2702 882.
2272 2654 2502 2703 Perl‘eCta

1460 2709 1668 2759 hominis
1692 2714 1893 2761 scientia
1921 2709 2029 2771 est,
2062 2716 2189 2761 scire
2228 2727 2285 2761 se
2310 2727 2371 2763 ex
2403 2717 2505 2764 suis

1460 2773 1652 2835 [ueritis
1675 2773 1794 2820 nihil
1820 2786 1954 2833 esse,
1977 2773 2085 2821 882.
2111 2775 2327 2835 Angusta
2354 2784 2425 2822 est
2452 2778 2503 2823 in

1460 2829 1548 2895 hac
1572 2836 1676 2895 vita
1693 2871 1708 2894 ,
1742 2829 2113 2895 quantacunque
2139 2829 2341 2884 scientia
2357 2872 2371 2894 ,
2393 2836 2503 2884 883.

1462 2894 1584 2956 Quid
1612 2908 1673 2942 ex
1700 2896 1838 2943 nobis
1862 2894 2099 2943 fuerimus
2122 2908 2319 2956 semper
2342 2898 2506 2945 consi-

1460 2954 1749 3015 derandum,
1775 2968 1836 3005 tie
1862 2958 1986 3017 quod
2010 2969 2175 3005 sumus
2199 2954 2258 3004 ex
2287 2956 2376 3005 Dei
2398 2972 2508 3005 mu-

1463 3027 1585 3079 nere
1611 3017 1751 3066 nobis
1775 3018 2043 3067 tribuamus
2060 3058 2072 3079 ,
2100 3018 2208 3066 902.
2232 3017 2389 3066 Homo
2412 3018 2505 3069 de-

1462 3078 1549 3125 bet
1590 3091 1658 3140 se
1694 3082 1793 3127 suis
1841 3080 2027 3127 miritis
2064 3091 2333 3140 agnoscere
2376 3082 2511 3128 inlir-

1462 3151 1611 3200 mum,
1634 3139 1740 3188 762.
1762 3139 1916 3189 Homo
1940 3154 1999 3188 eo
2020 3142 2125 3202 ipso
2148 3154 2246 3202 quo
2267 3143 2512 3193 rationalis

1466 3209 1544 3248 est
1574 3203 1823 3264 conditus
1844 3239 1857 3262 ,
1905 3203 2058 3251 debet
2096 3204 2331 3264 colligere
2361 3215 2510 3264 suum

1464 3262 1766 3311 conditorem
1809 3263 1967 3311 Deum
2010 3276 2159 3324 esse,
2357 3263 2512 3314 Homo

1468 3324 1752 3388 naturaliter
1772 3331 2019 3382 cognoscit
2034 3326 2147 3387 quid
2174 3326 2374 3386 bouum,
2397 3328 2511 3388 quid

1468 3386 1647 3434 malum
1684 3388 1773 3445 sit,
1802 3388 1909 3435 875.
1944 3390 2001 3437 ν.
2024 3386 2256 3437 Sbientia.
2278 3415 2337 3422 —
2358 3386 2514 3437 Humo

1470 3451 1528 3493 ad
1552 3448 1975 3498 contemplandum
2001 3449 2157 3497 Deum
2182 3460 2379 3498 creatus
2401 3449 2513 3498 fue-

1470 3514 1573 3574 rat,
1600 3508 1703 3557 257.
1725 3508 1882 3574 Homo
1908 3513 1956 3558 in
1981 3516 2109 3574 statu
2135 3514 2300 3574 patriae
2331 3512 2513 3574 silens,

1470 3572 1681 3627 quiescit
1705 3583 1731 3617 a
1763 3570 1974 3619 clamore
2015 3570 2303 3620 iiilirmitails
2342 3570 2515 3620 humaL

1471 3640 1567 3695 uie,
1586 3631 1691 3677 126.
1714 3630 2326 3695 HomOcouditusangehci
2352 3634 2516 3693 gaudii

1472 3690 1666 3740 iuturus
1703 3695 1892 3755 socius,
1940 3693 2043 3743 127.
2079 3690 2514 3744 Beatitudo‘datur

1472 3756 1650 3818 sanctis
1672 3767 1734 3802 ex
1758 3755 1847 3818 hoc
1862 3756 2049 3818 mundo
2072 3760 2385 3812 exeuntibus,
2402 3757 2511 3818 127,

1470 3810 1589 3878 296,
1617 3816 1738 3871 455,
1768 3815 1905 3865 1515.
1928 3818 2079 3865 Causa
2102 3819 2333 3878 gemendi
2358 3810 2517 3866 fideli;

1474 3875 1566 3940 bus
1599 3884 1682 3940 est
1719 3878 2037 3940 beatitudinis
2056 3875 2160 3927 suae
2182 3879 2348 3928 dilatio
2365 3916 2378 3940 ,
2403 3878 2513 3929 218.

1470 3934 1610 4003 ἕρειιὶ
1636 3941 1699 4003 in
1737 3939 1891 3999 cmlo,
1932 3940 2109 4001 quibus
2142 3934 2379 4003 fruantur,
2404 3943 2515 3992 296.

1470 3995 1678 4063 Era-mia
1732 3995 2005 4063 sanctorum
2053 3995 2376 4063 ineliabilia,’
2406 4004 2513 4053 297.

1470 4057 1707 4124 Crescunt
1749 4062 1921 4124 gaudia
1964 4064 2237 4121 beatorum,
2280 4057 2399 4114 visis
2434 4077 2518 4115 rc-

1473 4123 1731 4187 proborum
1756 4123 2025 4187 "suppliciis,
2048 4126 2182 4175 1091.
2198 4125 2384 4174 Statum
2409 4126 2518 4187 glo-

1469 4185 1554 4230 riae
1581 4188 1727 4249 tertia
1751 4184 1844 4249 tilia
1867 4184 1958 4249 Job
1990 4184 2186 4236 nomine
2205 4184 2517 4249 Corntistibii,

1469 4255 1654 4306 Signat,
1700 4248 1834 4297 1165.
1877 4247 1952 4296 Ad
1992 4249 2378 4310 beatitudinem,
2401 4247 2515 4309 jure

1470 4310 1835 4371 successionis,
1875 4318 2104 4361 vocantur
2158 4323 2265 4358 cum
2312 4311 2517 4361 fortibus

1470 4369 1771 4429 imbecilles,
1804 4369 1937 4422 1166.
1962 4372 2160 4421 Sonitus
2176 4372 2397 4421 sublimis
2421 4374 2514 4423 Dei

1473 4436 1548 4495 est
1587 4432 1847 4495 multitudo
1881 4441 2153 4481 sanctorum
2190 4436 2320 4495 unita
2344 4437 2515 4495 gloriae

1470 4490 1546 4535 sui
1590 4488 1966 4552 Redemptoris.
2007 4496 2139 4541 1257.
2198 4488 2517 4543 Βευιὴῦιόῐηίε

1472 4554 1672 4612 sternte
1694 4559 1848 4600 status
1868 4588 1883 4612 ,
1910 4552 2216 4611 1210,1581.
2242 4554 2517 4602 Mansiones

1471 4608 1637 4675 multis
1660 4649 1674 4672 ,
1712 4624 1839 4660 unus
1868 4608 2053 4660 tamen
2085 4613 2331 4668 denarius,
2374 4615 2514 4675 1345,

1473 4671 1614 4718 1512.
1642 4675 1804 4721 Sancti
1829 4685 1957 4721 nunc
1978 4681 2092 4721 sunt
2118 4676 2248 4722 intus
2270 4686 2359 4734 per
2379 4671 2511 4721 dest;

1470 4733 1697 4794 derium,
1741 4745 1838 4782 non
1885 4745 1972 4795 per
2015 4733 2327 4793 fruitionem,
2377 4734 2513 4783 1420.

1475 4796 1598 4851 Quid
1654 4797 1719 4844 sit
1768 4794 1937 4844 l’atres
1984 4799 2168 4844 veteris
2210 4794 2514 4845 'I‘estamenti

1472 4868 1797 4905 murinurasse
1844 4857 1907 4905 de
1966 4857 2241 4906 redditione
2289 4857 2511 4916 denarii,

1475 4916 1612 4967 1515.
1648 4916 1719 4966 Ibi
1761 4920 1972 4967 societas
2009 4925 2203 4978 sancta,
2234 4917 2516 4968 solemnitas

1472 4984 1629 5042 certa,
1656 4980 1860 5040 requies
1879 4991 2072 5038 secura,
2097 4993 2191 5041 pax
2213 4992 2344 5042 vera,
2371 4978 2510 5030 1581.

1475 5039 1570 5089 Dei
1594 5039 1826 5101 gaudium
1845 5047 1921 5089 est
1938 5043 2033 5090 vita
2057 5039 2217 5101 nostra
2256 5044 2304 5089 iii
2330 5039 2514 5091 'cmlum

1473 5100 1816 5161 redeuntium,
1838 5101 1975 5152 1602.
1994 5100 2139 5151 Nullo
2167 5104 2299 5151 beati
2324 5104 2515 5154 miseri-

1473 5167 1651 5213 cordiae
1674 5177 1822 5212 sensu
1844 5176 1963 5225 erga
1985 5166 2221 5224 reprohos
2240 5174 2514 5224 moventur,

1478 5225 1617 5275 1657.
1630 5224 1772 5273 Beati
1792 5224 2082 5274 concordant
2099 5226 2329 5276 voluntati
2341 5227 2517 5285 judicia

1473 5290 1549 5336 cui
1570 5288 1828 5347 inhaerent,
1855 5284 1974 5335 ibid.
2003 5289 2060 5337 γ.
2086 5284 2367 5349 Afternitas,
2389 5289 2514 5339 Bea-

1476 5352 1648 5399 titiido.

1536 5411 1704 5460 Honor
1724 5422 1898 5471 verus,
1923 5409 2034 5471 quis
2056 5413 2107 5459 et
2128 5409 2211 5460 ubi
2250 5412 2314 5461 sit
2331 5449 2345 5471 ,
2371 5412 2515 5462 1489.

1475 5472 1566 5530 Qui
1609 5473 1874 5535 honoratur
1896 5471 1957 5535 in
1982 5473 2087 5533 via,
2112 5472 2162 5520 in
2190 5477 2515 5535 pervcntione

1472 5536 1793 5593 damnabitur,
1823 5532 1928 5583 184.

1538 5598 1663 5644 Hora
1686 5596 1956 5654 novissima,
1980 5607 2066 5644 cur
2089 5594 2226 5644 nobis
2248 5594 2511 5656 incognita,

1478 5656 1614 5705 1481.
1642 5657 1781 5705 Horae
1801 5660 1967 5718 prima,
1994 5657 2137 5705 tertia
2163 5694 2176 5718 ,
2198 5665 2338 5705 sexta
2355 5694 2367 5715 ,
2384 5668 2518 5718 bona

1476 5716 1821 5780 etundecima‘,
1844 5719 1961 5780 quid
1984 5716 2278 5779 significent,
2316 5716 2452 5766 1510.

1539 5778 1723 5828 Horror
1747 5778 2076 5840 sempiternus
2116 5781 2288 5827 interni
2328 5778 2518 5826 descri-

1477 5843 1626 5902 bitur,
1652 5843 1760 5890 333.
1776 5841 2048 5889 Horribiles
2067 5841 2291 5889 dicuntur
2315 5840 2514 5902 maligni

3468 409 3610 467 1410

2575 517 2794 577 spiritus,
2820 516 2931 565 481.

2636 575 2928 625 Ilortiilanus
2965 588 2995 625 a
3037 575 3187 628 Haria
3221 577 3354 629 bene
3397 584 3614 635 creditus

2572 637 2810 697 Christus,
2834 639 2973 689 1548.

2573 700 2834 811 13ξότιυε.
2860 700 2911 749 1n
2936 700 3095 750 hortis
3116 700 3359 763 habitare,
3384 704 3500 767 quid
3522 706 3609 769 sit,

2630 823 2874 884 Hosatina,
2897 823 3010 882 quid
3032 822 3297 884 signiﬁcet,
3326 824 3465 879 1353.

2632 884 2884 950 Hospitem
2907 886 3175 950 suscipiens
3190 918 3205 942 ,
3226 891 3443 950 suscepit
3468 888 3608 940 Chri-

2569 950 2693 1011 stum
2711 983 2726 1007 ,
2754 945 2888 1011 1539.
2913 945 3089 1007 Inopes
3113 948 3321 1011 hospitio
3342 945 3608 1011 suscipien-

2569 1007 2637 1062 di,
2665 1017 2715 1055 et
2739 1008 2795 1055 ad
2822 1021 3040 1056 meDSam
3067 1008 3351 1066 adhibendi,
3373 1007 3485 1060 691.
3512 1011 3609 1062 Pe-

2568 1070 2753 1126 regrini
2772 1072 2829 1115 ad
2847 1069 3113 1127 hospitium
3126 1068 3374 1129 invitandi,
3390 1080 3441 1121 et
3459 1074 3605 1121 etiam

2570 1129 2820 1185 trahendi,
2846 1129 2982 1180 1538.
3010 1128 3319 1188 Hospitalitas
3356 1128 3606 1181 Commen-

2566 1189 2726 1254 datur,
2761 1192 2894 1241 1559.
2935 1189 3463 1254 Aliquando_Christus
3501 1196 3606 1254 ipse

2566 1250 2719 1360 mimi
2728 1255 3043 1362 gogusceptus
3060 1267 3086 1299 a
3106 1252 3308 1314 quodam
3329 1250 3606 1314 patrelaiui-

2631 1347 2671 1362 ι.
2759 1330 2786 1361 Ο
2821 1350 2834 1361 .

2587 1317 2671 1365 ias,
2698 1317 2834 1362 1559.

2631 1373 2815 1423 Hostia
2834 1373 3032 1436 caudam
3053 1371 3255 1436 otl‘erre,
3282 1376 3397 1435 quid
3422 1377 3502 1436 sit,
3521 1377 3604 1435 38,

2568 1433 2708 1485 1546.
2736 1436 2856 1492 Quid
2881 1437 2948 1484 sit
2981 1435 3182 1484 hostiam
3218 1433 3267 1484 in
3301 1433 3455 1484 ‘1'rusta
3488 1433 3605 1485 ron;

2565 1497 2809 1561 scindere,
2830 1496 3124 1561 326.AHostia
3147 1497 3317 1561 vivens
3333 1505 3407 1545 est
3429 1511 3605 1561 corpus

2566 1568 2652 1616 pro
2674 1556 2879 1605 Domino
2902 1558 3145 1616 atllictum,
3175 1558 3308 1607 1428.

2628 1615 2805 1665 Hostes
2847 1621 2996 1666 nostri
3042 1622 3317 1672 daemones.
3360 1620 3603 1669 civitatem

2567 1686 2776 1725 nostram
2799 1680 3010 1739 undique
3027 1680 3265 1737 obsident,
3280 1679 3384 1729 509.
3404 1682 3598 1729 Frustra

2566 1740 2918 1803 assurgiturad
2941 1741 3215 1788 conﬂictum
3257 1744 3425 1800 agonis
3463 1744 3604 1803 spiri-

2567 1797 2820 1859 talis,‘nisi
2846 1801 2998 1848 hostis
3019 1803 3144 1849 intra
3179 1797 3361 1861 ροεὴῐυε
3402 1797 3604 1851 edoma-

2567 1865 2663 1921 tur,
2706 1862 2825 1918 982,
2874 1863 3015 1909 1051.
3062 1862 3335 1911 Cavendum
3383 1874 3446 1911 ne
3488 1868 3602 1912 clnin

2565 1919 2754 1969 hostem
2779 1925 3094 1982 insequimur,
3116 1924 3295 1977 civem,
3321 1936 3468 1979 quem
3492 1925 3601 1972 dili-

2565 1985 2727 2045 gimus
2746 2020 2760 2045 ,
2784 1985 3084 2045 trucidetnns
3103 2020 3117 2041 ,
3140 1984 3245 2031 984.
3278 1984 3400 2032 Victi
3442 1985 3608 2034 hostes

2566 2044 2624 2091 ad
2640 2044 2777 2091 dolOs
2794 2044 2969 2093 frustra
2990 2048 3286 2105 confugiunt,
3304 2046 3435 2095 1025.
3503 2054 3608 2095 rtes

2564 2116 2678 2153 suas
2700 2105 2953 2167 aliquando
2976 2107 3245 2167 occultant,
3273 2107 3529 2166 aliquando
3554 2116 3608 2157 ut

2568 2166 2802 2217 incutiant
2823 2179 3059 2217 terrorem
3082 2206 3095 2229 ,
3120 2166 3393 2229 ostentant,
3420 2167 3535 2217 ibid.
3562 2169 3604 2217 Α

2564 2228 2707 2290 mittis
2728 2230 2786 2276 ad
2816 2237 2984 2290 aperta
3010 2228 3241 2288 supplicia
3266 2244 3475 2290 itorunii
3494 2239 3600 2290 unt,

2572 2289 2708 2338 1026.
2752 2289 2959 2339 Atinatis
3000 2291 3219 2339 hostibus
3260 2292 3309 2339 in
3355 2304 3606 2339 occoiscm

2568 2362 2803 2413 pergere,
2828 2354 2941 2413 quid
2965 2355 3047 2413 sit,
3075 2353 3209 2401 1031.

2628 2411 2953 2462 Hiimanifatis
2974 2411 3195 2470 nOmiue,
3220 2414 3332 2474 quid
3370 2415 3606 2474 scriptura

2566 2472 2764 2532 signare
2786 2475 2964 2534 soleat,
2990 2475 3095 2521 602.
3122 2472 3249 2531 Quae
3288 2472 3479 2523 dicatur
3517 2477 3608 2523 hu-

2566 2545 2708 2583 mana
2733 2542 2953 2593 tentatio,
2978 2538 3088 2584 680.
3116 2535 3442 2583 Humatitatis
3468 2548 3609 2583 voi-a-

2566 2596 2736 2707 ἓὸιὸυω
2760 2609 2855 2646 non
2890 2598 3039 2647 habet
3075 2599 3311 2645 rationem
3352 2598 3606 2658 elationis,

2634 2720 2900 2767 Humanum
2926 2732 3085 2779 genus
3105 2721 3150 2767 in
3178 2720 3330 2779 primo
3354 2726 3557 2779 parente
3584 2732 3609 2766 a

2567 2780 2856 2828 sublimibus
2894 2780 2951 2826 ad
2989 2782 3079 2827 iuta
3124 2783 3333 2836 corruit,
3374 2782 3479 2826 510Δ
3508 2780 3612 2826 Ηυ-

2569 2848 2905 2948 ἶηθηὶὅιὸωη
2927 2841 3114 2888 nonnisi
3138 2843 3292 2900 gratia
3317 2840 3431 2897 Dei,
3456 2843 3611 2895 erigi-

2592 2913 2670 2948 ur.
2793 2936 2804 2947 .

2571 2905 2670 2959 tur,
2695 2903 2804 2948 400.

2632 2958 2895 3019 Humerus,
2922 2959 3037 3020 quid
3059 2958 3317 3021 signiticet,
3340 2961 3450 3010 6’14.

2637 3023 2965 3070 Humiliantur
3001 3023 3155 3070 sancti
3196 3023 3247 3070 in
3280 3022 3370 3083 hoc
3393 3021 3570 3070 mundo
3594 3060 3607 3083 ,

2569 3086 2681 3133 858.
2708 3089 2797 3141 Qui
2822 3098 2876 3145 se
2899 3090 3074 3145 sponte
3097 3096 3191 3131 non
3206 3082 3461 3145 ~humiliat,
3487 3082 3613 3132 hunc

2570 3157 2786 3207 sequens
2808 3143 2960 3207 gloria
2986 3158 3081 3193 non
3107 3143 3292 3194 exaltat
3315 3182 3328 3206 ,
3353 3143 3461 3194 2'81.
3488 3146 3614 3202 Quot

2574 3206 2702 3257 nunc
2745 3220 2831 3267 pro
2869 3206 2981 3268 Dei
3007 3219 3173 3255 amore
3223 3219 3278 3255 se
3323 3208 3610 3268 huintliaut,

2572 3277 2662 3377 ἕξει
2667 3272 2714 3316 in
2748 3266 2929 3330 judicio
2969 3266 3219 3330 lampades
3254 3266 3611 3326 coruscabunt,

2632 3390 2901 3457 Humilium
2924 3388 3258 3457 merces,_191.
3276 3389 3609 3457 Humilesjam

2574 3468 2633 3501 ex
2659 3454 2748 3499 hac
2770 3454 2866 3501 vita
2891 3457 2936 3499 in
2961 3451 3149 3499 sublimi
3173 3459 3293 3512 sunt
3311 3454 3470 3512 positi,
3492 3449 3611 3499 ibid.

2573 3514 2646 3562 Ad
2682 3515 2869 3574 culpam
2909 3525 2997 3561 nos
3034 3513 3181 3574 trahit
3218 3510 3497 3574 delectatio,
3526 3519 3609 3559 aut

2575 3572 3034 3635 terror;’,neutrum
3077 3572 3203 3621 valet
3232 3573 3297 3635 _in
3345 3572 3610 3632 humilem,

2578 3638 2686 3695 198,
2710 3632 2819 3685 511.
2864 3636 3065 3693 Magnus
3108 3641 3183 3681 est
3227 3632 3360 3692 Deo,
3402 3636 3488 3694 qui
3521 3636 3613 3682 sibi

2573 3694 2853 3759 despectus,
2876 3694 3249 3759 583.,Humiles,
3275 3707 3385 3759 cum
3407 3696 3615 3759 moriung

2578 3756 2679 3819 tur,
2708 3759 2770 3807 de
2812 3758 3034 3867 angustia
3060 3756 3346 3814 liberantur,
3372 3757 3479 3803 842.
3521 3757 3614 3812 Qui

2578 3822 2635 3867 ad
2660 3821 2753 3867 alta
2784 3833 2874 3867 eve
2916 3825 3076 3867 untur.
3105 3815 3387 3864 inﬁrmitatis
3412 3819 3614 3867 proprias

2578 3822 2635 3868 ad
2660 3815 2753 3868 alta
2784 3815 3076 3877 evehuntur,
3105 3815 3387 3864 inﬁrmitatis
3412 3819 3615 3877 proprias

2576 3883 2856 3929 meminisse
2876 3881 3079 3937 debent,
3106 3878 3244 3935 1301,
3274 3877 3403 3928 1459.
3427 3877 3616 3925 Parvuli

2576 3941 2759 3991 habent
2799 3943 2975 3989 aditum
3014 3941 3071 3987 ad
3114 3940 3401 4001 sapientiam
3448 3951 3619 3986 vocan-

2578 4012 2675 4052 tetu
2691 4041 2705 4064 ,
2730 4003 2839 4053 5:51.
2867 4003 2962 4051 Per
2983 4013 3127 4050 omne
3172 4001 3309 4064 quod
3334 4001 3578 4064 cernimus
3600 4037 3615 4061 ,

2578 4060 2701 4113 esse
2714 4064 2924 4114 humiles
2947 4060 3405 4123 admonemur,819.
3433 4063 3505 4108 Ab
3524 4061 3618 4108 hu-

2577 4127 2772 4176 milibus
2792 4134 2890 4175 tota
2908 4125 3083 4174 diaboli
3104 4130 3361 4185 superatur
3385 4129 3617 4184 potestas,

2580 4188 2716 4237 1074.
2739 4187 3002 4238 Humilium
3023 4186 3250 4235 fortitudo
3273 4191 3437 4232 contra
3463 4186 3618 4241 impu~

2577 4258 2815 4310 gnantes,
2856 4248 2963 4297 191.
2999 4246 3617 4310 Hutniles_soli__accessum

2578 4305 2762 4361 habent
2777 4312 2834 4359 ad
2854 4310 3011 4359 Deum
3031 4347 3045 4370 ,
3070 4310 3177 4359 551.
3205 4306 3428 4370 Humiles
3441 4305 3618 4370 appel-

2578 4373 2739 4422 lantur
2779 4367 3368 4433 pauperes’spiriiu,626J
3414 4367 3619 4433 Humilis

2575 4427 3134 4495 despici'noiimetiijt,
3176 4428 3285 4495 714.
3326 4427 3534 4495 Humilis
3570 4428 3617 4495 iii

2575 4486 2735 4553 bonis,
2756 4494 2884 4554 quis,
2911 4494 3017 4554 81_1_.
3039 4490 3258 4554 Humiles
3280 4500 3375 4535 non
3397 4486 3617 4554 suntqui

2576 4549 2896 4612 mentiuntur,
2922 4551 3029 4599 813.
3055 4549 3274 4598 Humiles
3307 4561 3363 4596 Os
3380 4550 3619 4612 aperiunt

2574 4614 2803 4661 doctrinae
2860 4610 3225 4669 praedicatorum
3280 4610 3613 4669 excipiendae,

2574 4676 2682 4725 636.
2707 4670 2929 4723 Humiles
2947 4672 3163 4721 cmlestia
3197 4670 3507 4730 intelligunt,
3533 4676 3619 4717 aut

2574 4746 2672 4784 non
2711 4734 2962 4783 intellecta
2998 4740 3315 4791 venerantur,
3348 4731 3457 4780 645.
3499 4734 3617 4789 Quae

2574 4799 2674 4845 sint
2723 4798 2852 4845 inter
2894 4795 3063 4844 laudes
3108 4794 3375 4855 humanas,
3408 4793 3619 4855 humilis

2573 4860 2757 4907 mentis
2772 4857 3111 4918 t-ogitationes,
3130 4854 3236 4905 706.
3256 4854 3477 4904 Humiles
3495 4866 3619 4914 ope-

2574 4920 2725 5030 ἷῧιὶςέο
2745 4916 2995 5030 ῗῖζξιπα,
3012 4920 3094 4981 qui
3112 4925 3349 4967 tumorem
3373 4922 3613 4978 premant,

2637 5035 2890 5092 Humilitas
2934 5045 3011 5091 est
3050 5041 3185 5090 locus
3221 5040 3490 5099 bonorum,
3535 5035 3614 5085 91.

2573 5102 2833 5155 Hutnilitas
2857 5116 2947 5165 per
2967 5102 3059 5165 Job
3085 5106 3131 5149 in
3155 5102 3463 5165 sterquilinio
3485 5099 3617 5165 ilesi-

2576 5174 2766 5229 gnatur,
2786 5161 2872 5215 97:
2887 5164 3143 5229 Humilitas
3155 5161 3404 5229 θρίξ-ευρ
3426 5161 3617 5229 nomine

2576 5220 2878 5290 paupertatis
2900 5227 3206 5290 designatur,
3228 5220 3336 5272 523.
3352 5220 3617 5290 foramine

2574 5282 2690 5338 'acus
2716 5287 2967 5351 humilitas
2995 5282 3307 5351 signiﬁcatur,
3345 5282 3614 5351 1160._$ub

2575 5350 2850 5398 humilitate
2872 5350 3015 5397 timor
3037 5343 3275 5395 humanus
3293 5343 3370 5395 'se
3417 5343 3580 5406 palliat
3597 5375 3617 5405 ,

2580 5411 2713 5460 1254.
2735 5409 2944 5458 Nomine
2969 5406 3162 5456 vallium
3185 5408 3435 5468 signantur
3462 5406 3618 5468 humi-

2576 5472 2649 5522 les
2670 5508 2683 5531 ,
2714 5470 2852 5521 1517.
2879 5470 2970 5527 Qui
3010 5466 3314 5531 consiruaiur
3337 5466 3620 5516 humilitatis

2574 5529 2723 5583 turris
2741 5571 2753 5591 ,
2798 5531 2934 5579 1050.
2958 5554 3017 5565 --
3042 5529 3317 5591 Humilitas
3337 5537 3430 5591 est,
3456 5533 3619 5591 custos

2575 5588 2802 5645 virtutum
2821 5630 2835 5650 ,
2859 5592 2937 5649 71,
2961 5591 3087 5653 622,
3116 5590 3251 5641 1459.
3272 5589 3526 5653 Humilitas
3549 5588 3619 5653 la-

2574 5658 2730 5705 menti
2756 5649 2832 5703 est
2849 5649 3090 5702 medicina
3117 5652 3314 5707 peccati,
3343 5651 3420 5699 91.
3447 5649 3619 5697 Humi-

2578 5718 2685 5767 litas
2708 5723 2786 5765 est
2809 5722 3012 5775 tegmen
3036 5726 3063 5761 a
3087 5711 3246 5775 gladio
3274 5713 3447 5775 jtidicis
3466 5748 3478 5767 ,
3502 5711 3614 5775 270.

2578 5779 2731 5828 ltadix
2781 5770 2939 5827 cordis
2984 5783 3063 5824 est
3088 5770 3245 5823 'altum
3275 5770 3577 5822 'humilitatis
3599 5805 3614 5831 ,

2581 5842 2671 5892 280
2710 5838 2969 5889 Hamiliias
2996 5837 3279 5900 praeminet
3302 5836 3497 5885 caeteris
3520 5833 3619 5883 vir-
