4050 6526
140 460 241 516 969
956 534 958 536 ν
1263 453 1541 512 CONTRA
1575 450 1920 511 JULIANUM
1952 452 2080 510 LIB.
2123 453 2215 509 IX.
3276 449 3376 504 970

140 576 349 629 ἑλέσθαι
381 575 438 628 δὲ
484 576 579 629 καὶ
626 576 929 646 ἀποφοιτᾷν
975 574 1154 628 αὐτῶν
1191 574 1267 638 ὡς
1319 573 1739 646 καταρῤυποῦνλ

1776 620 1782 634 .
1815 578 2014 628 bonum
2038 574 2104 626 δ’.
2140 590 2159 624 ι
2197 571 2452 640 Adeoque
2483 571 2598 640 ipse
2630 568 2870 625 omnium
2903 573 3145 621 nostrum
3187 562 3375 619 Salva-

138 665 425 729 εἰωθότων,
453 669 543 719 καὶ
569 667 667 737 τὴν
699 667 785 719 ἐπ’
814 666 962 734 αύτῷ
983 666 1047 737 δὴ
1075 665 1247 735 τούτῳ
1277 665 1573 719 νοσούντων
1590 665 1707 720 δια-

1819 674 1903 719 ιοι·
1930 664 2177 719 Christus
2210 680 2224 717 :
2254 682 2271 714 ι
2306 662 2482 718 Nolite
2519 673 2710 733 putare
2735 660 2989 730 quoniam
3017 657 3139 712 veni
3172 655 3379 711 solvere

138 758 317 828 ϐολήν,
337 758 515 810 καίτοι
536 757 746 810 Παύλου
777 755 874 826 μὲν
895 756 1192 826 γράφοντος
1213 755 1455 826 ἐναργῶς
1474 771 1487 784 ·
1513 772 1531 804 ι
1545 755 1704 807 Ὥστε

1815 754 2012 824 legem,
2047 763 2138 808 aut
2168 756 2492 824 prophetas;
2526 769 2632 808 non
2662 753 2784 806 veni
2815 751 3026 806 solvere
3046 788 3060 813 ,
3095 747 3188 803 sed
3211 745 3374 800 adim-

135 849 283 918 ὁμὲν
313 849 478 918 νόμος
530 848 704 916 ἅγιος,
755 847 848 900 καὶ
892 848 924 918 ἡ
958 846 1145 917 ἐντολὴ
1197 845 1348 913 ἁγία,
1382 846 1475 899 καὶ
1501 845 1703 907 δικαία,

1812 845 1961 913 plere
1984 847 2051 900 '°.
2085 865 2103 897 ι
2139 846 2237 902 ilic
2259 857 2463 911 autem,
2491 846 2567 900 uti
2599 845 2728 911 dixi,
2759 857 2943 898 eorum
2973 841 3129 911 plane
3158 837 3325 892 rudis.

135 941 230 991 καὶ
265 938 477 1007 ἀγαθή·
521 958 538 990 ι
591 939 685 991 καὶ⁵
720 936 885 990 αὑτοῦ
925 936 983 989 δὲ.
1012 936 1230 989 πάντων
1277 935 1438 1006 ἡμῶν
1480 934 1730 1004 Σωτῆρος
1781 935 2049 1005 Χριστοῦ·
2089 954 2110 988 ι
2150 935 2243 1007 Μὴ
2289 941 2549 1009 νομίσητε
2595 937 2678 989 ὃτι
2727 931 2889 1006 ἦλθον
2930 931 3235 987 καταλῦσαι
3290 928 3378 983 τὸν

132 1031 321 1100 νόμον,
347 1030 380 1101 ἢ
409 1031 535 1094 τοὺς
565 1031 882 1102 προφήτας·
917 1029 1017 1081 ούκ
1044 1024 1205 1100 ἦλθον
1237 1027 1557 1090 καταλῦσαι,
1581 1028 1714 1083 ἀλλὰ
1750 1028 2059 1100 πληρῶσαι.
2096 1049 2115 1085 ι
2154 1031 2212 1083 '0
2243 1031 2320 1100 δὲ,
2387 1031 2462 1094 ὡς
2495 1030 2649 1100 ἔφην,
2676 1030 2877 1092 συνιεὶς
2908 1027 3078 1081 οὐδέν.

731 1141 1122 1195 ΙΟΥΛΙΑΝΟΣ.

2417 1143 2767 1201 JULIANUS.

217 1255 308 1318 Ὠς
340 1255 442 1324 μὲν
461 1249 575 1319 οὖν,
601 1255 754 1324 φησὶ,
789 1256 915 1318 τοὺς
934 1254 1042 1308 τῶν
1070 1254 1270 1308 θυσιῶν
1299 1255 1564 1325 ἠπίστατο
1589 1253 1713 1325 τρό-

1881 1259 2034 1326 Quod
2080 1259 2470 1315 sacriﬁciorum
2497 1259 2660 1324 ritus,
2694 1257 2894 1327 inquit,
2936 1255 3115 1311 Moses
3145 1266 3376 1324 agnove-

127 1363 272 1408 πους
329 1347 556 1416 Μωσῆς,
614 1345 838 1415 εὔδηλόν
881 1346 998 1398 ὲστί
1031 1363 1134 1398 που
1164 1347 1252 1399 διά
1283 1348 1393 1400 τῶν
1421 1345 1710 1417 ῥηθέντων.

1809 1347 1902 1412 rit,
1937 1352 2122 1420 utique
2150 1364 2217 1404 ex
2247 1351 2338 1414 iis,
2371 1364 2490 1418 qua:
2532 1350 2678 1403 dicta
2709 1357 2858 1412 sunt,
2889 1346 3233 1402 manifestum
3274 1355 3376 1398 est.

128 1436 262 1488 ’Ὁτι
288 1436 347 1488 δὲ
378 1436 476 1505 ούχ
509 1437 585 1498 ὡς
607 1435 767 1505 ὑμεῖς
795 1435 1083 1506 ἀκάθαρτα
1119 1436 1257 1490 αύτά
1280 1436 1526 1507 ἐνόμισεν
1551 1430 1712 1498 εἶναι,

1810 1439 1882 1492 At
1922 1441 2064 1508 quod
2106 1454 2190 1504 ea,
2234 1441 2392 1495 sicuti
2444 1454 2564 1504 vos,
2619 1438 2901 1494 immunda
2940 1452 3047 1491 non
3088 1435 3378 1495 censuerit,

127 1527 302 1580 πάλιν
327 1527 392 1578 ὲκ
418 1525 526 1578 τῶν
559 1525 822 1595 ῥημάτων
857 1525 1069 1578 ἐκείνου
1097 1525 1437 1579 ὲπακούσατε
1457 1541 1471 1557 ⁸
1505 1544 1524 1577 ι
1572 1526 1636 1578 Ἦ
1658 1524 1716 1577 δὲ

1815 1542 2006 1582 rursus
2059 1544 2126 1583 ex
2187 1530 2333 1585 illius
2394 1531 2575 1585 verbis
2632 1529 2861 1584 audite:
2900 1546 2919 1579 ι
2953 1529 3146 1581 Anima
3201 1535 3379 1578 autem

124 1613 282 1684 ψυχὴ
317 1613 442 1682 ἥτις
475 1614 570 1666 ἐὰν
599 1614 748 1684 φάγῃ
782 1613 892 1667 ἀπὸ
934 1613 1043 1667 τῶν
1077 1613 1252 1684 κρεῶν
1277 1613 1376 1683 τῆς
1401 1613 1593 1676 θυσίας
1620 1612 1713 1666 τοῦ

1814 1633 2150 1689 quaecunque
2188 1620 2603 1676 manducaverit
2636 1619 2703 1674 de
2729 1619 2986 1674 carnibus
3018 1615 3269 1671 sacriﬁcii
3302 1628 3382 1668 sa-

127 1703 436 1774 σωτηρίου,
468 1703 497 1754 ὃ
519 1707 634 1755 ἐστι
658 1702 887 1772 Κυρίου,
912 1703 1009 1756 καὶ
1037 1706 1070 1772 ἡ
1100 1701 1407 1772 ἀκαθαρσία
1433 1701 1599 1755 αὑτοῦ
1625 1701 1714 1755 ἐπ’

1815 1708 2029 1774 lutaris,
2059 1711 2201 1779 quod
2231 1721 2311 1765 est
2345 1710 2579 1776 Domini,
2613 1720 2668 1766 et
2701 1711 3037 1765 immunditia
3079 1706 3195 1774 ejus
3224 1716 3383 1774 super

125 1794 314 1861 αὐτῷ,
348 1790 626 1846 ἀπολεῖται
651 1793 683 1862 ἡ
716 1792 864 1863 ψυχὴ
892 1793 1075 1864 ἐκείνη
1104 1795 1166 1845 ὲκ
1186 1792 1277 1845 τοῦ
1307 1791 1437 1845 λαοῦ
1468 1792 1657 1863 αὐτῆς.
1691 1811 1709 1844 ι

1818 1800 1992 1867 ipsum
2019 1841 2034 1866 ,
2065 1800 2261 1870 peribit
2306 1802 2488 1857 anima
2517 1802 2608 1856 illa
2641 1803 2707 1858 de
2736 1801 2933 1872 populo
2969 1814 3067 1855 suo
3090 1800 3155 1851 ⁸⁸.
3189 1817 3207 1850 ο
3245 1796 3383 1850 Sane

124 1885 313 1947 Αὐτὸς
343 1885 512 1948 ὅντως
540 1884 776 1948 εύλαῦἱκς
799 1887 829 1938 6
869 1885 1072 1954 Μωσῆς
1108 1885 1234 1955 περὶ
1280 1884 1378 1954 τὴν
1409 1883 1518 1938 τῶν
1555 1883 1716 1956 ἱερῶν

1818 1888 1996 1947 Moses
2041 1893 2158 1962 ipse
2192 1893 2340 1948 circa
2370 1893 2717 1948 victimarum
2753 1907 2904 1948 esum
2951 1891 3234 1960 religiosus
3264 1887 3379 1940 fuit.

124 1977 368 2045 ἐδωδήν.
1748 1971 1790 2025 Β

745 2109 1119 2163 ΚΥΡΙΛΛΟΣ.

2423 2109 2789 2166 CYRILLUS.

203 2221 484 2274 Πεύσεται
521 2219 585 2291 δὴ
627 2215 720 2274 οὖν
751 2221 845 2275 καὶ
885 2222 1022 2292 πρός
1052 2238 1115 2290 γε
1147 2222 1305 2294 ἡμῶν
1340 2221 1519 2276 αὐτῶν
1550 2224 1578 2275 6
1608 2225 1718 2287 τοῖς

1890 2219 1937 2273 Α
1968 2219 2124 2276 nobis
2159 2233 2288 2290 ergo
2314 2221 2558 2276 vicissim
2604 2221 2790 2276 audiet
2822 2220 2934 2287 ille,
2973 2223 3062 2291 qui
3093 2230 3201 2275 tam
3237 2221 3388 2291 frigi‘

118 2313 280 2366 οὕτω
313 2312 542 2382 ψυχροῖς
584 2312 902 2383 αἰτιάμασιν
959 2312 1123 2376 ὲνιεὶς
1180 2313 1306 2376 τοὺς
1367 2311 1717 2374 πιστεύοντας

1820 2308 1901 2364 dis
1931 2310 2404 2365 criminationibus
2438 2310 2721 2364 credentes
2746 2311 2796 2364 in
2825 2310 3102 2365 Christum
3137 2312 3383 2381 impetit:

119 2404 398 2474 Χριστῷ·
429 2405 540 2474 Οὐχ
572 2405 648 2466 ὡς
677 2403 1002 2474 ἀκαθάρτων
1039 2403 1396 2474 ἀπεσχήμεθα
1435 2404 1544 2456 τῶν
1581 2403 1718 2455 κατὰ

1821 2399 1928 2456 Nos
1959 2415 1990 2454 a
2031 2401 2294 2472 legalibus
2335 2417 2440 2456 non
2494 2403 2857 2468 abstinemus,
2909 2410 2968 2457 ut
3012 2402 3257 2472 impuris,
3293 2404 3386 2458 sed

119 2496 304 2565 νόμον
327 2534 342 2552 .
382 2495 503 2564 ἴμεν
536 2494 594 2547 δὲ
630 2495 830 2565 μᾶλλον
868 2496 942 2559 ὼς
978 2497 1042 2549 ἐκ
1075 2495 1260 2549 τύπων
1283 2497 1373 2548 ἐπὶ
1411 2497 1469 2548 τὸ
1501 2496 1716 2566 ἀληθές.

1821 2493 1998 2560 potius
2037 2501 2290 2560 tanquam
2323 2505 2353 2544 a
2387 2494 2528 2561 typis
2574 2493 2639 2544 ad
2675 2493 2958 2547 veritatem
2991 2494 3383 2561 progredimur.

121 2589 237 2657 Ετη
267 2588 314 2640 δ’
334 2587 422 2650 ἂν,
439 2586 514 2650 ὣς
548 2604 611 2655 γε
636 2583 811 2656 οἶμαι,
837 2587 996 2640 παντί
1015 2604 1091 2656 τῳ
1119 2587 1308 2656 σαφὲς,
1329 2587 1403 2650 ὡς
1433 2587 1492 2639 τὸ
1523 2589 1602 2649 είς
1625 2587 1717 2640 τύ-

1822 2581 2034 2637 Nemini
2066 2591 2248 2636 autem
2283 2597 2390 2638 non
2419 2583 2764 2638 manifestum
2795 2593 2896 2649 est,
2929 2585 3143 2652 opinor,
3172 2584 3220 2638 id
3245 2585 3383 2654 quod

121 2696 236 2731 πον
276 2679 471 2749 ἑτέρου
496 2679 872 2749 παραληφθὲν,
907 2680 966 2731 οὐ
1002 2679 1067 2730 δι’
1101 2680 1231 2731 αὐτὸ
1264 2679 1456 2744 γένοιτ’
1490 2679 1576 2742 ἂν,
1605 2680 1717 2730 ἀλλ’

1825 2674 1891 2727 ad
1923 2673 2149 2741 ﬁguram
2181 2671 2408 2726 alterius
2441 2681 2776 2740 assumptum
2804 2682 2907 2736 est,
2956 2687 3062 2727 non
3099 2673 3180 2729 sui
3216 2674 3386 2744 gratia

124 2772 226 2824 ἵνα.
256 2768 625 2838 είσκομίζειεν
642 2785 763 2820 τινα
785 2770 894 2830 τοῖς
913 2768 1207 2835 θεωμένοις
1227 2768 1357 2820 αὐτὸ
1379 2767 1471 2820 τοῦ
1501 2768 1720 2836 μέλλον-

1827 2775 1970 2826 esse,
2001 2775 2189 2816 verum
2226 2770 2286 2815 ut
2332 2760 2533 2816 inferat
2572 2761 2941 2831 spectantibus
2971 2764 3260 2832 quamdam
3308 2764 3382 2819 rei

117 2879 223 2925 τος
279 2858 926 2929 ἔσεσθαιςπροανάδειξιν.
974 2858 1288 2928 Ὀρωμένης
1337 2857 1393 2911 δὲ
1443 2857 1542 2928 τῆς
1589 2859 1716 2928 ἀλη-

1827 2850 2024 2905 futurre
2075 2853 2484 2921 prmnotionetu.
2541 2853 2614 2907 At
2664 2868 2786 2908 cum
2838 2863 3114 2922 spectatur
3173 2856 3386 2922 veritas,

117 2953 317 3017 θείας,
357 2949 610 3021 περιττὸς
630 2949 730 3020 ἤδη
770 2966 887 3011 πως
919 2950 947 3002 6
974 2948 1175 3013 τύπος,
1210 2949 1304 3002 καὶ
1341 2950 1598 3018 ἀνόνητον
1640 2950 1716 3002 ἔτι

1825 2952 1936 2997 tum
1974 2942 2242 3011 superﬂua
2270 2959 2402 3000 sane
2451 2953 2534 2998 cst
2569 2945 2762 3014 ﬁgura,
2797 2953 2852 3000 et
2876 2945 3016 3014 quod
3059 2961 3176 3001 eam
3206 2948 3386 3013 praesi-

115 3046 189 3098 τδ
221 3044 614 3116 προαναφῆναι
638 3043 831 3113 αὐτήν.
871 3042 1087 3113 Ἐπειδὴ
1111 3043 1167 3095 δὲ
1189 3043 1291 3114 τῆς
1319 3044 1574 3114 ἀληθείας
1598 3044 1714 3098 ὠδί-

1822 3035 2113 3104 gniﬁcabat
2135 3035 2245 3104 jam
2282 3035 2482 3089 nullius
2514 3045 2596 3088 est
2627 3050 2777 3091 usus.
2816 3035 2925 3091 Lex
2958 3046 3136 3093 autem
3159 3037 3388 3092 Mosaica

116 3155 214 3190 νει
244 3137 354 3205 τὴν
387 3136 667 3206 μόρφωσιν
696 3137 724 3188 6
776 3134 864 3187 διὰ
912 3135 1153 3200 Μωσέως
1200 3137 1381 3204 νόμος,
1424 3135 1577 3204 ἀγιος
1627 3139 1715 3190 καὶ

1823 3140 1946 3180 cum
1993 3126 2244 3181 veritatis
2289 3126 2519 3180 formam
2560 3125 2759 3195 pariat,
2815 3137 3001 3183 sancta
3051 3144 3266 3200 quoque
3311 3139 3393 3186 est

112 3230 345 3292 αὑτός·
388 3228 514 3297 ἁγία
563 3227 728 3298 γὰρὴ
785 3226 1034 3297 ἀληθεια,
1084 3226 1360 3280 τουτέστιν
1400 3231 1427 3280 6
1463 3228 1711 3297 Χριστὸς1

1827 3216 1941 3286 ipsa
1968 3236 1981 3272 :
2009 3228 2201 3273 sancta
2234 3218 2377 3272 enim
2408 3227 2492 3272 est
2522 3219 2743 3285 veritas,
2775 3220 2826 3274 id
2861 3228 2966 3285 est,
3002 3220 3271 3286 Christus,
3298 3233 3390 3275 aut

109 3327 312 3394 ἦγουν
350 3322 414 3374 τὸ
437 3320 602 3373 αὑτοῦ
641 3321 956 3390 μυστήριον.
987 3319 1109 3370 Ὅτι
1139 3318 1194 3370 δὲ
1223 3320 1320 3389 τῆς
1365 3319 1421 3369 ἐν
1452 3318 1708 3388 πνεύματι

1825 3310 1940 3378 ejus
1981 3309 2320 3378 mysterium.
2353 3308 2618 3364 Caeterum
2654 3325 2795 3378 eam,
2833 3326 2954 3381 qua:
2995 3314 3200 3368 umbris
3246 3323 3301 3368 et
3329 3315 3390 3366 ﬁ~

109 3434 185 3469 τε
213 3416 323 3468 καὶ
353 3411 587 3482 ἀληθοῦς
619 3410 871 3488 λατρείας
897 3409 996 3478 τὴν
1027 3410 1085 3461 ἐν
1119 3412 1297 3470 σκιαῖς
1325 3409 1418 3461 καὶ
1449 3409 1638 3471 τύποις
1659 3411 1708 3461 oi

1808 3402 1976 3469 ,guris
2019 3402 2348 3467 continetur,
2386 3403 2704 3459 adoratioue
2747 3420 2866 3474 quae
2905 3407 2966 3460 ﬁt
3004 3406 3058 3461 in
3113 3406 3303 3476 spiritu
3341 3413 3392 3459 et

112 3503 616 3578 ’προύργιαιτέραν
656 3503 812 3570 ἡμεῖς
841 3500 934 3551 καὶ
963 3499 1173 3568 ἀμείνω
1203 3498 1568 3567 πεποιήμεθα,
1589 3499 1711 3568 γρά-

1831 3493 2093 3555 veritate,
2144 3508 2241 3547 nos
2293 3494 2556 3562 potiorem
2601 3511 2667 3551 ac
2711 3498 2989 3553 meliorem
3044 3514 3147 3554 non
3197 3499 3391 3554 ducere

110 3615 306 3670 ιρεται
339 3593 528 3658 πάλιν,
564 3591 656 3646 καί
690 3605 855 3660 φησια

1831 3584 2008 3638 denuo
2036 3584 2381 3651 criminatur,
2414 3597 2468 3641 ct
2495 3588 2570 3642 ait
2606 3604 2619 3642 :

739 3718 1133 3774 ῘΟΥΛΙΛΝΟΣ.

2434 3719 2783 3776 JULIANUS.

197 3840 501 3914 Προσήκει
538 3838 602 3909 δὴ
633 3835 817 3890 λοιπὸν
837 3831 1245 3904 ἀναμνησθῆναι
1267 3829 1372 3884 τὼν
1393 3830 1722 3902 ἔμπροσθεν,

1904 3831 2011 3887 Par
2047 3843 2230 3888 autem
2275 3845 2359 3889 est
2387 3836 2626 3904 priorum
2676 3836 2889 3892 tandem
2922 3838 3217 3902 reminisci,
3257 3852 3392 3906 quo-

103 3934 203 3995 ὧν
241 3938 443 3991 ἕνεκεν
477 3931 677 4004 ὲῤῥέθη
709 3932 800 3982 κα¹ι
827 3928 1018 3982 ταῦτα.
1049 3925 1144 3979 Διά
1169 3924 1220 3978 τί
1251 3927 1359 3994 γὰρ
1392 3925 1702 3978 ἀποστάντα

1835 3938 1954 3978 rttm
1987 3939 2149 3980 causa
2185 3927 2298 3980 haec
2326 3942 2540 3996 quoque
2573 3929 2712 3983 dicta
2763 3939 2908 3983 sunt.
2942 3930 3047 3985 Cur
3076 3931 3240 3996 enim,
3274 3944 3391 3983 cum

95 4030 308 4104 ἡμῶν
346 4027 473 4095 οὐχὶ
501 4024 590 4076 τὸν
616 4022 724 4075 τῶν
771 4020 1039 4073 Ἰουδαίων
1083 4020 1333 4088 ἀγαπᾶτε
1370 4018 1565 4089 νόμον,
1607 4018 1694 4071 οὐδ

1835 4033 1862 4070 a
1911 4018 2065 4073 nobis
2105 4018 2432 4084 defeceritis,
2466 4018 2774 4076 Judazorum
2820 4022 2993 4092 legem
3039 4039 3144 4079 non
3195 4022 3395 4090 amplc-

99 4130 196 4194 ἐμ
207 4121 427 4193 μένετε
449 4116 558 4175 τοῖς
590 4113 678 4165 ὑπ’
705 4112 912 4166 ἐκείνου
947 4111 1291 4179 λεγομένοις;
1336 4111 1483 4180 Ἐρεῖ
1511 4111 1698 4164 πάντω

1836 4113 2064 4174 ctimini,
2096 4126 2272 4181 neque
2311 4113 2470 4167 statis
2513 4113 2655 4166 illius
2689 4115 3007 4184 praeceptis?
3031 4114 3240 4184 lnquiet
3279 4113 3391 4167 for-

93 4229 208 4275 τις
248 4205 356 4272 ὀξὺ
407 4203 647 4273 βλέπων*
692 4199 827 4253 Οὐδὲ
864 4199 968 4270 γὰρ
1007 4199 1247 4251 Ἰουδαῖοι
1299 4199 1536 4254 θύουσιν.
1589 4200 1692 4253 Ἀλ]

1839 4220 1933 4258 san
1974 4204 2166 4273 aliquis
2203 4205 2362 4273 paulo
2413 4205 2657 4260 acutior:
2695 4204 2880 4276 Neque
2921 4209 3062 4262 enim
3096 4207 3261 4261 Judaei
3311 4221 3396 4259 sa-

97 4309 324 4375 εγωγε
358 4294 524 4352 αὐτὸν
558 4291 976 4362 ἀμϐλυώττοντα
1005 4289 1193 4354 δεινῶς
1233 4289 1518 4358 ἀπελέγξω
1577 4292 1696 4363 πρῶ

1836 4297 2100 4352 criticant.
2143 4297 2214 4350 At
2247 4311 2346 4366 ego
2382 4297 2552 4365 ipsum
2585 4295 2741 4351 valde
2767 4297 3024 4351 caecutirc
3055 4310 3344 4365 coarguam
3379 4312 3390 4346 :

90 4417 218 4455 τον
267 4393 400 4466 μὲν,
442 4389 523 4440 ὅτι
559 4384 695 4455 μηδὲ,
724 4382 831 4434 τῶν
849 4381 1021 4435 ἄλλων
1054 4399 1104 4434 τι
1129 4381 1237 4435 τῶν
1261 4382 1410 4453 παρά
1440 4385 1553 4445 ,τοῖς
1601 4384 1689 4435 Ἴσι,

1837 4389 2068 4458 primum
2100 4389 2338 4456 quidem,
2377 4389 2515 4454 quod
2567 4397 2745 4442 certos
2794 4387 3099 4442 Judazorum
3147 4388 3282 4441 ritus
3330 4398 3397 4438 nc

90 4493 316 4549 δαίοις
354 4476 761 4550 νενομισμένων
816 4475 931 4528 ἐστὶ
977 4476 1069 4527 καὶ
1095 4475 1122 4526 ὑ
1133 4477 1222 4545 μίν
1251 4475 1306 4526 ἐν
1328 4473 1540 4544 φυλακῇ
1563 4491 1575 4504 ·
1607 4474 1689 4526 δεέ

1837 4480 2139 4535 observatis
2179 4495 2274 4533 vos
2318 4479 2570 4548 quidem;
2597 4479 2788 4533 deinde
2833 4494 2989 4544 vero,
3022 4480 3162 4549 quod
3193 4475 3394 4532 sacriﬁ-

85 4595 304 4653 τερον
335 4575 421 4636 δὲ,
441 4573 521 4625 ὅτι
568 4568 752 4621 θύουσι
781 4565 878 4636 μὲν
904 4567 961 4619 ὲν
986 4565 1275 4635 ἀδράκτοις
1312 4565 1574 4628 Ἰουδαῖοι,
1636 4581 1684 4616 κε

1837 4581 1961 4625 cant
1991 4572 2205 4639 quidem
2237 4571 2286 4622 iu
2318 4571 2431 4623 suis
2459 4569 2703 4624 domibus
2725 4568 2918 4637 Judmi,
2949 4579 3002 4625 et
3034 4584 3172 4624 nunc
3209 4567 3395 4621 etiam-

87 4650 220 4728 νῦν
258 4669 348 4722 ἔτι
385 4665 566 4718 πάντα
605 4659 871 4712 ἐσθίουσιν
920 4658 1061 4728 ἱερὰ.
1114 4658 1206 4710 καὶ
1235 4656 1588 4726 κατεύχονται
1625 4673 1686 4726 πε

1794 4655 1807 4703 ν
1835 4679 1959 4717 ηιιιη
1993 4663 2242 4717 omnibus
2277 4662 2439 4732 306
2469 4661 2701 4716 victimis
2733 4674 3042 4729 vescuntur,
3086 4671 3139 4718 et
3168 4673 3393 4730 precan-

82 4764 218 4822 τοῦ
263 4760 462 4821 θῦσαι,
490 4752 582 4806 καὶ
608 4750 698 4802 τὸν
729 4750 900 4815 δεξιὸν
919 4744 1067 4821 ὦμον
1085 4750 1317 4804 διδόασιν
1350 4748 1601 4819 ἀπαρχὰς
1622 4765 1681 4800 το

1838 4766 1924 4808 tur
1959 4763 2245 4822 antequam
2294 4754 2621 4816 sacriﬁcent,
2651 4764 2704 4808 et
2742 4755 2990 4809 dextrum
3041 4766 3245 4806 armum
3285 4748 3397 4817 pri-

85 4853 400 4930 ῐερεῦσιν
421 4863 434 4875 θ
471 4842 904 4912 ἀπεστερημένοι
937 4843 993 4896 δὲ
1023 4841 1115 4894 τοῦ
1139 4840 1265 4894 ναοῦ
1309 4842 1404 4892 καὶ
1431 4840 1524 4893 τοῦ
1553 4838 1684 4892 θυσιι

1838 4846 2016 4898 mitias
2079 4846 2206 4898 dant
2258 4845 2635 4900 sacerdotibus
2671 4863 2684 4899 :
2716 4846 2810 4900 sed
2866 4845 3038 4899 orbati
3092 4839 3286 4909 templo
3346 4843 3399 4889 ct

86 4944 406 5017 στηρίου,
441 4937 494 5007 ἦ,
522 4933 595 4996 ὡς
629 4934 807 4997 αὐτοῖς
846 4934 966 4997 ἔθος
998 4933 1174 5002 λέγειν
1195 4974 1208 4998 ,
1243 4931 1336 4984 τοῦ
1375 4931 1683 5001 ἀγιάσματο

1839 4935 2016 5001 altari,
2061 4948 2172 4999 aut,
2208 4946 2265 4990 ut
2312 4936 2470 5006 vulgo
2524 4937 2816 5004 appellant,
2855 4935 3178 4994 sanctuario,
3231 4930 3397 4995 impe—

90 5015 419 5109 ἀπᾷρχὰς
451 5027 528 5099 τῷ
563 5026 681 5096 Θεῷ
703 5025 810 5079 τῶν
843 5027 1054 5098 ἱερείων
1075 5025 1345 5094 εἴργονται
1386 5023 1689 5094 προσφέρει·

1841 5029 2064 5083 diuntur
2109 5028 2397 5096 quominus
2434 5027 2542 5082 Deo
2585 5028 2927 5082 victimarum
2961 5021 3222 5096 primitias
3269 5015 3399 5073 οσο-

98 5108 354 5202 ’Υμεῖς
388 5124 450 5176 δὲ
472 5121 518 5173 oi
551 5117 647 5188 τὴν
674 5119 866 5189 καινὴν
901 5117 1091 5170 θυσίαν
1118 5115 1369 5184 εὑρόντες
1391 5155 1405 5178 ,
1437 5113 1586 5167 οὐδὲν
1616 5113 1697 5166 δεό

1846 5128 1984 5172 rant.
2026 5116 2133 5172 Vos
2164 5126 2364 5183 autem,
2396 5119 2483 5187 qui
2524 5133 2720 5172 novum
2765 5115 3014 5172 sacriﬁcii
3049 5125 3213 5182 genus
3247 5108 3399 5162 adin-

77 5250 124 5282 ιλ,
140 5237 301 5278 ενοι
334 5214 447 5283 τῆς
482 5206 855 5282 Ἰερουσαλὴμ,
892 5209 1012 5261 ἀντὶ
1047 5208 1192 5269 τίνος
1227 5206 1288 5259 οὐ
1317 5203 1509 5268 θύετε;
1541 5204 1676 5256 Καίτ

1846 5209 2087 5273 venistis,
2146 5224 2269 5263 cum
2325 5209 2457 5263 nihil
2510 5208 2794 5278 indigestis
2841 5205 3154 5264 Jerusalem,
3213 5213 3399 5267 quaut-

77 5291 307 5372 τοῦτο
339 5308 448 5377 μὲν
474 5303 582 5370 ἐγὼ
622 5299 757 5370 πρὸς
793 5299 936 5366 ὑμᾶς
981 5303 1042 5352 ὲκ
1080 5297 1391 5369 περιουσίας
1417 5291 1585 5362 εἷπον,
1616 5296 1676 5346 ἐπ

1845 5301 2030 5353 obrem
2058 5315 2161 5354 non
2187 5300 2546 5354 sacriﬁcatis?
2575 5299 2642 5353 At
2670 5296 2934 5365 superﬂua
2963 5297 3073 5348 haec
3098 5301 3178 5345 est
3203 5289 3399 5347 oratio.

82 5427 210 5485 μοι
253 5400 377 5471 τὴν
416 5395 590 5466 ἀρχὴν
625 5390 822 5485 ἐρρέθη
856 5391 1160 5462 βουλομένῳ
1191 5389 1505 5485 δεῖξαιιτοῖς
1532 5386 1681 5485 ἔθνεσ

1840 5389 2092 5455 quoniam
2127 5389 2178 5442 id
2210 5390 2384 5457 ipsum
2438 5398 2593 5442 antea
2642 5387 2772 5448 dixi,
2805 5400 2925 5437 cum
2971 5381 3254 5437 ostendere
3292 5377 3397 5428 vcl-

75 5470 557 5580 ἐμολογοῦντας
600 5480 879 5543 Ἰουδαίους
901 5521 914 5542 ,
968 5485 1072 5548 ἔξω
1105 5484 1197 5536 τοῦ
1225 5478 1463 5551 νομίζειν
1485 5477 1578 5529 ἕνα
1608 5477 1674 5529 Gs

1842 5477 1942 5531 lem
1987 5477 2199 5533 Iudaeos
2246 5494 2367 5532 cum
2414 5478 2669 5548 gentibus
2717 5477 3052 5538 consentire,
3108 5470 3205 5524 nisi
3258 5470 3395 5534 quod

83 5556 342 5654 ξένονξ
379 5580 593 5634 Ἐκεῖνο
630 5576 736 5646 γὰρ
782 5571 958 5625 αὐτῶν
1004 5576 1099 5643 μὲν
1125 5574 1273 5639 rem,
1308 5571 1462 5643 ἡμῶν
1496 5570 1552 5622 δὲ
1587 5568 1682 5622 ἀλλ

1845 5582 2008 5620 unum
2042 5566 2210 5622 Deum
2251 5569 2480 5624 credunt
2519 5569 2875 5624 solummodo.
2925 5566 3052 5620 Illud
3101 5560 3238 5613 enim
3269 5556 3397 5624 ipsis

73 5653 322 5768 ξριον,
367 5671 528 5728 Ἐπεὶ
556 5669 622 5722 τά
655 5684 714 5736 γε
748 5665 883 5720 ἄλλα
910 5668 1063 5719 κοινά
1090 5685 1205 5729 πως
1236 5669 1364 5736 ἡμῖν
1395 5668 1508 5718 ἐστι
1537 5704 1551 5730 ,
1597 5681 1672 5718 ναι

1843 5657 2053 5727 quidem
2085 5659 2360 5729 proprium
2394 5669 2497 5727 cst,
2534 5677 2560 5714 a
2599 5661 2750 5716 nobis
2778 5658 3024 5710 alienum.
3060 5647 3393 5714 Caternquiu

210 5865 241 5896 9
289 5855 469 5912 Hom.
510 5863 604 5911 vn,
643 5844 725 5899 1‘2.
806 5842 852 5872 '°
881 5840 1068 5894 Matth.
1095 5855 1146 5896 v.
1192 5842 1276 5897 l7.
1353 5844 1394 5875 ⁵¹
1433 5843 1607 5899 Levii.
1649 5855 1744 5910 VII,
1779 5837 1868 5892 20.

488 5946 758 6005 PATROL.
810 5939 921 5999 Gtt.
989 5937 1240 5997 LXXVI.
3012 5928 3077 5982 ill
