4028 6434
631 345 691 399 Μ
1625 339 1682 393 S.
1719 335 1994 393 CYRIHJ
2026 334 2498 394 ALEXANDRINI
2534 332 2854 389 ARCHIEP.
3828 329 3909 381 12

631 456 807 513 sanris
827 454 1083 521 condunt,
1109 453 1305 524 sicque”
1323 451 1554 522 gaudent
1579 452 1630 504 in
1661 453 1727 505 iis
1751 468 1870 520 quae
1893 467 1957 506 ex
1982 451 2199 506 solertia

2321 453 2500 511 Ιενται,
2555 449 2648 501 καὶ
2695 447 2814 499 λίαν
2862 447 3151 514 ἀσμένως·
3199 447 3430 508 καὶτοῖς
3486 446 3743 498 ἐσωτάτω
3789 445 3913 514 τῆς

632 546 967 614 collegerint,
999 555 1056 598 ut
1084 543 1172 597 alii
1214 544 1430 610 quidam
1460 540 1749 594 saeculares
1783 555 1905 593 cum
1939 540 2019 594 vel
2057 537 2200 592 Indi-

631 654 723 694 cas
751 651 993 706 gemmas
1038 635 1122 690 vel
1146 649 1336 688 aurum
1373 633 1530 687 avide
1551 630 1912 692 cumularunt,
1942 631 2049 683 imo
2075 644 2203 684 vero

632 730 800 783 multo
828 727 998 798 magis
1039 744 1050 779 :
1087 724 1469 781 «Praestantior
1503 723 1643 776 enim
1675 729 1757 775 est
1778 720 2038 790 sapientia
2075 719 2203 787 lapi-

633 821 788 874 dibus
825 818 1104 888 pretiosis,
1140 826 1193 870 et
1238 830 1398 870 omne
1423 813 1680 868 eximium
1716 827 1823 866 non
1859 820 1940 866 est
1991 811 2079 863 illa
2123 809 2204 863 di-

632 923 848 978 gnunm
875 908 1014 962 sicut
1038 907 1298 976 scriptum
1335 903 1478 958 est'.
1519 904 1779 972 Oportere
1811 912 1988 955 autem
2013 915 2204 956 censeo

635 999 907 1066 sapientes
956 997 1106 1050 viros
1147 1005 1202 1049 et
1247 994 1498 1057 solertes,
1536 1006 1599 1046 ac
1649 993 1951 1046 divinorum
1991 991 2205 1058 dogma-

635 1101 748 1142 tum
790 1087 1015 1157 peritos,
1047 1086 1165 1153 ejus
1191 1094 1493 1154 opportune
1523 1083 1832 1136 meminisse
1862 1082 1913 1150 2
1938 1081 2080 1150 quod
2126 1090 2206 1134 est

634 1194 662 1232 a
692 1177 922 1248 quodam
954 1191 982 1231 e
1015 1175 1217 1230 sanctis
1249 1173 1530 1243 discipulis
1567 1173 1827 1241 scriptum
1865 1191 1875 1225 :
1910 1192 1926 1223 ι
1959 1170 2200 1236 Fratres,

636 1268 856 1336 probate
900 1265 1128 1335 spiritus
1172 1265 1215 1318 si
1245 1278 1309 1318 ex
1342 1264 1452 1318 Deo
1488 1265 1677 1318 snnt'.
1710 1282 1727 1312 ›
1767 1262 1962 1315 Beatus
1993 1276 2206 1330 quoque

634 1359 834 1414 l'aulus
862 1360 1092 1413 donatas
1121 1371 1240 1411 esse
1275 1357 1478 1411 sanctis
1506 1355 1812 1410 hominibus
1839 1356 1968 1409 dicit
2001 1355 2204 1408 discre-

634 1451 809 1505 tiones
833 1449 1118 1519 spirituum
1140 1447 1380 1502 3"hNam
1413 1447 1502 1516 qui
1533 1447 1737 1512 dicunt,
1759 1443 2205 1505 DominusJesus,

633 1543 687 1598 id
729 1556 833 1595 non
891 1539 1046 1593 aliter
1080 1551 1240 1606 quam
1289 1550 1384 1603 per
1432 1534 1691 1604 Spiritum
1743 1542 1989 1587 sanctum
2022 1533 2208 1601 utique

637 1636 818 1690 dicent
847 1646 860 1685 :
893 1639 949 1684 at
975 1643 1104 1683 vero
1129 1627 1219 1698 qui
1244 1642 1308 1683 ex
1343 1625 1614 1695 imperitia
1637 1625 2003 1693 blasphemam
2034 1623 2086 1675 in
2116 1637 2207 1677 eos

638 1725 876 1793 linguam
921 1722 1126 1783 laxant,
1163 1726 1219 1772 et
1248 1717 1355 1771 illis
1383 1717 1510 1785 quia
1543 1723 1690 1769 recte
1726 1729 1918 1784 sapere
1949 1714 2206 1766 decreve-

2307 541 2511 593 ἑαυτῶν
2546 539 2722 608 ψυχῆς
2765 537 3174 592 ὲναποκλείουσι
3212 536 3537 606 θησαυροῖςο
3565 537 3912 603 ὲπιγάννυν-

2306 645 2396 681 ται
2419 627 2474 680 δὲ
2513 625 2655 678 οὕτω
2683 628 2796 688 τοῖς
2833 625 2891 690 ἐξ
2917 624 3182 695 εὖμαθίας
3207 625 3662 694 συνειλεγμένοις,
3689 626 3915 677 ὡσανεὶ

2307 737 2398 771 κα.
2438 735 2586 781 τινες
2617 716 2794 786 ἕτεροι
2830 717 2939 769 τῶν
2974 716 3116 769 κατά
3152 717 3243 768 τὸν
3288 715 3422 785 βίον,
3463 716 3494 784 ἢ
3527 714 3708 777 λίθους
3740 715 3917 776 τινὰς

2320 809 2544 871 Ἰνδικὰς
2578 810 2609 878 ἢ
2659 809 2854 880 χρυσὸν
2898 807 3191 877 ἀπλήστως
3227 806 3716 876 συναγηγερκότες,
3755 804 3919 875 μᾶλ-

2307 899 2396 952 λον
2429 901 2507 963 δὲ,
2534 902 2627 952 καὶ
2658 900 2738 952 ἔτι
2771 900 3366 970 μειζόνωςοιΚρεῖσσον
3401 899 3507 968 γάρ
3542 897 3702 964 σοφία
3728 897 3919 949 λίθων

2308 989 2649 1042 πολυτελῶνο
2675 993 2782 1043 πᾶν
2819 991 2875 1042 δὲ
2920 990 3120 1059 τίμιον,
3163 991 3260 1041 οὐκ
3293 989 3440 1052 ἄξιον
3467 988 3659 1057 αὐτῆς,
3691 1008 3709 1040 ι
3747 988 3918 1041 καθὰ

2310 1082 2638 1150 γέγραπται.
2672 1083 2884 1152 Χρῆναι
2905 1083 2959 1134 δέ
2989 1099 3130 1151 φημι
3156 1081 3303 1144 τοὺς,
3329 1082 3486 1150 οἵπερ
3509 1080 3573 1133 ἂν
3605 1082 3755 1148 σοφοὶ
3778 1079 3913 1150 [ἴσ.

2311 1168 2411 1225 ὦσι
2441 1172 2638 1242 σοφο“ι],
2675 1173 2769 1225 καὶ
2799 1173 3069 1241 άγχίνοοι,
3102 1173 3198 1224 καὶ
3253 1173 3361 1224 τῶν
3402 1172 3561 1224 θείων
3607 1172 3919 1240 δογμάτων

2310 1264 2715 1334 ἐπιστήμονες,
2765 1264 3169 1334 διαμεμνῆσθαι
3213 1264 3504 1334 χρησίμως
3553 1264 3918 1330 γεγραφότος

2309 1354 2454 1416 τινὸς
2492 1354 2600 1406 τῶν
2633 1355 2805 1421 ἁγίων
2865 1353 3122 1422 μαθητῶν
3144 1369 3159 1383 ο
3209 1372 3226 1403 ι
3262 1354 3536 1422 Ἀδελφοί,
3570 1351 3913 1421 δοκιμάζετε

2310 1446 2378 1498 τὰ
2408 1447 2722 1516 πνεύματα,
2755 1449 2799 1498 εί
2835 1447 2899 1498 ὲκ
2933 1445 3025 1498 τοῦ
3059 1446 3193 1498 Θεοῦ
3227 1447 3355 1499 εἰσι.
3395 1465 3413 1496 ι
3457 1445 3807 1515 Δεδωρῆσθαι
3844 1445 3911 1495 δὲ

2310 1543 2422 1602 τοῖς
2462 1540 2639 1605 ἁγίοις
2679 1541 2812 1608 φησὶ
2845 1541 2937 1592 καὶ
2966 1540 2993 1589 ὁ
3023 1539 3309 1600 Θεσπέσιος
3343 1538 3550 1600 Παῦλος
3590 1538 3916 1607 διακρίσεις

2311 1633 2656 1699 πνευμάτων.
2684 1632 2743 1684 Οἱ
2774 1631 2870 1700 μὲν
2897 1632 3004 1700 γὰρ
3031 1630 3300 1696 λέγοντες,
3326 1630 3405 1682 ὅτι
3429 1629 3632 1699 Κύριος
3666 1630 3911 1699 Ἰησοῦς,

2312 1723 2466 1788 φαῖεν
2499 1721 2565 1773 ἂν
2597 1722 2694 1790 οὐχ
2750 1721 2949 1791 ἑτέρως
2981 1721 3135 1784 αὐτὸ,
3173 1720 3312 1790 πλὴν
3349 1722 3429 1772 ὅτι
3467 1720 3552 1772 διὰ
3599 1719 3691 1771 τοῦ
3735 1721 3912 1786 ἀγίου

642 1827 792 1880 runt,
845 1815 1232 1886 proiiemodum
1285 1813 1473 1865 dicunt
1547 1812 1837 1863 anathema
1892 1807 2099 1870 Jesum,
2155 1807 2206 1858 id

2321 1812 2665 1878 [ίνεύματοςο
2704 1812 2757 1861 οἵ
2782 1828 2844 1876 γε
2889 1813 2993 1878 μὴν
3025 1811 3083 1874 ἐξ
3117 1811 3357 1880 ἀμαθίας
3404 1811 3762 1879 παλίμφημον
3807 1812 3912 1861 ἐπ’

637 1909 821 1976 utique
865 1921 930 1959 ex
960 1902 1262 1956 Beelzebub
1294 1902 1550 1954 instinctu
1582 1900 1804 1951 faciunt.
1836 1897 2064 1965 Oportet
2105 1896 2208 1963 igi-

638 2008 726 2052 tur
769 2005 826 2049 ut
877 1993 1160 2048 exercitati
1217 1991 1283 2043 ad
1328 1988 1508 2044 omnia
1557 1987 1826 2041 subtiliter
1872 1995 1926 2037 et
1959 1995 2211 2039 accurate

638 2085 938 2158 probanda,
987 2091 1040 2136 ct
1080 2078 1322 2150 pervigili
1377 2086 1590 2131 utentes
1634 2075 1814 2130 animo
1853 2073 2208 2142 quorumdam

640 2177 841 2243 scripta
873 2174 1135 2241 legamus,
1183 2180 1237 2223 et
1274 2168 1404 2237 quid
1440 2167 1507 2221 de
1536 2174 1720 2221 nostro
1751 2166 1992 2219 omnium
2027 2163 2211 2217 Salva-

643 2278 760 2323 tore
821 2266 1040 2320 Christo
1094 2262 1424 2331 loquantur,
1473 2258 1762 2328 diligenter
1819 2257 2209 2325 exquiramus,

639 2356 959 2426 optimeque
991 2353 1268 2407 imitemur
1304 2349 1716 2418 probatissimos
1761 2363 1824 2402 ac
1852 2347 2213 2416 peritissimos

643 2447 1052 2510 nummularius,
1088 2443 1180 2514 qui
1231 2442 1431 2511 probos
1475 2454 1725 2494 nummos
1767 2439 2082 2500 admittunt,
2113 2436 2214 2490 fal-

641 2553 732 2596 sos
781 2550 959 2592 autem
1013 2546 1066 2591 et
1118 2535 1450 2589 adulteratos
1513 2531 1754 2585 studiose
1799 2529 2070 2598 rejiciunt.
2135 2530 2214 2582 Ad

643 2644 804 2700 quam
860 2642 974 2682 rem
1026 2640 1123 2680 nos
1167 2625 1358 2679 beatus
1391 2623 1591 2677 Paulus
1637 2623 1929 2684 hortatur,
1980 2619 2211 2674 dicens:

648 2738 667 2770 ι
697 2718 879 2772 Estote
926 2715 1078 2782 probi
1128 2712 1474 2767 nunnnularii
1511 2729 1524 2764 :
1557 2711 1735 2764 omnia
1779 2710 2022 2778 probate,
2077 2710 2217 2776 quod

645 2814 844 2866 bonum
868 2817 950 2863 est
975 2815 1181 2861 tenete:
1215 2805 1282 2858 ab
1319 2803 1464 2857 omni
1499 2802 1680 2871 specie
1711 2801 1849 2855 mala
1874 2800 2160 2853 abstinete.
2194 2817 2210 2848 ›

647 2902 741 2957 Est
767 2900 931 2954 etiam
968 2898 1166 2967 alioqui
1221 2906 1376 2964 turpe
1413 2896 1463 2947 in
1513 2892 1704 2962 primis
1743 2901 1798 2946 et
1821 2889 2141 2950 absurdum,
2172 2889 2217 2941 si

645 3006 770 3046 cum
815 2991 869 3044 in
916 2990 1077 3041 rebus
1123 2986 1189 3039 ad
1238 2985 1380 3038 hanc
1416 2984 1580 3036 vitam
1629 2982 2025 3050 pertinentibus
2074 2978 2220 3032 nullo

558 3141 568 3154 ,
645 3079 808 3135 modo
834 3077 973 3147 quod
1003 3075 1055 3129 in
1086 3089 1198 3128 rem
1225 3073 1294 3126 sit
1326 3071 1594 3139 negligere
1619 3069 1921 3130 videamur,
1954 3067 2061 3118 imo
2093 3078 2219 3117 vero

2311 1900 2494 1960 αὐτοῖς
2545 1899 2794 1966 γλῶσσαν
2849 1901 3088 1962 ἀνέντες,
3144 1901 3236 1952 καὶ
3279 1901 3346 1951 δι’
3389 1894 3463 1952 ὧν
3509 1900 3640 1967 ὀρθὰ
3677 1903 3913 1968 φρονεῖν

2311 1989 2583 2057 ἐγνώκασι
2609 2026 2626 2051 ,
2688 1988 2971 2056 μονονουχὶ
3015 1988 3267 2055 λέγοντες
3306 1989 3570 2056 ,ἀνάθεμα
3648 1987 3908 2056 Ἰησοῦν,

2311 2081 2467 2133 τοῦτο
2486 2079 2657 2150 δρῷεν
2681 2081 2768 2142 ἂν,
2785 2080 2862 2140 ὡς
2882 2079 2987 2130 ἀπό
3010 2097 3072 2146 γε
3092 2078 3185 2130 τοῦ
3207 2078 3554 2141 ΒεελζεΕούλ.
3586 2080 3676 2129 Δεῖ
3709 2077 3775 2148 δὴ
3802 2075 3914 2130 οὖν

2314 2170 2419 2239 ἄρα
2443 2169 2653 2231 λεπτῶς
2673 2185 2731 2220 τε
2755 2169 2849 2222 καὶ
2866 2168 3322 2237 διεσμιλευμένως
3343 2169 3652 2237 δοκιμάζειν
3679 2169 3911 2222 ἅπαντα

2322 2261 2799 2330 μεμελετηκότας,
2852 2262 2945 2313 καὶ
2996 2259 3070 2329 νῷ
3127 2261 3537 2330 διεγηγερμένῳ
3581 2262 3914 2329 χρωμένους

2317 2351 2736 2419 περιτυγχάνειν
2779 2351 2926 2420 ἡμᾶς
2966 2352 3080 2411 τοῖς
3113 2367 3274 2401 τινων
3325 2350 3752 2419 συγγράμμασι,
3804 2353 3912 2403 καὶ

2319 2437 2626 2508 βασανίζειν
2652 2438 2938 2508 εὐτέχνως,
2967 2438 3173 2508 οὕσπερ
3196 2439 3260 2492 ἂν
3286 2443 3520 2491 ποιοῖντο
3551 2441 3738 2507 λόγους
3768 2459 3837 2494 πε
3850 2443 3914 2511 ρὶ

2317 2529 2410 2582 τοῦ
2430 2530 2644 2583 πάντων
2670 2530 2824 2599 ἡμῶν
2847 2530 3097 2600 Σωτῆρος
3115 2530 3353 2600 Χριστοῦ
3376 2549 3387 2560 ·
3415 2532 3818 2601 ἀπομιμεῖσθαί
3841 2550 3912 2584 τε

2319 2621 2413 2672 καὶ
2451 2620 2594 2688 μάλα
2625 2619 2818 2689 ὀρθῶς,
2853 2622 2978 2683 τοὺς
3011 2621 3089 2673 ὅτι
3128 2621 3190 2691 δὴ
3230 2621 3462 2690 μάλιστα
3490 2621 3765 2692 δοκίμους,
3805 2624 3912 2675 καὶ

2319 2715 2742 2782 ἐμπειροτάτους
2767 2715 2873 2768 τῶν
2895 2717 3349 2785 ἀργυροπρατῶν,
3373 2717 3420 2769 οἳ
3458 2717 3768 2787 προσίενται
3802 2719 3915 2787 μὲν

2319 2803 2426 2856 τῶν
2458 2805 2808 2872 νομισμάτων
2839 2809 2900 2858 τὸ
2934 2807 3277 2876 εὐδοκιμοῦν,
3308 2808 3615 2878 ἀπόϐλητον
3643 2810 3697 2861 δὲ
3729 2813 3916 2862 ποιεῖ-

2323 2894 2442 2945 σθαι
2485 2895 2844 2959 σπουδάζουσι
2871 2897 2929 2950 τὸ
2961 2900 3315 2969 παράσημον,
3349 2901 3440 2952 καὶ
3474 2901 3915 2970 μεμωμημένον.

2322 2984 2426 3035 Καὶ
2462 2983 2594 3052 ζρός
2628 3002 2690 3052 γε
2741 2986 2899 3039 τοῦτο
2943 2989 3090 3057 ἡμᾶς
3126 2991 3152 3040 ὸ
3185 2991 3450 3060 μακάριος
3482 2991 3688 3055 Παῦλος
3728 3009 3921 3060 παρα-

2323 3073 2500 3144 Οήγει,
2545 3075 2748 3143 λέγων’
2800 3095 2817 3124 ι
2864 3077 3080 3128 Γίνεσθε
3116 3080 3372 3148 τρόφιμοι
3421 3081 3495 3148 (l)
3546 3082 3873 3149 τραπεζῖται
3903 3100 3918 3114 ·

646 3171 864 3240 plurimi
913 3166 1088 3221 facere
1135 3165 1449 3218 studeamus
1492 3175 1555 3215 ea
1596 3174 1825 3229 quorum
1887 3173 1988 3224 ope
2031 3158 2214 3224 splen-

2323 3166 2496 3218 πάντα
2529 3166 2874 3235 δοκιμάζετε,
2907 3169 2967 3220 τὸ
2997 3170 3160 3222 καλὸν
3217 3172 3505 3238 κατέχετε·
3557 3172 3664 3223 ἀπὸ
3705 3175 3925 3236 παντὸς

649 3263 771 3320 dide
797 3261 977 3314 vivere
1004 3257 1183 3320 liceat,
1216 3270 1301 3310 res
1327 3254 1565 3308 vicissim
1600 3254 1733 3306 adeo
1766 3265 1949 3304 sacras
1977 3258 2220 3302 contem-

649 3366 863 3415 namus,
904 3359 958 3404 et
985 3349 1212 3402 salutem
1253 3346 1445 3398 aniina:
1485 3359 1580 3413 pro
1610 3342 1775 3394 nihilo
1813 3342 2092 3400 ducamus,
2129 3338 2222 3389 scd

650 3444 798 3497 illam
825 3442 877 3493 in
911 3439 1095 3493 foveas
1125 3449 1178 3489 et
1203 3450 1416 3489 cwnum
1451 3433 1790 3500 dejiciamus,
1825 3431 1949 3479 dum
1978 3441 2223 3493 quocun-

650 3547 756 3602 que
805 3531 1016 3584 libitum
1069 3527 1229 3579 l‘ucrit
1267 3525 1332 3577 iis
1366 3524 1456 3591 qui
1500 3520 1645 3588 loqui
1678 3519 1914 3588 gestiunt
1960 3532 2081 3584 qua:
2117 3531 2222 3568 non

651 3619 922 3681 convenit,
973 3615 1285 3684 projicimus
1331 3611 1568 3664 animum
1619 3622 1648 3660 a
1684 3621 1811 3660 vero
1842 3605 2224 3673 conspicienda

649 3713 919 3775 clausum,
957 3725 1018 3762 ac
1053 3708 1321 3760 nolentem
1373 3704 1670 3770 inquirere,
1705 3699 1834 3768 quid
1867 3713 1896 3751 e
1948 3699 2109 3750 rebus
2155 3695 2225 3748 lc-

652 3803 753 3858 ctis
777 3812 982 3857 rectum
1011 3801 1080 3852 sit
1112 3806 1164 3851 et
1193 3795 1344 3860 utile,
1377 3795 1507 3863 quid
1543 3793 1669 3847 item
1703 3804 2041 3861 perversum,
2074 3797 2127 3841 et
2159 3787 2226 3840 ab

654 3901 907 3947 accurata
959 3891 1140 3959 regula
1177 3889 1490 3956 dogmatum
1545 3885 1802 3944 alienum,
1857 3892 1912 3935 et
1955 3881 2225 3947 iacturam

655 3984 894 4038 inferens
927 3995 1047 4049 qua:
1091 3978 1156 4032 ad
1191 3978 1362 4047 ipsam
1399 3976 1666 4044 pertineat
1695 3974 1954 4032 animam,
1990 3986 2087 4039 pro
2124 3984 2226 4037 qua

653 4072 876 4142 aequalis
918 4070 1269 4124 commutatio
1302 4069 1446 4124 nulla
1493 4078 1575 4120 est
1628 4067 1767 4134 apud
1818 4080 1912 4118 eos
1955 4073 2104 4116 certe
2138 4062 2226 4129 qui

655 4164 941 4233 sapiunt".
976 4162 1352 4215 Exaininanda
1385 4168 1512 4215 sunt
1546 4159 1728 4227 igitur,
1771 4166 1826 4210 et
1853 4155 2070 4224 quidem
2099 4153 2229 4207 sub-

656 4255 924 4316 tilissime,
949 4267 1066 4322 qua}
1090 4252 1153 4305 de
1187 4251 1382 4305 divinis
1415 4249 1757 4317 dogmatibus
1783 4245 2095 4300 scribuntur
2126 4261 2139 4295 :
2168 4257 2231 4296 ac

659 4345 704 4398 si
738 4343 858 4413 quis
893 4352 1040 4395 recto
1077 4343 1269 4395 itinere
1317 4341 1384 4393 ad
1420 4354 1642 4405 scopum
1690 4350 1968 4390 sacrarum
2006 4333 2228 4385 Littera-

659 4452 776 4489 rum
825 4434 1011 4499 tendit,
1045 4444 1098 4486 et
1145 4443 1348 4487 certam
1403 4431 1452 4482 in
1507 4431 1588 4483 his
1639 4442 1935 4495 veramque
1979 4426 2228 4479 semitam

656 4528 948 4597 percurrit,
1001 4527 1045 4580 is
1081 4536 1395 4578 nostrarum
1444 4536 1662 4590 quoque
1707 4519 2098 4573 sententiarum
2153 4531 2230 4569 rc-

659 4623 802 4672 ctum
856 4616 970 4682 ejus
1019 4617 1122 4667 iter
1166 4611 1587 4682 approbantium
1638 4611 1824 4676 plausu
1876 4610 2224 4677 excipiatur:

657 4707 796 4775 quod
830 4706 872 4759 si
928 4705 1176 4771 frigidam
1229 4713 1283 4757 et
1333 4704 1565 4767 l'utilcm,
1599 4711 1653 4754 ct
1693 4703 2068 4765 adulteratam,
2122 4701 2228 4752 imo

660 4815 788 4853 vero
821 4799 982 4853 etiam
1013 4797 1374 4864 perniciosam
1409 4795 1713 4864 legentibus
1738 4794 2042 4847 orationem
2074 4795 2226 4855 texit,

660 4889 842 4944 audiat
868 4888 935 4941 ab
973 4889 1220 4940 omnibus
1253 4900 1265 4938 :
1304 4905 1319 4936 ι
1355 4886 1461 4940 Sed
1504 4884 1657 4938 nobis
1694 4883 2007 4952 loquamini,
2045 4895 2098 4937 et
2128 4899 2228 4935 an-

733 5067 747 5096 ¹
777 5064 933 5121 Prov.
970 5080 1054 5128 ιιι,
1091 5061 1257 5117 ιι-ιε
1291 5079 1305 5127 ;
1344 5060 1569 5124 vm,l9.
1647 5058 1706 5110 ’ἰ
1749 5058 1900 5113 Joan.
1933 5076 2003 5124 iv,
2045 5061 2093 5114 Ι.

2172 5060 2239 5090 ³⁸⁸
2271 5060 2286 5112 l
2316 5061 2437 5116 Cor.
2478 5080 2578 5126 xu,
2621 5065 2703 5117 lO.

2327 3257 2499 3319 εἴδους
2542 3257 2779 3325 πονηροῦ
2809 3260 3100 3326 ἀπέχεσθε.
3142 3280 3159 3310 ι
3199 3263 3353 3311 Ἔστι
3392 3263 3446 3312 δὲ
3484 3263 3547 3329 δὴ
3582 3264 3674 3313 καὶ
3706 3264 3926 3331 ἑτέρως

2327 3347 2659 3414 πάναισχρόν
2693 3363 2751 3397 τε
2776 3346 2869 3397 καὶ
2905 3348 3157 3408 ἀκαλλὲς,
3185 3351 3277 3400 ἐπὶ
3321 3351 3419 3419 μὲν
3451 3354 3562 3412 τοῖς
3595 3352 3732 3403 κατὰ
3760 3354 3923 3404 τόνδε

2324 3435 2415 3487 τὸν
2447 3437 2559 3503 βίον
2607 3438 2896 3505 πράγμασι
2949 3439 3066 3490 κατ’
3107 3437 3295 3489 οὐδένα
3337 3440 3536 3508 τρόπον
3570 3441 3717 3508 ἡμᾶς
3764 3443 3932 3509 ἡφει-

2326 3525 2559 3595 δηκότας
2593 3527 2821 3595 ὁρᾶσθαι
2873 3527 2967 3579 τοῦ
3007 3528 3290 3590 τελοῦντος
3331 3529 3410 3590 εἰς
3458 3529 3674 3597 ὄνησιν,
3717 3536 3928 3602 πειρᾶ-

2330 3616 2449 3668 σθαι
2480 3617 2534 3669 δὲ
2569 3617 2767 3686 μᾶλλον
2805 3620 2934 3688 περὶ
2967 3619 3159 3671 πολλοῦ
3211 3622 3480 3673 ποιεῖσθαι
3535 3621 3706 3688 φιλεῖν
3748 3622 3820 3674 τὰ
3851 3624 3928 3674 δι’

2329 3700 2402 3758 ὧν
2436 3706 2501 3758 ἂν
2547 3708 2758 3774 γένοιτο
2809 3707 2999 3776 βιῶναι
3044 3709 3348 3780 λαμπρῶς·
3404 3711 3669 3780 ἀλογῆσαι
3704 3712 3758 3764 δὲ
3807 3714 3928 3767 τῶν

2329 3798 2470 3851 οὕτω
2502 3801 2733 3862 σεπτῶν,
2765 3805 2858 3852 καὶ
2887 3801 3154 3853 ποιεῖσθαι
3186 3803 3314 3872 παρ’
3333 3803 3485 3854 οὐδὲν
3506 3803 3602 3873 τὴν
3625 3804 3724 3872 τῆς
3738 3806 3929 3875 ψυχῆς

2331 3891 2605 3961 σωτηρίαν
2628 3907 2640 3921 ⁸
2674 3891 2888 3961 βάθροις
2911 3909 2968 3942 τε
3007 3893 3178 3962 αὐτὴν
3206 3892 3539 3959 ἐγκαθιέναι,
3568 3895 3664 3947 καὶ
3683 3895 3928 3964 τέλμασι

2331 3980 2465 4050 πρὸς
2499 3981 2560 4033 τό
2603 3982 2794 4034 δοκοῦν
2830 3982 3015 4044 ἁπλῶς
3068 3986 3181 4044 τοῖς
3232 3983 3478 4036 ἐθέλουσι
3528 3984 3729 4048 λαλεῖν,
3773 3985 3809 4038 ἃ
3843 3989 3929 4059 μὴ

2331 4072 2630 4142 προσῆκεν,
2663 4073 2775 4125 ἔσθ’
2816 4074 2903 4126 ὅτε
2946 4075 3470 4144 παραρριπτοῦντας
3515 4075 3606 4127 τὸν
3642 4076 3784 4141 νοῦν,
3818 4080 3930 4131 οὐκ

2332 4163 2641 4232 ἀναμύοντα
2675 4165 2811 4233 πρὸς
2843 4164 2904 4216 τὸ
2933 4165 3133 4233 ἀληθὲς
3155 4207 3167 4230 ,
3202 4164 3323 4216 οὔτε
3369 4165 3476 4236 μὴν
3521 4166 3774 4220 ἐθέλοντα
3819 4186 3931 4222 πο-

2332 4252 2759 4323 λυπραγμονεῖν,
2787 4255 2838 4306 τί
2869 4255 2966 4323 μέν
2994 4258 3109 4308 ἐστι
3140 4256 3247 4308 τῶν
3278 4257 3704 4327 ἀνεγνωσμένων
3732 4260 3925 4330 ὀρθὸν,

2333 4342 2425 4392 καὶ
2457 4342 2800 4410 ὀνησιφόρον,
2830 4345 2883 4394 τί
2919 4343 2976 4394 δὲ
3022 4344 3085 4412 δὴ
3113 4345 3171 4395 τὸ
3205 4344 3551 4414 διάστροφον,
3582 4349 3676 4399 καὶ
3711 4348 3928 4417 δογμα-

2336 4435 2496 4501 τικῆς
2545 4435 2827 4504 ἀκριϐείας
2885 4435 3245 4503 ὲπιὸεὸηκὸς,
3278 4437 3372 4489 καὶ
3421 4438 3623 4507 ζημίαν
3659 4441 3932 4509 ἐμποιοῦν

2336 4527 2526 4594 τὴνείς
2548 4526 2717 4593 αὐτὴν
2746 4526 2961 4595 ὁρῶσαν
2987 4527 3184 4596 ψυχὴν,
3213 4523 3278 4597 ἧς
3303 4529 3553 4592 ἀντάξιον
3571 4532 3744 4594 οὐδὲν,
3769 4535 3934 4604 παρὰ

2339 4631 2400 4681 γε
2423 4620 2533 4677 τοῖς
2570 4617 2777 4685 ἀρτίοις
2806 4616 2904 4687 τὴν
2943 4619 3134 4687 φρένα.
3162 4621 3528 4689 Δοκιμαστέου
3553 4617 3644 4673 οῦν
3670 4622 3797 4693 ἄρα,
3829 4629 3934 4680 καὶ

2339 4707 2456 4758 λίαν
2500 4708 2713 4776 ἰσχνῶς,
2749 4708 2844 4772 τὰς
2882 4711 3008 4778 περὶ
3041 4710 3148 4762 τῶν
3181 4711 3339 4762 θείων
3367 4713 3653 4781 δογμάτων
3686 4730 3934 4786 συγγρα-

2340 4797 2445 4863 φάς
2466 4814 2478 4827 ο
2508 4797 2607 4850 κᾶν
2636 4799 2734 4867 μέν
2763 4817 2845 4860 τις
2881 4799 2947 4851 ἱόι
2979 4802 3098 4851 κατ’
3125 4802 3252 4853 εὐθὺ
3279 4803 3369 4855 τοῦ
3397 4805 3599 4856 σκοποῦ
3624 4804 3728 4856 τῶν
3760 4807 3930 4876 ίερῶν

2341 4889 2706 4957 Γραμμάτων,
2740 4892 2833 4942 καὶ
2857 4892 2954 4958 τὴν
2985 4892 3041 4943 ἕν
3071 4910 3132 4960 γε
3157 4897 3396 4946 τουτοισὶ
3428 4897 3594 4964 σαφῆ,
3630 4898 3721 4950 καὶ
3748 4898 3930 4952 ἁπλα-

2778 5066 2798 5095 ⁸
2835 5066 3023 5121 Matth.
3057 5083 3163 5132 xu,
3196 5069 3283 5124 26.

1934 5215 2092 5267 ΛΝΤ.
2136 5217 2223 5271 AG
2236 5216 2411 5272 ELLll
2453 5219 2684 5275 NOTAE.

732 5379 810 5450 (ί)
846 5379 994 5435 Hanc
1028 5387 1346 5438 sententiam
1377 5375 1826 5450 Cyr-illustribuit
1864 5377 2020 5433 beato
2057 5377 2220 5432 Paulo

659 5459 715 5502 et
743 5446 944 5502 citatur
981 5462 1363 5516 nonnunquam
1399 5463 1427 5498 ιι
1467 5447 1737 5500 veteribus
1762 5446 1988 5516 Graecis
2034 5460 2219 5501 aucto-

661 5521 831 5583 ribus,
869 5520 960 5572 sed
998 5520 1120 5570 nulli
1159 5529 1307 5569 certo
1349 5517 1557 5569 anetori
1609 5515 1921 5570 ascribitur.
1974 5517 2068 5569 Ubi
2123 5534 2219 5569 au-

659 5598 768 5641 tem
817 5590 889 5642 sit
939 5592 988 5640 in
1035 5587 1270 5655 Apostoli
1320 5585 1593 5652 Epistolis,
1631 5601 1734 5636 non
1765 5585 2078 5655 juvenitur,
2118 5589 2216 5640 ιιίηί

660 5662 800 5709 torte
836 5667 1022 5709 auctor
1057 5653 1105 5708 in
1159 5655 1396 5722 Epistula
1443 5655 1614 5721 prima
1649 5656 1713 5705 ad
1762 5653 2219 5710 'l‘lieSSaloniccn-

662 5745 748 5783 aes
779 5727 923 5782 lll‘Jtll
965 5728 1169 5790 habuit,
1208 5732 1257 5777 in
1289 5741 1387 5792 qua
1421 5733 1542 5778 sunt
1575 5725 1736 5776 etiam
1770 5739 1885 5794 qua:
1914 5738 2215 5794 Sequuntur

2323 5381 2506 5460 verba,
2558 5380 3052 5460 0!llllid_R70bﬂle,
3102 5394 3207 5460 etc.
3237 5384 3505 5460 Cancrum
3558 5390 3924 5460 Epiphanius,

2322 5453 2588 5532 adversus
2616 5455 2988 5532 Appelliauos,
3037 5455 3206 5532 refert
3252 5457 3494 5521 Apellem
3542 5453 3930 5530 iii-Evangelii}

2322 5521 2371 5595 id
2408 5523 2672 5588 scriptum
2708 5521 2840 5595 esse
2874 5524 3103 5595 dixisse,
3143 5527 3194 5576 in
3245 5540 3343 5595 suo
3392 5530 3625 5585 fortasse
3650 5571 3664 5595 ,
3705 5521 3811 5586 non
3871 5536 3928 5586 in

2323 5589 2421 5643 hoc
2445 5602 2595 5645 certe
2623 5606 2729 5658 quo
2765 5592 3008 5646 Ecclesia
3045 5597 3243 5648 utitur.
3282 5593 3409 5649 Erat
3439 5612 3621 5654 autem
3653 5589 3708 5654 in
3739 5618 3933 5655 exem-

2319 5659 2561 5724 plaribus
2594 5662 3123 5740 μικρῇ-τρόφιμοι,
3162 5679 3285 5740 cum
3343 5667 3412 5718 sit
3445 5668 3729 5740 legendum
3762 5672 3930 5735 δύη..

2324 5746 2432 5796 μοι,
2470 5741 2524 5782 ut
2563 5734 2698 5785 citat
2730 5728 3067 5802 Epiphanius
3104 5734 3294 5786 eodem
3329 5728 3524 5792 libro.”
3762 5728 3769 5735 ’
