4028 6436
150 371 204 421 l3
1256 364 1621 422 ADVERSUS
1660 364 2057 425 NESTORIUM
2097 368 2227 426 LIB.
2267 371 2307 427 l.
3347 380 3410 433 Ν

146 489 408 557 ·σεστάτην
463 488 673 556 διᾴττοι
722 486 929 555 τρίϐον,
986 486 1429 554 κατακροτείσθω
1481 485 1737 555 καὶπρὸς

1814 490 2092 545 ιιιυηιίθιο
2145 490 2298 543 nobis
2365 489 2524 543 aliam
2579 491 2949 547 seductionem
2976 492 3015 543 ⁸.
3054 512 3070 544 ›
3123 492 3264 562 Ergo
3318 508 3405 550 aut

145 579 295 646 ήμῶν
337 582 466 640 ταῖς
504 581 585 640 είς
620 578 890 647 ὀρθότητα
936 579 1173 646 alii;qu
1223 580 1269 627 εί
1302 577 1358 628 δὲ
1380 577 1607 646 ψυχρὸν,
1646 577 1736 628 καὶ

1844 579 1895 647 3
1926 578 2124 632 faciant
2154 579 2402 635 arborem
2427 582 2644 645 bonam,
2680 592 2732 637 et
2761 582 2992 637 fructum
3028 582 3145 651 ejus
3169 587 3370 639 bonum
3396 606 3406 649 ;

146 672 409 741 ἐξίτηλον,
446 673 546 724 καὶ
591 672 1030 741 μεμωμημένον,
1078 670 1274 740 μᾶλλον
1308 668 1363 721 δὲ
1393 669 1485 721 καὶ
1513 667 1736 737 ὀλέθρου

1844 676 1936 720 aut
1968 665 2171 720 faciant
2205 668 2454 722 arborem
2505 670 2726 737 malam,
2777 681 2831 724 et
2860 671 3090 727 fructum
3137 674 3253 742 ejus
3300 691 3410 729 ma-

145 765 407 832 πρόξενον
471 766 587 825 τοῖς
641 761 1051 831 ἐντευξομένοις
1096 760 1371 827 ὲξυφαίνοι
1413 759 1505 811 τὸν
1558 758 1735 825 λόγον,

1842 754 1949 808 lum
1972 757 2011 808 ⁷.
2054 776 2071 807 ‹
2111 756 2289 812 Bonus
2326 760 2470 813 enim
2514 760 2674 816 homo
2717 762 2785 817 de
2830 764 3085 820 thesauro
3118 767 3297 821 cordis
3325 768 3406 821 sui

142 857 389 907 ἀκουέτω
448 856 609 923 παρά
659 853 879 905 πάντων
903 870 915 882 ·
956 871 972 903 ι
1013 852 1171 906 Ἀλλὰ
1199 853 1330 920 ἡμῖν
1378 850 1607 915 λαλεῖτε,
1643 850 1733 901 καὶ

1839 845 2049 913 profert
2103 847 2240 900 bona
2279 848 2492 904 :malus
2545 860 2724 904 autem
2769 850 2930 906 homo
2980 866 3045 907 ex
3100 855 3240 909 malo
3294 857 3408 910 the-

141 944 510 1011 ἀναγγέλλετε
564 946 698 1014 ἡμῖν
759 945 953 1013 ἑτέραν
1018 943 1303 1013 πλάνησιν.
1347 960 1364 993 ι
1432 941 1642 995 Οὐκοῦν
1698 942 1732 1011 ἢ

1838 951 2002 991 sauro
2032 938 2211 992 cordis
2244 940 2326 992 sui
2367 939 2571 1007 profert
2606 942 2779 1007 mala;
2813 960 2832 993 ι
2866 951 2922 996 ut
2958 945 3239 1001 verissime
3290 946 3406 1001 Sal-

141 1036 482 1085 ποιείτωσαν
515 1034 576 1084 τὸ
614 1034 832 1103 δένδρον
866 1032 1052 1095 καλὸν,
1088 1030 1297 1083 καὶτὸν
1327 1031 1537 1102 καρπὸν
1568 1029 1732 1085 αὑτοῦ

1837 1033 1993 1077 valor
2033 1036 2216 1081 noster
2246 1028 2441 1083 dicit“.
2484 1047 2503 1079 ‹
2532 1030 2854 1085 Obscuravit
2884 1035 3025 1086 enim
3066 1034 3205 1089 Deus
3249 1038 3406 1107 hujus

141 1125 322 1186 καλὸν,
349 1126 383 1193 ἦ
418 1125 756 1177 ποιείτωσαν
778 1123 840 1175 τὸ
868 1124 1089 1194 δένδρον
1121 1122 1351 1193 σαπρὸν,
1374 1122 1580 1175 καὶτὸν
1600 1139 1732 1191 καρ-

1838 1115 2020 1169 saeculi
2087 1127 2295 1173 mentes
2349 1119 2646 1174 inﬁdelium
2708 1122 3124 1190 hrereticorum,
3183 1137 3241 1180 ut
3303 1142 3405 1182 non

138 1217 233 1267 τεόν
277 1216 453 1267 αὑτοῦ
506 1216 737 1284 σαπρόν.
777 1233 794 1264 ι
840 1215 901 1266 Ὀ
936 1214 1034 1283 μὲν
1059 1212 1165 1282 γὰρ
1200 1213 1403 1281 ἀγαθὸς
1449 1212 1729 1283 ἄνθρωπος

1837 1205 2040 1275 fulgeat
2100 1208 2425 1266 illuminatio
2483 1211 2759 1283 Evangelii
2816 1215 3001 1283 gloria:
3056 1215 3344 1273 Christi’:
3382 1238 3400 1270 ι

138 1310 197 1358 ἐκ
244 1307 343 1359 τοῦ
398 1306 617 1374 ἀγαθοῦ
653 1304 936 1376 θησαυροῦ
981 1304 1082 1372 τῆς
1130 1304 1363 1373 καρδίας
1405 1303 1570 1357 αὐτοῦ
1599 1321 1729 1374 προ-

1836 1295 2131 1365 multisque
2157 1300 2329 1354 modis
2358 1301 2407 1354 in
2440 1315 2681 1357 errorem
2719 1304 2937 1359 abducti
2970 1316 3116 1361 sunt.
3151 1305 3403 1363 Nonnulli

138 1400 290 1467 φέρει
325 1400 395 1450 τὰ
423 1398 614 1464 ἀγαθά
635 1411 648 1424 ·
677 1398 706 1447 ό
733 1396 790 1448 δὲ
824 1395 1061 1465 πονηρὸς
1096 1395 1381 1462 ἄνθρωπος
1412 1396 1476 1449 ὲκ
1512 1394 1607 1448 τοῦ
1637 1412 1729 1448 πο-

1835 1387 1979 1439 enim
2015 1387 2251 1442 Verbum
2295 1405 2359 1443 ex
2408 1392 2519 1447 Deo
2549 1392 2709 1447 Patre
2734 1398 2983 1466 genitum
3015 1398 3270 1455 Genitore
3302 1404 3402 1455 mi-

136 1488 299 1557 νηροῦ
339 1486 631 1557 θησαυροῦ
661 1485 1023 1555 τῆςνκαρδίας
1048 1484 1212 1537 αὑτοῦ
1246 1485 1511 1557 προφέρει
1541 1485 1611 1538 τά
1633 1503 1727 1539 πο-

1838 1491 2021 1531 norem
2055 1492 2174 1533 esse
2210 1479 2416 1543 dicunt,
2451 1482 2660 1546 miseri,
2693 1494 2747 1539 et
2784 1497 3094 1542 cxtraneam
3124 1490 3402 1545 servilem-

134 1581 301 1647 νηρά,
344 1598 363 1627 ι
404 1578 555 1630 κατὰ
600 1594 662 1644 γε
711 1577 809 1645 τὴν
851 1575 1057 1644 ἀψευδῆ
1091 1574 1185 1629 τοῦ
1231 1578 1484 1647 Σωτῆρος
1523 1576 1725 1645 φωνήν·

1835 1583 1941 1636 que
1970 1584 2280 1624 mensuram
2323 1572 2396 1625 illi
2444 1572 2682 1629 tribuere
2717 1591 2821 1630 non
2865 1578 3111 1633 horrent.
3144 1581 3246 1634 Alii
3277 1595 3404 1635 vero

138 1688 154 1716 ι
186 1668 477 1719 Ἑσκότισε
518 1666 753 1737 μὲνγὰρ
801 1668 829 1719 ὁ
876 1665 1007 1727 Θεὸς
1056 1666 1151 1717 τοῦ
1201 1665 1397 1726 αἰῶνος
1428 1665 1617 1717 τούτου
1664 1665 1729 1717 τὰ

1837 1660 2060 1726 impium
2093 1674 2145 1716 et
2174 1662 2504 1718 elfrenatum
2535 1679 2597 1719 os
2628 1678 2899 1721 exacuunt
2934 1670 3191 1725 adversus
3228 1672 3402 1740 Spiri-

131 1759 385 1828 τςήματα
421 1757 539 1810 τῶν
572 1757 825 1810 ἀπίστων
860 1754 1174 1826 αἱρετικῶν,
1200 1757 1281 1816 είς
1305 1753 1362 1806 τὸ
1392 1754 1466 1824 μὴ
1494 1755 1722 1821 αὐγάσαι

1839 1760 1946 1803 tum
1985 1760 2254 1817 sanctum,
2289 1764 2346 1805 ut
2369 1753 2488 1820 jure
2522 1756 2896 1824 propheticum
2931 1758 3058 1812 illud
3095 1760 3145 1828 in
3173 1775 3265 1815 eos
3297 1763 3402 1817 dici

131 1854 217 1902 τόν
259 1848 559 1919 φωτισμὸν
605 1848 698 1900 τοῦ
738 1846 1076 1913 Εὐαγγελίου
1111 1845 1210 1912 τῆς
1247 1843 1407 1911 δόξης
1453 1840 1547 1894 τοῦ
1595 1842 1722 1911 Χρι-

1837 1841 2051 1906 possit:
2090 1859 2107 1888 ‹
2140 1840 2248 1893 Vos
2296 1851 2476 1895 autem
2529 1842 2791 1909 accedite,
2825 1845 2918 1896 lilii
2970 1845 3174 1912 iniqui,
3217 1861 3402 1903 semen

132 1941 256 1994 στοῦ
277 1959 290 1973 ·
321 1961 341 1991 ι
386 1941 779 2008 πεπλάνηνται
807 1938 863 1989 δὲ
883 1936 1260 2004 πολυτρόπως.
1288 1934 1353 1985 Oi
1384 1932 1483 2013 μὲν
1512 1934 1619 2002 γὰρ
1639 1933 1723 1984 τὸν

1833 1928 2203 1981 adulterorum
2235 1940 2285 1981 et
2321 1930 2624 1985 meretricis
2654 1948 2666 1995 ;
2695 1932 2745 1984 in
2785 1947 2943 1999 quem
2967 1936 3218 1989 Oblectati
3250 1940 3402 2005 estis,

132 2035 193 2083 ἐκ
219 2030 362 2083 Θεοῦ
394 2030 620 2099 [ἰατρὸς
647 2028 821 2095 φύντα
849 2025 1042 2091 Λόγον,
1060 2026 1115 2076 ὲν
1150 2024 1326 2094 μείοσι
1350 2023 1442 2075 τοῦ
1475 2040 1723 2094 γεγεννη-

1833 2024 1888 2067 et
1916 2016 1966 2067 in
1998 2030 2155 2084 quem
2181 2018 2473 2084 aperuistis
2504 2034 2565 2071 os
2602 2030 2859 2085 vestrum,
2891 2034 2945 2076 et
2976 2024 3025 2076 in
3060 2041 3217 2091 quem
3256 2028 3403 2082 laxa-

130 2124 281 2183 κότος
317 2116 471 2172 εἶναί
510 2120 570 2171 τε
602 2134 767 2187 φασιν
806 2118 856 2169 οἱ
884 2117 1128 2179 δείλαιοι,
1177 2115 1271 2168 κοιλ¹
1302 2114 1361 2166 τὸ
1403 2114 1637 2182 ἐκφυλόν
1668 2132 1721 2167 τε

1831 2106 1931 2159 stis
1976 2105 2211 2177 linguam
2251 2111 2525 2163 vestram?
2555 2108 2746 2164 Nonne
2776 2127 2868 2165 vos
2910 2116 3040 2169 estis
3095 2116 3185 2171 lilii
3222 2121 3402 2186 perdi-

129 2211 220 2262 καὶ
245 2209 633 2279 δουλοπρεπὲς
658 2207 809 2278 αὐτῷ
844 2206 1249 2277 προσνέμοντες
1284 2205 1504 2276 μέτρον,
1537 2207 1596 2258 οὐ
1629 2223 1720 2257 κα-

1836 2199 2016 2262 tionis,
2063 2216 2245 2254 semen
2279 2202 2518 2270 iniquum
2540 2203 2626 2257 ‘°?
2670 2204 2774 2259 Sed
2809 2204 2880 2258 illi
2908 2208 3124 2274 quidem
3158 2210 3400 2265 ambula~

128 2300 573 2369 ταπεφρίκασιν.
610 2300 675 2352 Oi
707 2298 765 2351 δὲ
796 2297 873 2368 τῷ
925 2297 1065 2365 ἁγίῳ
1096 2294 1374 2365 Πνεύματι
1412 2296 1475 2348 τὸ
1516 2296 1719 2349 ἀνόσιόν

1831 2289 1967 2345 bunt
2002 2292 2052 2345 in
2084 2292 2287 2346 lumine
2315 2307 2433 2357 suo,
2466 2302 2516 2347 et
2547 2293 2792 2350 flammas
2828 2297 3102 2354 invenient
3132 2315 3267 2367 quas
3300 2303 3399 2370 ipsi

128 2406 181 2439 τε
212 2389 311 2441 καὶ
337 2389 591 2457 ἀκρατὲς
623 2387 983 2456 ὲπιθήγοντες
1008 2386 1200 2456 στόμα,
1220 2386 1445 2449 δικαίως
1472 2385 1719 2439 ἀκούουσι

1833 2385 2198 2437 accenderunt
2225 2384 2287 2439 ¹¹.
2321 2404 2340 2435 ι
2382 2385 2546 2440 Nobis
2586 2395 2787 2453 autem,
2820 2390 3019 2458 quibus
3061 2402 3263 2446 rectum
3295 2394 3402 2449 iter

126 2479 216 2531 τοῦ
256 2479 565 2547 ιιτροερήτοιὶ
613 2476 903 2545 λέγοντος·
950 2496 967 2527 ι
1006 2476 1197 2545 ’Υμεῖς
1238 2476 1295 2528 δὲ
1344 2476 1717 2545 προσαγάγετε

1830 2482 1914 2525 est
1936 2486 2101 2535 curae,
2136 2474 2390 2528 convenit
2419 2475 2695 2544 sapienter
2719 2486 2773 2531 et
2799 2488 3054 2533 accurate
3077 2483 3143 2534 de
3174 2483 3400 2551 singulis

122 2563 245 2631 ὦδε,
277 2569 393 2620 υἱοὶ
416 2566 642 2635 ἄνομοι,
666 2566 891 2637 σπέρμα
922 2565 1130 2635 μοιχῶν
1155 2566 1248 2618 καὶ⁵
1276 2565 1482 2635 πόρνης
1505 2582 1517 2595 ·
1544 2567 1602 2618 ὲν
1622 2567 1705 2620 τίν

1834 2560 2033 2614 divinis
2062 2561 2403 2630 dogmatibus
2437 2562 2604 2633 loqui,
2639 2581 2938 2636 cavereque
2988 2584 3051 2623 ne
3086 2569 3299 2625 illorum
3346 2572 3398 2625 in

124 2659 566 2729 ἐνετρυφήσατε,
602 2659 699 2708 καὶ
720 2657 815 2709 ἐπὶ
843 2656 949 2709 τίνι
971 2655 1220 2726 ὴνοίξατε
1247 2656 1308 2709 τὸ
1338 2656 1514 2725 στόμα
1537 2656 1715 2726 ὑμῶν,

1831 2651 2096 2721 loquendo
2125 2655 2446 2710 temeritatis
2490 2657 2693 2713 crimen
2731 2660 3092 2729 incurramus,
3129 2679 3198 2718 ne
3229 2665 3401 2719 olfeu-

121 2750 214 2805 καὶ
232 2751 329 2805 ἐπὶ
354 2750 468 2804 τίνι
505 2746 812 2819 ὲχαλάσλτε
831 2747 930 2821 τὴν
955 2746 1207 2817 γλῶσσαν
1228 2746 1413 2818 ὑμῶν;
1437 2747 1549 2817 Οὐχ
1571 2746 1600 2799 ὑ
1610 2749 1712 2817 psit

1824 2742 2018 2805 dentes
2054 2752 2109 2797 et
2147 2755 2433 2813 peccantes
2482 2746 2536 2799 in
2579 2747 2798 2814 fratres,
2837 2758 2893 2803 et
2923 2754 3289 2819 pcrcutientes
3322 2755 3399 2807 in-

126 2846 243 2896 ὲστε
276 2845 460 2896 τέκνα
500 2842 801 2905 ἀπωλείας,
838 2840 1061 2911 σπέρμα
1095 2841 1327 2912 ἄνομονς
1365 2840 1502 2893 Ἀλλ’
1531 2841 1717 2893 ἐκεῖνοι

1832 2832 2040 2888 ﬁrmam
2084 2838 2319 2903 ipsorum
2361 2840 2772 2904 conscientiam,
2810 2842 2861 2895 in
2890 2841 3165 2898 Christum
3208 2860 3399 2915 pecce—

122 2938 224 3005 μὲν
248 2935 631 3005 πορεύσονται
666 2933 745 3003 τῷ
775 2932 988 2986 ἑαυτῶν
1015 2933 1178 3002 φωτὶ,
1213 2933 1310 2986 καὶ
1348 2933 1552 3000 φλόγας
1580 2935 1713 3004 εὑρίι

1832 2938 1949 2978 mus
1975 2923 2039 2978 “.
2078 2924 2225 2979 lllico
2251 2927 2393 2981 enim
2420 2928 2703 2984 audiemus
2734 2946 2854 2985 eum
2891 2932 3155 2987 dicentem
3179 2952 3191 2988 :
3214 2955 3231 2987 ι
3257 2936 3399 3002 Quo—

126 3044 350 3079 σκουσιν
528 3022 872 3096 εὑρήσουσι],
894 3022 960 3087 ἃς
983 3024 1287 3089 ἐξέκαυσαν
1317 3025 1489 3077 αὐτοί.
1514 3044 1531 3074 i
1552 3025 1717 3095 Ἠμᾶς

1832 3015 1978 3071 niam
2022 3018 2066 3071 si
2113 3017 2365 3073 inimicus
2418 3035 2572 3075 meus
2607 3020 2975 3079 maledixisset
3032 3026 3185 3090 mihi,
3238 3030 3400 3083 susti-

119 3119 174 3169 δὲ
234 3116 584 3181 ἀκόλουθον,
637 3110 720 3177 οἷς
758 3113 1051 3185 ὀρθότητος
1096 3114 1288 3184 μένει,
1330 3116 1491 3182 σοφόν
1535 3132 1592 3167 τε
1636 3118 1710 3169 κα⁴

1832 3109 2069 3163 nuissem
2102 3110 2326 3179 utique;
2370 3121 2423 3167 et
2455 3113 2501 3167 si
2548 3114 2592 3167 is
2624 3115 2715 3182 qui
2764 3117 2952 3169 oderat
2983 3133 3086 3182 me,
3120 3135 3280 3188 super
3314 3137 3400 3178 me

625 3164 847 3277 έκάστίρ
894 3164 1003 3261 τῶν
1030 3164 1193 3260 θείων
1232 3164 1518 3276 δογμάτων
1553 3210 1709 3261 ποιεῖ-

2201 3164 2214 3179 ,
2269 3164 2325 3178 κ,
2380 3164 2393 3167 ι
2456 3164 2501 3167 --
2548 3164 2587 3167 η
2632 3164 2715 3182 τί-
2770 3164 2951 3169 ---η-
2983 3164 3086 3182 --.η
3120 3164 3270 3188 -..νυ
3315 3164 3394 3178 ...ν

1830 3213 2023 3267 magna
2075 3200 2288 3255 locutus
2338 3202 2553 3267 fuisset,
2599 3203 3001 3260 abscondissem
3051 3224 3138 3261 me
3170 3211 3394 3265 forsitan

124 3299 245 3350 σθαι
301 3298 513 3364 λόγον·
567 3299 664 3349 καὶ
710 3298 813 3364 τῆς
862 3298 1087 3348 ἐκείνων
1134 3298 1536 3367 ἀθυροστομίας
1586 3315 1715 3370 παρ·

1828 3289 1896 3342 ab
1930 3304 1994 3344 eo
2029 3307 2045 3344 :
2080 3301 2133 3345 tu
2159 3305 2310 3357 vero,
2344 3293 2507 3347 homo
2537 3295 2827 3361 unanimis,
2850 3297 2951 3351 dux
2983 3313 3132 3352 meus
3159 3309 3212 3353 et
3235 3310 3396 3354 notus

121 3387 403 3441 αιτείσθαι
456 3386 528 3440 τὰ
562 3386 920 3455 ἐγκλήματα·
954 3387 1042 3439 ἴνα
1086 3387 1161 3457 μή
1209 3403 1262 3439 τι
1298 3388 1600 3451 πταίοντες,
1632 3392 1712 3443 καῖ

1828 3393 1999 3444 meus,
2038 3382 2129 3447 qui
2169 3383 2330 3437 simul
2374 3400 2584 3439 mecum
2616 3387 2799 3441 dulces
2831 3389 3081 3455 capiebas
3124 3391 3294 3456 cibos,
3347 3394 3396 3445 in

123 3478 553 3549 ἁμαρτάνοντες
586 3477 668 3538 εἰς
689 3475 825 3537 ,τοὺς
851 3475 1136 3544 ἀδελφοὺς,
1177 3476 1503 3546 πλήποντές
1531 3495 1588 3530 τε
1628 3480 1714 3537 αὑι

1828 3468 1988 3521 domo
2017 3470 2110 3523 Dei
2134 3472 2527 3529 ambulavimus
2550 3490 2670 3529 cum
2698 3492 2962 3532 consensu
2994 3479 3057 3535 ".
3100 3500 3117 3531 ι
3154 3479 3258 3535 Sed
3286 3484 3398 3536 haec

124 3572 227 3622 τῶν
253 3572 362 3638 τὴν
406 3566 723 3635 συνείδησιν
767 3565 1122 3631 ἀσθενοῦσαν,
1158 3567 1237 3627 είς
1276 3568 1514 3636 Χριστὸν
1544 3569 1715 3637 ἀμαρ-

1827 3558 1881 3613 in
1924 3561 2100 3630 capita
2134 3562 2474 3618 inimicorum
2520 3575 2751 3631 vertant,
2782 3568 2871 3637 qui
2900 3568 3097 3624 bellum
3138 3574 3398 3627 adversus

123 3664 406 3732 τάνωμεν.
447 3639 847 3727 ’Ᾱκουσώμεθα
880 3656 992 3727 fta.
1018 3656 1384 3727 ἀκουσόμεθα]
1406 3658 1515 3727 γὰρ
1545 3657 1714 3727 λέγον·

1828 3650 2127 3707 Salvatoris
2160 3654 2325 3708 nostri
2359 3653 2585 3722 gloriam
2618 3668 2991 3724 susceperunt,
3036 3667 3090 3713 et
3123 3661 3396 3728 conjectas

121 3771 207 3815 τος
239 3751 415 3815 εὐθύς
437 3769 451 3781 ·
492 3768 511 3801 ι
541 3750 667 3801 Ὅτι
698 3751 746 3801 εί
769 3752 797 3802 ό
823 3749 1015 3819 ἐχθρὸς
1041 3748 1283 3802 ὠνείδισέ
1317 3766 1404 3818 με,
1442 3750 1712 3821 ὑπήνεγκα

1829 3740 1879 3793 in
1927 3756 2048 3795 eum
2110 3742 2472 3811 blasphemias
2530 3758 2628 3811 pro
2690 3746 2900 3803 deliciis
2959 3750 3180 3805 habent.
3230 3750 3392 3807 Nobis

123 3846 184 3897 ἄν
207 3862 219 3872 ·
256 3844 361 3897 καὶ
400 3842 454 3893 εί
487 3843 518 3892 ό
552 3838 728 3908 μισῶν
756 3856 824 3908 με
864 3840 953 3892 ἐπ’
984 3837 1083 3907 ἐμὲ
1114 3839 1714 3910 ὲμεγαλορῤημόνησεν,

1825 3841 2029 3897 autem,
2064 3833 2274 3895 utdixi.
2318 3847 2737 3891 consentaneum
2768 3848 2851 3893 est
2895 3854 2959 3893 ac
3004 3845 3394 3908 necessarium,

124 3934 372 4004 ἐιρὺεην
421 3934 493 3987 ἂν
553 3934 651 3987 ἀπ’
681 3930 868 3985 αὐτοῦ.
902 3931 974 3983 Σὺ
1025 3930 1114 3993 δὲ,
1171 3929 1423 4000 ἄνθρωπε
1482 3931 1715 4000 ίσόιῖμυχε1

1828 3924 1916 3991 qui
1948 3938 2012 3978 ea
2048 3938 2237 3992 sapere
2266 3927 2543 3982 studemus
2571 3943 2691 3998 qum
2721 3929 2798 3983 illi
2840 3931 3074 3997 placent,
3108 3934 3394 4000 providere

122 4026 353 4095 ἡγεμὼν
384 4043 519 4095 μου,
556 4024 651 4077 καὶ
676 4022 886 4093 γνωστέ
916 4036 1049 4092 μουο
1076 4020 1138 4084 ὃς
1168 4022 1260 4075 ἐπὶ
1306 4023 1367 4073 τὸ
1398 4022 1530 4075 αὐτὸ
1566 4021 1713 4090 ὲγλύ-

1827 4028 1894 4067 ne
1934 4029 2113 4069 sermo
2169 4027 2352 4071 noster
2402 4033 2430 4069 a
2466 4019 2694 4072 veritate
2744 4019 2815 4073 sit
2861 4031 3117 4085 remotus,
3149 4036 3241 4076 aut
3288 4024 3392 4078 alio

125 4120 297 4179 κανάς
346 4135 445 4187 μοι
484 4115 789 4185 ἐδέσματα·
826 4117 884 4166 ὲν
921 4113 1000 4182 τῷ
1031 4115 1164 4183 οἴκῳ
1195 4112 1289 4165 τοῦ
1321 4113 1454 4165 Θεοῦ
1492 4113 1716 4183 ἐπορεύ-

1827 4103 2079 4171 quopiam
2116 4106 2319 4166 tendat,
2360 4121 2423 4161 ac
2455 4115 2665 4175 spectet
2696 4107 2764 4163 ad
2810 4110 3027 4163 inanem
3072 4113 3391 4185 vanitatem,

126 4210 298 4279 θημεν
351 4210 415 4261 ὲν
464 4206 717 4275 ὁμονοία.
752 4223 769 4255 ι
804 4204 947 4257 Ἀλλ’
978 4204 1045 4257 τοι
1079 4205 1179 4274 μὲν
1212 4203 1287 4265 ὡς
1327 4202 1540 4273 ἐχθρῶν
1566 4206 1717 4257 ταυτὶ

1829 4196 1896 4260 is,
1951 4195 2190 4264 inquam,
2246 4198 2337 4264 qui
2388 4198 2453 4251 ad
2504 4198 2745 4253 subditos
2796 4200 3047 4265 habetur,
3105 4205 3199 4257 sed
3248 4208 3390 4274 quod

125 4299 396 4367 κεφαλὰς,
440 4296 493 4349 οἳ
522 4294 624 4364 τῆς
651 4292 745 4347 τοῦ
778 4292 1036 4361 Σωτῆρος
1066 4289 1225 4362 ἡμῶν
1255 4288 1715 4358 καταστρατεύον·

1826 4294 1976 4339 recte
2023 4285 2261 4353 prolatus
2318 4288 2409 4350 sit,
2443 4288 2613 4356 ipsius
2645 4289 2889 4345 veritatis
2940 4290 3197 4362 sulIragio
3240 4312 3389 4353 com-

124 4409 207 4443 ται
230 4391 426 4458 δόξης,
459 4388 560 4440 καὶ
588 4386 803 4455 τρυφὴν
832 4383 1094 4453 ἡγοῦνται
1123 4383 1221 4444 τὰς
1258 4383 1337 4444 εἰς
1375 4382 1536 4435 αὑτὸν
1559 4380 1715 4449 βλασ-

1829 4375 2133 4430 meudetur.
2188 4373 2311 4429 Haec
2366 4383 2545 4429 autem
2595 4391 2660 4431 eo
2710 4380 2855 4443 dico,
2906 4383 3033 4449 quia
3080 4383 3133 4436 in
3195 4385 3389 4441 librum

125 4500 192 4550 φη
202 4484 354 4549 μίας·
375 4482 409 4549 ἡ
418 4480 534 4548 μᾶς
551 4476 632 4538 δὲ,
653 4475 728 4538 ὡς
745 4475 903 4545 ἔφην,
925 4471 1211 4526 ἀκόλουθόν
1228 4488 1286 4522 τε
1311 4471 1404 4523 καὶ
1424 4472 1716 4537 ἀναγκαῖον

1826 4468 2111 4535 quemdam
2163 4483 2190 4519 a
2233 4468 2467 4535 quodam
2515 4470 2871 4537 compositum
2936 4473 3121 4540 incidi,
3180 4476 3230 4529 in
3286 4491 3393 4545 quo

124 4577 242 4636 τοὺς
265 4574 335 4624 τὰ
360 4570 520 4639 αὐτῷ
538 4566 803 4621 δοκοῦντα
831 4566 1047 4635 φρονεῖν
1072 4562 1494 4626 σπουδάζοντας,
1529 4562 1602 4630 μὴ
1624 4562 1715 4630 τῆς

1828 4556 1976 4610 multi
2042 4566 2195 4610 erant
2254 4558 2496 4627 congesti
2554 4573 2831 4615 sermones
2882 4577 2978 4630 per
3028 4566 3292 4621 elementa
3337 4578 3392 4625 et

128 4665 388 4733 ἀληθείας
410 4658 912 4729 ὲκκεκομισμένον,
932 4656 1097 4725 ἤγουν
1114 4653 1346 4724 ἐτέρωσέ
1375 4669 1464 4705 ποι
1488 4652 1719 4721 διᾴττον-

1823 4650 1969 4701 velut
2012 4650 2198 4702 ordine
2255 4651 2520 4719 dispositi,
2575 4651 2829 4720 nullaque
2884 4657 3020 4707 ratio
3078 4658 3124 4710 ei
3182 4659 3388 4727 deerat,

126 4775 206 4820 τα,
234 4758 333 4809 καὶ
368 4751 673 4807 νενευκότα
692 4750 827 4818 πρὸς
860 4746 919 4798 τὸ
941 4743 1307 4813 ὲξίτηλον,τὸν
1332 4744 1465 4813 πρός
1489 4759 1551 4809 γε
1582 4744 1717 4812 φημῖ

1823 4742 2109 4813 quominus
2143 4743 2361 4795 retineri
2400 4752 2600 4810 posset.
2628 4741 2683 4815 ἀ.
2718 4744 2795 4796 Ac
2824 4743 2868 4797 si
2898 4760 2925 4797 a
2956 4747 3224 4815 scriptore
3248 4750 3392 4817 ejus-

125 4851 239 4913 τοὺς
258 4848 371 4901 ὑπὸ
397 4846 585 4915 χεῖρα,
605 4841 699 4894 καὶ
714 4842 835 4900 ταῖς
858 4839 937 4899 εἰς
961 4836 1228 4906 ὀρθότητα
1250 4835 1324 4904 ψή
1336 4851 1455 4901 φοις
1477 4833 1535 4897 ἐξ
1554 4834 1716 4904 αὐτῆς

1823 4832 1967 4885 modi
2001 4832 2201 4901 aliquid
2235 4832 2437 4886 dictum
2473 4844 2636 4897 esset,
2670 4835 2810 4902 quod
2843 4836 3099 4892 oblivioni
3134 4840 3386 4896 traditum

124 4944 213 5007 τῆς
247 4936 529 5010 ἀληθείας
582 4928 1038 4998 στεφανούμενον.
1067 4926 1175 4978 Καὶ
1211 4924 1384 4977 ταῦτά
1414 4940 1576 4993 φημι,
1617 4924 1715 4975 τινὶ

1829 4931 2195 4986 evanesceret,
2236 4924 2421 4977 forsan
2470 4926 2655 4993 utique
2702 4929 3013 4983 statuissem
3061 4939 3116 4984 et
3146 4932 3278 4985 mihi
3320 4934 3395 4987 εἰς

126 5034 221 5083 τῶν
259 5030 498 5100 βιὸλίων
532 5020 848 5094 περιτυχὼν
898 5018 1003 5070 ὑπό
1037 5034 1129 5069 του
1175 5016 1593 5085 συντεθειμένῳ,
1625 5016 1717 5067 καὶ

1827 5011 2040 5067 lendum
2076 5028 2217 5077 esse,
2264 5024 2318 5067 et
2361 5015 2570 5067 (ueteris
2608 5016 2997 5073 consulendum
3042 5030 3099 5073 ut
3138 5021 3277 5075 idem
3316 5022 3392 5077 fa-

127 5124 323 5194 πςὶλην
364 5121 471 5191 μὲν
512 5118 693 5186 ἔχοντι
728 5112 838 5165 τῶν
868 5108 1094 5179 ὁμιλιῶν
1136 5108 1235 5177 τὴν
1266 5107 1532 5176 ἄθροισιν,
1574 5124 1714 5161 στοι-

1823 5113 2043 5166 cerent,
2105 5119 2171 5157 ne
2224 5103 2403 5159 multis
2461 5105 2579 5159 aliis
2626 5108 2963 5175 posterisque
3018 5112 3214 5164 nostris
3268 5124 3393 5167 nota

128 5214 275 5281 μηδὲν
304 5212 386 5271 δὲ,
431 5208 535 5260 καὶ
575 5206 651 5266 ὡς
704 5203 762 5252 ὲν
795 5198 949 5261 τάξει
980 5197 1266 5266 κειμένων,
1298 5196 1628 5265 ὴμοιρηκόσι
1660 5196 1715 5249 δὲ

1825 5206 2004 5249 essent
2040 5205 2146 5248 tam
2174 5196 2403 5250 absurde
2442 5206 2659 5265 tamque
2690 5198 3063 5264 imprudenter
3094 5202 3260 5255 dicta.
3287 5204 3391 5258 Sed

273 5301 477 5355 οὺδένα
510 5295 714 5365 τρόπον
744 5291 838 5343 τοῦ
869 5287 1194 5356 κατέχεσθαι
1228 5287 1354 5339 δεῖν.
1395 5288 1501 5337 Καὶ
1533 5288 1578 5338 εί
1619 5287 1719 5353 μὲν

1824 5288 1950 5354 quia
1989 5286 2438 5355 blasphemiarum
2472 5290 2624 5341 turba
2656 5289 2707 5341 in
2738 5302 2802 5342 eo
2831 5289 2966 5344 libro
3005 5304 3257 5359 congeSta
3288 5304 3392 5359 est,

132 5393 334 5461 εἴρηταί
380 5409 436 5442 τι
471 5387 631 5457 παρὰ
660 5382 756 5437 τοῦ
794 5380 1260 5448 συγγεγραφότος,
1291 5379 1318 5429 ὃ
1348 5380 1466 5439 ταῖς
1506 5379 1584 5438 εἰς
1624 5378 1718 5446 λή-

1824 5389 1878 5432 et
1917 5378 2137 5429 multum
2182 5378 2440 5431 adversus
2478 5378 2727 5445 dogmata
2762 5380 3006 5433 veritatis
3038 5381 3390 5434 declamatum

132 5452 611 5552 θῆίάποδημίαις
646 5472 981 5548 ,ἡνρανίξετον
1018 5469 1117 5522 κᾶν
1161 5470 1344 5540 ᾠήθην
1390 5468 1518 5531 δεῖν»
1564 5468 1720 5538 σιγὴν

1827 5476 1880 5520 et
1933 5466 2324 5532 oblateratum,
2370 5469 2641 5535 quomodo
2696 5483 2801 5521 non
2864 5472 3233 5524 necessarium
3296 5472 3395 5526 fuit

197 5689 214 5718 '
242 5688 509 5741 lsa.xxx,
549 5678 638 5731 10.
723 5676 742 5706 ⁷
773 5672 965 5728 Matth.
995 5686 1091 5737 xu,
1114 5672 1204 5727 55.
1280 5677 1301 5707 ⁸
1331 5672 1459 5728 ibid.
1494 5672 1581 5724 55.
1664 5673 1683 5703 ⁹
1712 5669 1754 5726 ll

1797 5669 1909 5725 Cor.
1945 5685 2018 5737 IV,
2050 5671 2103 5725 4.
2184 5672 2224 5702 ¹⁰
2258 5671 2361 5726 lsa.
2392 5687 2522 5737 LVII,
2556 5672 2606 5725 4.
2690 5672 2728 5700 “
2760 5668 2861 5725 Isa.
2896 5685 2945 5735 L,
2979 5671 3061 5727 ll.
3141 5669 3227 5728 "1
3258 5670 3388 5731 Cor.

134 5774 236 5825 vni,
277 5755 365 5811 12.
451 5751 496 5781 ”
526 5748 674 5803 Psal.
705 5760 814 5811 Liv,
853 5742 1043 5801 15-15.
