4028 6436
625 361 693 416 15
1659 354 1716 409 S.
1764 351 2040 411 CVRILLI
2079 346 2550 406 ALEXANDRINI
2589 344 2912 402 ARCIHEP.
3825 348 3891 402 16

623 472 1005 544 propemodum
1034 477 1094 525 ut
1125 468 1556 540 accingeremur,
1603 474 1656 521 et
1699 481 1798 536 pro
1831 466 2008 522 salute
2036 464 2198 520 lecto-

2312 478 2371 515 τε
2396 461 2544 531 ἔχειν
2562 459 2746 523 αὐτὸς,
2764 459 2856 512 καὶ
2879 459 3087 527 ἑτέροις
3118 458 3517 529 συμϐουλεῦσαι
3541 461 3702 514 τοῦτο
3727 461 3889 532 δρᾷν·

623 581 740 620 rum
772 573 1126 630 certaremus,
1160 579 1226 619 ne
1256 564 1423 618 ullum
1452 577 1520 617 ex
1565 575 1628 617 ea
1666 575 1724 617 re
1756 562 2015 616 damnum
2043 568 2199 628 pate-

620 663 829 720 rentur,
865 668 930 709 ac
975 656 1247 710 discerent
1281 653 1459 723 potius
1497 652 1766 721 iacturam
1815 665 1882 706 ex
1914 663 2200 720 perperam

622 745 780 800 dictis
811 747 1217 814 provenientem
1251 754 1478 800 strenue
1521 744 1823 814 repellere?
1851 741 1984 798 Nam
2014 744 2204 798 beatus

619 835 860 890 Joannes
917 835 1063 890 illius
1124 836 1346 890 tonitrui
1403 851 1433 889 a
1483 837 1769 892 Salvatore
1804 839 2046 892 omnium
2107 850 2204 890 no-

620 937 792 982 stram
829 927 1049 983 Christo
1098 937 1179 982 est
1211 927 1514 997 appellatus
1537 929 1604 993 “,
1648 942 1711 982 ac
1745 933 1961 994 merito,
2011 937 2068 981 ut
2110 924 2202 995 qui

622 1033 876 1090 magnum
922 1019 1174 1089 quiddam
1221 1025 1275 1072 et
1329 1019 1602 1073 insolitum
1650 1017 1866 1084 eﬂ'atus,
1917 1033 2205 1091 propemo-

619 1111 748 1165 dum
800 1108 986 1164 orbem
1038 1108 1221 1164 sonitu
1270 1109 1637 1174 concusserit,
1689 1118 1743 1164 et
1785 1119 1959 1165 terras
1999 1110 2201 1163 tonitru

619 1199 898 1254 terruerit.
923 1196 974 1252 Is
998 1200 1142 1252 enim
1173 1197 1298 1251 illud
1329 1196 1634 1252 venerabile
1659 1197 1815 1267 plane
1843 1211 2204 1266 magnumque

620 1289 1010 1343 incarnationis
1039 1287 1312 1356 Unigeniti
1355 1291 1670 1357 mysterium
1701 1290 1902 1358 Optime
1929 1288 2201 1344 declarat;

617 1376 748 1431 dicit
775 1378 918 1431 enim
953 1393 966 1430 :
1002 1394 1020 1428 ι
1053 1375 1111 1430 ~ln
1139 1377 1408 1446 principio
1431 1387 1553 1432 erat
1582 1376 1844 1443 Verbum,
1875 1387 1928 1433 et
1959 1375 2200 1432 Verbum

615 1478 736 1524 erat
765 1469 906 1538 apud
939 1469 1133 1535 Deum,
1173 1477 1227 1524 et
1260 1470 1400 1525 Deus
1434 1480 1553 1525 erat
1581 1470 1816 1526 Verbum
1847 1486 1862 1525 :
1893 1471 2073 1526 omnia
2107 1485 2203 1540 per

615 1560 790 1629 ipsum
820 1559 958 1614 iacta
991 1569 1138 1624 sunt,
1172 1569 1225 1615 et
1262 1559 1379 1615 sine
1412 1559 1530 1630 ipso
1563 1559 1769 1617 factum
1803 1571 1888 1617 est
1917 1562 2050 1615 nihil
2077 1563 2143 1615 ".
2175 1579 2194 1614 ι

615 1650 718 1707 Ubi
746 1667 876 1707 vero
910 1662 1166 1708 accurate
1201 1660 1254 1708 et
1299 1653 1539 1723 expolita
1583 1655 1840 1725 mysteria
1870 1655 2114 1719 tradidit,
2147 1666 2203 1711 et

2309 552 2385 615 ὡς
2438 552 2505 603 ἂν
2549 549 2626 620 μὴ
2665 548 2878 610 πολλοῖς
2926 547 3157 617 ἑτέροις,
3187 550 3282 602 καὶ
3328 552 3441 611 τοῖς
3481 549 3596 618 μεθ’
3625 550 3771 617 ἡμᾶς
3806 550 3894 610 εῐη

2309 640 2588 712 γνώριμα,
2622 639 2694 691 τά
2741 636 2916 700 οὕτως
2966 639 3233 702 ἐκτόπως,
3280 639 3378 692 καὶ
3423 639 3709 708 ἀτημελῶς
3743 641 3896 710 είρη·

2312 732 2471 801 μένα.
2509 729 2728 800 Ἐπειδὴ
2753 729 2810 781 δὲ
2841 729 3165 798 δυσφημιῶν
3196 730 3352 800 ὄχλος
3383 728 3782 801 ἐνσεσὼρευται
3815 730 3898 800 τῷ

2311 821 2520 891 βιϐλίῳ,
2571 823 2666 874 καὶ
2701 821 2867 890 πολλή
2911 837 3000 884 τις
3034 822 3256 889 γέγονεν
3285 824 3318 892 ὴ
3367 824 3741 893 κατάρῤησις,
3783 819 3899 874 τῶν

2305 913 2408 984 τῆς
2451 913 2710 982 ἀληθείας
2765 912 3186 968 καθυλακτοῦσα
3241 916 3571 986 δογμάτων,
3617 915 3734 978 πῶς
3791 915 3898 966 ούκ

2307 1006 2606 1071 ἀναγκαῖον
2636 1004 2783 1073 ἡμᾶς
2835 1005 3120 1074 μονονουχὶ
3149 1007 3244 1058 καὶ
3277 1006 3774 1065 ἀνταποδύσασθαι,
3799 1009 3901 1059 καὶ

2307 1094 2684 1164 ύπεραθλῆσαι
2711 1095 2818 1148 τῶν
2845 1096 3269 1166 ἐντευξομένων,
3295 1097 3372 1161 ὡς
3398 1097 3464 1151 ἂν
3493 1099 3565 1169 μή
3591 1115 3643 1151 τι
3671 1096 3901 1151 πάθοιεν

2307 1187 2560 1239 ἐντεῦθεν
2583 1188 2643 1239 τὸ
2671 1187 2891 1256 βλάϐος,
2927 1190 3120 1243 εἰδεῖεν
3164 1189 3221 1244 δὲ
3257 1190 3454 1259 μᾶλλον
3487 1189 3900 1260 ἀποκρούεσθαι

2307 1277 2593 1344 γεννικῶς,
2628 1278 2727 1346 τὴν
2755 1278 2862 1330 ἀπό
2891 1295 2954 1345 γε
2987 1278 3092 1332 τῶν
3119 1279 3220 1331 οὐκ
3247 1278 3423 1350 ὀρθῶν
3449 1279 3756 1349 εἰρημένων
3794 1278 3900 1347 ζη-

2311 1369 2471 1439 μίαν;
2505 1369 2564 1421 Ὀ
2587 1369 2686 1440 μὲν
2714 1371 2822 1439 γὰρ
2853 1368 3141 1433 Θεσπέσιος
3164 1372 3418 1442 Ἰωάννης
3442 1372 3554 1434 υίὸς
3573 1373 3898 1441 ὠνόμασται

2310 1463 2542 1534 βροντῆς
2571 1465 2724 1535 παρὰ
2764 1465 2860 1517 τοῦ
2904 1465 3128 1518 πάντων
3155 1468 3188 1538 ἠ
3199 1467 3316 1536 μῶν
3345 1467 3599 1537 Σωτῆρος
3630 1467 3899 1537 Χριστοῦ.

2306 1558 2402 1610 καὶ
2428 1557 2572 1627 μάλα
2609 1558 2852 1620 εἰκότως,
2875 1558 2964 1611 διά
2984 1575 3044 1612 τε
3069 1558 3131 1612 τὸ
3155 1559 3440 1629 μονονουχὶ
3468 1560 3900 1629 κατακτυπῆσαι

2304 1651 2405 1718 τῆς
2438 1649 2531 1701 ὑπ’
2569 1650 2830 1720 οὐρανὸν,
2883 1651 2975 1705 καὶ
3027 1651 3474 1723 καταϐροντῆσαι
3519 1653 3620 1722 τῆς
3653 1649 3776 1721 γῆς,
3819 1653 3902 1714 ὡς

615 1743 963 1813 Unigenitum
1015 1753 1070 1798 et
1117 1744 1283 1799 Deum
1333 1761 1473 1812 esse,
1537 1757 1592 1801 et
1623 1761 1690 1802 ex
1742 1748 1854 1802 Deo
1903 1747 2197 1801 secundum

2309 1739 2451 1806 μέγα
2492 1757 2546 1791 τι.
2595 1741 2691 1792 καὶ
2722 1741 2956 1806 ἐξαίσιον
3027 1743 3286 1813 εἰρηκὼς.
3339 1745 3632 1815 Διατρανοῖ
3673 1746 3784 1815 γὰρ
3833 1739 3899 1796 εὖ

619 1844 870 1894 naturam
927 1835 1278 1890 ineﬂ'abiliter
1337 1843 1525 1888 natum
1567 1834 1966 1903 pronuntiavit,
2016 1847 2196 1886 rerum

2307 1804 2456 1897 μάλα
2488 1827 2586 1898 τῆς
2627 1804 3100 1900 ὲνανθρωπήσεως
3124 1804 3218 1887 τοῦ
3242 1804 3584 1903 Μονογενοῦς
3609 1836 3668 1888 τὸ
3686 1804 3904 1889 ’σεπτὸν

617 1926 860 1982 omnium
905 1935 1208 1980 creatorem
1235 1933 1399 1992 atque
1425 1923 1710 1992 factorem,
1737 1931 1849 1978 tum
1874 1923 2128 1993 denique,
2146 1932 2198 1977 et

2303 1917 2540 1989 ἀληθῶς,
2578 1920 2672 1971 καὶ
2710 1921 2853 1989 μέγα
2901 1923 3236 1993 μυστήριον·
3277 1923 3381 1993 ἔφη
3420 1925 3520 1993 μὲν
3559 1925 3701 1996 γάρ’
3743 1944 3762 1976 ι
3804 1927 3902 1978 Ἐν

612 2016 833 2087 quidem
871 2015 922 2069 in
973 2025 1238 2082 tempore,
1289 2015 1750 2085 sapientissimam
1787 2013 1934 2068 illam
1979 2023 2198 2083 propter

2302 2009 2444 2080 ἀρχῇ
2470 2004 2539 2079 ἦν
2563 2011 2592 2063 ό
2622 2011 2816 2079 Λόγος,
2856 2012 2953 2065 καὶ
2980 2014 3012 2066 ό
3033 2016 3206 2079 Λόγος
3232 2010 3302 2086 ἦν
3329 2016 3465 2086 πρὸς
3491 2017 3583 2069 τὸν
3614 2015 3766 2081 Θεὸν,
3801 2017 3902 2070 καὶ

614 2123 714 2164 nos
752 2122 815 2163 ac
855 2122 952 2178 pro
992 2109 1151 2162 nobis
1197 2116 1404 2176 gestam
1439 2105 1899 2176 dispensationem
1938 2120 2198 2161 enarrare

2300 2099 2433 2166 Θεὸς
2463 2099 2532 2172 ἦν
2555 2103 2583 2154 ὁ
2603 2104 2778 2172 Λόγος
2798 2121 2813 2135 °
2846 2104 3028 2158 πάντα
3057 2106 3124 2160 δι’
3145 2108 3311 2160 αὑτοῦ
3340 2110 3577 2176 ἐγένετο,
3601 2112 3693 2163 καὶ
3719 2109 3901 2180 χωρίς

616 2199 852 2264 orditur,
889 2208 944 2254 et
991 2198 1110 2253 ait:
1149 2216 1167 2250 ι
1205 2197 1272 2253 Ει
1304 2196 1544 2254 Verbum
1590 2211 1723 2253 caro
1749 2196 1950 2252 factum
1991 2206 2097 2260 est,
2143 2205 2198 2250 et

2301 2192 2469 2246 αὑτοῦ
2503 2193 2722 2261 ἐγένετο
2749 2195 2870 2248 οὐδὲ
2905 2197 2983 2248 ἐν.
3011 2217 3029 2248 ι
3061 2198 3282 2270 Ἐπειδὴ
3317 2199 3374 2251 δὲ
3410 2201 3641 2271 ἀκριϐῆ,
3682 2203 3778 2254 καὶ
3803 2218 3900 2252 τε-

617 2292 881 2346 babilavit
910 2291 962 2345 in
995 2291 1150 2346 nobis
1177 2301 1260 2345 :et
1282 2291 1514 2346 vidimus
1539 2289 1767 2360 gloriam
1798 2289 1938 2358 ejus,
1968 2287 2193 2360 gloriam

2300 2285 2668 2356 τορνευμένην
2707 2287 3006 2370 ἐποιήσατο
3035 2289 3134 2359 τὴν
3177 2292 3588 2360 μυσταγωγίαν,
3620 2291 3711 2344 καὶ
3758 2289 3900 2343 Θεὸν

614 2382 768 2450 quasi
800 2381 1074 2451 Unigeniti
1124 2397 1151 2434 a
1190 2381 1374 2448 Patre,
1404 2382 1620 2450 plenum
1659 2383 1850 2452 gratia:
1895 2391 1950 2436 et
1997 2383 2199 2436 verita-

615 2471 684 2526 tis
707 2471 772 2525 η.
806 2489 824 2523 ι
872 2474 950 2528 Ac
1001 2469 1239 2527 Verbum
1295 2486 1512 2526 carnem
1553 2472 1711 2538 dixit,
1757 2482 1816 2527 ut
1860 2487 2002 2527 verte
2055 2472 2200 2528 illius

616 2563 857 2630 unionis,
888 2579 1008 2632 quae
1035 2565 1291 2619 nimirum
1325 2562 1623 2618 secundum
1657 2563 1974 2632 bypostasin
2014 2564 2196 2618 consi-

614 2654 859 2717 deraiur,
898 2658 1004 2709 vim
1057 2657 1403 2711 declararet:
1439 2658 1491 2710 in
1537 2671 1603 2710 eo
1647 2666 1826 2709 autem
1869 2656 2012 2725 quod
2047 2655 2194 2709 illum

614 2745 672 2800 in
705 2746 862 2800 nobis
902 2745 1179 2800 habitasse
1217 2748 1370 2810 dicit,
1411 2762 1518 2800 non
1551 2745 1682 2799 sinit
1712 2745 2036 2817 intelligere,
2064 2744 2200 2801 Ver-

615 2836 744 2890 bum
792 2834 921 2888 illud
967 2835 1263 2889 secundum
1316 2845 1565 2890 naturam
1613 2849 1680 2888 ex
1712 2834 1820 2890 Deo
1863 2837 2091 2899 editum,
2144 2837 2197 2890 in

617 2935 890 2982 terrenam
940 2941 1162 2982 carnem
1207 2927 1375 2982 fuisse
1413 2939 1702 2984 mutatum.
1743 2929 1992 2984 Putasset
2024 2930 2195 2995 enim,

613 3028 674 3073 ut
718 3020 934 3089 opinor,
985 3020 1256 3090 quiSpiam
1306 3021 1397 3090 qui
1442 3036 1548 3076 non
1606 3021 1896 3076 admodum
1949 3021 2193 3087 calleret,

615 3110 870 3178 quidnam
904 3111 975 3164 sit
1022 3111 1114 3166 illa
1156 3113 1334 3166 divina
1370 3121 1424 3168 et
1452 3113 1592 3167 ultra
1637 3128 1748 3168 rem
1787 3127 2002 3168 omnem
2045 3128 2196 3169 crea-
2221 3141 2266 3200 α

615 3211 726 3258 tam
756 3203 857 3256 sita
887 3212 1101 3268 natura,
1136 3220 1254 3258 eam
1286 3205 1517 3262 fortasse
1544 3206 1858 3261 mutationis
1889 3208 2052 3260 etiam
2073 3220 2196 3262 esse

612 3307 905 3362 capacem,
958 3295 1411 3365 propriorumque
1467 3297 1737 3350 bonorum
1789 3311 1909 3366 quae
1952 3297 2054 3351 sibi
2102 3311 2198 3364 per

612 3384 905 3438 essentiam
940 3394 1066 3439 sunt
1115 3385 1298 3451 insita,
1345 3387 1725 3456 negligentem,
1765 3385 1818 3438 in
1853 3385 2001 3440 aliud
2033 3386 2195 3454 quid-

612 3474 755 3544 piam
792 3476 1065 3529 diversum
1097 3477 1164 3530 ab
1201 3491 1266 3529 eo
1303 3477 1445 3544 quod
1489 3484 1573 3532 est
1602 3475 2002 3546 quodammodo
2037 3476 2198 3545 dege-

613 3578 842 3629 nerare;
890 3574 944 3618 et
993 3565 1406 3619 alterationibus
1443 3580 1508 3619 ac
1549 3565 1941 3620 mutationibus
1980 3579 2048 3619 ex
2092 3566 2196 3618 im-

611 3654 830 3724 proviso
847 3656 1115 3710 subditam
1138 3655 1202 3709 ad
1221 3667 1596 3711 creaturarum
1615 3671 1898 3712 mensuras
1929 3655 2118 3727 redigi.
2139 3655 2194 3711 ld

612 3759 743 3802 vero
775 3745 928 3801 nefas
967 3761 1089 3802 esse
1137 3761 1362 3815 prorsus
1409 3747 1539 3814 (fixa
1572 3761 1806 3817 namque
1851 3754 1935 3802 est
1964 3746 2058 3802 Dei
2099 3763 2197 3802 na-

610 3845 758 3899 tura,
786 3843 841 3889 et
873 3836 927 3888 in
957 3837 1157 3905 quibus
1184 3848 1286 3899 est,
1321 3846 1606 3903 permanet
1641 3837 2004 3907 inconcussa)
2037 3847 2198 3891 testa-

611 3937 698 3981 tus
730 3936 815 3980 est
856 3940 980 3980 cum
1032 3927 1170 3980 dixit
1204 3945 1217 3980 :
1250 3925 1577 3981 «Habitavit
1612 3928 1664 3984 in
1700 3929 1893 3995 nobis;
1928 3947 1946 3980 ι
1977 3927 2028 3996 5
2065 3928 2195 3983 Ver-

607 4015 738 4072 bum
772 4016 1029 4072 nimirum
1066 4020 1230 4073 etiam
1262 4033 1394 4073 caro
1423 4019 1646 4074 factum.
1677 4019 1885 4087 Quibus
1924 4021 1978 4075 in
2014 4020 2194 4077 verbis

609 4118 665 4162 et
698 4107 1122 4178 dispensationis
1157 4111 1480 4180 sapientiam
1508 4112 1806 4183 prudenter
1843 4116 2114 4185 exposuit,
2141 4126 2195 4172 et

607 4199 1026 4269 vigilantissime
1056 4201 1220 4270 cavit,
1251 4218 1323 4258 ne
1360 4207 1482 4274 quis
1527 4206 1702 4275 ipsius
1727 4205 1892 4265 Verbi
1943 4221 2193 4267 naturam

609 4289 995 4357 calumnietur,
1027 4302 1285 4363 tanquam
1315 4312 1379 4351 ex
1421 4300 1724 4354 mutatione
1761 4310 1815 4356 et
1839 4303 2194 4359 conversione

610 4393 740 4436 caro
775 4383 844 4434 sit
875 4377 1100 4436 factum.
1145 4383 1458 4440 Asserimus
1493 4386 1656 4455 igitur
1696 4389 1860 4443 etiam
1895 4391 2019 4462 ipsi,
2051 4392 2194 4448 viro-

2299 2375 2638 2447 ὑπάρχοντα,
2667 2377 2764 2430 καὶ
2796 2377 2863 2431 ἐκ
2894 2377 3031 2432 Θεοῦ
3061 2381 3204 2434 κατὰ
3240 2385 3404 2450 φύσιν
3433 2385 3761 2454 ἀπορῤήτως
3793 2401 3898 2450 γε·

2298 2469 2631 2539 γεννημένον
2647 2468 2893 2538 ἀπέφηνε
2907 2469 3000 2524 τὸν
3030 2472 3331 2543 Μονογενῆ,
3361 2474 3608 2544 κτίστην,
3624 2474 3718 2526 καὶ
3737 2490 3900 2542 ποιη-

2292 2559 2398 2627 τὴν
2427 2558 2535 2612 τῶν
2556 2559 2716 2624 ὅλων,
2741 2559 2864 2613 τότε
2891 2560 2976 2631 δὴ,
3007 2562 3126 2615 τότε
3149 2565 3244 2617 καὶ
3270 2563 3391 2617 λίαν
3417 2565 3509 2617 ἐπὶ
3541 2562 3755 2636 καιροῦ,
3790 2565 3898 2633 τῆς

2303 2650 2584 2720 πανσόφου
2614 2651 2801 2705 λοιπὸν
2829 2653 2896 2705 δι’
2923 2655 3069 2725 ἡμᾶς
3087 2672 3146 2707 τε
3173 2655 3268 2710 καὶ
3290 2656 3429 2728 ὑπὲρ
3447 2656 3606 2729 ὴμῶν
3634 2674 3896 2728 πεπραγ-

2304 2740 2474 2812 μένης
2507 2743 2820 2814 οἰκονομίας
2857 2745 3231 2818 ἄρχεταιοκαί
3271 2763 3423 2816 φησιο
3459 2766 3482 2798 1
3506 2744 3616 2801 Kal.
3651 2750 3679 2801 ό
3716 2749 3899 2816 Λόγος

2301 2828 2438 2900 σὰρξ
2465 2831 2701 2898 ἐγένετο,
2723 2834 2816 2886 καὶ
2839 2836 3150 2906 ἐσκήνωσεν
3170 2838 3228 2889 ἐν
3252 2838 3401 2906 ἡμῖν·
3425 2837 3520 2889 καὶ
3541 2837 3899 2908 ἐθεασάμεθα

2297 2919 2397 2990 τὴν
2423 2919 2582 2986 δόξαν
2609 2922 2797 2990 αὑτοῦ,
2825 2924 2982 2991 δόξαν
3008 2925 3083 2989 ὡς
3105 2925 3446 2995 Μονογενοῦς
3475 2931 3628 2998 παρὰ
3651 2930 3894 3000 Πατρός,

2297 3011 2516 3083 πλήρης
2552 3015 2772 3084 χάριτος
2804 3017 2900 3069 καὶ
2933 3017 3212 3087 ἀληθείας.
3241 3037 3258 3069 ι
3284 3019 3471 3090 Σάρκα
3503 3021 3602 3091 μὲν
3645 3022 3752 3093 γὰρ
3783 3023 3896 3093 ἔφη

2298 3102 2391 3156 τδν
2431 3104 2625 3171 Λόγον,
2651 3107 2752 3175 τῆς
2788 3107 3025 3178 ἀληθοῦς
3076 3109 3346 3175 ἐνώσεως,
3383 3112 3545 3182 δῆλον
3577 3113 3632 3166 δὲ
3667 3115 3748 3166 ὃτι
3790 3113 3900 3184 τῆς

2299 3191 2421 3245 καθ’
2457 3193 2756 3248 ὑπόστασιν
2787 3198 3108 3267 νοουμένης,
3141 3201 3460 3268 ἐμφανίζων
3488 3203 3587 3271 τὴν
3613 3203 3848 3273 δύναμιν
3877 3220 3895 3235 ο

2297 3281 2384 3334 διὰ
2412 3283 2467 3334 δὲ
2507 3283 2602 3335 τοῦ
2636 3285 2730 3336 καὶ
2774 3286 2832 3337 ἐν
2863 3288 3002 3355 ἡμῖν
3035 3287 3199 3340 αὑτὸν
3247 3289 3527 3359 σκηνῶσαι
3558 3290 3757 3358 λέγειν,
3788 3294 3902 3346 οὐκ

2299 3371 2484 3441 ἐφίησι
2510 3377 2649 3426 νοεῖν
2676 3374 2756 3438 ε⁴ίς
2781 3376 3077 3446 σόιρκατὴν
3108 3380 3218 3432 ἀπὸ
3244 3383 3351 3450 γῆς
3378 3380 3469 3433 τὸν
3497 3382 3561 3433 ἐκ
3579 3381 3715 3434 Θεοῦ
3745 3386 3899 3437 κατά

2299 3463 2463 3530 φύσιν
2497 3467 2887 3537 μεταχωρῆσαι
2917 3469 3111 3537 Λόγον.
3147 3469 3316 3540 ’ῼήθη
3355 3471 3454 3542 μὲν
3485 3473 3571 3535 ἂν,
3603 3469 3776 3542 οἶμαι,
3804 3475 3901 3540 τὶς

2298 3554 2406 3608 τῶν
2435 3557 2495 3607 οὑ
2548 3557 2668 3610 λίαν
2695 3559 3086 3626 ἡκριόωκότων
3115 3561 3144 3611 ὃ
3177 3563 3230 3613 τί
3267 3564 3398 3614 ποτέ
3426 3565 3575 3616 ἐστιν
3615 3567 3646 3633 ἡ
3679 3565 3798 3617 θεία
3831 3584 3898 3620 τε

2299 3648 2392 3699 καὶ
2416 3648 2677 3717 γεννητοῦ
2716 3650 2916 3712 παντὸς
2949 3651 3209 3704 ἐπέκεινα
3247 3653 3432 3722 φύσις,
3470 3657 3609 3726 τάχα
3647 3674 3747 3710 που
3798 3661 3903 3711 καί.

2297 3739 2508 3807 τροπῆς
2555 3735 2692 3790 εἶναι
2726 3739 2983 3814 δεκτικὴν
3034 3743 3228 3815 αὐτὴν,
3276 3748 3371 3798 καὶ
3419 3749 3899 3821 καταρᾳθυμῆσαι

2303 3832 2404 3902 μὲν
2440 3831 2700 3887 δύνασθαι
2743 3833 2856 3886 τῶν
2891 3835 3059 3899 ίδίων,
3098 3839 3191 3890 καὶ
3238 3839 3514 3903 οὑσιωδῶς
3552 3844 3687 3914 αὐτῇ
3720 3861 3903 3914 προσ-

2296 3922 2622 3992 πεφυκότων
2648 3923 2894 3991 ἀγαθῶν,
2928 3928 3236 3996 μεταφῦναι
3264 3929 3317 3982 δὲ
3355 3929 3545 4002 ῶσπερ
3581 3935 3661 3996 είς
3703 3935 3903 4004 ἔτερόν

2296 4033 2370 4080 τι,
2391 4016 2522 4086 παρ’
2545 4016 2681 4087 ὅπερ
2698 4017 2837 4084 ἐστὶ,
2854 4018 2947 4070 καὶ
2972 4022 3085 4082 τοῖς
3114 4021 3212 4095 τῆς
3235 4022 3468 4085 κτίσεως
3495 4025 3902 4092 ἐγκαθικέσθαι

2300 4107 2544 4179 μέτροις,
2568 4108 2910 4175 ἀλλοιώσεσι,
2937 4111 3033 4164 καὶ
3057 4113 3389 4182 μεταὸολαῖς
3423 4114 3700 4185 ἀδοκήτως
3721 4117 3897 4170 ὑπεθ-

2298 4201 2637 4271 ηνεγμένην.
2681 4201 2826 4255 Ἀλλ’
2850 4203 2932 4254 ὅτι
2956 4203 3016 4255 τὸ
3040 4203 3232 4273 χρῆμά
3265 4205 3410 4256 ἐστιν
3438 4207 3720 4275 ἀμήχανον
3749 4224 3902 4260 παν-

2294 4293 2497 4358 τελῶς,
2531 4295 2845 4365 ἐρηρεισται
2876 4295 2986 4366 γάρ
3019 4298 3052 4366 ὴ
3081 4295 3176 4349 τοῦ
3211 4295 3347 4349 Θεοῦ
3374 4299 3556 4366 φύσις,
3590 4301 3684 4352 καὶ
3715 4301 3903 4370 ἀκρα-

2296 4387 2484 4440 δαντον
2515 4388 2626 4456 ἔχει
2659 4388 2758 4459 τὴν
2781 4389 2868 4458 ἐφ’
2893 4385 2974 4453 οἷς
3006 4389 3121 4441 ἐστι
3142 4389 3422 4460 διαμονὴν,
3457 4391 3899 4463 μεμαρτύρηκεν

610 4485 729 4524 rum
766 4471 1030 4526 divinitus
1065 4473 1402 4542 loquentium
1433 4476 1744 4548 indagando
1789 4495 2033 4551 scopum,
2077 4493 2134 4539 et
2161 4499 2190 4537 a

2300 4477 2469 4530 εἰπὼν
2483 4477 2597 4540 τὸ,‹
2621 4479 2963 4551 Ἑσκήνωσεν
2991 4482 3049 4532 ἐν
3076 4482 3228 4550 ἡμῖν’
3254 4482 3461 4535 »καίτοι
3481 4482 3619 4552 σὰρξ
3648 4484 3899 4552 γεγονὼς

608 4562 735 4618 ﬂdel
766 4565 949 4633 regula
977 4565 1123 4620 nulla
1147 4583 1214 4621 ex
1245 4577 1398 4638 parte
1449 4572 1774 4640 recedendo,
1805 4572 1954 4627 illum
1985 4589 2048 4628 ex
2083 4574 2192 4632 Deo

607 4657 906 4710 secundum
954 4667 1226 4726 naturam,
1279 4659 1430 4716 illum
1491 4659 1864 4732 Unigenitum,
1905 4667 2053 4721 illum
2101 4671 2195 4740 qui

605 4754 692 4799 est
733 4747 788 4799 in
823 4747 946 4801 sinu
973 4748 1151 4813 Patris
1177 4750 1240 4816 ",
1287 4764 1384 4821 per
1422 4769 1584 4824 quem
1615 4758 1800 4811 omnia
1872 4770 1930 4813 et
1988 4761 2042 4815 in
2087 4779 2196 4832 quo

607 4839 788 4890 omnia
821 4837 886 4904 ⁸⁸,
923 4842 1174 4908 quamvis
1226 4853 1354 4898 ante
1392 4844 1573 4898 omnia
1609 4847 1805 4901 saecula
1849 4859 1904 4902 et
1947 4859 2193 4921 tempora

604 4927 880 4996 pr0priam
905 4929 1131 4984 haberet
1151 4933 1550 4999 exsistentiam,
1577 4943 1634 4988 et
1655 4949 1870 5004 semper
1894 4939 2191 4998 simulcum

605 5017 861 5073 Genitore
892 5021 1236 5090 subsisteret,
1271 5024 1325 5077 in
1351 5024 1614 5080 extremis
1637 5026 1817 5081 saeculi
1858 5031 2192 5098 temporibus

603 5113 674 5166 ad
709 5113 1077 5167 voluntariam
1108 5115 1534 5171 exinanitionem
1581 5118 1950 5184 descendisse,
1987 5133 2041 5175 et
2081 5121 2192 5177 for-

607 5219 747 5257 mam
784 5205 924 5257 servi
977 5206 1372 5273 suscepisse”,
1416 5206 1520 5260 hoc
1554 5217 1660 5274 est,
1702 5222 1890 5265 nostra
1933 5214 2186 5280 subiisse,

603 5307 656 5348 et
690 5296 962 5352 hominem
1011 5297 1410 5366 dispensatorie
1450 5299 1652 5355 [aetum
1703 5317 1823 5358 esse
1851 5345 1866 5370 ,
1920 5307 2190 5361 assimila-

2300 4571 2328 4623 ὁ
2356 4569 2556 4639 Λόγος⁹
2598 4572 2695 4624 καὶ
2724 4571 2786 4624 τὸ
2827 4572 2928 4641 τῆς
2955 4573 3271 4642 οἰκονομίας
3303 4573 3467 4642 σοφὸν
3499 4575 3764 4644 ἐντέχνως
3795 4575 3897 4643 ἐξ-

2298 4663 2600 4734 ηγούμενος
2623 4679 2638 4694 ·
2669 4665 2765 4716 καὶ
2803 4665 2862 4716 τό
2891 4681 2953 4732 γε
2986 4663 3060 4734 μὴ
3089 4665 3199 4717 δεῖν
3239 4664 3336 4735 τὴν
3387 4664 3482 4717 τοῦ
3511 4665 3687 4733 Λόγου
3723 4665 3899 4734 φύσιν

2301 4756 2759 4826 συκοφαντεῖσθαι
2789 4757 2924 4824 πρός
2969 4773 3135 4822 τινος,
3184 4756 3260 4817 ὼς
3292 4757 3472 4826 σάρκα
3509 4758 3898 4830 γεγενημένην

2298 4851 2356 4917 ἐξ
2379 4848 2739 4911 ἀλλοιώσεως,
2767 4850 2861 4901 καὶ
2886 4849 3250 4921 παρατροπῆς
3282 4846 3340 4902 εὖ
3370 4851 3514 4920 μάλα
3542 4851 3894 4922 τετηρηκώς.

2295 4941 2476 5010 Φαμὲν
2511 4934 2603 4993 οὖν
2652 4939 2759 5010 ἄρα
2788 4939 2883 4991 καὶ
2915 4941 3078 5012 ἡμεῖς
3106 4940 3284 5002 αὐτοὶ,
3316 4941 3408 4992 τὸν
3452 4942 3562 4993 τῶν
3606 4941 3898 5013 θεηγόρων

2298 5032 2715 5103 ίχνηλατοῦντες
2769 5031 2993 5094 σκοπὸν,
3057 5032 3151 5085 καὶ
3189 5033 3281 5085 τὸν
3324 5033 3423 5101 τῆς
3467 5034 3707 5095 πίστεως
3758 5034 3898 5104 ὅρον

2293 5123 2414 5178 κατ’
2443 5123 2630 5175 οὐδένα
2682 5122 2883 5193 τρόπον
2932 5122 3300 5186 ἐκϐαίνοντες,
3335 5123 3428 5175 τὸν
3466 5127 3530 5175 ὲκ
3564 5123 3701 5175 Θεοῦ
3743 5129 3899 5180 κατὰ

2293 5216 2480 5285 φύσιν,
2520 5215 2611 5268 τὸν
2647 5216 2953 5283 Μονογενῆ,
2984 5216 3077 5268 τὸν
3117 5217 3174 5267 ἐν
3214 5216 3436 5277 κόλποις
3473 5215 3604 5268 ὄντα
3646 5214 3740 5267 τοῦ
3775 5217 3900 5269 Πα-

2289 5311 2440 5381 τρός,
2468 5311 2559 5362 τὸν
2600 5309 2665 5361 δι’
2713 5301 2774 5360 οὗ
2810 5309 3009 5372 πάντα,
3053 5307 3144 5359 καὶ
3183 5309 3238 5358 ὲν
3275 5301 3318 5374 ᾧ
3349 5307 3416 5360 τά
3459 5307 3660 5372 πάντα,
3705 5306 3896 5362 statim

605 5397 826 5455 tumque
863 5388 1121 5443 fratribus
1159 5405 1253 5458 per
1295 5392 1499 5456 omnia,
1550 5407 1615 5446 eo
1650 5395 1792 5462 quod
1841 5398 2187 5466 participavit

2300 5402 2390 5470 τὴν
2418 5401 2524 5470 πρὸ
2557 5399 2759 5462 παντὸς
2801 5399 3021 5460 αἰῶνος,
3069 5397 3161 5450 καὶ
3184 5399 3393 5469 χρόνων
3427 5396 3601 5466 ίδικὴν
3647 5396 3893 5466 ὓπαρξιν

602 5478 852 5535 similiter
884 5482 1030 5534 carni
1083 5490 1137 5536 et
1179 5485 1490 5551 sanguini"
1530 5495 1627 5539 :et
1673 5488 1748 5540 ita
1803 5489 2086 5543 nobiscum
2130 5502 2185 5546 et

2300 5493 2500 5563 ἔχοντα,
2525 5494 2618 5545 καὶ
2647 5493 2732 5545 ἀεὶ
2765 5489 3215 5561 συνυφεστηκότα
3247 5491 3325 5560 τῷ
3345 5489 3716 5559 γεγεννηκότι.
3749 5489 3894 5542 καθ’

675 5678 719 5708 ’⁸
753 5679 915 5731 Marc.
950 5695 1031 5740 ιιι,
1055 5679 1138 5730 i7.
1221 5682 1260 5712 ¹¹
1295 5679 1446 5734 Jean.
1477 5698 1516 5746 ι,
1551 5681 1657 5737 1-3.
1741 5686 1782 5717 ’⁸
1814 5685 1950 5743 Ibid.
1989 5689 2073 5742 l4.

2209 5692 2227 5721 "
2264 5689 2421 5746 Joan.
2456 5691 2495 5755 l,
2535 5691 2618 5746 l8.
2701 5692 2742 5722 ¹⁶
2777 5687 2930 5746 Joan.
2984 5705 3061 5754 xu,
3094 5691 3182 5745 '56.

603 5748 646 5780 “
679 5747 836 5803 llebt‘.
877 5766 936 5816 ιι,
977 5751 1164 5803 ιιριῑ.

3290 5693 3331 5725 ¹⁹
3367 5690 3600 5762 Philipp.
3634 5708 3670 5745 ιι
3694 5731 3708 5753 ,
3739 5693 3793 5758 6,
3824 5694 3884 5751 7.
