4028 6426
166 370 209 421 17

1204 372 1577 432 Αῡγειιευδ
1616 374 2018 431 NESTURIUM
2057 375 2183 433 LIB.
2226 376 2269 432 1.

166 476 330 529 ικὲσθαι
376 476 470 543 μὲν
499 476 580 538 είς
629 478 877 532 ἑκούσιον
932 481 1159 535 κένωσιν
1209 488 1267 538 ὲν
1308 490 1557 558 ἐσχάτοις
1597 490 1674 545 τοί

1797 498 1994 545 nostrai
2027 493 2254 550 similem
2288 494 2519 549 subiisse
2549 498 2973 566 generationem,
3012 508 3067 555 ct
3098 514 3208 558 sua
3240 518 3361 560 car-

161 566 310 628 αἰῶνος
331 568 553 634 καιροῖς.
580 570 672 619 καὶ
705 570 920 639 μορφὴν
942 572 1128 627 δούλου
1158 575 1372 644 λαϐεῖν,
1392 580 1688 646 τουτέστιν,

159 659 201 707 ἐν
225 658 319 717 τοῖς
352 654 467 706 καθ’
498 657 645 724 ἡμᾶς
678 658 955 724 γενέσθαι,
1010 663 1101 715 καὶ
1150 663 1440 735 ἄνθρωπον
1488 670 1691 723 οίκονο·

160 747 315 815 μικῶς,
346 747 676 817 ὁμοιωθῆναί
710 767 771 801 τε
798 754 913 814 τοῖς
941 752 1188 822 ἀδελφοῖς
1213 757 1355 810 κατὰ
1381 759 1580 826 πάντα,
1604 762 1690 816 διὰ

156 837 225 890 τοῦ
254 837 563 907 μεταλαχεῖν
606 840 809 909 ὁμοίως
861 842 1090 913 αἵματος
1128 846 1221 899 καὶ
1269 849 1503 917 σαρκός·
1548 851 1689 905 οὓτω

156 946 195 980 τε
220 928 362 998 μεθ’ή
372 929 506 998 μῶν,
531 932 624 983 καὶ
645 932 742 1001 τὴν
768 933 889 985 καθ’
909 936 1373 1008 ἡμᾶς’ὑπομεῖναι
1396 941 1654 1011 γέννησιν
1671 958 1684 972 ·

155 1020 223 1071 καὶ
250 1019 335 1087 τῆς
380 1019 514 1083 ιδίας
544 1023 747 1092 σαρκὸς
777 1025 879 1095 τὴν
926 1027 1005 1090 είς
1036 1028 1097 1080 τὸ
1142 1025 1289 1083 εἶναι·
1328 1031 1561 1101 πάροδον
1609 1033 1688 1095 εις

152 1111 306 1163 ἑαυτὸν
335 1112 641 1178 ἀναλασεῖν,
682 1116 778 1168 καὶ
813 1118 877 1169 οὐ
899 1117 1159 1189 δευτέρας
1186 1120 1361 1192 ἀρχῆς
1388 1125 1488 1193 τῆς
1518 1123 1599 1186 είς
1626 1125 1688 1177 τὸ

150 1195 255 1250 εἶναι
302 1200 617 1270 δεδεημένον
642 1220 656 1234 ·
698 1199 768 1275 ἦν
820 1207 930 1277 γὰρ
984 1209 1040 1261 ὲν
1073 1210 1365 1280 ἀρχῇ,λκα“ι
1393 1214 1524 1276 Θεὸς
1563 1209 1630 1285 ἦν
1658 1215 1687 1266 6

147 1290 307 1356 Λόγος·
352 1290 589 1344 ἀλλ”ῖνα
634 1294 698 1346 τὸ
742 1296 1085 1367 ἀνθρώπινον
1128 1301 1685 1374 ἀνακεφαλαιώσηται

146 1380 283 1443 γένος,
313 1382 530 1452 ἀπαρχὴ
581 1385 802 1439 πάντων
850 1388 1083 1461 δευτέρα
1126 1392 1265 1461 μετά
1313 1393 1413 1465 τὴν
1458 1395 1683 1467 πρώτην

144 1470 338 1539 ἐκείνην,
374 1474 693 1543 τικτόμενος
727 1477 872 1531 κατά
901 1480 1083 1550 σάρκα
1126 1485 1191 1536 ὲκ
1230 1484 1508 1551 γυναικὸς,
1543 1486 1687 1539 κατὰ

142 1560 215 1621 τὰς
232 1561 455 1628 Γῳφάς.
482 1562 644 1619 Οῦτω
666 1565 777 1637 γὰρ
797 1568 1110 1641 ἐπτώχευσε
1141 1574 1393 1640 πλούσιος
1419 1574 1515 1639 ὢν,
1536 1578 1683 1646 ἡμᾶς

141 1652 200 1706 εἰς
222 1651 298 1703 τὸν
338 1652 464 1707 [ὄιον
496 1656 851 1725 ἀνακομίζων
881 1661 1132 1729 πλοῦτον,
1162 1666 1258 1717 καὶ
1286 1665 1377 1719 διὰ
1405 1668 1505 1738 τῆς
1550 1668 1684 1720 ἑνω-

140 1739 289 1829 θείσης
314 1742 456 1812 αὐτῷ
488 1746 697 1816 σαρκὸς
744 1749 954 1816 πάντας
993 1753 1130 1822 ἔχων
1173 1758 1231 1808 ὲν
1280 1757 1478 1829 ἑαυτῷ.
1520 1758 1683 1813 Οὕτω

1796 581 1881 637 nis
1950 583 2162 637 initium
2219 594 2276 638 ut
2340 600 2400 639 ea
2462 601 2583 642 esse
2651 588 2950 658 inciperet,
3011 592 3063 645 in
3127 594 3363 663 seipsum

1794 674 2096 736 suscepisse
2138 693 2151 727 :
2196 691 2300 728 non
2353 677 2496 744 quod
2548 678 2723 733 altero
2770 680 2926 735 initio
2984 683 3249 753 indigeret
3306 694 3366 740 ut

1792 772 1975 817 esset:
2011 780 2134 818 nam
2183 767 2389 820 eratin
2438 769 2724 837 principio,
2777 780 2831 824 et
2889 773 3026 827 Deus
3074 785 3191 829 erat
3230 773 3363 828 Ver-

1792 853 1958 907 bum:
1992 854 2086 909 sed
2130 864 2187 908 ut
2235 855 2532 910 secundum
2578 872 2797 913 carnem
2844 876 2909 915 ex
2943 862 3169 917 muliere
3214 863 3363 931 geni-

1793 950 1914 1004 tus,
1960 943 2254 997 secundum
2302 944 2696 1013 Scripturas",
2756 960 2876 1017 post
2918 951 3063 1004 illam
3124 953 3359 1020 priorem

1791 1033 1959 1087 altera
2007 1036 2244 1088 omnium
2296 1037 2573 1092 hominum
2624 1040 2778 1107 origo
2817 1038 3013 1107 factus,
3061 1042 3358 1097 humanum

1790 1139 1961 1193 genus
2003 1126 2414 1194 recapitularet.
2465 1129 2556 1184 Sic
2606 1145 2797 1199 nempe
2832 1146 3052 1201 .panper
3092 1134 3192 1188 fuit
3237 1149 3359 1190 cum

1790 1213 1939 1268 dives
1986 1222 2150 1277 esset,
2202 1224 2260 1268 ut
2300 1231 2397 1271 nos
2428 1218 2493 1271 ad
2551 1233 2677 1273 suas
2727 1234 2856 1287 opes
2909 1231 3186 1275 revocaret
3206 1224 3273 1289 τ’,
3305 1230 3361 1278 et

1789 1320 1883 1373 per
1917 1307 2121 1359 unitam
2167 1307 2268 1361 sibi
2317 1323 2532 1363 carnem
2570 1325 2762 1365 omnes
2803 1311 2856 1365 in
2896 1313 3076 1381 seipso
3114 1315 3358 1369 contine-

1789 1403 1889 1449 ret.
1924 1395 2016 1450 Sic
2051 1411 2283 1465 namque
2323 1398 2483 1467 plane
2507 1401 2819 1470 consepulti/
2850 1418 2970 1456 cum
3007 1402 3229 1458 Christo
3260 1418 3359 1473 per

1787 1495 2032 1539 sanctum
2085 1488 2436 1553 baptismum,
2485 1499 2540 1543 et
2591 1493 3001 1547 conresuscitati
3055 1508 3262 1558 sumus,
3304 1504 3361 1550 et

1786 1569 2134 1625 consedimus
2181 1574 2234 1625 in
2273 1574 2607 1640 coelestibus,
2646 1586 2700 1629 ut
2747 1579 2969 1647 scrlpsit
3018 1582 3107 1635 ille
3158 1590 3362 1652 myste-

1788 1662 1990 1716 riorum
2045 1664 2423 1733 dispensator,
2478 1668 2565 1721 ille
2612 1683 2791 1737 praeco
2839 1682 2892 1725 et
2932 1672 3250 1740 Apostolus,
3304 1683 3362 1728 et

1788 1755 2220 1822 ovangelicarum
2254 1757 2432 1827 legum
2464 1763 2721 1816 sacerdos
2751 1765 3185 1832 sapientissimus
3215 1763 3357 1820 Peu-

139 1827 391 1922 γὰρ,οῦτω
435 1836 864 1907 συπεθάμμεθα
921 1818 1142 1914 μὲν-*τῷ
1190 1818 1543 1917 Χριστιῖίδιὰ
1582 1847 1674 1900 τοῦ

1785 1844 1868 1898 lus
1899 1818 1965 1897 ’ἦ
2029 1818 2346 1901 Necessaria
2398 1859 2483 1903 est
2536 1850 2702 1919 igitur
2770 1818 2834 1906 ad
2893 1855 3135 1922 mysterii
3193 1853 3354 1909 ﬁdem

136 1920 256 1985 ἁγίου
282 1919 679 1994 βαπτίσματος,
720 1932 1176 2001 συνεγηγέρμεθα
1199 1933 1276 1997 δὲ,
1296 1935 1391 1988 καὶ
1418 1935 1677 1989 συνεκαθ-

136 2008 291 2078 ίσαμεν
308 2014 361 2063 ὲν
397 2015 508 2074 τοῖς
535 2015 908 2085 ἐπουρανίοις.
926 2020 1172 2090 Γέγραφε
1194 2023 1303 2091 γὰρ
1332 2022 1506 2087 οὕτως
1524 2027 1552 2078 6
1568 2025 1687 2078 τῶν

132 2100 260 2153 αὐτοῦ
294 2104 611 2173 μυστηρίων
639 2108 867 2177 ταμίας,
900 2112 927 2162 6
960 2110 1155 2182 κήρυξ,
1185 2115 1282 2166 καὶ
1326 2114 1683 2179 ’Δπόστολοςν

131 2192 199 2241 καὶ
220 2193 316 2244 τῶν
352 2195 730 2262 εὐαγγελικῶν
759 2198 1149 2273 θεσπισμάτων
1185 2206 1486 2277 ίερουργὺς,
1518 2210 1545 2259 6
1589 2226 1677 2261 σο-

129 2282 333 2347 φώτατος
364 2285 601 2348 Παῦλος.
648 2289 972 2356 Ἀναγκαῖον
1000 2294 1308 2365 τοιγαροῦν,
1344 2299 1423 2360 εις
1454 2296 1555 2368 τὴν
1582 2297 1674 2351 τοῦ

130 2373 384 2440 μυστηρίου
412 2376 600 2427 πίστιν
636 2392 696 2427 τε
714 2378 851 2448 ὁμοῦ
884 2381 978 2432 καὶ
1013 2384 1331 2453 παράδειξιν
1360 2387 1583 2457 ἀκριϐῆ,
1614 2388 1675 2440 τὸ

126 2460 199 2527 τῆς
222 2461 441 2531 ἀληθοῦς
472 2465 726 2530 ἑνώσεως
771 2471 995 2540 χρῆμα,
1035 2476 1133 2544 τῆς
1180 2477 1303 2528 καθ’
1352 2478 1669 2545 ὑπόστασιν,

125 2548 252 2614 λέγω,
283 2552 363 2605 ἵνα
394 2556 489 2607 καὶ
520 2557 549 2609 6
584 2560 685 2628 τῆς
718 2560 863 2612 κατὰ
904 2563 1082 2632 σάρκα
1125 2567 1428 2635 γεννήσεως
1472 2569 1671 2636 τρόπος

125 2637 190 2728 τοῦ
214 2640 542 2709 Μονογενοῦς
566 2648 627 2699 τὺ
650 2649 1059 2722 ἀνεπίπληκτον
1089 2654 1206 2726 ἔχῃ,
1233 2658 1295 2709 οὐ
1331 2658 1468 2726 πρὸς
1500 2658 1673 2728 ῦπαρ·

124 2726 200 2789 ειν,
227 2731 294 2792 ὡς
319 2733 475 2801 ιφην,
523 2738 869 2809 κεκλημένου
905 2744 1192 2813 δευτέραν·
1232 2748 1395 2810 αὐτὸς
1418 2750 1527 2818 γάρ
1555 2726 1670 2802 ἐστι

122 2818 201 2871 τῶν
222 2821 420 2875 αίώνων
449 2826 480 2877 6
524 2830 793 2898 ποιητής·
840 2832 1033 2885 ἑαυτὸν
1075 2834 1131 2887 δὲ
1178 2837 1671 2906 μᾶλλονσκαθέντος

120 2909 434 2979 οἰκονομικῶς
461 2916 542 2977 είς
575 2915 982 2989 ἀνθρωπότητα
1010 2921 1077 2974 διε
1101 2925 1271 2993 ἡμᾶς,
1293 2927 1389 2979 καὶ
1422 2927 1549 2989 τοὺς
1572 2928 1671 2998 τῆς

121 2999 497 3070 ἀνθρωπότητος
525 3006 631 3057 οὐκ
663 3006 1034 3076 ἀτιμάσαντος
1065 3012 1282 3082 νόμους,
1325 3016 1579 3085 ἑλομένου
1614 3018 1681 3069 δὲ.

121 3092 283 3158 μᾶλλον
313 3095 452 3162 μετά
472 3096 581 3166 τῆς
614 3097 822 3168 σαρκὸς
854 3099 947 3152 καὶ
978 3102 1080 3173 τὴν
1109 3104 1210 3173 τῆς
1242 3108 1445 3176 σαρκὸς
1476 3109 1668 3178 γέννη-
1696 3152 1734 3207 C

122 3199 196 3245 σιν,
220 3186 283 3251 ὼς
307 3188 463 3253 ίδίαν,
483 3188 656 3259 ἔχειν.
677 3190 949 3262 Ταύτητοί
974 3210 1154 3264 φαμεν
1173 3197 1505 3267 γεγενῆσθαι
1527 3201 1670 3253 κατὰ
1696 3186 1736 3207 υ

122 3276 279 3343 σάρκα,
301 3280 390 3330 τὸν
427 3281 522 3331 ἀεὶ
567 3282 990 3351 συνυπάρχοντα
1023 3285 1100 3354 τῷ
1133 3287 1327 3359 Πατρί,
1360 3290 1669 3361 Κατέκρινε

120 3363 197 3433 γὰρ
216 3366 341 3418 οὕτω
366 3369 468 3437 τὴν
499 3370 784 3438 ἁμαρτίαν
809 3375 867 3424 ὲν
887 3376 955 3442 τῇ
982 3377 1168 3444 σαρκὶ,
1194 3379 1287 3428 καὶ
1315 3381 1669 3450 κατήργηκεν

118 3456 158 3505 ἐν
178 3459 292 3524 ἡμῖν
322 3459 412 3510 τοῦ
450 3460 690 3513 θανάτου
724 3461 786 3513 τὸ
817 3464 1039 3533 κράτος,
1082 3466 1202 3519 καθ’
1232 3470 1379 3536 ἡμᾶς
1408 3473 1665 3538 γεγονὼς,

119 3548 137 3595 ὁ
162 3548 220 3617 μὴ
244 3549 389 3612 εἰδὼς
418 3551 732 3621 ἁμαρτίαν,
756 3555 783 3605 ὁ
814 3555 873 3605 ἐν
897 3546 940 3620 ᾧ
972 3555 1174 3625 ζῶμεν,
1212 3559 1307 3610 καὶ
1350 3560 1683 3630 κινοῦμεθα,.

120 3639 183 3688 zz“:
206 3642 372 3710 ἐσμέν.
402 3642 554 3697 Ἀλλ’
579 3644 684 3695 οὐκ
713 3639 810 3697 οἷδ’
827 3645 975 3709 ὅπως
997 3647 1243 3701 ἀδικοῦσί
1266 3667 1408 3715 τινες
1433 3652 1540 3704 τῶν
1567 3653 1667 3722 τῆς

127 3727 409 3801 Ἐκκλησίας
438 3734 743 3804 δογμάτων
773 3735 833 3787 τὸ
874 3736 1168 3807 ἱερώτατον
1200 3740 1414 3807 κάλλος,
1449 3743 1544 3796 καὶ
1567 3743 1667 3812 τὴν

118 3822 239 3884 ἁγῖαν
289 3842 345 3877 τε
402 3827 500 3879 καὶ
560 3827 845 3893 πάναγνον
890 3828 1162 3899 ρυτιδοῦσι
1225 3832 1523 3901 Παρθένον,
1585 3837 1665 3899 είς

118 3912 279 3984 ἀκαλλῆ
308 3916 627 3987 σαθρότητα
653 3918 765 3970 τῶν
804 3919 952 3973 ἰδίων
973 3922 1112 3992 αὐτῇ
1135 3921 1247 3994 [Ζσ.
1272 3924 1466 3998 αὐτὴν]
1499 3944 1665 3981 κατα-

117 4007 383 4071 κομίζοντες
410 4010 665 4073 ἐννοιῶν,
693 4010 786 4061 καὶ
810 4010 982 4075 ξένων
1006 4015 1141 4081 ἡμῖν
1181 4015 1511 4085 εὑρημάτων
1544 4019 1665 4069 ἑπι-

116 4096 388 4161 τεεχῖζοντες
416 4100 604 4169 ὄχλον.
622 4101 933 4170 Γράφονται
961 4103 1058 4171 μὲν
1087 4105 1217 4173 γὰρ,
1238 4107 1313 4168 ὡς
1340 4106 1499 4175 νόθην
1522 4109 1662 4169 τινὰ,

118 4186 283 4239 καὶούκ
306 4191 504 4257 εὐφυᾶ,
535 4190 745 4259 μᾶλλον
774 4190 831 4243 δὲ
860 4190 937 4253 ὡς
965 4192 1107 4260 πέρα
1130 4194 1330 4256 παντὸς
1357 4193 1541 4247 ἰοῦσαν
1570 4195 1663 4249 τοῦ

118 4281 392 4351 καθήκοντος
408 4284 710 4353 λόγου,τὴν
730 4285 1015 4349 Θεοτόκος
1031 4285 1236 4355 φωνὴν,
1256 4286 1321 4356 ἣν
1343 4288 1434 4340 ὲπί
1451 4288 1516 4357 τῇ
1534 4289 1663 4358 ἀγίᾳ

120 4372 328 4445 Παρθένῳ
354 4376 779 4447 σγνεεθείκασιν
817 4378 866 4428 οί
904 4378 1010 4447 πρὸ
1035 4377 1190 4447 ἡμῶν
1221 4379 1365 4447 amo.
1389 4380 1659 4450 Πατέρες·

1780 1933 1939 1987 simul
1992 1943 2049 1988 et
2103 1934 2169 1988 ad
2232 1946 2439 1991 certam
2487 1939 3039 2004 demonstrationem,
3095 1944 3208 2010 ipsa
3263 1958 3352 1999 res

1778 2038 1940 2088 verte,
1981 2026 2276 2080 secundum
2324 2027 2658 2098 hyposrasim
2714 2033 2958 2101 inquam,
3010 2035 3245 2100 unionis,
3296 2046 3356 2090 ut

1778 2111 1865 2166 illa
1909 2126 2128 2181 quoque
2160 2116 2455 2169 secundum
2501 2132 2721 2172 carnem
2761 2119 3030 2189 Unigcuiti
3072 2123 3355 2191 generatio

1778 2204 2198 2268 reprehensione
2227 2216 2406 2268 vacet,
2445 2222 2567 2261 cum
2609 2224 2712 2263 non
2747 2212 2813 2263 ad
2851 2212 3103 2273 alterum,
3135 2222 3191 2268 ut
3216 2214 3350 2279 dixi,

1778 2292 1987 2346 initium
2021 2292 2320 2347 exsistendi
2347 2296 2419 2347 sit
2454 2306 2713 2351 vocatus:
2752 2312 2878 2351 nam
2925 2299 3040 2366 ipse
3069 2309 3149 2354 est
3174 2314 3348 2355 saecu-

1776 2384 1953 2437 lorum
1999 2380 2180 2450 opifex
2212 2398 2225 2436 :
2265 2387 2358 2438 sed
2389 2385 2570 2453 potius
2602 2387 2845 2456 seipsum
2888 2397 3109 2457 prapter
3148 2403 3245 2445 nos
3284 2390 3351 2445 ad

1776 2475 2168 2529 humanitatem
2217 2476 2518 2542 demiserit,
2555 2493 2729 2546 neque
2760 2479 3065 2547 neglexerit
3101 2481 3350 2535 humanae

1775 2574 1981 2617 natura
2034 2564 2202 2631 leges,
2244 2568 2341 2620 sed
2393 2582 2500 2619 una
2548 2583 2669 2622 cum
2723 2582 2885 2623 carne
2937 2569 3347 2638 generatidnem

1774 2670 1992 2723 quoque
2015 2657 2195 2709 carnis
2225 2656 2431 2710 habere
2460 2660 2707 2713 voluerit.
2741 2659 2853 2715 llac
2876 2663 3085 2715 ratione
3115 2662 3349 2717 dicimus

1773 2747 1974 2801 factum
2002 2762 2122 2801 esse
2146 2748 2443 2802 secundum
2480 2764 2703 2803 carnem
2732 2766 2853 2805 eum
2888 2753 2979 2821 qui
3013 2766 3226 2820 semper
3265 2761 3352 2808 est

1773 2850 1895 2890 cum
1940 2836 2099 2891 Patre
2121 2837 2186 2892 “.
2226 2836 2323 2893 Sic
2366 2854 2599 2908 namque
2634 2840 2906 2895 damnavit
2957 2851 3240 2911 peccatum
3291 2842 3345 2895 iu

1770 2939 1938 2980 carne
1959 2926 2027 2989 ",
2072 2934 2128 2981 et
2169 2927 2439 2981 destruxit
2494 2929 2545 2981 in
2604 2930 2759 2984 nobis
2813 2932 3004 2984 mortis
3058 2931 3344 3000 imperium

1772 3017 1940 3069 nostri
1999 3016 2197 3071 similis
2242 3016 2506 3083 fectus",
2562 3020 2653 3074 ille
2694 3021 2783 3089 qui
2837 3022 3113 3076 nesciebat
3156 3036 3349 3090 pecca-

1774 3114 1884 3159 tum
1911 3107 1977 3170 ",
2026 3105 2078 3159 in
2108 3122 2222 3176 quo
2252 3106 2505 3174 vivimus,
2556 3119 2611 3163 et
2642 3125 2941 3175 movemur,
2969 3120 3027 3165 et
3062 3126 3249 3166 sumus
3269 3112 3341 3165 ”.

1771 3197 1829 3266 6
1854 3197 1959 3251 Sed
1998 3198 2181 3252 nescio
2224 3200 2496 3266 quomodo
2532 3202 2773 3255 nonnulli
2810 3201 3118 3271 dogmatum
3166 3202 3347 3256 Eccle-

1774 3287 1868 3341 sia:
1897 3287 2333 3341 sacratissimum
2372 3288 2623 3344 decorem
2662 3290 2887 3355 violant,
2932 3300 2987 3345 et
3024 3300 3266 3346 sanctam
3291 3299 3349 3346 et.

1772 3387 1977 3432 castam
2041 3377 2311 3447 Virginem
2370 3382 2517 3451 rugis
2566 3382 2872 3448 maculant,
2914 3384 3038 3437 dum
3094 3384 3237 3437 illam
3290 3383 3345 3438 in

1773 3478 1987 3535 turpem
2036 3482 2258 3521 suorum
2305 3484 2560 3524 sensuum
2600 3473 2916 3527 inanitatem
2967 3473 3261 3539 deducunt,
3294 3485 3349 3527 et

1772 3572 2033 3611 novorum
2084 3568 2518 3613 commcntorum
2574 3563 2789 3615 turbam
2841 3564 2996 3618 nobis
3039 3566 3192 3633 quasi
3228 3581 3347 3620 mu-

1771 3667 1889 3705 rum
1932 3652 2217 3719 objiciunt.
2268 3653 2400 3707 Nam
2450 3670 2639 3710 vocem
2682 3658 2841 3721 hanc,
2886 3657 3139 3727 Deipara,
3182 3675 3343 3727 quam

1769 3742 1939 3797 sancti
1978 3743 2145 3797 nostri
2177 3743 2363 3799 Patres
2405 3745 2470 3799 ad
2522 3756 2768 3801 sanctam
2796 3746 3071 3818 Virginem
3106 3753 3347 3805 cohone-

1771 3836 2021 3889 standam
2086 3848 2527 3906 composuerunt,
2577 3848 2834 3909 tanquam
2881 3842 3097 3896 notham
3137 3857 3189 3896 et
3240 3844 3344 3899 mi—

1768 3926 1913 3981 nime
1942 3927 2255 3995 ingenuam,
2296 3929 2404 3981 imo
2447 3943 2572 3983 vero
2604 3932 2762 4001 longe
2808 3948 2835 3985 a
2884 3934 3222 3990 convenienti
3260 3950 3346 3989 ra-

1768 4017 1914 4070 tione
1936 4029 2199 4071 remotam
2230 4031 2525 4085 accusant;
2551 4038 2824 4091 unumque
2854 4026 3342 4082 DominumJesum

1768 4106 2047 4162 Christum
2100 4110 2328 4162 seorsim
2376 4111 2755 4180 distinguunt,
2809 4113 2861 4167 in
2918 4116 3157 4183 duosque
3206 4120 3344 4172 divi-

1767 4195 1903 4250 dunt
1958 4197 2095 4252 ﬁlios
2141 4201 2444 4253 :auferunt
2490 4204 2651 4256 etiam
2698 4219 2728 4257 a
2781 4204 2890 4259 Deo
2936 4206 3111 4261 Verbo
3159 4210 3349 4264 carnis

1768 4288 2073 4355 passiones,
2104 4292 2352 4357 quamvis
2379 4293 2486 4360 pati
2518 4292 2663 4347 illum
2697 4295 2748 4347 in
2780 4296 2994 4364 propria
3024 4307 3213 4351 natura
3238 4314 3342 4368 qua

1769 4378 1908 4433 Deus
1959 4380 2308 4449 intelligitur,
2355 4396 2424 4435 ne
2483 4396 2582 4437 nos
2638 4384 2857 4453 quidem
2912 4386 3188 4454 dicamus,
3247 4390 3342 4443 sed

117 4462 299 4518 διιστᾶσι
329 4468 384 4519 δὲ
408 4468 514 4521 ἀνὰ
542 4465 720 4538 μέρος
744 4466 1036 4538 τέμνοντες
1065 4470 1145 4532 είς
1176 4472 1325 4534 υἱοὺς
1344 4471 1439 4524 δύο
1460 4472 1550 4527 τὸν
1572 4472 1665 4524 ἕνα

1776 4468 1948 4538 potius
1974 4470 2037 4522 ad
2077 4470 2250 4538 ipsum
2294 4486 2397 4524 una
2449 4487 2568 4526 cum
2612 4489 2777 4528 carne
2810 4477 3088 4545 passiones
3128 4494 3342 4546 quoque

120 4555 278 4625 Κύριον
309 4559 520 4628 Ἰησοῦν
537 4559 814 4629 Χριστόνο
834 4560 1173 4630 ἀποφέρουσι
1200 4561 1257 4614 δὲ
1293 4563 1384 4615 καὶ
1414 4562 1507 4616 τοῦ
1528 4563 1663 4617 Θεοῦ

118 4649 248 4714 Λόγου
264 4652 327 4703 τὰ
340 4653 437 4723 τῆς
455 4651 671 4722 σαρκὸς
688 4652 1040 4721 πάθη,καίτοι
1058 4652 1249 4706 παθεῖν
1264 4654 1423 4707 αὐτὸν
1436 4658 1513 4717 είς
1528 4656 1663 4709 ἰδίαν

116 4739 252 4804 ούπν,
266 4742 393 4796 καθὸ
414 4745 628 4795 νοεῖται
654 4742 808 4806 Θεὸς,
829 4743 949 4795 οὐδὲ
976 4744 1131 4813 ἡμῶν
1148 4746 1465 4816 εἰρηκότων·
1482 4748 1657 4800 ἀνατμ

117 4826 269 4882 θέντων
288 4832 340 4884 δὲ
376 4832 585 4901 μᾶλλον
629 4831 782 4900 αῦτῷ
814 4832 958 4899 μετά
988 4832 1088 4902 τῆς
1134 4834 1341 4904 σαρκὸς
1379 4834 1473 4887 καὶ
1495 4834 1563 4887 τὰ
1590 4837 1654 4905 τῇ

118 4924 238 4989 σαρκὶ
263 4924 656 4994 συμϐεϐηκότα
685 4921 855 4991 πάθη,
894 4922 981 4974 ἵνα
1007 4923 1101 4974 καὶ
1132 4923 1292 4987 αὐτὸς
1327 4925 1657 4994 ὁμολογῆται

116 5008 289 5080 Σωτήρθ
325 5014 537 5084 τῴγάρ
574 5011 810 5081 μώλωπι
847 5011 1013 5066 αὐτοῦ
1044 5015 1202 5084 ἡμεῖς
1237 5014 1489 5084 ίάθημεν,
1520 5018 1659 5068 κατά

116 5100 155 5149 τὴ
176 5106 536 5177 γεγραμμένον
564 5122 578 5135 ·
627 5104 726 5157 καὶ
778 5103 1183 5173 μεμαλάκισται
1243 5106 1341 5176 μὲν
1375 5107 1536 5169 αὐτὸς
1570 5107 1656 5161 διὰ

117 5197 183 5251 :1;
208 5198 456 5266 ἁμαρτίας
485 5195 680 5267 ἡμῶν,
713 5196 894 5248 καίτοι
926 5195 1020 5248 τοῦ
1054 5196 1246 5249 παθεῖν
1289 5198 1380 5250 τὸν
1422 5197 1656 5265 μαλακι-

120 5284 214 5349 ςμῦιδ
242 5288 586 5349 ἁνεπίδεκτος
623 5284 732 5337 ὢν·
777 5284 1101 5355 σεσώσμεθα
1127 5286 1184 5339 δὲ
1216 5288 1380 5357 ἡμεῖς
1402 5286 1491 5338 τὸν
1518 5287 1656 5358 ὑπὲρ

120 5372 231 5449 malm
257 5377 622 5439 ἀναλαϐόντος
679 5374 910 5430 θάνατον
941 5373 1028 5426 διὰ
1078 5374 1172 5427 τοῦ
1220 5375 1347 5429 ίδίου
1382 5376 1662 5446 σώματος.

119 5460 406 5539 Πειράσομαι
439 5470 499 5523 δὲ
555 5469 713 5537 ἆπερ
748 5466 885 5535 ἔφην
924 5466 1189 5534 ἐπιδεῖξαι
1247 5468 1455 5536 σαφῶς.
1499 5470 1655 5523 Ἀνα-

168 5669 197 5698 ¹¹
218 5670 371 5726 Cui-at.
395 5688 468 5733 Π,
504 5671 562 5725 ι.

1772 4560 1953 4614 carnis
2006 4561 2339 4627 referamus,
2400 4570 2461 4616 ut
2505 4564 2679 4632 ipsum
2737 4581 2951 4635 quoque
3004 4567 3339 4625 Salvatorem

1769 4650 2324 4704 conliteamurnnam
2379 4653 2496 4722 ejus
2547 4653 2717 4709 livore
2765 4658 2939 4711 sanati
2993 4674 3221 4726 sumus,
3283 4671 3342 4715 ut

1768 4742 2030 4809 scriptum
2068 4750 2153 4795 est
2176 4743 2244 4805 ²’,
2275 4751 2331 4796 et
2359 4743 2664 4799 inﬁrmatus
2700 4754 2784 4800 est
2816 4747 2932 4815 ipse
2961 4759 3181 4817 propter
3214 4765 3343 4819 pec-

1766 4842 1884 4887 cata
1917 4841 2127 4897 nostra,
2156 4834 2403 4899 quamvis
2432 4834 2652 4889 minime
2684 4851 2851 4905 capax
2885 4851 3026 4895 esset
3055 4839 3341 4895 inﬁrmita-

1773 4922 1841 4977 tis
1870 4939 1883 4973 :
1917 4936 2120 4989 nosque
2157 4921 2349 4976 salvati
2390 4938 2577 4977 sumus
2613 4925 2737 4978 dum
2788 4927 2873 4979 ille
2904 4941 2997 4994 per
3028 4943 3182 4981 suum
3213 4944 3339 4985 cor-

1765 5028 1865 5081 pus
1901 5024 2125 5065 mortem
2162 5021 2401 5066 nostram
2443 5016 2704 5081 suscepit.
2733 5016 2987 5071 Couabor
3023 5019 3190 5085 igitur
3219 5037 3341 5090 qua:

1765 5105 1873 5157 dixi
1906 5103 2063 5173 plane
2109 5114 2435 5160 monstrare.
2489 5107 2605 5162 Jam
2653 5110 2797 5163 enim
2844 5108 2960 5179 ejus
3005 5113 3093 5180 qui
3139 5113 3336 5168 librum

1764 5196 2118 5263 conscripsit,
2170 5212 2330 5251 voces
2374 5199 2613 5253 recitabo
2646 5218 2660 5252 :
2692 5211 2746 5254 et
2798 5203 2975 5270 priore
3031 5204 3150 5257 loco
3202 5219 3339 5273 quas

1764 5286 1972 5351 effudit,
2012 5287 2141 5341 dum
2172 5304 2383 5356 vocem,
2408 5289 2658 5356 Deipara,
2704 5292 2992 5347 immodice
3036 5296 3331 5364 reprehen-

1765 5378 1939 5432 deret.
1982 5376 2085 5432 Sed
2116 5380 2239 5447 quia
2277 5395 2439 5448 szepe,
2479 5397 2599 5435 cum
2637 5384 2825 5436 eadem
2870 5384 3103 5438 inculcat
3148 5387 3333 5449 verba,

1769 5485 1867 5524 nos
1904 5486 2117 5540 quoque
2162 5472 2250 5540 qui
2307 5473 2379 5527 illi
2418 5475 2791 5542 adversamur,
2822 5476 3038 5530 easdem
3093 5487 3337 5546 repetere

651 5666 763 5744 "li
781 5665 1114 5744 _Cor.__vtit.9.
1192 5667 1235 5697 ³³
1268 5664 1420 5744 “fuit.
1450 5666 1585 5744 ἵζει
1624 5669 1674 5732 ii

1776 5684 1861 5744 les.
1900 5672 2032 5744 “Lb,
2086 5673 2158 5744 _”
2189 5671 2340 5723 Rom.
2378 5689 2412 5736 I,
2443 5675 2497 5727 5.
2575 5676 2616 5706 ²⁸
2643 5676 2797 5731 Rom.
2824 5692 2936 5744 vm,
2960 5680 3011 5733 5.
3093 5681 3136 5713 ’⁸
3166 5682 3329 5739 Hebr.

121 5746 161 5799 ll,
186 5742 253 5795 Η.
323 5745 363 5776 ν’
392 5743 434 5798 ιι
467 5745 602 5799 Cor.
640 5751 697 5804 τ,
733 5738 823 5791 ει.
897 5736 942 5766 ⁸³
972 5736 1092 5789 Act.
1124 5749 1257 5802 xvtt,
1296 5736 1384 5789 28.
1464 5738 1509 5767 ”
1536 5738 1635 5793 lsa.

1782 5778 1795 5804 ,
1829 5741 1859 5794 5
1896 5758 1909 5807 ;
1950 5740 2139 5797 Matth.
2170 5758 2289 5809 vin,
2320 5744 2401 5798 17.
