  <div class='ocr_page' id='page_1' title='image "/cluster/home/n/w/nwhite01/storage/ocr_20150623/76/ien.35556001661040/021.png"; bbox 0 0 4028 6432; ppageno 0'>
   <div class='ocr_carea' id='block_1_1' title="bbox 617 369 681 427">
    <p class='ocr_par' dir='ltr' id='par_1_1' title="bbox 617 369 681 427">
     <span class='ocr_line' id='line_1_1' title="bbox 617 369 681 427; baseline 0.047 -3"><span class='ocrx_word' id='word_1_1' title='bbox 617 369 681 427; x_wconf 75' lang='grc'><strong>19</strong></span> 
     </span>
    </p>
   </div>
   <div class='ocr_carea' id='block_1_2' title="bbox 1597 362 2825 425">
    <p class='ocr_par' dir='ltr' id='par_1_2' title="bbox 1597 362 2825 425">
     <span class='ocr_line' id='line_1_2' title="bbox 1597 362 2825 425; baseline -0.007 0"><span class='ocrx_word' id='word_1_2' title='bbox 1597 369 1653 424; x_wconf 88' lang='lat' dir='ltr'><strong>S.</strong></span> <span class='ocrx_word' id='word_1_3' title='bbox 1697 364 1968 425; x_wconf 71' lang='grc' dir='ltr'><strong>ΕΥΒΙὶιί</strong></span> <span class='ocrx_word' id='word_1_4' title='bbox 2006 362 2472 420; x_wconf 60' lang='grc' dir='ltr'>ΑΙιΕΧΑΝῡιιιΝι</span> <span class='ocrx_word' id='word_1_5' title='bbox 2511 364 2825 420; x_wconf 77' lang='lat' dir='ltr'><strong>ARCHIEP.</strong></span> 
     </span>
    </p>
   </div>
   <div class='ocr_carea' id='block_1_3' title="bbox 3795 345 3876 398">
    <p class='ocr_par' dir='ltr' id='par_1_3' title="bbox 3795 345 3876 398">
     <span class='ocr_line' id='line_1_3' title="bbox 3795 345 3876 398; baseline 0 0"><span class='ocrx_word' id='word_1_6' title='bbox 3795 345 3876 398; x_wconf 69' lang='lat'><strong>‘10</strong></span> 
     </span>
    </p>
   </div>
   <div class='ocr_carea' id='block_1_4' title="bbox 618 464 2207 554">
    <p class='ocr_par' dir='ltr' id='par_1_4' title="bbox 618 484 2183 553">
     <span class='ocr_line' id='line_1_4' title="bbox 618 484 2183 553; baseline -0.003 -10"><span class='ocrx_word' id='word_1_7' title='bbox 618 489 914 544; x_wconf 84' lang='lat' dir='ltr'><strong>sententias</strong></span> <span class='ocrx_word' id='word_1_8' title='bbox 932 503 1150 545; x_wconf 83' lang='lat' dir='ltr'><strong>necesse</strong></span> <span class='ocrx_word' id='word_1_9' title='bbox 1184 495 1284 552; x_wconf 88' lang='lat' dir='ltr'><strong>est,</strong></span> <span class='ocrx_word' id='word_1_10' title='bbox 1319 489 1462 553; x_wconf 88' lang='lat' dir='ltr'><strong>date,</strong></span> <span class='ocrx_word' id='word_1_11' title='bbox 1497 487 1743 550; x_wconf 91' lang='lat' dir='ltr'><strong>obsecro,</strong></span> <span class='ocrx_word' id='word_1_12' title='bbox 1771 486 1927 541; x_wconf 86' lang='lat' dir='ltr'><strong>nobis</strong></span> <span class='ocrx_word' id='word_1_13' title='bbox 1949 484 2183 547; x_wconf 85' lang='lat' dir='ltr'><strong>veniam,</strong></span> 
     </span>
    </p>
   </div>
   <div class='ocr_carea' id='block_1_5' title="bbox 2316 464 3875 554">
    <p class='ocr_par' dir='ltr' id='par_1_5' title="bbox 2316 464 3875 554">
     <span class='ocr_line' id='line_1_5' title="bbox 2316 464 3875 554; baseline -0.017 -15"><span class='ocrx_word' id='word_1_14' title='bbox 2316 485 2576 554; x_wconf 58' lang='grc' dir='ltr'>γνώσομαι</span> <span class='ocrx_word' id='word_1_15' title='bbox 2605 485 2713 554; x_wconf 75' lang='grc' dir='ltr'>γὰρ</span> <span class='ocrx_word' id='word_1_16' title='bbox 2737 484 2836 552; x_wconf 69' lang='grc' dir='ltr'>ἤδη</span> <span class='ocrx_word' id='word_1_17' title='bbox 2865 481 2960 543; x_wconf 82' lang='grc' dir='ltr'><strong>τὰς</strong></span> <span class='ocrx_word' id='word_1_18' title='bbox 2985 480 3074 532; x_wconf 76' lang='grc' dir='ltr'>τοῦ</span> <span class='ocrx_word' id='word_1_19' title='bbox 3104 479 3162 530; x_wconf 73' lang='grc' dir='ltr'>τὸ</span> <span class='ocrx_word' id='word_1_20' title='bbox 3200 474 3398 544; x_wconf 73' lang='grc' dir='ltr'>βιϐλίον</span> <span class='ocrx_word' id='word_1_21' title='bbox 3432 464 3875 537; x_wconf 77' lang='grc' dir='ltr'>συγγεγραφότος·</span> 
     </span>
    </p>
   </div>
   <div class='ocr_carea' id='block_1_6' title="bbox 616 574 2177 650">
    <p class='ocr_par' dir='ltr' id='par_1_6' title="bbox 616 574 2177 650">
     <span class='ocr_line' id='line_1_6' title="bbox 616 574 2177 650; baseline -0.004 -17"><span class='ocrx_word' id='word_1_22' title='bbox 616 580 706 647; x_wconf 92' lang='lat' dir='ltr'><strong>qui</strong></span> <span class='ocrx_word' id='word_1_23' title='bbox 739 596 843 635; x_wconf 92' lang='lat' dir='ltr'><strong>non</strong></span> <span class='ocrx_word' id='word_1_24' title='bbox 884 591 1073 650; x_wconf 78' lang='lat' dir='ltr'><strong>sponte</strong></span> <span class='ocrx_word' id='word_1_25' title='bbox 1098 584 1163 634; x_wconf 91' lang='lat' dir='ltr'><strong>ad</strong></span> <span class='ocrx_word' id='word_1_26' title='bbox 1201 580 1360 633; x_wconf 88' lang='lat' dir='ltr'><strong>verba</strong></span> <span class='ocrx_word' id='word_1_27' title='bbox 1405 578 1591 632; x_wconf 85' lang='lat' dir='ltr'><strong>eadem</strong></span> <span class='ocrx_word' id='word_1_28' title='bbox 1628 576 1871 629; x_wconf 86' lang='lat' dir='ltr'><strong>iteranda</strong></span> <span class='ocrx_word' id='word_1_29' title='bbox 1911 574 2177 635; x_wconf 82' lang='lat' dir='ltr'><strong>venimus.</strong></span> 
     </span>
    </p>
   </div>
   <div class='ocr_carea' id='block_1_7' title="bbox 617 666 2182 741">
    <p class='ocr_par' dir='ltr' id='par_1_7' title="bbox 617 666 2182 741">
     <span class='ocr_line' id='line_1_7' title="bbox 617 666 2182 741; baseline -0.004 -17"><span class='ocrx_word' id='word_1_30' title='bbox 617 671 710 725; x_wconf 87' lang='lat' dir='ltr'><strong>sed</strong></span> <span class='ocrx_word' id='word_1_31' title='bbox 754 687 1073 741; x_wconf 88' lang='lat' dir='ltr'><strong>quacunque</strong></span> <span class='ocrx_word' id='word_1_32' title='bbox 1121 673 1264 726; x_wconf 86' lang='lat' dir='ltr'><strong>illius</strong></span> <span class='ocrx_word' id='word_1_33' title='bbox 1298 673 1583 725; x_wconf 84' lang='lat' dir='ltr'><strong>verborum</strong></span> <span class='ocrx_word' id='word_1_34' title='bbox 1623 683 1819 737; x_wconf 92' lang='lat' dir='ltr'><strong>scopus</strong></span> <span class='ocrx_word' id='word_1_35' title='bbox 1851 667 2046 737; x_wconf 81' lang='lat' dir='ltr'><strong>pergit,</strong></span> <span class='ocrx_word' id='word_1_36' title='bbox 2084 666 2182 720; x_wconf 91' lang='lat' dir='ltr'><strong>ibi-</strong></span> 
     </span>
    </p>
   </div>
   <div class='ocr_carea' id='block_1_8' title="bbox 615 756 2182 826">
    <p class='ocr_par' dir='ltr' id='par_1_8' title="bbox 615 756 2182 826">
     <span class='ocr_line' id='line_1_8' title="bbox 615 756 2182 826; baseline -0.002 -14"><span class='ocrx_word' id='word_1_37' title='bbox 615 761 738 812; x_wconf 88' lang='lat' dir='ltr'><strong>dem</strong></span> <span class='ocrx_word' id='word_1_38' title='bbox 767 760 842 815; x_wconf 85' lang='lat' dir='ltr'><strong>illi</strong></span> <span class='ocrx_word' id='word_1_39' title='bbox 887 763 1277 816; x_wconf 87' lang='lat' dir='ltr'><strong>occurrendum</strong></span> <span class='ocrx_word' id='word_1_40' title='bbox 1309 773 1428 814; x_wconf 91' lang='lat' dir='ltr'><strong>esse</strong></span> <span class='ocrx_word' id='word_1_41' title='bbox 1468 759 1832 814; x_wconf 80' lang='lat' dir='ltr'><strong>decrevimus.</strong></span> <span class='ocrx_word' id='word_1_42' title='bbox 1883 756 1972 812; x_wconf 92' lang='lat' dir='ltr'><strong>Sic</strong></span> <span class='ocrx_word' id='word_1_43' title='bbox 2019 757 2182 826; x_wconf 90' lang='lat' dir='ltr'><strong>igitur</strong></span> 
     </span>
    </p>
   </div>
   <div class='ocr_carea' id='block_1_9' title="bbox 618 845 2185 918">
    <p class='ocr_par' dir='ltr' id='par_1_9' title="bbox 618 845 2185 918">
     <span class='ocr_line' id='line_1_9' title="bbox 618 845 2185 918; baseline -0.001 -18"><span class='ocrx_word' id='word_1_44' title='bbox 618 848 896 904; x_wconf 83' lang='lat' dir='ltr'><strong>dixitcum</strong></span> <span class='ocrx_word' id='word_1_45' title='bbox 933 866 1116 905; x_wconf 82' lang='lat' dir='ltr'><strong>vocem</strong></span> <span class='ocrx_word' id='word_1_46' title='bbox 1154 851 1297 904; x_wconf 90' lang='lat' dir='ltr'><strong>illam</strong></span> <span class='ocrx_word' id='word_1_47' title='bbox 1350 848 1678 918; x_wconf 84' lang='lat' dir='ltr'><strong>improbaret</strong></span> <span class='ocrx_word' id='word_1_48' title='bbox 1730 850 1782 902; x_wconf 91' lang='lat' dir='ltr'><strong>in</strong></span> <span class='ocrx_word' id='word_1_49' title='bbox 1829 857 2012 901; x_wconf 89' lang='lat' dir='ltr'><strong>sancta</strong></span> <span class='ocrx_word' id='word_1_50' title='bbox 2059 845 2185 900; x_wconf 89' lang='lat' dir='ltr'><strong>Vir-</strong></span> 
     </span>
    </p>
   </div>
   <div class='ocr_carea' id='block_1_10' title="bbox 617 942 1324 1014">
    <p class='ocr_par' dir='ltr' id='par_1_10' title="bbox 617 942 1324 1014">
     <span class='ocr_line' id='line_1_10' title="bbox 617 942 1324 1014; baseline 0.007 -23"><span class='ocrx_word' id='word_1_51' title='bbox 617 942 759 1007; x_wconf 78' lang='lat' dir='ltr'><strong>gine,</strong></span> <span class='ocrx_word' id='word_1_52' title='bbox 785 942 1032 1012; x_wconf 85' lang='lat' dir='ltr'><strong>Deipam,</strong></span> <span class='ocrx_word' id='word_1_53' title='bbox 1062 945 1275 1014; x_wconf 89' lang='lat' dir='ltr'><strong>inquam</strong></span> <span class='ocrx_word' id='word_1_54' title='bbox 1312 960 1324 996; x_wconf 92' lang='lat'>:</span> 
     </span>
    </p>
   </div>
   <div class='ocr_carea' id='block_1_11' title="bbox 2301 556 3886 644">
    <p class='ocr_par' dir='ltr' id='par_1_11' title="bbox 2301 556 3886 644">
     <span class='ocr_line' id='line_1_11' title="bbox 2301 556 3886 644; baseline -0.015 -15"><span class='ocrx_word' id='word_1_55' title='bbox 2301 576 2483 644; x_wconf 81' lang='grc' dir='ltr'>φωνάς</span> <span class='ocrx_word' id='word_1_56' title='bbox 2509 592 2519 602; x_wconf 88' lang='grc'><strong>·</strong></span> <span class='ocrx_word' id='word_1_57' title='bbox 2555 575 2646 626; x_wconf 74' lang='grc' dir='ltr'>καὶ</span> <span class='ocrx_word' id='word_1_58' title='bbox 2681 574 2786 641; x_wconf 75' lang='grc' dir='ltr'><strong>πρό</strong></span> <span class='ocrx_word' id='word_1_59' title='bbox 2814 589 2874 639; x_wconf 91' lang='grc' dir='ltr'><strong>γε</strong></span> <span class='ocrx_word' id='word_1_60' title='bbox 2901 571 3006 622; x_wconf 86' lang='grc' dir='ltr'><strong>τῶν</strong></span> <span class='ocrx_word' id='word_1_61' title='bbox 3039 569 3209 622; x_wconf 76' lang='grc' dir='ltr'>ἄλλων</span> <span class='ocrx_word' id='word_1_62' title='bbox 3237 565 3468 623; x_wconf 83' lang='grc' dir='ltr'>ὲκείνας,</span> <span class='ocrx_word' id='word_1_63' title='bbox 3503 559 3558 610; x_wconf 76' lang='grc' dir='ltr'>αἳ</span> <span class='ocrx_word' id='word_1_64' title='bbox 3586 556 3886 625; x_wconf 64' lang='grc' dir='ltr'>γεγόνασιν</span> 
     </span>
    </p>
   </div>
   <div class='ocr_carea' id='block_1_12' title="bbox 2293 645 3876 735">
    <p class='ocr_par' dir='ltr' id='par_1_12' title="bbox 2293 645 3876 735">
     <span class='ocr_line' id='line_1_12' title="bbox 2293 645 3876 735; baseline -0.016 -15"><span class='ocrx_word' id='word_1_65' title='bbox 2293 665 2461 735; x_wconf 81' lang='grc' dir='ltr'>αὐτῷ,</span> <span class='ocrx_word' id='word_1_66' title='bbox 2497 663 2595 732; x_wconf 79' lang='grc' dir='ltr'>τῆς</span> <span class='ocrx_word' id='word_1_67' title='bbox 2624 666 2906 728; x_wconf 73' lang='grc' dir='ltr'>Θεοτόκος</span> <span class='ocrx_word' id='word_1_68' title='bbox 2939 662 3119 729; x_wconf 73' lang='grc' dir='ltr'>φωνῆς</span> <span class='ocrx_word' id='word_1_69' title='bbox 3147 659 3206 712; x_wconf 84' lang='grc' dir='ltr'><strong>οὑ</strong></span> <span class='ocrx_word' id='word_1_70' title='bbox 3243 655 3473 727; x_wconf 81' lang='grc' dir='ltr'><strong>μετρίως</strong></span> <span class='ocrx_word' id='word_1_71' title='bbox 3498 645 3876 715; x_wconf 86' lang='grc' dir='ltr'>κατειρηκότι.</span> 
     </span>
    </p>
   </div>
   <div class='ocr_carea' id='block_1_13' title="bbox 2306 738 3876 826">
    <p class='ocr_par' dir='ltr' id='par_1_13' title="bbox 2306 738 3876 826">
     <span class='ocr_line' id='line_1_13' title="bbox 2306 738 3876 826; baseline -0.016 -16"><span class='ocrx_word' id='word_1_72' title='bbox 2306 757 2522 826; x_wconf 83' lang='grc' dir='ltr'><strong>Ἐπειδὴ</strong></span> <span class='ocrx_word' id='word_1_73' title='bbox 2553 757 2609 808; x_wconf 87' lang='grc' dir='ltr'><strong>δὲ</strong></span> <span class='ocrx_word' id='word_1_74' title='bbox 2640 754 2954 815; x_wconf 72' lang='grc' dir='ltr'><strong>πλειστάκις</strong></span> <span class='ocrx_word' id='word_1_75' title='bbox 2980 751 3066 803; x_wconf 77' lang='grc' dir='ltr'>διὰ</span> <span class='ocrx_word' id='word_1_76' title='bbox 3096 750 3204 801; x_wconf 83' lang='grc' dir='ltr'><strong>τῶν</strong></span> <span class='ocrx_word' id='word_1_77' title='bbox 3236 743 3647 812; x_wconf 73' lang='grc' dir='ltr'>αὑτῶνέρχεται</span> <span class='ocrx_word' id='word_1_78' title='bbox 3671 738 3876 803; x_wconf 84' lang='grc' dir='ltr'>λόγων,</span> 
     </span>
    </p>
   </div>
   <div class='ocr_carea' id='block_1_14' title="bbox 2289 825 3886 915">
    <p class='ocr_par' dir='ltr' id='par_1_14' title="bbox 2289 825 3886 915">
     <span class='ocr_line' id='line_1_14' title="bbox 2289 825 3886 915; baseline -0.016 -14"><span class='ocrx_word' id='word_1_79' title='bbox 2289 825 2581 900; x_wconf 84' lang='grc' dir='ltr'>ἀντανιστα</span> <span class='ocrx_word' id='word_1_80' title='bbox 2590 846 2782 915; x_wconf 84' lang='grc' dir='ltr'>μένους</span> <span class='ocrx_word' id='word_1_81' title='bbox 2797 843 2850 896; x_wconf 81' lang='grc' dir='ltr'>δὲ</span> <span class='ocrx_word' id='word_1_82' title='bbox 2868 843 2962 896; x_wconf 74' lang='grc' dir='ltr'>καὶ</span> <span class='ocrx_word' id='word_1_83' title='bbox 2981 843 3127 911; x_wconf 78' lang='grc' dir='ltr'>ἡμᾶς</span> <span class='ocrx_word' id='word_1_84' title='bbox 3139 838 3227 892; x_wconf 81' lang='grc' dir='ltr'>διὰ</span> <span class='ocrx_word' id='word_1_85' title='bbox 3246 837 3351 890; x_wconf 85' lang='grc' dir='ltr'><strong>τῶν</strong></span> <span class='ocrx_word' id='word_1_86' title='bbox 3368 832 3546 887; x_wconf 88' lang='grc' dir='ltr'>αὑτῶν</span> <span class='ocrx_word' id='word_1_87' title='bbox 3566 830 3698 884; x_wconf 78' lang='grc' dir='ltr'>ἰέναι</span> <span class='ocrx_word' id='word_1_88' title='bbox 3720 825 3886 878; x_wconf 87' lang='grc' dir='ltr'>πλει-</span> 
     </span>
    </p>
   </div>
   <div class='ocr_carea' id='block_1_15' title="bbox 2299 917 3885 1000">
    <p class='ocr_par' dir='ltr' id='par_1_15' title="bbox 2299 917 3885 1000">
     <span class='ocr_line' id='line_1_15' title="bbox 2299 917 3885 1000; baseline -0.025 3"><span class='ocrx_word' id='word_1_89' title='bbox 2299 938 2488 1000; x_wconf 83' lang='grc' dir='ltr'>στάκις</span> <span class='ocrx_word' id='word_1_90' title='bbox 2520 935 2760 997; x_wconf 75' lang='grc' dir='ltr'>ἐννοιῶν,</span> <span class='ocrx_word' id='word_1_91' title='bbox 2784 934 3102 999; x_wconf 85' lang='grc' dir='ltr'>ἀναγκαῖον,</span> <span class='ocrx_word' id='word_1_92' title='bbox 3121 932 3234 983; x_wconf 86' lang='grc' dir='ltr'>δότε</span> <span class='ocrx_word' id='word_1_93' title='bbox 3263 928 3348 995; x_wconf 78' lang='grc' dir='ltr'><strong>δὴ,</strong></span> <span class='ocrx_word' id='word_1_94' title='bbox 3369 926 3486 978; x_wconf 82' lang='grc' dir='ltr'>δότε</span> <span class='ocrx_word' id='word_1_95' title='bbox 3514 917 3885 996; x_wconf 47' lang='grc' dir='ltr'><strong>σευαγογνιῖηιπλνφ</strong></span> 
     </span>
    </p>
   </div>
   <div class='ocr_carea' id='block_1_16' title="bbox 617 1005 3880 1105">
    <p class='ocr_par' dir='ltr' id='par_1_16' title="bbox 617 1005 3880 1105">
     <span class='ocr_line' id='line_1_16' title="bbox 617 1005 3880 1105; baseline -0.008 -17"><span class='ocrx_word' id='word_1_96' title='bbox 617 1031 680 1088; x_wconf 83' lang='grc' dir='ltr'><strong>οὑ</strong></span> <span class='ocrx_word' id='word_1_97' title='bbox 711 1036 1026 1086; x_wconf 83' lang='grc' dir='ltr'>ταυτοεπεῖν</span> <span class='ocrx_word' id='word_1_98' title='bbox 1051 1035 1368 1104; x_wconf 73' lang='grc' dir='ltr'><strong>ᾑρημένοις,</strong></span> <span class='ocrx_word' id='word_1_99' title='bbox 1393 1033 1505 1086; x_wconf 77' lang='grc' dir='ltr'>ἀλλ’</span> <span class='ocrx_word' id='word_1_100' title='bbox 1531 1027 1676 1105; x_wconf 75' lang='grc' dir='ltr'>ᾗπερ</span> <span class='ocrx_word' id='word_1_101' title='bbox 1704 1033 1769 1086; x_wconf 86' lang='grc' dir='ltr'>ἂν</span> <span class='ocrx_word' id='word_1_102' title='bbox 1800 1035 1869 1085; x_wconf 77' lang='grc' dir='ltr'>τοι</span> <span class='ocrx_word' id='word_1_103' title='bbox 1899 1031 2006 1083; x_wconf 83' lang='grc' dir='ltr'><strong>τῶν</strong></span> <span class='ocrx_word' id='word_1_104' title='bbox 2038 1029 2246 1081; x_wconf 76' lang='grc' dir='ltr'>ἐκείνου</span> <span class='ocrx_word' id='word_1_105' title='bbox 2275 1029 2448 1096; x_wconf 87' lang='grc' dir='ltr'>λόγων</span> <span class='ocrx_word' id='word_1_106' title='bbox 2478 1020 2508 1080; x_wconf 69' lang='grc' dir='ltr'>ὃ</span> <span class='ocrx_word' id='word_1_107' title='bbox 2539 1027 2758 1087; x_wconf 85' lang='grc' dir='ltr'>σκοπὸς,</span> <span class='ocrx_word' id='word_1_108' title='bbox 2790 1025 2964 1094; x_wconf 83' lang='grc' dir='ltr'>ταύτῃ</span> <span class='ocrx_word' id='word_1_109' title='bbox 2987 1023 3077 1075; x_wconf 75' lang='grc' dir='ltr'>καὶ</span> <span class='ocrx_word' id='word_1_110' title='bbox 3111 1023 3240 1090; x_wconf 77' lang='grc' dir='ltr'>ἡμῖν</span> <span class='ocrx_word' id='word_1_111' title='bbox 3270 1013 3654 1085; x_wconf 79' lang='grc' dir='ltr'><strong>ἀντιφέρεσθαι</strong></span> <span class='ocrx_word' id='word_1_112' title='bbox 3674 1012 3780 1064; x_wconf 80' lang='grc' dir='ltr'>δεῖν</span> <span class='ocrx_word' id='word_1_113' title='bbox 3809 1005 3880 1062; x_wconf 83' lang='grc' dir='ltr'>εὗ</span> 
     </span>
    </p>
   </div>
   <div class='ocr_carea' id='block_1_17' title="bbox 624 1100 3880 1196">
    <p class='ocr_par' dir='ltr' id='par_1_17' title="bbox 624 1100 3880 1196">
     <span class='ocr_line' id='line_1_17' title="bbox 624 1100 3880 1196; baseline -0.007 -21"><span class='ocrx_word' id='word_1_114' title='bbox 624 1123 769 1190; x_wconf 89' lang='grc' dir='ltr'>μάλα</span> <span class='ocrx_word' id='word_1_115' title='bbox 806 1100 1178 1194; x_wconf 49' lang='grc' dir='ltr'>διεγνωκόσινξ</span> <span class='ocrx_word' id='word_1_116' title='bbox 1203 1126 1345 1196; x_wconf 84' lang='grc' dir='ltr'>Ἔφη</span> <span class='ocrx_word' id='word_1_117' title='bbox 1385 1100 1564 1178; x_wconf 77' lang='grc' dir='ltr'>τοίνυν</span> <span class='ocrx_word' id='word_1_118' title='bbox 1599 1100 1714 1191; x_wconf 72' lang='grc' dir='ltr'>ὡδὶ,</span> <span class='ocrx_word' id='word_1_119' title='bbox 1743 1123 1840 1194; x_wconf 80' lang='grc' dir='ltr'><strong>τὴν</strong></span> <span class='ocrx_word' id='word_1_120' title='bbox 1885 1121 1976 1175; x_wconf 73' lang='grc' dir='ltr'>ἐπί</span> <span class='ocrx_word' id='word_1_121' title='bbox 2015 1138 2080 1189; x_wconf 87' lang='grc' dir='ltr'><strong>γε</strong></span> <span class='ocrx_word' id='word_1_122' title='bbox 2113 1124 2180 1191; x_wconf 80' lang='grc' dir='ltr'>τῇ</span> <span class='ocrx_word' id='word_1_123' title='bbox 2221 1121 2352 1191; x_wconf 72' lang='grc' dir='ltr'>ἁγία</span> <span class='ocrx_word' id='word_1_124' title='bbox 2385 1119 2650 1190; x_wconf 82' lang='grc' dir='ltr'>Παρθένῳ</span> <span class='ocrx_word' id='word_1_125' title='bbox 2712 1114 3186 1184; x_wconf 78' lang='grc' dir='ltr'>κατακιὸδηλεύων</span> <span class='ocrx_word' id='word_1_126' title='bbox 3255 1109 3460 1179; x_wconf 79' lang='grc' dir='ltr'>φωνὴν,</span> <span class='ocrx_word' id='word_1_127' title='bbox 3503 1106 3645 1174; x_wconf 69' lang='grc' dir='ltr'>φημι</span> <span class='ocrx_word' id='word_1_128' title='bbox 3688 1103 3742 1154; x_wconf 83' lang='grc' dir='ltr'>δὲ</span> <span class='ocrx_word' id='word_1_129' title='bbox 3769 1100 3880 1170; x_wconf 75' lang='grc' dir='ltr'><strong>τὴν</strong></span> 
     </span>
    </p>
   </div>
   <div class='ocr_carea' id='block_1_18' title="bbox 622 1215 926 1280">
    <p class='ocr_par' dir='ltr' id='par_1_18' title="bbox 622 1215 926 1280">
     <span class='ocr_line' id='line_1_18' title="bbox 622 1215 926 1280; baseline 0.003 -13"><span class='ocrx_word' id='word_1_130' title='bbox 622 1215 926 1280; x_wconf 80' lang='grc' dir='ltr'>Θεοτόκος.</span> 
     </span>
    </p>
   </div>
   <div class='ocr_carea' id='block_1_19' title="bbox 690 1303 2190 1379">
    <p class='ocr_par' dir='ltr' id='par_1_19' title="bbox 690 1303 2190 1379">
     <span class='ocr_line' id='line_1_19' title="bbox 690 1303 2190 1379; baseline 0.001 -23"><span class='ocrx_word' id='word_1_131' title='bbox 690 1303 933 1360; x_wconf 76' lang='grc' dir='ltr'>Νεετοιι.</span> <span class='ocrx_word' id='word_1_132' title='bbox 959 1305 1157 1377; x_wconf 61' lang='grc' dir='ltr'><strong>[8ωῃε.</strong></span> <span class='ocrx_word' id='word_1_133' title='bbox 1185 1308 1380 1377; x_wconf 78' lang='lat' dir='ltr'><strong>inquit,</strong></span> <span class='ocrx_word' id='word_1_134' title='bbox 1406 1309 1526 1363; x_wconf 88' lang='lat' dir='ltr'><strong>illos</strong></span> <span class='ocrx_word' id='word_1_135' title='bbox 1543 1307 1720 1378; x_wconf 80' lang='lat' dir='ltr'><strong>rogavi</strong></span> <span class='ocrx_word' id='word_1_136' title='bbox 1743 1308 1855 1379; x_wconf 91' lang='lat' dir='ltr'><strong>(eos</strong></span> <span class='ocrx_word' id='word_1_137' title='bbox 1878 1307 2082 1362; x_wconf 88' lang='lat' dir='ltr'><strong>scilicet</strong></span> <span class='ocrx_word' id='word_1_138' title='bbox 2103 1305 2190 1372; x_wconf 90' lang='lat' dir='ltr'><strong>qui</strong></span> 
     </span>
    </p>
   </div>
   <div class='ocr_carea' id='block_1_20' title="bbox 621 1391 2192 1464">
    <p class='ocr_par' dir='ltr' id='par_1_20' title="bbox 621 1391 2192 1464">
     <span class='ocr_line' id='line_1_20' title="bbox 621 1391 2192 1464; baseline 0.002 -22"><span class='ocrx_word' id='word_1_139' title='bbox 621 1391 719 1458; x_wconf 88' lang='lat' dir='ltr'><strong>ipsi</strong></span> <span class='ocrx_word' id='word_1_140' title='bbox 744 1396 1230 1464; x_wconf 87' lang='lat' dir='ltr'><strong>contradicebant).</strong></span> <span class='ocrx_word' id='word_1_141' title='bbox 1257 1396 1392 1449; x_wconf 87' lang='lat' dir='ltr'><strong>Num</strong></span> <span class='ocrx_word' id='word_1_142' title='bbox 1421 1396 1684 1450; x_wconf 88' lang='lat' dir='ltr'><strong>Deitatem</strong></span> <span class='ocrx_word' id='word_1_143' title='bbox 1709 1396 1889 1450; x_wconf 87' lang='lat' dir='ltr'><strong>dicitis</strong></span> <span class='ocrx_word' id='word_1_144' title='bbox 1912 1410 1978 1448; x_wconf 82' lang='lat' dir='ltr'><strong>ex</strong></span> <span class='ocrx_word' id='word_1_145' title='bbox 2004 1404 2192 1447; x_wconf 85' lang='lat' dir='ltr'><strong>sancta</strong></span> 
     </span>
    </p>
   </div>
   <div class='ocr_carea' id='block_1_21' title="bbox 624 1482 2190 1552">
    <p class='ocr_par' dir='ltr' id='par_1_21' title="bbox 624 1482 2190 1552">
     <span class='ocr_line' id='line_1_21' title="bbox 624 1482 2190 1552; baseline 0.001 -18"><span class='ocrx_word' id='word_1_146' title='bbox 624 1482 846 1552; x_wconf 68' lang='lat' dir='ltr'><strong>Virgine</strong></span> <span class='ocrx_word' id='word_1_147' title='bbox 879 1487 1102 1540; x_wconf 87' lang='lat' dir='ltr'><strong>natam?</strong></span> <span class='ocrx_word' id='word_1_148' title='bbox 1129 1486 1206 1541; x_wconf 82' lang='lat' dir='ltr'><strong>Ad</strong></span> <span class='ocrx_word' id='word_1_149' title='bbox 1239 1488 1352 1541; x_wconf 69' lang='lat' dir='ltr'><strong>haec</strong></span> <span class='ocrx_word' id='word_1_150' title='bbox 1380 1488 1542 1542; x_wconf 86' lang='lat' dir='ltr'><strong>verba</strong></span> <span class='ocrx_word' id='word_1_151' title='bbox 1587 1488 1730 1541; x_wconf 87' lang='lat' dir='ltr'><strong>illico</strong></span> <span class='ocrx_word' id='word_1_152' title='bbox 1762 1485 2050 1540; x_wconf 82' lang='lat' dir='ltr'><strong>resiliunt:</strong></span> <span class='ocrx_word' id='word_1_153' title='bbox 2087 1484 2190 1536; x_wconf 89' lang='lat' dir='ltr'><strong>Ec-</strong></span> 
     </span>
    </p>
   </div>
   <div class='ocr_carea' id='block_1_22' title="bbox 621 1575 2185 1646">
    <p class='ocr_par' dir='ltr' id='par_1_22' title="bbox 621 1575 2185 1646">
     <span class='ocr_line' id='line_1_22' title="bbox 621 1575 2185 1646; baseline 0 -19"><span class='ocrx_word' id='word_1_154' title='bbox 621 1576 763 1643; x_wconf 87' lang='lat' dir='ltr'><strong>quis,</strong></span> <span class='ocrx_word' id='word_1_155' title='bbox 812 1575 1084 1644; x_wconf 89' lang='lat' dir='ltr'><strong>inquiunt,</strong></span> <span class='ocrx_word' id='word_1_156' title='bbox 1135 1585 1286 1632; x_wconf 86' lang='lat' dir='ltr'><strong>tanto</strong></span> <span class='ocrx_word' id='word_1_157' title='bbox 1318 1578 1670 1646; x_wconf 64' lang='lat' dir='ltr'><strong>blasphemiae</strong></span> <span class='ocrx_word' id='word_1_158' title='bbox 1715 1575 1905 1630; x_wconf 90' lang='lat' dir='ltr'><strong>morbo</strong></span> <span class='ocrx_word' id='word_1_159' title='bbox 1953 1575 2185 1638; x_wconf 88' lang='lat' dir='ltr'><strong>laborat,</strong></span> 
     </span>
    </p>
   </div>
   <div class='ocr_carea' id='block_1_23' title="bbox 627 1667 2192 1739">
    <p class='ocr_par' dir='ltr' id='par_1_23' title="bbox 627 1667 2192 1739">
     <span class='ocr_line' id='line_1_23' title="bbox 627 1667 2192 1739; baseline 0.001 -22"><span class='ocrx_word' id='word_1_160' title='bbox 627 1675 683 1719; x_wconf 90' lang='lat' dir='ltr'><strong>ut</strong></span> <span class='ocrx_word' id='word_1_161' title='bbox 713 1682 835 1736; x_wconf 70' lang='lat' dir='ltr'><strong>quae</strong></span> <span class='ocrx_word' id='word_1_162' title='bbox 871 1669 1130 1737; x_wconf 85' lang='lat' dir='ltr'><strong>templum</strong></span> <span class='ocrx_word' id='word_1_163' title='bbox 1178 1671 1382 1739; x_wconf 83' lang='lat' dir='ltr'><strong>genuit,</strong></span> <span class='ocrx_word' id='word_1_164' title='bbox 1420 1669 1654 1738; x_wconf 88' lang='lat' dir='ltr'><strong>Spiritus</strong></span> <span class='ocrx_word' id='word_1_165' title='bbox 1696 1668 1869 1722; x_wconf 77' lang='lat' dir='ltr'><strong>sancti</strong></span> <span class='ocrx_word' id='word_1_166' title='bbox 1919 1681 2103 1734; x_wconf 86' lang='lat' dir='ltr'><strong>opera,</strong></span> <span class='ocrx_word' id='word_1_167' title='bbox 2139 1667 2192 1719; x_wconf 91' lang='lat' dir='ltr'><strong>in</strong></span> 
     </span>
    </p>
   </div>
   <div class='ocr_carea' id='block_1_24' title="bbox 620 1752 2194 1826">
    <p class='ocr_par' dir='ltr' id='par_1_24' title="bbox 620 1752 2194 1826">
     <span class='ocr_line' id='line_1_24' title="bbox 620 1752 2194 1826; baseline 0 -18"><span class='ocrx_word' id='word_1_168' title='bbox 620 1771 684 1809; x_wconf 86' lang='lat' dir='ltr'><strong>ea</strong></span> <span class='ocrx_word' id='word_1_169' title='bbox 716 1755 885 1810; x_wconf 89' lang='lat' dir='ltr'><strong>Deum</strong></span> <span class='ocrx_word' id='word_1_170' title='bbox 920 1757 1091 1826; x_wconf 88' lang='lat' dir='ltr'><strong>ipsum</strong></span> <span class='ocrx_word' id='word_1_171' title='bbox 1123 1768 1362 1812; x_wconf 90' lang='lat' dir='ltr'><strong>creatum</strong></span> <span class='ocrx_word' id='word_1_172' title='bbox 1394 1759 1578 1812; x_wconf 77' lang='lat' dir='ltr'><strong>dicat!</strong></span> <span class='ocrx_word' id='word_1_173' title='bbox 1610 1757 1810 1812; x_wconf 83' lang='lat' dir='ltr'><strong>Deinde</strong></span> <span class='ocrx_word' id='word_1_174' title='bbox 1839 1772 1961 1810; x_wconf 90' lang='lat' dir='ltr'><strong>cum</strong></span> <span class='ocrx_word' id='word_1_175' title='bbox 1988 1756 2054 1809; x_wconf 90' lang='lat' dir='ltr'><strong>ad</strong></span> <span class='ocrx_word' id='word_1_176' title='bbox 2082 1752 2194 1809; x_wconf 74' lang='lat' dir='ltr'><strong>[nec</strong></span> 
     </span>
    </p>
   </div>
   <div class='ocr_carea' id='block_1_25' title="bbox 625 1845 2192 1917">
    <p class='ocr_par' dir='ltr' id='par_1_25' title="bbox 625 1845 2192 1917">
     <span class='ocr_line' id='line_1_25' title="bbox 625 1845 2192 1917; baseline -0.004 -17"><span class='ocrx_word' id='word_1_177' title='bbox 625 1845 853 1915; x_wconf 88' lang='lat' dir='ltr'><strong>subjicio</strong></span> <span class='ocrx_word' id='word_1_178' title='bbox 892 1866 909 1902; x_wconf 83' lang='lat'><strong>;</strong></span> <span class='ocrx_word' id='word_1_179' title='bbox 945 1849 1085 1914; x_wconf 83' lang='lat' dir='ltr'><strong>Quid</strong></span> <span class='ocrx_word' id='word_1_180' title='bbox 1124 1849 1285 1917; x_wconf 85' lang='lat' dir='ltr'><strong>igitur</strong></span> <span class='ocrx_word' id='word_1_181' title='bbox 1316 1849 1552 1903; x_wconf 82' lang='lat' dir='ltr'><strong>absurde</strong></span> <span class='ocrx_word' id='word_1_182' title='bbox 1578 1849 1774 1901; x_wconf 88' lang='lat' dir='ltr'><strong>dicitur</strong></span> <span class='ocrx_word' id='word_1_183' title='bbox 1805 1861 1834 1898; x_wconf 93' lang='lat' dir='ltr'><strong>a</strong></span> <span class='ocrx_word' id='word_1_184' title='bbox 1864 1845 2038 1907; x_wconf 77' lang='lat' dir='ltr'><strong>nobis,</strong></span> <span class='ocrx_word' id='word_1_185' title='bbox 2071 1859 2192 1897; x_wconf 89' lang='lat' dir='ltr'><strong>cum</strong></span> 
     </span>
    </p>
   </div>
   <div class='ocr_carea' id='block_1_26' title="bbox 624 1933 2193 2003">
    <p class='ocr_par' dir='ltr' id='par_1_26' title="bbox 624 1933 2193 2003">
     <span class='ocr_line' id='line_1_26' title="bbox 624 1933 2193 2003; baseline -0.004 -12"><span class='ocrx_word' id='word_1_186' title='bbox 624 1951 810 1991; x_wconf 84' lang='lat' dir='ltr'><strong>vocem</strong></span> <span class='ocrx_word' id='word_1_187' title='bbox 841 1936 981 1990; x_wconf 87' lang='lat' dir='ltr'><strong>hanc</strong></span> <span class='ocrx_word' id='word_1_188' title='bbox 1015 1936 1211 1991; x_wconf 77' lang='lat' dir='ltr'><strong>eﬂ&#39;erre</strong></span> <span class='ocrx_word' id='word_1_189' title='bbox 1243 1936 1455 2003; x_wconf 83' lang='lat' dir='ltr'><strong>quidem</strong></span> <span class='ocrx_word' id='word_1_190' title='bbox 1486 1936 1795 1996; x_wconf 90' lang='lat' dir='ltr'><strong>suademus,</strong></span> <span class='ocrx_word' id='word_1_191' title='bbox 1828 1933 1919 1986; x_wconf 92' lang='lat' dir='ltr'><strong>sed</strong></span> <span class='ocrx_word' id='word_1_192' title='bbox 1950 1934 2014 1985; x_wconf 88' lang='lat' dir='ltr'><strong>ad</strong></span> <span class='ocrx_word' id='word_1_193' title='bbox 2046 1947 2193 1986; x_wconf 81' lang='lat' dir='ltr'><strong>com-</strong></span> 
     </span>
    </p>
   </div>
   <div class='ocr_carea' id='block_1_27' title="bbox 627 2019 2194 2094">
    <p class='ocr_par' dir='ltr' id='par_1_27' title="bbox 627 2019 2194 2094">
     <span class='ocr_line' id='line_1_27' title="bbox 627 2019 2194 2094; baseline 0.001 -20"><span class='ocrx_word' id='word_1_194' title='bbox 627 2039 790 2079; x_wconf 86' lang='lat' dir='ltr'><strong>mune</strong></span> <span class='ocrx_word' id='word_1_195' title='bbox 834 2025 1047 2080; x_wconf 87' lang='lat' dir='ltr'><strong>duabus</strong></span> <span class='ocrx_word' id='word_1_196' title='bbox 1096 2026 1307 2079; x_wconf 86' lang='lat' dir='ltr'><strong>naturis</strong></span> <span class='ocrx_word' id='word_1_197' title='bbox 1355 2024 1710 2094; x_wconf 78' lang='lat' dir='ltr'><strong>signiﬁcatum</strong></span> <span class='ocrx_word' id='word_1_198' title='bbox 1759 2021 2022 2092; x_wconf 81' lang='lat' dir='ltr'><strong>pergere?</strong></span> <span class='ocrx_word' id='word_1_199' title='bbox 2060 2019 2194 2075; x_wconf 88' lang='lat' dir='ltr'><strong>Tum</strong></span> 
     </span>
    </p>
   </div>
   <div class='ocr_carea' id='block_1_28' title="bbox 627 2109 2199 2183">
    <p class='ocr_par' dir='ltr' id='par_1_28' title="bbox 627 2109 2199 2183">
     <span class='ocr_line' id='line_1_28' title="bbox 627 2109 2199 2183; baseline -0.002 -19"><span class='ocrx_word' id='word_1_200' title='bbox 627 2129 756 2169; x_wconf 77' lang='lat' dir='ltr'><strong>vero</strong></span> <span class='ocrx_word' id='word_1_201' title='bbox 783 2122 973 2183; x_wconf 90' lang='lat' dir='ltr'><strong>putant</strong></span> <span class='ocrx_word' id='word_1_202' title='bbox 1022 2113 1398 2182; x_wconf 86' lang='lat' dir='ltr'><strong>blasphemum</strong></span> <span class='ocrx_word' id='word_1_203' title='bbox 1435 2124 1555 2165; x_wconf 90' lang='lat' dir='ltr'><strong>esse</strong></span> <span class='ocrx_word' id='word_1_204' title='bbox 1602 2111 1746 2178; x_wconf 89' lang='lat' dir='ltr'><strong>quod</strong></span> <span class='ocrx_word' id='word_1_205' title='bbox 1789 2111 2062 2164; x_wconf 90' lang='lat' dir='ltr'><strong>dicimus:</strong></span> <span class='ocrx_word' id='word_1_206' title='bbox 2092 2109 2199 2161; x_wconf 83' lang='lat' dir='ltr'><strong>Aut</strong></span> 
     </span>
    </p>
   </div>
   <div class='ocr_carea' id='block_1_29' title="bbox 626 2199 2198 2276">
    <p class='ocr_par' dir='ltr' id='par_1_29' title="bbox 626 2199 2198 2276">
     <span class='ocr_line' id='line_1_29' title="bbox 626 2199 2198 2276; baseline -0.001 -20"><span class='ocrx_word' id='word_1_207' title='bbox 626 2215 810 2276; x_wconf 82' lang='lat' dir='ltr'><strong>aperte</strong></span> <span class='ocrx_word' id='word_1_208' title='bbox 848 2205 1109 2260; x_wconf 80' lang='lat' dir='ltr'><strong>confitere</strong></span> <span class='ocrx_word' id='word_1_209' title='bbox 1137 2204 1478 2258; x_wconf 86' lang='lat' dir='ltr'><strong>divinitatem</strong></span> <span class='ocrx_word' id='word_1_210' title='bbox 1516 2216 1582 2256; x_wconf 81' lang='lat' dir='ltr'><strong>ex</strong></span> <span class='ocrx_word' id='word_1_211' title='bbox 1630 2203 1786 2256; x_wconf 85' lang='lat' dir='ltr'><strong>beata</strong></span> <span class='ocrx_word' id='word_1_212' title='bbox 1833 2199 2003 2255; x_wconf 80' lang='lat' dir='ltr'><strong>Maria</strong></span> <span class='ocrx_word' id='word_1_213' title='bbox 2047 2199 2198 2271; x_wconf 78' lang='lat' dir='ltr'><strong>geni-</strong></span> 
     </span>
    </p>
   </div>
   <div class='ocr_carea' id='block_1_30' title="bbox 630 2292 2200 2363">
    <p class='ocr_par' dir='ltr' id='par_1_30' title="bbox 630 2292 2200 2363">
     <span class='ocr_line' id='line_1_30' title="bbox 630 2292 2200 2363; baseline -0.001 -17"><span class='ocrx_word' id='word_1_214' title='bbox 630 2306 760 2360; x_wconf 89' lang='lat' dir='ltr'><strong>tam,</strong></span> <span class='ocrx_word' id='word_1_215' title='bbox 789 2306 883 2349; x_wconf 82' lang='lat' dir='ltr'><strong>aut</strong></span> <span class='ocrx_word' id='word_1_216' title='bbox 919 2295 963 2350; x_wconf 89' lang='lat' dir='ltr'><strong>si</strong></span> <span class='ocrx_word' id='word_1_217' title='bbox 1007 2305 1067 2350; x_wconf 89' lang='lat' dir='ltr'><strong>ut</strong></span> <span class='ocrx_word' id='word_1_218' title='bbox 1101 2294 1468 2363; x_wconf 80' lang='lat' dir='ltr'><strong>blaspltemam</strong></span> <span class='ocrx_word' id='word_1_219' title='bbox 1500 2292 1642 2362; x_wconf 80' lang='lat' dir='ltr'><strong>fugis</strong></span> <span class='ocrx_word' id='word_1_220' title='bbox 1674 2293 1816 2346; x_wconf 81' lang='lat' dir='ltr'><strong>hanc</strong></span> <span class='ocrx_word' id='word_1_221' title='bbox 1848 2305 2059 2354; x_wconf 84' lang='lat' dir='ltr'><strong>vocem,</strong></span> <span class='ocrx_word' id='word_1_222' title='bbox 2103 2305 2200 2345; x_wconf 90' lang='lat' dir='ltr'><strong>cur</strong></span> 
     </span>
    </p>
   </div>
   <div class='ocr_carea' id='block_1_31' title="bbox 626 2379 2198 2456">
    <p class='ocr_par' dir='ltr' id='par_1_31' title="bbox 626 2379 2198 2456">
     <span class='ocr_line' id='line_1_31' title="bbox 626 2379 2198 2456; baseline -0.001 -20"><span class='ocrx_word' id='word_1_223' title='bbox 626 2386 718 2454; x_wconf 80' lang='lat' dir='ltr'><strong>qui</strong></span> <span class='ocrx_word' id='word_1_224' title='bbox 751 2386 938 2441; x_wconf 87' lang='lat' dir='ltr'><strong>eadem</strong></span> <span class='ocrx_word' id='word_1_225' title='bbox 963 2394 1127 2456; x_wconf 85' lang='lat' dir='ltr'><strong>atque</strong></span> <span class='ocrx_word' id='word_1_226' title='bbox 1150 2398 1251 2452; x_wconf 82' lang='lat' dir='ltr'><strong>ego</strong></span> <span class='ocrx_word' id='word_1_227' title='bbox 1273 2385 1431 2450; x_wconf 87' lang='lat' dir='ltr'><strong>dicis,</strong></span> <span class='ocrx_word' id='word_1_228' title='bbox 1462 2393 1514 2440; x_wconf 83' lang='lat' dir='ltr'><strong>te</strong></span> <span class='ocrx_word' id='word_1_229' title='bbox 1538 2383 1682 2439; x_wconf 87' lang='lat' dir='ltr'><strong>haud</strong></span> <span class='ocrx_word' id='word_1_230' title='bbox 1712 2383 1891 2438; x_wconf 82' lang='lat' dir='ltr'><strong>dicere</strong></span> <span class='ocrx_word' id='word_1_231' title='bbox 1913 2381 2135 2438; x_wconf 82' lang='lat' dir='ltr'><strong>simulas</strong></span> <span class='ocrx_word' id='word_1_232' title='bbox 2152 2379 2198 2452; x_wconf 59' lang='lat'><strong>1*]</strong></span> 
     </span>
    </p>
   </div>
   <div class='ocr_carea' id='block_1_32' title="bbox 697 2556 2201 2632">
    <p class='ocr_par' dir='ltr' id='par_1_32' title="bbox 697 2556 2201 2632">
     <span class='ocr_line' id='line_1_32' title="bbox 697 2556 2201 2632; baseline -0.003 -17"><span class='ocrx_word' id='word_1_233' title='bbox 697 2562 748 2630; x_wconf 86' lang='lat'><strong>7</strong></span> <span class='ocrx_word' id='word_1_234' title='bbox 776 2560 914 2632; x_wconf 85' lang='lat' dir='ltr'><strong>Ergo</strong></span> <span class='ocrx_word' id='word_1_235' title='bbox 939 2577 1000 2616; x_wconf 78' lang='lat' dir='ltr'><strong>ex</strong></span> <span class='ocrx_word' id='word_1_236' title='bbox 1035 2561 1122 2616; x_wconf 87' lang='lat' dir='ltr'><strong>his</strong></span> <span class='ocrx_word' id='word_1_237' title='bbox 1139 2575 1260 2630; x_wconf 66' lang='lat' dir='ltr'><strong>quae</strong></span> <span class='ocrx_word' id='word_1_238' title='bbox 1290 2560 1628 2628; x_wconf 86' lang='lat' dir='ltr'><strong>dicis,atque</strong></span> <span class='ocrx_word' id='word_1_239' title='bbox 1658 2557 1821 2612; x_wconf 90' lang='lat' dir='ltr'><strong>etiam</strong></span> <span class='ocrx_word' id='word_1_240' title='bbox 1852 2556 2047 2611; x_wconf 88' lang='lat' dir='ltr'><strong>nescio</strong></span> <span class='ocrx_word' id='word_1_241' title='bbox 2064 2568 2201 2624; x_wconf 82' lang='lat' dir='ltr'><strong>quo-</strong></span> 
     </span>
    </p>
   </div>
   <div class='ocr_carea' id='block_1_33' title="bbox 629 2649 2197 2722">
    <p class='ocr_par' dir='ltr' id='par_1_33' title="bbox 629 2649 2197 2722">
     <span class='ocr_line' id='line_1_33' title="bbox 629 2649 2197 2722; baseline -0.004 -17"><span class='ocrx_word' id='word_1_242' title='bbox 629 2653 789 2705; x_wconf 90' lang='lat' dir='ltr'><strong>modo</strong></span> <span class='ocrx_word' id='word_1_243' title='bbox 821 2653 1163 2706; x_wconf 82' lang='lat' dir='ltr'><strong>sentiendum</strong></span> <span class='ocrx_word' id='word_1_244' title='bbox 1189 2661 1372 2722; x_wconf 87' lang='lat' dir='ltr'><strong>putas,</strong></span> <span class='ocrx_word' id='word_1_245' title='bbox 1402 2650 1468 2706; x_wconf 90' lang='lat' dir='ltr'><strong>de</strong></span> <span class='ocrx_word' id='word_1_246' title='bbox 1503 2651 1567 2705; x_wconf 91' lang='lat' dir='ltr'><strong>iis</strong></span> <span class='ocrx_word' id='word_1_247' title='bbox 1591 2650 1684 2720; x_wconf 90' lang='lat' dir='ltr'><strong>qui</strong></span> <span class='ocrx_word' id='word_1_248' title='bbox 1714 2655 1902 2704; x_wconf 87' lang='lat' dir='ltr'><strong>contra</strong></span> <span class='ocrx_word' id='word_1_249' title='bbox 1928 2649 2197 2712; x_wconf 89' lang='lat' dir='ltr'><strong>sentiunt,</strong></span> 
     </span>
    </p>
   </div>
   <div class='ocr_carea' id='block_1_34' title="bbox 630 2739 2200 2810">
    <p class='ocr_par' dir='ltr' id='par_1_34' title="bbox 630 2739 2200 2810">
     <span class='ocr_line' id='line_1_34' title="bbox 630 2739 2200 2810; baseline -0.005 -12"><span class='ocrx_word' id='word_1_250' title='bbox 630 2753 816 2810; x_wconf 88' lang='lat' dir='ltr'><strong>aperte</strong></span> <span class='ocrx_word' id='word_1_251' title='bbox 841 2743 1207 2798; x_wconf 89' lang='lat' dir='ltr'><strong>testimonium</strong></span> <span class='ocrx_word' id='word_1_252' title='bbox 1247 2743 1423 2797; x_wconf 74' lang='lat' dir='ltr'><strong>fertur</strong></span> <span class='ocrx_word' id='word_1_253' title='bbox 1452 2743 1615 2797; x_wconf 87' lang='lat' dir='ltr'><strong>etiam</strong></span> <span class='ocrx_word' id='word_1_254' title='bbox 1654 2750 1757 2796; x_wconf 62' lang='lat' dir='ltr'><strong>tua</strong></span> <span class='ocrx_word' id='word_1_255' title='bbox 1783 2741 1932 2794; x_wconf 91' lang='lat' dir='ltr'><strong>vocis</strong></span> <span class='ocrx_word' id='word_1_256' title='bbox 1979 2739 2200 2793; x_wconf 80' lang='lat' dir='ltr'><strong>confes-</strong></span> 
     </span>
    </p>
   </div>
   <div class='ocr_carea' id='block_1_35' title="bbox 629 2832 2197 2898">
    <p class='ocr_par' dir='ltr' id='par_1_35' title="bbox 629 2832 2197 2898">
     <span class='ocr_line' id='line_1_35' title="bbox 629 2832 2197 2898; baseline -0.003 -12"><span class='ocrx_word' id='word_1_257' title='bbox 629 2835 800 2898; x_wconf 88' lang='lat' dir='ltr'><strong>sione,</strong></span> <span class='ocrx_word' id='word_1_258' title='bbox 828 2843 1028 2888; x_wconf 88' lang='lat' dir='ltr'><strong>rectam</strong></span> <span class='ocrx_word' id='word_1_259' title='bbox 1049 2833 1168 2888; x_wconf 92' lang='lat' dir='ltr'><strong>illos</strong></span> <span class='ocrx_word' id='word_1_260' title='bbox 1193 2851 1257 2889; x_wconf 90' lang='lat' dir='ltr'><strong>ac</strong></span> <span class='ocrx_word' id='word_1_261' title='bbox 1281 2849 1466 2888; x_wconf 88' lang='lat' dir='ltr'><strong>veram</strong></span> <span class='ocrx_word' id='word_1_262' title='bbox 1497 2833 1824 2889; x_wconf 83' lang='lat' dir='ltr'><strong>sententiam</strong></span> <span class='ocrx_word' id='word_1_263' title='bbox 1860 2832 1928 2887; x_wconf 93' lang='lat' dir='ltr'><strong>de</strong></span> <span class='ocrx_word' id='word_1_264' title='bbox 1953 2841 2197 2886; x_wconf 89' lang='lat' dir='ltr'><strong>nostrum</strong></span> 
     </span>
    </p>
   </div>
   <div class='ocr_carea' id='block_1_36' title="bbox 630 2921 2201 2989">
    <p class='ocr_par' dir='ltr' id='par_1_36' title="bbox 630 2921 2201 2989">
     <span class='ocr_line' id='line_1_36' title="bbox 630 2921 2201 2989; baseline -0.003 -11"><span class='ocrx_word' id='word_1_265' title='bbox 630 2924 868 2979; x_wconf 91' lang='lat' dir='ltr'><strong>omnium</strong></span> <span class='ocrx_word' id='word_1_266' title='bbox 899 2923 1413 2980; x_wconf 84' lang='lat' dir='ltr'><strong>SalvatoreChristo</strong></span> <span class='ocrx_word' id='word_1_267' title='bbox 1439 2935 1643 2989; x_wconf 88' lang='lat' dir='ltr'><strong>tenere,</strong></span> <span class='ocrx_word' id='word_1_268' title='bbox 1673 2933 1727 2979; x_wconf 90' lang='lat' dir='ltr'><strong>et</strong></span> <span class='ocrx_word' id='word_1_269' title='bbox 1750 2923 1909 2976; x_wconf 84' lang='lat' dir='ltr'><strong>ﬁdem</strong></span> <span class='ocrx_word' id='word_1_270' title='bbox 1944 2923 1993 2975; x_wconf 94' lang='lat' dir='ltr'><strong>in</strong></span> <span class='ocrx_word' id='word_1_271' title='bbox 2021 2921 2201 2974; x_wconf 87' lang='lat' dir='ltr'><strong>animo</strong></span> 
     </span>
    </p>
   </div>
   <div class='ocr_carea' id='block_1_37' title="bbox 2365 1281 3895 1375">
    <p class='ocr_par' dir='ltr' id='par_1_37' title="bbox 2365 1281 3895 1375">
     <span class='ocr_line' id='line_1_37' title="bbox 2365 1281 3895 1375; baseline -0.013 -20"><span class='ocrx_word' id='word_1_272' title='bbox 2365 1300 2713 1375; x_wconf 79' lang='grc' dir='ltr'>[Ἦρὼτησα.</span> <span class='ocrx_word' id='word_1_273' title='bbox 2748 1296 2900 1363; x_wconf 77' lang='grc' dir='ltr'>φησὶ,</span> <span class='ocrx_word' id='word_1_274' title='bbox 2940 1291 3195 1352; x_wconf 75' lang='grc' dir='ltr'>πολλάκις</span> <span class='ocrx_word' id='word_1_275' title='bbox 3236 1285 3435 1346; x_wconf 78' lang='grc' dir='ltr'>αὑτοὺς</span> <span class='ocrx_word' id='word_1_276' title='bbox 3479 1282 3656 1350; x_wconf 85' lang='grc' dir='ltr'>(δῆλον</span> <span class='ocrx_word' id='word_1_277' title='bbox 3697 1281 3751 1333; x_wconf 81' lang='grc' dir='ltr'>δὲ</span> <span class='ocrx_word' id='word_1_278' title='bbox 3788 1282 3895 1335; x_wconf 74' lang='grc' dir='ltr'><strong>ὅτι·⁴</strong></span> 
     </span>
    </p>
   </div>
   <div class='ocr_carea' id='block_1_38' title="bbox 2292 1373 3885 1454">
    <p class='ocr_par' dir='ltr' id='par_1_38' title="bbox 2292 1373 3885 1454">
     <span class='ocr_line' id='line_1_38' title="bbox 2292 1373 3885 1454; baseline -0.017 -8"><span class='ocrx_word' id='word_1_279' title='bbox 2292 1373 2418 1454; x_wconf 66' lang='grc' dir='ltr'>τους</span> <span class='ocrx_word' id='word_1_280' title='bbox 2450 1389 2833 1454; x_wconf 77' lang='grc' dir='ltr'>ἀντιλέγοντας</span> <span class='ocrx_word' id='word_1_281' title='bbox 2845 1383 3050 1451; x_wconf 82' lang='grc' dir='ltr'>αὑτοῦ)·</span> <span class='ocrx_word' id='word_1_282' title='bbox 3069 1381 3180 1450; x_wconf 79' lang='grc' dir='ltr'><strong>Τὴν</strong></span> <span class='ocrx_word' id='word_1_283' title='bbox 3215 1377 3448 1444; x_wconf 83' lang='grc' dir='ltr'>θεότητα</span> <span class='ocrx_word' id='word_1_284' title='bbox 3467 1373 3653 1437; x_wconf 79' lang='grc' dir='ltr'>λέγετε</span> <span class='ocrx_word' id='word_1_285' title='bbox 3681 1388 3885 1439; x_wconf 87' lang='grc' dir='ltr'>γεγεν-</span> 
     </span>
    </p>
   </div>
   <div class='ocr_carea' id='block_1_39' title="bbox 2298 1462 3900 1551">
    <p class='ocr_par' dir='ltr' id='par_1_39' title="bbox 2298 1462 3900 1551">
     <span class='ocr_line' id='line_1_39' title="bbox 2298 1462 3900 1551; baseline -0.018 -13"><span class='ocrx_word' id='word_1_286' title='bbox 2298 1483 2495 1551; x_wconf 78' lang='grc' dir='ltr'>νῆσθαι</span> <span class='ocrx_word' id='word_1_287' title='bbox 2531 1482 2594 1532; x_wconf 78' lang='grc' dir='ltr'>ὲκ</span> <span class='ocrx_word' id='word_1_288' title='bbox 2622 1481 2720 1548; x_wconf 76' lang='grc' dir='ltr'><strong>τῆς</strong></span> <span class='ocrx_word' id='word_1_289' title='bbox 2755 1475 2916 1542; x_wconf 78' lang='grc' dir='ltr'>ἁγίας</span> <span class='ocrx_word' id='word_1_290' title='bbox 2950 1471 3268 1542; x_wconf 81' lang='grc' dir='ltr'>Παρθένου;</span> <span class='ocrx_word' id='word_1_291' title='bbox 3308 1463 3682 1551; x_wconf 78' lang='grc' dir='ltr'>Ἀποττηδῶσιν</span> <span class='ocrx_word' id='word_1_292' title='bbox 3712 1462 3900 1522; x_wconf 76' lang='grc' dir='ltr'>εὐθὺς-</span> 
     </span>
    </p>
   </div>
   <div class='ocr_carea' id='block_1_40' title="bbox 2299 1544 3889 1644">
    <p class='ocr_par' dir='ltr' id='par_1_40' title="bbox 2299 1544 3889 1644">
     <span class='ocr_line' id='line_1_40' title="bbox 2299 1544 3889 1644; baseline -0.014 -18"><span class='ocrx_word' id='word_1_293' title='bbox 2299 1544 2436 1644; x_wconf 75' lang='grc' dir='ltr'>πρὸς</span> <span class='ocrx_word' id='word_1_294' title='bbox 2463 1571 2523 1623; x_wconf 82' lang='grc' dir='ltr'><strong>τδ</strong></span> <span class='ocrx_word' id='word_1_295' title='bbox 2553 1544 2704 1639; x_wconf 75' lang='grc' dir='ltr'>ῥῆμα</span> <span class='ocrx_word' id='word_1_296' title='bbox 2725 1582 2738 1597; x_wconf 90' lang='grc'><strong>·</strong></span> <span class='ocrx_word' id='word_1_297' title='bbox 2769 1565 2877 1618; x_wconf 71' lang='grc' dir='ltr'><strong>Καὶ</strong></span> <span class='ocrx_word' id='word_1_298' title='bbox 2906 1562 3010 1625; x_wconf 84' lang='grc' dir='ltr'>τίς,</span> <span class='ocrx_word' id='word_1_299' title='bbox 3036 1559 3192 1628; x_wconf 74' lang='grc' dir='ltr'>φασὶ,</span> <span class='ocrx_word' id='word_1_300' title='bbox 3223 1544 3493 1621; x_wconf 63' lang='grc' dir='ltr'>τοσαύτίην</span> <span class='ocrx_word' id='word_1_301' title='bbox 3527 1550 3889 1621; x_wconf 70' lang='grc' dir='ltr'>βλασφημίαν</span> 
     </span>
    </p>
   </div>
   <div class='ocr_carea' id='block_1_41' title="bbox 2302 1638 3896 1724">
    <p class='ocr_par' dir='ltr' id='par_1_41' title="bbox 2302 1638 3896 1724">
     <span class='ocr_line' id='line_1_41' title="bbox 2302 1638 3896 1724; baseline -0.018 -8"><span class='ocrx_word' id='word_1_302' title='bbox 2302 1663 2465 1724; x_wconf 78' lang='grc' dir='ltr'>νοσεῖ,</span> <span class='ocrx_word' id='word_1_303' title='bbox 2497 1638 2639 1712; x_wconf 82' lang='grc' dir='ltr'>ὥστε</span> <span class='ocrx_word' id='word_1_304' title='bbox 2670 1655 2884 1723; x_wconf 78' lang='grc' dir='ltr'>ἐκείνην</span> <span class='ocrx_word' id='word_1_305' title='bbox 2922 1652 3019 1720; x_wconf 81' lang='grc' dir='ltr'><strong>τὴν</strong></span> <span class='ocrx_word' id='word_1_306' title='bbox 3048 1647 3384 1715; x_wconf 81' lang='grc' dir='ltr'>γεννήσασαν</span> <span class='ocrx_word' id='word_1_307' title='bbox 3416 1642 3506 1693; x_wconf 72' lang='grc' dir='ltr'>τὸν</span> <span class='ocrx_word' id='word_1_308' title='bbox 3537 1640 3660 1692; x_wconf 80' lang='grc' dir='ltr'>ναὸν</span> <span class='ocrx_word' id='word_1_309' title='bbox 3694 1638 3896 1705; x_wconf 75' lang='grc' dir='ltr'>λέγειν</span> 
     </span>
    </p>
   </div>
   <div class='ocr_carea' id='block_1_42' title="bbox 2298 1729 3894 1817">
    <p class='ocr_par' dir='ltr' id='par_1_42' title="bbox 2298 1729 3894 1817">
     <span class='ocr_line' id='line_1_42' title="bbox 2298 1729 3894 1817; baseline -0.017 -12"><span class='ocrx_word' id='word_1_310' title='bbox 2298 1750 2452 1817; x_wconf 82' lang='grc' dir='ltr'>παρὰ</span> <span class='ocrx_word' id='word_1_311' title='bbox 2477 1747 2570 1802; x_wconf 75' lang='grc' dir='ltr'>τοῦ</span> <span class='ocrx_word' id='word_1_312' title='bbox 2621 1744 2938 1813; x_wconf 87' lang='grc' dir='ltr'>Πνεύματος</span> <span class='ocrx_word' id='word_1_313' title='bbox 2966 1739 3057 1792; x_wconf 82' lang='grc' dir='ltr'><strong>τὸν</strong></span> <span class='ocrx_word' id='word_1_314' title='bbox 3099 1736 3230 1788; x_wconf 72' lang='grc' dir='ltr'>Θεὸν</span> <span class='ocrx_word' id='word_1_315' title='bbox 3275 1736 3331 1785; x_wconf 82' lang='grc' dir='ltr'>ὲν</span> <span class='ocrx_word' id='word_1_316' title='bbox 3378 1732 3562 1801; x_wconf 79' lang='grc' dir='ltr'>ἐκείνῃ</span> <span class='ocrx_word' id='word_1_317' title='bbox 3595 1729 3843 1782; x_wconf 73' lang='grc' dir='ltr'>ἐκτίσθαι</span> <span class='ocrx_word' id='word_1_318' title='bbox 3866 1747 3894 1793; x_wconf 68' lang='grc' dir='ltr'><em>τ</em></span> 
     </span>
    </p>
   </div>
   <div class='ocr_carea' id='block_1_43' title="bbox 2299 1817 3896 1900">
    <p class='ocr_par' dir='ltr' id='par_1_43' title="bbox 2299 1817 3896 1900">
     <span class='ocr_line' id='line_1_43' title="bbox 2299 1817 3896 1900; baseline -0.014 -8"><span class='ocrx_word' id='word_1_319' title='bbox 2299 1836 2430 1891; x_wconf 80' lang='grc' dir='ltr'>Εἶτα</span> <span class='ocrx_word' id='word_1_320' title='bbox 2457 1838 2584 1889; x_wconf 82' lang='grc' dir='ltr'>ὅταν</span> <span class='ocrx_word' id='word_1_321' title='bbox 2607 1832 2872 1900; x_wconf 77' lang='grc' dir='ltr'>ἐπαγάγω</span> <span class='ocrx_word' id='word_1_322' title='bbox 2899 1830 3035 1898; x_wconf 71' lang='grc' dir='ltr'>πρὸς</span> <span class='ocrx_word' id='word_1_323' title='bbox 3057 1826 3252 1890; x_wconf 82' lang='grc' dir='ltr'>ταῦτα,</span> <span class='ocrx_word' id='word_1_324' title='bbox 3279 1824 3344 1875; x_wconf 92' lang='grc' dir='ltr'><strong>Τί</strong></span> <span class='ocrx_word' id='word_1_325' title='bbox 3375 1817 3465 1875; x_wconf 78' lang='grc' dir='ltr'><strong>οὖν</strong></span> <span class='ocrx_word' id='word_1_326' title='bbox 3494 1822 3691 1873; x_wconf 78' lang='grc' dir='ltr'>ἄτοπον</span> <span class='ocrx_word' id='word_1_327' title='bbox 3718 1821 3896 1889; x_wconf 78' lang='grc' dir='ltr'>ἡμεῖς</span> 
     </span>
    </p>
   </div>
   <div class='ocr_carea' id='block_1_44' title="bbox 2298 1910 3902 1997">
    <p class='ocr_par' dir='ltr' id='par_1_44' title="bbox 2298 1910 3902 1997">
     <span class='ocr_line' id='line_1_44' title="bbox 2298 1910 3902 1997; baseline -0.012 -18"><span class='ocrx_word' id='word_1_328' title='bbox 2298 1927 2528 1997; x_wconf 81' lang='grc' dir='ltr'>λέγομεν</span> <span class='ocrx_word' id='word_1_329' title='bbox 2555 1921 3016 1994; x_wconf 72' lang='grc' dir='ltr'>συμϐουλεύοντες</span> <span class='ocrx_word' id='word_1_330' title='bbox 3043 1916 3221 1983; x_wconf 87' lang='grc' dir='ltr'>λέγειν</span> <span class='ocrx_word' id='word_1_331' title='bbox 3251 1913 3352 1982; x_wconf 84' lang='grc' dir='ltr'><strong>τὴν</strong></span> <span class='ocrx_word' id='word_1_332' title='bbox 3385 1912 3589 1981; x_wconf 83' lang='grc' dir='ltr'>φωνὴν,</span> <span class='ocrx_word' id='word_1_333' title='bbox 3618 1911 3712 1962; x_wconf 70' lang='grc' dir='ltr'><strong>καὶ</strong></span> <span class='ocrx_word' id='word_1_334' title='bbox 3734 1910 3902 1979; x_wconf 61' lang='grc' dir='ltr'>ἔρχει</span> 
     </span>
    </p>
   </div>
   <div class='ocr_carea' id='block_1_45' title="bbox 2301 2002 3901 2079">
    <p class='ocr_par' dir='ltr' id='par_1_45' title="bbox 2301 2002 3901 2079">
     <span class='ocr_line' id='line_1_45' title="bbox 2301 2002 3901 2079; baseline -0.014 -7"><span class='ocrx_word' id='word_1_335' title='bbox 2301 2019 2424 2072; x_wconf 85' lang='grc' dir='ltr'>σθαι</span> <span class='ocrx_word' id='word_1_336' title='bbox 2462 2018 2556 2070; x_wconf 70' lang='grc' dir='ltr'><strong>ἐπὶ</strong></span> <span class='ocrx_word' id='word_1_337' title='bbox 2592 2014 2652 2068; x_wconf 78' lang='grc' dir='ltr'>τὸ</span> <span class='ocrx_word' id='word_1_338' title='bbox 2695 2013 2871 2066; x_wconf 82' lang='grc' dir='ltr'>κοινὸν</span> <span class='ocrx_word' id='word_1_339' title='bbox 2922 2007 3318 2079; x_wconf 79' lang='grc' dir='ltr'>σημαινόμενον</span> <span class='ocrx_word' id='word_1_340' title='bbox 3349 2005 3455 2057; x_wconf 85' lang='grc' dir='ltr'><strong>τῶν</strong></span> <span class='ocrx_word' id='word_1_341' title='bbox 3505 2003 3596 2056; x_wconf 88' lang='grc' dir='ltr'><strong>δύο</strong></span> <span class='ocrx_word' id='word_1_342' title='bbox 3628 2002 3846 2070; x_wconf 78' lang='grc' dir='ltr'>φύσεων</span> <span class='ocrx_word' id='word_1_343' title='bbox 3868 2019 3901 2065; x_wconf 80' lang='lat'><strong>;~_</strong></span> 
     </span>
    </p>
   </div>
   <div class='ocr_carea' id='block_1_46' title="bbox 2299 2094 3892 2178">
    <p class='ocr_par' dir='ltr' id='par_1_46' title="bbox 2299 2094 3892 2178">
     <span class='ocr_line' id='line_1_46' title="bbox 2299 2094 3892 2178; baseline -0.013 -14"><span class='ocrx_word' id='word_1_344' title='bbox 2299 2111 2433 2164; x_wconf 85' lang='grc' dir='ltr'>Τότε</span> <span class='ocrx_word' id='word_1_345' title='bbox 2468 2107 2746 2178; x_wconf 75' lang='grc' dir='ltr'>νομίζεται</span> <span class='ocrx_word' id='word_1_346' title='bbox 2783 2105 2968 2165; x_wconf 84' lang='grc' dir='ltr'>αὐτοῖς</span> <span class='ocrx_word' id='word_1_347' title='bbox 3008 2096 3150 2153; x_wconf 75' lang='grc' dir='ltr'>εῖναι</span> <span class='ocrx_word' id='word_1_348' title='bbox 3197 2098 3512 2168; x_wconf 79' lang='grc' dir='ltr'>βλάσφημον</span> <span class='ocrx_word' id='word_1_349' title='bbox 3557 2095 3615 2148; x_wconf 77' lang='grc' dir='ltr'><strong>τὸ</strong></span> <span class='ocrx_word' id='word_1_350' title='bbox 3654 2094 3892 2162; x_wconf 85' lang='grc' dir='ltr'>λεγόμε-</span> 
     </span>
    </p>
   </div>
   <div class='ocr_carea' id='block_1_47' title="bbox 2299 2183 3891 2268">
    <p class='ocr_par' dir='ltr' id='par_1_47' title="bbox 2299 2183 3891 2268">
     <span class='ocr_line' id='line_1_47' title="bbox 2299 2183 3891 2268; baseline -0.011 -14"><span class='ocrx_word' id='word_1_351' title='bbox 2299 2215 2416 2254; x_wconf 91' lang='grc' dir='ltr'>νον·</span> <span class='ocrx_word' id='word_1_352' title='bbox 2461 2201 2530 2252; x_wconf 88' lang='grc' dir='ltr'><strong><em>Ἥ</em></strong></span> <span class='ocrx_word' id='word_1_353' title='bbox 2563 2197 2897 2268; x_wconf 78' lang='grc' dir='ltr'>ὁμολόγησον</span> <span class='ocrx_word' id='word_1_354' title='bbox 2929 2191 3116 2261; x_wconf 82' lang='grc' dir='ltr'>σαφῶς</span> <span class='ocrx_word' id='word_1_355' title='bbox 3148 2187 3376 2255; x_wconf 85' lang='grc' dir='ltr'>θεότητα</span> <span class='ocrx_word' id='word_1_356' title='bbox 3423 2184 3779 2254; x_wconf 83' lang='grc' dir='ltr'>γεγεννῆσθαι</span> <span class='ocrx_word' id='word_1_357' title='bbox 3816 2183 3891 2237; x_wconf 82' lang='grc' dir='ltr'>ὲκ</span> 
     </span>
    </p>
   </div>
   <div class='ocr_carea' id='block_1_48' title="bbox 2299 2275 3907 2362">
    <p class='ocr_par' dir='ltr' id='par_1_48' title="bbox 2299 2275 3907 2362">
     <span class='ocr_line' id='line_1_48' title="bbox 2299 2275 3907 2362; baseline -0.013 -16"><span class='ocrx_word' id='word_1_358' title='bbox 2299 2293 2400 2362; x_wconf 81' lang='grc' dir='ltr'>τῆς</span> <span class='ocrx_word' id='word_1_359' title='bbox 2440 2289 2719 2361; x_wconf 82' lang='grc' dir='ltr'>μακαρίας</span> <span class='ocrx_word' id='word_1_360' title='bbox 2776 2284 3017 2355; x_wconf 83' lang='grc' dir='ltr'>Μαρίας,</span> <span class='ocrx_word' id='word_1_361' title='bbox 3073 2282 3106 2350; x_wconf 82' lang='grc' dir='ltr'>ἢ</span> <span class='ocrx_word' id='word_1_362' title='bbox 3165 2280 3381 2348; x_wconf 81' lang='grc' dir='ltr'>φεύγων</span> <span class='ocrx_word' id='word_1_363' title='bbox 3432 2277 3507 2339; x_wconf 84' lang='grc' dir='ltr'>ὡς</span> <span class='ocrx_word' id='word_1_364' title='bbox 3559 2275 3907 2344; x_wconf 85' lang='grc' dir='ltr'>βλάσφημον-</span> 
     </span>
    </p>
   </div>
   <div class='ocr_carea' id='block_1_49' title="bbox 2299 2365 3901 2453">
    <p class='ocr_par' dir='ltr' id='par_1_49' title="bbox 2299 2365 3901 2453">
     <span class='ocr_line' id='line_1_49' title="bbox 2299 2365 3901 2453; baseline -0.01 -20"><span class='ocrx_word' id='word_1_365' title='bbox 2299 2385 2400 2453; x_wconf 79' lang='grc' dir='ltr'>τὴν</span> <span class='ocrx_word' id='word_1_366' title='bbox 2452 2378 2657 2450; x_wconf 83' lang='grc' dir='ltr'>φωνὴν,</span> <span class='ocrx_word' id='word_1_367' title='bbox 2706 2376 2760 2429; x_wconf 87' lang='grc' dir='ltr'><strong>τί</strong></span> <span class='ocrx_word' id='word_1_368' title='bbox 2801 2375 2869 2427; x_wconf 83' lang='grc' dir='ltr'><strong>τὰ</strong></span> <span class='ocrx_word' id='word_1_369' title='bbox 2909 2373 3049 2428; x_wconf 83' lang='grc' dir='ltr'>αὑτά</span> <span class='ocrx_word' id='word_1_370' title='bbox 3085 2388 3174 2442; x_wconf 93' lang='grc' dir='ltr'><strong>μοι</strong></span> <span class='ocrx_word' id='word_1_371' title='bbox 3225 2369 3435 2437; x_wconf 83' lang='grc' dir='ltr'>λέγων,</span> <span class='ocrx_word' id='word_1_372' title='bbox 3491 2365 3758 2437; x_wconf 81' lang='grc' dir='ltr'>ὑποκρίνῃ</span> <span class='ocrx_word' id='word_1_373' title='bbox 3807 2365 3901 2436; x_wconf 70' lang='grc' dir='ltr'>μὴ</span> 
     </span>
    </p>
   </div>
   <div class='ocr_carea' id='block_1_50' title="bbox 2301 2468 2536 2541">
    <p class='ocr_par' dir='ltr' id='par_1_50' title="bbox 2301 2468 2536 2541">
     <span class='ocr_line' id='line_1_50' title="bbox 2301 2468 2536 2541; baseline -0.017 -15"><span class='ocrx_word' id='word_1_374' title='bbox 2301 2472 2481 2540; x_wconf 84' lang='grc' dir='ltr'>λέγειν</span> <span class='ocrx_word' id='word_1_375' title='bbox 2496 2468 2536 2541; x_wconf 88' lang='lat'><strong>;]</strong></span> 
     </span>
    </p>
   </div>
   <div class='ocr_carea' id='block_1_51' title="bbox 2371 2541 3911 2625">
    <p class='ocr_par' dir='ltr' id='par_1_51' title="bbox 2371 2541 3911 2625">
     <span class='ocr_line' id='line_1_51' title="bbox 2371 2541 3911 2625; baseline -0.016 -9"><span class='ocrx_word' id='word_1_376' title='bbox 2371 2560 2580 2617; x_wconf 81' lang='grc' dir='ltr'>Οὐκοῦν</span> <span class='ocrx_word' id='word_1_377' title='bbox 2623 2557 2703 2622; x_wconf 74' lang='grc' dir='ltr'>οἷς</span> <span class='ocrx_word' id='word_1_378' title='bbox 2749 2555 2884 2625; x_wconf 76' lang='grc' dir='ltr'>ἔφης</span> <span class='ocrx_word' id='word_1_379' title='bbox 2909 2551 3109 2625; x_wconf 80' lang='grc' dir='ltr'>αὑτὸς,</span> <span class='ocrx_word' id='word_1_380' title='bbox 3140 2549 3234 2602; x_wconf 74' lang='grc' dir='ltr'><strong>καὶ</strong></span> <span class='ocrx_word' id='word_1_381' title='bbox 3273 2547 3378 2617; x_wconf 82' lang='grc' dir='ltr'><strong>μὴν</strong></span> <span class='ocrx_word' id='word_1_382' title='bbox 3410 2545 3502 2598; x_wconf 76' lang='grc' dir='ltr'><strong>καὶ</strong></span> <span class='ocrx_word' id='word_1_383' title='bbox 3532 2544 3745 2613; x_wconf 78' lang='grc' dir='ltr'>φρονεῖν</span> <span class='ocrx_word' id='word_1_384' title='bbox 3785 2541 3911 2594; x_wconf 72' lang='grc' dir='ltr'>οὑκο</span> 
     </span>
    </p>
   </div>
   <div class='ocr_carea' id='block_1_52' title="bbox 2302 2624 3893 2714">
    <p class='ocr_par' dir='ltr' id='par_1_52' title="bbox 2302 2624 3893 2714">
     <span class='ocr_line' id='line_1_52' title="bbox 2302 2624 3893 2714; baseline -0.019 -5"><span class='ocrx_word' id='word_1_385' title='bbox 2302 2651 2394 2709; x_wconf 76' lang='grc' dir='ltr'>οἷδ’</span> <span class='ocrx_word' id='word_1_386' title='bbox 2428 2655 2577 2714; x_wconf 79' lang='grc' dir='ltr'>ὅπως</span> <span class='ocrx_word' id='word_1_387' title='bbox 2619 2624 2812 2713; x_wconf 81' lang='grc' dir='ltr'>ἀξιοῖς,</span> <span class='ocrx_word' id='word_1_388' title='bbox 2839 2624 2989 2698; x_wconf 41' lang='lat' dir='ltr'><strong>nitri</strong></span> <span class='ocrx_word' id='word_1_389' title='bbox 3018 2640 3231 2696; x_wconf 72' lang='grc' dir='ltr'>ἐναντία</span> <span class='ocrx_word' id='word_1_390' title='bbox 3279 2637 3614 2701; x_wconf 78' lang='grc' dir='ltr'>δοξάζοντες,</span> <span class='ocrx_word' id='word_1_391' title='bbox 3662 2648 3893 2701; x_wconf 84' lang='grc' dir='ltr'>μεμαρ-</span> 
     </span>
    </p>
   </div>
   <div class='ocr_carea' id='block_1_53' title="bbox 2301 2722 3906 2814">
    <p class='ocr_par' dir='ltr' id='par_1_53' title="bbox 2301 2722 3906 2814">
     <span class='ocr_line' id='line_1_53' title="bbox 2301 2722 3906 2814; baseline -0.017 -17"><span class='ocrx_word' id='word_1_392' title='bbox 2301 2743 2563 2814; x_wconf 85' lang='grc' dir='ltr'>τύρηνται</span> <span class='ocrx_word' id='word_1_393' title='bbox 2611 2737 2797 2807; x_wconf 86' lang='grc' dir='ltr'>σαφῶς</span> <span class='ocrx_word' id='word_1_394' title='bbox 2830 2735 2923 2787; x_wconf 74' lang='grc' dir='ltr'>καὶ</span> <span class='ocrx_word' id='word_1_395' title='bbox 2962 2733 3048 2786; x_wconf 78' lang='grc' dir='ltr'>διὰ</span> <span class='ocrx_word' id='word_1_396' title='bbox 3081 2731 3179 2799; x_wconf 77' lang='grc' dir='ltr'>τῆς</span> <span class='ocrx_word' id='word_1_397' title='bbox 3218 2728 3315 2798; x_wconf 80' lang='grc' dir='ltr'>σῆς</span> <span class='ocrx_word' id='word_1_398' title='bbox 3342 2725 3548 2794; x_wconf 79' lang='grc' dir='ltr'>φωνῆς,</span> <span class='ocrx_word' id='word_1_399' title='bbox 3582 2722 3748 2793; x_wconf 79' lang='grc' dir='ltr'>ὀρθὴν</span> <span class='ocrx_word' id='word_1_400' title='bbox 3791 2722 3906 2814; x_wconf 66' lang='grc' dir='ltr'>καῖ.-</span> 
     </span>
    </p>
   </div>
   <div class='ocr_carea' id='block_1_54' title="bbox 2303 2813 3906 2899">
    <p class='ocr_par' dir='ltr' id='par_1_54' title="bbox 2303 2813 3906 2899">
     <span class='ocr_line' id='line_1_54' title="bbox 2303 2813 3906 2899; baseline -0.016 -10"><span class='ocrx_word' id='word_1_401' title='bbox 2303 2813 2716 2899; x_wconf 81' lang='grc' dir='ltr'>ἀπλανεστάτην</span> <span class='ocrx_word' id='word_1_402' title='bbox 2748 2828 2846 2897; x_wconf 81' lang='grc' dir='ltr'>τὴν</span> <span class='ocrx_word' id='word_1_403' title='bbox 2885 2824 2975 2878; x_wconf 82' lang='grc' dir='ltr'>ὲπί</span> <span class='ocrx_word' id='word_1_404' title='bbox 3004 2840 3068 2891; x_wconf 91' lang='grc' dir='ltr'><strong>γε</strong></span> <span class='ocrx_word' id='word_1_405' title='bbox 3111 2822 3191 2892; x_wconf 78' lang='grc' dir='ltr'>τῷ</span> <span class='ocrx_word' id='word_1_406' title='bbox 3239 2820 3457 2873; x_wconf 83' lang='grc' dir='ltr'>πάντων</span> <span class='ocrx_word' id='word_1_407' title='bbox 3484 2815 3640 2882; x_wconf 80' lang='grc' dir='ltr'>ὴμῶν</span> <span class='ocrx_word' id='word_1_408' title='bbox 3673 2813 3906 2882; x_wconf 78' lang='grc' dir='ltr'>Σωτῆρι</span> 
     </span>
    </p>
   </div>
   <div class='ocr_carea' id='block_1_55' title="bbox 2304 2906 3916 2996">
    <p class='ocr_par' dir='ltr' id='par_1_55' title="bbox 2304 2906 3916 2996">
     <span class='ocr_line' id='line_1_55' title="bbox 2304 2906 3916 2996; baseline -0.017 -17"><span class='ocrx_word' id='word_1_409' title='bbox 2304 2923 2543 2996; x_wconf 82' lang='grc' dir='ltr'>Χριστῷ,</span> <span class='ocrx_word' id='word_1_410' title='bbox 2574 2918 2884 2989; x_wconf 83' lang='grc' dir='ltr'>ποιούμενοι</span> <span class='ocrx_word' id='word_1_411' title='bbox 2936 2914 3128 2980; x_wconf 79' lang='grc' dir='ltr'>δόξαν,</span> <span class='ocrx_word' id='word_1_412' title='bbox 3166 2913 3259 2966; x_wconf 71' lang='grc' dir='ltr'><strong>καὶ</strong></span> <span class='ocrx_word' id='word_1_413' title='bbox 3310 2910 3492 2961; x_wconf 84' lang='grc' dir='ltr'>πίστιν</span> <span class='ocrx_word' id='word_1_414' title='bbox 3539 2906 3748 2974; x_wconf 75' lang='grc' dir='ltr'>ἔχοντες</span> <span class='ocrx_word' id='word_1_415' title='bbox 3809 2906 3916 2964; x_wconf 76' lang='grc' dir='ltr'>εἰς</span> 
     </span>
    </p>
   </div>
   <div class='ocr_carea' id='block_1_56' title="bbox 629 2996 2207 3098">
    <p class='ocr_par' dir='ltr' id='par_1_56' title="bbox 629 3009 2200 3086">
     <span class='ocr_line' id='line_1_56' title="bbox 629 3009 2200 3086; baseline -0.002 -19"><span class='ocrx_word' id='word_1_416' title='bbox 629 3015 852 3079; x_wconf 76' lang='lat' dir='ltr'><strong>habere,</strong></span> <span class='ocrx_word' id='word_1_417' title='bbox 883 3030 1045 3084; x_wconf 89' lang='lat' dir='ltr'><strong>quam</strong></span> <span class='ocrx_word' id='word_1_418' title='bbox 1081 3017 1118 3070; x_wconf 89' lang='lat' dir='ltr'><strong>ii</strong></span> <span class='ocrx_word' id='word_1_419' title='bbox 1151 3017 1241 3086; x_wconf 90' lang='lat' dir='ltr'><strong>qui</strong></span> <span class='ocrx_word' id='word_1_420' title='bbox 1279 3017 1347 3071; x_wconf 88' lang='lat' dir='ltr'><strong>ab</strong></span> <span class='ocrx_word' id='word_1_421' title='bbox 1382 3017 1540 3071; x_wconf 86' lang='lat' dir='ltr'><strong>initio</strong></span> <span class='ocrx_word' id='word_1_422' title='bbox 1564 3016 1661 3085; x_wconf 87' lang='lat' dir='ltr'><strong>ipsi</strong></span> <span class='ocrx_word' id='word_1_423' title='bbox 1699 3015 1978 3080; x_wconf 81' lang='lat' dir='ltr'><strong>viderunt,</strong></span> <span class='ocrx_word' id='word_1_424' title='bbox 2009 3021 2063 3067; x_wconf 90' lang='lat' dir='ltr'><strong>et</strong></span> <span class='ocrx_word' id='word_1_425' title='bbox 2095 3009 2200 3065; x_wconf 85' lang='lat' dir='ltr'><strong>mi-</strong></span> 
     </span>
    </p>
   </div>
   <div class='ocr_carea' id='block_1_57' title="bbox 2316 2996 3915 3098">
    <p class='ocr_par' dir='ltr' id='par_1_57' title="bbox 2316 2996 3915 3084">
     <span class='ocr_line' id='line_1_57' title="bbox 2316 2996 3915 3084; baseline -0.012 -17"><span class='ocrx_word' id='word_1_426' title='bbox 2316 3015 2450 3079; x_wconf 74' lang='grc' dir='ltr'>νοῦν,</span> <span class='ocrx_word' id='word_1_427' title='bbox 2469 3015 2535 3084; x_wconf 75' lang='grc' dir='ltr'>ἢν</span> <span class='ocrx_word' id='word_1_428' title='bbox 2553 3013 2671 3074; x_wconf 83' lang='grc' dir='ltr'>ταῖς</span> <span class='ocrx_word' id='word_1_429' title='bbox 2695 3007 3044 3077; x_wconf 84' lang='grc' dir='ltr'>Ἑκκλησίαις</span> <span class='ocrx_word' id='word_1_430' title='bbox 3069 3000 3514 3074; x_wconf 82' lang='grc' dir='ltr'>παραδεδώκασιν</span> <span class='ocrx_word' id='word_1_431' title='bbox 3536 3000 3581 3050; x_wconf 90' lang='grc' dir='ltr'>οἱ</span> <span class='ocrx_word' id='word_1_432' title='bbox 3602 2996 3695 3050; x_wconf 78' lang='grc' dir='ltr'><strong>ἀπ’</strong></span> <span class='ocrx_word' id='word_1_433' title='bbox 3717 2997 3860 3064; x_wconf 70' lang='grc' dir='ltr'><strong>ἀρχῆ</strong></span> <span class='ocrx_word' id='word_1_434' title='bbox 3871 3013 3915 3055; x_wconf 76' lang='grc' dir='ltr'>ς·</span> 
     </span>
    </p>
   </div>
   <div class='ocr_carea' id='block_1_58' title="bbox 633 3102 2199 3175">
    <p class='ocr_par' dir='ltr' id='par_1_58' title="bbox 633 3102 2199 3175">
     <span class='ocr_line' id='line_1_58' title="bbox 633 3102 2199 3175; baseline -0.001 -18"><span class='ocrx_word' id='word_1_435' title='bbox 633 3105 789 3161; x_wconf 82' lang='lat' dir='ltr'><strong>nistri</strong></span> <span class='ocrx_word' id='word_1_436' title='bbox 813 3105 1032 3160; x_wconf 79' lang='lat' dir='ltr'><strong>fuerunt</strong></span> <span class='ocrx_word' id='word_1_437' title='bbox 1063 3108 1352 3172; x_wconf 87' lang='lat' dir='ltr'><strong>sermonis,</strong></span> <span class='ocrx_word' id='word_1_438' title='bbox 1377 3108 1796 3175; x_wconf 83' lang='lat' dir='ltr'><strong>divinorumque</strong></span> <span class='ocrx_word' id='word_1_439' title='bbox 1817 3102 2199 3174; x_wconf 88' lang='lat' dir='ltr'><strong>mysteriorum</strong></span> 
     </span>
    </p>
   </div>
   <div class='ocr_carea' id='block_1_59' title="bbox 635 3193 2203 3268">
    <p class='ocr_par' dir='ltr' id='par_1_59' title="bbox 635 3193 2203 3268">
     <span class='ocr_line' id='line_1_59' title="bbox 635 3193 2203 3268; baseline -0.003 -18"><span class='ocrx_word' id='word_1_440' title='bbox 635 3209 941 3254; x_wconf 88' lang='lat' dir='ltr'><strong>nostrorum</strong></span> <span class='ocrx_word' id='word_1_441' title='bbox 973 3201 1282 3254; x_wconf 89' lang='lat' dir='ltr'><strong>sacerdotes</strong></span> <span class='ocrx_word' id='word_1_442' title='bbox 1324 3200 1838 3268; x_wconf 88' lang='lat' dir='ltr'><strong>dispensatoresque</strong></span> <span class='ocrx_word' id='word_1_443' title='bbox 1883 3194 2064 3247; x_wconf 84' lang='lat' dir='ltr'><strong>ﬁdeles</strong></span> <span class='ocrx_word' id='word_1_444' title='bbox 2097 3193 2203 3247; x_wconf 83' lang='lat' dir='ltr'><strong>Ec-</strong></span> 
     </span>
    </p>
   </div>
   <div class='ocr_carea' id='block_1_60' title="bbox 635 3285 2204 3357">
    <p class='ocr_par' dir='ltr' id='par_1_60' title="bbox 635 3285 2204 3357">
     <span class='ocr_line' id='line_1_60' title="bbox 635 3285 2204 3357; baseline -0.006 -12"><span class='ocrx_word' id='word_1_445' title='bbox 635 3291 813 3345; x_wconf 89' lang='lat' dir='ltr'><strong>clesiis</strong></span> <span class='ocrx_word' id='word_1_446' title='bbox 841 3290 1182 3345; x_wconf 87' lang='lat' dir='ltr'><strong>tradiderunt</strong></span> <span class='ocrx_word' id='word_1_447' title='bbox 1217 3290 1283 3345; x_wconf 83' lang='grc'><strong>³⁸.</strong></span> <span class='ocrx_word' id='word_1_448' title='bbox 1317 3289 1447 3344; x_wconf 87' lang='lat' dir='ltr'><strong>Jure</strong></span> <span class='ocrx_word' id='word_1_449' title='bbox 1487 3289 1630 3344; x_wconf 86' lang='lat' dir='ltr'><strong>enim</strong></span> <span class='ocrx_word' id='word_1_450' title='bbox 1675 3297 1926 3357; x_wconf 86' lang='lat' dir='ltr'><strong>tanquam</strong></span> <span class='ocrx_word' id='word_1_451' title='bbox 1978 3285 2204 3338; x_wconf 63' lang='lat' dir='ltr'><strong>inscitia;</strong></span> 
     </span>
    </p>
   </div>
   <div class='ocr_carea' id='block_1_61' title="bbox 633 3382 2204 3451">
    <p class='ocr_par' dir='ltr' id='par_1_61' title="bbox 633 3382 2204 3451">
     <span class='ocr_line' id='line_1_61' title="bbox 633 3382 2204 3451; baseline -0.005 -17"><span class='ocrx_word' id='word_1_452' title='bbox 633 3396 964 3451; x_wconf 76' lang='lat' dir='ltr'><strong>summaeque</strong></span> <span class='ocrx_word' id='word_1_453' title='bbox 1015 3382 1308 3450; x_wconf 88' lang='lat' dir='ltr'><strong>impietatis</strong></span> <span class='ocrx_word' id='word_1_454' title='bbox 1355 3382 1577 3435; x_wconf 85' lang='lat' dir='ltr'><strong>evidens</strong></span> <span class='ocrx_word' id='word_1_455' title='bbox 1620 3387 1995 3448; x_wconf 81' lang='lat' dir='ltr'><strong>argumentum</strong></span> <span class='ocrx_word' id='word_1_456' title='bbox 2050 3389 2204 3427; x_wconf 86' lang='lat' dir='ltr'><strong>aver-</strong></span> 
     </span>
    </p>
   </div>
   <div class='ocr_carea' id='block_1_62' title="bbox 635 3465 2203 3536">
    <p class='ocr_par' dir='ltr' id='par_1_62' title="bbox 635 3465 2203 3536">
     <span class='ocr_line' id='line_1_62' title="bbox 635 3465 2203 3536; baseline -0.005 -11"><span class='ocrx_word' id='word_1_457' title='bbox 635 3482 826 3527; x_wconf 88' lang='lat' dir='ltr'><strong>santur</strong></span> <span class='ocrx_word' id='word_1_458' title='bbox 855 3473 936 3526; x_wconf 91' lang='lat' dir='ltr'><strong>vel</strong></span> <span class='ocrx_word' id='word_1_459' title='bbox 973 3472 1087 3527; x_wconf 87' lang='lat' dir='ltr'><strong>sola</strong></span> <span class='ocrx_word' id='word_1_460' title='bbox 1132 3472 1538 3526; x_wconf 76' lang='lat' dir='ltr'><strong>existimatione</strong></span> <span class='ocrx_word' id='word_1_461' title='bbox 1576 3469 1868 3536; x_wconf 86' lang='lat' dir='ltr'><strong>concipere</strong></span> <span class='ocrx_word' id='word_1_462' title='bbox 1893 3506 1906 3530; x_wconf 95' lang='lat'><strong>,</strong></span> <span class='ocrx_word' id='word_1_463' title='bbox 1966 3465 2093 3517; x_wconf 89' lang='lat' dir='ltr'><strong>illud</strong></span> <span class='ocrx_word' id='word_1_464' title='bbox 2138 3478 2203 3517; x_wconf 75' lang='lat' dir='ltr'><strong>ex</strong></span> 
     </span>
    </p>
   </div>
   <div class='ocr_carea' id='block_1_63' title="bbox 646 3555 2204 3616">
    <p class='ocr_par' dir='ltr' id='par_1_63' title="bbox 646 3555 2204 3616">
     <span class='ocr_line' id='line_1_63' title="bbox 646 3555 2204 3616; baseline -0.005 -2"><span class='ocrx_word' id='word_1_465' title='bbox 646 3564 754 3616; x_wconf 82' lang='lat' dir='ltr'><strong>Deo</strong></span> <span class='ocrx_word' id='word_1_466' title='bbox 777 3563 941 3616; x_wconf 83' lang='lat' dir='ltr'><strong>Patre</strong></span> <span class='ocrx_word' id='word_1_467' title='bbox 969 3562 1205 3616; x_wconf 77' lang='lat' dir='ltr'><strong>Verbum</strong></span> <span class='ocrx_word' id='word_1_468' title='bbox 1233 3562 1299 3613; x_wconf 88' lang='lat' dir='ltr'><strong>ad</strong></span> <span class='ocrx_word' id='word_1_469' title='bbox 1333 3559 1629 3614; x_wconf 87' lang='lat' dir='ltr'><strong>secundum</strong></span> <span class='ocrx_word' id='word_1_470' title='bbox 1656 3558 1866 3612; x_wconf 90' lang='lat' dir='ltr'><strong>initium</strong></span> <span class='ocrx_word' id='word_1_471' title='bbox 1892 3565 1948 3609; x_wconf 86' lang='lat' dir='ltr'><strong>ut</strong></span> <span class='ocrx_word' id='word_1_472' title='bbox 1977 3571 2095 3609; x_wconf 89' lang='lat' dir='ltr'><strong>esse</strong></span> <span class='ocrx_word' id='word_1_473' title='bbox 2126 3555 2204 3606; x_wconf 88' lang='lat' dir='ltr'><strong>in-</strong></span> 
     </span>
    </p>
   </div>
   <div class='ocr_carea' id='block_1_64' title="bbox 639 3647 2203 3724">
    <p class='ocr_par' dir='ltr' id='par_1_64' title="bbox 639 3647 2203 3724">
     <span class='ocr_line' id='line_1_64' title="bbox 639 3647 2203 3724; baseline -0.009 -15"><span class='ocrx_word' id='word_1_474' title='bbox 639 3657 848 3724; x_wconf 83' lang='lat' dir='ltr'><strong>ciperet</strong></span> <span class='ocrx_word' id='word_1_475' title='bbox 881 3664 1130 3708; x_wconf 88' lang='lat' dir='ltr'><strong>vocatum</strong></span> <span class='ocrx_word' id='word_1_476' title='bbox 1154 3667 1295 3714; x_wconf 83' lang='lat' dir='ltr'><strong>esse,</strong></span> <span class='ocrx_word' id='word_1_477' title='bbox 1329 3652 1414 3704; x_wconf 87' lang='lat' dir='ltr'><strong>vel</strong></span> <span class='ocrx_word' id='word_1_478' title='bbox 1446 3660 1645 3704; x_wconf 70' lang='lat' dir='ltr'><strong>sancta:</strong></span> <span class='ocrx_word' id='word_1_479' title='bbox 1694 3647 1934 3714; x_wconf 82' lang='lat' dir='ltr'><strong>Virginis</strong></span> <span class='ocrx_word' id='word_1_480' title='bbox 1984 3660 2203 3699; x_wconf 87' lang='lat' dir='ltr'><strong>carnem</strong></span> 
     </span>
    </p>
   </div>
   <div class='ocr_carea' id='block_1_65' title="bbox 640 3738 2206 3810">
    <p class='ocr_par' dir='ltr' id='par_1_65' title="bbox 640 3738 2206 3810">
     <span class='ocr_line' id='line_1_65' title="bbox 640 3738 2206 3810; baseline -0.008 -10"><span class='ocrx_word' id='word_1_481' title='bbox 640 3760 752 3801; x_wconf 65' lang='lat' dir='ltr'><strong>suae</strong></span> <span class='ocrx_word' id='word_1_482' title='bbox 778 3746 1111 3801; x_wconf 63' lang='lat' dir='ltr'><strong>exsistentiaz</strong></span> <span class='ocrx_word' id='word_1_483' title='bbox 1134 3744 1276 3798; x_wconf 79' lang='lat' dir='ltr'><strong>velut</strong></span> <span class='ocrx_word' id='word_1_484' title='bbox 1318 3743 1550 3797; x_wconf 89' lang='lat' dir='ltr'><strong>radicem</strong></span> <span class='ocrx_word' id='word_1_485' title='bbox 1581 3743 1869 3810; x_wconf 84' lang='lat' dir='ltr'><strong>quamdam</strong></span> <span class='ocrx_word' id='word_1_486' title='bbox 1889 3738 2163 3804; x_wconf 88' lang='lat' dir='ltr'><strong>accepisse</strong></span> <span class='ocrx_word' id='word_1_487' title='bbox 2190 3749 2206 3787; x_wconf 91' lang='lat'><strong>:</strong></span> 
     </span>
    </p>
   </div>
   <div class='ocr_carea' id='block_1_66' title="bbox 640 3834 2211 3904">
    <p class='ocr_par' dir='ltr' id='par_1_66' title="bbox 640 3834 2211 3904">
     <span class='ocr_line' id='line_1_66' title="bbox 640 3834 2211 3904; baseline -0.01 -10"><span class='ocrx_word' id='word_1_488' title='bbox 640 3839 735 3894; x_wconf 87' lang='lat' dir='ltr'><strong>sed</strong></span> <span class='ocrx_word' id='word_1_489' title='bbox 769 3846 947 3892; x_wconf 91' lang='lat' dir='ltr'><strong>tamen</strong></span> <span class='ocrx_word' id='word_1_490' title='bbox 985 3839 1154 3904; x_wconf 87' lang='lat' dir='ltr'><strong>ipsam</strong></span> <span class='ocrx_word' id='word_1_491' title='bbox 1194 3835 1284 3888; x_wconf 86' lang='lat' dir='ltr'><strong>Dei</strong></span> <span class='ocrx_word' id='word_1_492' title='bbox 1337 3834 1650 3904; x_wconf 87' lang='lat' dir='ltr'><strong>genitricem</strong></span> <span class='ocrx_word' id='word_1_493' title='bbox 1705 3838 1942 3892; x_wconf 81' lang='lat' dir='ltr'><strong>vocant,</strong></span> <span class='ocrx_word' id='word_1_494' title='bbox 1998 3836 2056 3880; x_wconf 87' lang='lat' dir='ltr'><strong>ut</strong></span> <span class='ocrx_word' id='word_1_495' title='bbox 2091 3840 2211 3895; x_wconf 69' lang='lat' dir='ltr'><strong>quae</strong></span> 
     </span>
    </p>
   </div>
   <div class='ocr_carea' id='block_1_67' title="bbox 645 3922 2206 3994">
    <p class='ocr_par' dir='ltr' id='par_1_67' title="bbox 645 3922 2206 3994">
     <span class='ocr_line' id='line_1_67' title="bbox 645 3922 2206 3994; baseline -0.007 -14"><span class='ocrx_word' id='word_1_496' title='bbox 645 3928 790 3982; x_wconf 90' lang='lat' dir='ltr'><strong>illum</strong></span> <span class='ocrx_word' id='word_1_497' title='bbox 815 3927 1242 3987; x_wconf 89' lang='lat' dir='ltr'><strong>Emmanuelem,</strong></span> <span class='ocrx_word' id='word_1_498' title='bbox 1277 3926 1368 3994; x_wconf 87' lang='lat' dir='ltr'><strong>qui</strong></span> <span class='ocrx_word' id='word_1_499' title='bbox 1405 3940 1470 3978; x_wconf 81' lang='lat' dir='ltr'><strong>ex</strong></span> <span class='ocrx_word' id='word_1_500' title='bbox 1503 3933 1695 3977; x_wconf 87' lang='lat' dir='ltr'><strong>natura</strong></span> <span class='ocrx_word' id='word_1_501' title='bbox 1732 3922 1871 3976; x_wconf 91' lang='lat' dir='ltr'><strong>Deus</strong></span> <span class='ocrx_word' id='word_1_502' title='bbox 1903 3929 2009 3980; x_wconf 88' lang='lat' dir='ltr'><strong>est,</strong></span> <span class='ocrx_word' id='word_1_503' title='bbox 2039 3932 2206 3987; x_wconf 78' lang='lat' dir='ltr'><strong>pepe—</strong></span> 
     </span>
    </p>
   </div>
   <div class='ocr_carea' id='block_1_68' title="bbox 647 4012 2211 4073">
    <p class='ocr_par' dir='ltr' id='par_1_68' title="bbox 647 4012 2211 4073">
     <span class='ocr_line' id='line_1_68' title="bbox 647 4012 2211 4073; baseline -0.003 -6"><span class='ocrx_word' id='word_1_504' title='bbox 647 4018 776 4071; x_wconf 84' lang='lat' dir='ltr'><strong>rerit</strong></span> <span class='ocrx_word' id='word_1_505' title='bbox 810 4032 824 4069; x_wconf 90' lang='lat'><strong>:</strong></span> <span class='ocrx_word' id='word_1_506' title='bbox 860 4032 983 4071; x_wconf 86' lang='lat' dir='ltr'><strong>nam</strong></span> <span class='ocrx_word' id='word_1_507' title='bbox 1045 4017 1173 4070; x_wconf 88' lang='lat' dir='ltr'><strong>illud</strong></span> <span class='ocrx_word' id='word_1_508' title='bbox 1229 4014 1462 4071; x_wconf 82' lang='lat' dir='ltr'><strong>Verbum</strong></span> <span class='ocrx_word' id='word_1_509' title='bbox 1524 4015 1723 4069; x_wconf 83' lang='lat' dir='ltr'><strong>factum</strong></span> <span class='ocrx_word' id='word_1_510' title='bbox 1771 4021 1853 4068; x_wconf 87' lang='lat' dir='ltr'><strong>est</strong></span> <span class='ocrx_word' id='word_1_511' title='bbox 1904 4012 2211 4073; x_wconf 88' lang='lat' dir='ltr'><strong>nobiscum,</strong></span> 
     </span>
    </p>
   </div>
   <div class='ocr_carea' id='block_1_69' title="bbox 647 4105 2217 4179">
    <p class='ocr_par' dir='ltr' id='par_1_69' title="bbox 647 4105 2217 4179">
     <span class='ocr_line' id='line_1_69' title="bbox 647 4105 2217 4179; baseline -0.004 -16"><span class='ocrx_word' id='word_1_512' title='bbox 647 4112 788 4178; x_wconf 93' lang='lat' dir='ltr'><strong>quod</strong></span> <span class='ocrx_word' id='word_1_513' title='bbox 817 4126 883 4164; x_wconf 83' lang='lat' dir='ltr'><strong>ex</strong></span> <span class='ocrx_word' id='word_1_514' title='bbox 917 4121 1109 4165; x_wconf 88' lang='lat' dir='ltr'><strong>natura</strong></span> <span class='ocrx_word' id='word_1_515' title='bbox 1145 4111 1285 4166; x_wconf 88' lang='lat' dir='ltr'><strong>Dens</strong></span> <span class='ocrx_word' id='word_1_516' title='bbox 1313 4120 1367 4164; x_wconf 90' lang='lat' dir='ltr'><strong>et</strong></span> <span class='ocrx_word' id='word_1_517' title='bbox 1400 4124 1561 4179; x_wconf 86' lang='lat' dir='ltr'><strong>supra</strong></span> <span class='ocrx_word' id='word_1_518' title='bbox 1587 4123 1684 4163; x_wconf 91' lang='lat' dir='ltr'><strong>nos</strong></span> <span class='ocrx_word' id='word_1_519' title='bbox 1711 4116 1852 4162; x_wconf 87' lang='lat' dir='ltr'><strong>erat.</strong></span> <span class='ocrx_word' id='word_1_520' title='bbox 1878 4105 2018 4159; x_wconf 87' lang='lat' dir='ltr'><strong>Num</strong></span> <span class='ocrx_word' id='word_1_521' title='bbox 2047 4105 2217 4174; x_wconf 85' lang='lat' dir='ltr'><strong>igitur</strong></span> 
     </span>
    </p>
   </div>
   <div class='ocr_carea' id='block_1_70' title="bbox 652 4197 2215 4273">
    <p class='ocr_par' dir='ltr' id='par_1_70' title="bbox 652 4197 2215 4273">
     <span class='ocr_line' id='line_1_70' title="bbox 652 4197 2215 4273; baseline -0.004 -19"><span class='ocrx_word' id='word_1_522' title='bbox 652 4203 716 4257; x_wconf 85' lang='lat' dir='ltr'><strong>iis</strong></span> <span class='ocrx_word' id='word_1_523' title='bbox 770 4217 888 4273; x_wconf 62' lang='lat' dir='ltr'><strong>qua;</strong></span> <span class='ocrx_word' id='word_1_524' title='bbox 919 4204 1158 4257; x_wconf 88' lang='lat' dir='ltr'><strong>sentiunt</strong></span> <span class='ocrx_word' id='word_1_525' title='bbox 1214 4204 1486 4256; x_wconf 89' lang='lat' dir='ltr'><strong>contraria</strong></span> <span class='ocrx_word' id='word_1_526' title='bbox 1530 4200 1829 4256; x_wconf 89' lang='lat' dir='ltr'><strong>asserunt?</strong></span> <span class='ocrx_word' id='word_1_527' title='bbox 1862 4199 2014 4252; x_wconf 86' lang='lat' dir='ltr'><strong>Dicet</strong></span> <span class='ocrx_word' id='word_1_528' title='bbox 2047 4197 2215 4261; x_wconf 90' lang='lat' dir='ltr'><strong>enim,</strong></span> 
     </span>
    </p>
   </div>
   <div class='ocr_carea' id='block_1_71' title="bbox 651 4287 2216 4365">
    <p class='ocr_par' dir='ltr' id='par_1_71' title="bbox 651 4287 2216 4365">
     <span class='ocr_line' id='line_1_71' title="bbox 651 4287 2216 4365; baseline -0.003 -20"><span class='ocrx_word' id='word_1_529' title='bbox 651 4304 706 4348; x_wconf 91' lang='lat' dir='ltr'><strong>ut</strong></span> <span class='ocrx_word' id='word_1_530' title='bbox 745 4306 894 4364; x_wconf 87' lang='lat' dir='ltr'><strong>puto,</strong></span> <span class='ocrx_word' id='word_1_531' title='bbox 932 4296 1198 4365; x_wconf 86' lang='lat' dir='ltr'><strong>quispiam</strong></span> <span class='ocrx_word' id='word_1_532' title='bbox 1249 4310 1312 4349; x_wconf 78' lang='lat' dir='ltr'><strong>ex</strong></span> <span class='ocrx_word' id='word_1_533' title='bbox 1362 4295 1428 4347; x_wconf 89' lang='lat' dir='ltr'><strong>iis</strong></span> <span class='ocrx_word' id='word_1_534' title='bbox 1475 4293 1566 4360; x_wconf 91' lang='lat' dir='ltr'><strong>qui</strong></span> <span class='ocrx_word' id='word_1_535' title='bbox 1615 4303 1790 4346; x_wconf 85' lang='lat' dir='ltr'><strong>tecum</strong></span> <span class='ocrx_word' id='word_1_536' title='bbox 1827 4290 2072 4344; x_wconf 89' lang='lat' dir='ltr'><strong>sentiunt</strong></span> <span class='ocrx_word' id='word_1_537' title='bbox 2111 4304 2126 4338; x_wconf 88' lang='lat'><strong>:</strong></span> <span class='ocrx_word' id='word_1_538' title='bbox 2158 4287 2216 4341; x_wconf 88' lang='lat' dir='ltr'><strong>Si</strong></span> 
     </span>
    </p>
   </div>
   <div class='ocr_carea' id='block_1_72' title="bbox 652 4383 2223 4458">
    <p class='ocr_par' dir='ltr' id='par_1_72' title="bbox 652 4383 2223 4458">
     <span class='ocr_line' id='line_1_72' title="bbox 652 4383 2223 4458; baseline -0.004 -19"><span class='ocrx_word' id='word_1_539' title='bbox 652 4384 810 4442; x_wconf 87' lang='lat' dir='ltr'><strong>Verbi</strong></span> <span class='ocrx_word' id='word_1_540' title='bbox 845 4396 1090 4441; x_wconf 88' lang='lat' dir='ltr'><strong>naturam</strong></span> <span class='ocrx_word' id='word_1_541' title='bbox 1127 4388 1330 4458; x_wconf 87' lang='lat' dir='ltr'><strong>prolem</strong></span> <span class='ocrx_word' id='word_1_542' title='bbox 1362 4403 1484 4442; x_wconf 90' lang='lat' dir='ltr'><strong>esse</strong></span> <span class='ocrx_word' id='word_1_543' title='bbox 1506 4385 1688 4441; x_wconf 87' lang='lat' dir='ltr'><strong>carnis</strong></span> <span class='ocrx_word' id='word_1_544' title='bbox 1717 4399 1884 4453; x_wconf 82' lang='lat' dir='ltr'><strong>negas</strong></span> <span class='ocrx_word' id='word_1_545' title='bbox 1906 4421 1918 4445; x_wconf 93' lang='lat'><strong>,</strong></span> <span class='ocrx_word' id='word_1_546' title='bbox 1956 4392 2007 4434; x_wconf 83' lang='lat' dir='ltr'><strong>et</strong></span> <span class='ocrx_word' id='word_1_547' title='bbox 2039 4391 2090 4434; x_wconf 89' lang='lat' dir='ltr'><strong>te</strong></span> <span class='ocrx_word' id='word_1_548' title='bbox 2123 4383 2223 4433; x_wconf 81' lang='lat' dir='ltr'><strong>hoc</strong></span> 
     </span>
    </p>
   </div>
   <div class='ocr_carea' id='block_1_73' title="bbox 650 4451 2207 4550">
    <p class='ocr_par' dir='ltr' id='par_1_73' title="bbox 650 4474 2207 4550">
     <span class='ocr_line' id='line_1_73' title="bbox 650 4474 2207 4550; baseline -0.004 -15"><span class='ocrx_word' id='word_1_549' title='bbox 650 4481 878 4536; x_wconf 86' lang='lat' dir='ltr'><strong>crimine</strong></span> <span class='ocrx_word' id='word_1_550' title='bbox 915 4481 1156 4543; x_wconf 82' lang='lat' dir='ltr'><strong>liberas,</strong></span> <span class='ocrx_word' id='word_1_551' title='bbox 1184 4481 1453 4550; x_wconf 85' lang='lat' dir='ltr'><strong>quomodo</strong></span> <span class='ocrx_word' id='word_1_552' title='bbox 1479 4480 1644 4549; x_wconf 87' lang='lat' dir='ltr'><strong>igitur</strong></span> <span class='ocrx_word' id='word_1_553' title='bbox 1671 4485 1911 4531; x_wconf 88' lang='lat' dir='ltr'><strong>sanctam</strong></span> <span class='ocrx_word' id='word_1_554' title='bbox 1939 4474 2207 4543; x_wconf 84' lang='lat' dir='ltr'><strong>Virginem</strong></span> 
     </span>
    </p>
   </div>
   <div class='ocr_carea' id='block_1_74' title="bbox 2316 4451 3214 4550">
    <p class='ocr_par' dir='ltr' id='par_1_74' title="bbox 2329 4457 3214 4535">
     <span class='ocr_line' id='line_1_74' title="bbox 2329 4457 3214 4535; baseline -0.019 -14"><span class='ocrx_word' id='word_1_555' title='bbox 2329 4468 2443 4530; x_wconf 83' lang='grc' dir='ltr'><strong>πῶς</strong></span> <span class='ocrx_word' id='word_1_556' title='bbox 2490 4465 2552 4535; x_wconf 82' lang='grc' dir='ltr'>δὴ</span> <span class='ocrx_word' id='word_1_557' title='bbox 2601 4465 2707 4533; x_wconf 79' lang='grc' dir='ltr'>ἄρα</span> <span class='ocrx_word' id='word_1_558' title='bbox 2745 4460 2876 4512; x_wconf 84' lang='grc' dir='ltr'>Θεὸν</span> <span class='ocrx_word' id='word_1_559' title='bbox 2909 4457 3214 4523; x_wconf 76' lang='grc' dir='ltr'>ἀποκυῆσαι</span> 
     </span>
    </p>
   </div>
   <div class='ocr_carea' id='block_1_75' title="bbox 655 4567 2220 4642">
    <p class='ocr_par' dir='ltr' id='par_1_75' title="bbox 655 4567 2220 4642">
     <span class='ocr_line' id='line_1_75' title="bbox 655 4567 2220 4642; baseline -0.007 -14"><span class='ocrx_word' id='word_1_560' title='bbox 655 4577 928 4642; x_wconf 89' lang='lat' dir='ltr'><strong>peperisse</strong></span> <span class='ocrx_word' id='word_1_561' title='bbox 962 4573 1129 4627; x_wconf 85' lang='lat' dir='ltr'><strong>Deum</strong></span> <span class='ocrx_word' id='word_1_562' title='bbox 1160 4573 1358 4626; x_wconf 89' lang='lat' dir='ltr'><strong>asseris</strong></span> <span class='ocrx_word' id='word_1_563' title='bbox 1384 4573 1407 4623; x_wconf 87' lang='lat'><strong>?</strong></span> <span class='ocrx_word' id='word_1_564' title='bbox 1444 4572 1547 4624; x_wconf 86' lang='lat' dir='ltr'><strong>Sed</strong></span> <span class='ocrx_word' id='word_1_565' title='bbox 1576 4572 1622 4624; x_wconf 94' lang='lat' dir='ltr'><strong>is</strong></span> <span class='ocrx_word' id='word_1_566' title='bbox 1650 4585 1677 4621; x_wconf 91' lang='lat' dir='ltr'><strong>a</strong></span> <span class='ocrx_word' id='word_1_567' title='bbox 1707 4569 1861 4621; x_wconf 87' lang='lat' dir='ltr'><strong>nobis</strong></span> <span class='ocrx_word' id='word_1_568' title='bbox 1883 4582 1912 4620; x_wconf 91' lang='lat' dir='ltr'><strong>e</strong></span> <span class='ocrx_word' id='word_1_569' title='bbox 1942 4567 2220 4621; x_wconf 88' lang='lat' dir='ltr'><strong>contrario</strong></span> 
     </span>
    </p>
   </div>
   <div class='ocr_carea' id='block_1_76' title="bbox 656 4658 2223 4722">
    <p class='ocr_par' dir='ltr' id='par_1_76' title="bbox 656 4658 2223 4722">
     <span class='ocr_line' id='line_1_76' title="bbox 656 4658 2223 4722; baseline -0.005 -5"><span class='ocrx_word' id='word_1_570' title='bbox 656 4669 837 4722; x_wconf 72' lang='lat' dir='ltr'><strong>audiet</strong></span> <span class='ocrx_word' id='word_1_571' title='bbox 883 4687 895 4722; x_wconf 89' lang='lat'>:</span> <span class='ocrx_word' id='word_1_572' title='bbox 940 4667 1172 4721; x_wconf 88' lang='lat' dir='ltr'><strong>Carnem</strong></span> <span class='ocrx_word' id='word_1_573' title='bbox 1208 4666 1406 4720; x_wconf 82' lang='lat' dir='ltr'><strong>factum</strong></span> <span class='ocrx_word' id='word_1_574' title='bbox 1455 4679 1574 4717; x_wconf 84' lang='lat' dir='ltr'><strong>esse</strong></span> <span class='ocrx_word' id='word_1_575' title='bbox 1620 4662 1751 4715; x_wconf 89' lang='lat' dir='ltr'><strong>illud</strong></span> <span class='ocrx_word' id='word_1_576' title='bbox 1785 4675 1849 4715; x_wconf 78' lang='lat' dir='ltr'><strong>ex</strong></span> <span class='ocrx_word' id='word_1_577' title='bbox 1905 4659 2017 4712; x_wconf 91' lang='lat' dir='ltr'><strong>Deo</strong></span> <span class='ocrx_word' id='word_1_578' title='bbox 2062 4658 2223 4710; x_wconf 86' lang='lat' dir='ltr'><strong>Patre</strong></span> 
     </span>
    </p>
   </div>
   <div class='ocr_carea' id='block_1_77' title="bbox 664 4742 2224 4826">
    <p class='ocr_par' dir='ltr' id='par_1_77' title="bbox 664 4742 2224 4826">
     <span class='ocr_line' id='line_1_77' title="bbox 664 4742 2224 4826; baseline -0.006 -18"><span class='ocrx_word' id='word_1_579' title='bbox 664 4759 893 4812; x_wconf 80' lang='lat' dir='ltr'><strong>Verbum</strong></span> <span class='ocrx_word' id='word_1_580' title='bbox 926 4758 1003 4811; x_wconf 86' lang='lat' dir='ltr'><strong>ait</strong></span> <span class='ocrx_word' id='word_1_581' title='bbox 1029 4742 1312 4826; x_wconf 81' lang='lat' dir='ltr'><strong>Scriptura</strong></span> <span class='ocrx_word' id='word_1_582' title='bbox 1337 4755 1597 4809; x_wconf 88' lang='lat' dir='ltr'><strong>divinitus</strong></span> <span class='ocrx_word' id='word_1_583' title='bbox 1647 4747 1932 4819; x_wconf 77' lang='lat' dir='ltr'><strong>inspirata,</strong></span> <span class='ocrx_word' id='word_1_584' title='bbox 1985 4751 2088 4803; x_wconf 90' lang='lat' dir='ltr'><strong>hoc</strong></span> <span class='ocrx_word' id='word_1_585' title='bbox 2121 4756 2224 4808; x_wconf 91' lang='lat' dir='ltr'><strong>est,</strong></span> 
     </span>
    </p>
   </div>
   <div class='ocr_carea' id='block_1_78' title="bbox 660 4840 2229 4913">
    <p class='ocr_par' dir='ltr' id='par_1_78' title="bbox 660 4840 2229 4913">
     <span class='ocr_line' id='line_1_78' title="bbox 660 4840 2229 4913; baseline -0.006 -13"><span class='ocrx_word' id='word_1_586' title='bbox 660 4849 809 4903; x_wconf 83' lang='lat' dir='ltr'><strong>carni</strong></span> <span class='ocrx_word' id='word_1_587' title='bbox 839 4847 1304 4904; x_wconf 80' lang='lat' dir='ltr'><strong>sine&#39;conlusione</strong></span> <span class='ocrx_word' id='word_1_588' title='bbox 1343 4857 1395 4900; x_wconf 91' lang='lat' dir='ltr'><strong>et</strong></span> <span class='ocrx_word' id='word_1_589' title='bbox 1419 4847 1712 4901; x_wconf 84' lang='lat' dir='ltr'><strong>secundum</strong></span> <span class='ocrx_word' id='word_1_590' title='bbox 1745 4843 2074 4913; x_wconf 76' lang='lat' dir='ltr'><strong>liypostasim</strong></span> <span class='ocrx_word' id='word_1_591' title='bbox 2109 4840 2229 4893; x_wconf 88' lang='lat' dir='ltr'><strong>nni-</strong></span> 
     </span>
    </p>
   </div>
   <div class='ocr_carea' id='block_1_79' title="bbox 661 4931 2227 5019">
    <p class='ocr_par' dir='ltr' id='par_1_79' title="bbox 661 4931 2227 5019">
     <span class='ocr_line' id='line_1_79' title="bbox 661 4931 2227 5019; baseline -0.008 -24"><span class='ocrx_word' id='word_1_592' title='bbox 661 4948 770 5019; x_wconf 25' lang='lat' dir='ltr'><strong>tlum</strong></span> <span class='ocrx_word' id='word_1_593' title='bbox 807 4961 821 4996; x_wconf 84' lang='lat'><strong>:</strong></span> <span class='ocrx_word' id='word_1_594' title='bbox 865 4956 1038 5010; x_wconf 90' lang='lat' dir='ltr'><strong>neque</strong></span> <span class='ocrx_word' id='word_1_595' title='bbox 1061 4942 1201 4995; x_wconf 89' lang='lat' dir='ltr'><strong>enim</strong></span> <span class='ocrx_word' id='word_1_596' title='bbox 1234 4940 1464 4993; x_wconf 86' lang='lat' dir='ltr'><strong>alienum</strong></span> <span class='ocrx_word' id='word_1_597' title='bbox 1505 4938 1571 4991; x_wconf 86' lang='lat' dir='ltr'><strong>ab</strong></span> <span class='ocrx_word' id='word_1_598' title='bbox 1618 4953 1683 4991; x_wconf 90' lang='lat' dir='ltr'><strong>eo</strong></span> <span class='ocrx_word' id='word_1_599' title='bbox 1731 4947 1848 4990; x_wconf 89' lang='lat' dir='ltr'><strong>erat</strong></span> <span class='ocrx_word' id='word_1_600' title='bbox 1898 4936 2106 4987; x_wconf 86' lang='lat' dir='ltr'><strong>unitum</strong></span> <span class='ocrx_word' id='word_1_601' title='bbox 2156 4931 2227 4984; x_wconf 88' lang='lat' dir='ltr'><strong>illi</strong></span> 
     </span>
    </p>
   </div>
   <div class='ocr_carea' id='block_1_80' title="bbox 661 5024 2232 5104">
    <p class='ocr_par' dir='ltr' id='par_1_80' title="bbox 661 5024 2232 5104">
     <span class='ocr_line' id='line_1_80' title="bbox 661 5024 2232 5104; baseline -0.007 -18"><span class='ocrx_word' id='word_1_602' title='bbox 661 5049 874 5104; x_wconf 81' lang='lat' dir='ltr'><strong>corpus,</strong></span> <span class='ocrx_word' id='word_1_603' title='bbox 911 5044 963 5088; x_wconf 91' lang='lat' dir='ltr'><strong>et</strong></span> <span class='ocrx_word' id='word_1_604' title='bbox 1001 5045 1180 5087; x_wconf 88' lang='lat' dir='ltr'><strong>natum</strong></span> <span class='ocrx_word' id='word_1_605' title='bbox 1225 5048 1286 5087; x_wconf 77' lang='lat' dir='ltr'><strong>ex</strong></span> <span class='ocrx_word' id='word_1_606' title='bbox 1326 5032 1552 5085; x_wconf 86' lang='lat' dir='ltr'><strong>muliere</strong></span> <span class='ocrx_word' id='word_1_607' title='bbox 1579 5068 1596 5092; x_wconf 91' lang='lat'><strong>,</strong></span> <span class='ocrx_word' id='word_1_608' title='bbox 1639 5030 1730 5082; x_wconf 90' lang='lat' dir='ltr'><strong>sed</strong></span> <span class='ocrx_word' id='word_1_609' title='bbox 1755 5039 1811 5081; x_wconf 91' lang='lat' dir='ltr'><strong>ut</strong></span> <span class='ocrx_word' id='word_1_610' title='bbox 1849 5042 2003 5079; x_wconf 90' lang='lat' dir='ltr'><strong>suum</strong></span> <span class='ocrx_word' id='word_1_611' title='bbox 2037 5024 2232 5090; x_wconf 88' lang='lat' dir='ltr'><strong>cuique</strong></span> 
     </span>
    </p>
   </div>
   <div class='ocr_carea' id='block_1_81' title="bbox 664 5116 2233 5194">
    <p class='ocr_par' dir='ltr' id='par_1_81' title="bbox 664 5116 2233 5194">
     <span class='ocr_line' id='line_1_81' title="bbox 664 5116 2233 5194; baseline -0.008 -17"><span class='ocrx_word' id='word_1_612' title='bbox 664 5135 904 5180; x_wconf 89' lang='lat' dir='ltr'><strong>nostrum</strong></span> <span class='ocrx_word' id='word_1_613' title='bbox 938 5126 1215 5194; x_wconf 81' lang='lat' dir='ltr'><strong>proprium</strong></span> <span class='ocrx_word' id='word_1_614' title='bbox 1247 5134 1328 5177; x_wconf 88' lang='lat' dir='ltr'><strong>est</strong></span> <span class='ocrx_word' id='word_1_615' title='bbox 1366 5138 1581 5190; x_wconf 83' lang='lat' dir='ltr'><strong>corpus,</strong></span> <span class='ocrx_word' id='word_1_616' title='bbox 1637 5120 1831 5174; x_wconf 87' lang='lat' dir='ltr'><strong>eodem</strong></span> <span class='ocrx_word' id='word_1_617' title='bbox 1881 5119 2037 5171; x_wconf 88' lang='lat' dir='ltr'><strong>modo</strong></span> <span class='ocrx_word' id='word_1_618' title='bbox 2066 5116 2233 5169; x_wconf 87' lang='lat' dir='ltr'><strong>etiam</strong></span> 
     </span>
    </p>
   </div>
   <div class='ocr_carea' id='block_1_82' title="bbox 665 5207 2234 5288">
    <p class='ocr_par' dir='ltr' id='par_1_82' title="bbox 665 5207 2234 5288">
     <span class='ocr_line' id='line_1_82' title="bbox 665 5207 2234 5288; baseline -0.01 -16"><span class='ocrx_word' id='word_1_619' title='bbox 665 5217 938 5288; x_wconf 82' lang='lat' dir='ltr'><strong>Unigeniti</strong></span> <span class='ocrx_word' id='word_1_620' title='bbox 969 5232 1165 5286; x_wconf 81' lang='lat' dir='ltr'><strong>corpus</strong></span> <span class='ocrx_word' id='word_1_621' title='bbox 1207 5217 1483 5285; x_wconf 74' lang='lat' dir='ltr'><strong>preprium</strong></span> <span class='ocrx_word' id='word_1_622' title='bbox 1533 5215 1606 5266; x_wconf 91' lang='lat' dir='ltr'><strong>illi</strong></span> <span class='ocrx_word' id='word_1_623' title='bbox 1647 5222 1787 5271; x_wconf 88' lang='lat' dir='ltr'><strong>erat,</strong></span> <span class='ocrx_word' id='word_1_624' title='bbox 1827 5221 1879 5263; x_wconf 89' lang='lat' dir='ltr'><strong>et</strong></span> <span class='ocrx_word' id='word_1_625' title='bbox 1931 5225 2033 5261; x_wconf 91' lang='lat' dir='ltr'><strong>non</strong></span> <span class='ocrx_word' id='word_1_626' title='bbox 2096 5207 2234 5258; x_wconf 82' lang='lat' dir='ltr'><strong>alte-</strong></span> 
     </span>
    </p>
   </div>
   <div class='ocr_carea' id='block_1_83' title="bbox 667 5301 2235 5376">
    <p class='ocr_par' dir='ltr' id='par_1_83' title="bbox 667 5301 2235 5376">
     <span class='ocr_line' id='line_1_83' title="bbox 667 5301 2235 5376; baseline -0.008 -14"><span class='ocrx_word' id='word_1_627' title='bbox 667 5309 780 5363; x_wconf 87' lang='lat' dir='ltr'><strong>rius</strong></span> <span class='ocrx_word' id='word_1_628' title='bbox 815 5326 826 5361; x_wconf 94' lang='lat'>:</span> <span class='ocrx_word' id='word_1_629' title='bbox 862 5310 941 5363; x_wconf 88' lang='lat' dir='ltr'><strong>sic</strong></span> <span class='ocrx_word' id='word_1_630' title='bbox 978 5324 1206 5376; x_wconf 84' lang='lat' dir='ltr'><strong>namque</strong></span> <span class='ocrx_word' id='word_1_631' title='bbox 1241 5307 1414 5362; x_wconf 74' lang='lat' dir='ltr'><strong>laetus</strong></span> <span class='ocrx_word' id='word_1_632' title='bbox 1451 5315 1532 5360; x_wconf 86' lang='lat' dir='ltr'><strong>est</strong></span> <span class='ocrx_word' id='word_1_633' title='bbox 1577 5307 1738 5359; x_wconf 88' lang='lat' dir='ltr'><strong>etiam</strong></span> <span class='ocrx_word' id='word_1_634' title='bbox 1781 5301 2074 5356; x_wconf 84' lang='lat' dir='ltr'><strong>secundum</strong></span> <span class='ocrx_word' id='word_1_635' title='bbox 2110 5314 2235 5353; x_wconf 85' lang='lat' dir='ltr'><strong>ear-</strong></span> 
     </span>
    </p>
   </div>
   <div class='ocr_carea' id='block_1_84' title="bbox 665 5396 2229 5468">
    <p class='ocr_par' dir='ltr' id='par_1_84' title="bbox 665 5396 2229 5468">
     <span class='ocr_line' id='line_1_84' title="bbox 665 5396 2229 5468; baseline -0.009 -11"><span class='ocrx_word' id='word_1_636' title='bbox 665 5418 812 5459; x_wconf 88' lang='lat' dir='ltr'><strong>nem.</strong></span> <span class='ocrx_word' id='word_1_637' title='bbox 849 5403 1115 5456; x_wconf 60' lang='lat' dir='ltr'><strong>Praeterea</strong></span> <span class='ocrx_word' id='word_1_638' title='bbox 1147 5403 1234 5455; x_wconf 85' lang='lat' dir='ltr'><strong>dic</strong></span> <span class='ocrx_word' id='word_1_639' title='bbox 1260 5401 1391 5454; x_wconf 84' lang='lat' dir='ltr'><strong>mihi</strong></span> <span class='ocrx_word' id='word_1_640' title='bbox 1425 5399 1692 5468; x_wconf 88' lang='lat' dir='ltr'><strong>quomodo</strong></span> <span class='ocrx_word' id='word_1_641' title='bbox 1726 5396 1923 5449; x_wconf 75' lang='lat' dir='ltr'><strong>factum</strong></span> <span class='ocrx_word' id='word_1_642' title='bbox 1976 5403 2057 5447; x_wconf 92' lang='lat' dir='ltr'><strong>est</strong></span> <span class='ocrx_word' id='word_1_643' title='bbox 2082 5406 2229 5453; x_wconf 86' lang='lat' dir='ltr'><strong>caro,</strong></span> 
     </span>
    </p>
   </div>
   <div class='ocr_carea' id='block_1_85' title="bbox 665 5485 2242 5564">
    <p class='ocr_par' dir='ltr' id='par_1_85' title="bbox 665 5485 2242 5564">
     <span class='ocr_line' id='line_1_85' title="bbox 665 5485 2242 5564; baseline -0.007 -14"><span class='ocrx_word' id='word_1_644' title='bbox 665 5494 712 5550; x_wconf 88' lang='lat' dir='ltr'><strong>si</strong></span> <span class='ocrx_word' id='word_1_645' title='bbox 745 5495 1022 5564; x_wconf 85' lang='lat' dir='ltr'><strong>generatio</strong></span> <span class='ocrx_word' id='word_1_646' title='bbox 1049 5510 1112 5549; x_wconf 80' lang='lat' dir='ltr'><strong>ex</strong></span> <span class='ocrx_word' id='word_1_647' title='bbox 1141 5494 1367 5547; x_wconf 88' lang='lat' dir='ltr'><strong>muliere</strong></span> <span class='ocrx_word' id='word_1_648' title='bbox 1405 5507 1510 5545; x_wconf 91' lang='lat' dir='ltr'><strong>non</strong></span> <span class='ocrx_word' id='word_1_649' title='bbox 1547 5491 1616 5544; x_wconf 91' lang='lat' dir='ltr'><strong>sit</strong></span> <span class='ocrx_word' id='word_1_650' title='bbox 1669 5490 1920 5558; x_wconf 84' lang='lat' dir='ltr'><strong>adjuncta</strong></span> <span class='ocrx_word' id='word_1_651' title='bbox 1952 5503 1965 5552; x_wconf 85' lang='lat'><strong>;</strong></span> <span class='ocrx_word' id='word_1_652' title='bbox 1997 5501 2117 5539; x_wconf 91' lang='lat' dir='ltr'><strong>cum</strong></span> <span class='ocrx_word' id='word_1_653' title='bbox 2147 5485 2242 5539; x_wconf 87' lang='grc' dir='ltr'>Ιιιι-</span> 
     </span>
    </p>
   </div>
   <div class='ocr_carea' id='block_1_86' title="bbox 668 5579 2244 5658">
    <p class='ocr_par' dir='ltr' id='par_1_86' title="bbox 668 5579 2244 5658">
     <span class='ocr_line' id='line_1_86' title="bbox 668 5579 2244 5658; baseline -0.009 -14"><span class='ocrx_word' id='word_1_654' title='bbox 668 5602 843 5645; x_wconf 75' lang='lat' dir='ltr'><strong>manze</strong></span> <span class='ocrx_word' id='word_1_655' title='bbox 877 5599 1083 5642; x_wconf 74' lang='lat' dir='ltr'><strong>naturze</strong></span> <span class='ocrx_word' id='word_1_656' title='bbox 1120 5588 1266 5658; x_wconf 70' lang='lat' dir='ltr'><strong>leges</strong></span> <span class='ocrx_word' id='word_1_657' title='bbox 1305 5586 1355 5642; x_wconf 88' lang='lat' dir='ltr'><strong>id</strong></span> <span class='ocrx_word' id='word_1_658' title='bbox 1401 5585 1679 5654; x_wconf 80' lang='lat' dir='ltr'><strong>requirant</strong></span> <span class='ocrx_word' id='word_1_659' title='bbox 1718 5623 1729 5640; x_wconf 83' lang='lat'><em>.</em></span> <span class='ocrx_word' id='word_1_660' title='bbox 1779 5591 1831 5636; x_wconf 75' lang='lat' dir='ltr'><strong>et</strong></span> <span class='ocrx_word' id='word_1_661' title='bbox 1872 5579 2103 5636; x_wconf 85' lang='lat' dir='ltr'><strong>carnalis</strong></span> <span class='ocrx_word' id='word_1_662' title='bbox 2152 5593 2244 5632; x_wconf 83' lang='lat' dir='ltr'><strong>cx-</strong></span> 
     </span>
    </p>
   </div>
   <div class='ocr_carea' id='block_1_87' title="bbox 743 5765 1116 5827">
    <p class='ocr_par' dir='ltr' id='par_1_87' title="bbox 743 5765 1116 5827">
     <span class='ocr_line' id='line_1_87' title="bbox 743 5765 1116 5827; baseline -0.005 -5"><span class='ocrx_word' id='word_1_663' title='bbox 743 5768 784 5799; x_wconf 70' lang='lat'><strong>”</strong></span> <span class='ocrx_word' id='word_1_664' title='bbox 818 5765 945 5821; x_wconf 75' lang='lat' dir='ltr'><strong>Luc.</strong></span> <span class='ocrx_word' id='word_1_665' title='bbox 986 5784 1024 5827; x_wconf 85' lang='lat' dir='ltr'><strong>i,</strong></span> <span class='ocrx_word' id='word_1_666' title='bbox 1064 5769 1116 5821; x_wconf 80' lang='lat'><strong>2.</strong></span> 
     </span>
    </p>
   </div>
   <div class='ocr_carea' id='block_1_88' title="bbox 2310 3084 3914 3167">
    <p class='ocr_par' dir='ltr' id='par_1_88' title="bbox 2310 3084 3914 3167">
     <span class='ocr_line' id='line_1_88' title="bbox 2310 3084 3914 3167; baseline -0.015 -10"><span class='ocrx_word' id='word_1_667' title='bbox 2310 3103 2577 3157; x_wconf 80' lang='grc' dir='ltr'>αὐτόπται</span> <span class='ocrx_word' id='word_1_668' title='bbox 2604 3101 2698 3153; x_wconf 74' lang='grc' dir='ltr'>καὶ</span> <span class='ocrx_word' id='word_1_669' title='bbox 2729 3095 2997 3167; x_wconf 81' lang='grc' dir='ltr'>ὑπηρέται</span> <span class='ocrx_word' id='word_1_670' title='bbox 3026 3092 3308 3163; x_wconf 86' lang='grc' dir='ltr'>γενόμενοι</span> <span class='ocrx_word' id='word_1_671' title='bbox 3333 3089 3427 3142; x_wconf 74' lang='grc' dir='ltr'>τοῦ</span> <span class='ocrx_word' id='word_1_672' title='bbox 3457 3088 3638 3156; x_wconf 89' lang='grc' dir='ltr'>λόγου,</span> <span class='ocrx_word' id='word_1_673' title='bbox 3662 3085 3756 3137; x_wconf 71' lang='grc' dir='ltr'><strong>καὶ</strong></span> <span class='ocrx_word' id='word_1_674' title='bbox 3781 3084 3914 3135; x_wconf 76' lang='grc' dir='ltr'>τῶν·</span> 
     </span>
    </p>
   </div>
   <div class='ocr_carea' id='block_1_89' title="bbox 2312 3177 3898 3265">
    <p class='ocr_par' dir='ltr' id='par_1_89' title="bbox 2312 3177 3898 3265">
     <span class='ocr_line' id='line_1_89' title="bbox 2312 3177 3898 3265; baseline -0.017 -15"><span class='ocrx_word' id='word_1_675' title='bbox 2312 3197 2468 3249; x_wconf 85' lang='grc' dir='ltr'>θείων</span> <span class='ocrx_word' id='word_1_676' title='bbox 2490 3193 2647 3265; x_wconf 78' lang='grc' dir='ltr'>ἡμῶν</span> <span class='ocrx_word' id='word_1_677' title='bbox 2674 3188 2985 3262; x_wconf 83' lang='grc' dir='ltr'>μυστηρίων</span> <span class='ocrx_word' id='word_1_678' title='bbox 3007 3185 3297 3255; x_wconf 76' lang='grc' dir='ltr'>ἱερουργοὶ,</span> <span class='ocrx_word' id='word_1_679' title='bbox 3323 3182 3416 3234; x_wconf 73' lang='grc' dir='ltr'><strong>καὶ</strong></span> <span class='ocrx_word' id='word_1_680' title='bbox 3438 3179 3628 3248; x_wconf 82' lang='grc' dir='ltr'>ταμίαι</span> <span class='ocrx_word' id='word_1_681' title='bbox 3649 3177 3898 3244; x_wconf 78' lang='grc' dir='ltr'>γνήσιοι·</span> 
     </span>
    </p>
   </div>
   <div class='ocr_carea' id='block_1_90' title="bbox 2312 3264 3906 3350">
    <p class='ocr_par' dir='ltr' id='par_1_90' title="bbox 2312 3264 3906 3350">
     <span class='ocr_line' id='line_1_90' title="bbox 2312 3264 3906 3350; baseline -0.016 -10"><span class='ocrx_word' id='word_1_682' title='bbox 2312 3264 2659 3341; x_wconf 84' lang='grc' dir='ltr'>ἀποσείονται</span> <span class='ocrx_word' id='word_1_683' title='bbox 2711 3282 2809 3350; x_wconf 79' lang='grc' dir='ltr'>μὲν</span> <span class='ocrx_word' id='word_1_684' title='bbox 2849 3280 2957 3345; x_wconf 81' lang='grc' dir='ltr'><strong>γὰρ</strong></span> <span class='ocrx_word' id='word_1_685' title='bbox 3003 3276 3095 3326; x_wconf 59' lang='grc' dir='ltr'>καὶ</span> <span class='ocrx_word' id='word_1_686' title='bbox 3145 3273 3288 3340; x_wconf 83' lang='grc' dir='ltr'>μάλα</span> <span class='ocrx_word' id='word_1_687' title='bbox 3317 3269 3513 3337; x_wconf 75' lang='grc' dir='ltr'>ὀρθῶς,</span> <span class='ocrx_word' id='word_1_688' title='bbox 3547 3268 3622 3328; x_wconf 80' lang='grc' dir='ltr'><strong>ὡς</strong></span> <span class='ocrx_word' id='word_1_689' title='bbox 3653 3264 3906 3334; x_wconf 80' lang='grc' dir='ltr'>ἀμαθέας</span> 
     </span>
    </p>
   </div>
   <div class='ocr_carea' id='block_1_91' title="bbox 2311 3354 3905 3442">
    <p class='ocr_par' dir='ltr' id='par_1_91' title="bbox 2311 3354 3905 3442">
     <span class='ocr_line' id='line_1_91' title="bbox 2311 3354 3905 3442; baseline -0.015 -15"><span class='ocrx_word' id='word_1_690' title='bbox 2311 3393 2369 3427; x_wconf 88' lang='grc' dir='ltr'><strong>τε</strong></span> <span class='ocrx_word' id='word_1_691' title='bbox 2395 3370 2530 3442; x_wconf 82' lang='grc' dir='ltr'>όμού</span> <span class='ocrx_word' id='word_1_692' title='bbox 2559 3372 2649 3423; x_wconf 75' lang='grc' dir='ltr'><strong>καὶ</strong></span> <span class='ocrx_word' id='word_1_693' title='bbox 2681 3368 2780 3436; x_wconf 78' lang='grc' dir='ltr'><strong>τῆς</strong></span> <span class='ocrx_word' id='word_1_694' title='bbox 2823 3368 2901 3427; x_wconf 83' lang='grc' dir='ltr'><strong>είς</strong></span> <span class='ocrx_word' id='word_1_695' title='bbox 2938 3364 3105 3433; x_wconf 71' lang='grc' dir='ltr'>ἄκρον</span> <span class='ocrx_word' id='word_1_696' title='bbox 3151 3359 3389 3431; x_wconf 75' lang='grc' dir='ltr'>ἡκούσης</span> <span class='ocrx_word' id='word_1_697' title='bbox 3415 3355 3729 3418; x_wconf 73' lang='grc' dir='ltr'>δυσσεϐείας</span> <span class='ocrx_word' id='word_1_698' title='bbox 3758 3354 3905 3406; x_wconf 76' lang='grc' dir='ltr'>ἀπό-</span> 
     </span>
    </p>
   </div>
   <div class='ocr_carea' id='block_1_92' title="bbox 2312 3446 3914 3530">
    <p class='ocr_par' dir='ltr' id='par_1_92' title="bbox 2312 3446 3914 3530">
     <span class='ocr_line' id='line_1_92' title="bbox 2312 3446 3914 3530; baseline -0.012 -13"><span class='ocrx_word' id='word_1_699' title='bbox 2312 3465 2475 3528; x_wconf 78' lang='grc' dir='ltr'>δειξιν</span> <span class='ocrx_word' id='word_1_700' title='bbox 2509 3460 2734 3530; x_wconf 76' lang='grc' dir='ltr'>ἐναργῆ,</span> <span class='ocrx_word' id='word_1_701' title='bbox 2766 3458 2825 3510; x_wconf 78' lang='grc' dir='ltr'><strong>τὸ</strong></span> <span class='ocrx_word' id='word_1_702' title='bbox 2878 3456 2980 3509; x_wconf 71' lang='grc' dir='ltr'><strong>κᾶν</strong></span> <span class='ocrx_word' id='word_1_703' title='bbox 3031 3453 3159 3521; x_wconf 75' lang='grc' dir='ltr'>γοῦν</span> <span class='ocrx_word' id='word_1_704' title='bbox 3207 3451 3456 3520; x_wconf 77' lang='grc' dir='ltr'>οἰηθῆναι</span> <span class='ocrx_word' id='word_1_705' title='bbox 3505 3449 3684 3518; x_wconf 90' lang='grc' dir='ltr'>μόνον,</span> <span class='ocrx_word' id='word_1_706' title='bbox 3710 3447 3798 3497; x_wconf 75' lang='grc' dir='ltr'><strong>τὸν</strong></span> <span class='ocrx_word' id='word_1_707' title='bbox 3833 3446 3914 3497; x_wconf 74' lang='grc' dir='ltr'>ἐκ</span> 
     </span>
    </p>
   </div>
   <div class='ocr_carea' id='block_1_93' title="bbox 2315 3534 3909 3621">
    <p class='ocr_par' dir='ltr' id='par_1_93' title="bbox 2315 3534 3909 3621">
     <span class='ocr_line' id='line_1_93' title="bbox 2315 3534 3909 3621; baseline -0.013 -14"><span class='ocrx_word' id='word_1_708' title='bbox 2315 3554 2452 3607; x_wconf 79' lang='grc' dir='ltr'>Θεοῦ</span> <span class='ocrx_word' id='word_1_709' title='bbox 2494 3553 2706 3621; x_wconf 78' lang='grc' dir='ltr'>Πατρὸς</span> <span class='ocrx_word' id='word_1_710' title='bbox 2741 3550 2912 3621; x_wconf 77' lang='grc' dir='ltr'>Λόγον</span> <span class='ocrx_word' id='word_1_711' title='bbox 2947 3547 3025 3606; x_wconf 90' lang='grc' dir='ltr'><strong>είς</strong></span> <span class='ocrx_word' id='word_1_712' title='bbox 3055 3543 3226 3614; x_wconf 82' lang='grc' dir='ltr'>ἀρχὴν</span> <span class='ocrx_word' id='word_1_713' title='bbox 3272 3541 3366 3593; x_wconf 79' lang='grc' dir='ltr'>τοῦ</span> <span class='ocrx_word' id='word_1_714' title='bbox 3416 3535 3551 3591; x_wconf 76' lang='grc' dir='ltr'>εἷναι</span> <span class='ocrx_word' id='word_1_715' title='bbox 3598 3534 3909 3602; x_wconf 74' lang='grc' dir='ltr'>κεκλῆσθαι</span> 
     </span>
    </p>
   </div>
   <div class='ocr_carea' id='block_1_94' title="bbox 2316 3622 3912 3714">
    <p class='ocr_par' dir='ltr' id='par_1_94' title="bbox 2316 3622 3912 3714">
     <span class='ocr_line' id='line_1_94' title="bbox 2316 3622 3912 3714; baseline -0.018 -16"><span class='ocrx_word' id='word_1_716' title='bbox 2316 3644 2598 3714; x_wconf 82' lang='grc' dir='ltr'>δευτέραν,</span> <span class='ocrx_word' id='word_1_717' title='bbox 2637 3643 2803 3709; x_wconf 62' lang='grc' dir='ltr'>ἤγουν</span> <span class='ocrx_word' id='word_1_718' title='bbox 2851 3640 2950 3704; x_wconf 84' lang='grc' dir='ltr'><strong>τῆς</strong></span> <span class='ocrx_word' id='word_1_719' title='bbox 3000 3634 3133 3694; x_wconf 74' lang='grc' dir='ltr'>ἰδίας</span> <span class='ocrx_word' id='word_1_720' title='bbox 3177 3628 3466 3698; x_wconf 77' lang='grc' dir='ltr'>ὑπάρξεως</span> <span class='ocrx_word' id='word_1_721' title='bbox 3515 3626 3669 3694; x_wconf 72' lang='grc' dir='ltr'>ῥίζαν</span> <span class='ocrx_word' id='word_1_722' title='bbox 3709 3622 3912 3689; x_wconf 81' lang='grc' dir='ltr'>ὥσπερ</span> 
     </span>
    </p>
   </div>
   <div class='ocr_carea' id='block_1_95' title="bbox 2318 3712 3909 3803">
    <p class='ocr_par' dir='ltr' id='par_1_95' title="bbox 2318 3712 3909 3803">
     <span class='ocr_line' id='line_1_95' title="bbox 2318 3712 3909 3803; baseline -0.019 -12"><span class='ocrx_word' id='word_1_723' title='bbox 2318 3737 2458 3799; x_wconf 74' lang='grc' dir='ltr'>τινὰ,</span> <span class='ocrx_word' id='word_1_724' title='bbox 2491 3735 2588 3803; x_wconf 82' lang='grc' dir='ltr'>τῆς</span> <span class='ocrx_word' id='word_1_725' title='bbox 2625 3732 2785 3798; x_wconf 84' lang='grc' dir='ltr'>ἁγίας</span> <span class='ocrx_word' id='word_1_726' title='bbox 2819 3726 3095 3797; x_wconf 81' lang='grc' dir='ltr'>Παρθένου</span> <span class='ocrx_word' id='word_1_727' title='bbox 3146 3721 3237 3791; x_wconf 78' lang='grc' dir='ltr'>τὴν</span> <span class='ocrx_word' id='word_1_728' title='bbox 3284 3720 3463 3788; x_wconf 81' lang='grc' dir='ltr'>σάρκα</span> <span class='ocrx_word' id='word_1_729' title='bbox 3509 3715 3722 3768; x_wconf 77' lang='grc' dir='ltr'>).α6εῐν’</span> <span class='ocrx_word' id='word_1_730' title='bbox 3759 3712 3909 3780; x_wconf 81' lang='grc' dir='ltr'>πλὴν</span> 
     </span>
    </p>
   </div>
   <div class='ocr_carea' id='block_1_96' title="bbox 2320 3800 3912 3895">
    <p class='ocr_par' dir='ltr' id='par_1_96' title="bbox 2320 3800 3912 3895">
     <span class='ocr_line' id='line_1_96' title="bbox 2320 3800 3912 3895; baseline -0.018 -14"><span class='ocrx_word' id='word_1_731' title='bbox 2320 3825 2644 3895; x_wconf 81' lang='grc' dir='ltr'>ὀνομάζουσι</span> <span class='ocrx_word' id='word_1_732' title='bbox 2662 3820 2923 3872; x_wconf 84' lang='grc' dir='ltr'>Θεοτόκον</span> <span class='ocrx_word' id='word_1_733' title='bbox 2949 3814 3138 3880; x_wconf 81' lang='grc' dir='ltr'>αὑτὴν,</span> <span class='ocrx_word' id='word_1_734' title='bbox 3159 3811 3233 3872; x_wconf 85' lang='grc' dir='ltr'>ὼς</span> <span class='ocrx_word' id='word_1_735' title='bbox 3257 3806 3627 3860; x_wconf 79' lang='grc' dir='ltr'>ἁποτεκοὺσαν</span> <span class='ocrx_word' id='word_1_736' title='bbox 3656 3800 3912 3871; x_wconf 84' lang='grc' dir='ltr'>δηλονότι</span> 
     </span>
    </p>
   </div>
   <div class='ocr_carea' id='block_1_97' title="bbox 2320 3892 3916 3976">
    <p class='ocr_par' dir='ltr' id='par_1_97' title="bbox 2320 3892 3916 3976">
     <span class='ocr_line' id='line_1_97' title="bbox 2320 3892 3916 3976; baseline -0.02 -3"><span class='ocrx_word' id='word_1_737' title='bbox 2320 3892 2450 3972; x_wconf 59' lang='grc' dir='ltr'>Θεὸν</span> <span class='ocrx_word' id='word_1_738' title='bbox 2481 3915 2610 3968; x_wconf 74' lang='grc' dir='ltr'>ὄντα</span> <span class='ocrx_word' id='word_1_739' title='bbox 2655 3910 2795 3964; x_wconf 80' lang='grc' dir='ltr'>κατὰ</span> <span class='ocrx_word' id='word_1_740' title='bbox 2828 3907 2987 3976; x_wconf 85' lang='grc' dir='ltr'>φύσιν</span> <span class='ocrx_word' id='word_1_741' title='bbox 3022 3903 3110 3955; x_wconf 81' lang='grc' dir='ltr'><strong>τὸν</strong></span> <span class='ocrx_word' id='word_1_742' title='bbox 3143 3897 3530 3970; x_wconf 74' lang='grc' dir='ltr'>Ἐμμανουήλ·</span> <span class='ocrx_word' id='word_1_743' title='bbox 3563 3895 3748 3963; x_wconf 85' lang='grc' dir='ltr'>γέγονε</span> <span class='ocrx_word' id='word_1_744' title='bbox 3793 3892 3916 3961; x_wconf 82' lang='grc' dir='ltr'><strong>γὰρ</strong></span> 
     </span>
    </p>
   </div>
   <div class='ocr_carea' id='block_1_98' title="bbox 2327 3981 3909 4078">
    <p class='ocr_par' dir='ltr' id='par_1_98' title="bbox 2327 3981 3909 4078">
     <span class='ocr_line' id='line_1_98' title="bbox 2327 3981 3909 4078; baseline -0.02 -15"><span class='ocrx_word' id='word_1_745' title='bbox 2327 4011 2442 4078; x_wconf 84' lang='grc' dir='ltr'>μεθ’</span> <span class='ocrx_word' id='word_1_746' title='bbox 2472 4005 2628 4078; x_wconf 84' lang='grc' dir='ltr'>ἡμῶν</span> <span class='ocrx_word' id='word_1_747' title='bbox 2657 4003 2788 4063; x_wconf 76' lang='grc' dir='ltr'>Θεὸς</span> <span class='ocrx_word' id='word_1_748' title='bbox 2835 3999 2910 4050; x_wconf 81' lang='grc' dir='ltr'><strong>ὢν</strong></span> <span class='ocrx_word' id='word_1_749' title='bbox 2957 3995 3137 4064; x_wconf 85' lang='grc' dir='ltr'>φύσει,</span> <span class='ocrx_word' id='word_1_750' title='bbox 3172 3993 3268 4045; x_wconf 66' lang='grc' dir='ltr'>καὶ</span> <span class='ocrx_word' id='word_1_751' title='bbox 3306 3990 3446 4058; x_wconf 79' lang='grc' dir='ltr'>ὑπὲρ</span> <span class='ocrx_word' id='word_1_752' title='bbox 3481 3987 3623 4056; x_wconf 74' lang='grc' dir='ltr'>ἡμᾶς</span> <span class='ocrx_word' id='word_1_753' title='bbox 3651 3985 3678 4035; x_wconf 86' lang='grc' dir='ltr'><strong>ό</strong></span> <span class='ocrx_word' id='word_1_754' title='bbox 3705 3981 3909 4048; x_wconf 83' lang='grc' dir='ltr'>Λόγος.</span> 
     </span>
    </p>
   </div>
   <div class='ocr_carea' id='block_1_99' title="bbox 2322 4072 3915 4170">
    <p class='ocr_par' dir='ltr' id='par_1_99' title="bbox 2322 4072 3915 4170">
     <span class='ocr_line' id='line_1_99' title="bbox 2322 4072 3915 4170; baseline -0.021 -15"><span class='ocrx_word' id='word_1_755' title='bbox 2322 4099 2448 4170; x_wconf 73' lang='grc' dir='ltr'><strong>⁷Δρ’</strong></span> <span class='ocrx_word' id='word_1_756' title='bbox 2469 4095 2561 4151; x_wconf 78' lang='grc' dir='ltr'><strong>οὖν</strong></span> <span class='ocrx_word' id='word_1_757' title='bbox 2587 4091 2665 4158; x_wconf 77' lang='grc' dir='ltr'>οἷς</span> <span class='ocrx_word' id='word_1_758' title='bbox 2692 4091 2931 4156; x_wconf 77' lang='grc' dir='ltr'>δοξάζειν</span> <span class='ocrx_word' id='word_1_759' title='bbox 2949 4086 3219 4154; x_wconf 79' lang='grc' dir='ltr'>ἐγνώκασι</span> <span class='ocrx_word' id='word_1_760' title='bbox 3250 4079 3503 4134; x_wconf 79' lang='grc' dir='ltr'>τάναντία</span> <span class='ocrx_word' id='word_1_761' title='bbox 3530 4074 3724 4145; x_wconf 86' lang='grc' dir='ltr'>φασίν;</span> <span class='ocrx_word' id='word_1_762' title='bbox 3756 4072 3915 4141; x_wconf 85' lang='grc' dir='ltr'>Ἐρεῖ</span> 
     </span>
    </p>
   </div>
   <div class='ocr_carea' id='block_1_100' title="bbox 2324 4164 3910 4262">
    <p class='ocr_par' dir='ltr' id='par_1_100' title="bbox 2324 4164 3910 4262">
     <span class='ocr_line' id='line_1_100' title="bbox 2324 4164 3910 4262; baseline -0.021 -16"><span class='ocrx_word' id='word_1_763' title='bbox 2324 4195 2454 4262; x_wconf 79' lang='grc' dir='ltr'>γὰρ,</span> <span class='ocrx_word' id='word_1_764' title='bbox 2486 4185 2663 4260; x_wconf 81' lang='grc' dir='ltr'>οἶμαι,</span> <span class='ocrx_word' id='word_1_765' title='bbox 2692 4189 2774 4248; x_wconf 78' lang='grc' dir='ltr'><strong>τίς</strong></span> <span class='ocrx_word' id='word_1_766' title='bbox 2803 4183 2909 4236; x_wconf 85' lang='grc' dir='ltr'><strong>τῶν</strong></span> <span class='ocrx_word' id='word_1_767' title='bbox 2944 4182 3007 4232; x_wconf 77' lang='grc' dir='ltr'>τὰ</span> <span class='ocrx_word' id='word_1_768' title='bbox 3043 4178 3179 4231; x_wconf 86' lang='grc' dir='ltr'>αὑτά</span> <span class='ocrx_word' id='word_1_769' title='bbox 3217 4192 3296 4225; x_wconf 89' lang='grc' dir='ltr'><strong>σοι</strong></span> <span class='ocrx_word' id='word_1_770' title='bbox 3327 4171 3541 4242; x_wconf 82' lang='grc' dir='ltr'>φρονεῖν</span> <span class='ocrx_word' id='word_1_771' title='bbox 3571 4164 3866 4237; x_wconf 82' lang='grc' dir='ltr'>ᾑρημένων</span> <span class='ocrx_word' id='word_1_772' title='bbox 3895 4180 3910 4192; x_wconf 76' lang='grc' dir='ltr'><strong>ο</strong></span> 
     </span>
    </p>
   </div>
   <div class='ocr_carea' id='block_1_101' title="bbox 2327 4254 3915 4353">
    <p class='ocr_par' dir='ltr' id='par_1_101' title="bbox 2327 4254 3915 4353">
     <span class='ocr_line' id='line_1_101' title="bbox 2327 4254 3915 4353; baseline -0.02 -15"><span class='ocrx_word' id='word_1_773' title='bbox 2327 4254 2389 4338; x_wconf 62' lang='lat' dir='ltr'><strong>iii</strong></span> <span class='ocrx_word' id='word_1_774' title='bbox 2403 4254 2414 4261; x_wconf 33' lang='lat' dir='ltr'><strong>v</strong></span> <span class='ocrx_word' id='word_1_775' title='bbox 2437 4283 2510 4353; x_wconf 83' lang='grc' dir='ltr'>μὴ</span> <span class='ocrx_word' id='word_1_776' title='bbox 2529 4254 2626 4351; x_wconf 75' lang='grc' dir='ltr'>τὴν</span> <span class='ocrx_word' id='word_1_777' title='bbox 2655 4278 2745 4331; x_wconf 81' lang='grc' dir='ltr'>τοῦ</span> <span class='ocrx_word' id='word_1_778' title='bbox 2760 4279 2928 4342; x_wconf 85' lang='grc' dir='ltr'>Λόγου</span> <span class='ocrx_word' id='word_1_779' title='bbox 2957 4271 3115 4340; x_wconf 85' lang='grc' dir='ltr'>φύσιν</span> <span class='ocrx_word' id='word_1_780' title='bbox 3139 4267 3298 4335; x_wconf 81' lang='grc' dir='ltr'>γέννη</span> <span class='ocrx_word' id='word_1_781' title='bbox 3311 4281 3383 4334; x_wconf 89' lang='grc' dir='ltr'><strong>μα</strong></span> <span class='ocrx_word' id='word_1_782' title='bbox 3400 4260 3597 4331; x_wconf 83' lang='grc' dir='ltr'>σαρκὸς</span> <span class='ocrx_word' id='word_1_783' title='bbox 3615 4254 3751 4310; x_wconf 81' lang='grc' dir='ltr'>εἶναι</span> <span class='ocrx_word' id='word_1_784' title='bbox 3777 4256 3915 4325; x_wconf 84' lang='grc' dir='ltr'>φὴς,</span> 
     </span>
    </p>
   </div>
   <div class='ocr_carea' id='block_1_102' title="bbox 2325 4348 3919 4433">
    <p class='ocr_par' dir='ltr' id='par_1_102' title="bbox 2325 4348 3919 4433">
     <span class='ocr_line' id='line_1_102' title="bbox 2325 4348 3919 4433; baseline -0.02 -4"><span class='ocrx_word' id='word_1_785' title='bbox 2325 4378 2418 4430; x_wconf 74' lang='grc' dir='ltr'><strong>καὶ</strong></span> <span class='ocrx_word' id='word_1_786' title='bbox 2457 4375 2564 4426; x_wconf 84' lang='grc' dir='ltr'><strong>τῶν</strong></span> <span class='ocrx_word' id='word_1_787' title='bbox 2605 4373 2682 4433; x_wconf 80' lang='grc' dir='ltr'><strong>είς</strong></span> <span class='ocrx_word' id='word_1_788' title='bbox 2715 4369 2870 4421; x_wconf 80' lang='grc' dir='ltr'>τοῦτο</span> <span class='ocrx_word' id='word_1_789' title='bbox 2911 4363 3108 4417; x_wconf 82' lang='grc' dir='ltr'>σαυτὸν</span> <span class='ocrx_word' id='word_1_790' title='bbox 3136 4358 3498 4417; x_wconf 83' lang='grc' dir='ltr'>ἀπαλλάττεις</span> <span class='ocrx_word' id='word_1_791' title='bbox 3543 4348 3919 4420; x_wconf 80' lang='grc' dir='ltr'>αἰτιαμάτων,</span> 
     </span>
    </p>
   </div>
   <div class='ocr_carea' id='block_1_103' title="bbox 3260 4441 3920 4514">
    <p class='ocr_par' dir='ltr' id='par_1_103' title="bbox 3260 4441 3920 4514">
     <span class='ocr_line' id='line_1_103' title="bbox 3260 4441 3920 4514; baseline -0.012 -12"><span class='ocrx_word' id='word_1_792' title='bbox 3260 4448 3555 4502; x_wconf 70' lang='grc' dir='ltr'>διαϐεϐαιοῖ</span> <span class='ocrx_word' id='word_1_793' title='bbox 3605 4444 3699 4514; x_wconf 77' lang='grc' dir='ltr'><strong>τὴν</strong></span> <span class='ocrx_word' id='word_1_794' title='bbox 3745 4441 3920 4508; x_wconf 77' lang='grc' dir='ltr'>ἁγίαν</span> 
     </span>
    </p>
   </div>
   <div class='ocr_carea' id='block_1_104' title="bbox 2327 4536 3918 4630">
    <p class='ocr_par' dir='ltr' id='par_1_104' title="bbox 2327 4536 3918 4630">
     <span class='ocr_line' id='line_1_104' title="bbox 2327 4536 3918 4630; baseline -0.022 -15"><span class='ocrx_word' id='word_1_795' title='bbox 2327 4560 2634 4630; x_wconf 84' lang='grc' dir='ltr'>Παρθένον;</span> <span class='ocrx_word' id='word_1_796' title='bbox 2668 4550 3086 4607; x_wconf 81' lang='grc' dir='ltr'>’Λντακούσεται</span> <span class='ocrx_word' id='word_1_797' title='bbox 3114 4546 3171 4598; x_wconf 82' lang='grc' dir='ltr'>δὲ</span> <span class='ocrx_word' id='word_1_798' title='bbox 3206 4542 3337 4613; x_wconf 70' lang='grc' dir='ltr'>πρὸς</span> <span class='ocrx_word' id='word_1_799' title='bbox 3369 4539 3523 4609; x_wconf 76' lang='grc' dir='ltr'>ἡμῶν</span> <span class='ocrx_word' id='word_1_800' title='bbox 3551 4555 3562 4565; x_wconf 90' lang='grc'><strong>·</strong></span> <span class='ocrx_word' id='word_1_801' title='bbox 3599 4536 3786 4603; x_wconf 80' lang='grc' dir='ltr'>Σάρκα</span> <span class='ocrx_word' id='word_1_802' title='bbox 3814 4549 3918 4598; x_wconf 75' lang='grc' dir='ltr'>γε-</span> 
     </span>
    </p>
   </div>
   <div class='ocr_carea' id='block_1_105' title="bbox 2328 4623 3921 4718">
    <p class='ocr_par' dir='ltr' id='par_1_105' title="bbox 2328 4623 3921 4718">
     <span class='ocr_line' id='line_1_105' title="bbox 2328 4623 3921 4718; baseline -0.023 -11"><span class='ocrx_word' id='word_1_803' title='bbox 2328 4623 2514 4707; x_wconf 74' lang='grc' dir='ltr'>νέσθαι</span> <span class='ocrx_word' id='word_1_804' title='bbox 2544 4649 2707 4718; x_wconf 66' lang='grc' dir='ltr'>φησὶν</span> <span class='ocrx_word' id='word_1_805' title='bbox 2736 4648 2768 4716; x_wconf 79' lang='grc' dir='ltr'><strong>ἡ</strong></span> <span class='ocrx_word' id='word_1_806' title='bbox 2795 4643 3148 4696; x_wconf 72' lang='grc' dir='ltr'>θεόπνευστος</span> <span class='ocrx_word' id='word_1_807' title='bbox 3181 4632 3370 4702; x_wconf 63' lang='grc' dir='ltr'>Γραφὴ</span> <span class='ocrx_word' id='word_1_808' title='bbox 3397 4631 3486 4680; x_wconf 84' lang='grc' dir='ltr'><strong>τὸν</strong></span> <span class='ocrx_word' id='word_1_809' title='bbox 3523 4630 3585 4679; x_wconf 82' lang='grc' dir='ltr'><strong>ὲκ</strong></span> <span class='ocrx_word' id='word_1_810' title='bbox 3620 4623 3753 4676; x_wconf 83' lang='grc' dir='ltr'>Θεοῦ</span> <span class='ocrx_word' id='word_1_811' title='bbox 3797 4623 3921 4674; x_wconf 85' lang='grc' dir='ltr'><strong>Πα-</strong></span> 
     </span>
    </p>
   </div>
   <div class='ocr_carea' id='block_1_106' title="bbox 2336 4713 3923 4816">
    <p class='ocr_par' dir='ltr' id='par_1_106' title="bbox 2336 4713 3923 4816">
     <span class='ocr_line' id='line_1_106' title="bbox 2336 4713 3923 4816; baseline -0.023 -17"><span class='ocrx_word' id='word_1_812' title='bbox 2336 4746 2460 4816; x_wconf 72' lang='grc' dir='ltr'>τρὸς</span> <span class='ocrx_word' id='word_1_813' title='bbox 2490 4742 2679 4808; x_wconf 85' lang='grc' dir='ltr'>Λόγον,</span> <span class='ocrx_word' id='word_1_814' title='bbox 2712 4736 3002 4794; x_wconf 83' lang='grc' dir='ltr'>τουτέστιν,</span> <span class='ocrx_word' id='word_1_815' title='bbox 3033 4726 3352 4794; x_wconf 79' lang='grc' dir='ltr'>ἁσυγχύτως</span> <span class='ocrx_word' id='word_1_816' title='bbox 3397 4739 3452 4772; x_wconf 85' lang='grc' dir='ltr'><strong>τε</strong></span> <span class='ocrx_word' id='word_1_817' title='bbox 3500 4720 3592 4771; x_wconf 70' lang='grc' dir='ltr'>καὶ</span> <span class='ocrx_word' id='word_1_818' title='bbox 3624 4715 3742 4768; x_wconf 82' lang='grc' dir='ltr'>καθ’</span> <span class='ocrx_word' id='word_1_819' title='bbox 3777 4713 3923 4765; x_wconf 59' lang='grc' dir='ltr'>ὑπό.</span> 
     </span>
    </p>
   </div>
   <div class='ocr_carea' id='block_1_107' title="bbox 2339 4802 3922 4898">
    <p class='ocr_par' dir='ltr' id='par_1_107' title="bbox 2339 4802 3922 4898">
     <span class='ocr_line' id='line_1_107' title="bbox 2339 4802 3922 4898; baseline -0.02 -11"><span class='ocrx_word' id='word_1_820' title='bbox 2339 4851 2524 4887; x_wconf 82' lang='grc' dir='ltr'>στασιν</span> <span class='ocrx_word' id='word_1_821' title='bbox 2559 4829 2818 4898; x_wconf 78' lang='grc' dir='ltr'>ἐνωθῆναι</span> <span class='ocrx_word' id='word_1_822' title='bbox 2854 4821 3050 4892; x_wconf 85' lang='grc' dir='ltr'>σαρκί·</span> <span class='ocrx_word' id='word_1_823' title='bbox 3105 4819 3162 4871; x_wconf 74' lang='grc' dir='ltr'><strong>οὑ</strong></span> <span class='ocrx_word' id='word_1_824' title='bbox 3199 4816 3305 4884; x_wconf 74' lang='grc' dir='ltr'><strong>γὰρ</strong></span> <span class='ocrx_word' id='word_1_825' title='bbox 3343 4809 3407 4881; x_wconf 75' lang='grc' dir='ltr'>ἦν</span> <span class='ocrx_word' id='word_1_826' title='bbox 3439 4809 3713 4876; x_wconf 82' lang='grc' dir='ltr'>ἀλλότριον</span> <span class='ocrx_word' id='word_1_827' title='bbox 3745 4802 3922 4856; x_wconf 78' lang='grc' dir='ltr'>αὑτοῦ</span> 
     </span>
    </p>
   </div>
   <div class='ocr_carea' id='block_1_108' title="bbox 2335 4895 3922 4988">
    <p class='ocr_par' dir='ltr' id='par_1_108' title="bbox 2335 4895 3922 4988">
     <span class='ocr_line' id='line_1_108' title="bbox 2335 4895 3922 4988; baseline -0.02 -8"><span class='ocrx_word' id='word_1_828' title='bbox 2335 4927 2397 4979; x_wconf 76' lang='grc' dir='ltr'>τὸ</span> <span class='ocrx_word' id='word_1_829' title='bbox 2424 4924 2620 4978; x_wconf 80' lang='grc' dir='ltr'>ὲνωθὲν</span> <span class='ocrx_word' id='word_1_830' title='bbox 2646 4920 2791 4988; x_wconf 83' lang='grc' dir='ltr'>αὑτῷ</span> <span class='ocrx_word' id='word_1_831' title='bbox 2820 4918 2998 4985; x_wconf 85' lang='grc' dir='ltr'>σῶμα,</span> <span class='ocrx_word' id='word_1_832' title='bbox 3019 4912 3111 4964; x_wconf 65' lang='grc' dir='ltr'><strong>καὶ</strong></span> <span class='ocrx_word' id='word_1_833' title='bbox 3134 4905 3527 4976; x_wconf 83' lang='grc' dir='ltr'>γεγεννημένον</span> <span class='ocrx_word' id='word_1_834' title='bbox 3551 4903 3611 4951; x_wconf 79' lang='grc' dir='ltr'>ἐκ</span> <span class='ocrx_word' id='word_1_835' title='bbox 3633 4895 3922 4965; x_wconf 75' lang='grc' dir='ltr'>γυναικὸς,</span> 
     </span>
    </p>
   </div>
   <div class='ocr_carea' id='block_1_109' title="bbox 2338 4987 3923 5080">
    <p class='ocr_par' dir='ltr' id='par_1_109' title="bbox 2338 4987 3923 5080">
     <span class='ocr_line' id='line_1_109' title="bbox 2338 4987 3923 5080; baseline -0.02 -10"><span class='ocrx_word' id='word_1_836' title='bbox 2338 5018 2453 5070; x_wconf 77' lang='grc' dir='ltr'>ἀλλ’</span> <span class='ocrx_word' id='word_1_837' title='bbox 2485 5016 2672 5080; x_wconf 79' lang='grc' dir='ltr'>ὥσπερ</span> <span class='ocrx_word' id='word_1_838' title='bbox 2719 5010 2848 5062; x_wconf 83' lang='grc' dir='ltr'>ἴδιον</span> <span class='ocrx_word' id='word_1_839' title='bbox 2895 5005 3002 5057; x_wconf 84' lang='grc' dir='ltr'><strong>τῶν</strong></span> <span class='ocrx_word' id='word_1_840' title='bbox 3049 5001 3166 5055; x_wconf 74' lang='grc' dir='ltr'>καθ’</span> <span class='ocrx_word' id='word_1_841' title='bbox 3197 5000 3342 5069; x_wconf 72' lang='grc' dir='ltr'>ἡμᾶς</span> <span class='ocrx_word' id='word_1_842' title='bbox 3382 4995 3593 5060; x_wconf 75' lang='grc' dir='ltr'>ἑκάστῳ</span> <span class='ocrx_word' id='word_1_843' title='bbox 3632 4989 3692 5041; x_wconf 81' lang='grc' dir='ltr'><strong>τὸ</strong></span> <span class='ocrx_word' id='word_1_844' title='bbox 3723 4987 3923 5064; x_wconf 77' lang='grc' dir='ltr'>αὑτοῦ,</span> 
     </span>
    </p>
   </div>
   <div class='ocr_carea' id='block_1_110' title="bbox 2337 5081 3925 5165">
    <p class='ocr_par' dir='ltr' id='par_1_110' title="bbox 2337 5081 3925 5165">
     <span class='ocr_line' id='line_1_110' title="bbox 2337 5081 3925 5165; baseline -0.02 -2"><span class='ocrx_word' id='word_1_845' title='bbox 2337 5109 2477 5163; x_wconf 72' lang='grc' dir='ltr'>κατὰ</span> <span class='ocrx_word' id='word_1_846' title='bbox 2506 5108 2600 5160; x_wconf 69' lang='grc' dir='ltr'>τὸν</span> <span class='ocrx_word' id='word_1_847' title='bbox 2631 5104 2791 5156; x_wconf 77' lang='grc' dir='ltr'>αὑτὸν</span> <span class='ocrx_word' id='word_1_848' title='bbox 2823 5097 3036 5152; x_wconf 78' lang='grc' dir='ltr'>τουτονὶ</span> <span class='ocrx_word' id='word_1_849' title='bbox 3060 5096 3276 5165; x_wconf 68' lang='grc' dir='ltr'>τρόπον,</span> <span class='ocrx_word' id='word_1_850' title='bbox 3322 5089 3410 5141; x_wconf 65' lang='grc' dir='ltr'><strong>καὶ</strong></span> <span class='ocrx_word' id='word_1_851' title='bbox 3448 5086 3539 5137; x_wconf 73' lang='grc' dir='ltr'>τοῦ</span> <span class='ocrx_word' id='word_1_852' title='bbox 3579 5081 3925 5146; x_wconf 75' lang='grc' dir='ltr'>Μονογενοῧς</span> 
     </span>
    </p>
   </div>
   <div class='ocr_carea' id='block_1_111' title="bbox 2339 5171 3926 5270">
    <p class='ocr_par' dir='ltr' id='par_1_111' title="bbox 2339 5171 3926 5270">
     <span class='ocr_line' id='line_1_111' title="bbox 2339 5171 3926 5270; baseline -0.022 -17"><span class='ocrx_word' id='word_1_853' title='bbox 2339 5203 2468 5256; x_wconf 77' lang='grc' dir='ltr'>ἴδιον</span> <span class='ocrx_word' id='word_1_854' title='bbox 2502 5197 2588 5270; x_wconf 78' lang='grc' dir='ltr'>ἦν,</span> <span class='ocrx_word' id='word_1_855' title='bbox 2619 5199 2711 5251; x_wconf 73' lang='grc' dir='ltr'><strong>καὶ</strong></span> <span class='ocrx_word' id='word_1_856' title='bbox 2736 5196 2832 5262; x_wconf 78' lang='grc' dir='ltr'>οὑχ</span> <span class='ocrx_word' id='word_1_857' title='bbox 2863 5192 3049 5259; x_wconf 75' lang='grc' dir='ltr'>ἐτέρου</span> <span class='ocrx_word' id='word_1_858' title='bbox 3081 5185 3142 5239; x_wconf 74' lang='grc' dir='ltr'>τὸ</span> <span class='ocrx_word' id='word_1_859' title='bbox 3177 5183 3360 5252; x_wconf 84' lang='grc' dir='ltr'>σῶμα·</span> <span class='ocrx_word' id='word_1_860' title='bbox 3389 5179 3530 5230; x_wconf 70' lang='grc' dir='ltr'>οὑτω</span> <span class='ocrx_word' id='word_1_861' title='bbox 3561 5173 3667 5244; x_wconf 76' lang='grc' dir='ltr'><strong>γὰρ</strong></span> <span class='ocrx_word' id='word_1_862' title='bbox 3701 5171 3792 5224; x_wconf 66' lang='grc' dir='ltr'><strong>καὶ</strong></span> <span class='ocrx_word' id='word_1_863' title='bbox 3828 5189 3926 5237; x_wconf 72' lang='grc' dir='ltr'>γε-</span> 
     </span>
    </p>
   </div>
   <div class='ocr_carea' id='block_1_112' title="bbox 2338 5260 3924 5362">
    <p class='ocr_par' dir='ltr' id='par_1_112' title="bbox 2338 5260 3924 5362">
     <span class='ocr_line' id='line_1_112' title="bbox 2338 5260 3924 5362; baseline -0.024 -15"><span class='ocrx_word' id='word_1_864' title='bbox 2338 5294 2590 5362; x_wconf 79' lang='grc' dir='ltr'>γέννηται</span> <span class='ocrx_word' id='word_1_865' title='bbox 2631 5286 2771 5340; x_wconf 73' lang='grc' dir='ltr'>κατὰ</span> <span class='ocrx_word' id='word_1_866' title='bbox 2801 5283 2994 5352; x_wconf 77' lang='grc' dir='ltr'>σάρκα.</span> <span class='ocrx_word' id='word_1_867' title='bbox 3027 5274 3156 5329; x_wconf 77' lang='grc' dir='ltr'>Εἶτα</span> <span class='ocrx_word' id='word_1_868' title='bbox 3179 5272 3291 5334; x_wconf 83' lang='grc' dir='ltr'><strong>πῶς</strong></span> <span class='ocrx_word' id='word_1_869' title='bbox 3323 5269 3407 5330; x_wconf 73' lang='grc' dir='ltr'>ἂν,</span> <span class='ocrx_word' id='word_1_870' title='bbox 3439 5267 3558 5319; x_wconf 80' lang='grc' dir='ltr'>εἰπέ</span> <span class='ocrx_word' id='word_1_871' title='bbox 3593 5281 3699 5332; x_wconf 89' lang='grc' dir='ltr'>μοι,</span> <span class='ocrx_word' id='word_1_872' title='bbox 3724 5260 3924 5327; x_wconf 73' lang='grc' dir='ltr'>γέγονε</span> 
     </span>
    </p>
   </div>
   <div class='ocr_carea' id='block_1_113' title="bbox 2343 5352 3924 5454">
    <p class='ocr_par' dir='ltr' id='par_1_113' title="bbox 2343 5352 3924 5454">
     <span class='ocr_line' id='line_1_113' title="bbox 2343 5352 3924 5454; baseline -0.024 -17"><span class='ocrx_word' id='word_1_873' title='bbox 2343 5385 2496 5454; x_wconf 76' lang='grc' dir='ltr'>σὰρξ,</span> <span class='ocrx_word' id='word_1_874' title='bbox 2522 5382 2579 5434; x_wconf 84' lang='grc' dir='ltr'><strong>οὑ</strong></span> <span class='ocrx_word' id='word_1_875' title='bbox 2616 5371 3063 5448; x_wconf 79' lang='grc' dir='ltr'>παρειλημμένης</span> <span class='ocrx_word' id='word_1_876' title='bbox 3091 5364 3390 5432; x_wconf 80' lang='grc' dir='ltr'>γεννήσεως</span> <span class='ocrx_word' id='word_1_877' title='bbox 3421 5359 3518 5425; x_wconf 76' lang='grc' dir='ltr'>τῆς</span> <span class='ocrx_word' id='word_1_878' title='bbox 3549 5358 3610 5408; x_wconf 79' lang='grc' dir='ltr'>ὲκ</span> <span class='ocrx_word' id='word_1_879' title='bbox 3637 5352 3924 5421; x_wconf 74' lang='grc' dir='ltr'>γυναικὸς,</span> 
     </span>
    </p>
   </div>
   <div class='ocr_carea' id='block_1_114' title="bbox 2342 5442 3928 5544">
    <p class='ocr_par' dir='ltr' id='par_1_114' title="bbox 2342 5442 3928 5544">
     <span class='ocr_line' id='line_1_114' title="bbox 2342 5442 3928 5544; baseline -0.023 -14"><span class='ocrx_word' id='word_1_880' title='bbox 2342 5477 2448 5530; x_wconf 80' lang='grc' dir='ltr'><strong>τῶν</strong></span> <span class='ocrx_word' id='word_1_881' title='bbox 2481 5477 2579 5544; x_wconf 78' lang='grc' dir='ltr'>’τῆς</span> <span class='ocrx_word' id='word_1_882' title='bbox 2619 5466 3032 5537; x_wconf 79' lang='grc' dir='ltr'>ἁνθρωπότητος</span> <span class='ocrx_word' id='word_1_883' title='bbox 3074 5458 3251 5525; x_wconf 78' lang='grc' dir='ltr'>νόμιον</span> <span class='ocrx_word' id='word_1_884' title='bbox 3291 5454 3368 5513; x_wconf 84' lang='grc' dir='ltr'>εἰς</span> <span class='ocrx_word' id='word_1_885' title='bbox 3401 5448 3560 5501; x_wconf 74' lang='grc' dir='ltr'>τοῦτο</span> <span class='ocrx_word' id='word_1_886' title='bbox 3589 5442 3928 5508; x_wconf 82' lang='grc' dir='ltr'>καλούντων,</span> 
     </span>
    </p>
   </div>
   <div class='ocr_carea' id='block_1_115' title="bbox 2343 5535 3927 5638">
    <p class='ocr_par' dir='ltr' id='par_1_115' title="bbox 2343 5535 3927 5638">
     <span class='ocr_line' id='line_1_115' title="bbox 2343 5535 3927 5638; baseline -0.024 -14"><span class='ocrx_word' id='word_1_887' title='bbox 2343 5569 2438 5624; x_wconf 69' lang='grc' dir='ltr'><strong>καὶ</strong></span> <span class='ocrx_word' id='word_1_888' title='bbox 2486 5567 2584 5638; x_wconf 70' lang='grc' dir='ltr'>τῆς</span> <span class='ocrx_word' id='word_1_889' title='bbox 2621 5561 2882 5632; x_wconf 76' lang='grc' dir='ltr'>σαρκικῆς</span> <span class='ocrx_word' id='word_1_890' title='bbox 2924 5550 3206 5623; x_wconf 75' lang='grc' dir='ltr'>ὑπάρξεως</span> <span class='ocrx_word' id='word_1_891' title='bbox 3247 5543 3342 5616; x_wconf 83' lang='grc' dir='ltr'>τὴν</span> <span class='ocrx_word' id='word_1_892' title='bbox 3376 5540 3547 5613; x_wconf 79' lang='grc' dir='ltr'>ἀρχὴν</span> <span class='ocrx_word' id='word_1_893' title='bbox 3586 5538 3682 5606; x_wconf 76' lang='grc' dir='ltr'><strong>οὐχ</strong></span> <span class='ocrx_word' id='word_1_894' title='bbox 3727 5535 3927 5605; x_wconf 76' lang='grc' dir='ltr'>ἑτέραν</span> 
     </span>
    </p>
   </div>
  </div>
