4028 6436
137 346 190 402 Ξί
1251 365 1620 426 ADVERSUS
1659 367 2064 431 NESTORIUM
2107 374 2235 432 LIB.
2274 374 2315 429 1.
3334 386 3404 440 22

138 463 267 568 ἒχειν
295 464 619 568 δυναμένης
647 471 744 542 τὴν
769 472 918 540 ὀδόν;
953 475 1028 530 Οὐ
1058 479 1165 549 γάρ
1188 498 1289 534 που
1312 487 1432 547 ταῖς
1466 485 1717 556 Ἑλλήνωι

1837 491 2082 546 sistcntia
2115 494 2182 547 ab
2215 492 2370 547 initio
2400 506 2506 546 non
2550 493 2708 546 aliam
2756 494 2896 549 viam
2941 495 3146 552 habere
3179 500 3402 568 possit?

133 553 444 655 τέρθρείαις
501 565 974 655 προσεσχηκότες,
1018 570 1082 621 ὲκ
1130 570 1290 641 δρυὸς
1333 577 1364 645 ἢ
1417 553 1622 649 πέτρας
1668 583 1717 635 τὲ

1837 581 1951 636 Non
2001 584 2143 637 enim
2198 583 2477 650 gentilium
2525 584 2735 638 scilicet
2797 587 2953 655 nugis
3010 587 3401 655 adlimrentes,

134 643 433 739 ἀνθρώπων
468 648 756 705 τίκτεσθαι
791 643 1024 725 σώματα
1058 660 1152 712 καὶ
1190 643 1362 732 ἡμεῖς
1394 643 1547 720 αὐτοὶ
1592 671 1733 739 ῥαψ-

130 735 430 830 ιρθησομενο
451 740 659 809 νόμους
682 744 738 797 δὲ
763 749 892 811 τοὺς
913 749 1036 802 καθ’
1060 752 1206 822 ἡμᾶς
1227 755 1259 822 ὴ
1285 755 1447 823 φύσις
1471 735 1729 830 ὡρίσατο,

131 826 326 920 ρᾶλλον
370 827 432 882 δὲ
481 831 586 901 τῆς
628 833 846 902 φύσεως
881 839 1292 914 ὀΔημιουργός.
1337 826 1591 902 Τίκτεται
1625 851 1733 920 γὰρ

127 918 310 988 ὧσπερ
333 919 432 988 ἀφ’
461 922 700 978 ἑκάστου
727 927 839 979 τῶν
859 930 1027 1000 ὄντων
1052 933 1112 986 τὸ
1152 937 1430 1004 συγγενὲς,
1464 939 1606 994 οὕτω
1640 918 1733 995 καὶ

126 1005 178 1068 ἐξ
194 1008 390 1102 ⁸1¹ιι.ι.ιῖιν-
419 1013 612 1102 αυτῶν
635 1032 647 1045 ·
685 1017 782 1070 καὶ
813 1019 914 1073 οὐκ
946 1021 1012 1075 ἂν
1062 1023 1262 1094 ἑτέρως
1294 1027 1405 1097 ἔχοι
1439 1030 1497 1083 τὸ
1541 1034 1730 1102 χρῆμά

125 1096 317 1162 ποθεν;
365 1100 672 1169 άνέρικτον
723 1107 826 1174 μὲν
870 1109 981 1179 γὰρ
1025 1114 1301 1178 παντελῶς
1344 1096 1495 1171 οὐδὲν
1539 1096 1730 1176 ξίν-’ἂν

123 1187 288 1280 ἕλοιτο
326 1192 644 1262 κατορθοῦν
669 1200 736 1268 τῇ
773 1199 894 1269 θείᾳ
923 1218 983 1253 τε
1016 1204 1111 1256 καὶ
1144 1206 1440 1278 ἀπορρήτῳ
1479 1209 1726 1280 δυνάμει,

123 1277 337 1346 ἔρχεται
361 1280 422 1332 δὲ
461 1282 552 1336 διὰ
579 1285 689 1339 τῶν
712 1288 941 1342 εἰκότων
964 1295 1028 1363 τῇ
1059 1293 1166 1347 τῶν
1196 1296 1365 1350 ὄντων
1396 1299 1578 1368 φύσει,
1603 1277 1728 1367 τοὺς

123 1371 252 1459 παρ’,
275 1371 459 1439 αὐτῆς
490 1375 848 1445 τεθειμένους
876 1382 977 1435 οὐκ
1005 1384 1347 1453 άτιμάζουσα
1377 1390 1574 1459 νόμους
1593 1410 1607 1423 ο
1635 1396 1729 1448 καὶ

204 1457 310 1552 es;
333 1460 641 1528 ἀνέφικτον
667 1465 746 1534 τῷ
767 1468 954 1522 πάντα
983 1451 1215 1542 ίσχύοντι
1247 1477 1424 1547 Λόγῳ,
1442 1451 1728 1552 κεκρικότι

124 1548 213 1613 μὲν
248 1549 317 1602 δι’
350 1552 512 1620 ἡμᾶς
563 1555 820 1620 γενέσθαι
855 1559 978 1612 καθ’
1007 1562 1176 1631 ἡμᾶς,
1209 1548 1636 1639 παραιτουμένῳ
1665 1589 1743 1639 γε

122 1638 220 1708 μὴν
269 1641 540 1710 γέννησιν
591 1645 692 1715 τὴν
744 1648 810 1700 ὲκ
858 1651 1138 1717 γυναικὸς,
1166 1652 1363 1718 ἔξωθεν
1409 1638 1588 1730 ἑαυτῷ
1635 1638 1727 1714 καὶ

122 1730 220 1799 ἰδία
246 1731 491 1801 δυνάμει
527 1733 983 1808 πλαστουργῆσαι
1017 1741 1075 1794 τὸ
1107 1730 1286 1813 σῶμα,
1311 1745 1564 1814 καθάπερ
1584 1749 1722 1817 ἁμέ-

118 1817 193 1869 λει
225 1821 496 1885 γενέσθαι
533 1824 721 1891 φαμὲν
748 1829 843 1878 καὶ
875 1828 968 1879 ἐπὶ
1006 1829 1099 1880 τοῦ
1127 1835 1473 1903 προπάτορος
1509 1835 1677 1903 Ἀδάμ
1703 1851 1717 1865 ·

121 1910 348 1961 ιἐλασε
380 1912 522 1979 γὰρ,
561 1915 753 1982 φησὶν,
780 1917 809 1966 ὁ
839 1915 974 1979 Θεὸς
1008 1916 1135 1987 χοῦν
1176 1919 1284 1973 ἀπὸ
1317 1922 1415 1990 τῆς
1460 1924 1585 1994 γῆς,
1627 1926 1729 1979 καὶ

116 1997 310 2052 ἔπλασε
360 2001 463 2054 τὸν
515 2002 832 2074 ἄνθρωπον.
861 2025 880 2058 ι
913 2007 1130 2081 Ἐπειδὴ
1177 2011 1234 2066 δὲ
1280 2015 1552 2085 πρόφασις
1581 2018 1732 2090 αὕτη·

115 2093 218 2155 τοῖς
244 2093 514 2159 ἀπίστοις
541 2091 635 2167 ἦν,
669 2102 1032 2166 συκοφαντεῖν
1058 2102 1303 2157 ἐθέλουσι
1325 2106 1424 2174 τῆς
1453 2107 1734 2180 ὲνανθρω--

115 2186 326 2255 πήσεως
377 2186 444 2240 τὸ
501 2190 833 2258 μυστήριον,
868 2191 964 2244 καὶ
998 2191 1104 2263 πρό
1135 2210 1199 2261 γε
1227 2193 1336 2247 τῶν
1377 2197 1576 2259 ἄλλων.
1609 2203 1721 2264 τοῖς

112 2277 343 2340 ἀνοσίοις
394 2279 755 2348 Μανιχαίοις,
783 2279 880 2343 οὓς
927 2281 1039 2336 ἄνω
1082 2299 1142 2336 τε
1185 2285 1280 2340 καὶ
1315 2286 1464 2340 κάτω
1492 2287 1720 2342 δεδιέναι

113 2368 230 2436 φὴς.
269 2369 352 2438 μὴ
402 2371 522 2439 ἄρα
570 2388 675 2424 που
724 2374 840 2436 τοῖς
874 2373 1137 2427 Θεοτόκον
1181 2375 1396 2444 λέγουσι
1427 2379 1526 2450 τὴν
1556 2381 1720 2447 ἁγίαν

113 2458 392 2528 Παρθένον
440 2462 882 2533 ὲπιπηδήσειαν,
932 2465 1009 2526 ὡς
1053 2466 1112 2517 ἐν
1155 2467 1347 2534 μόναις
1392 2471 1720 2537 φαντασίαις

110 2545 597 2619 διαόεσαιούμενοι
629 2551 887 2619 γενέσθαι
918 2551 1014 2605 τοῦ
1062 2554 1236 2622 Λόγου
1277 2556 1376 2627 τὴν
1417 2558 1718 2629 σάρκωσιν,

112 2637 439 2710 κεχώρηκεν
476 2641 807 2708 ἀναγκαίως
851 2641 942 2695 διὰ
979 2642 1089 2697 τῶν
1118 2643 1467 2721 ἀνθρωπίνης
1499 2651 1717 2720 φύσεως

111 2728 283 2796 νόμων
301 2745 326 2773 ε·
369 2729 475 2782 καὶ
517 2730 756 2800 ἐπείπερ
781 2725 850 2801 ἦν
880 2732 909 2783 ὀ
935 2733 1138 2797 σκοπὸς
1168 2737 1340 2807 αὐτῷ,
1367 2739 1718 2813 πληροφορῆ-

113 2837 193 2872 σαι
228 2819 602 2888 σύμπαντας,
642 2820 724 2873 ὅτι
771 2821 1001 2890 γέγονεν
1027 2825 1315 2895 ἄνθρωπος
1348 2831 1585 2901 άληθῶς,
1617 2834 1721 2886 ἐπα

109 2910 331 2963 ελάόετο
351 2910 687 2981 σπέρματος
721 2913 1005 2986 Ἀϐραάμο
1043 2919 1137 2971 καὶ
1172 2921 1563 2991 μεσιτευρύσης
1584 2923 1720 2993 πρὸς

110 3001 261 3055 τοῦτο
311 3002 458 3055 αὐτὸ
509 3002 614 3071 τῆς
662 3005 946 3076 μακαρίας
989 3007 1290 3079 Παρθένου,
1319 3013 1719 3084 παραπλησίως

1835 685 1898 725 ex
1928 688 2128 740 quercu
2184 681 2277 726 aut
2314 687 2378 726 ex
2437 682 2588 740 petra
2647 675 2924 729 hominum
2978 693 3206 746 corpora
3257 681 3402 750 gigni

1834 776 1929 815 nos
1966 778 2177 831 quoque
2209 762 2565 816 fabulabimur
2616 766 2760 818 :serl
2812 765 2957 835 leges
3013 777 3232 824 nostras
3288 772 3403 839 ipsa

1835 860 2051 914 natura,
2106 853 2216 906 imo
2250 868 2377 908 vero
2435 855 2546 921 ipse
2591 855 2783 922 Opifex
2831 867 3039 914 natura!
3095 861 3401 915 constituit.

1839 940 1914 996 Ut
1941 943 2083 996 enim
2115 958 2182 997 ex
2232 959 2551 1014 unaquaque
2589 960 2646 999 re
2687 947 2829 1015 quod
2880 959 3172 1020 cognatum
3205 960 3291 1004 est
3321 951 3405 1019 gi-

1831 1031 2030 1100 gnitur,
2062 1032 2131 1084 ita
2160 1033 2322 1085 etiam
2359 1049 2423 1088 ex
2452 1035 2605 1090 nobis
2630 1036 2760 1103 ipsis
2804 1055 2816 1090 :
2848 1054 3024 1108 neque
3055 1039 3214 1094 aliter
3263 1041 3313 1094 id
3345 1056 3405 1096 se

1833 1121 2032 1176 habere
2050 1131 2229 1191 potest
2256 1125 2366 1178 ullo
2403 1126 2581 1180 modo.
2618 1126 2877 1192 Quamvis
2907 1130 3050 1183 enim
3099 1131 3297 1187 divinas
3323 1133 3399 1186 illi

1830 1221 1884 1267 et
1916 1213 2172 1269 iueli‘abili
2197 1216 2450 1283 potentia:
2501 1219 2724 1273 omnino
2769 1219 2906 1274 nihil
2953 1221 3290 1290 impossibile
3325 1224 3398 1278 sit

1830 1319 1893 1359 ex
1925 1306 2006 1358 bis
2028 1320 2148 1374 quae
2191 1307 2319 1361 velit
2357 1306 2592 1373 eﬂicere,
2640 1319 2818 1366 tamen
2856 1327 2924 1366 ne
2952 1313 3101 1382 leges
3133 1330 3161 1368 a
3214 1331 3273 1370 se
3303 1329 3400 1384 po-

1830 1395 1963 1450 sitas
1995 1407 2329 1463 contemnat,
2355 1413 2451 1468 per
2479 1414 2541 1454 ea
2567 1403 2740 1472 pergit
2773 1418 2892 1472 quae
2926 1418 3047 1459 cum
3079 1420 3267 1460 rerum
3298 1421 3395 1460 na-

1832 1494 1949 1540 tura
1981 1489 2308 1542 conveniunt
2346 1508 2358 1542 :
2397 1498 2621 1559 eratque
2655 1507 2760 1546 non
2819 1493 3155 1561 impossibile
3215 1496 3399 1550 omni-

1829 1578 2031 1645 potenti
2063 1579 2138 1632 illi
2166 1578 2367 1642 Verbo,
2387 1581 2444 1650 8
2465 1580 2553 1636 ubi
2580 1584 2866 1638 statuisset
2899 1593 3121 1654 propter
3153 1601 3251 1640 nos
3277 1585 3395 1639 ﬁeri

1829 1670 2124 1724 secundum
2172 1685 2290 1734 nos,
2329 1671 2372 1724 si
2416 1673 2820 1741 generationem
2869 1687 2936 1729 ex
2978 1675 3204 1730 muliere
3248 1674 3400 1729 refu—

1829 1769 1998 1826 geret,
2037 1761 2137 1813 sibi
2177 1762 2516 1816 extrinsecus
2565 1778 2628 1816 ae
2676 1765 2894 1833 propria
2953 1764 3154 1818 virtute
3203 1779 3401 1834 corpus

1822 1845 2368 1914 fermare.utprncul
2411 1851 2573 1904 dubio
2627 1852 2678 1905 in
2712 1853 2882 1906 Adam
2930 1855 3107 1922 primo
3178 1862 3401 1921 parente

1825 1932 2022 1988 factum
2056 1935 2287 1991 dicimus
2322 1955 2335 1991 :
2384 1955 2402 1988 ι
2444 1939 2668 2006 Accepit
2708 1941 2853 1995 enim
2898 1943 3037 1997 Deus
3088 1942 3397 2010 pulverem,

1825 2023 2021 2094 inquit,
2078 2026 2143 2080 de
2188 2035 2353 2092 terra,
2393 2035 2447 2082 et
2478 2026 2728 2084 formavit
2775 2031 3046 2087 hominem
3093 2033 3136 2064 “
3179 2049 3193 2086 :
3239 2052 3257 2085 ι
3307 2035 3401 2089 sed

1824 2117 1950 2185 quia
1991 2117 2043 2171 id
2088 2119 2310 2186 perﬁdis
2360 2117 2669 2177 hominibus
2713 2122 3034 2178 calumniari
3091 2124 3398 2181 volentibus

1825 2209 2215 2265 incarnationis
2264 2211 2622 2281 mysterium,
2664 2227 2762 2281 pro
2810 2215 3102 2268 occasione
3156 2214 3395 2270 futurum

1821 2308 1960 2363 erat,
2002 2310 2055 2354 et
2079 2309 2207 2355 ante
2237 2310 2465 2356 exteros
2496 2302 2674 2372 impiis
2709 2302 3021 2358 Manicharis
3047 2343 3062 2368 ,
3091 2320 3227 2374 quos
3263 2305 3394 2360 sub-

1823 2391 1944 2445 inde
1977 2398 2029 2444 te
2060 2401 2300 2444 metuere
2332 2391 2488 2457 dicis,
2533 2405 2599 2446 ne
2642 2393 2694 2445 in
2727 2407 2822 2446 eos
2856 2393 3071 2448 scilicet
3117 2394 3209 2463 qui
3262 2409 3392 2447 san-

1820 2489 1960 2536 ctam
2007 2479 2280 2549 Virginem
2334 2479 2426 2534 Dei
2480 2481 2794 2549 genitricem
2843 2483 3049 2547 dicunt,
3100 2483 3390 2549 insiliant,

1821 2571 1975 2640 quasi
2010 2579 2256 2626 asserant
2283 2570 2445 2627 Verbi
2485 2572 2912 2628 incarnationem
2965 2574 3017 2628 in
3061 2575 3174 2630 sola
3208 2575 3388 2644 specie

1823 2661 2038 2728 iactam,
2081 2663 2200 2718 ideo
2232 2663 2598 2719 necessarium
2640 2662 2743 2718 fuit
2780 2672 2840 2718 ut
2878 2679 2972 2733 per
3009 2666 3262 2721 humana:
3301 2681 3391 2718 na-

1823 2761 1954 2808 tura:
1978 2752 2121 2824 leges
2147 2762 2431 2820 pergeret:
2463 2763 2516 2807 et
2541 2754 2667 2824 quia
2692 2754 2744 2808 id
2766 2754 2837 2808 illi
2870 2756 3206 2824 propositum
3241 2747 3384 2818 erat.

1821 2854 1880 2900 ut
1911 2860 1972 2900 se
2005 2859 2129 2900 vere
2163 2845 2435 2900 hominem
2469 2844 2667 2900 factum
2686 2845 2938 2900 omnibus
2964 2847 3388 2910 demonstraret,

1821 2934 2176 3003 apprehendit
2205 2949 2385 2989 semen
2447 2933 2722 2988 Abraham
2754 2934 2818 2999 “,
2870 2944 2922 2987 et
2960 2935 3023 2986 ad
3059 2948 3178 2988 eam
3215 2935 3390 3003 ipsam

1821 3040 1934 3079 rem
1985 3026 2139 3079 beata
2182 3023 2399 3093 Virgine
2440 3025 2615 3080 media
2671 3024 3100 3088 interveniente,
3141 3024 3394 3077 similiter

110 3092 231 3159 ἡμῖν
288 3093 570 3162 μετέσχεν
616 3095 851 3164 αϊματος
894 3098 990 3150 καὶ
1033 3097 1370 3169 σαρκός.⁷Ην
1405 3103 1514 3174 γὰρ
1544 3105 1715 3168 οὕτως

1820 3131 1882 3169 ac
1912 3130 2010 3170 nos
2042 3116 2385 3186 participavit
2409 3130 2575 3170 carne
2605 3125 2660 3169 et
2694 3117 2996 3185 sanguine;
3031 3129 3209 3182 neque
3242 3117 3390 3168 enim

111 3182 196 3232 ni.
234 3183 339 3251 σῦχ
385 3183 601 3252 ἑτέρως
633 3185 754 3252 μεθ’
780 3186 940 3254 ἡμῶν
972 3188 1223 3254 γενέσθαι
1254 3190 1405 3244 Θεόν.
1448 3193 1716 3262 Χρειωδε-

111 3272 274 3339 στάτη
322 3273 384 3324 δὲ
435 3273 538 3324 καὶ
572 3274 778 3342 ἑτέρως
809 3278 924 3338 τοῖς
953 3277 1046 3328 ἐπὶ
1073 3279 1168 3346 τῆς
1211 3282 1313 3349 γῆς
1339 3283 1372 3350 ἡ
1410 3282 1503 3335 τοῦ
1537 3284 1714 3352 Λόγου

111 3364 413 3432 τάρκωσις,
456 3364 631 3433 ῆγουν
660 3365 1077 3439 ὲνανθρὼπησις
1109 3365 1195 3439 ἦν.
1231 3371 1292 3422 Ei
1340 3371 1414 3442 μὴ
1458 3372 1566 3443 γὰρ
1620 3391 1715 3442 γε-

108 3455 367 3524 γέννηται
421 3454 553 3508 καθ’
583 3457 733 3525 ἡμᾶς
765 3457 907 3527 κατὰ
957 3459 1155 3528 σάρκα,
1193 3461 1241 3511 εἰ
1285 3463 1360 3531 μὴ
1401 3463 1508 3515 τῶν
1538 3465 1715 3518 αὐτῶν

111 3542 233 3607 ἡμῖν
284 3543 540 3611 μετέσχε
592 3543 1016 3612 παραπλησίως,
1051 3547 1150 3597 οὐκ
1196 3546 1262 3600 ἂν
1293 3550 1392 3619 τὴν
1424 3552 1712 3623 ἀνθρώπου

110 3630 265 3696 φύσιν
296 3633 415 3684 τῶν
448 3634 512 3683 ἐν
548 3632 723 3700 Ἀδὰμ
755 3633 1064 3704 ἀπήλλαξεν
1089 3638 1478 3709 ἐγκλημάτων,
1507 3644 1616 3696 οὐδ’
1649 3645 1714 3698 ἂν

109 3721 207 3771 τῶν
232 3724 544 3791 ἡμετέρων
579 3723 849 3792 σωμάτων
882 3727 1190 3798 ἀπεσόὸησε
1221 3734 1319 3801 τὴν
1348 3733 1573 3804 φθοράν,
1593 3737 1714 3789 οὐδ’

111 3810 166 3861 ἂν
199 3812 478 3882 κατέληξε
516 3812 620 3880 τῆς
654 3815 793 3885 ἀρᾶς
836 3819 867 3886 ἡ
911 3818 1158 3888 δύναμις,
1188 3823 1252 3890 ἢν
1284 3823 1376 3874 ἐπὶ
1418 3828 1482 3895 τῇ
1522 3828 1710 3898 πρώτῃ

111 3906 322 3965 γυναικὶ
369 3903 641 3971 γενέσθαι
682 3908 894 3977 φαμένο
931 3910 1146 3980 εἴρηται
1181 3913 1289 3984 γὰρ
1335 3916 1468 3984 πρὸς
1500 3917 1667 3987 αὐτήν
1693 3935 1706 3948 ·

117 4014 130 4040 ι
153 3995 234 4045 Ἐν
260 3995 480 4058 λύπαις
509 3996 644 4065 τέξῃ
675 3997 861 4051 τέκνα.
898 4019 916 4049 ι
955 4001 1116 4055 ’Λλλὰ
1141 3993 1399 4074 νενόσηκε
1436 4006 1535 4076 μὲν
1560 4009 1592 4077 ἡ
1622 4011 1713 4062 άν-

113 4086 325 4154 Θρὼπου
357 4088 533 4156 φύσις
581 4089 643 4140 τὸ
681 4089 906 4150 ἀπειθὲς
940 4092 998 4143 ἐν
1034 4092 1232 4163 Ἀδάμ⁶
1274 4096 1464 4163 γέγονε
1494 4098 1589 4152 νῦν
1622 4103 1711 4154 εὐ-

109 4175 323 4247 δόκιμος
373 4181 436 4230 ὲν
474 4179 704 4248 Χριστῷ
734 4180 821 4232 διὰ
857 4181 954 4249 τῆς
1000 4185 1081 4246 εἰς
1113 4183 1260 4238 ἅπαν
1294 4187 1536 4259 ὑπακοῆς
1558 4207 1570 4220 ·
1618 4193 1709 4258 γέ-

111 4282 347 4337 γραπται
380 4270 521 4338 γὰρ,
555 4272 642 4322 ὅτι
665 4271 912 4341 «Ὠσπερ
939 4273 1027 4325 διὰ
1046 4277 1144 4344 τῆς
1166 4281 1451 4348 παρακοῆς
1469 4282 1562 4334 τοῦ
1590 4283 1709 4347 ἐνὸς

109 4358 416 4429 ἀνθρώπου,
458 4358 786 4428 ἁμαρτωλοὶ⁷
815 4363 1227 4434 κατεστάθησαν
1257 4369 1304 4419 οί
1337 4368 1540 4435 πολλοὶ,
1564 4371 1709 4427 οὕτω

1819 3207 1976 3262 aliter
2011 3206 2496 3262 licebatnobiscum
2523 3207 2636 3261 ﬁcri
2676 3207 2860 3260 Deum.
2883 3205 3181 3260 Utilissima
3209 3215 3389 3260 autem

1817 3308 1871 3351 et
1908 3298 2012 3352 alia
2041 3313 2256 3368 quoque
2287 3299 2498 3352 ratione
2528 3297 2613 3352 his
2646 3296 2737 3365 qui
2773 3305 3062 3351 versantur
3093 3296 3144 3349 in
3183 3295 3343 3349 terris
3372 3333 3387 3360 ,

1819 3386 1979 3441 Verbi
2001 3389 2302 3442 incarnatio
2324 3389 2437 3441 sive
2455 3388 2772 3442 humanatio
2797 3388 2917 3442 l'uit.
2939 3385 3053 3442 Nisi
3068 3388 3211 3441 enim
3241 3387 3391 3441 simi-

1821 3476 1947 3530 liter
1971 3485 2133 3544 atque
2157 3492 2252 3531 nos
2274 3478 2565 3531 secundum
2590 3492 2807 3531 carnem
2846 3478 3036 3532 fuisset
3071 3487 3254 3542 natus,
3281 3478 3387 3532 nisi

1822 3567 2070 3621 similiter
2120 3567 2495 3636 participasset
2535 3566 2722 3620 iisdem
2757 3607 2773 3631 ,
2823 3582 3096 3634 nunquam
3153 3567 3388 3621 hominis

1817 3665 2063 3709 naturam
2104 3656 2418 3710 criminibus
2441 3657 2491 3709 in
2524 3655 2692 3709 Adam
2723 3658 3017 3711 contractis
3044 3658 3384 3723 absolvisset,

1815 3761 1990 3815 neque
2017 3761 2046 3799 a
2078 3746 2279 3800 nostris
2303 3745 2618 3814 corporibus
2654 3747 3052 3814 corruptionem
3084 3748 3386 3816 repulisset.

1815 3853 1988 3905 neque
2023 3838 2417 3891 maledictionis
2447 3837 2590 3890 illius
2629 3843 2876 3906 potestas
2904 3837 3191 3901 desiisset,
3223 3851 3381 3906 quam

1815 3925 2001 3993 prima)
2049 3922 2261 3977 feminae
2286 3924 2502 3977 .illatam
2536 3923 2767 3978 dicimus
2793 3964 2808 3989 ,
2846 3927 2931 3979 cui
3005 3925 3205 3979 dictum
3253 3937 3334 3980 est
3365 3942 3379 3978 :

1821 4032 1838 4064 ι
1881 4014 1934 4068 ln
1968 4015 2186 4068 tristitia
2230 4015 2405 4081 paries
2437 4015 2574 4069 lilios
2601 4016 2666 4069 ³³.
2720 4034 2736 4067 ι
2771 4016 2875 4070 Sed
2923 4016 3160 4070 hominis
3191 4025 3380 4069 natura

1817 4101 1870 4154 in
1919 4102 2089 4154 Adam
2152 4102 2527 4158 inobcdieutiae
2578 4105 2765 4158 morbo
2803 4103 3101 4169 laboravit,
3143 4120 3284 4158 nunc
3330 4105 3378 4158 in

1813 4192 2030 4247 Christo
2057 4203 2206 4261 grata
2243 4194 2381 4247 facta
2411 4205 2493 4248 est
2548 4209 2643 4263 per
2691 4195 2836 4248 illam
2880 4196 3049 4263 ipsius
3099 4196 3167 4248 ad
3204 4195 3378 4250 omnia

1812 4287 2192 4340 obedientiam.
2239 4285 2508 4352 Scriptum
2535 4294 2614 4338 est
2641 4285 2823 4339 enim:
2863 4304 2880 4335 ι
2933 4284 3084 4338 Sicut
3124 4297 3221 4351 per
3265 4283 3378 4336 ino-

1814 4377 2134 4431 bedientiam
2191 4377 2348 4430 unius
2401 4373 2636 4428 hominis
2708 4385 3022 4444 peccatores
3101 4375 3380 4430 constituti

109 4449 182 4504 es:
211 4455 312 4523 τῆς
351 4452 615 4520 ὑπακοῆς
647 4453 766 4514 ἑνὸς
799 4454 1112 4525 ἀνθρώπου,
1144 4459 1340 4513 δίκαιοι
1368 4464 1707 4536 κατασταθή-

1820 4476 1934 4522 sunt
1965 4468 2113 4520 mulli
2141 4507 2155 4531 ,
2190 4468 2262 4520 ita
2304 4481 2399 4536 per
2415 4465 3219 4520 obedientiam-uniushominis
3251 4465 3380 4533 justi

111 4559 280 4598 σονται
312 4546 365 4597 οἱ
399 4543 650 4596 πολλοί.»
671 4542 950 4598 Πέπονθεν
972 4548 1030 4600 ἐν
1055 4549 1225 4618 Ἀδὰμ
1253 4552 1333 4614 τὸ,
1368 4571 1386 4602 ι
1417 4553 1488 4608 Γῆ
1521 4550 1589 4618 εἴ,
1611 4557 1705 4608 καὶ

109 4637 174 4700 εἰς
200 4637 308 4705 γῆν
351 4633 680 4705 ἀπελεύσῃ·
715 4653 733 4687 ι
773 4637 1152 4706 πεπλούτηκεν
1178 4642 1236 4694 ἐν
1258 4642 1477 4713 Χριστῷ
1511 4645 1570 4696 τὸ
1610 4664 1704 4699 κα-

108 4741 178 4780 τι.
222 4768 237 4780 .
287 4769 299 4780 .
348 4725 623 4778 δύνασθαι
653 4726 766 4795 [Im
791 4729 1203 4802 καταπατῆσαι]
1222 4732 1330 4786 τῶν
1356 4733 1448 4786 τοῦ
1474 4735 1701 4790 θανάτου

110 4815 329 4884 βρόχων,
366 4817 470 4869 καὶ
524 4818 688 4869 οἱονεὶ
737 4820 1124 4888 κατορχεῖσθαι
1154 4822 1378 4893 φθορᾶς,
1408 4826 1584 4878 ἐκεῖνο
1618 4827 1703 4879 λέ⁹

109 4923 262 4970 nam
292 4907 358 4958 τὸ
388 4906 769 4976 προφητικόν·
804 4925 824 4958 ι
858 4908 968 4961 Ποῦ
1001 4911 1036 4980 ἡ
1057 4911 1178 4981 νίκη
1211 4930 1325 4977 σου,
1347 4913 1576 4981 θάνατε;
1603 4915 1702 4968 ποῦ

108 4999 155 5046 τῆ
181 5000 417 5067 κέντρον
459 5013 582 5059 σου,
622 4997 757 5068 ᾷδη;
795 5018 812 5049 ι
849 4998 1077 5067 Γέγονεν
1104 5003 1397 5073 ἐπάρατος,
1432 5005 1506 5069 ὡς
1547 5009 1702 5076 ἔφην,

108 5089 203 5139 ἀλλ’
227 5092 490 5159 ἧργησεν
524 5090 583 5141 ὲν
613 5089 837 5160 Χριστῷ
869 5092 964 5144 καὶ
994 5093 1168 5147 τοῦτο.
1198 5097 1310 5150 Καὶ
1339 5095 1468 5164 γοῦν
1492 5098 1705 5170 εἴρηταί

113 5195 196 5231 που
251 5182 396 5248 apo;
447 5180 556 5248 τὴν
610 5180 771 5247 ἁγίαν
819 5182 1115 5252 Παρθένον,
1153 5189 1603 5258 προφητευοὺσης
1644 5192 1702 5242 ὲν

112 5269 379 5340 Πνεύματι
402 5271 510 5338 τῆς
540 5271 826 5326 Ἐλισάϐετ
847 5290 859 5304 ⁸
887 5295 903 5325 ι
931 5276 1281 5349 Εὐλογημένη
1309 5281 1370 5332 σὺ
1388 5282 1443 5332 ὲν
1468 5283 1701 5348 γυναιξὶ,

115 5366 190 5414 καὶ
213 5364 596 5433 εὐλογημένος
628 5365 656 5414 ὁ
688 5366 901 5434 καρπὸς
924 5367 1024 5438 τῆς
1044 5371 1250 5431 κοιλίας
1278 5389 1390 5425 σου.
1426 5393 1442 5422 ι
1473 5374 1703 5425 Baiias!-

114 5451 288 5507 λευκεν
310 5455 480 5525 ἡμῶν
511 5457 543 5525 η
568 5455 837 5526 ἁμαρτία,
861 5457 956 5511 καὶ
985 5460 1011 5510 ὁ
1036 5460 1130 5530 τῆς
1168 5462 1440 5533 ἁμαρτίας
1478 5465 1702 5536 εὑρετὴς

177 5654 211 5683 ³¹
241 5654 378 5706 Gen.
413 5667 480 5709 ιι.
514 5655 565 5706 7.
647 5653 688 5684 ³⁸
722 5651 885 5706 Hebr.
920 5671 981 5720 ιι,
1027 5656 1104 5714 15.

118 5735 218 5780 xm.
267 5725 351 5777 ιι.
439 5723 480 5753 ³⁷
516 5723 647 5778 Luc.
678 5739 716 5787 ι,
751 5723 840 5777 42.

1813 4559 2206 4612 constituentur
2246 4556 2392 4609 multi
2411 4555 2476 4609 ³⁸.
2515 4577 2532 4607 ι
2571 4556 2848 4624 Subjacuit
2880 4558 2929 4609 in
2959 4557 3126 4609 Adam
3156 4556 3230 4610 illi
3268 4572 3380 4610 ma-

1815 4650 2053 4704 ledicto:
2097 4667 2112 4699 ι
2151 4648 2319 4701 Terra
2361 4662 2418 4701 es
2445 4688 2458 4711 ,
2499 4657 2552 4700 et
2589 4647 2641 4701 in
2703 4657 2901 4702 terram
2959 4647 3060 4700 ibis
3100 4646 3143 4677 ³⁸
3179 4662 3193 4712 ;
3232 4666 3249 4697 ι
3291 4661 3381 4701 ac-

1812 4739 2031 4808 quisivit
2067 4739 2118 4791 in
2147 4738 2365 4791 Christo
2399 4746 2454 4789 ut
2481 4736 2691 4791 calcare
2715 4737 2884 4806 possit
2914 4739 3102 4790 mortis
3131 4735 3376 4805 laqueos,

1810 4839 1863 4884 ct
1897 4829 2292 4899 quodammodo
2320 4831 2577 4881 adversus
2607 4839 2832 4882 mortem
2869 4828 3189 4896 tripudiare,
3246 4829 3376 4880 illud

1809 4922 2178 4992 propheticum
2214 4920 2395 4974 dicens
2431 4939 2441 4972 :
2474 4938 2491 4970 ι
2527 4917 2627 4972 Ubi
2651 4929 2753 4981 est,
2783 4935 2947 4982 mors,
2983 4919 3204 4971 victoria
3249 4920 3378 4973 tua?

1811 5015 1898 5068 ubi
1930 5013 2347 5076 stimulustnus,
2381 5009 2674 5064 inferne"?
2702 5029 2718 5061 ι
2755 5009 2915 5063 Facta
2944 5019 3025 5064 est
3067 5009 3370 5071 maledicta.

1809 5111 1867 5158 υι
1904 5101 2051 5156 dixi:
2093 5102 2186 5155 sed
2229 5101 2279 5153 id
2310 5113 2522 5169 quoque
2551 5109 2866 5153 cvacuatum
2909 5109 2992 5154 est
3038 5100 3089 5151 in
3133 5099 3370 5155 Christo.

1805 5192 1988 5262 Itaque
2028 5193 2226 5245 dictum
2264 5201 2347 5243 est
2382 5193 2445 5243 ad
2478 5200 2721 5243 sanctam
2758 5188 3053 5258 Virginem,
3117 5191 3230 5257 ipsa
3265 5190 3375 5244 Eli-

1807 5286 1994 5338 zaheth
2030 5284 2082 5337 in
2119 5283 2321 5351 Spiritu
2374 5283 2755 5350 prophetantc,
2796 5299 2815 5332 ι
2877 5283 3166 5336 Benedicta
3217 5292 3267 5335 tu
3318 5282 3370 5336 in

1807 5376 2123 5429 mulieribus
2150 5414 2162 5437 ,
2212 5383 2264 5426 et
2297 5374 2610 5427 benedictus
2640 5372 2844 5426 fructus
2881 5375 3087 5426 ventris
3141 5374 3214 5425 tui
3247 5375 3310 5425 ³⁷.
3347 5392 3364 5424 ι

1812 5466 2071 5537 Regnavit
2124 5466 2176 5518 in
2232 5466 2387 5519 nobis
2432 5473 2710 5533 peccatum
2746 5502 2760 5527 ,
2814 5471 2864 5517 et
2911 5463 3157 5516 inventor
3191 5465 3275 5518 ille
3315 5474 3368 5518 et

1187 5659 1385 5717 "Gen.
1424 5677 1502 5724 ιιι,
1538 5662 1622 5716 l6.
1687 5663 1717 5694 ³⁸

1820 5679 1908 5717 im.
1951 5679 2000 5728 ι’,
2025 5663 2105 5719 i9.
2186 5663 2227 5694 ³⁸
2251 5661 2382 5718 Gen.
2418 5677 2497 5727 ιιι,
2536 5658 2615 5714 19.
2696 5660 2739 5690 ³³⁸³
2776 5658 2936 5713 ιιιυτ.
2968 5675 3055 5724 xv,
3087 5660 3175 5724 55;
3206 5663 3361 5731 Osee,
