4028 6432
647 353 717 407 23
1059 366 1062 369 ‘
1619 348 1678 405 S.
1716 345 1990 406 CYRILLI
2031 347 2507 404 ALEXANDRINI
2546 349 2864 405 ARCHIEP.
3831 347 3914 401 ει

647 480 803 541 pater
835 471 1042 541 peccati
1068 467 1331 525 adversus
1371 484 1563 526 omnes
1603 471 1696 539 qui
1730 485 1827 540 per
1873 472 2061 526 orbem
2106 481 2212 526 ter-

2325 471 2418 524 καὶ
2444 470 2624 540 πατὴρ
2643 511 2657 533 ,
2685 470 2794 521 τῶν
2820 469 2924 522 ἀνὰ
2957 471 3137 523 πᾶσαν
3166 468 3263 539 τὴν
3296 467 3387 519 ὑπ’
3416 467 3642 534 οὐρανὸν
3677 481 3908 517 κατεσο-

651 577 837 616 rarum
867 571 1045 626 erant,
1104 575 1165 615 se
1220 560 1452 630 superbe
1491 561 1766 630 jactabat,
1817 561 1876 631 θ
1919 562 2224 616 divinarum

653 651 830 719 legum
860 650 965 705 illis
1013 649 1359 704 violat'ionem
1409 648 1672 716 objiciens
1723 667 1736 703 :
1787 650 1883 704 sed
1941 650 2224 704 hominum

647 751 896 795 naturam
951 742 1010 795 in
1059 741 1298 802 Christo,
1333 749 1587 808 tanquam
1636 741 1691 793 in
1739 742 1964 794 secundi
2012 742 2224 809 generis

649 832 924 902 primitiis,
958 832 1208 888 ﬁduciam
1233 832 1299 884 ad
1320 829 1485 884 Deum
1517 830 1718 884 habere
1745 831 1989 904 videmus
2042 847 2056 882 :-
2088 832 2229 886 dixit

647 922 792 975 enim
820 933 1045 990 aperte:
1078 940 1096 974 ι
1127 922 1287 976 Venit
1332 921 1586 989 princeps
1613 921 1798 975 mundi
1848 920 2030 991 hujus,
2078 931 2134 976 et
2171 923 2223 976 in

651 1028 736 1066 me
767 1013 898 1066 nihil
926 1012 1163 1070 inveniet
1189 1012 1252 1065 ³⁸.
1289 1031 1308 1063 ι

723 1102 862 1168 Sed,
893 1103 938 1158 Ο
979 1105 1235 1173 praeclare
1288 1105 1390 1170 vir,
1434 1119 1537 1159 non
1605 1103 1706 1158 abs
1755 1117 1812 1156 re
1861 1103 2117 1167 dixerim,
2172 1104 2216 1159 si

653 1209 759 1250 non
809 1205 869 1249 ut
922 1210 1026 1250 nos
1081 1197 1254 1250 fectus
1305 1205 1389 1250 est
1451 1196 1542 1250 ille
1587 1193 1914 1263 Unigenitus
1971 1236 1987 1261 ,
2047 1210 2222 1264 neque

649 1295 710 1339 ut
768 1300 866 1339 nos
923 1285 1039 1341 ﬁeri
1093 1285 1200 1340 alio
1251 1289 1412 1340 modo
1461 1300 1622 1353 quam
1676 1301 1771 1350 per
1815 1286 2220 1353 generationem

647 1373 919 1427 carnalem
970 1389 1038 1428 ex
1098 1373 1295 1428 femina
1357 1373 1578 1441 potuit,
1632 1388 1908 1440 nunquam
1986 1389 2086 1428 nos
2148 1375 2218 1427 il-

646 1463 750 1516 lius
783 1465 944 1517 rebus
975 1463 1170 1517 divites
1224 1463 1339 1516 ﬁeri
1380 1464 1674 1531 potuimus.
1726 1461 1798 1516 Ut
1837 1463 1983 1516 enim
2028 1464 2220 1519 scribit

647 1550 839 1603 beatus
871 1548 1091 1616 Paulus,
1120 1551 1211 1605 ille
1231 1550 1545 1605 Emmanuel
1571 1566 1673 1606 non
1707 1567 1738 1606 e
1788 1561 1932 1605 terra
1964 1552 2030 1606 ad
2071 1554 2217 1621 prio-

647 1639 722 1692 ris
755 1639 897 1694 illius
942 1642 1269 1710 exemplum.
1317 1642 1412 1696 sed
1473 1655 1504 1693 e
1553 1641 1691 1695 ctelo
1746 1641 2016 1700 secundus
2063 1643 2217 1698 nobis

647 1731 816 1783 Adam
865 1733 1114 1800 apparuit
1140 1732 1208 1784 ”.
1243 1729 1376 1784 Nam
1411 1731 1541 1784 illud
1581 1745 1816 1797 superne
1869 1741 1924 1784 et
1955 1746 2021 1785 ex
2057 1731 2218 1786 Patre

647 1817 882 1873 Verbum
919 1837 1023 1875 non
1054 1821 1105 1873 in
1139 1819 1436 1888 cujuspiam
1466 1835 1709 1882 carnem,
1763 1834 1937 1887 neque
1983 1822 2034 1873 in
2085 1823 2216 1875 alie-

645 1922 768 1960 nam
811 1909 980 1972 venit,
1025 1918 1083 1962 ut
1110 1908 1223 1976 jam
1255 1911 1503 1977 superius
1542 1909 1690 1970 dixi,
1728 1921 1902 1974 neque
1953 1907 2004 1960 in
2053 1924 2216 1963 unum

642 1997 874 2065 aliquem
911 1999 1083 2053 nostri
1109 1999 1338 2052 similem
1359 1997 1638 2052 descendit
1666 2007 1722 2050 ut
1749 1996 1800 2050 in
1833 2011 1901 2050 eo
1929 1997 2214 2064 habitaret,

642 2100 700 2142 ut
742 2089 927 2157 procul
961 2091 1123 2144 dubio
1177 2089 1362 2143 fuitin
1412 2089 1734 2158 pr0phetis:
1775 2088 1868 2143 sed
1917 2103 2039 2142 cum
2070 2105 2218 2145 sum-

641 2190 790 2249 ptum
814 2195 876 2235 ex
910 2182 1131 2236 muliere
1154 2195 1351 2250 corpus
1396 2195 1553 2235 suum
1596 2181 1833 2243 fecisset,
1870 2192 1924 2235 et
1953 2197 2019 2236 ex
2047 2196 2108 2237 ea
2133 2197 2217 2237 sev

640 2272 875 2325 cundum
899 2285 1113 2325 carnem
1142 2281 1287 2325 esset
1306 2270 1538 2340 genitus,
1561 2271 1796 2323 hominis
1813 2271 2227 2338 generationem

642 2375 738 2430 per
761 2376 819 2418 se
848 2361 1241 2430 recapitulavit,
1271 2361 1552 2416 nobiscum
1578 2361 1752 2415 factus
1778 2365 2076 2416 secundum
2102 2377 2224 2418 car-.

641 2468 784 2517 nem,
809 2455 897 2522 qui
917 2454 1232 2508 anteomnia
1255 2452 1449 2508 saecula
1473 2455 1752 2507 exstiterat
1776 2469 1842 2508 ex
1870 2453 2048 2509 Patre.
2070 2453 2217 2511 Hanc

643 2543 800 2602 nobis
831 2542 952 2596 lidei
987 2540 1385 2596 confessionem
1414 2554 1583 2594 sacra:
1610 2537 1831 2594 Litterae
1859 2540 2212 2593 tradiderunt.

638 2632 708 2684 At
741 2643 793 2684 tu
832 2641 1068 2685 metuere
1095 2640 1146 2685 te
1178 2629 1420 2694 simulas,
1449 2643 1514 2683 ne
1531 2629 1870 2698 quisenobis
1891 2630 2214 2698 suspicetur,

640 2721 764 2775 illud
782 2736 850 2775 ex
869 2722 974 2776 Deo
989 2722 1229 2790 genitum
1246 2719 1478 2775 Verbum
1495 2734 1522 2772 a
1542 2734 1704 2773 carne
1727 2732 1936 2774 terrena
1949 2721 2216 2775 exsisten-

639 2814 726 2865 tia:
761 2813 970 2866 initiutn
997 2811 1293 2875 habuisse;
1328 2826 1392 2865 ac
1415 2810 1656 2865 funditus
1684 2810 1824 2865 tollis
1854 2812 2212 2879 dispensatio-

639 2903 722 2957 nis
741 2904 792 2955 in
818 2917 979 2957 carne
1003 2903 1343 2971 mysterium,
1371 2917 1491 2956 cum
1523 2911 1766 2956 sanctam
1796 2901 2071 2972 Virginem
2093 2917 2215 2958 esse

639 3009 668 3046 a
699 2993 852 3048 nobis
879 2993 972 3046 Dei
1017 2993 1329 3059 genitricem
1378 2992 1747 3061 appellandam
1780 3005 1943 3062 negas
1977 3010 1987 3044 :
2027 3005 2082 3048 et
2123 3010 2218 3049 eos

636 3086 724 3154 qui
758 3084 906 3137 illam
942 3083 1034 3137 Dei
1069 3083 1386 3151 genitricem
1417 3091 1628 3147 vocant,
1663 3092 1914 3151 tanquam
1945 3084 2010 3139 ad
2046 3085 2215 3139 inevi-

635 3173 853 3228 tabilem
884 3187 945 3226 ac
965 3173 1322 3226 necessariam
1347 3171 1744 3227 confessionem
1768 3173 2008 3240 deducis,
2034 3175 2213 3244 ut,illis

637 3264 938 3333 putandum
992 3262 1062 3317 sit
1101 3261 1334 3315 Verbum
1368 3263 1547 3316 carnis
1571 3276 1690 3317 esse
1718 3262 1972 3317 fructum.
2006 3264 2114 3320 Sed
2161 3266 2212 3320 id

635 3369 794 3410 secus
824 3363 927 3417 est,
963 3354 1228 3423 longeque
1259 3351 1417 3408 aliter
1451 3353 1633 3410 habet.
1691 3353 1829 3408 Nam
1878 3355 1964 3408 ille
2007 3370 2073 3409 ex
2103 3356 2212 3411 Deo

635 3444 795 3500 Patre
822 3444 1012 3510 Filius,
1046 3446 1137 3514 qui
1176 3457 1335 3513 supra
1365 3456 1526 3499 omne
1575 3454 1784 3512 tempus
1831 3445 2039 3498 initium
2066 3446 2212 3501 exsi-

633 3536 807 3591 stendi
839 3537 1022 3601 habet,
1051 3550 1172 3588 cum
1200 3536 1264 3588 sit
1289 3534 1609 3589 saeculorum
1637 3533 1916 3597 Conditor,
1948 3535 1999 3588 in
2028 3545 2210 3590 extre-

634 3627 737 3682 mis
787 3628 968 3682 sazculi
999 3627 1334 3694 temporibus
1358 3627 1482 3694 quia
1515 3625 1691 3680 factus
1726 3635 1807 3680 est
1835 3641 1986 3689 caro,
2018 3641 2211 3682 secun-

635 3721 761 3775 dum
789 3735 1008 3776 carnem
1041 3719 1216 3774 factus
1248 3734 1369 3774 esse
1395 3719 1613 3773 dicitur.
1662 3715 1796 3772 Nam
1846 3718 1892 3772 si
1932 3719 2209 3786 proprium

633 3811 751 3880 ejus
773 3826 968 3880 corpus
985 3810 1322 3880 intelligitur,
1353 3808 1620 3878 quomodo
1643 3824 1745 3862 non
1766 3822 1986 3876 prorsus
2009 3810 2209 3878 proprii

633 3902 878 3971 corporis
913 3901 1252 3956 nativitatem
1288 3900 1390 3954 sibi
1420 3909 1678 3968 tanquam
1706 3914 1859 3952 suam
1906 3901 2200 3956 vindicabit

633 4002 688 4047 et
723 3990 973 4047 asseret?
997 3991 1104 4045 Sed
1134 3992 1272 4044 hanc
1320 3990 1599 4044 hominum
1650 3991 1721 4044 ita
1755 3992 2090 4045 credentium
2129 4007 2210 4046 re-

634 4090 778 4136 ctam
809 4095 1130 4149 sacramque
1159 4080 1318 4138 ﬁdem
1346 4080 1508 4134 etiam
1533 4079 1651 4148 ipse
1679 4081 1992 4149 probasses,
2021 4082 2065 4136 si
2113 4083 2207 4138 tibi

633 4171 737 4241 ipsi
770 4169 1104 4238 persuadere
1140 4169 1427 4233 voluisses,
1453 4179 1511 4223 ut
1543 4171 1814 4239 cogitares
1850 4180 2012 4240 atque
2041 4174 2209 4227 conﬁ-

635 4261 832 4316 tereris
865 4277 992 4315 vere
1018 4261 1186 4315 Deum
1215 4275 1336 4315 esse
1359 4260 1655 4324 Christum,
1686 4276 1961 4329 unumque
2003 4278 2066 4317 ac
2113 4279 2206 4317 so-

634 4354 746 4407 lum
781 4367 902 4407 esse
944 4353 1035 4407 Dei
1073 4362 1125 4407 et
1152 4352 1352 4418 Patris,
1385 4366 1488 4406 non
1538 4353 1769 4407 divisum
1826 4354 1877 4406 in
1927 4355 2200 4409 hominem

2329 561 2609 631 ϐαρεύετο,
2640 560 2746 612 τῶν
2778 561 2935 614 θείων
2964 561 3144 629 νόμων
3168 559 3266 628 τὴν
3297 557 3606 627 παράϐασιν
3631 555 3906 622 ἐγκαλῶν·

2327 651 2438 704 ἀλλ’
2469 653 2528 703 ἐν
2555 650 2774 721 Χριστῷ
2807 651 2906 720 τὴν
2934 651 3218 720 ἀνθρώπου
3253 648 3432 716 φύσιν,
3471 648 3544 709 ὡς
3588 649 3645 698 ἐν
3680 646 3908 714 ἀπαρχῇ

2326 741 2420 793 τοῦ
2443 743 2628 808 γένους
2656 741 2902 810 δευτέρᾳ,
2930 741 3242 810 παρρησίαν
3269 741 3497 809 ἔχουσαν
3523 738 3734 807 ὁρῶμεν
3769 737 3912 805 πρὸς

2324 830 2606 900 Θεόνοέφη
2629 831 2734 899 γὰρ
2756 829 3027 900 ἐναργῶς·
3065 847 3082 881 ι
3107 830 3367 897 Ἔρχεται
3393 831 3419 880 6
3450 829 3632 897 ἄρχων
3677 825 3774 878 τοῦ
3815 827 3912 878 κό-

2329 941 2465 994 σμον
2496 926 2709 989 τούτου,
2746 925 2837 978 καὶ
2873 925 2930 976 ἐν
2961 923 3087 992 ἐμοὶ
3116 922 3338 992 εὑρήσει
3366 921 3534 973 οὐδέν.
3562 938 3584 970 ι

2395 1095 2632 1162 ’Λλλζτο
2647 1097 3076 1167 βέλτιστε,φαίην
3092 1097 3157 1150 ἂν
3171 1096 3414 1157 εἰκότως,
3429 1093 3477 1145 εί
3493 1091 3567 1162 μὴ
3580 1091 3770 1160 γέγονε
3784 1090 3914 1146 καθ’

2323 1190 2468 1258 ἡμᾶς
2491 1191 2519 1241 ὁ
2548 1188 2876 1256 Μονογενὴς,
2917 1187 3106 1254 γέγονε
3131 1187 3189 1238 δὲ
3224 1185 3508 1253 καθ’ἡμᾶς
3546 1185 3643 1250 οὑχ
3681 1183 3911 1251 ἑτέρως,

2323 1279 2460 1348 πλὴν
2483 1280 2563 1332 ὅτι
2591 1280 2677 1332 διὰ
2693 1281 2996 1348 γεννήσεως
3023 1276 3293 1346 σαρκικῆς
3309 1276 3405 1343 τῆς
3423 1277 3487 1326 ἐκ
3503 1273 3780 1340 γυναικὸς,
3805 1273 3920 1324 οὑκ

2322 1371 2430 1439 ἂνή
2440 1372 2557 1439 μεῖς
2571 1369 2639 1423 τὰ
2653 1369 2819 1423 αὑτοῦ
2833 1368 3187 1436 πεπλουτήκα
3195 1383 3308 1436 μεν.
3329 1366 3418 1427 Ὠς
3431 1365 3536 1433 γὰρ
3552 1365 3579 1416 6
3597 1362 3917 1430 σοφώτατος

2320 1460 2522 1530 γράφει
2554 1459 2784 1523 Παῦλος,
2809 1458 3057 1528 δεύτερος
3087 1460 3219 1528 ἡμῖν
3248 1456 3420 1524 Ἀδὰμ
3445 1456 3542 1507 οὑκ
3568 1454 3676 1508 ἀπό
3723 1471 3785 1521 γε
3805 1454 3916 1522 τῆς

2319 1551 2422 1621 γῆς
2468 1550 2609 1604 κατά
2649 1550 2740 1603 τὸν
2787 1549 3021 1620 πρῶτον,
3079 1547 3194 1600 ἀλλ’
3222 1548 3280 1613 ἐξ
3320 1545 3551 1614 οὑρανοῦ
3586 1545 3853 1614 πέφηνεν,
3885 1547 3924 1596 ὁ

2332 1640 2693 1710 Ἐμμανουήλ.
2713 1641 2772 1691 Ὁ
2803 1639 2910 1708 γὰρ
2941 1637 3220 1692 ἄνωθὲντε
3249 1638 3343 1690 καὶ
3377 1640 3440 1689 ἐκ
3477 1636 3686 1704 Πατρὸς
3709 1636 3913 1701 Λόγος,

2317 1732 2416 1783 οὑκ
2449 1734 2527 1794 εἰς
2556 1731 2654 1801 τὴν
2694 1730 2844 1782 τοῦδέ
2878 1746 3038 1792 τινος,
3070 1727 3194 1780 οὗτε
3226 1728 3333 1797 μὴν
3366 1729 3445 1789 είς
3488 1727 3775 1797 ἀλλοτρίαν
3805 1743 3914 1778 κα-

2321 1823 2693 1892 ταπεφοίτηκε
2739 1823 2938 1891 σάρκα,
2984 1821 3233 1891 καθάπερ
3262 1822 3361 1890 ἤδη
3393 1823 3671 1890 προεῖπον,
3699 1820 3804 1876 οὐδ’
3837 1815 3917 1871 αὖ

2322 1911 2406 1978 ἐφ’
2431 1911 2524 1962 ἕνα
2552 1911 2674 1962 τινά
2706 1910 2816 1961 τῶν
2846 1910 2966 1962 καθ’
2997 1912 3141 1979 ἡμᾶς
3171 1910 3574 1979 καταϐέϐηκεν,
3602 1915 3676 1974 ὡς
3703 1913 3923 1980 ἐνοικήο

2325 2017 2433 2063 σων
2477 1999 2644 2070 αὑτῷ,
2676 2000 2926 2070 καθάπερ
2966 2001 3155 2070 ἀμέλει
3208 2004 3301 2053 καὶ
3344 2004 3398 2053 ἐν
3442 2004 3752 2072 προφήταις
3797 1998 3913 2072 ἦν’

2322 2090 2436 2145 ἀλλ’
2474 2091 2602 2143 ἴδιον
2651 2091 3016 2160 ποιησάμενος
3070 2090 3231 2160 σῶμα
3279 2091 3340 2143 τὸ
3383 2093 3447 2144 ἐκ
3489 2093 3771 2160 γυναικὸς,
3807 2095 3918 2146 και

2322 2181 2602 2250 γεννηθεὶς
2629 2181 2689 2244 ἐξ
2719 2183 2888 2251 αὑτῆς
2922 2183 3062 2234 κατά
3092 2182 3288 2251 σάρκα,
3331 2182 3431 2250 τὴν
3462 2182 3749 2250 ἀνθρώπου
3778 2183 3913 2250 γέν-

2323 2289 2476 2342 νησιν
2526 2272 2981 2338 ἀνεκειραλαιοῦτο
3032 2272 3098 2324 δι’
3128 2271 3342 2334 ἑαυτοῦ,
3394 2270 3514 2339 μεθ’
3534 2271 3700 2341 ¹ἡμῶν
3761 2273 3917 2326 κατὰ

2325 2361 2501 2429 σάρκα
2531 2363 2842 2432 γενόμενος,
2875 2364 2902 2414 ὁ
2945 2359 3055 2429 πρὸ.
3091 2360 3291 2423 παντὸς
3333 2359 3527 2422 αἰῶνος
3559 2363 3627 2418 ἐκ
3666 2361 3913 2431 Πατρός.

2321 2452 2536 2522 Ταύτην
2587 2454 2720 2522 ἡμῖν
2766 2452 2866 2519 τῆς
2917 2452 3155 2511 πίστεως
3199 2449 3295 2519 τὴν
3337 2450 3627 2519 ὁμολογίαν
3663 2451 3719 2502 ai
3763 2449 3913 2502 θεῖαι

2322 2543 2624 2613 παρέδοσαν
2657 2543 2888 2612 Γραφαί.
2922 2542 2993 2596 Σὺ
3019 2541 3075 2594 δὲ
3100 2541 3330 2596 δεδιέναι
3361 2541 3460 2610 μὲν
3482 2543 3776 2611 προσποιῇ,
3823 2542 3912 2612 μὴ

2321 2633 2428 2703 ἀρα
2455 2651 2538 2697 τις
2578 2633 2685 2687 τῶν
2727 2632 2847 2687 καθ’
2873 2634 3017 2702 ἡμᾶς
3057 2632 3440 2696 ὑποπτεύσειε,
3480 2632 3580 2701 τῆς
3613 2631 3910 2701 ὑπάρξεως

2321 2723 2418 2794 τὴν
2442 2723 2616 2794 ἀρχὴν
2653 2723 2760 2776 ἀπὸ
2792 2725 2986 2792 γηῖνης
3016 2723 3214 2792 σαρκὸς
3238 2722 3527 2791 ἐσχηκέναι
3554 2722 3643 2774 τὸν
3670 2724 3732 2774 ἐκ
3762 2722 3914 2776 Θεοῦ

2323 2815 2497 2883 φύντα
2520 2815 2720 2882 Λόγονο
2768 2814 3012 2885 ἀναιρεῖς
3036 2813 3092 2866 δὲ
3126 2813 3358 2866 είσάπαν
3383 2812 3481 2881 τῆς
3518 2812 3658 2882 μετά
3696 2813 3909 2882 σαρκὸς

2322 2905 2634 2974 οἰκονομίας
2664 2904 2725 2956 τὸ
2755 2907 3070 2974 μυστήριον,
3101 2903 3177 2976 μὴ
3201 2906 3398 2975 χρῆναι
3433 2904 3608 2974 λέγων
3633 2904 3908 2975 ὀνομάζε-

2325 2994 2450 3047 σθαι
2483 2993 2616 3063 πρὸς
2638 2994 2794 3062 ἡμῶν
2811 2994 3071 3046 Θεοτόκον
3095 2995 3193 3063 τὴν
3219 2993 3377 3062 ἀγίαν
3409 2994 3684 3064 Παρθένον
3703 3009 3717 3023 ο
3750 3010 3817 3045 πε
3827 3010 3915 3063 ριο

2321 3086 2540 3148 τοέπεις
2584 3085 2640 3138 δὲ
2673 3083 2861 3155 ὥσπερ
2909 3086 2988 3148 είς
3036 3085 3279 3153 ᾰιρυκτόν
3333 3101 3414 3147 τε,
3456 3085 3548 3137 καὶ
3589 3086 3908 3152 ἀναγκαίαν

2321 3175 2608 3245 ὁμολογίαν
2647 3176 2774 3238 τοὺς
2804 3175 3064 3230 Θεοτόκον
3107 3175 3365 3242 λέγοντας
3415 3173 3616 3244 αὑτὴν,
3648 3173 3740 3229 τοῦ
3783 3174 3912 3228 δεῖν

2320 3267 2522 3320 οἴεσθαι
2564 3267 2765 3338 σαρκὸς
2795 3266 3045 3334 γενέσθαι
3063 3267 3275 3336 καρπὸν
3307 3267 3399 3319 τὸν
3431 3267 3496 3320 ἐκ
3531 3265 3668 3320 Θεοῦ
3698 3267 3901 3333 Λόγον.

2333 3357 2469 3409 Ἀλλ’
2495 3357 2593 3425 οὑχ
2637 3350 2738 3409 ὧδε
2783 3355 2924 3407 τοῦτ’
2961 3353 3102 3423 ἔχει·
3133 3353 3328 3407 πολλοῦ
3360 3371 3423 3422 γε
3461 3356 3556 3408 καὶ
3585 3355 3757 3410 δεῖ.⁹0
3787 3357 3911 3426 γὰρ

2319 3448 2383 3500 ἐκ
2411 3445 2548 3498 Θεοῦ
2579 3445 2789 3514 Πατρὸς
2813 3445 2912 3516 τὴν
2953 3442 3187 3513 ὓπαρξιν
3228 3442 3367 3513 ἔχων
3411 3444 3510 3514 τὴν
3555 3445 3755 3506 παντὸς
3795 3447 3906 3498 ἐπ-

2320 3538 2505 3590 έκεινα
2534 3537 2747 3605 χρόνον,
2776 3535 2870 3588 καὶ
2901 3535 3009 3606 γάρ
3037 3536 3153 3588 ἐστι
3175 3533 3282 3587 τῶν
3309 3532 3518 3588 αίὼνων
3543 3536 3904 3605 Λημιουργὸς,

2319 3630 2376 3680 ἐν
2408 3628 2654 3696 ἐσχάτοις
2686 3626 2778 3680 τοῦ
2801 3625 2996 3690 αἰῶνος
3022 3628 3233 3697 καιροῖς
3254 3626 3373 3678 ἐπεί
3405 3643 3487 3679 τοι
3512 3626 3703 3695 γέγονε
3732 3626 3902 3697 σὰρξ,

2319 3718 2675 3789 γεγεννῆσθαι
2699 3719 2913 3786 λέγεται
2937 3717 3079 3770 κατὰ
3114 3717 3313 3787 σάρκα.
3341 3718 3404 3770 El
3436 3717 3544 3787 γὰρ
3575 3717 3702 3770 ἴδιον
3724 3719 3906 3771 αὑτοῦ

2318 3809 2380 3862 τὸ
2419 3809 2577 3878 σῶμα
2611 3810 2830 3872 νοεῖται,
2854 3806 2971 3870 πῶς
3001 3805 3062 3860 οὑ
3091 3807 3269 3878 πάντη
3296 3824 3356 3861 τε
3402 3807 3499 3861 καὶ
3551 3807 3771 3870 πάντως
3795 3808 3908 3878 τὴν

2317 3899 2410 3952 τοῦ
2453 3899 2582 3952 ίδίου
2617 3899 2868 3968 σώματος
2899 3897 3154 3969 γέννησιν
3188 3897 3568 3963 οίκειώσεται;
3619 3898 3758 3951 Ἀλλ’
3793 3900 3904 3951 ἐπ-

2316 3990 2513 4060 ῄνεσας
2536 3989 2601 4043 ἂν
2627 3991 2718 4042 καὶ
2740 3989 2901 4052 αὑτὸς
2925 3989 3023 4060 τὴν
3052 3987 3162 4043 τῶν
3182 3986 3325 4041 οὕτω
3351 3987 3682 4053 δοξαζόντων
3728 3988 3906 4058 ὀρθὴν

2317 4082 2410 4134 καὶ
2437 4080 2699 4151 ἀϐέϐηλον
2725 4081 2924 4145 πίστιν,
2978 4081 3026 4132 εἰ
3069 4079 3124 4132 δὲ
3158 4085 3362 4135 παντὸν
3411 4079 3534 4149 [τσ.
3562 4079 3626 4149 δὴ
3655 4078 3849 4133 σαυτὸν
3876 4079 3903 4152 ]

2317 4171 2629 4224 ἀναπείθειν
2668 4170 2858 4240 ἡθελες
2887 4169 3301 4239 διαλογίζεσθαι,
3329 4170 3423 4223 καὶ
3466 4169 3769 4240 ὁμολογεῖν,
3805 4171 3900 4223 ὅτι

2315 4266 2446 4328 Θεὸς
2477 4263 2689 4334 ἀληθῶς
2721 4266 2865 4318 ἐστιν
2902 4265 2930 4317 6
2968 4263 3220 4333 Χριστὸς,
3251 4257 3328 4325 εἷς
3369 4278 3427 4316 τε
3487 4262 3583 4322 καὶ
3617 4261 3774 4330 μόνος
3813 4260 3904 4315 ὣν

2314 4357 2406 4412 τοῦ
2438 4356 2570 4412 Θεοῦ
2617 4356 2710 4410 καὶ
2754 4356 2987 4426 Πατρὸς,
3020 4356 3078 4408 οὑ
3109 4355 3435 4427 διῃρημένος
3478 4354 3558 4417 είς
3604 4352 3900 4419 ἄνθρωπον

635 4445 886 4507 seorsim,
912 4452 965 4498 et
998 4444 1053 4498 in
1089 4443 1256 4498 Deum
1294 4443 1568 4508 similiter,
1596 4445 1690 4498 sed
1713 4445 1962 4501 eumdem
1990 4461 2110 4502 esse
2147 4460 2202 4502 et

2320 4447 2519 4510 ίδικῶς,
2550 4448 2643 4499 καὶ
2685 4446 2884 4515 ὁμοίως
2921 4448 2998 4508 είς
3028 4445 3179 4508 Θεὸν,
3211 4445 3325 4498 ἀλλ’
3355 4445 3383 4495 ὁ
3415 4443 3576 4506 αὑτὸς
3605 4442 3897 4512 ὑπάρχων,

634 4549 701 4590 ex
741 4535 851 4588 Deo
881 4533 1042 4590 Patre
1097 4535 1371 4599 Verbum,
1423 4545 1478 4587 et
1521 4550 1587 4587 ex
1650 4535 1878 4592 muliere
1925 4538 2198 4593 hominem

636 4625 806 4681 nostri
840 4625 1094 4687 similem,
1127 4640 1342 4694 unaque
1381 4625 1548 4678 Deum
1608 4641 1954 4694 permanere.
2013 4627 2120 4683 Sed
2155 4641 2204 4684 te

633 4717 954 4772 calumniari
1004 4718 1150 4771 illam
1203 4717 1363 4771 Verbi
1415 4719 1819 4784 generationem
1869 4720 1972 4788 10
2001 4735 2201 4774 secun-

635 4811 761 4864 dum
783 4825 1024 4873 carnem,
1053 4825 1173 4864 cum
1208 4810 1403 4879 ubique
1432 4815 1566 4864 duos
1593 4825 1809 4864 asseras
1835 4812 1996 4878 ﬁlios,
2033 4821 2088 4866 et
2118 4812 2201 4865 di-

632 4905 789 4959 vidas
813 4918 976 4956 unum
1005 4901 1286 4956 Dominum
1335 4901 1520 4955 Jesum
1569 4900 1879 4968 Christum,
1905 4918 2010 4956 non
2046 4904 2202 4968 meis,

633 4997 725 5052 sed
762 4996 866 5048 tuis
891 4995 1066 5048 verbis
1097 4994 1433 5062 perspicuum
1465 4993 1576 5046 ﬁet.

705 5085 946 5140 Nesron.
985 5085 1146 5156 [Vide
1176 5084 1304 5152 qttid
1346 5093 1729 5151 consequatur.
1780 5083 2049 5137 ltzeretice.
2086 5081 2202 5138 Non

635 5178 850 5231 invideo
885 5177 1025 5229 hanc
1070 5189 1260 5227 vocem
1287 5173 1488 5227 Christi
1540 5163 1788 5239 genitrici
1821 5170 2026 5240 Virgini
2054 5214 2069 5238 ,
2112 5174 2207 5230 sed

634 5265 760 5320 novi
779 5264 1140 5318 venerandam
1174 5276 1291 5316 esse
1321 5275 1439 5328 quae
1462 5259 1630 5314 Deum
1656 5261 1904 5329 excepit,
1928 5277 2022 5330 per
2042 5277 2203 5330 quam

640 5356 956 5427 pertransiit
1007 5357 1096 5408 ille
1139 5355 1512 5406 universorum
1559 5351 1836 5415 Dominus,
1894 5368 1986 5420 per
2041 5369 2203 5421 quam

637 5446 835 5500 eﬂulsit
867 5446 946 5500 sol
969 5444 1211 5514 justiti-.e.
1237 5442 1472 5496 Rursum
1499 5453 1810 5510 suspectum
1849 5444 2018 5497 habeo
2053 5446 2200 5499 hunc

637 5539 904 5606 plausum.
953 5536 1232 5602 Quomodo
1283 5536 1510 5589 verbum
1562 5535 1690 5587 illud
1747 5537 2072 5605 pertransiit,
2121 5538 2200 5592 itt-

705 5715 749 5747 ⁸⁸
775 5714 928 5771 Joan.
956 5730 1068 5780 xw,
1097 5713 1186 5769 50.
1272 5713 1312 5744 ³³
1350 5709 1368 5762 l
1400 5713 1526 5766 Cor.
1557 5726 1645 5775 xv,
1688 5709 1775 5764 47.

2316 4540 2409 4593 καὶ
2435 4541 2498 4593 ἐκ
2523 4536 2656 4591 Θεοὺ
2687 4536 2897 4608 Πατρὸς
2933 4535 3126 4603 Λόγος,
3158 4537 3252 4590 καὶ
3294 4537 3359 4588 ἐκ
3392 4533 3647 4602 γυναικὸς
3678 4532 3900 4602 ἀνθρω-

2312 4647 2414 4694 πος
2453 4629 2574 4682 καθ’
2602 4631 2768 4698 ἡμᾶς,
2803 4627 2940 4697 μετὰ
2971 4626 3065 4680 τοῦ
3106 4629 3285 4695 μεῖναι
3329 4625 3612 4687 Θεός.”οτι
3641 4624 3698 4676 δὲ
3729 4639 3900 4676 συκο-

2313 4723 2532 4792 φαντεῖς
2547 4719 2638 4773 τοῦ
2656 4721 2829 4787 Λόγου
2848 4720 2945 4790 τὴν
2971 4719 3116 4774 κατά
3143 4719 3318 4786 σάρκα
3338 4717 3610 4787 γέννησιν,
3627 4715 3721 4770 δύο
3746 4732 3895 4785 πρε-

2313 4812 2519 4866 σϐεύων
2543 4812 2688 4874 υίοὺς
2716 4813 2981 4878 πανταχῇ,
3005 4809 3096 4863 καλ⁵
3120 4808 3418 4877 διατέμνων
3445 4807 3538 4859 τὸν
3562 4807 3656 4860 ἕνα
3682 4805 3896 4876 Κύριον

2324 4902 2529 4973 Ἰησοῦν
2552 4901 2804 4970 Χριστὸν,
2834 4901 2893 4952 οὑ
2917 4898 3004 4953 διὰ
3041 4899 3146 4952 τῶν
3174 4898 3344 4967 ἐμῶν,
3372 4897 3504 4952 ἀλλά
3526 4897 3614 4952 διὰ
3639 4896 3748 4951 τῶν
3778 4898 3896 4951 σῶν

2312 4991 2655 5062 δειχθήσεται
2693 4990 2882 5057 λόγων.

2385 5083 2578 5153 [Βλέπε
2612 5081 2676 5133 τὸ
2703 5080 3016 5149 συμϐαῖνον,
3036 5078 3309 5149 αἱρετικέ·
3341 5080 3400 5132 οὑ
3433 5078 3610 5146 φθονῶ
3641 5080 3740 5148 τῆς
3772 5096 3893 5146 φω-

2307 5174 2402 5243 νῆς
2453 5176 2520 5241 τῇ
2554 5172 2900 5242 Χριστοτόκῳ
2943 5171 3224 5240 Παρθένῳ,
3273 5169 3389 5223 ἀλλ’
3416 5165 3541 5227 οἶδα,
3581 5168 3894 5237 σεϐασμίαν

2305 5268 2403 5334 τὴν
2449 5265 2746 5335 δεξαμένην
2792 5263 2944 5326 Θεὸν,
2980 5257 3138 5333 δι’ἦς
3187 5262 3463 5332 παρῆλθεν
3513 5265 3540 5314 6
3595 5261 3701 5312 τῶν
3749 5261 3893 5314 ὅλων

2305 5357 2602 5426 Δεσπότης,
2636 5357 2702 5409 δι’
2728 5351 2796 5426 ἦς
2822 5355 3132 5426 ἀνέλαμψεν
3160 5357 3187 5408 6
3215 5355 3316 5426 τῆς
3342 5354 3684 5422 δικαιοσύνης
3711 5353 3886 5421 ἥλιος.

2303 5449 2470 5502 Πάλιν
2515 5447 2805 5500 ὑποπτεύω
2855 5446 2946 5499 τὸν
2997 5447 3188 5516 κρότον
3224 5463 3236 5475 ⁸
3289 5444 3406 5508 πῶς
3457 5445 3514 5497 τὸ
3574 5441 3891 5510 παρῆλθεν

2301 5539 2585 5611 ἐνοήσατε;
2618 5539 2716 5592 οὑκ
2757 5539 2970 5609 εἴρηταί
3006 5555 3095 5607 μοι
3139 5537 3220 5606 τὸ,
3257 5535 3589 5605 παρῆλθεν,
3619 5535 3743 5589 ἀντὶ
3764 5535 3884 5601 τοῦ,
