4028 6426
609 329 676 381 27
1633 336 1688 390 S.
1734 337 2004 394 CYINLLI
2046 339 2510 403 ALEXANDRINI
2554 351 2874 410 AllCHlEP.
3800 365 3874 417 28

608 445 750 512 quod
804 450 1085 503 veritatem
1146 452 1448 506 divinorum
1519 456 1826 526 dogmatum
1884 464 2173 530 auferant,

2280 470 2386 522 τῶν
2417 473 2644 526 ἀνοσίων
2669 476 2962 546 αἱρετικῶν
2990 480 3340 548 ἐπιπλήττων
3371 485 3595 549 φωναῖς,
3626 483 3720 535 καὶ
3748 487 3876 537 κατ’

608 549 840 605 cumque
865 553 1073 606 vocem,
1111 543 1361 610 Deipara.
1390 546 1569 600 multis
1597 549 1904 606 nominibus
1935 569 2177 620 accuses,

607 634 662 678 et
694 627 835 681 inter
862 637 1056 683 caetera
1091 641 1346 701 tanquam
1381 650 1567 702 parum
1596 653 1800 702 veram,
1835 650 1995 709 atque
2017 645 2178 700 etiam

607 716 976 785 blasphemam
1007 722 1335 787 crimineris,
1374 735 1552 780 tamen
1592 727 1736 781 illam
1767 734 2068 786 concedere
2107 745 2178 800 te,

605 814 662 860 et
692 804 895 877 Virgini
931 826 1033 864 non
1061 813 1298 868 invidere
1335 816 1502 883 dicas,
1550 818 1592 870 si
1642 819 1726 872 cui
1775 819 1982 875 libitum
2017 823 2182 880 fuerit

607 910 725 949 eam
757 896 849 950 Dei
887 900 1204 968 genitricem
1254 918 1467 960 vocare.
1534 905 1672 962 Num
1730 925 1858 980 ergo
1915 917 2178 972 concedes

608 987 769 1040 etiam
805 988 1010 1044 insanis
1051 993 1166 1047 Arii
1214 1000 1608 1063 sectatoribus,
1660 1010 1716 1053 ut
1753 1003 2016 1059 minorem
2057 1023 2177 1063 esse

608 1075 768 1133 Patre
799 1079 992 1134 Filium
1025 1083 1226 1150 dicant,
1259 1097 1350 1142 aut
1378 1089 1496 1143 aliis
1527 1103 1773 1147 naturam
1805 1099 1973 1152 sancti
2004 1098 2176 1168 Spiri-

610 1175 743 1222 tnsa
770 1168 947 1224 divina
975 1175 1291 1231 excellentia
1330 1179 1746 1248 dejicientibus?
1782 1185 1887 1241 Sed
1922 1190 1973 1242 id
2003 1199 2178 1247 tacere

608 1258 846 1321 cavebis.
894 1275 958 1316 ac
1005 1264 1050 1317 si
1103 1267 1226 1335 quis
1275 1280 1464 1340 roget:
1502 1271 1616 1337 Qua
1667 1275 1732 1331 de
1783 1281 1992 1333 causa?
2031 1282 2178 1338 dices

605 1355 1023 1421 prorsuszQIIia
1058 1375 1239 1414 vocem
1287 1364 1502 1434 impiam
1551 1383 1654 1423 non
1698 1373 1963 1430 sustineo.
2011 1375 2176 1446 Igitur

607 1440 651 1493 si
685 1457 790 1496 non
822 1454 900 1499 est
932 1447 1022 1501 Dei
1049 1452 1308 1520 genitrix,
1340 1465 1395 1509 et
1427 1458 1498 1510 ita
1528 1459 1630 1513 dici
1660 1463 1934 1529 concedis,
1957 1467 2095 1523 scito
2126 1479 2175 1526 te

609 1530 892 1601 reliquisse
920 1539 1224 1610 veritatem,
1255 1555 1309 1600 et
1349 1562 1540 1615 parum
1584 1549 1696 1616 jam
1734 1569 1925 1611 curare
1973 1573 2039 1614 an
2089 1575 2174 1614 sa-

602 1620 754 1688 piens
775 1639 892 1682 esse
913 1630 1164 1686 videaris.
1191 1633 1328 1700 Quid
1354 1639 1540 1692 enim?
1563 1642 1856 1710 Elisabeth,
1890 1658 1985 1704 aut
2014 1651 2172 1706 aliam

602 1723 746 1767 certe
767 1729 797 1768 e
828 1722 1032 1774 sanctis
1062 1724 1401 1791 mulieribus,
1435 1743 1540 1783 non
1573 1735 1720 1786 omni
1755 1740 2053 1794 reverentia
2081 1742 2171 1795 di-

2289 557 2478 610 οὑδένα
2523 561 2723 629 τρόπον
2752 565 2924 630 ἐφιεὶς
2969 565 3169 633 ἰσχύειν
3220 569 3407 633 αὑτὰς,
3455 571 3675 623 ὅτιτῶν
3709 573 3876 625 θείων

2289 646 2574 717 δογμάτων
2607 643 2999 724 παραιροῦνται
3026 656 3102 724 (l)
3136 656 3193 709 τὸ
3220 659 3435 728 ἀληθὲς,
3461 656 3574 712 εἶτα
3604 662 3699 730 τὴν
3732 665 3878 716 Θεο-

2289 740 2463 803 τόκος
2494 742 2674 812 φωνὴν
2704 743 2892 796 οὑκ¹ὲν
2913 745 3120 814 ὀλίγαις
3153 749 3321 811 τιθεὶς
3355 751 3577 815 αἰτίαις,
3610 755 3702 805 καὶ
3733 755 3874 824 ὁμοῦ

2288 829 2405 889 ταῖς
2435 828 2620 893 ἄλλαις
2655 835 3020 902 γραφόμενος,
3065 837 3142 899 ὼς
3168 841 3268 891 οὐκ
3293 840 3507 910 ἀληθῶς
3535 844 3628 896 καὶ
3663 843 3876 914 δύσφτΓ

2290 932 2408 983 μον,
2454 922 2753 988 συγχωρεῖν
2797 921 2930 991 ἔφης
2975 924 3068 976 καὶ
3095 926 3164 990 ,οὐ
3205 925 3418 992 φθονεῖν
3465 930 3531 998 τῇ
3576 929 3868 998 Παρθένῳ.

2286 1006 2387 1059 κᾶν
2415 1009 2462 1060 εἰ
2501 1009 2673 1062 ἒλοιτό
2708 1029 2790 1073 τις
2822 1014 2997 1065 εἰπεῖν
3033 1014 3294 1070 Θεοτόκον
3323 1019 3514 1089 αὐτήν.
3557 1019 3747 1090 Ἐφίης
3771 1019 3872 1074 οὗν

2284 1098 2391 1168 ἄρα
2423 1100 2516 1152 καὶ
2548 1102 2659 1164 τοῖς
2681 1102 2778 1172 τὴν
2817 1104 3024 1175 Ἀρείου
3066 1108 3279 1160 νοσοῦσι
3314 1111 3532 1178 μανίαν,
3559 1111 3616 1165 ὲν
3655 1113 3871 1182 μείοσιν

2285 1184 2422 1243 εἶναι
2450 1189 2630 1258 λέγειν
2659 1193 2754 1246 τοῦ
2793 1195 3005 1265 Πατρὸς
3049 1197 3148 1249 τὸν
3175 1198 3335 1265 Υίὸν,
3373 1199 3405 1270 ἢ
3447 1201 3578 1268 γοῦν
3622 1205 3736 1264 τοῖς
3769 1204 3872 1257 άλ-

2284 1281 2429 1344 λοις,
2475 1284 2524 1336 οἳ
2572 1283 2669 1352 τὴν
2712 1285 2807 1337 τοῦ
2854 1286 3010 1354 ἁγίου
3049 1289 3403 1359 ,Πνεύματος
3430 1294 3868 1363 κατακομίζουσι

2284 1373 2444 1440 φύσιν
2477 1374 2572 1442 τῆς
2612 1375 2948 1450 θεοπρεποῦς
2981 1379 3289 1450 ὑπεροχῆς;
3330 1382 3468 1434 Ἀλλ’
3491 1385 3591 1436 οὑκ
3622 1385 3688 1438 ἂν
3723 1384 3871 1438 ἕλοιο

2283 1465 2438 1518 τοῦτο
2466 1467 2616 1538 δρᾷν,
2649 1469 2749 1521 κᾶν
2782 1469 2940 1534 εἴτις
2983 1473 3157 1526 ἐθέλοι
3183 1474 3281 1545 τὴν
3302 1477 3496 1529 ἀἰτίαν
3534 1477 3865 1548 ἀναμαθεῖν,

2283 1557 2428 1625 ἐρεῖς
2454 1559 2515 1628 δή
2536 1577 2636 1612 που
2657 1563 2894 1626 πάντως
2914 1564 3035 1617 Ὅτι
3055 1569 3236 1637 φωνῆς
3258 1568 3358 1621 οὐκ
3378 1569 3640 1640 ἀνέχομαι
3671 1570 3872 1624 δυσσε-

2282 1647 2429 1710 ϐοῦς.
2455 1651 2661 1704 Οὐκοῦν
2705 1655 2752 1705 εἱ
2791 1655 2862 1724 μή
2897 1656 3012 1706 ἐστι
3042 1657 3322 1722 Θεοτόκος,
3354 1657 3470 1712 εἶτα
3510 1660 3667 1714 τοῦτο
3706 1661 3868 1729 λέγε-

2284 1738 2406 1791 σθαι
2458 1745 2791 1811 συγχωρεῖς,
2845 1744 2951 1796 ἴσθι
2991 1745 3256 1810 λελοιπὼς
3303 1749 3400 1818 τὴν
3440 1749 3718 1820 ἀλήθειαν,
3772 1753 3871 1804 καὶ

601 1817 760 1870 gnam
788 1809 982 1875 putas?
1006 1811 1144 1866 Num
1177 1815 1342 1884 igitur
1370 1817 1414 1870 si
1453 1821 1539 1874 cui
1581 1821 1739 1876 libeat
1782 1825 1924 1894 ipsas
1954 1844 2170 1899 quoque

2278 1828 2485 1898 σμικρά
2534 1829 2837 1899 φροντίζων
2884 1832 2964 1884 ἔτι
3017 1834 3109 1886 τοῦ
3161 1835 3340 1889 δοκεῖν
3390 1833 3531 1892 εἶναι
3569 1841 3750 1909 σοφός.
3788 1842 3892 1894 Ἦ·

605 1893 695 1947 Dei
721 1897 1015 1964 genitrices
1047 1916 1260 1966 vocare,
1301 1905 1440 1959 hanc
1478 1908 1582 1961 illis
1612 1893 2022 1980 appellationem
2066 1935 2170 1973 non

605 1985 909 2042 invidebis?
937 1991 1192 2060 Equidem
1233 2006 1373 2065 puto.
1409 2006 1459 2053 te
1504 2003 1756 2058 omnibus
1794 2008 1967 2060 modis
2017 2025 2172 2077 repu-

601 2087 911 2145 guaturum,
941 2097 1004 2137 ac
1027 2083 1295 2140 dicturum
1323 2103 1428 2142 non
1455 2089 1526 2144 ita
1552 2106 1610 2146 se
1636 2093 1748 2150 haec
1778 2095 2001 2152 habere.
2034 2100 2170 2156 Nam

602 2180 927 2236 pepererunt
998 2174 1102 2228 illae
1177 2187 1396 2235 sanctos
1455 2181 1704 2239 homines
1763 2188 2019 2255 quidem,
2075 2192 2170 2246 sed

602 2271 760 2312 nemo
789 2274 974 2314 eorum
1005 2266 1299 2320 secrmdum
1353 2279 1601 2324 naturam
1658 2273 1798 2350 Deus
1833 2287 1968 2331 erat.
2033 2280 2173 2350 Ergo

605 2345 762 2416 hujus
809 2353 956 2407 vocis
1025 2370 1176 2409 usum
1246 2368 1338 2412 aut
1396 2360 1465 2415 ab
1544 2345 1794 2421 omnibus
1861 2370 2174 2427 mulieribus

603 2453 811 2505 amove,
844 2453 934 2495 aut
975 2446 1018 2498 si
1071 2448 1168 2502 soli
1214 2459 1410 2518 printer
1454 2463 1679 2511 caeteras
1722 2457 1922 2514 habere
1971 2476 2172 2518 sanctze

603 2527 807 2597 Virgini
841 2537 1132 2602 permittis,
1163 2553 1321 2607 quam
1350 2539 1542 2598 all‘eres
1587 2544 1637 2596 in
1672 2549 2046 2614 respondendo
2084 2566 2174 2605 ra-

604 2621 844 2676 tionem?
870 2622 1002 2678 Nam
1048 2628 1091 2679 si
1126 2643 1250 2683 vere
1280 2631 1344 2685 dc
1372 2647 1434 2687 ea
1471 2633 1666 2688 dicitur
1703 2637 1804 2691 hoc
1839 2641 2084 2706 verbum,
2118 2653 2172 2697 et

601 2725 728 2767 vere
759 2713 923 2770 Deum
951 2720 1152 2789 genuit,
1182 2721 1353 2790 ipsum
1387 2725 1646 2779 nimirum
1672 2728 1762 2783 Dei
1792 2731 2024 2787 Verbum
2058 2750 2171 2788 car-

603 2818 723 2858 nem
778 2807 975 2861 factum
1022 2811 1277 2866 conﬁtere
1338 2817 1636 2884 nobiscum,
1710 2831 1764 2874 et
1801 2831 1850 2875 te
1897 2825 2068 2892 ipsum
2105 2827 2173 2880 ab

603 2895 894 2967 impietatis
925 2901 1149 2956 crimine
1184 2904 1452 2961 liberabis.
1482 2907 1574 2962 Sin
1609 2924 1786 2964 autem
1824 2913 1910 2967 illa
1948 2916 2171 2973 minime

602 2985 767 3042 Deum
795 2993 998 3058 genuit,
1030 3008 1133 3046 non
1172 2995 1314 3048 aliud
1344 3008 1426 3050 est
1448 3001 1758 3067 permittere
1799 3006 2070 3060 nonnullis
2114 3017 2172 3061 ut

601 3093 720 3132 eam
759 3081 846 3134 Dei
883 3085 1198 3151 genitricem
1229 3100 1440 3153 vocent,
1477 3108 1636 3161 quam
1679 3107 1804 3147 cum
1845 3096 1950 3150 illis
1997 3099 2174 3154 socie-

605 3177 765 3224 tatem
819 3171 1106 3241 impietatis
1148 3177 1303 3232 inire.
1340 3180 1444 3234 Sed
1631 3184 1717 3236 illa
1771 3174 1863 3239 Dei
1912 3190 2168 3256 genitrix,
2200 3158 2242 3215 Ο

601 3261 726 3329 quia
751 3261 920 3318 factus
945 3274 1024 3320 est
1068 3268 1228 3322 homo
1254 3274 1422 3324 nostri
1460 3274 1651 3329 similis
1693 3276 1780 3330 ille
1813 3277 2131 3347 Unigenitus
2154 3320 2170 3346 ,

609 3353 710 3422 12
739 3356 884 3410 carni
913 3360 1202 3414 secundum
1239 3364 1518 3419 veritatem
1551 3367 1752 3431 uuitus,
1781 3377 1834 3422 et
1857 3386 2170 3438 corpoream

601 3448 997 3514 generationem
1056 3453 1239 3515 subiit,
1270 3464 1322 3508 et
1374 3465 1570 3509 nostrae
1616 3468 1822 3512 naturae
1850 3459 1992 3528 leges
2031 3463 2173 3519 haud

602 3536 857 3606 neglexit,
887 3549 945 3593 ut
974 3543 1130 3610 paulo
1163 3554 1288 3597 ante
1323 3545 1455 3599 dixi.

670 3628 775 3682 Sed
803 3631 926 3699 quia
954 3634 1092 3688 scire
1117 3650 1175 3689 se
1221 3638 1296 3689 ait
1323 3639 1685 3695 venerandam
1729 3657 1850 3698 esse
1889 3661 2006 3700 eam
2033 3688 2047 3710 ,
2091 3648 2175 3702 ni-

601 3718 796 3774 mirum
827 3734 1068 3778 sanctam
1103 3725 1393 3797 Virginem,
1419 3732 1668 3797 agedum,
1702 3735 2051 3803 inspiciamus
2080 3740 2173 3793 de-

602 3810 729 3865 bita:
760 3812 833 3866 illi
869 3817 1180 3870 reverentiae
1212 3833 1408 3874 causas
1439 3837 1452 3873 :
1492 3821 1661 3890 [Scio,
1692 3825 1882 3895 inquit,
1912 3845 2175 3888 veneran-

601 3897 724 3950 dam
758 3914 880 3956 esse
913 3901 1081 3968 illaut,
1125 3921 1221 3974 per
1268 3923 1427 3975 quam
1480 3910 1566 3966 ille
1623 3919 1860 3972 omnium
1916 3919 2174 3980 Dominus

602 3982 932 4058 pertransiit,
955 4010 1048 4065 per
1083 4013 1241 4065 quam
1269 4001 1468 4055 eli'ulsit
1503 4004 1587 4058 ille
1613 4006 1691 4059 sol
1713 4008 1986 4083 justitia]
2025 4015 2168 4081 Quo-

602 4083 764 4136 modo
793 4084 953 4151 igitur
984 4088 1064 4140 ais
1097 4089 1258 4144 Deum
1298 4093 1365 4146 ab
1397 4108 1456 4144 ea
1505 4101 1858 4165 susceptum?
1902 4109 2172 4170 quomodo

604 4171 766 4225 etiam
809 4190 904 4244 per
941 4177 1081 4231 illam
1122 4184 1437 4247 pertransiit
1477 4185 1563 4239 ille
1598 4190 1837 4244 omnium
1883 4194 2178 4253 Dominus?

604 4272 696 4318 aut
723 4269 991 4334 quomodo
1014 4270 1214 4326 ell‘ulsit
1243 4274 1326 4329 ille
1354 4276 1429 4330 sol
1457 4278 1719 4346 justitite?
1745 4281 1875 4338 Nam
1921 4286 1963 4338 si
2006 4287 2169 4342 Deum

609 4353 750 4408 haud
779 4360 1002 4426 peperit,
1035 4365 1328 4418 secundum
1364 4381 1582 4423 carnem
1613 4371 1851 4440 inquam,
1901 4380 2170 4444 quomodo

2274 1916 2383 1986 γὰρ
2408 1917 2527 1984 οὐχ).
2556 1920 2649 1970 καὶ
2672 1918 2770 1989 τὴν
2801 1920 3102 1985 Ἐλισάὸετ,
3129 1925 3298 1993 ἦγουν
3324 1926 3521 1997 ἑτέραν
3550 1929 3659 1981 τῶν
3691 1929 3870 1996 ἁγίων

2274 2007 2545 2074 γυναικῶν
2579 2008 2760 2070 αἰδοῦς
2811 2010 3028 2080 ἁπάσης
3073 2013 3229 2078 ἀξίαν
3265 2009 3421 2068 εἶναι·
3445 2018 3586 2087 φης;
3615 2015 3740 2090 Ἆρ’
3768 2017 3870 2074 οὖν

2274 2098 2334 2148 οὐ
2371 2098 2656 2169 φθονήσεις
2677 2141 2690 2163 ,
2728 2103 2776 2154 εἰ
2823 2102 2884 2173 δή
2915 2120 3000 2166 τις
3042 2103 3215 2158 ἕλοιτο
3245 2105 3528 2172 θεοτόκους
3562 2108 3656 2162 καὶ
3689 2110 3869 2175 αὐτάς

2276 2193 2481 2256 εἰπεῖνς
2525 2192 2686 2258 Ἀλλ’,
2725 2189 2900 2263 οἶμαι,
2943 2195 3119 2263 πάντη
3155 2213 3215 2248 τε
3248 2198 3342 2250 καὶ
3380 2199 3599 2264 πάντως
3629 2202 3869 2256 ἀντανα-

2277 2284 2469 2356 στὴσῃ,
2511 2284 2713 2351 λέγων’
2748 2286 2860 2356 Οὐχ
2892 2286 3035 2339 οὕτω
3082 2287 3235 2340 ταῦτ’
3269 2288 3381 2358 ἔχει
3405 2306 3419 2321 ο
3460 2292 3715 2345 τετόκασι
3750 2295 3866 2364 γὰρ

2274 2374 2593 2445 ἀνθρώπους
2617 2377 3006 2446 ὴγιασμένους,
3029 2378 3123 2430 καὶ
3145 2373 3213 2448 ἦν
3235 2380 3293 2431 ἐν
3313 2378 3541 2443 ἐκείνοις
3564 2381 3695 2445 Θεὸς
3718 2383 3869 2436 κατὰ

2276 2466 2435 2536 φύσιν
2473 2467 2667 2530 οὐδείς.
2715 2468 2923 2521 Οὐκοῦν
2958 2469 2990 2539 ἢ
3037 2469 3294 2536 γυναικὸς
3345 2470 3562 2541 ἁπάσης
3600 2470 3865 2526 άπὸσόὸει

2273 2558 2334 2628 τὸ
2380 2559 2588 2628 χρῆμα,
2615 2560 2781 2628 ἤγουν
2811 2559 2958 2630 ἔχειν
2995 2559 3170 2630 ἐφιεὶς
3210 2561 3344 2633 μόνῃ
3384 2564 3537 2634 παρὰ
3571 2563 3750 2627 πάσας
3791 2569 3861 2636 τῇ

2274 2652 2406 2722 ἁγίᾳ
2441 2650 2724 2723 Παρθένῳ,
2759 2653 2933 2717 ποίοις
2964 2650 3074 2725 ἆρα
3106 2656 3353 2726 κεχρήσῃ
3384 2656 3565 2724 λόγοις
3601 2658 3680 2720 είς
3718 2658 3854 2711 ἀπο·

2273 2743 2490 2811 λογίαν;
2536 2745 2599 2796 Ei
2635 2745 2731 2813 μὲν
2767 2744 2874 2815 γὰρ
2923 2745 3119 2814 ἀληθὲς
3152 2748 3240 2799 ἐπ’
3283 2748 3421 2817 αὐτῇ
3456 2748 3518 2800 τὸ
3553 2749 3726 2819 ῥῆμα,
3762 2752 3863 2803 καὶ

2274 2833 2406 2886 Θεὸν
2448 2833 2670 2886 τέτοκεν
2723 2834 2968 2904 άληθῶς,
3005 2835 3080 2897 ὼς
3131 2835 3311 2905 σάρκα
3362 2834 3622 2903 γεγονότα
3654 2835 3743 2887 τὸν
3789 2837 3862 2889 ἐκ

2273 2922 2406 2976 Θεοῦ
2429 2923 2620 2991 Λόγον,
2647 2924 2898 2994 ὁμολόγει
2921 2925 3019 2978 σὺν
3045 2926 3196 2995 ημῖν,
3225 2924 3318 2977 καὶ
3346 2925 3677 2992 ἀπαλλάξεις
3705 2942 3862 2980 σεαυ-

2273 3013 2364 3067 τὸν
2404 3014 2512 3067 τῶν
2540 3015 2618 3076 είς
2656 3014 2974 3068 δυσσέϐειαν
3018 3016 3413 3086 ἐγκλημάτων·
3448 3017 3495 3068 εἰ
3524 3017 3581 3069 δὲ
3623 3015 3757 3069 Θεὸν
3791 3017 3858 3070 οὐ

2273 3106 2480 3170 τέτοκε,
2512 3105 2572 3157 τὸ
2614 3107 2822 3174 ἐφεῖναι
2850 3107 3027 3174 λέγειν
3065 3111 3172 3161 τισὶ
3207 3109 3470 3160 Θεοτόκον
3503 3107 3693 3179 αὐτὴν,
3737 3126 3860 3161 κοι-

2277 3200 2465 3249 νωνεῖν
2496 3198 2609 3249 ἐστι
2634 3197 2733 3266 τῆς
2759 3197 3076 3262 δυσσεϐείας
3104 3199 3306 3262 αὐτοῖς.
3346 3199 3484 3252 Ἀλλ’
3521 3199 3636 3252 ἔστι
3665 3200 3863 3253 Θεοτό-

2278 3303 2388 3350 κος,
2421 3287 2502 3338 ὅτι
2541 3285 2761 3353 γέγονεν
2800 3285 3085 3358 ἄνθρωπος
3120 3289 3243 3340 καθ’
3272 3291 3420 3358 ἡμᾶς
3450 3289 3479 3341 6
3506 3289 3819 3360 Μονογενὴς
3842 3331 3858 3355 ,

2278 3376 2444 3446 σαρκὶ
2473 3377 2614 3428 κατὰ
2641 3375 2898 3446 ἀλήθειαν
2931 3378 3228 3447 ἡνωμένος,
3253 3380 3346 3431 καὶ
3383 3379 3699 3449 σωματικὴν
3725 3381 3862 3432 ὑπο-

2280 3463 2468 3534 μείνας
2497 3465 2770 3535 γέννησιν,
2804 3467 2896 3520 καὶ
2926 3467 3050 3530 τοὺς
3080 3466 3179 3537 τῆς
3211 3468 3487 3538 ἡμετέρας
3517 3468 3729 3536 φύσεως
3754 3471 3862 3523 οὐκ

2276 3553 2548 3623 ἀτιμάσας
2581 3557 2799 3626 νόμους,
2829 3557 3081 3627 καθάπερ
3115 3557 3213 3627 ἤδη
3252 3558 3534 3628 προεῖπον.

2359 3647 2574 3716 Ἐπειδὴ
2603 3647 2659 3699 δέ
2699 3665 2863 3716 φησιν
2903 3648 3097 3700 εἰδέναι
3136 3648 3438 3717 σεϐασμίαν
3473 3649 3661 3720 αὐτὴν,
3695 3650 3858 3718 δῆλον

2276 3739 2333 3791 δὲ
2353 3740 2432 3790 ὅτι
2462 3739 2558 3804 τὴν
2590 3738 2748 3805 ἁγίαν
2782 3739 3076 3807 Παρθένον,
3107 3739 3239 3809 φέρε
3269 3739 3353 3807 δὴ,
3393 3739 3544 3810 φέρε,
3578 3739 3859 3810 καταθρή-

2278 3847 2458 3899 σωμεν
2497 3830 2591 3882 καὶ
2639 3831 2734 3900 τῆς
2767 3832 2854 3883 ἐπ’
2895 3831 3032 3899 αὐτῇ
3081 3829 3376 3900 γενομένης
3426 3829 3604 3895 αἰδοῦς
3648 3831 3853 3894 αίτίας.

2279 3917 2430 3992 [Οἶδα
2456 3923 2585 3989 γάρ,
2616 3923 2769 3992 φησὶ,
2807 3921 3110 3990 σεϐασμίαν
3151 3920 3340 3992 αὐτὴν,
3367 3922 3436 3974 δι’
3468 3918 3535 3992 ἧς
3574 3922 3860 3992 παρῆλθεν

2274 4014 2302 4066 6
2330 4014 2435 4065 τῶν
2461 4012 2596 4067 ὅλων
2625 4014 2920 4083 Δεσπότης,
2947 4015 3014 4066 δι’
3039 4007 3105 4083 ἦς
3136 4013 3450 4082 ἀνέλαμψεν
3470 4016 3497 4065 ό
3522 4015 3618 4083 τῆς
3650 4013 3858 4066 δικαιο-

2277 4106 2441 4176 σύνης
2474 4107 2704 4178 Ἥλιος]
2739 4108 2860 4169 Πῶς
2907 4107 2970 4176 δὴ
3014 4107 3122 4174 ἄρα
3164 4108 3270 4175 φὴς
3321 4106 3677 4175 ὑποδέχεσθαι
3721 4106 3860 4158 Θεὸν

2275 4196 2477 4265 αὐτήν;
2504 4198 2571 4248 Ἣ
2603 4197 2723 4249 τίνα
2751 4196 2992 4266 παρῆλθε
3019 4195 3219 4265 τρόπον
3246 4197 3312 4248 δι’
3337 4197 3506 4266 αὐτῆς
3531 4199 3558 4249 ό
3584 4196 3691 4249 τῶν
3717 4195 3861 4249 ὅλων

2275 4285 2640 4354 Δεσπότης;’ἦ
2674 4285 2766 4338 καὶ
2795 4287 2942 4349 ὅπως
2975 4286 3285 4354 ἀνέλαμψεν
3317 4286 3345 4336 ὁ
3376 4289 3474 4355 τῆς
3506 4285 3861 4356 δικαιοσύνης

2278 4374 2498 4437 Ἥλιοςς
2534 4377 2595 4426 Ei
2629 4375 2726 4443 μὲν
2758 4375 2864 4444 γὰρ
2888 4377 2947 4428 οὐ
2977 4376 3164 4428 τέτοκε
3194 4375 3347 4440 Θεὸν,
3373 4376 3432 4427 τὸ
3466 4376 3606 4428 κατὰ
3650 4377 3856 4445 σάρκα,

607 4445 772 4515 igitur
792 4453 1002 4518 excepit
1043 4453 1254 4509 Deum?
1297 4461 1564 4527 quomodo
1593 4479 1686 4532 per
1717 4465 1860 4518 illam
1899 4477 2173 4534 pertrans-

2278 4468 2440 4536 φημὶ,
2485 4466 2600 4528 πῶς
2644 4466 2861 4529 ἐδέξατο
2895 4467 3061 4535 Θεόν;
3101 4467 3218 4528 πῶς
3260 4467 3508 4538 παρῆλθε
3545 4467 3610 4520 δι’
3641 4468 3857 4537 αὐτῆςς

605 4537 699 4591 iit?
727 4540 829 4595 Sed
866 4541 1097 4599 fortasse
1137 4547 1284 4602 dices
1338 4550 1464 4604 illud
1514 4562 1663 4607 tuum
1724 4564 1777 4610 et
1828 4559 2043 4626 sapiens
2086 4579 2171 4615 rc-

605 4642 880 4697 sponsum,
915 4642 972 4686 ut
1005 4633 1118 4703 ipse
1175 4647 1354 4705 putas,
1404 4657 1466 4696 ac
1532 4642 1712 4698 dicere
1758 4662 1859 4700 non
1921 4653 2167 4704 vereris:

605 4717 770 4789 [Deus
791 4723 935 4776 enim
971 4735 1087 4780 erat
1121 4727 1380 4792 Verbum,
1426 4742 1624 4786 etcum
1673 4736 1887 4803 homine
1941 4743 2168 4809 conjun-

608 4819 774 4880 etum,
804 4823 856 4867 et
894 4816 944 4869 in
995 4832 1058 4871 eo
1119 4819 1413 4893 habitans]
1464 4821 1568 4877 Sed
1626 4825 1748 4879 fidei
1793 4829 2011 4885 traditio
2067 4835 2170 4888 tuis

605 4902 707 4958 hac
743 4906 807 4960 de
837 4922 896 4962 re
926 4907 1102 4963 verbis
1133 4922 1417 4980 repugnat.
1452 4914 1562 4967 Non
1588 4916 1732 4969 enim
1769 4918 2040 4975 Deil‘erum
2077 4925 2170 4977 lno-

604 4995 825 5059 minem,
857 5001 950 5050 sed
985 4999 1330 5055 lmmanalum
1367 5004 1530 5057 Deum
1574 5006 1798 5061 adorare
1845 5009 2166 5068 didicimus:

608 5093 660 5137 tu
693 5099 820 5138 vero
849 5087 1006 5140 aliter
1030 5090 1184 5144 dicis.
1218 5091 1420 5147 Deinde
1444 5097 1711 5162 quomodo
1745 5108 1794 5151 te
1829 5102 2017 5168 nugari
2065 5121 2166 5156 non

605 5176 864 5242 advortis,
899 5191 948 5232 et
978 5181 1279 5236 divinorum
1311 5188 1617 5255 dogmatum
1654 5190 1931 5243 veritatem
1960 5195 2166 5248 adulte-

608 5268 773 5321 rare?
823 5269 954 5324 Nam
1009 5270 1240 5327 Verbum
1282 5291 1409 5330 caro
1461 5276 1655 5331 factum
1707 5280 1877 5334 est".
1920 5283 2035 5336 Jam
2077 5301 2173 5339 cur

679 5387 721 5417 "
759 5386 913 5441 Joan.
949 5405 988 5451 ι,
1031 5390 1108 5443 ll.

2292 4557 2427 4608 Ἀλλ’
2457 4556 2582 4620 ἴσως
2615 4558 2757 4626 ἐρεῖς
2790 4557 2849 4609 τὸ
2879 4556 2968 4610 σὸν
2993 4557 3054 4626 δὴ
3083 4557 3240 4611 τοῦτο
3270 4559 3362 4610 καὶ
3407 4560 3587 4628 σοφὸν,
3619 4559 3693 4621 ὡς
3721 4560 3859 4626 γοῦν

2278 4648 2378 4700 οἴει
2408 4664 2469 4697 τε
2498 4649 2591 4698 καὶ
2620 4647 2798 4714 λέγειν
2828 4649 3137 4718 άποτολμᾷς
3156 4667 3168 4678 ·
3202 4648 3355 4721 [Θεὸς
3378 4649 3485 4720 γάρ
3514 4645 3579 4720 ἦν
3605 4652 3632 4702 ό
3658 4649 3856 4716 Λόγος,

2279 4741 2546 4810 ἀνθρώπῳ
2584 4758 2642 4793 τε
2680 4743 3039 4812 συνημμένος,
3084 4743 3178 4795 καὶ
3209 4743 3430 4796 ένοικῶν
3481 4740 3673 4812 αὑτῷ.]
3710 4741 3858 4794 Ἀλλ’

2278 4836 2377 4902 ἥγε
2408 4815 2514 4902 τῆξ
2548 4834 2778 4896 πίστεως
2811 4834 3106 4903 παράδοσις
3135 4837 3246 4896 τοῖς
3292 4836 3372 4895 είς
3400 4833 3558 4886 τοῦτο
3588 4835 3699 4896 σοῖς
3726 4834 3860 4884 άντ-

2275 4926 2562 4978 αποδύεται
2591 4925 2764 4992 λόγοις
2788 4942 2799 4954 ·
2832 4925 2891 4977 οὐ
2932 4925 3039 4995 γάρ
3069 4925 3326 4995 θεοφόρον
3380 4925 3690 4995 ἄνθρωπον,
3735 4923 3856 4974 ἀλλ’

2274 5017 2764 5084 ὲνανθρωπήσαντα
2795 5015 2926 5068 Θεὸν
2976 5019 3302 5086 προσκυνεῖν
3351 5014 3740 5084 δεδιδάγμεθω
3785 5017 3857 5068 σὺ

2273 5104 2327 5155 δὲ
2359 5106 2454 5172 οὐχ
2499 5105 2641 5156 οὕτω
2673 5107 2796 5174 φής.
2827 5105 2958 5159 Εἶτα
2987 5107 3104 5168 πῶς
3147 5107 3245 5159 οὐκ
3272 5104 3500 5177 αἰσθάνῃ
3530 5105 3865 5177 ληρῶν,,κα“ιι

2274 5187 2372 5265 τ’ἦν
2404 5198 2458 5246 ἐν
2491 5199 2600 5258 τοῖς
2627 5197 2790 5259 θείοις
2820 5198 3055 5266 δόγμασι
3090 5198 3530 5269 παραχαράττων
3557 5197 3852 5266 ἀλήθειαν;

2282 5287 2473 5354 Γέγονε
2514 5288 2619 5357 γὰρ
2659 5289 2790 5356 σὰρξ
2817 5290 2843 5339 ὁ
2872 5289 3057 5356 Λόγος.
3098 5289 3236 5341 Ἀνθ“
3265 5290 3386 5341 ὅτου
3418 5289 3472 5341 δὲ
3505 5288 3567 5357 δὴ
3597 5288 3689 5341 καὶ
3718 5285 3855 5339 Θεὸν

1877 5507 2032 5562 ANT.
2081 5511 2352 5567 AGELLII
2394 5513 2622 5570 NOTAE.

678 5639 756 5708 (t)
789 5639 887 5692 Alii
941 5641 1061 5694 libri
1105 5641 1396 5722 habebant,
1440 5643 1847 5713 παραιτοῦνται.
1899 5646 2001 5701 Sed
2041 5647 2172 5703 illud
2211 5653 2389 5706 verius
2459 5668 2575 5708 esse
2606 5653 2949 5709 manifestum
3009 5663 3087 5710 est
3123 5654 3263 5724 quod
3307 5662 3387 5709 est
3416 5653 3758 5720 impressum,
3793 5658 3850 5704 et

608 5724 672 5765 ex
702 5713 1114 5766 correctior-ibus
1144 5712 1291 5767 libris
1320 5720 1618 5779 acceptum.
