4028 6424
151 381 214 436 29
1272 363 1638 421 ADVERSUS
1679 358 2078 414 NESTORIL'M
2126 359 2249 412 LIB.
2294 359 2329 412 i.
3353 357 3422 412 30

151 492 510 562 ὑποδέχεσθαι
540 491 646 561 φὴς
673 489 864 558 αὐτὴν,
891 489 940 541 εἰ
975 487 1047 557 μὴ
1083 487 1472 546 πεπίστευκας,
1501 483 1582 533 ὅτι
1609 480 1740 532 Θεὸν

1856 477 2012 529 Deum
2047 479 2110 529 ab
2143 477 2253 544 ipsa
2301 484 2611 544 susceptum
2651 477 2806 541 dicis,
2848 473 2889 529 si
2936 474 3080 528 illam
3117 473 3282 526 Deum
3336 487 3423 526 sc-

151 587 270 637 ὅντα
305 584 456 637 κατὰ
486 583 672 649 φύσιν,
698 582 957 633 ὲκτέτοκε
982 579 1070 630 τὸν
1107 575 1492 646 Ἐμμανουήλ;
1526 571 1649 634 Πῶς
1680 571 1745 622 δι’

152 673 310 740 αὐτῆς
354 669 649 740 παρῆλθεν
693 671 722 722 6
753 669 864 721 τῶν
912 667 1050 720 ὅλων
1099 665 1408 730 Δεσπότης,
1454 663 1550 714 καὶ
1589 663 1617 713 6
1650 660 1744 729 τῆς

150 760 502 829 δικαιοσύνης
537 756 858 827 ἀνέλαμψεν
899 755 1086 824 ἥλιοςξ
1134 757 1230 805 καὶ
1261 752 1381 803 τίνα.
1424 753 1539 812 τοῖς
1567 748 1746 801 τοιού-

151 869 255 913 τοις
283 850 525 920 ὀνόμασι
558 846 994 902 κατακαλλύνειν
1041 845 1246 915 ἀξιοῖς-ς
1293 838 1404 913 ἆρα
1435 841 1611 894 κοινὸν
1649 839 1747 909 μὲν

149 940 461 1010 ἄνθρωπον,
491 939 568 1002 ὡς
598 940 695 991 ἕνα
727 938 838 991 τῶν
877 937 1002 990 καθ’
1025 938 1195 1005 ἡμᾶς,
1229 934 1368 1003 πλὴν
1393 931 1745 1002 ἡγιασμένον,

153 1033 222 1094 ὡς
265 1032 484 1085 ένοικον
515 1031 717 1101 ἔχοντα
751 1029 844 1083 τὸν
872 1029 970 1082 τοῦ
995 1012 1134 1081 Θεού
1177 1025 1381 1094 Λόγονς
1413 1019 1544 1077 Εἶτα
1573 1022 1689 1086 πῶς
1719 1023 1748 1073 6

153 1122 389 1185 τοιοῦτος
419 1123 536 1175 τῶν
580 1123 718 1175 ὅλων
748 1120 904 1174 ἔσται
933 1119 1227 1187 Δεσπότης,
1253 1116 1348 1168 καὶ
1371 1117 1402 1168 ό
1422 1115 1521 1184 τῆς
1544 1114 1747 1166 δικαιο-

157 1213 315 1284 σύνης
354 1214 554 1283 ἤλιος;
599 1212 673 1264 Τὸ
704 1213 818 1282 γὰρ
843 1210 1128 1274 δεσπόζειν
1160 1225 1221 1260 τε
1256 1207 1351 1260 καὶ
1384 1207 1606 1276 κρατεῖν
1637 1204 1747 1258 τῶν

154 1306 283 1359 ὅλων
312 1305 616 1368 δύνασθαι,
639 1304 734 1356 καὶ
764 1301 1023 1371 φωτίζειν
1048 1299 1116 1352 τὰ
1150 1297 1338 1368 νοητὰ,
1368 1298 1568 1367 πρέποι
1592 1296 1656 1348 ἂν
1685 1296 1753 1348 ού

158 1397 377 1463 μέτροις
402 1395 525 1456 τοῖς
547 1393 670 1446 καθ’
694 1393 867 1462 ἡμᾶς,
891 1390 1238 1445 ἁνακείσεται
1254 1389 1310 1440 δὲ
1337 1387 1479 1458 μόνη
1498 1389 1563 1457 τῇ
1589 1387 1751 1456 ὑπερ-

151 1485 310 1546 τάτω,
345 1485 449 1536 καὶ
484 1483 757 1537 ἀνωτάτω
784 1481 966 1551 φύσει.

226 1576 454 1645 Ἐπειδὴ
495 1576 556 1629 δὲ
587 1575 670 1636 τὸ,
707 1592 725 1624 ι
755 1571 1003 1643 Διῆλθεν,
1029 1589 1043 1620 ι
1084 1570 1220 1633 ὅλως
1249 1569 1348 1622 οὐκ
1379 1563 1476 1621 οἷδ’
1500 1567 1622 1620 ὅθεν
1652 1566 1747 1618 λα-

151 1667 274 1725 ϐὼν,
305 1667 573 1727 τέθεικας
620 1665 712 1715 ἐπὶ
747 1661 908 1722 Θεοῦ,
957 1660 1210 1726 διασάφει
1253 1657 1351 1727 τὴν
1391 1656 1568 1719 λέξιν·
1601 1654 1654 1706 τί
1686 1653 1756 1705 τὸ

149 1755 332 1824 χρῆμα
363 1754 474 1819 τῆς
505 1752 700 1805 ἐνθάδε
729 1749 1032 1819 λεγομένης
1071 1748 1266 1807 διόδου,
1303 1746 1401 1814 τῆς
1435 1748 1532 1814 σῆς
1564 1745 1651 1811 εἴη
1681 1743 1750 1796 ἂν

150 1847 339 1912 φρενὸς
380 1844 724 1914 ἠγνοηκόσιν
764 1842 958 1894 εἰπεῖν.
991 1841 1053 1892 Εἰ
1088 1841 1184 1908 μὲν
1216 1837 1324 1906 γὰρ
1364 1835 1506 1888 οὕτω
1533 1834 1749 1904 διῆλθεν

150 1938 314 2008 αὐτὴν
338 1939 367 1991 6
398 1937 502 1990 τοῦ
537 1935 676 1988 Θεοῦ
721 1934 914 2002 Λόγος,
953 1933 1031 1994 ὡς
1074 1933 1136 1983 ἐκ
1175 1929 1342 1981 τόπου
1384 1926 1521 1996 πρὸς
1565 1925 1752 1992 ἕτερον

155 2029 554 2098 μταχωρῆσαι
585 2024 1020 2088 τόπον,-αὑτόθεν
1042 2019 1355 2088 καταϐαλῇς
1371 2035 1383 2046 ·
1407 2016 1618 2086 ἀκούσῃ
1643 2015 1750 2087 γὰρ

151 2123 403 2187 λέγοντος
433 2118 608 2172 αὑτοῦ
636 2119 723 2170 διὰ
755 2115 937 2183 φωνῆς
973 2113 1078 2165 τῶν
1108 2110 1280 2178 ἁγίων
1299 2125 1312 2140 ο
1350 2128 1367 2160 ί
1396 2109 1488 2178 Μὴ
1515 2108 1636 2176 οὐχί
1660 2106 1750 2160 τὸν

148 2211 379 2282 οὐρανὸν
417 2210 520 2262 καὶ
579 2207 678 2277 τὴν
716 2207 821 2276 γῆν
864 2205 976 2273 ἐγὼ
1019 2201 1232 2274 πληρῶ,
1277 2201 1425 2268 λέγει
1457 2199 1694 2270 Κύριοςς
1728 2217 1746 2249 ι

149 2301 218 2352 Οὐ
257 2299 372 2366 γάρ
413 2299 476 2349 ἐν
510 2297 664 2365 τόπῳ
695 2294 756 2346 τὸ
775 2293 954 2357 Θείον,
984 2293 1078 2345 καὶ
1113 2292 1473 2362 μεταστάσεις
1509 2290 1610 2341 οὐκ
1643 2283 1752 2342 οἶδε

149 2393 504 2460 σωματικάς·
533 2391 736 2461 πληροῖ
761 2387 869 2458 γὰρ
893 2389 960 2440 τὰ
992 2386 1198 2438 πάντα·
1227 2385 1274 2435 εἰ
1297 2382 1375 2440 δὲ,
1405 2382 1634 2450 ἐπείπερ
1660 2382 1751 2432 τὸν

148 2483 220 2552 τῷ
254 2483 406 2550 τόκῳ
445 2483 734 2550 πρέποντα
782 2477 1110 2549 περιμείνας
1159 2474 1371 2544 καιρὸν,
1406 2473 1664 2544 σχετικὴν
1693 2474 1755 2523 ὲν

147 2574 427 2644 ἀνθρώπῳ
459 2575 560 2641 τὴν
599 2573 872 2642 ἐνοίκησιν
910 2570 1222 2645 ἐποιήσατο,
1251 2565 1496 2618 διελάσαι
1529 2565 1633 2634 φὴς
1660 2563 1755 2616 τὸν

145 2667 276 2719 Θεὸν
305 2667 414 2734 τῆς
449 2665 617 2730 ἁγίας
655 2663 958 2733 Παρθένου,
995 2663 1181 2731 ἤγουν,
1216 2657 1506 2726 παρελθεῖν
1543 2658 1713 2726 αὑτήν
1736 2673 1748 2686 ·

144 2759 504 2827 κεχρήσομαι
540 2755 654 2825 γὰρ
703 2754 952 2822 πανταχῆ
1000 2755 1118 2816 ταῖς
1153 2753 1324 2821 ἱεραῖς
1373 2766 1465 2802 σου
1506 2749 1749 2817 φωναῖςο

145 2850 298 2902 οὐδὲν
340 2849 456 2917 ἄρα
504 2848 567 2900 τὸ
619 2846 876 2917 περιττὸν
912 2847 969 2897 ὲν
1012 2847 1080 2914 τῇ
1121 2843 1252 2913 ἁγία
1290 2840 1554 2910 Παρθένῳ
1600 2839 1753 2910 παρὰ

145 2941 240 3003 τὰς
285 2941 468 3003 ἄλλας
502 2939 742 3011 ὁρῶμεν.
783 2936 1069 2991 Ἐκτέτοκε
1108 2935 1217 3004 γὰρ
1260 2936 1292 3004 ὴ
1335 2932 1614 2987 Ἐλισάὸετ
1662 2932 1753 2985 τὸν

148 3031 429 3102 μακάριον
465 3027 781 3097 Βαπτιστὴν
807 3024 1140 3097 ἡγιασμένον
1172 3025 1258 3076 διὰ
1285 3021 1379 3074 τοῦ
1412 3021 1748 3092 Πνεύματος,

143 3127 209 3178 δι’
234 3117 298 3177 οὗ
340 3123 490 3176 Πνεύ
501 3138 671 3192 ματος
717 3121 811 3172 καὶ
853 3117 1017 3179 αὐτὸς
1050 3119 1078 3169 6
1110 3115 1235 3177 Υἱὸς
1281 3115 1339 3165 ὲν
1372 3115 1504 3183 ἡμῖν
1535 3112 1752 3175 αὐλίζε-

144 3235 254 3271 ται.
287 3216 406 3270 Καὶ
447 3214 799 3285 μαρτυρήσει
832 3211 1007 3278 λέγων
1034 3211 1061 3263 6
1088 3208 1248 3276 σοφὸς
1281 3207 1534 3276 Ἰωάννης
1555 3223 1569 3235 ⁸
1606 3225 1623 3255 ι
1667 3206 1755 3257 Ἐν

145 3310 320 3380 τούτῳ
375 3307 754 3375 γινώσκομεν,
797 3306 879 3357 ὅτι
931 3306 989 3356 ὲν
1036 3303 1168 3371 ἡμῖν
1209 3303 1376 3361 ἐστιν,
1420 3300 1503 3352 ὅτι
1555 3299 1619 3350 ἐκ
1660 3298 1757 3350 τοῦ

147 3399 480 3466 Πνεύματος
533 3394 701 3445 αὐτοῦ
755 3391 954 3443 ἔδωκεν
997 3391 1150 3457 ἡμῖν.
1180 3406 1198 3437 ι
1234 3385 1459 3453 Διῆλθεν
1507 3380 1601 3436 οὖν
1650 3384 1754 3452 ἄρα

147 3491 236 3541 καὶ
267 3486 452 3553 αὐτὴν
491 3483 592 3552 τὴν
635 3479 917 3533 Ἐλισάὸετ
958 3480 987 3529 6
1026 3479 1090 3528 ὲκ
1132 3474 1265 3528 Θεοῦ
1302 3475 1492 3541 Λόγος,
1524 3477 1618 3526 καὶ
1650 3474 1756 3542 πρὸ

145 3581 240 3648 τῆς
279 3576 608 3646 γεννήσεως
655 3568 949 3641 ἐνῳκηκὼς
983 3566 1061 3637 τῷ
1108 3565 1297 3637 βρέφει
1330 3564 1417 3617 διὰ
1457 3564 1547 3616 τοῦ
1587 3563 1756 3616 Πνεύ-

151 3688 346 3740 ματος.

227 3760 376 3813 Ἀλλ’
405 3754 744 3816 ὑποπτεύεις
785 3752 876 3804 τὸν
918 3749 1129 3820 κρότον,
1164 3748 1239 3810 ὡς
1278 3744 1413 3816 ὀρθὰ
1458 3762 1540 3797 σοι
1573 3743 1754 3796 λαλεῖν

148 3851 418 3921 ᾑρημένῳ
469 3844 662 3898 λοιπὸν
708 3841 972 3910 γεγονότα
1021 3837 1168 3909 παρὰ
1211 3836 1376 3888 λαῶν.
1409 3834 1596 3887 ’Ἥλιον
1644 3832 1754 3903 γὰρ

146 3941 514 4006 δικαιοσύνης
543 3935 866 4003 ὠνόμασας,
919 3931 1013 3982 καὶ
1038 3928 1126 3981 τὸν
1157 3929 1295 3981 ὅλων
1322 3926 1618 3994 Δεσπότην,
1663 3923 1754 3977 τὸν

149 4037 209 4088 ἐκ
251 4036 357 4102 τῆς
412 4029 585 4097 ἁγίας
633 4024 910 4096 Παρθένου
958 4009 1376 4088 γε’γεννημένον.
1423 4012 1554 4069 Εἶτα
1593 4014 1754 4067 πάλιν

149 4120 644 4196 ἀκριϐολογεῖσθαι
675 4117 969 4186 προσποιῇ,
998 4113 1092 4165 καὶ
1119 4111 1210 4162 τὸν
1237 4110 1430 4180 κρότον
1457 4109 1630 4176 αἰτιᾷ,
1662 4107 1755 4159 καὶ

148 4217 446 4284 χαίροντας
483 4209 583 4284 ὲπῖ
613 4205 698 4260 σοὶ
730 4205 964 4272 γράφεις
1000 4201 1181 4264 πάλιν,
1206 4198 1281 4261 ὡς
1314 4199 1373 4251 οὐ
1406 4197 1751 4265 νενοηκότας.

153 4309 210 4360 Ὤ
251 4305 469 4372 πολλῆς
510 4297 717 4368 ἰσχύος,
745 4298 780 4365 ἢ
815 4298 929 4356 τοῖς
969 4295 1082 4354 σοῖς
1117 4291 1292 4344 ἔνεστι
1321 4289 1530 4356 λόγοιςῑ
1563 4288 1623 4339 οὐ
1664 4287 1755 4354 γέο

151 4415 310 4465 γονάς
360 4388 682 4462 μελλήστὴς
725 4385 813 4448 εἷς’
836 4402 900 4452 γε
941 4384 1003 4436 τὸ
1041 4381 1240 4452 χρῆναι
1284 4381 1616 4433 καταλυπεῖν
1658 4378 1754 4429 αὐ-

1851 565 2083 618 cundum
2121 574 2370 618 naturam
2425 566 2598 631 ipsum
2648 565 2958 619 Emmanuel
3005 563 3278 631 peperisse
3317 575 3422 614 non

1851 656 2069 709 credis?
2098 656 2365 724 quomodo
2412 671 2505 722 per
2539 656 2681 708 illam
2712 654 3027 723 pertransiit
3058 654 3146 706 ille
3183 653 3421 706 omnium

1851 746 2131 812 Dominus,
2158 756 2212 798 et
2242 747 2318 800 sol
2351 747 2822 812 cﬂulsitjustitiae?
2848 745 3016 811 Quem
3045 758 3172 798 vero
3198 743 3282 797 his
3305 756 3425 794 ver-

1852 834 1938 888 bis
1970 843 2020 888 Ie
2046 836 2303 890 decorare
2335 836 2540 904 putas?
2574 851 2699 889 num
2734 850 3070 889 communem
3123 833 3421 892 hominem,

1852 933 1910 977 ut
1944 939 2108 978 unum
2141 925 2205 979 de
2230 926 2397 980 nostri
2432 925 2716 989 similibus,
2753 925 2847 979 sed
2891 933 3066 978 tamen
3113 921 3425 976 sanctiﬁca-

1853 1024 1985 1077 tum,
2022 1026 2079 1068 ut
2114 1016 2164 1070 in
2196 1031 2302 1084 quo
2329 1015 2421 1070 Dei
2449 1014 2690 1083 Verbum,
2731 1014 3102 1070 inhabitaret?
3139 1013 3244 1067 Sed
3289 1026 3425 1079 quo—

1852 1107 2010 1160 modo
2040 1107 2302 1174 ejusmodi
2334 1109 2496 1162 homo
2520 1123 2700 1161 rerum
2739 1107 2978 1162 omnium
3008 1105 3266 1158 Dominus
3296 1104 3418 1162 erit.

1850 1206 1903 1248 et
1931 1197 2008 1249 sol
2031 1194 2286 1262 justitize?
2313 1196 2445 1250 Nam
2483 1197 2747 1250 dominari
2780 1207 2833 1250 et
2872 1196 3139 1262 imperare
3171 1192 3422 1246 omnibus

1850 1297 2030 1350 posse,
2059 1294 2112 1339 et
2149 1299 2236 1339 res
2271 1301 2389 1354 qum
2424 1285 2793 1354 intelliguntur
2841 1284 3132 1342 illustrare.
3188 1296 3291 1333 non
3327 1295 3420 1332 no-

1850 1385 1976 1428 atrae
2003 1391 2267 1430 mensurae
2296 1386 2402 1440 est,
2428 1379 2520 1431 sed
2578 1377 2653 1430 illi
2706 1376 2804 1430 soli
2862 1372 3324 1428 excellentissima:
3369 1379 3424 1424 et

1851 1483 2114 1535 suprema:
2147 1480 2351 1524 natura:
2377 1471 2744 1524 tribuendum.

1919 1558 2035 1612 lam
2092 1561 2220 1628 quia
2270 1561 2497 1616 verbum
2531 1579 2549 1611 ι
2579 1559 2892 1628 pertransiit
2937 1576 2954 1606 ι
2997 1558 3273 1621 undenam
3332 1569 3423 1608 ac-

1851 1647 2086 1716 ceperis,
2106 1657 2162 1702 et
2183 1649 2250 1704 de
2271 1649 2379 1704 Deo
2402 1649 2709 1716 protuleris,
2726 1662 2946 1718 prorsus
2969 1648 3176 1717 ignoro.
3193 1644 3423 1713 explica,

1851 1740 2220 1806 quieso,hanc
2272 1738 2600 1805 dictionem,
2644 1741 2839 1810 quidve
2884 1739 2952 1793 sit
3005 1737 3091 1792 hic
3143 1736 3423 1799 transitus,

1854 1842 2012 1897 quem
2048 1830 2151 1884 hoc
2179 1830 2299 1885 loco
2343 1831 2546 1896 dixisti,
2577 1831 2680 1885 erit
2732 1830 2918 1897 utique
2972 1839 3080 1882 tuae
3133 1827 3427 1896 prudentiae

1855 1920 2061 1987 ignaris
2093 1935 2386 1988 exponere.
2416 1921 2546 1974 Nam
2594 1921 2638 1975 si
2676 1921 2750 1974 ita
2791 1936 2886 1989 per
2921 1921 3065 1973 illam
3114 1918 3323 1970 transiit
3365 1918 3427 1971 il-

1854 2009 1943 2064 iud
1975 2008 2068 2063 Dei
2122 2007 2386 2074 Verbum,
2439 2019 2500 2064 ut
2543 2023 2613 2064 ex
2646 2009 2768 2064 loco
2809 2025 2916 2064 uno
2963 2010 3028 2062 ad
3093 2008 3317 2061 alterum
3370 2022 3428 2060 se

1857 2106 2202 2173 transferret,
2240 2106 2477 2162 indidem
2507 2105 2776 2174 dejicieris
2806 2121 2821 2157 :
2852 2119 2977 2158 nam
3008 2103 3146 2157 dicet
3194 2102 3288 2156 tibi
3333 2115 3429 2169 per

1854 2213 2041 2252 vocem
2064 2209 2414 2252 sanctorum:
2452 2213 2472 2248 ι
2521 2195 2708 2250 Nonne
2755 2193 2947 2249 cmlum
2989 2200 3045 2246 et
3086 2200 3283 2246 terram
3329 2203 3429 2258 ego

1856 2286 2073 2358 impleo,
2106 2287 2237 2342 dicit
2264 2287 2525 2342 Dominus
2545 2286 2590 2317 δ’
2617 2287 2640 2338 ?
2668 2304 2686 2338 ι
2724 2284 2909 2353 Neque
2934 2283 3077 2338 enim
3112 2292 3193 2336 est
3221 2281 3274 2333 in
3313 2281 3429 2333 loco

1855 2380 2155 2446 Divinitas;
2201 2389 2257 2435 et
2293 2392 2488 2448 expers
2534 2386 2618 2433 est
2661 2373 2909 2443 corporei
2951 2374 3239 2438 transitus;
3307 2388 3427 2425 ttam

1856 2472 2040 2542 implet
2090 2473 2333 2528 omnia:
2411 2472 2496 2527 sin
2573 2481 2752 2525 autem
2826 2468 2953 2536 quia
3012 2465 3251 2519 debitum
3313 2478 3430 2531 par-

1858 2564 1931 2617 tui
1989 2571 2199 2632 tempus
2265 2561 2611 2633 peri‘erendo,
2679 2558 2780 2629 13
2861 2556 3140 2612 relativam
3213 2554 3263 2606 in
3335 2553 3431 2606 ho-

1857 2657 2000 2711 mine
2049 2656 2434 2711 habitationem
2507 2653 2767 2718 incoluit,
2818 2651 2937 2704 ideo
3000 2648 3167 2703 Deum
3231 2645 3432 2700 asseris

1857 2759 2164 2814 permeasse
2235 2759 2334 2814 per
2397 2752 2641 2798 sanctam
2704 2739 2982 2807 Virginem
3044 2736 3211 2805 (utar
3286 2735 3430 2787 etaim

1858 2833 2058 2901 ubique
2113 2835 2222 2887 tuis
2275 2832 2446 2888 sacris
2490 2829 2774 2898 vocibus),
2823 2826 2959 2881 nihil
3004 2840 3135 2894 ergo
3175 2821 3430 2878 eximium

1857 2923 1908 2978 in
1941 2935 2130 2980 sancta
2159 2923 2379 2993 Virgine
2423 2933 2620 2992 praater
2670 2932 2900 2976 caeteras
2939 2919 3204 2972 videmus.
3263 2914 3429 2982 Pepe-

1857 3016 1926 3069 rit
1959 3016 2101 3070 enim
2122 3016 2399 3069 Elisaheth
2432 3015 2648 3070 beatum
2676 3011 2972 3082 Baptistam
3004 3009 3238 3078 Spiritus
3267 3019 3432 3073 opera

1857 3103 2274 3171 sanctiﬁcatum,
2322 3119 2419 3174 per
2466 3117 2626 3174 quem
2662 3101 2922 3171 Spiritum
2971 3097 3136 3154 etiam
3171 3096 3286 3166 ipse
3346 3094 3434 3147 Fi-

1858 3197 1962 3252 lius
1990 3198 2042 3251 in
2078 3199 2234 3253 nobis
2276 3198 2504 3263 habitat,
2536 3197 2701 3265 idque
2757 3195 2946 3249 beatus
2995 3191 3229 3245 Joannes
3265 3198 3431 3242 testa-

1858 3298 1967 3355 tur,
1993 3291 2179 3346 dicens
2212 3308 2226 3346 :
2271 3309 2289 3342 ι
2324 3289 2379 3344 1η
2427 3291 2530 3344 hoc
2567 3289 2948 3358 cognoscimus
2988 3285 3131 3356 quod
3183 3285 3233 3338 in
3283 3284 3435 3338 nobis

1857 3393 1960 3447 est,
1995 3381 2120 3449 quia
2156 3382 2222 3436 de
2247 3381 2450 3449 Spiritu
2487 3395 2588 3435 suo
2627 3380 2774 3434 dedit
2803 3379 2958 3434 nobis
2981 3376 3048 3432 “.
3083 3395 3100 3428 ι
3138 3376 3430 3430 Pertrans-

1859 3472 1920 3524 iit
1949 3472 2109 3541 igitur
2167 3473 2330 3526 etiam
2365 3487 2463 3541 per
2492 3471 2772 3527 Elisabeth
2816 3471 2990 3540 ipsum
3034 3469 3124 3523 Dei
3174 3466 3434 3531 Verbum,

1859 3577 1982 3614 cum
2023 3563 2186 3614 etiam
2234 3573 2359 3615 ante
2406 3562 2551 3616 illius
2585 3562 2925 3615 nativitatem
2980 3561 3032 3614 in
3090 3560 3299 3613 infante
3343 3573 3438 3628 per

1860 3651 2124 3722 Spiritum
2157 3651 2497 3707 inhabitarit.

1929 3742 2036 3796 Sed
2060 3752 2367 3810 suspectum
2407 3743 2574 3797 habes
2614 3739 2858 3812 plausum
2915 3738 3032 3802 tibi,
3088 3747 3146 3794 ut
3183 3740 3273 3808 qui
3324 3738 3436 3808 jam

1859 3841 2007 3887 recte
2035 3833 2180 3902 loqui
2218 3847 2483 3900 coeperas,
2531 3847 2561 3886 a
2588 3833 2790 3902 populo
2827 3831 3049 3885 factum.
3091 3830 3225 3885 Nam
3268 3831 3436 3886 solem

1853 3932 2094 4002 justiti-as.
2136 3940 2189 3985 et
2219 3933 2462 3985 omnium
2498 3929 2787 3984 Dominum
2831 3928 3134 3999 appellaras
3180 3927 3326 3980 illum
3372 3940 3438 3979 ex

1858 4030 2045 4079 sancta
2081 4020 2306 4091 Virgine
2343 4030 2552 4075 natum.
2595 4020 2726 4074 Inde
2768 4035 2957 4074 rursus
2988 4019 3236 4073 subtilius
3281 4030 3440 4086 agere

1860 4113 2110 4177 simulas,
2161 4121 2216 4164 et
2270 4113 2514 4181 plausum
2563 4112 2937 4181 reprehendis,
2990 4121 3044 4166 et
3079 4109 3328 4165 homines
3365 4106 3436 4160 tui

1859 4217 2027 4256 causa
2061 4201 2214 4255 laetos
2247 4204 2424 4255 denuo
2454 4210 2514 4255 ut
2544 4217 2734 4270 parum
2779 4202 3142 4272 intelligentes
3192 4214 3438 4253 accusas.

1860 4295 1904 4349 Ο
1939 4309 2190 4361 magnam
2219 4294 2292 4346 tui
2325 4295 2595 4347 sermonis
2627 4292 2958 4361 potentiam!
3007 4291 3121 4345 Non
3159 4291 3265 4344 illis
3293 4299 3442 4344 certe

1861 4399 2150 4440 maerorem
2210 4384 2432 4450 injicere
2481 4383 2763 4449 distulisti,
2803 4384 2856 4438 in
2899 4383 3100 4438 luctum
3139 4383 3284 4436 illico
3323 4397 3443 4434 ver-

149 4462 292 4550 τοὺς,
321 4483 608 4554 ἓστρεψας
641 4478 801 4540 εὐθὺς
830 4479 908 4536 εἰς
952 4473 1144 4533 πένθος
1179 4471 1274 4539 τὴν
1309 4471 1505 4540 χαρὰν,
1535 4469 1751 4540 διέρρη-

1863 4478 1975 4531 tisti
2006 4476 2283 4546 gaudium,
2327 4474 2640 4529 conscidisti
2679 4475 2918 4530 laetitiam
2942 4516 2956 4540 ,
2989 4485 3043 4548 e_t
3076 4475 3355 4531 accinxisti
3389 4484 3441 4527 te

152 4580 241 4642 ξας
287 4578 394 4644 τὴν
429 4568 797 4639 εὐφροσύνην,
845 4565 942 4618 καὶ
973 4563 1232 4626 διέξωσας
1275 4563 1494 4623 σάκκον,
1542 4563 1753 4628 ἐπαγα-

150 4671 256 4738 τὼν
300 4666 478 4726 εὐθὺς
507 4658 663 4714 εἷτα’
693 4657 890 4729 [Πάλιν
926 4651 1219 4708 ὑποπτεύω
1255 4651 1348 4703 τὸν
1386 4651 1597 4720 κρότον,
1636 4650 1754 4712 πῶς

147 4759 220 4821 τὺ,
255 4752 585 4823 Παρῆλθεν,
629 4749 924 4816 ὲνοήσατε;
957 4744 1072 4796 Οὐκ
1108 4741 1322 4812 εἴρηταί
1358 4757 1447 4808 μοι
1479 4739 1557 4803 τὸ,
1604 4740 1752 4808 Παρ-

149 4851 326 4918 ἦλθεν,
353 4845 485 4899 ἀντὶ
515 4841 633 4901 τοῦ,
659 4837 954 4907 Ἐγεννήθη
979 4855 990 4866 ο
1017 4835 1076 4887 οὐ
1104 4834 1209 4902 γὰρ
1237 4833 1379 4885 οὕτω
1410 4831 1618 4900 ταχέως
1645 4834 1757 4884 ὲπιο

148 4943 502 5008 λανθάνομαι
530 4934 640 4987 τῶν
673 4933 841 4984 ἰδίων.
864 4928 939 4981 Τὸ
971 4927 1256 4997 παρελθεῖν
1285 4925 1375 4977 τὸν
1404 4924 1537 4977 Θεὸν
1567 4925 1627 4975 ἐκ
1656 4924 1754 4992 τῆς

149 5033 532 5105 Χριστοτόκου
595 5024 898 5094 Παρθένου,
934 5021 1086 5090 παρὰ
1133 5020 1232 5088 τῆς
1271 5017 1443 5077 θείας
1471 5015 1753 5084 ἐδιδάχθην

153 5104 417 5193 Γρπφῆς·
468 5117 534 5170 τδ
558 5117 617 5168 δὲ
664 5112 998 5182 γεννηθῆναι
1029 5109 1160 5162 Θεὸν
1194 5108 1254 5171 ἐξ
1294 5107 1483 5175 αὐτῆς,
1517 5104 1753 5174 οὐδαμοῦ

153 5207 498 5280 ὲδεδάχθην.]
528 5204 741 5258 Οὐκοῦν
768 5203 836 5254 ait
876 5202 975 5271 μὲν
999 5196 1136 5252 εἶναι
1165 5200 1346 5250 ἐκεῖνα
1372 5198 1438 5249 τὰ
1473 5196 1755 5267 διεστραμο

159 5305 340 5372 μένα·
409 5298 496 5368 τῷ
562 5312 624 5363 τε
696 5294 802 5364 μὴν
848 5293 902 5344 ἐν
977 5289 1232 5357 ὑποψίαις
1294 5286 1584 5356 ὀρθότητος
1663 5286 1753 5338 τὸν

157 5397 242 5445 ὠν
276 5387 626 5460 γεγενῆσθαι
657 5384 802 5445 νοῦν,
831 5385 858 5435 ὁ
901 5379 962 5444 ἐξ
1004 5378 1224 5448 ἀγάπης
1261 5381 1466 5449 κρότος.

233 5484 613 5551 Ἐνστήσομαι
635 5477 690 5530 δὲ
717 5476 808 5528 καὶ
836 5473 932 5525 νῦν
959 5471 1110 5523 οὐδὲν
1135 5467 1315 5542 ἧττον,
1339 5474 1512 5523 ἐκεῖνο
1550 5471 1719 5538 λέγων
1738 5488 1750 5500 ο

158 5577 216 5629 τί
240 5579 320 5638 τὸ,
346 5571 665 5643 Πειρῆλθεν,
687 5569 855 5629 ἐστὶν,
878 5567 924 5618 εἰ
949 5564 1023 5634 μὴ
1044 5563 1191 5632 δηλοῖ
1207 5563 1300 5634 τὴν
1318 5563 1588 5634 γέννησιν;
1611 5560 1754 5632 Ἄρα

229 5761 272 5786 ⁵³
307 5759 517 5812 Jerem.
556 5771 714 5820 XXIII,
755 5754 841 5808 ει.
926 5752 970 5781 ³³
1002 5751 1014 5804 l
1049 5750 1198 5806 Jnan.
1239 5766 1311 5813 tv,
1351 5750 1432 5803 15.

1856 4583 2015 4624 sacco
2050 4567 2117 4631 “,
2162 4581 2282 4620 cum
2327 4579 2453 4619 mox
2496 4566 2748 4619 addidisti
2787 4585 2798 4619 :
2838 4566 3092 4637 [Rursum
3131 4574 3438 4631 suspectum

1857 4659 2032 4714 habeo
2062 4659 2328 4727 plausum.
2365 4656 2646 4720 Quomodo
2698 4657 2922 4710 verbum
2970 4656 3120 4717 illud,
3166 4664 3440 4725 pertrans-

1857 4751 1954 4814 iit,
2012 4746 2401 4804 intellexistis?
2452 4744 2569 4800 Non
2624 4746 2759 4812 dixi,
2823 4747 3168 4815 pertransiit,
3235 4759 3331 4814 pro
3375 4761 3441 4798 eo

1859 4842 2002 4913 quod
2041 4849 2144 4905 est,
2193 4840 2408 4909 genitus
2442 4845 2569 4891 est:
2614 4852 2719 4890 non
2776 4838 2921 4890 enim
2977 4838 3048 4890 ita
3095 4837 3253 4890 facile
3308 4851 3439 4891 mea:

1862 4931 2143 4986 sententia:
2172 4928 2487 4983 obliviscor.
2530 4925 2894 4982 Pertrausisse
2935 4929 3098 4981 Deum
3135 4943 3198 4981 ex
3239 4928 3439 4982 Christi

1863 5021 2126 5091 genitrice
2171 5016 2337 5070 Maria
2384 5016 2546 5070 didici
2600 5031 2663 5070 ex
2720 5017 2891 5071 sacris
2930 5017 3182 5082 Litteris;
3230 5033 3295 5069 ex.
3327 5018 3438 5084 ipsa

1863 5111 2099 5180 genitum
2137 5123 2400 5177 nusquam
2442 5107 2662 5178 didici.]
2710 5109 2850 5177 Ergo
2896 5120 2982 5161 tua
3022 5124 3142 5163 esse
3181 5110 3265 5160 illa
3316 5123 3439 5176 per-

1863 5215 2018 5253 verse
2044 5200 2186 5252 dicta
2223 5207 2430 5252 certum
2466 5205 2551 5251 est
2589 5213 2602 5248 :
2639 5212 2703 5251 ex
2731 5212 2795 5252 eo
2831 5207 3008 5252 autem
3045 5199 3184 5265 quod
3221 5209 3271 5249 te
3298 5208 3443 5250 recte

1865 5292 2067 5344 sentire
2097 5289 2325 5355 coepisse
2359 5289 2822 5358 StISpicabantur,
2853 5289 2940 5343 ille
2969 5290 3179 5342 exstitit
3212 5303 3275 5342 ex
3309 5287 3440 5340 cha—

1866 5383 2032 5436 ritate
2065 5382 2307 5450 plausus.

1937 5473 2041 5527 Sed
2096 5474 2310 5526 inslaho
2367 5488 2513 5527 nunc
2559 5489 2775 5543 quoque
2831 5474 3203 5537 nihilominus,
3241 5488 3301 5526 ac
3356 5488 3442 5528 ro-

1865 5563 2042 5631 gabo:
2102 5561 2365 5626 Quidnam
2401 5573 2502 5626 est,
2564 5566 2890 5630 pertransiit.
2939 5565 2983 5618 si
3035 5565 3436 5634 generationem

1513 5746 1554 5778 ""
1596 5743 1733 5800 Psal.
1773 5761 1918 5811 uix.
1960 5744 2040 5797 l2.
2084 5746 2165 5797 15.
