4028 6424
610 332 671 389 3|
1594 350 1649 402 s.
1696 347 1966 403 cmiLu
2010 343 2476 399 ALEXANDRINI
2520 341 2839 398 ARCltlEt‘.

3801 345 3882 399 32

614 473 718 509 non
757 458 1060 526 signiﬁcat?
1093 460 1229 516 Num
1276 464 1517 519 dicturus
1559 480 1617 521 es
1662 468 1831 537 ipsum
1878 482 1968 535 per
2006 482 2062 518 sc
2096 464 2179 518 Dei

2291 461 2397 528 γὰρ
2430 462 2594 530 ἐρεῖς,
2636 461 2712 523 ὼς
2745 462 2906 525 αὐτὸς
2940 462 3062 515 καθ’
3090 461 3306 523 ἐαυτὸν,
3337 461 3431 513 καὶ
3466 461 3589 529 δίχα
3618 460 3817 530 σαρκὸς
3850 462 3882 512 ό

613 545 847 601 Verbum
884 551 999 605 sine
1029 568 1193 608 carne
1227 557 1591 623 pertransisse
1626 574 1722 627 per
1756 557 2065 627 Virginem?
2092 557 2187 609 At-

612 636 704 702 qui
735 640 1004 704 qumnodo
1030 640 1143 695 haec
1171 645 1329 697 verba
1359 659 1461 698 non
1500 662 1725 700 summae
1758 648 2001 701 stultitiae
2032 648 2184 714 plena

612 729 761 783 sint?
785 730 877 785 Vel
912 734 1055 787 enim
1089 735 1140 789 in
1169 739 1524 806 quantitatem
1551 754 1671 794 esse
1703 750 2011 793 concretam
2050 739 2186 791 divi-

613 820 835 875 nitatem
901 824 1199 896 intelligere
1245 844 1466 884 necesse
1516 839 1637 895 est,
1692 841 1747 883 et
1782 837 1980 883 motam
2033 838 2088 883 ut
2120 830 2186 883 de

612 907 730 961 loco
767 911 817 963 in
847 912 1023 966 locum
1059 916 1482 984 transferretur;
1518 920 1598 973 vel
1642 921 1769 988 quia
1813 929 1897 974 est
1939 921 2187 988 incorpo-

611 1014 722 1062 rea,
758 1010 813 1055 et
844 1002 953 1057 late
981 1016 1033 1059 et
1065 1008 1265 1075 ubique
1291 1009 1403 1061 fusa
1425 1047 1439 1071 ,
1480 1024 1653 1079 neque
1686 1010 1802 1063 loco
1830 1011 2186 1079 terminisque

611 1094 1112 1160 circumscribitur,
1165 1115 1396 1167 quonam
1442 1102 1599 1155 modo
1647 1116 1743 1171 per
1779 1118 1942 1156 unum
1989 1116 2186 1169 corpus

611 1186 844 1239 transire
870 1190 1112 1253 poterit?
1153 1190 1255 1244 Sed
1289 1200 1580 1261 utcumque
1603 1194 1675 1248 sit
1707 1195 1844 1263 quod
1886 1210 1914 1247 a
1952 1203 2004 1247 te
2051 1194 2185 1249 dici-

613 1284 716 1337 tur,
749 1291 848 1329 cur
892 1293 994 1331 non
1036 1282 1290 1349 explicari
1336 1285 1594 1351 oportuit,
1638 1294 1693 1339 et
1734 1286 1934 1340 clarius
1965 1285 2091 1348 dici,
2139 1285 2182 1339 si

610 1372 714 1417 tua:
745 1366 810 1419 de
843 1368 944 1421 hac
988 1384 1045 1422 re
1078 1373 1363 1425 sententiae
1405 1373 1608 1440 ﬁdens,
1650 1375 1715 1429 de
1758 1375 1874 1443 ejus
1917 1376 2186 1443 probitate

608 1454 803 1510 docere
834 1457 1171 1526 putesnam
1218 1477 1348 1517 vero
1404 1465 1621 1519 ubinam
1679 1468 1873 1520 audisti
1925 1467 2183 1522 divinitus

609 1545 899 1614 inspiratas
929 1550 1163 1607 Litteras
1190 1556 1391 1621 dicere,
1424 1556 1513 1611 Dei
1542 1556 1775 1611 Verbum
1812 1574 1907 1627 per
1936 1570 2179 1613 sanctam

610 1636 714 1708 14
754 1640 1021 1709 Virginem
1058 1647 1454 1713 pertransisse?
1500 1646 1632 1701 Nam
1669 1649 1886 1704 brevem
1923 1666 2045 1705 esse
2087 1653 2182 1705 bo-

606 1732 809 1783 niinum
855 1734 946 1801 qui
1000 1736 1200 1805 degunt
1245 1738 1295 1792 in
1349 1741 1512 1793 terris
1545 1740 1731 1805 vitam,
1768 1742 1953 1795 docuit
1992 1743 2181 1797 beatus

2289 554 2350 605 ἐκ
2372 553 2504 605 Θεοῦ
2527 554 2695 620 Λόγος
2718 554 2939 624 διήλασε
2969 554 3067 623 τῆς
3097 553 3412 625 Παρθένου;
3440 553 3633 605 Καίτοι
3665 552 3782 615 πῶς
3810 554 3882 605 οὐ

2288 646 2386 708 τῆς
2422 647 2651 699 ἀπασῶν
2681 646 3011 716 ἀδελτηρίας
3040 646 3293 715 ἔμπλεως
3324 646 3406 715 εῐη
3438 645 3504 698 ἂν
3537 644 3565 696 6
3594 645 3753 711 λόγος
3776 643 3885 696 αὗ-

2288 737 2399 807 τῷ;
2433 740 2501 791 Ἦ
2531 737 2639 808 γὰρ
2669 737 3020 791 πεποσῶσθαι
3051 737 3113 789 τό
3150 736 3303 790 Θεῖον
3333 737 3549 805 ἀνάγκη
3580 736 3738 797 νοεῖν,
3778 732 3883 787 καὶ

2290 829 2560 882 ποιεῖσθαι
2606 829 2822 899 κίνησιν
2851 828 2948 899 τὴν
2991 831 3055 881 ἐκ
3092 828 3264 881 τόπου
3309 828 3445 898 πρὸς
3488 827 3653 879 τόπον
3680 826 3880 894 ἕτερον

2291 919 2716 987 μεταστατικήνο
2744 916 2799 986 ἢ,
2825 918 2983 986 εἴπερ
3008 916 3124 967 ἐστὶ
3145 915 3207 967 τὸ
3228 914 3382 967 Θεῖον
3403 912 3712 981 ἀσώματον,
3737 910 3878 980 εὐρὺ

2285 1009 2362 1072 δὲ,
2390 1010 2481 1062 καὶ
2522 1009 2823 1077 πανταχοῦ,
2854 1009 2949 1061 καὶ
2974 1008 3074 1059 οὐκ
3106 1009 3163 1059 ἐν
3192 1007 3364 1076 τόπῳ,
3394 1004 3490 1058 καὶ
3526 1003 3874 1072 περιγραφῇ,

2288 1099 2405 1161 πῶς
2450 1099 2514 1153 ἂν
2542 1100 2609 1151 δι’
2650 1099 2769 1162 ἐνὸς
2818 1098 3076 1169 παρέλθοι
3109 1096 3390 1166 σώματοςς
3429 1094 3567 1147 Ἀλλ’
3595 1094 3623 1147 6
3651 1110 3703 1146 τι
3738 1092 3879 1144 ποτέ

2287 1192 2433 1244 ἐστιν
2465 1191 2492 1242 6
2521 1191 2647 1261 φὴς,
2693 1190 2812 1252 πῶς
2843 1190 2943 1242 οὑκ
2975 1189 3080 1241 ἔδει
3120 1187 3463 1258 διατρανοῦν,
3504 1187 3601 1239 καὶ
3642 1184 3879 1255 ἐναργέ-

2288 1298 2479 1352 στερον
2504 1282 2698 1341 εἰπεῖν,
2727 1282 2775 1333 εἰ
2804 1282 2924 1343 ταῖς
2956 1277 3155 1332 σαυτοῦ
3190 1278 3318 1348 περὶ
3347 1275 3539 1329 τούτου
3572 1274 3752 1337 δόξαις
3781 1291 3879 1327 τε-

2286 1372 2608 1443 θαρσηκὼς,
2660 1374 2957 1444 μαρτυρεῖν
3001 1372 3145 1442 εχεις
3193 1371 3384 1432 αὐταῖς
3428 1367 3489 1421 τὸ
3525 1366 3875 1437 ἀμώμητον;

2286 1462 2395 1517 Ποῦ
2425 1463 2481 1515 δὲ
2511 1462 2573 1532 δὴ
2615 1464 2707 1514 καὶ
2754 1462 2994 1530 ἀκήκοας
3033 1462 3132 1530 τῆς
3186 1459 3547 1513 θεοπνεύστου
3600 1457 3877 1525 λεγούσης

2287 1551 2528 1619 Γραφῆς,
2550 1551 2630 1602 ὅτι
2659 1549 2933 1619 παρῆλθεν
2956 1551 2983 1601 ό
3008 1549 3099 1601 τοῦ
3124 1546 3257 1601 Θεοῦ
3278 1549 3450 1615 Λόγος
3472 1548 3559 1601 διὰ
3582 1548 3681 1616 τῆς
3706 1547 3878 1614 ἁγίας

2285 1639 2564 1709 Παρθένου
2587 1657 2600 1704 ;
2625 1641 2745 1692 Ὅτι
2781 1640 2879 1709 μὲν
2914 1640 3023 1709 γάρ
3052 1638 3276 1709 βραχὺς,
3306 1640 3401 1692 καὶ
3433 1637 3877 1707 συνεσταλμένος

2284 1729 2392 1785 τῶν
2431 1731 2522 1783 ἐπὶ
2567 1732 2668 1801 γῆς
2712 1734 2741 1783 6
2771 1731 2903 1799 βίος,
2935 1731 3169 1796 ἐδίδαξεν
3195 1734 3223 1784 ό
3261 1732 3530 1801 μακάριος
3566 1731 3751 1791 Δαόὶδ,
3782 1729 3880 1783 λέ-

604 1818 801 1887 David,
852 1825 1085 1881 dicens:
1150 1847 1167 1879 ι
1198 1827 1396 1891 Ηοιιιο.
1454 1830 1595 1884 sicut
1644 1829 1821 1884 fenum
1870 1833 1986 1885 dies
2025 1833 2175 1912 eius:

2281 1834 2426 1889 γων⁶
2464 1839 2482 1870 ι
2516 1821 2857 1889 Ἀνθρωπος,
2893 1822 3024 1874 ὡσεὶ
3065 1824 3256 1893 χόρτος
3307 1824 3361 1875 αἱ
3396 1822 3604 1892 ἡμέραι
3656 1820 3825 1874 αὑτοῦ
3854 1837 3873 1852 ο

606 1918 863 1980 tanquam
906 1912 1005 1969 llos
1050 1917 1187 1984 agri,
1219 1918 1297 1973 sic
1328 1917 1613 1985 elllorebi‘t,
1650 1921 1908 1988 quoniam
1954 1922 2177 1989 spiritus

607 2004 960 2068 pertransivit
986 2006 1037 2059 in
1071 2007 1179 2071 illo,
1211 2016 1266 2061 et
1289 2024 1390 2062 non
1416 2010 1674 2065 subsistet
1707 2010 1773 2066 ⁸⁸.
1806 2030 1824 2063 ι
1860 2012 1929 2065 At
1958 2027 2086 2067 vero
2112 2012 2178 2068 de

602 2102 789 2148 sancta
821 2093 1037 2163 Virgine
1068 2098 1196 2167 quid
1237 2098 1498 2169 ejusmodi
1539 2102 1802 2171 scriptum
1851 2103 2017 2159 habes
2053 2120 2178 2173 pro-

601 2184 783 2238 ferre?
805 2187 964 2255 Atqui
992 2188 1156 2243 Deum
1187 2204 1250 2243 ex
1291 2192 1399 2259 ipsa
1426 2192 1694 2262 genitum,
1724 2195 2022 2249 secundum
2054 2210 2177 2251 car-

602 2284 723 2364 nem
754 2278 991 2345 inquam,
1029 2281 1245 2335 tandem
1280 2298 1448 2339 sacra:
1480 2282 1697 2339 Littera:
1729 2289 2009 2355 perspicue
2034 2288 2174 2343 indl-

601 2367 815 2425 carnnt.
853 2370 1031 2426 Redeo
1064 2373 1227 2443 igitur
1258 2377 1434 2432 denuo
1459 2380 1525 2433 ad
1567 2391 1677 2447 tua,
1721 2380 1805 2433 vir
1837 2382 2176 2449 praestantis-

602 2460 770 2524 sime,
816 2464 997 2517 verba.
1044 2465 1100 2520 Id
1132 2470 1275 2521 enim
1311 2471 1422 2539 ipse
1457 2486 1670 2541 quoque
1707 2472 2008 2541 smpissime
2040 2489 2174 2528 con-

600 2550 775 2608 fessus
804 2569 881 2621 es,
920 2554 1146 2611 Verbum
1181 2575 1306 2615 esse
1335 2577 1554 2618 carnem
1584 2563 1806 2631 factum,
1840 2581 2013 2635 neque
2053 2580 2172 2621 eam

600 2657 788 2698 vocem
822 2644 1162 2713 rejiciendam
1198 2652 1394 2719 putasti
1416 2662 1517 2717 ;et
1550 2654 1677 2709 illud
1714 2665 1993 2724 praaterea,
2030 2658 2172 2727 quod

600 2734 872 2807 Unigeniti
926 2740 1260 2796 divinitatem
1317 2756 1502 2814 aperte
1566 2762 1630 2799 ac
1673 2748 1847 2814 palam
1900 2749 2172 2803 hominem

597 2826 796 2883 factam
828 2830 1034 2897 dixisti,
1056 2848 1179 2887 cum
1209 2834 1311 2889 hoc
1342 2836 1499 2891 modo
1526 2837 1813 2907 scripseris
1848 2856 1866 2894 :

667 3004 906 3061 Nes'ron.
941 3004 1041 3079 [lla
1081 3016 1134 3061 et
1167 3006 1293 3062 alibi
1334 3009 1501 3066 dicit:
1541 3030 1558 3062 ι
1611 3011 1849 3066 Locutus
1892 3022 1977 3067 eat
2017 3014 2175 3068 nobis

597 3098 650 3153 in
677 3097 833 3162 Filio,
862 3114 1021 3167 quem
1048 3099 1327 3154 constituit
1353 3101 1619 3157 liceredem
1655 3105 2052 3170 universorum,
2077 3121 2173 3173 per

2284 1911 2418 1964 ὡσεὶ
2446 1910 2605 1975 ἄνθος
2637 1910 2730 1964 τοῦ
2758 1911 2954 1983 ἀγροῦ,
2982 1912 3154 1975 οὓτως
3187 1912 3502 1981 ἐξανθήσει·
3536 1914 3619 1965 ὅτι
3648 1911 3880 1981 πνεῦμα.

2282 2000 2492 2071 διῆλθεν
2516 2002 2574 2053 ἐν
2600 2000 2770 2071 αὐτῷ,
2795 2003 2888 2055 καὶ
2913 2003 3011 2071 οὐχ
3033 2000 3283 2074 ὑπάρξει.
3312 2020 3330 2054 ι
3354 2002 3489 2073 Περὶ
3508 2001 3563 2054 δὲ
3585 2003 3684 2073 τῆς
3706 2001 3875 2068 ἁγίας

2284 2090 2562 2161 Παρθένου
2611 2090 2662 2144 τί
2714 2091 2956 2145 τοιοῦτον
3018 2092 3163 2163 έχεις
3214 2093 3605 2164 γεγραμμένον
3648 2094 3873 2157 είπείν;

2285 2182 2407 2234 Ὅτι
2438 2181 2496 2235 δέ
2535 2181 2855 2252 γεγέννηται
2894 2183 3026 2246 Θεὸς
3073 2184 3131 2248 ἐξ
3165 2184 3364 2255 αὐτῆς,
3394 2184 3456 2237 τὸ
3490 2183 3632 2237 κατὰ
3662 2184 3875 2252 σάρκα,

2283 2274 2448 2360 ιρημὶ,
2471 2273 2878 2345 διαμεμήνυκεν
2904 2275 3153 2345 ἐναργῶς
3183 2278 3216 2346 ἡ
3250 2276 3611 2339 θεόπνευστος
3647 2275 3685 2327 Γ
3690 2275 3870 2344 ραφή.

2282 2362 2414 2437 Εἶμι
2456 2366 2513 2420 δὲ
2543 2366 2607 2437 δὴ
2641 2367 2805 2420 πάλιν
2854 2366 2946 2419 ἐπί
2994 2384 3057 2435 γε
3095 2368 3222 2431 τοὺς
3258 2369 3417 2431 σοὺς,
3459 2361 3504 2421 ὦ
3538 2368 3869 2438 πανάριστε,

2280 2455 2496 2525 λόγους.
2542 2457 2967 2527 Διωμολόγηκας
3016 2458 3125 2529 γάρ
3167 2458 3264 2511 καὶ
3309 2458 3505 2524 αὐτὸς,
3551 2458 3648 2511 καὶ
3703 2457 3873 2511 τοῦτο

2282 2548 2618 2613 πλειστάκις,
2648 2552 2730 2603 ὅτι
2762 2550 2956 2627 γέγονε
2993 2550 3132 2619 σάρξ
3168 2550 3197 2601 ό
3228 2550 3429 2618 Λόγος·
3468 2550 3564 2603 καλ⁸
3594 2550 3695 2602 οὐκ
3727 2549 3893 2602 ἀπόδ-

2281 2639 2474 2709 ϐλητον
2502 2642 2741 2708 ἐποιήσω
2769 2641 2868 2710 τὴν
2904 2641 3122 2710 φωνήν·
3158 2641 3252 2693 καὶ
3292 2640 3427 2710 πρός
3455 2656 3517 2708 γε
3556 2640 3729 2711 τούτῳ
3763 2640 3872 2695 κάρ

2280 2732 2454 2783 κεῖνοο
2486 2731 2584 2801 τὴν
2621 2730 2730 2800 γάρ
2754 2747 2837 2784 τοι
2869 2730 2962 2783 τοῦ
2996 2729 3338 2798 Μὀνογενοῦς
3389 2729 3643 2799 θεότητα,
3674 2729 3865 2797 σαφῶς

2279 2822 2373 2874 καὶ
2393 2822 2693 2891 ἀναφανδὸν
2718 2822 3138 2893 ἐνανορωπῆσαι
3169 2820 3619 2893 φής..Γέγραφας
3653 2820 3709 2873 δέ
3739 2836 3869 2874 του-

2278 2913 2390 2966 τον)¹
2423 2914 2512 2967 τὸν
2543 2913 2637 2983 τρό
2644 2930 2760 2967 πον.

2352 3002 2533 3075 [Οὕτω
2563 3005 2657 3059 καὶ
2683 3005 2740 3057 ἐν
2772 3004 2981 3076 ἑτέροις
3020 3004 3218 3074 φησίψ
3243 3022 3261 3056 ι
3302 3002 3596 3073 Ἐλάλησεν
3627 3003 3759 3073 ἡμῖν
3805 3003 3871 3055 ἐν

2278 3095 2413 3166 Υἱῷ,
2445 3096 2503 3149 ὃν
2547 3095 2697 3149 ἔθετο
2744 3096 3080 3167 κληρονόμον
3129 3097 3368 3160 πάντων,
3401 3091 3565 3150 διῗοῦ
3604 3093 3871 3157 καὶτοὺς

596 3204 754 3255 quem
784 3189 911 3243 fecit
941 3200 989 3243 et
1032 3191 1273 3245 sarcula:
1318 3192 1407 3261 qui
1458 3209 1581 3247 cum
1632 3195 1702 3247 sit
1751 3196 2004 3263 splendor
2052 3197 2167 3266 glo-

2281 3190 2473 3253 ιίῶνας
2493 3188 2750 3259 ἐποίησεν
2767 3206 2779 3219 ·
2808 3189 2866 3251 ὃς
2894 3187 2968 3241 ὢν
2991 3188 3341 3259 ἀπαύγασμα
3354 3188 3455 3256 τῆς
3478 3188 3636 3256 δόξης
3654 3202 3666 3215 ⁸
3693 3205 3710 3237 ι
3745 3184 3881 3247 θεὶς.

596 3280 690 3334 ria;
718 3279 782 3333 “.
822 3298 841 3333 ι
878 3279 1014 3335 Cum
1062 3282 1354 3351 posuisset,
1408 3281 1623 3351 Filius,
1671 3296 1786 3341 tuto
1823 3286 1965 3342 hunc
2008 3297 2169 3342 vocat

593 3373 756 3426 etiam
787 3372 1125 3442 splendorem
1159 3374 1341 3443 gloriae
1368 3384 1423 3430 et
1464 3376 1817 3431 constitutum
1854 3378 2121 3432 haeredem
2149 3393 2164 3431 :

594 3464 861 3518 heredem
900 3465 1127 3533 .quidem
1180 3466 1473 3519 secundum
1512 3481 1729 3520 carnem
1778 3468 2164 3533 constitutum,

592 3552 932 3621 splendorem
964 3568 1091 3607 vero
1115 3564 1352 3621 paterna:
1383 3554 1570 3624 gloriae
1596 3558 1891 3611 scentulum
1918 3558 2181 3612 divinita-.

596 3656 700 3697 tum
736 3660 750 3698 :
785 3660 888 3699 non
929 3644 1072 3698 enim
1115 3644 1426 3701 incarnatus
1457 3648 1707 3701 discessit
1744 3663 1771 3701 a
1817 3649 2168 3704 similitudine

593 3730 793 3785 Patris.
842 3729 1105 3785 Praeterea
1142 3731 1221 3786 sic
1249 3748 1437 3788 rursus
1464 3735 1593 3788 dicit
1620 3752 1634 3787 :
1674 3756 1692 3787 ι
1722 3733 1989 3807 Tempora
2021 3739 2166 3793 enim

592 3823 913 3893 ignorantia:
943 3823 1249 3893 despiciens
1282 3825 1441 3890 Deus,
1472 3842 1617 3881 nunc
1649 3828 1901 3884 omnibus
1936 3831 2169 3883 homini-

592 3917 693 3971 bus
732 3918 1015 3970 annuntiat
1046 3926 1102 3971 ut
1149 3918 1521 3986 pmnitentiam
1566 3929 1749 3987 agant,
1777 3936 1845 3974 eo
1884 3922 2026 3990 quod
2054 3932 2166 3976 sta—

596 4006 697 4060 tuit
729 4006 957 4079 diemln
992 4024 1099 4077 quo
1124 4008 1462 4076 judicaturus
1488 4019 1567 4063 est
1591 4011 1775 4065 orbem
1804 4012 1853 4064 in
1889 4014 2176 4081 aequitate,

594 4096 648 4150 in
682 4098 798 4151 viro
825 4097 875 4150 in
910 4112 1016 4165 quo
1037 4101 1246 4163 statuit,
1281 4099 1441 4152 tidem
1471 4100 1715 4167 pra-hens
1741 4100 2013 4166 omnibus,
2044 4116 2169 4155 sus-

584 4188 769 4242 citans
822 4203 948 4242 eum
1001 4205 1029 4241 a
1095 4191 1322 4243 mortuis
1358 4190 1423 4244 ".
1465 4208 1483 4240 ι
1535 4189 1669 4244 Cum
1715 4192 1861 4258 prius
1899 4192 2165 4248 dixisset:

601 4265 622 4329 ι
663 4278 715 4331 ln
748 4279 885 4343 viro,
925 4300 943 4331 ι
988 4290 1096 4332 tum
1142 4265 1270 4333 illud
1314 4280 1586 4350 subiungit
1620 4299 1645 4335 ι
1678 4299 1697 4331 ι
1738 4282 2017 4336 Suscitans
2046 4297 2167 4337 eum

594 4385 624 4422 a
663 4368 924 4432 mortuis;
960 4389 978 4419 ι
1014 4385 1078 4423 ne
1105 4371 1226 4437 quis
1268 4371 1605 4430 divinitatem
1649 4372 1921 4427 hominem
1967 4374 2166 4429 factam

596 4474 719 4514 esse
746 4471 1012 4513 mortuam
1041 4465 1364 4531 suspicetur.
1408 4462 1455 4534 ι]

1243 4592 1395 4649 CAP.
1437 4593 1531 4650 Ill.

670 4719 808 4788 Quis
844 4736 975 4791 ergo
1024 4722 1111 4777 ille
1146 4733 1227 4778 est
1264 4724 1611 4779 incarnatus?
1648 4736 1743 4781 aut
1769 4742 1877 4797 quo
1918 4727 2170 4783 incarna-

598 4823 685 4868 tus
717 4813 912 4866 modo?
952 4830 1072 4883 quas
1123 4817 1285 4868 etiam
1332 4816 1587 4870 divinitas
1633 4818 1792 4871 homo
1824 4818 2008 4873 facta?
2059 4820 2168 4884 dic,

598 4918 801 4972 quaeso,
845 4902 927 4958 vir
964 4906 1166 4975 Optime
1198 4924 1210 4959 :
1252 4906 1306 4959 id
1337 4907 1479 4961 enim
1510 4923 1733 4963 avemus
1769 4909 1995 4965 discere.
2032 4910 2168 4964 Num

598 4996 942 5048 incarnatum
983 5012 1104 5051 esse
1146 4999 1507 5053 concedemus
1550 5001 1724 5069 ipsum
1767 5002 1832 5057 de
1872 5004 1977 5056 Deo
2009 5002 2179 5057 Dcunt

599 5084 862 5150 Verbum,
897 5098 950 5140 et
992 5088 1341 5144 humanatum
1377 5106 1683 5147 asseremus
1713 5104 1967 5163 tanquam
2002 5097 2172 5149 nostri

599 5178 831 5232 similem
866 5178 1087 5243 factum,
1111 5190 1162 5234 et
1192 5197 1356 5235 carne
1387 5192 1568 5237 natum
1594 5184 1620 5237 ‘I
1643 5201 1707 5238 an
1749 5185 1799 5239 id
1841 5187 1988 5239 nullo
2015 5188 2185 5241 modo.

599 5270 980 5333 concedemus,
1021 5272 1116 5326 sed
1161 5273 1442 5328 hominem
1481 5277 1909 5331 existimabimus
1958 5280 2026 5333 ad
2071 5281 2172 5334 hoc

600 5362 816 5411 venisse
846 5375 965 5412 cum
1012 5361 1117 5415 Deo
1147 5362 1516 5431 coniunctum,
1543 5375 1601 5420 ut
1633 5368 1744 5436 ipse
1777 5369 2015 5423 asseris?
2044 5370 2169 5435 Sed,

601 5451 704 5504 nisi
756 5451 933 5515 fallor,
984 5454 1134 5507 dices
1167 5456 1358 5509 melius
1400 5467 1455 5509 et
1500 5459 1801 5527 sapientius
1832 5475 1951 5515 esse.
2000 5462 2175 5530 ipsum

602 5557 669 5597 ex.
705 5546 817 5598 Deo
843 5543 1071 5599 Verbum
1095 5555 1284 5617 putare
1312 5548 1583 5604 hominem
1618 5548 1814 5606 factum
1842 5562 1896 5605 et
1925 5552 2197 5607 incarna»

2270 3280 2352 3344 τὸ,
2405 3279 2561 3342 Υίός,
2615 3280 2772 3332 καλεί
2803 3280 2991 3332 τοῦτον
3045 3280 3303 3347 ἀσφαλῶς
3362 3279 3454 3331 καὶ
3513 3276 3867 3346 ἀπαύγασμα

2268 3373 2368 3442 τῆς
2424 3371 2615 3440 δόξης,
2664 3372 2757 3425 καὶ
2822 3370 2985 3423 θετὸν.
3028 3371 3363 3441 κληρονόμον
3413 3371 3531 3440 μέν,
3575 3369 3716 3422 κατά
3758 3368 3866 3440 τὴν

2272 3462 2453 3534 σάρκα
2486 3460 2661 3524 θετὸν,
2696 3462 3045 3532 ἀπαύγασμα
3067 3461 3125 3515 δὲ
3155 3461 3256 3531 τῆς
3292 3460 3386 3514 τοῦ
3422 3460 3636 3530 Πατρός
3677 3458 3875 3529 δόξης,

2270 3553 2412 3607 κατά
2435 3554 2533 3624 τὴν
2563 3553 2791 3621 θεότητα
2811 3571 2823 3584 ·
2855 3555 2915 3607 οὐ
2946 3554 3056 3625 γάρ
3085 3552 3296 3622 ἀπέστη
3328 3554 3429 3621 τῆς
3617 3550 3717 3643 τὸν
3751 3550 3869 3643 ila:

2268 3647 2403 3715 τέρα
2444 3644 2749 3716 σαρκωθεὶς
2783 3644 3123 3713 ὁμοιότητος.
3162 3643 3271 3695 Καὶ
3304 3643 3440 3709 πρός
3477 3657 3541 3707 γε
3580 3639 3644 3709 δὴ
3684 3637 3867 3707 τούτῷ

2271 3737 2432 3790 πάλιν
2458 3736 2615 3790 οῦτωι
2645 3734 2809 3804 φησί·
2848 3754 2867 3787 ι
2895 3735 3034 3797 Τοὺς
3084 3732 3454 3803 γὰρ-χρόνους
3490 3730 3591 3800 τῆς
3636 3728 3869 3797 ἀγνοίας

2272 3828 2542 3899 ὑπεριδὼν
2586 3830 2614 3880 ὁ
2647 3826 2816 3889 Θεὸς,
2863 3824 3043 3879 τανῦνς
3072 3827 3238 3878 πᾶσιν
3290 3820 3601 3893 ἀνθρώποις
3643 3834 3868 3889 παραγ⁴

2269 3920 2451 3987 γέλλει
2525 3922 2845 3991 μετανοεῖνο
2900 3917 3105 3971 καθότι.
3151 3916 3379 3986 ἔστησεν
3427 3911 3665 3983 ἡμέραν,
3714 3913 3773 3963 ἐν

2275 4010 2456 4082 μέλλει
2507 4011 2713 4079 κρίνειν
2762 4010 2871 4080 τὴν
2915 4008 3243 4078 οἰκουμένην
3287 4008 3345 4060 ἐν
3393 4004 3577 4073 ἀνδρὶ,
3606 3995 3657 4070 ᾧ
3691 4001 3870 4071 ὥρισα

2273 4102 2579 4176 [diploma],
2606 4102 2790 4155 πίστιν
2817 4099 3116 4173 παρασχὼν
3144 4102 3331 4159 πᾶσιν,
3359 4097 3670 4166 ἀναστήσας
3697 4092 3871 4147 αὐτὸν

2272 4198 2334 4248 ἐκ
2368 4194 2597 4266 νεκρῶν.
2628 4213 2651 4245 ι
2685 4193 2957 4263 Πρότερον
3003 4190 3197 4253 εἰπὼν,
3233 4209 3259 4239 ιν
3298 4188 3386 4241 Ἐν
3420 4186 3597 4257 ἀνδρὶ,
3624 4205 3642 4236 ι
3683 4199 3865 4255 προσ-

2271 4286 2451 4356 τίθησι
2486 4285 2603 4337 τότε
2632 4285 2712 4347 τὸ,
2742 4304 2759 4335 ι
2804 4283 3139 4351 Ἀναστὴσας
3169 4279 3329 4332 αὑτὸν
3361 4280 3423 4331 ἐκ
3448 4275 3657 4347 νεκρῶν
3676 4293 3689 4307 ·
3716 4294 3743 4327 »ε
3770 4274 3869 4328 ἵνα

2276 4376 2473 4446 μηδεὶς
2507 4375 2607 4445 τὴν
2660 4374 3162 4446 ἐνανθρωπήσασαν
3201 4358 3501 4440 ὑποπτεύῃ⁴
3536 4365 3867 4438 τεθνηκέναι

2275 4466 2551 4537 θεότητα.]

2864 4600 3132 4652 ΚΕΦΑΛ..
3156 4598 3232 4653 Γ’.

2345 4738 2441 4801 Τίς
2473 4730 2566 4789 οὖν
2593 4734 2711 4805 ἀρα
2729 4731 2878 4785 ἐστὶν
2906 4732 2933 4783 ό
2966 4728 3417 4801 σεσαρκωμένοςς
3457 4727 3489 4797 ἢ
3518 4726 3641 4779 τίνα
3671 4724 3870 4794 σεσάρ-

2276 4847 2447 4884 κωται
2480 4828 2714 4899 τρόπον;
2749 4823 2875 4876 ποία
2903 4821 2959 4875 δέ
2984 4820 3174 4890 θεότης
3204 4818 3525 4889 ἐνανθρωπή
3537 4835 3694 4883 σασα,
3722 4818 3869 4886 φρά-

2279 4938 2400 4983 σαις
2433 4919 2531 4983 ἂν,
2553 4912 2597 4971 ὦ
2633 4916 2899 4985 βέλτιστε,
2931 4914 3044 4976 τοῖς
3077 4909 3323 4963 ἐθέλουσι
3358 4908 3569 4976 μαθεῖν.
3596 4904 3743 4975 ’Λρα
3772 4922 3869 4957 σε-

2276 5004 2594 5077 σαρκῶσθαι
2633 5001 2876 5071 δώσομεν
2920 5000 3013 5051 τὸν
3061 5000 3125 5051 ἐκ
3164 4997 3299 5050 Θεοῦ
3349 4996 3480 5049 Θεὸν
3520 4996 3724 5064 Λόγον
3765 4996 3870 5047 καὶ

2272 5093 2695 5167 ἐνανθρωπῆσαί
2725 5108 2906 5163 φαμεν
2932 5090 3115 5155 αὑτὸν,
3143 5089 3217 5152 ὡς
3248 5088 3371 5142 καθ’
3396 5090 3545 5158 ἡμᾶς
3573 5086 3864 5155 γεγονότα,

2272 5190 2367 5241 καὶ
2396 5187 2795 5257 γεγεννημένον
2826 5185 3025 5256 capaci;
3058 5184 3091 5253 ἢ
3129 5183 3287 5237 τοῦτο
3331 5182 3431 5251 μὲν
3465 5177 3737 5248 οὐδαμῶς,
3768 5177 3868 5231 ἀν-

2272 5280 2489 5351 θρωπον
2522 5278 2584 5333 δέ
2622 5278 2916 5349 νομιοῦμεν
2956 5276 3094 5347 πρὸς
3141 5275 3300 5328 τοῦτο
3334 5272 3528 5336 ἐλθεῖν,
3572 5269 3690 5340 Θεῷ
3730 5285 3865 5320 συν-

2272 5373 2538 5442 ημμένον,
2568 5370 2710 5425 κατά
2732 5370 2826 5434 σέ;
2864 5369 3001 5422 Ἀλλ’
3030 5365 3206 5441 οἶμαι,
3242 5367 3407 5438 φαίης
3430 5366 3517 5431 ἂν,
3543 5364 3615 5429 ὠς
3639 5364 3865 5433 ἄμεινον

2273 5462 2335 5531 δή
2372 5479 2473 5514 που
2510 5462 2605 5515 καὶ
2640 5461 2824 5529 σοφὸν,
2846 5460 2907 5513 τὸ
2945 5458 3364 5529 ἐνανθρωπῆσαι
3399 5458 3613 5527 φρονεῖν
3660 5454 3749 5507 τὸν
3794 5454 3863 5506 ἐκ

2276 5552 2412 5605 Θεοῦ
2452 5553 2644 5622 Λόγον,
2673 5553 2764 5606 καὶ
2799 5551 2978 5623 σάρκα
3007 5550 3281 5621 γενέσθαι,
3314 5548 3461 5604 κατά
3487 5548 3582 5611 τὰς
3611 5544 3869 5618 Γραφάς.

681 5724 725 5755 ⁸⁵
763 5722 903 5779 Psal.
930 5739 1026 5789 cn,
1069 5723 1154 5778 M.
1234 5724 1279 5756 ³⁵⁸
1310 5723 1469 5782 Hebr.
1493 5728 1607 5794 ηεξ,
1629 5729 1681 5782 5.
1754 5734 1795 5763 ⁸⁷
1829 5733 1953 5789 Act.-
1986 5748 2115 5797 xvu,
2145 5731 2236 5797 50,
2260 5730 2349 5785 δι.
