4028 6424
157 358 215 412 ‘53
1293 358 1665 416 ADVERSUS
1701 357 2103 416 NESTORIUM
2138 359 2266 416 LIB.
2311 360 2352 416 I.
3370 372 3437 428 34

159 469 222 519 Uti
245 468 353 539 γάρ
384 486 493 521 που
517 469 601 533 τὸ,
624 471 683 523 ὲν
701 461 746 539 ᾧ
764 471 847 534 τις
874 472 1048 536 ἐστιν,
1072 472 1246 543 ὁρῷτο
1269 474 1355 540 ἂν,
1378 471 1552 547 οἶμαι,
1583 493 1752 546 προσ-

1861 485 1995 541 tum,
2032 488 2089 531 ut
2119 476 2413 547 Scripturze
2454 479 2691 535 tradunt.
2734 480 2918 553 Neque
2955 486 3099 541 cnim
3137 487 3191 543 id
3237 491 3287 544 in
3329 507 3437 561 quo

158 556 322 610 λαϐὼν
345 574 357 586 ·
386 560 441 612 εί
474 559 535 613 δὲ
568 560 634 632 δὴ
670 561 884 629 γένοιτό
920 580 1039 625 πως
1074 567 1131 617 ὲν
1172 560 1253 628 οἷς
1293 566 1393 619 οὐκ
1437 568 1494 618 ἐν
1532 568 1749 638 ἀρχαῖς,

158 653 678 721 κεκαινουργεῖσθαί
707 671 759 707 τι
793 655 921 725 περὶ
944 656 1108 708 αὐτὸν
1135 657 1423 723 ἐκδείξειεν
1448 658 1513 711 ἂν
1538 660 1566 711 ὁ
1597 659 1754 725 λόγος

157 742 328 805 εὐθύς.
364 743 588 797 Οὐκοῦν
621 745 833 815 ἀμαθὲς
863 747 924 799 τὸ
962 746 1379 818 ὲνανθρωπῆσαι
1427 748 1626 816 λέγειν,
1661 749 1754 802 καὶ

157 835 329 905 σάρκα
375 836 646 903 γενέσθαι
682 836 968 925 τινάἰτῶν
1017 838 1317 892 τελούντων
1351 839 1409 893 ἐν
1453 842 1608 911 ἡμῖν,
1659 840 1755 894 καὶ

156 928 271 989 τοὺς
304 926 408 996 τῆς
444 925 878 999 ἀνθρωπότητος
918 929 1081 999 ὅρους
1129 930 1504 1001 ἐκϐεϐηκόταο
1554 932 1754 1001 πρέποι

156 1017 195 1069 δ’
228 1017 315 1080 ἂν,
350 1019 456 1071 καὶ
503 1018 655 1089 μάλα
703 1020 951 1085 είκότως,
994 1023 1027 1090 ή
1061 1022 1491 1093 ὲνανθρώπησις,
1522 1025 1689 1095 ήγουν
1720 1025 1754 1096 ή

158 1110 461 1179 σάμιωσις,
494 1112 563 1180 τῇ
598 1110 701 1179 τῆς
734 1111 1157 1183 ἀνθρωπότητος
1188 1114 1443 1167 ἐπέκεινα
1477 1114 1656 1184 φύσει.
1692 1116 1755 1168 Ei

156 1200 208 1252 δὲ
247 1199 689 1272 ὲνηνθρώπησεν
721 1201 961 1272 ἀληθῶς,
994 1203 1091 1256 καὶ
1121 1203 1312 1272 γέγονε
1350 1204 1505 1276 σὰρξ,
1549 1204 1757 1277 ἀνθρω-

158 1307 250 1354 πος
277 1290 342 1362 δή
376 1308 489 1345 που
517 1292 762 1347 νοεῖσθαι
798 1295 1183 1359 πεπίστευται,
1214 1296 1310 1348 καὶ
1339 1296 1438 1348 οὐκ
1484 1296 1755 1368 ἀνθρώπῳ

157 1381 256 1433 τινὶ
284 1382 673 1453 συνημμένος,
716 1380 859 1435 κατὰ
894 1385 1063 1453 μόνην
1106 1385 1205 1455 τὴν
1240 1386 1532 1456 ἐνοίκησιν,
1562 1387 1753 1458 ἡγουν,

157 1473 292 1525 κατά
343 1490 476 1527 τινα
529 1474 643 1526 τῶν
698 1473 901 1537 ἔξωθεν
949 1474 1089 1545 ἔχων
1133 1473 1246 1546 lla.
1297 1475 1581 1548 σχέσεων],
1636 1478 1755 1548 ήτοι

158 1564 482 1631 συνάφειαν,
518 1564 597 1627 ὡς
628 1566 692 1617 σὺ
727 1565 856 1633 φής.
894 1564 1040 1637 Πλὴν
1083 1568 1131 1619 εί
1157 1567 1251 1620 καὶ
1280 1568 1501 1636 γέγονεν
1543 1568 1757 1638 ἀνθρω-

156 1671 270 1719 πος,
309 1654 704 1725 ἀναπόϐλητον
733 1656 847 1725 ἔχει
893 1656 956 1709 τὸ
998 1653 1136 1711 εἶναι
1171 1658 1323 1723 Θεὸς.
1374 1658 1510 1712 Οῠτε
1553 1659 1609 1711 δὲ
1657 1660 1756 1729 τῆς

158 1746 357 1814 σαρκὸς
390 1749 480 1809 είς
524 1746 629 1818 τὴν
667 1747 766 1818 τῆς
803 1747 1057 1817 θεότητος
1090 1747 1251 1816 φύσιν
1287 1748 1541 1817 γενέσθαι
1577 1750 1756 1819 φαμὲν

1859 578 1963 634 est,
1992 584 2270 624 assumere
2289 570 2574 639 quisquam
2604 574 2886 629 cernitur:
2919 579 3013 633 sed
3047 580 3094 635 si
3129 594 3190 635 ea
3234 598 3433 652 sumat,

1860 662 1909 715 in
1939 661 2133 731 quibus
2172 670 2331 715 antea
2367 675 2471 716 non
2503 673 2641 732 erat,
2685 666 2887 736 aliquid
2918 668 3061 723 circa
3096 671 3270 741 ipsum
3317 687 3438 731 esse

1858 752 2171 806 innovatum
2194 753 2376 807 statim
2418 755 2598 811 verbis
2635 759 2832 828 exponi
2870 758 2972 829 15
3015 765 3232 831 poterit.
3265 765 3435 836 Igitur

1857 843 2079 897 stultum
2108 842 2179 897 sit
2215 842 2488 899 hominem
2512 844 2714 901 factum
2749 848 2933 905 dicere
2967 860 3062 905 aut
3092 853 3431 910 incarnatum

1858 933 2092 999 aliquem
2138 948 2205 988 ex
2246 943 2432 989 nostro
2486 951 2736 1003 numero,
2786 950 2843 995 et
2900 943 3035 999 lines
3082 946 3434 1002 humanitatis

1858 1028 2200 1081 excessisse:
2237 1026 2330 1081 sed
2364 1027 2479 1081 lieri
2526 1028 2824 1097 hominem,
2856 1034 2941 1088 vel
2973 1034 3269 1105 ineat-nari,
3305 1057 3435 1094 con-

1857 1117 2264 1173 venientissima
2297 1118 2350 1173 in
2379 1128 2623 1175 naturam
2652 1124 2816 1189 cadit,
2843 1139 2962 1193 quae
2997 1128 3137 1183 ultra
3176 1132 3309 1186 lines
3338 1136 3434 1186 hu.

1858 1206 2135 1262 manitatis
2170 1208 2441 1263 consistit.
2471 1209 2624 1277 Quod
2670 1213 2714 1266 si
2759 1228 2884 1270 vere
2929 1215 3091 1272 homo
3132 1220 3307 1276 factus
3351 1235 3435 1278 est

1858 1306 1911 1353 et
1936 1312 2085 1362 caro,
2116 1300 2302 1369 procul
2332 1300 2498 1355 dubio
2542 1303 2814 1361 hominem
2861 1322 2983 1363 esse
3028 1310 3431 1383 intelligendum

1860 1387 1965 1443 lide
1996 1398 2275 1459 receptum
2311 1398 2414 1454 est,
2445 1406 2551 1446 non
2584 1394 2787 1450 homini
2837 1397 3053 1452 cuidam
3087 1403 3432 1472 conjunctqu

1859 1494 1953 1547 per
1981 1480 2151 1534 solam
2190 1481 2672 1550 inhabitationem,
2718 1490 2799 1542 vel
2839 1504 2934 1559 per
2972 1492 3209 1563 aliquam
3254 1506 3438 1550 exter-

1860 1586 1983 1625 nam
2014 1572 2405 1639 habitudinem,
2434 1590 2549 1640 seu,
2582 1588 2640 1630 ut
2682 1588 2736 1632 tu
2768 1581 2926 1646 dicis,
2970 1584 3431 1654 conjunctionem.
3468 1648 3473 1651 _

1859 1663 2245 1720 Verumtamen
2270 1668 2482 1721 etiamsi
2520 1668 2695 1725 factus
2744 1684 2825 1726 est
2864 1676 3047 1741 homo,
3080 1694 3184 1733 non
3239 1684 3438 1737 desinit

1861 1771 1981 1812 esse
2002 1756 2167 1812 Deus.
2204 1758 2392 1827 Neque
2420 1775 2545 1815 vero
2575 1778 2793 1818 carnem
2832 1766 2882 1820 in
2913 1766 3005 1823 Dei
3033 1782 3282 1827 naturam
3315 1793 3435 1832 esse

159 1835 489 1905 μεταϐολήν,
544 1837 832 1907 ἡγούμεθα
880 1838 937 1889 δὲ
986 1837 1081 1891 καὶ
1122 1839 1183 1891 τὸ
1228 1838 1464 1910 ἔμπαλιν
1507 1841 1606 1909 οὐχ
1653 1833 1752 1893 ὧδε

1861 1858 2123 1903 mutatam
2154 1850 2405 1919 dicimus,
2446 1868 2622 1922 neque
2665 1861 2971 1913 econtrario
3010 1863 3089 1917 sic
3136 1879 3195 1920 se
3236 1866 3435 1923 habere

156 1923 325 1993 ἔχειν’
381 1925 673 1996 μεμένηκε
724 1927 835 1997 γὰρ
869 1928 903 1997 ή
942 1926 1035 1979 τοῦ
1075 1928 1249 1995 Λόγου
1276 1928 1419 1981 τοῦθ’
1446 1930 1584 1999 ὅπερ
1618 1929 1753 1994 ἐστὶ,

158 2019 243 2069 καὶ
275 2017 555 2071 ἑνωθεῖσα
608 2019 795 2087 σαρκί.
829 2017 1041 2071 Οὐκοῦν
1076 2018 1111 2071 ἀ
1165 2019 1353 2090 μηδεὶς
1398 2018 1503 2073 κᾶν
1536 2018 1665 2089 γοῦν
1698 2020 1756 2074 ὲν

153 2108 333 2177 ψιλαῖς
380 2108 627 2170 ἐννοίαις
674 2111 893 2179 φρονεῖν
938 2107 1099 2173 ἀξιοῖ,
1133 2110 1221 2163 διὰ
1250 2110 1408 2164 ποίαν
1456 2111 1635 2165 αἰτίαν
1682 2111 1757 2174 ὡς

155 2200 370 2271 ἀληθῶς
405 2200 686 2272 εἰρημένα
721 2196 893 2264 τιθεὶς
927 2204 987 2255 ὲν
1013 2205 1127 2266 τοῖς
1174 2202 1367 2257 ἑαυτοῦ
1419 2204 1617 2273 λόγοις,
1646 2206 1756 2266 τοῖς

154 2294 247 2363 τῆς
280 2294 582 2357 εὐσεϐείας
614 2294 849 2365 δόγμασι
884 2295 1164 2350 συναθλεῖν
1195 2299 1497 2370 ὑποκρίνῃ;
1538 2300 1612 2351 Τὸ
1656 2299 1757 2369 μὲν

155 2386 259 2454 γάρ
310 2384 416 2452 τῆς
472 2384 731 2454 κράσεως
763 2385 959 2455 ὄνομα,
993 2385 1271 2440 τεθείκασί
1317 2405 1464 2452 τινες
1509 2388 1605 2441 καὶ
1648 2389 1756 2441 τῶν

154 2474 324 2542 ἁγίων
366 2474 679 2545 Πατέρωνο
733 2476 924 2547 ἐπειδὴ
963 2477 1195 2530 δεδιέναι
1227 2480 1358 2549 φῂς,
1403 2482 1478 2551 μὴ
1525 2480 1632 2551 ἄρα
1672 2496 1758 2543 τις

154 2569 420 2635 ἀνάχυσις
453 2566 734 2638 συμϐῆναι
768 2566 1027 2638 νομισθῇ,
1074 2569 1325 2640 καθάπερ
1367 2572 1426 2624 ἐν
1453 2572 1603 2637 τάξει
1647 2571 1757 2623 τῶν

156 2659 413 2727 ἀλλήλοις
499 2660 975 2731 συγῖπεκραμένων
1030 2660 1249 2732 ὑγρῶν,
1313 2663 1640 2718 ἀπαλλάττω
1696 2680 1755 2716 σε

153 2750 472 2819 δειμάτωνσ
509 2753 890 2824 πεφρονήκασι
924 2753 1032 2824 γὰρ
1075 2756 1173 2824 οὐχ
1223 2749 1324 2809 ὧδε
1348 2771 1360 2783 ·
1412 2756 1609 2821 πόθεν;
1659 2774 1759 2809 κα-

153 2842 530 2912 τεκέχρηνται
559 2840 619 2895 δὲ
662 2845 728 2914 τῇ
776 2841 943 2909 λέξει,
971 2846 1071 2914 τὴν
1099 2848 1180 2908 εἰς
1220 2846 1390 2917 ἄκρον
1426 2846 1620 2900 ἕνωσιν
1650 2846 1758 2899 τῶν

152 2935 411 3005 ἀλλήλοις
470 2933 904 3004 συμϐεϐηκότων
956 2936 1291 3008 καταδηλοῦν
1345 2937 1753 3003 σπουδάζοντες.

150 3023 447 3096 Συμϐἧναι
500 3024 559 3078 δέ
605 3042 788 3094 φαμεν
839 3027 963 3080 καθ’
1005 3030 1198 3081 ἔνωσιν
1239 3030 1627 3093 ἀδιάσπαστον,
1664 3032 1757 3084 καὶ

151 3117 542 3181 rivalitatan
581 3118 834 3189 ἔχουσαν,
888 3122 954 3190 τῇ
999 3120 1103 3191 ίδίᾳ
1152 3124 1320 3194 σαρκὶ
1368 3124 1459 3176 τὸν
1502 3125 1566 3178 ἐκ
1617 3124 1753 3178 Θεοῦ

151 3210 348 3277 Λόγον.
400 3209 733 3279 εὑρήσομεν
780 3210 839 3263 δὲ
894 3212 989 3264 καὶ
1037 3212 1206 3284 αὐτὴν
1247 3215 1345 3283 τήν
1397 3214 1754 3269 θεόπνευστον

151 3301 398 3372 Γραφὴν,
453 3302 518 3353 ού
557 3302 761 3371 σφόδρα
794 3302 895 3372 τὴν
940 3300 1084 3367 λέξιν
1128 3304 1629 3369 ὲκϐασανίζουσαν·
1674 3324 1757 3358 τι-

152 3390 338 3443 θεῖσαν
390 3392 453 3443 δὲ
506 3390 712 3459 μᾶλλον
760 3390 837 3452 ὡς
880 3394 939 3443 ἐν
995 3394 1351 3463 καταχρήσει,
1400 3397 1493 3446 καὶ
1543 3396 1752 3458 ἁπλῶς.

153 3482 405 3551 Γέγραφε
438 3480 577 3548 γοῦν
608 3484 634 3533 δ
660 3479 949 3544 θεσπέσιος
970 3480 1178 3545 Παῦλος
1208 3485 1335 3555 περί
1367 3502 1546 3536 τινων·
1573 3505 1590 3536 ι
1615 3486 1753 3537 Ἀλλ’

149 3574 244 3626 οόκ
294 3572 598 3642 ὠφέλησεν
626 3575 655 3625 ό
688 3572 844 3640 λόγος
876 3573 976 3643 τῆς
1004 3574 1175 3645 ἀκοῆς
1206 3575 1469 3639 ἐκείνους,
1504 3575 1581 3647 μὴ
1624 3592 1754 3644 συγ-

150 3663 544 3735 κεκραμένους
595 3666 663 3735 τῇ
734 3664 919 3717 πίστει
970 3668 1081 3729 τοῖς
1146 3666 1466 3721 ἀκούσασιν.
1531 3687 1550 3718 ι
1608 3663 1760 3739 Ἆρα

150 3757 254 3827 γὰρ
286 3755 529 3825 ἔμελλον
564 3755 708 3807 κατά
750 3755 845 3809 τὸν
874 3754 966 3809 σὸν
1015 3758 1216 3826 τρόπον
1255 3759 1753 3829 συνανακιρνᾶσθαί

151 3865 205 3900 τε
238 3846 526 3916 ἀλλήλοις,
579 3846 834 3917 καθάπερ
881 3846 1073 3917 ἀμέλει
1116 3848 1210 3903 καὶ
1256 3840 1396 3912 οἶνος
1435 3847 1607 3913 ὕδατι,
1660 3852 1755 3903 καὶ

154 3939 417 4009 ἀνάχυσίν
448 3955 578 3990 τινα
617 3938 725 3990 τῶν
756 3939 1107 3993 ύποστάσεων
1134 3938 1232 4011 τὴν
1265 3942 1346 4003 είς
1388 3940 1623 4011 ἀλλήλας
1653 3959 1754 3994 πα-

153 4033 281 4093 θεῖν,
320 4032 371 4083 οί
409 4030 548 4098 περὶ
596 4021 670 4082 ὧν
712 4031 740 4081 ὁ
784 4027 963 4096 λόγος,
1001 4028 1033 4099 ἢ
1068 4029 1267 4099 μᾶλλον
1319 4028 1571 4082 ένοῦσθαι
1613 4029 1756 4083 κατά

151 4123 349 4192 ψυχὴν,
376 4120 531 4173 κατά
567 4135 633 4186 γε
661 4118 724 4170 τὸ
748 4120 807 4171 ἐν
832 4122 954 4182 ταῖς
986 4120 1257 4189 Πράξεσιν
1282 4119 1390 4172 τῶν
1415 4118 1585 4186 ἁγίων
1620 4121 1754 4173 ἀπο-

154 4214 353 4267 στόλων
390 4211 823 4281 γεγραμμένον.
857 4210 939 4263 ὃτι
984 4210 1077 4263 τοῦ
1113 4210 1351 4281 πλήθους
1379 4210 1488 4263 τῶν
1528 4228 1753 4265 πιστευ-

155 4307 362 4359 σάντων
394 4300 468 4375 ἦν
498 4304 532 4373 ἡ
565 4300 789 4371 καρδία,
831 4303 927 4353 καὶ
963 4300 1166 4371 ἡψυχὴ
1199 4302 1331 4371 μίας
1379 4302 1541 4367 Ἀλλ’,
1575 4299 1750 4374 οἶμαι,

150 4399 303 4450 τοῦτό
335 4401 496 4449 ἐστιν
537 4394 760 4462 ἀληθὲς,
796 4394 830 4463 ἢ
865 4396 1061 4447 ἐκεῖνο.
1105 4395 1250 4461 Ἐξω
1281 4395 1345 4464 δὴ
1377 4391 1469 4448 οὖν
1499 4396 1607 4448 τῶν
1656 4396 1751 4448 ἐπὶ

150 4490 357 4550 mutos;
392 4488 495 4539 ἔσο
526 4485 801 4555 δειμάτων
822 4502 834 4513 ·
873 4484 1122 4555 ἀσφαλὴς
1148 4486 1253 4555 γὰρ
1286 4486 1403 4539 λίαν
1436 4486 1545 4539 τῶν
1578 4488 1748 4557 ἁγίων
1774 4500 1829 4559 ι)

149 4584 175 4633 ὁ
205 4576 354 4643 νοῦς.

224 4669 455 4738 Ἐπειδὴ
491 4668 551 4721 δὲ
584 4666 646 4720 τὸ
671 4665 1097 4739 ὲνανθρωπῆσαι
1127 4667 1306 4734 λέγειν
1328 4666 1426 4736 τὴν
1452 4666 1548 4720 τοῦ
1578 4669 1751 4739 Λόγου

149 4766 328 4833 φύσιν,
368 4761 535 4815 οὐδὲν
572 4759 787 4831 ἕτερον,
822 4755 1000 4828 οἶμαι,
1027 4760 1199 4823 ἐστὶν,
1235 4758 1267 4829 ἢ
1301 4761 1475 4811 ἐκεῖνο
1510 4764 1749 4830 φρονεῖν,

148 4856 221 4909 am
262 4856 504 4924 γέγονεν
537 4852 851 4921 ἄνθρωπος,
886 4852 981 4903 καὶ
1029 4852 1090 4903 οὐ
1129 4852 1252 4921 δίχα
1300 4854 1608 4924 γεννήσεως
1652 4854 1752 4923 τῆς

148 4945 524 5016 ὲκγυναικὺς,
581 4941 788 5013 ταύτην
825 4944 936 5011 γὰρ
991 4937 1098 4994 οἶδε
1150 4945 1243 4995 καὶ
1282 4944 1451 5013 μόνην
1494 4945 1593 5011 τὴν
1630 4946 1747 4999 ὁδὸν

147 5040 244 5094 τῶν
291 5034 671 5108 ἀνθρωπίνων
703 5033 979 5104 σωμάτων
1009 5035 1042 5104 ή
1076 5033 1259 5103 φύσις,
1299 5037 1416 5098 πῶς
1442 5037 1540 5089 οὐκ
1573 5037 1749 5091 ἐδιδά-

148 5133 272 5203 χθης
298 5132 403 5202 τήν
436 5128 589 5183 κατά
616 5128 796 5198 σάρκα
827 5126 1079 5195 γέννησιν
1104 5126 1199 5179 τοῦ
1233 5127 1571 5195 Μονογενοῦς
1595 5130 1746 5202 παρά

146 5227 231 5294 τῆς
279 5222 664 5277 θεωτνεύστου
712 5217 975 5290 Γραφῆς;
1024 5216 1217 5276 Καίτοι
1254 5218 1348 5271 καὶ
1396 5219 1580 5281 αὐτὸς,
1613 5236 1746 5289 προ-

148 5317 412 5387 κειμένων
456 5314 546 5367 σοί
589 5329 721 5365 ποτε
763 5309 1123 5381 προφητικῶν
1168 5311 1633 5379 ἀναγνωσμάτων,
1661 5313 1742 5364 ὅτι

154 5409 419 5462 «Παιδίον
475 5404 748 5476 ἐγεννήθη
804 5404 959 5471 ἡμῖν,
1004 5401 1115 5464 υίὸς
1176 5400 1457 5471 καὶιὲδόθη
1514 5402 1674 5470 ἡμῖν,
1719 5421 1736 5451 ι

149 5503 265 5568 περὶ
296 5500 393 5552 τοῦ
425 5495 720 5567 τεχθέντος
751 5492 967 5546 παιδίου
994 5491 1171 5544 τοιάδε
1210 5491 1333 5543 τινὰ
1359 5492 1465 5561 φής
1491 5507 1501 5521 '
1528 5511 1544 5542 ‹
1585 5493 1743 5559 Μέγα

148 5589 232 5642 to}
262 5590 444 5659 δώρου
494 5586 557 5639 τὸ
595 5586 935 5656 μυστήριον·
969 5578 1125 5633 τοῦτο
1158 5578 1267 5648 γάρ
1312 5577 1373 5631 τὸ
1414 5578 1742 5650 βλεπόμενον

213 5774 257 5805 δ’
296 5770 463 5825 Hebr.
498 5784 573 5834 iv,
608 5769 663 5822 ‘2.
750 5767 792 5799 κ’
822 5766 942 5817 Aul.
984 5779 1054 5827 IV,
1083 5764 1171 5819 5'2.
1252 5763 1298 5795 '°
1333 5763 1437 5819 lsa.
1467 5780 1541 5829 IS,
1571 5765 1623 5817 6.

1858 1953 2165 1996 censemus.
2196 1940 2391 1996 Mansit
2424 1945 2570 1998 enim
2602 1946 2759 2001 Verbi
2794 1962 2986 2007 natura
3032 1956 3258 2023 idipsum
3290 1967 3432 2030 quod

1858 2040 1963 2097 est,
1995 2032 2157 2085 etiam
2184 2033 2331 2087 unita
2355 2038 2527 2089 carni.
2564 2035 2729 2107 igitur
2760 2056 2879 2108 qua:
2906 2060 3065 2101 nemo
3089 2064 3155 2103 ne
3188 2049 3286 2106 levi
3315 2059 3434 2122 qui-

1857 2122 1980 2177 dem
2008 2122 2339 2190 cogitatione
2385 2127 2664 2181 sentienda
2695 2143 2898 2196 censet,
2928 2150 2990 2188 ea
3032 2152 3136 2205 qua
3166 2140 3230 2194 de
3271 2158 3435 2199 causa

1861 2224 2113 2283 tanquam
2140 2230 2201 2270 re
2230 2230 2355 2270 vera
2391 2219 2533 2273 dicta
2565 2235 2686 2274 cum
2726 2224 2780 2276 in
2819 2228 2929 2280 tuis
2965 2233 3308 2289 scrtmmilms
3337 2254 3435 2305 p0-

1857 2305 2053 2371 sueris,
2068 2319 2167 2375 pro
2188 2306 2404 2374 pietatis
2423 2308 2831 2377 dogmatibuste
2858 2316 3139 2374 decertare
3169 2323 3389 2377 simulas
3410 2328 3435 2379 Y

1858 2398 1991 2453 Nam
2050 2399 2321 2454 mistionis
2372 2415 2570 2457 nomen
2623 2418 2920 2472 posuerunt
2972 2413 3211 2467 nonnulli
3266 2419 3429 2471 etiam

1855 2495 2027 2549 sancti
2057 2494 2243 2549 Patres
2280 2511 2293 2547 :
2337 2494 2430 2549 sed
2473 2498 2598 2565 quia
2652 2510 2892 2556 metuere
2921 2512 2975 2559 te
3009 2507 3165 2570 dicis.
3210 2526 3277 2565 ne
3326 2528 3429 2582 qua

1857 2584 2103 2639 confusio
2144 2585 2440 2655 contigisse
2479 2588 2839 2656 existimetur,
2878 2595 2945 2648 ad
2986 2597 3160 2651 instar
3201 2600 3433 2669 liquidu-

1857 2686 1979 2725 rum
2016 2686 2137 2740 quae
2174 2673 2318 2727 inter
2355 2688 2415 2728 se
2453 2686 2638 2731 mutuo
2666 2682 3123 2752 commiscentur;
3176 2689 3346 2745 libero
3380 2704 3434 2748 te

1860 2763 1961 2816 hoc
1994 2774 2134 2817 metu
2163 2781 2178 2817 :
2208 2780 2313 2819 non
2349 2766 2428 2820 sic
2464 2767 2539 2822 illi
2583 2785 2906 2842 senserunt;
2946 2778 3207 2836 minime:
3245 2785 3336 2836 sed
3368 2801 3431 2838 ea

1861 2865 1989 2905 voce
2010 2861 2134 2907 sunt
2164 2856 2339 2918 abusi,
2373 2872 2499 2911 cum
2534 2873 2797 2915 summam
2826 2867 3077 2923 unionem
3125 2886 3303 2927 rerum
3347 2877 3433 2930 in-

1861 2954 1942 3000 ter
1971 2959 2030 2999 se
2060 2946 2497 3002 convenientium
2544 2956 2833 3008 ostendere
2876 2960 3178 3015 studerent.
3215 2965 3432 3019 Conve-

1858 3036 2006 3089 nisse
2041 3046 2222 3090 autem
2258 3037 2490 3094 dicimus
2528 3055 2649 3094 eum
2694 3046 2908 3114 propria
2957 3064 3124 3105 carne
3166 3052 3256 3108 Dei
3306 3055 3434 3110 Ver-

1859 3123 1985 3178 bum
2035 3126 2233 3181 unione
2290 3128 2639 3197 inseparabili
2677 3144 2843 3202 atque
2888 3137 3229 3196 lmmutabili.
3286 3145 3433 3215 lpsas

1858 3229 2074 3283 quoque
2106 3230 2292 3271 sacras
2333 3216 2563 3275 Litteras
2608 3222 2943 3281 inveniemus
2997 3246 3100 3285 non
3145 3236 3431 3294 admodum

1857 3307 2021 3361 anxie
2051 3307 2152 3361 hac
2184 3322 2315 3362 voce
2354 3326 2501 3376 usas,
2528 3315 2623 3367 sed
2656 3316 2881 3373 abusive
2913 3324 3092 3389 potius
3137 3341 3199 3379 ac
3229 3330 3435 3399 simpli-

1856 3396 1996 3451 cius.
2032 3397 2222 3466 ltaque
2245 3399 2311 3454 de
2351 3401 2671 3468 quibusdam
2703 3409 2920 3475 scripsit
2967 3415 3155 3470 beatus
3183 3396 3381 3474 Paulus
3417 3442 3431 3478 :

1862 3502 1882 3536 ι
1922 3485 2028 3541 Sed
2060 3503 2164 3541 non
2194 3489 2395 3555 proluit
2427 3492 2529 3544 illis
2568 3509 2749 3549 sermo
2784 3502 3019 3568 auditus,
3052 3522 3157 3560 non
3190 3514 3432 3567 udmistis

1857 3579 1981 3633 lidei
2024 3578 2091 3633 iis
2122 3581 2219 3649 qui
2242 3583 2528 3638 audierunt
2565 3584 2630 3640 “.
2667 3605 2688 3638 ι
2730 3588 2867 3644 Num
2915 3594 3077 3663 igitur
3123 3599 3178 3665 ii,
3210 3605 3275 3657 de
3313 3608 3435 3675 qui-

1858 3671 1959 3727 bus
2003 3670 2263 3742 loquitur,
2292 3689 2402 3743 quo
2435 3687 2488 3729 ιιι
2514 3676 2650 3731 dicis
2684 3682 2842 3735 modo
2867 3690 3256 3747 eonnnisceudi
3280 3670 3436 3755 erant

1858 3762 2003 3817 inter
2031 3778 2092 3819 se
2134 3776 2193 3818 ut
2246 3781 2369 3819 cum
2401 3781 2538 3836 aqua
2584 3771 2764 3824 vinum
2812 3786 2866 3827 ct
2899 3791 3249 3844 personarum
3294 3790 3436 3844 ίηιυι·

1856 3868 1915 3908 se
1954 3855 2328 3910 confusionem
2380 3858 2661 3913 subituri?
2706 3878 2773 3916 an
2816 3868 2994 3934 potius
3045 3888 3140 3940 per
3190 3879 3429 3936 animum

1858 3944 2077 3999 uuiendi
2111 3956 2289 4010 erant,
2315 3959 2369 4001 ut
2393 3950 2651 4018 scriptum
2677 3965 2759 4007 est
2787 3956 2839 4010 in
2867 3970 3177 4018 sanctorum
3215 3983 3435 4037 aposto-

1858 4033 2029 4088 lorum
2072 4037 2224 4090 Actis
2260 4036 2326 4103 ",
2362 4040 2528 4093 fuisse
2555 4042 2919 4100 multitudinis
2963 4033 3298 4114 credentium
3340 4077 3435 4115 cor

1859 4140 2023 4179 unum
2052 4135 2107 4179 et
2141 4128 2376 4181 animam
2414 4130 2615 4185 unam?
2661 4132 2767 4186 Sed
2805 4135 2854 4188 id
2892 4139 3071 4194 verius
3117 4158 3237 4199 esse
3270 4160 3431 4216 quam

1859 4214 1992 4267 illud
2022 4217 2235 4284 Opinor.
2269 4218 2464 4273 Desine
2496 4222 2660 4287 igitur
2686 4224 2787 4278 hac
2820 4226 2887 4280 de
2923 4242 2978 4283 re
3023 4214 3302 4293 metuere;
3336 4239 3431 4295 lir-

1858 4320 1977 4360 mus
2020 4317 2103 4362 est
2147 4309 2292 4363 enim
2342 4311 2628 4367 admodum
2682 4327 2994 4374 sanctorum
3024 4325 3263 4384 virorum
3308 4347 3433 4389 seu-

1856 4411 1971 4454 808.

1926 4666 2033 4720 Sed
2058 4668 2183 4736 quia
2225 4669 2357 4722 nihil
2386 4670 2528 4724 aliud
2587 4682 2689 4736 est,
2746 4684 2804 4727 ut
2852 4688 3002 4745 puto,
3055 4683 3235 4739 dicere
3265 4685 3429 4745 Verbi

1852 4767 2102 4811 naturam
2128 4758 2500 4823 humanatam,
2541 4762 2642 4815 nisi
2686 4764 2957 4820 hominem
2990 4770 3211 4840 factum,
3271 4779 3432 4847 idque

1855 4849 2069 4903 nonnisi
2100 4864 2196 4917 per
2224 4854 2627 4918 generationem
2658 4869 2720 4907 ex
2750 4855 2946 4911 femina
2982 4874 2996 4913 :
3031 4864 3167 4919 hanc
3198 4884 3431 4940 namque

1856 4940 1995 4994 viam
2020 4940 2188 4996 solam
2233 4943 2337 5011 16
2370 4944 2725 4999 lmtuanorum
2767 4964 3052 5019 corporum
3107 4971 3296 5015 natura
3329 4982 3429 5019 uo-

1855 5033 1973 5087 vit:
2023 5049 2121 5087 cur
2176 5032 2318 5086 illam
2353 5034 2624 5103 Unigeniti
2678 5044 3079 5108 generationem
3133 5058 3426 5110 secundum

1853 5140 2073 5179 carnem
2124 5140 2154 5179 a
2194 5124 2415 5179 Litteris
2442 5128 2701 5184 divinitus
2738 5132 3014 5201 inspiratis
3039 5140 3260 5196 minime
3288 5146 3427 5200 didi.

1852 5217 1996 5279 cisti,
2030 5218 2154 5271 licet
2186 5219 2300 5289 ipse
2334 5234 2548 5287 qquue
2602 5227 2877 5290 proposita
2920 5230 3015 5283 tibi
3060 5235 3265 5300 pridem
3300 5254 3425 5304 pro-

1851 5308 2067 5377 phetica
2103 5309 2355 5375 lectione,
2390 5331 2406 5361 ι
2432 5312 2570 5367 Puer
2592 5325 2751 5371 natus
2774 5329 2857 5371 est
2880 5322 3056 5385 nobis,
3080 5326 3220 5379 filius
3258 5331 3423 5382 etiam

1850 5401 2006 5455 datus
2038 5412 2120 5455 est
2168 5402 2321 5456 nobis
2348 5404 2394 5433 ⁸ο
2426 5443 2439 5466 ,
2477 5424 2494 5455 ›
2544 5408 2609 5460 de
2640 5419 2768 5463 nato
2820 5427 2986 5480 puero
3022 5418 3140 5470 talia
3179 5420 3380 5475 dixeris
3410 5441 3421 5476 :

1854 5508 1872 5541 ι
1902 5490 2149 5560 Magnum
2202 5509 2333 5547 sane
2380 5499 2510 5549 tnnti
2544 5500 2667 5553 doni
2697 5515 3116 5559 sacramentum.
3154 5508 3252 5563 llic
3280 5514 3424 5565 enim

1848 5585 1943 5653 qui
1968 5584 2177 5640 videtur
2208 5586 2407 5653 infans,
2436 5590 2524 5644 hic
2559 5593 2649 5661 qui
2702 5608 2891 5652 recens
2926 5607 3167 5669 apparet,
3222 5602 3309 5657 hic
3335 5606 3424 5672 qui
