4028 6438
602 377 671 430 35
1661 368 1717 421 S.
1763 365 2034 421 (LYlllLLl
2071 363 2533 418 ALEXANDlll-Nl
2572 363 2895 419 ARCHIEP.
3792 360 3867 417 '56

602 489 786 543 fasciis
819 483 1191 554 corporalibus
1219 490 1358 549 eget,
1404 480 1491 534 hic
1523 480 1612 547 qui
1650 481 1944 532 secundum
1992 477 2174 531 visibi-

2287 478 2500 547 βρέφος,
2541 478 2699 530 τοῦτο
2735 479 2794 529 τὸ
2827 477 3296 546 καταφαινόμενον
3327 475 3660 545 πρόσφατον,
3703 473 3870 527 τοῦτο

599 583 703 633 lem
741 577 1032 632 essentiam
1086 583 1330 628 recenter
1376 587 1460 625 εει
1498 570 1702 635 editus,
1753 569 1924 624 Filius
1962 580 2066 637 est,
2116 583 2173 624 ut

600 671 881 738 Scriptura
918 668 1094 729 docet,
1140 675 1393 726 aeternus,
1445 662 1614 716 Filius
1659 665 2031 716 universorum
2060 665 2177 732 opi-

601 764 708 824 fex,
744 760 913 814 Filius
943 760 1032 827 qui
1065 773 1174 812 sua:
1204 758 1320 826 opis
1348 755 1533 809 fasciis
1599 755 1972 810 dissolubilem
2021 771 2174 810 crea-

599 863 732 905 tura:
748 861 993 904 naturam
1020 849 1290 917 astringit.
1319 867 1336 898 ι
1362 847 1570 901 Etalibi
1601 862 1788 901 rursus
1819 869 1829 902 :
1863 866 1881 897 ι
1910 849 1976 900 Ει
2000 848 2176 903 infans

599 947 742 998 enim
770 943 908 997 Deus
937 953 1019 995 est
1059 940 1226 994 libera
1269 949 1563 1008 potestate:
1593 949 1796 991 tantum
1827 940 1996 1002 abest,
2028 939 2172 1004 Arie,

600 1049 657 1089 ut
699 1038 837 1089 Deus
871 1033 1107 1087 Verbum
1152 1030 1220 1084 sit
1246 1030 1346 1084 sub
1378 1029 1471 1082 Dei
1501 1035 1786 1096 potestate.
1826 1049 1843 1080 ι
1882 1029 1936 1081 In
1983 1030 2176 1096 quibus

601 1128 778 1180 verbis
804 1125 1149 1193 coniunctum
1182 1133 1397 1190 quoque
1425 1134 1620 1187 corpus
1649 1121 1811 1173 Deum
1858 1120 2171 1188 appellavit.

600 1219 665 1270 Et
709 1233 897 1271 rursus
933 1234 944 1268 :
985 1236 1002 1266 ‹
1037 1213 1292 1269 Novimus
1326 1227 1454 1281 ergo
1509 1212 1901 1266 humanitatem
1957 1213 2176 1266 infantis

600 1326 664 1361 ac
717 1308 1080 1370 divinitatem,
1144 1304 1422 1358 ﬁliationis
1470 1305 1732 1358 unitatem
1783 1319 2062 1359 servamus
2121 1306 2175 1358 in

602 1401 825 1454 Deitatis
845 1396 1308 1464 humanitatisque
1331 1405 1545 1449 natura.
1589 1414 1607 1445 ›
1641 1396 1778 1450 Ecce
1811 1395 1920 1462 jam
1957 1395 2176 1451 disertis

603 1492 798 1552 verbis,
835 1488 1094 1543 infantem
1115 1497 1383 1541 recentem
1421 1487 1512 1556 qui
1539 1488 1769 1551 videtur,
1799 1501 1917 1540 mox
1949 1488 2173 1552 editum,

601 1583 784 1636 fasciis
831 1580 1153 1642 involutum,
1206 1578 1402 1632 Filium
1456 1594 1574 1634 esse
1636 1578 1846 1642 fateris,
1881 1590 1934 1632 et
1962 1581 2178 1633 univer-

599 1689 780 1726 sorum
815 1673 1085 1741 opificem.
1117 1670 1270 1725 llunc
1317 1685 1444 1724 vero
1477 1671 1739 1726 infantem
1783 1673 1936 1725 nobis
1989 1681 2174 1725 sancta

604 1764 766 1832 Virgo
797 1763 1022 1831 peperit.
1058 1761 1208 1816 Nosti
1270 1762 1433 1830 igitur
1464 1773 1610 1814 certe
1665 1764 1826 1816 Deum
1879 1763 2172 1815 secundum

2278 571 2338 621 τὸ
2366 573 2694 639 σπαργάνων
2725 570 3050 640 σωματικῶν
3077 569 3287 638 δεηθὲν,
3318 569 3475 620 τοῦτο
3507 569 3568 619 τὸ
3601 569 3739 620 κατά
3765 570 3870 637 τὴν

2278 663 2563 732 ὁρωμένην
2597 663 2784 715 οὐσίαν
2816 662 3118 731 ἀρτίτοκον,
3159 661 3304 723 Υἱὸς,
3343 660 3484 714 κατά
3513 659 3574 710 τὸ
3610 675 3866 729 γεγραμο

2278 754 2466 824 μένον,
2518 754 2764 817 αἰώνιος·
2821 755 2946 816 Υίὸς
2998 753 3106 806 τῶν
3147 753 3283 804 ὅλων
3322 750 3682 821 δημιουργός·
3735 749 3869 812 Υίὸς

2277 851 2391 910 τοῖς
2432 847 2532 916 τῆς
2576 847 2712 910 ίδίας
2761 846 3011 917 βοηθείας
3048 844 3383 915 σπαργάνοις
3410 843 3469 894 τὸ
3499 842 3600 910 τῆς
3631 841 3867 903 κτίσεως

2280 939 2589 991 εὐδιάλυτον
2624 938 2922 1005 σφίγγων.»
2955 936 3064 990 Kal.
3095 939 3151 989 ὲν
3187 936 3396 1005 ἑτέροις
3426 933 3481 985 δὲ
3517 931 3698 986 πάλιν·
3727 933 3877 985 «Καὶ

2277 1031 2338 1082 τὸ
2380 1030 2578 1100 βρέφος
2624 1030 2732 1098 γάρ
2775 1029 2903 1090 Θεὸς
2943 1027 3320 1090 αύτεξούσιοςο
3355 1023 3608 1078 τοσοῦτον
3653 1025 3681 1076 ό
3731 1021 3872 1086 Θεὸς

2280 1121 2447 1188 Λόγος
2475 1121 2567 1172 τοῦ
2594 1119 2730 1171 Θεοῦ
2766 1118 3082 1183 ὑπεξούσιος
3109 1113 3246 1169 εἶναι
3280 1116 3586 1185 διέστηκεν,
3617 1114 3866 1181 Ἀρειε.»

2279 1213 2355 1264 Δι’
2386 1207 2461 1265 ὦν
2499 1213 2591 1264 καὶ
2615 1211 2676 1264 τὸ
2707 1211 3050 1280 συνημμένον
3077 1208 3234 1279 σῶμα
3262 1207 3394 1260 Θεὸν
3421 1206 3868 1276 προσηγόρευσε.

2281 1303 2391 1356 Καὶ
2429 1303 2628 1356 πάλιν
2676 1321 2694 1354 ι
2726 1303 3071 1372 Γνωρίζομεν
3103 1301 3284 1353 τοίνυν
3332 1298 3429 1370 τὴν
3465 1297 3876 1368 ἁνθρωπότητα

2278 1395 2370 1450 τοῦ
2414 1397 2648 1467 βρέφους
2701 1396 2794 1448 καὶ
2822 1395 2921 1465 τὴν
2969 1394 3200 1463 θεότητα
3221 1409 3235 1422 ο
3270 1391 3331 1444 τὸ
3357 1393 3454 1461 τῆς
3485 1390 3729 1458 υίότητος
3762 1405 3872 1456 τη-

2282 1486 2484 1556 ροῦμεν
2534 1486 2818 1556 μοναδικὸν
2878 1487 2935 1537 ἐν
2983 1483 3403 1554 ἀνθρωπότητος
3458 1480 3555 1534 καὶ
3610 1479 3874 1549 θεότητος

2281 1580 2493 1648 φύσει.)
2517 1579 2646 1632 Ἰδοὺ
2676 1578 2738 1648 δὴ
2772 1577 2863 1630 καὶ
2896 1576 3038 1646 μάλα
3067 1575 3252 1643 σαφῶς
3279 1574 3340 1626 τὸ
3375 1572 3572 1642 βρέφος
3605 1569 3666 1622 τὸ
3695 1568 3877 1639 πρόσ-

2281 1689 2468 1740 φατον,
2516 1673 2576 1724 τὸ
2625 1671 2920 1742 ὁρώμενον,
2968 1669 3030 1720 τὸ
3061 1667 3369 1738 ἀρτίτοκον,
3405 1665 3465 1716 τὸ
3505 1667 3874 1734 ἐσπαργανω-

2288 1764 2466 1829 μένον,
2503 1762 2632 1814 Υίὸν
2682 1759 2820 1815 εἶναι
2860 1760 2986 1830 φὴς,
3022 1761 3117 1811 καὶ
3163 1759 3272 1810 τῶν
3326 1755 3462 1808 ὅλων
3509 1753 3870 1824 δημιουργόν.

602 1867 819 1907 carnem
870 1852 1135 1921 genitum,
1161 1853 1320 1920 idque
1344 1867 1409 1905 ex
1437 1852 1696 1905 divinitus
1726 1852 1987 1918 inspirata
2024 1851 2173 1905 Scri-

2287 1853 2480 1904 Τέτοκε
2528 1853 2582 1904 δὲ
2631 1853 2690 1903 τὸ
2731 1852 2926 1921 βρέφος
2971 1853 3102 1919 ἡμῖν
3135 1852 3167 1918 ἡ
3203 1848 3331 1916 ἁγία
3366 1845 3657 1916 Παρθένος.
3692 1841 3874 1896 Οἶσθα

600 1955 755 2012 plura
786 1941 1047 1995 didicisti.
1076 1942 1210 2006 Quis
1247 1941 1391 1994 enim
1441 1943 1774 2009 avcogitetur
1802 1941 2172 1996 universorum

595 2036 797 2103 opifex,
850 2035 950 2087 nisi
1007 2034 1097 2088 ille
1150 2033 1316 2096 solus,
1362 2048 1456 2102 per
1513 2047 1672 2101 quem
1719 2033 1899 2086 omnia
1936 2033 2178 2086 condidit

598 2123 797 2178 Pater?
827 2121 932 2176 Sed
961 2120 1101 2176 forte
1128 2120 1500 2189 respondebis,
1537 2128 1586 2172 te
1621 2118 1917 2172 secundum
1953 2119 2002 2171 id
2035 2119 2176 2186 quod

598 2218 821 2280 latebat,
865 2214 1055 2268 Filium
1100 2213 1321 2278 dixisse,
1373 2220 1425 2265 et
1477 2210 1851 2264 universorum
1902 2208 2174 2276 Opificem.

602 2309 771 2362 Recte
797 2309 951 2372 dicis,
973 2307 1260 2361 assentior.
1294 2303 1420 2367 Sed,
1451 2318 1632 2373 quaeso
1661 2312 1870 2369 te,eum
1903 2302 1994 2369 qui
2026 2300 2175 2362 latet,

600 2417 720 2456 esse
765 2401 967 2455 asseris
1024 2398 1152 2453 illud
1202 2412 1267 2449 ex
1315 2398 1422 2450 Deo
1481 2395 1741 2458 Verbum,
1785 2408 2018 2460 eumque
2060 2407 2178 2446 esse

603 2495 980 2547 universorum
1061 2489 1313 2558 opificem
1363 2505 1377 2540 :
1434 2488 1703 2556 quomodo
1793 2485 1956 2554 igitur
2026 2485 2180 2539 nobis

605 2584 762 2654 paulo
802 2591 923 2636 ante
953 2579 1337 2650 propemodum
1394 2579 1560 2646 digito
1598 2576 1743 2630 illum
1794 2584 2088 2639 recentem,
2127 2583 2183 2628 et

601 2678 713 2746 jam
751 2677 974 2738 editum,
1000 2683 1054 2727 et
1083 2672 1264 2726 fasciis
1295 2670 1590 2724 involutum
1634 2667 1892 2746 infantem
1951 2665 2180 2718 demon-

605 2743 811 2830 strasti,
851 2777 1008 2832 quem
1040 2763 1202 2815 etiam
1250 2759 1342 2814 Dei
1377 2758 1570 2811 Filium
1613 2743 1940 2822 appellabas,
1987 2762 2041 2804 et
2065 2766 2182 2806 om:

607 2859 755 2912 nium
784 2855 1035 2924 opificem
1064 2854 1086 2905 ?
1119 2854 1202 2904 An
1251 2851 1375 2920 quia
1419 2851 1648 2903 fortasse
1682 2858 1861 2916 putas,
1917 2843 2010 2899 Dei
2044 2843 2181 2897 Ver--

610 2949 736 3000 bum
773 2945 823 2997 in
859 2943 1040 2997 carnis
1081 2951 1329 2994 naturam
1378 2953 1501 2992 esse
1554 2947 1819 2991 mutatum
1851 2937 1990 2989 ?setl
2020 2946 2072 2988 et
2110 2935 2180 2988 ita

611 3047 663 3090 te
717 3036 890 3105 ipsum
937 3033 1118 3104 potius
1179 3029 1485 3092 accusabis,
1537 3044 1696 3097 quam
1729 3029 1864 3082 alios
1920 3028 2072 3096 quasi
2131 3026 2181 3078 id

614 3127 882 3182 afﬁrmare
913 3141 1094 3180 ausos.
1125 3127 1204 3178 An
1225 3137 1350 3178 vero
1369 3121 1492 3190 quia
1525 3120 1570 3174 is
1603 3119 1782 3173 infans
1807 3119 1894 3171 ille
1911 3121 2184 3170 estlatens

2278 1942 2342 2012 δὴ
2399 1939 2491 1995 οὖν
2552 1942 2658 2012 ἄρα
2709 1943 2841 1993 Θεὸν
2890 1940 3029 1993 κατὰ
3084 1941 3262 2009 σάρκα
3295 1937 3724 2006 γεγεννημένον
3768 1935 3874 1987 καὶ

2277 2033 2436 2084 τοῦτο
2471 2035 2533 2085 ἐκ
2569 2033 2667 2102 τῆς
2700 2030 3055 2084 θεοπνεύστου
3108 2029 3436 2099 μεμάθηκας
3485 2028 3727 2098 Γραφῆς.
3766 2024 3872 2086 Τίς

2278 2121 2386 2192 γὰρ
2422 2122 2486 2174 ἂν
2519 2124 2690 2174 νοοῖτο
2719 2119 2825 2171 τῶν
2856 2119 2993 2172 ὅλων
3031 2119 3384 2189 δημιουργὸς,
3420 2117 3558 2186 πλὴν
3590 2118 3670 2169 ὅτι
3705 2114 3872 2184 μόνος

2279 2215 2505 2278 ἐκεῖνος,
2539 2217 2565 2266 ὀ
2592 2214 2657 2266 δι’
2687 2206 2746 2264 οῦ
2770 2212 2837 2264 τά
2862 2212 3038 2265 πάντα
3067 2210 3369 2280 πεποίηκεν
3397 2212 3424 2263 ὁ
3457 2210 3642 2276 Πατήρ
3666 2224 3678 2268 ;
3724 2203 3873 2257 Ἀλλ’

2281 2309 2437 2379 ἔφην,
2485 2311 2613 2370 ἴσως
2657 2309 2821 2378 ὲρεῐς,
2863 2305 3005 2359 κατὰ
3043 2307 3102 2357 τὸ
3146 2306 3551 2375 κεκρυμμένον,
3592 2299 3741 2361 Υἱός,
3768 2298 3874 2352 καὶ

2280 2401 2386 2453 τῶν
2419 2401 2553 2452 ὅλων
2599 2398 2947 2468 δημιουργός.
3001 2396 3228 2458 Καλῶς,
3288 2393 3643 2462 συνθήσομαι.
3708 2389 3875 2460 Ἐρή-

2285 2510 2446 2561 σομαι
2479 2492 2555 2544 δέ.
2598 2491 2701 2542 Τὸν
2744 2488 3129 2560 κεκρυμμένον
3177 2481 3316 2538 εἶναι
3365 2484 3470 2554 φὴς
3520 2485 3608 2536 τὸν
3637 2484 3698 2535 ὲκ
3730 2481 3873 2533 Θεοῦ

2283 2585 2473 2650 Λόγον,
2509 2583 2601 2634 καὶ
2644 2582 2832 2634 τοῦτον
2866 2576 3004 2632 εἶναι
3049 2580 3139 2630 τὸν
3169 2579 3305 2630 ὅλων
3344 2574 3675 2645 δημιουργόν
3697 2590 3709 2602 ο
3749 2570 3876 2636 πῶς

2281 2673 2373 2728 οῦν
2405 2677 2536 2743 ἡμῖν
2565 2675 2768 2747 ἀρτίως
2804 2674 3086 2743 μονονουχὶ
3121 2673 3215 2725 καὶ
3247 2658 3494 2740 δακτύλῳ
3529 2670 3588 2721 τὸ
3620 2668 3876 2739 πρόσφαο

2281 2785 2390 2828 τον,
2435 2766 2527 2818 καὶ
2558 2766 2616 2816 τὸ
2651 2766 2954 2835 ἀρτίτοκον,
2988 2765 3082 2817 καὶ
3126 2766 3186 2816 τὸ
3231 2765 3287 2816 έν
3329 2763 3686 2833 σπαργάνοις,
3737 2775 3878 2811 κατ-

2285 2855 2487 2920 έδειξας
2536 2857 2761 2927 βρέφοςο
2794 2859 2886 2909 καὶ
2929 2857 3088 2909 τοῦτο
3122 2856 3253 2908 αὐτὸ
3299 2855 3389 2907 καὶ
3423 2854 3550 2906 Υίὸν
3589 2849 3878 2920 ὠνόμαζες

2284 2948 2441 3011 Θεοῦ,
2483 2950 2577 3000 καὶ
2612 2949 2700 3000 τὸν
2731 2949 2866 3002 ὅλων
2902 2946 3264 3017 δημιουργόνς
3295 2939 3371 2996 Ἦ
3400 2944 3540 3012 τάχα
3571 2959 3670 2993 που
3705 2955 3881 3009 μετα-

2286 3039 2614 3109 πεποιῆσθαι
2645 3041 2936 3110 νενόμικας
2968 3041 3046 3098 εἰς
3075 3039 3172 3107 τὴν
3212 3037 3306 3102 τῆς
3351 3035 3550 3108 σαρκὸς
3581 3032 3740 3101 φύσιν
3779 3028 3880 3081 τὸν

2287 3137 2350 3187 ἐκ
2382 3134 2515 3186 Θεοῦ
2549 3133 2753 3200 Λόγον;
2783 3132 2891 3183 Kal.
2928 3129 3112 3199 γράψῃ
3144 3127 3343 3198 μᾶλλον
3376 3125 3593 3186 σαυτὸν,
3626 3122 3723 3191 οὐχ
3753 3119 3879 3172 ἐτέ-

613 3220 781 3273 Filius
836 3229 891 3272 et
934 3218 1324 3271 universorum'
1366 3211 1575 3281 Opifex,
1625 3220 1679 3264 et
1729 3209 1868 3263 idem
1913 3219 2070 3262 natus
2117 3224 2180 3264 ex

2293 3244 2437 3298 ρους,
2487 3226 2560 3287 ὡς
2595 3211 2761 3276 τοῦτο’
2804 3223 2967 3290 φάναι
3012 3222 3408 3290 τολμήσαντας.
3443 3213 3519 3268 Ἦ
3567 3215 3722 3282 εἴπερ
3755 3210 3882 3263 ἐστὶ

613 3321 800 3366 saneta
842 3310 1079 3379 Virgine,
1115 3309 1186 3359 ita
1223 3305 1422 3360 invitus
1453 3319 1515 3358 ex
1567 3303 1844 3372 inopinato
1898 3303 2042 3355 illam
2067 3315 2188 3355 esse

614 3405 705 3458 Dei
738 3403 1052 3474 genitricem
1088 3399 1368 3454 nobiscum
1409 3396 1692 3451 confessus
1721 3394 1876 3448 eris?
1907 3394 2188 3458 Quomodo

613 3497 756 3550 enim
815 3494 995 3547 infans
1046 3492 1187 3545 Deus
1219 3491 1289 3543 sit
1341 3504 1451 3542 sua:
1504 3485 1826 3554 potestatis?
1859 3484 1992 3538 Nam
2023 3485 2064 3538 si
2117 3484 2188 3537 ita

613 3591 750 3642 dicis
810 3587 954 3640 illum
1015 3598 1124 3638 suae
1185 3580 1469 3651 potestatis
1532 3588 1590 3634 ut
1651 3593 1774 3633 esse
1819 3578 2190 3645 unusquisque

613 3681 786 3734 nostri
813 3678 1007 3733 similis
1038 3674 1374 3742 intelligitur,
1408 3682 1658 3740 tanquam
1716 3671 1799 3725 cui
1833 3686 1944 3725 sua:
1995 3670 2189 3723 volun-

617 3774 743 3824 tatis
776 3785 804 3822 a
834 3768 943 3822 Deo
979 3766 1258 3836 permissa:
1286 3765 1394 3818 siut
1433 3763 1690 3826 habenae;
1727 3761 1852 3830 quid
1899 3763 2003 3814 erit
2035 3761 2085 3812 in
2125 3773 2190 3812 eo

616 3872 808 3934 praeter
833 3869 1058 3914 cmteros
1092 3858 1191 3926 17
1223 3857 1484 3911 eximium
1509 3859 1532 3908 ‘t
1583 3864 1676 3908 aut
1703 3868 1863 3923 quam
1881 3853 1949 3906 ob
1967 3866 2188 3905 causam

628 3955 932 4009 libertatem
993 3949 1204 4004 arbitrii
1265 3962 1326 4002 ac
1397 3947 1680 4015 potestatis
1756 3954 2011 4012 tanquam
2080 3945 2189 3997 Deo

617 4048 832 4114 dignum
862 4051 918 4097 et
947 4040 1272 4110 praecipuum
1324 4051 1512 4092 revera
1566 4035 1781 4089 titulum
1835 4035 1908 4088 illi
1975 4034 2185 4098 tribuis,

617 4136 864 4207 quamvis
923 4132 1169 4186 omnibus
1223 4131 1314 4198 qui
1362 4129 1560 4197 degunt
1599 4128 1652 4180 in
1705 4128 1861 4181 terris
1903 4138 1957 4181 et
1991 4127 2190 4180 habere

617 4230 758 4282 illam
789 4228 965 4289 liceat,
998 4234 1049 4278 et
1071 4221 1184 4290 jam
1217 4220 1449 4275 habeant
1478 4219 1500 4273 3
1541 4219 1633 4273 Sin
1660 4220 1878 4274 libertas
1910 4221 2190 4286 potestatis

618 4321 748 4374 illud
806 4320 854 4372 in
904 4319 1003 4371 hac
1033 4325 1184 4385 parte
1224 4313 1512 4384 significat,
1552 4311 1773 4366 alterius
1827 4312 2031 4378 legibus
2084 4325 2188 4364 non

618 4425 736 4463 esse
772 4411 1096 4476 snbjectum,
1136 4415 1192 4458 ut
1221 4406 1386 4458 etiam
1431 4405 1542 4471 ipsa
1586 4405 1837 4456 nimirum
1873 4402 1962 4455 Dei
1994 4411 2188 4456 natura

621 4501 955 4565 intelligitur,
989 4511 1224 4564 quonam
1260 4496 1422 4564 igitur
1449 4495 1606 4548 modo
1642 4495 1726 4547 his
1786 4494 2185 4546 conditionibus

621 4593 756 4643 adeo
795 4589 1057 4657 angustis,
1093 4597 1146 4639 et
1173 4586 1341 4638 solam
1392 4599 1706 4652 supremam
1758 4584 1901 4636 illam
1932 4593 2182 4636 naturam

621 4695 673 4735 et
701 4680 925 4751 gloriam
970 4676 1303 4738 docentibus,
1361 4691 1532 4744 nuper
1565 4676 1766 4728 editum
1821 4677 1970 4729 illum
2018 4677 2190 4730 infan-

619 4787 725 4827 tem
754 4784 875 4830 esse
920 4769 1075 4831 dicis,
1136 4766 1380 4833 quamvis
1433 4765 1696 4833 quidquid
1733 4765 1800 4817 ad
1858 4765 1962 4819 hoc
2009 4777 2065 4818 ut
2117 4769 2188 4820 sit

618 4874 867 4920 vocatum
896 4871 1002 4924 est,
1035 4859 1143 4912 Deo
1176 4859 1239 4911 sit
1273 4856 1594 4924 subjectum,
1641 4867 1693 4909 et
1739 4859 2015 4912 servitutis
2060 4859 2190 4928 jugo

618 4953 934 5010 subditum?
968 4952 1073 5005 Sed
1103 4951 1330 5003 fortasse
1363 4949 1580 5016 putabis
1610 4951 1673 5001 ad
1704 4952 1816 5004 hazc
1872 4951 2052 5003 omnia
2093 4953 2188 5005 tibi

617 5047 748 5100 satis
798 5044 944 5097 illam
1000 5043 1219 5095 stultam
1277 5040 1540 5093 rationem
1597 5039 1730 5104 fore,
1797 5043 1940 5109 quod
1983 5043 2194 5097 scilicet

622 5139 763 5191 inter
787 5150 845 5188 se
886 5142 1092 5187 natura:
1132 5142 1318 5184 mutuo
1371 5129 1688 5197 copulentur
1738 5147 1844 5184 non
1894 5135 2189 5187 secundum

624 5224 977 5296 bypostasim,
999 5224 1091 5274 sed
1119 5220 1307 5273 eodem
1334 5220 1510 5286 potius
1560 5219 1763 5273 honore
1796 5233 1850 5274 et
1880 5225 2192 5291 aequalitate

620 5317 893 5387 dignitatis
927 5332 940 5368 :
974 5328 1097 5366 nam
1145 5313 1243 5365 ista
1297 5327 1438 5380 saepe
1494 5313 1645 5365 nobis
1689 5313 2059 5382 imprudenter
2115 5317 2193 5370 in-

618 5411 817 5464 culcas.
848 5408 953 5461 Sed
992 5417 1042 5459 te
1076 5407 1186 5459 hate
1217 5405 1483 5458 dicentem
1521 5403 1570 5456 in
1622 5405 1904 5460 imbecillis
1947 5418 1999 5461 et
2031 5408 2193 5480 fragi-

619 5502 759 5555 libus
781 5498 1098 5554 commentis
1135 5497 1408 5559 insistere,
1451 5495 1736 5550 manifeste
1781 5501 1968 5564 paucis
2007 5512 2193 5555 Osten-

624 5595 782 5644 detur
834 5606 954 5646 cum
1010 5589 1073 5640 de
1136 5589 1235 5639 hoc
1287 5587 1550 5639 tractandi
1610 5589 1823 5642 occasio
1875 5607 1931 5644 se
1979 5593 2189 5648 offeret.

624 5684 716 5736 llis
744 5682 844 5733 alia
878 5680 1117 5748 quaedam
1153 5678 1345 5740 aSsuit,
1396 5692 1488 5744 per
1540 5694 1657 5744 qua:
1693 5693 1749 5731 sc
1782 5692 1930 5747 putat
1964 5699 2189 5751 genera-

631 5774 790 5827 tionis
820 5774 1030 5825 modum
1067 5781 1263 5822 uOstra:
1308 5769 1556 5836 similem,
1625 5771 1785 5825 veluti
1849 5775 2187 5834 indecentem

2288 3320 2348 3370 τὸ
2385 3319 2581 3387 βρέφος
2633 3321 2659 3368 ὁ
2692 3315 3075 3384 κεκρυμμένος
3123 3312 3268 3374 Υἱὸς,
3317 3310 3409 3361 καὶ
3454 3306 3562 3360 τῶν
3595 3306 3731 3358 ὃλιυν
3771 3305 3877 3373 δη-

2294 3409 2571 3479 μιουργὸς,
2605 3406 2928 3474 γεγέννηται
2958 3405 3014 3456 δὲ
3058 3402 3214 3454 τοῦτο
3243 3403 3305 3453 ὲκ
3343 3395 3443 3468 τῆς
3473 3399 3633 3464 ἁγίας
3663 3392 3882 3464 Παρθέ-

2293 3519 2404 3566 νου,
2437 3501 2793 3570 ὡμολόγησας
2824 3499 2922 3565 οὐχ
2951 3496 3090 3548 ἑκὼν
3134 3494 3395 3545 Θεοτόκον
3446 3493 3543 3542 σῦν
3576 3491 3706 3558 ἡμῖν
3750 3487 3882 3539 ἀδο-

2293 3596 2468 3663 κήτως
2507 3593 2709 3660 αύτήν;
2755 3589 2906 3641 Ἐπεὶ
2946 3588 3060 3647 πῶς
3094 3586 3290 3653 βρέφος
3330 3583 3460 3644 Θεὸς
3490 3578 3880 3644 αύτεξούσιος;

2292 3686 2354 3736 El
2393 3683 2490 3752 μὲν
2533 3683 2640 3750 γὰρ
2670 3679 2811 3730 οὕτω
2842 3679 2944 3745 φὴς
2977 3677 3343 3741 αὐτεξούσιον,
3374 3674 3446 3736 ὡς
3480 3675 3543 3726 ἂν
3573 3674 3744 3736 νοοῖτο
3774 3688 3882 3722 τυ-

2291 3776 2384 3844 χὸν
2435 3773 2528 3825 καὶ
2579 3771 2685 3824 τῶν
2733 3769 2853 3824 καθ’
2905 3771 3049 3840 ἡμᾶς
3101 3769 3349 3832 ἕκαστος,
3405 3767 3480 3828 ὡς
3527 3765 3624 3835 τῆς
3678 3762 3881 3817 ἑαυτοῦ

2291 3865 2664 3936 προαιρέσεως
2706 3862 3137 3931 πεπιστευμένος
3184 3859 3336 3928 παρά
3378 3856 3495 3926 Θεῷ
3539 3857 3647 3927 [ἵσ.
3709 3852 3882 3926 Θεοῦ]

2289 3957 2388 4019 τὰς
2435 3956 2614 4025 ἡνίας,
2660 3954 2711 4007 τί
2762 3954 2822 4007 τὸ
2874 3952 3152 4022 ἐξαίρετον
3195 3950 3346 4021 παρά
3393 3950 3519 4011 τοὺς
3569 3946 3758 4009 ἄλλους
3816 3948 3881 3999 ἐν

2291 4047 2470 4117 αύτῷ;
2520 4048 2551 4117 ἦ
2599 4047 2684 4099 διὰ
2721 4046 2880 4097 ποίαν
2911 4045 3110 4108 αίτίαν,
3163 4042 3413 4113 καθάπερ
3459 4058 3512 4092 τι
3547 4039 3879 4108 θεοπρεπὲς,

2292 4141 2386 4192 καὶ
2435 4137 2712 4209 ἐξαίρετον
2750 4137 2963 4207 ἀληθῶς
3012 4137 3246 4204 ἀξίωμα,
3290 4134 3349 4186 τὸ
3397 4130 3742 4195 αὐτεξούσιον
3776 4131 3881 4182 άν-

2293 4230 2483 4292 άπτεις
2515 4229 2700 4298 αύτῴ;
2739 4229 2914 4280 καίτοι
2951 4229 3110 4296 μετὸν
3142 4228 3311 4279 ὄιπασι
3347 4225 3454 4276 τῶν
3490 4223 3580 4275 ἐπὶ
3617 4226 3713 4291 τῆς
3743 4221 3880 4289 γῆς,

2293 4321 2434 4389 ἔχειν
2473 4337 2530 4371 τε
2571 4318 2718 4386 αύτῴ
2759 4317 2866 4388 [Ζσ.
2920 4316 3093 4387 αύτὸ],
3134 4316 3226 4368 καὶ
3266 4315 3362 4384 ἤδη
3404 4311 3679 4382 λαχοῦσιν.
3721 4311 3784 4364 Et
3817 4311 3882 4365 δὲ

2292 4413 2354 4481 δὴ
2402 4411 2652 4480 σημαίνει
2704 4410 2763 4460 τὸ
2811 4407 3159 4474 αὐτεξούσιον
3213 4407 3269 4459 ὲν
3302 4406 3511 4467 τούτοις
3555 4404 3613 4456 τὸ
3645 4403 3719 4473 μὴ
3760 4401 3882 4456 δεῖν

2294 4501 2611 4554 ὑποκεῖσθαι
2643 4503 2750 4562 τοῖς
2783 4499 2967 4569 ἐτέρου
3001 4501 3208 4569 νόμοις,
3241 4495 3376 4550 εἷναι
3416 4497 3471 4548 δὲ
3515 4496 3686 4553 οὕτως
3720 4494 3884 4548 ἐλεύ-

2292 4595 2468 4664 θερον,
2506 4594 2581 4654 ὡς
2624 4592 2687 4644 ἂν
2731 4593 2822 4643 καὶ
2872 4593 3008 4660 αύτὴ
3053 4591 3212 4659 τυχὸν
3259 4589 3440 4657 ἡθεία
3484 4591 3654 4640 νοοῖτο
3684 4586 3878 4655 φύσις,

2290 4687 2407 4737 τίνα
2439 4686 2501 4755 δὴ
2530 4686 2728 4754 τρόπον
2772 4687 2826 4737 ἐν
2857 4686 2967 4745 τοῖς
2999 4681 3140 4734 οῦτω
3188 4684 3403 4742 σεπτοῖς
3452 4681 3545 4732 καὶ
3601 4679 3881 4749 πρέπουσι

2297 4776 2431 4847 μόνῃ
2462 4780 2523 4845 τῇ
2573 4776 2830 4827 ἀνωτάτω
2879 4774 3034 4839 φύσει
3077 4789 3134 4826 τε
3171 4773 3265 4822 καὶ
3297 4771 3444 4842 δόξῃ,
3496 4770 3554 4822 τὸ
3586 4769 3881 4840 ἀρτίτοκον

2295 4869 2490 4938 βρέφος
2541 4864 2675 4918 εἶναι
2727 4867 2866 4935 φὴς;
2917 4865 3094 4916 καίτοι
3145 4863 3344 4924 παντὸς
3388 4863 3482 4915 τοῦ
3533 4862 3880 4932 κεκλημένου

2297 4957 2431 5025 πρὸς
2485 4955 2738 5025 ὕπαρξιν,
2788 4953 3220 5022 κατεζευγμένου
3280 4951 3432 5022 Θεῷ,
3489 4954 3582 5007 καὶ
3635 4953 3724 5004 τὸν
3769 4951 3881 5022 τῆς

2293 5047 2533 5108 δουλείας
2564 5045 2952 5115 ὑποτρέχοντος
2990 5044 3170 5111 ζυγόν.
3218 5044 3357 5095 Ἀλλ’
3389 5045 3550 5115 οἰήσῃ
3595 5043 3732 5112 τάχα
3765 5058 3881 5095 που

2296 5139 2428 5207 πρὸς
2462 5139 2675 5191 ἅπαντά
2702 5153 2781 5188 σοι
2826 5137 2984 5188 ταυτὶ
3025 5136 3114 5189 τὸν
3143 5137 3348 5188 εἰκαῖον
3398 5138 3603 5190 ἐκεῖνον
3639 5133 3882 5206 ἀρκέσαι

2294 5232 2468 5298 λόγον,
2495 5231 2585 5282 τὸν
2614 5231 2732 5282 ἐπεί
2761 5247 2822 5297 γε
2856 5230 2963 5300 [ἴση
3001 5230 3090 5281 ἐπί
3122 5229 3206 5300 γε]
3239 5229 3313 5299 τῷ
3350 5228 3458 5281 δεῖν
3486 5228 3740 5298 ἀλλήλαις
3772 5229 3883 5291 τὰς

2296 5325 2484 5392 φύσεις
2518 5323 2900 5385 συνάπτεσθαι,
2935 5323 3026 5374 καὶ
3078 5322 3194 5375 οῦτι
3245 5341 3346 5375 που
3392 5322 3512 5374 καθ’
3551 5323 3880 5387 ὑπόστασιν,

2295 5417 2407 5469 ἀλλ’
2437 5416 2510 5478 ὼς
2533 5416 2588 5466 ἐν
2613 5419 2744 5485 τιμῇ
2775 5415 2972 5484 μᾶλλον
3007 5415 3429 5484 ἀπαραλλάκτῳ,
3462 5413 3552 5466 καὶ
3577 5416 3632 5464 ὲν
3665 5412 3880 5482 ίσότητι

2294 5510 2390 5580 τῆς
2426 5507 2613 5570 ἀξίας·
2645 5509 2802 5559 ταυτὶ
2833 5507 2940 5576 γάρ
2976 5509 3107 5577 ἡμῖν
3143 5507 3228 5559 ἀεὶ
3264 5507 3410 5574 λέγει
3457 5504 3703 5575 ἀμαθῶς.
3748 5504 3881 5558 Ὅτι

2293 5603 2345 5653 δὲ
2384 5601 2625 5671 σαθραῖς,
2657 5601 2748 5652 καὶ
2777 5601 3180 5663 εύδιακλάστοις
3211 5602 3438 5662 ἐννοίαις
3470 5602 3879 5669 ἐπερηρεισμέ-

2295 5711 2401 5754 νος,
2435 5693 2500 5744 τὰ
2529 5693 2703 5744 τοιάδε
2755 5692 2946 5760 λέγων,
2995 5693 3199 5763 amca,
3249 5693 3588 5764 δειχθήσεται
3643 5693 3734 5745 καὶ
3773 5695 3881 5746 οὐκ

2297 5788 2371 5847 εἰς
2407 5785 2636 5854 μακρὰν,
2669 5789 3094 5855 παρενεγκόντος
3125 5790 3251 5856 ἡμῖν
3279 5787 3369 5840 τοῦ
3403 5785 3592 5856 καιροῦ
3619 5787 3709 5840 καὶ
3739 5789 3878 5856 πρός
