4028 6428
178 364 233 423 5’1
1280 357 1651 415 ADVERSUS
1690 356 2092 416 NESTORIUM
2136 361 2262 417 LIB.
2309 362 2346 418 Ι.
2754 414 2764 426 ,
3335 364 3404 420 38

180 504 225 554 τε
255 486 403 540 ταυτὶ
430 484 523 537 τὸν
559 484 736 551 λόγον.
770 472 1012 550 Συνεξρει
1040 483 1093 535 δὲ
1134 483 1343 545 τούτοις
1389 482 1532 551 ἕτερ’
1574 480 1720 534 ἄττα.

1836 490 1888 534 et
1920 482 2329 550 impossibilem,
2378 484 2671 538 admodum
2703 492 2858 538 acute
2882 484 3258 538 demonstrare
3290 503 3303 549 ;
3340 499 3402 538 ac

177 577 229 629 δι’
274 570 345 629 ὧν
399 574 557 645 ᾠήθη
613 574 910 636 δύνασθαι,
953 574 1049 627 xui.
1107 572 1252 643 μάλα
1302 573 1608 644 ἐμφρόνως,
1659 571 1733 634 ὡς

177 665 377 735 ἀκαλλῆ,
407 665 505 717 καὶ
529 663 821 730 ἀνέφικτον
849 664 939 717 τὸν
964 666 1063 733 τῆς
1092 663 1214 717 καθ’
1245 664 1393 734 ἡμᾶς
1432 662 1734 733 γεννήσεως

178 752 429 821 ἀποφῆναι
460 751 683 821 τρόπον.
729 752 844 805 Καὶ
885 751 1236 822 ἀντανίστησι
1269 752 1367 822 μὲν
1401 750 1580 821 ἑαυτῷ
1609 752 1733 813 τοὺς

178 844 290 914 πρὸς
315 844 469 913 ἡμῶν
500 843 695 910 λόγους
718 860 731 874 ·
766 843 940 896 οἴεται
977 844 1035 897 δὲ
1084 842 1579 913 κατευμεγεθήσειν
1633 844 1731 913 ρᾳ-

174 937 304 997 δίως,
345 936 438 988 καὶ
497 935 653 988 οὐδὲν
710 934 873 998 ὖντας
917 937 1171 1004 ἐπιφανεῖ
1226 934 1335 1007 [Ian
1386 934 1729 1006 ἁποφανεῖν],

174 1024 322 1078 καίτοι
353 1025 765 1093 πρεσϐεύοντας
797 1025 1047 1096 τάληθές.
1083 1026 1225 1096 Ἔφη
1256 1025 1312 1078 δὲ
1339 1024 1545 1086 οὕτως·

229 1113 478 1186 [ΕὶΘεὺς,
499 1114 689 1185 φησιν,
719 1116 747 1167 6
771 1114 1025 1185 Χριστὸς,
1050 1114 1242 1185 ἐτέχθη
1274 1115 1330 1167 δὲ
1357 1115 1385 1165 6
1406 1113 1639 1184 Χριστὸς
1668 1114 1731 1165 ὲκ

173 1206 255 1274 τῆς
291 1207 571 1276 μακαρίας
600 1207 842 1278 Μαρίας,
893 1205 1009 1269 πῶς
1051 1207 1153 1261 οὐκ
1186 1205 1331 1259 ἔστιν
1380 1208 1412 1275 ή
1457 1205 1731 1277 Παρθένος

172 1294 403 1357 Θεοτόκος
430 1312 444 1359 ;
498 1295 668 1348 Οὐδὲν
721 1294 955 1366 κρύπτω
982 1295 1092 1348 τῶν
1125 1297 1257 1368 παρ’
1291 1296 1471 1349 αὐτῶν
1516 1295 1724 1349 ἀντιθέ-

172 1402 316 1439 σεων’
356 1389 383 1438 6
415 1386 531 1457 γὰρ
570 1386 670 1455 τῆς
700 1386 961 1457 ἀληθείας
991 1386 1228 1458 ἐραστὴς
1263 1388 1441 1441 πάντα
1467 1386 1536 1440 τὰ
1578 1387 1729 1458 παρὰ

168 1474 244 1528 τοῦ
264 1476 489 1544 ψεύδους
518 1477 700 1548 ἐαυτῷ
734 1476 1059 1549 προσλαϐὼν
1098 1479 1451 1552 ἁντιτίθησι.]
1471 1475 1605 1533 Εἶτα
1628 1480 1728 1551 τὴν

168 1564 295 1616 λύσιν
338 1566 629 1636 ἐπιφέρειν
677 1568 955 1637 πειρᾶται,
1007 1567 1281 1631 τοιαύταις
1324 1571 1468 1625 τισὶν
1497 1571 1729 1633 ἐννοίαις

168 1655 443 1723 χρώμενος·
478 1655 809 1725 [Πλάττεται
846 1658 945 1729 μὲν
974 1659 1102 1730 γὰρ,
1145 1662 1330 1729 φησὶν,
1357 1662 1415 1713 ὲν
1452 1662 1633 1731 μήτρᾳ
1666 1661 1726 1712 τὸ

169 1748 339 1813 lissam;
359 1764 372 1776 ο
405 1745 528 1798 ἀλλ’
556 1747 661 1811 ἕως
694 1748 796 1819 μὲν
826 1748 978 1802 οὔπω
1008 1749 1385 1820 μεμόρφωται,
1414 1749 1592 1819 ψυχὴν
1622 1750 1722 1801 οὐκ

1836 574 1937 627 sibi
1999 576 2236 629 rationes
2285 586 2497 630 nostras
2528 574 2734 644 objicit,
2775 584 2943 640 ratus,
2982 576 3228 644 quamvis
3262 576 3404 628 veri-

1837 671 1998 717 tatem
2029 664 2287 729 colamus,
2322 665 2477 719 facile
2502 682 2598 717 sua
2647 665 2790 720 mole
2835 680 2934 719 nos
2960 667 3303 726 obruturum,
3346 673 3401 714 et

1835 756 2032 810 nullius
2076 757 2235 827 pretii
2272 771 2391 813 esse
2442 756 2690 811 homines
2742 764 3111 811 ostensurum.
3157 752 3247 809 Sic
3273 768 3402 821 ergo

1832 847 1968 902 dixit
1993 867 2004 901 :

1920 1110 2156 1165 Nesron.
2183 1110 2263 1181 [Si
2306 1110 2445 1165 Deus
2466 1110 2834 1177 cstCltristus,
2858 1109 3051 1179 inquit,
3080 1118 3134 1164 et
3153 1108 3400 1164 Christus

1831 1216 1898 1255 ex
1930 1203 2084 1255 beata
2119 1201 2285 1255 Maria
2344 1212 2429 1255 cst
2473 1214 2645 1267 ortus,
2700 1217 2799 1256 cur
2840 1202 3001 1271 Virgo
3045 1215 3146 1256 non
3196 1201 3264 1255 sit
3304 1199 3399 1254 Dei

1830 1292 2103 1361 genitrix?
2128 1292 2270 1346 Nihil
2304 1293 2518 1348 occulto
2544 1294 2687 1364 quod
2710 1293 2777 1348 ab
2798 1293 2904 1346 illis
2943 1292 3236 1361 objicitur:
3270 1307 3397 1345 nam

1829 1383 2072 1437 veritatis
2100 1394 2306 1437 amator
2334 1384 2513 1437 omnia
2546 1399 2664 1452 qua:
2697 1398 2727 1437 a
2759 1382 2987 1438 falsitate
3013 1383 3117 1437 diei
3149 1392 3395 1452 possunt,

1830 1483 2053 1542 accepta
2094 1475 2192 1528 sibi
2219 1474 2425 1542 objicit.
2471 1473 2597 1529 lude
2645 1475 2964 1529 solutionem
2999 1471 3194 1528 afferre
3232 1488 3397 1527 coua-

1833 1562 2133 1617 turtalibus
2163 1565 2448 1619 sententiis
2480 1579 2642 1619 usus:
2684 1564 2971 1619 Formatur
3007 1565 3169 1631 enim,
3201 1564 3397 1632 inquit,

1832 1654 1884 1704 in
1914 1660 2065 1705 utero
2092 1651 2293 1717 infans,
2342 1654 2435 1709 sed
2471 1654 2643 1723 quoad
2674 1655 2901 1724 figuram
2935 1655 3226 1723 acceperit,
3257 1669 3397 1708 nou-

1828 1744 1954 1796 dnm
2008 1745 2170 1798 habet
2218 1746 2489 1799 animam:
2530 1756 2584 1815 at
2614 1748 2703 1800 ubi
2757 1748 3019 1816 iiguratus
3073 1746 3254 1809 fuerit,
3284 1746 3395 1815 jam

164 1810 285 1903 ἑέει·
341 1810 706 1907 siam-tomos».
739 1838 796 1891 δὲ
862 1839 961 1909 ἤδη
1008 1810 1279 1908 ὶζιύχοιῖται
1347 1810 1719 1913 ’Θεοῖμ

1830 1832 2009 1884 anima
2062 1832 2437 1887 informatura
2471 1835 2597 1889 Deo.
2650 1836 2720 1891 Ut
2752 1836 2917 1905 igitur
2961 1836 3151 1890 mulier
3203 1849 3398 1904 corpus

165 1926 347 1994 Ὠσπερ
396 1922 491 1978 οὖν
542 1930 574 1997 ὴ
612 1928 751 1997 γυνὴ
799 1930 972 1981 τίκτει
1010 1929 1107 1998 μὲν
1150 1928 1211 1981 τὸ
1253 1928 1432 1999 σῶμα,
1471 1927 1632 1997 ψη.)χοῖ
1668 1929 1723 1982 δὲ

164 2016 291 2081 Θεὸς,
336 2018 428 2069 καὶ
462 2018 567 2070 οὐκ
615 2017 680 2071 ἂν
714 2018 929 2086 λέγοιτο
974 2019 1109 2091 γυνὴ
1146 2020 1465 2090 ψυχοτόκος,
1502 2023 1583 2075 ὅτι
1627 2022 1727 2093 ἒμ-

162 2106 307 2175 ψνχον
350 2109 665 2178 ἐγέννησεν,
713 2109 1128 2179 ἀνθρωποτὸκος
1177 2110 1233 2163 δὲ
1287 2112 1515 2181 μᾶλλον,
1561 2113 1723 2180 οὕτω,

164 2198 295 2263 φησὶ,
344 2200 437 2250 καὶ
490 2200 524 2269 ἡ
562 2201 810 2270 μακαρία
841 2201 1139 2272 Παρθένος,
1173 2203 1268 2257 καὶ
1306 2206 1354 2257 εἰ
1382 2204 1599 2257 τέτοκεν
1632 2206 1725 2258 ἄν·

163 2288 373 2355 Θρωπον,
394 2305 460 2341 συ
468 2290 881 2360 μπαρελθόντος
901 2293 1048 2364 αὐτῷ
1068 2293 1160 2346 τοῦ
1181 2293 1317 2347 Θεοῦ
1333 2295 1505 2363 Λόγου
1530 2297 1722 2367 (ταύτῃ

160 2381 252 2448 γὰρ
281 2381 559 2450 ἐχρήσατο
605 2385 669 2455 τῇ
700 2384 900 2455 φωνῇ),
946 2386 1006 2438 ού
1052 2386 1139 2440 διὰ
1175 2386 1333 2441 τοῦτο
1363 2388 1670 2459 Θεοτόκος.]

752 2518 1005 2573 ΚΕΦΔΛ.
1039 2524 1111 2575 Δ’.

214 2666 329 2742 Ἀρ*
350 2667 469 2735 οὖν,
498 2671 623 2724 εἰπέ
656 2689 768 2741 μοι,
802 2672 1151 2744 διαϐέϐληται
1182 2676 1336 2744 παρὰ
1387 2677 1468 2729 σοὶ
1496 2677 1555 2729 τὸ
1587 2678 1721 2748 πρὸς

161 2763 296 2834 ἡμῶν
333 2764 669 2835 εἰρημένον;
726 2759 837 2832 ἆρά
890 2780 970 2817 σοι
1002 2765 1148 2818 δοκεῖ
1193 2769 1307 2830 τοῖς
1342 2766 1514 2830 οὕτως
1546 2770 1720 2838 ὀρθῶς

160 2856 238 2907 καὶ
263 2855 573 2925 ἁκιὸδὴλως
602 2855 819 2926 ἔχουσιν
861 2856 1134 2920 ἀσυνέτως
1164 2859 1442 2929 ἐπιτιμᾷν,
1475 2861 1569 2913 καὶ
1602 2860 1721 2929 οὐχ).

159 2946 235 2997 τοῦ
269 2946 341 3015 μὴ
387 2945 653 2999 δύνασθαι
700 2947 945 3013 δοξάζειν
975 2946 1012 3000 ἃ
1050 2948 1176 3019 χρὴ,
1223 2950 1321 3018 τῆς
1356 2950 1554 3003 σαυτοῦ
1600 2951 1717 3004 δια-

157 3035 286 3098 νοέας
326 3034 609 3105 καθοριεῖς
653 3036 722 3088 τὰ
769 3038 1126 3107 ἐγκλήματα;
1162 3032 1257 3100 Οἷς
1284 3037 1393 3108 γὰρ
1428 3039 1492 3091 ἂν
1522 3039 1718 3110 ἁπᾴδοι

156 3126 205 3176 τὸ
239 3126 452 3197 ἀληθὲς,
486 3127 703 3190 τούτοις
731 3127 798 3181 ἂν
828 3128 1055 3195 γένοιτο,
1095 3130 1189 3181 καὶ
1229 3130 1350 3183 λίαν
1377 3130 1627 3199 ἑτοίμως,
1660 3134 1718 3185 ὲν
1746 3160 1788 3218 c

158 3217 413 3287 παραδοχῇ
442 3219 505 3270 τὸ
537 3219 613 3288 μὴ
640 3218 816 3281 οὕτως
856 3219 998 3288 ἕχον,
1026 3222 1119 3272 κα)⁵
1146 3220 1206 3272 τὸ
1235 3223 1346 3283 τοῖς
1375 3222 1719 3290 ἀριστοεπεῖν

158 3309 381 3360 εἰωθόσιν
400 3311 689 3378 ἐπιτιμᾷν,
712 3308 797 3379 εἴη
820 3308 886 3361 ἂν
910 3309 1009 3361 οὐκ
1037 3309 1291 3380 ἀζήμιον·
1318 3311 1517 3379 μᾶλλον
1538 3311 1594 3363 δὲ
1617 3312 1718 3382 ήδη

155 3400 235 3450 καὶ
258 3398 534 3463 ἀπόδειξις
565 3399 803 3470 ἐναργὴς
828 3397 923 3452 τοῦ
957 3401 1380 3471 προσκεκλίσθαι
1411 3403 1488 3472 τῷ
1512 3402 1716 3471 ψεύδει,

156 3493 233 3543 καὶ
265 3492 355 3544 τοῦ
385 3492 610 3545 ἑλέσθαι
637 3494 825 3562 τιμᾷν,
860 3492 895 3546 3.
925 3495 1016 3546 καὶ
1050 3497 1227 3563 μισεῖν
1261 3494 1504 3564 ἄμεινον,
1535 3496 1610 3558 ὡς
1639 3495 1719 3547 λο-

155 3582 331 3651 γισμοῦ
374 3583 473 3636 τοῦ
510 3584 723 3646 εἰκότος
768 3585 1151 3653 ἡμαρτηκότα.
1201 3584 1361 3638 Ἀλλὰ
1388 3585 1496 3638 τῶν
1546 3584 1719 3649 οὕτως

158 3674 370 3743 αἰσχρῶν
397 3676 669 3743 ἐννοήσας
706 3673 882 3737 οὐδεὶς
905 3672 1125 3745 [οὐδέν],
1145 3675 1336 3727 ἑαυτὸν
1369 3677 1467 3745 μὲν
1487 3677 1590 3749 ἔφη
1618 3680 1717 3747 τῆς

157 3763 386 3833 ἀληθείας
412 3763 673 3833 γενέσθαι
698 3764 790 3816 τὸν
811 3763 1064 3833 ἐραστὴν,
1085 3766 1116 3834 ἡ
1125 3766 1230 3835 μᾶς
1260 3766 1314 3817 δὲ
1338 3768 1715 3822 τεκταίνεσθαι

156 3858 201 3905 τὶ
225 3857 409 3923 ψεῦδος
448 3858 605 3925 αὑτῷ
624 3874 637 3886 ·
662 3856 843 3909 καίτοι
875 3856 936 3909 τὸ
966 3860 1152 3926 χρῆμα
1182 3858 1328 3911 ἔστιν
1357 3859 1415 3922 ἐξ
1444 3860 1716 3931 ἀντιστρό-

156 3962 236 4010 φου
274 3949 471 4017 μᾶλλον
510 3948 661 4013 ἰδεῖν,
704 3949 785 4001 ὅτι
825 3964 885 4000 τε
918 3947 1095 4015 ὀρθῶς
1125 3948 1258 4019 ἔχει,
1289 3951 1379 4002 καὶ
1408 3950 1552 4003 ἔστιν
1587 3953 1715 4022 ἀλη-

157 4034 261 4099 Θὲς·
305 4040 361 4090 'U
390 4040 501 4109 γάρ
534 4056 618 4091 τοι
652 4038 747 4091 τοῦ
781 4036 1031 4107 ψεύδους,
1065 4040 1156 4090 καὶ
1190 4038 1287 4108 τῆς
1321 4039 1537 4110 ἀπάτης
1589 4057 1714 4093 συν-

158 4126 327 4196 ήγορος
370 4133 487 4191 τοῖς
544 4129 647 4197 τῆς
704 4128 963 4198 ἀληθείας
1019 4132 1407 4192 συνασπισταίς
1453 4132 1715 4186 ἀνάπτειν

157 4219 380 4285 πειρᾶται
432 4223 536 4288 τῆς
592 4219 964 4288 ςνιευδομυθξας
1011 4220 1103 4273 τὸν
1155 4222 1362 4291 μῶμον,
1420 4225 1560 4293 τάχα
1611 4242 1712 4278 που

157 4307 229 4358 καὶ
272 4312 347 4373 εἰς
396 4310 577 4379 λήθην
622 4310 904 4380 ἐληλακὼς
957 4311 1048 4363 τοῦ
1100 4315 1379 4383 προφήτου
1433 4314 1711 4383 λὲγοντοςο

161 4416 173 4445 ι
210 4400 330 4452 Οὐαὶ
361 4402 409 4453 οἱ
446 4401 705 4469 λέγοντες
750 4400 813 4454 τὸ
858 4401 1094 4472 πονηρὸν
1140 4403 1324 4466 καλὸν,
1358 4406 1530 4459 καὶτὸ
1553 4410 1713 4461 καλὸν

1830 1921 1991 1988 parit,
2031 1922 2122 1973 sed
2151 1921 2292 1976 Deus
2342 1924 2578 1976 animam
2603 1925 2811 1988 tribuit,
2844 1940 3016 1992 neque
3046 1926 3162 1978 ideo
3188 1925 3397 1978 dicetur

1827 2010 2021 2063 anima:
2052 2012 2304 2079 genitrix,
2334 2014 2457 2081 quia
2487 2015 2695 2082 peperit
2722 2016 3039 2081 animatum,
3094 2015 3187 2069 sed
3221 2016 3396 2085 potius

1826 2102 2060 2156 hominis
2089 2104 2320 2171 genitrix
2358 2122 2373 2169 ;
2408 2105 2486 2159 sic
2517 2121 2730 2173 quoque
2770 2107 2924 2160 beata
2971 2105 3153 2175 Virgo,
3199 2108 3395 2175 inquit,

1827 2194 1927 2247 etsi
1964 2195 2173 2261 peperit
2199 2196 2467 2249 hominem
2505 2198 2661 2251 simul
2695 2213 2816 2252 cum
2866 2198 2957 2253 illo
2984 2209 3397 2268 pertranseunte

1827 2283 1918 2338 Dei
1962 2284 2135 2340 Verbo
2171 2287 2313 2355 (nam
2355 2289 2451 2341 hac
2504 2297 2585 2341 est
2626 2303 2759 2345 voce
2803 2290 2975 2359 usus),
3011 2306 3115 2346 nou
3172 2291 3289 2347 ideo
3313 2298 3397 2345 est

1826 2374 1920 2431 Dei
1947 2378 2236 2447 genitrix.]

2479 2514 2626 2570 CAP.
2662 2512 2752 2569 ιν.

1896 2665 2031 2719 Num
2072 2667 2253 2734 igitur,
2283 2683 2486 2737 qua:so,
2511 2672 2876 2726 accusaudmn
2940 2682 3095 2739 potas
3128 2675 3267 2744 quod
3304 2676 3390 2730 di-

1824 2758 1965 2812 citur
1993 2773 2021 2810 a
2065 2758 2219 2813 nobis
2249 2760 2272 2811 ?
2306 2776 2430 2813 num
2493 2760 2607 2826 tibi,
2653 2776 2771 2830 quae
2812 2769 2916 2814 tam
2971 2773 3118 2818 recta
3168 2778 3293 2821 sunt
3330 2782 3394 2820 ac

1824 2849 2011 2916 proba,
2035 2849 2197 2903 stulte
2230 2851 2668 2918 reprehendenda
2695 2853 2973 2906 videntur?
2999 2868 3059 2908 ac
3084 2871 3186 2910 non
3218 2859 3393 2924 potius

1823 2948 2056 2993 mentem
2102 2949 2245 3001 tuam
2293 2941 2576 2995 accusabis
2630 2944 2769 3009 quod
2832 2954 2976 2998 recte
3030 2948 3233 3000 sentire
3287 2964 3391 3002 non

1824 3029 1996 3084 valeat
2024 3029 2179 3099 1'18
2208 3030 2342 3084 Nam
2384 3030 2580 3098 quibus
2622 3031 2869 3102 displicet
2920 3034 3148 3099 veritas,
3190 3038 3254 3092 iis
3290 3054 3390 3093 usu

1822 3123 1991 3186 venit,
2017 3123 2302 3189 etquidem
2337 3121 2612 3190 facillime,
2653 3133 2712 3177 ut
2740 3125 2791 3179 id
2841 3127 2981 3193 quod
3020 3141 3177 3183 secus
3230 3132 3393 3186 habet

1822 3213 2271 3281 amplectantur:
2331 3226 2387 3268 et
2456 3227 2601 3270 recte
2656 3217 2939 3285 loquentes
3001 3220 3393 3289 reprehendere

1818 3304 1958 3357 haud
2009 3306 2204 3360 damno
2233 3315 2405 3369 vacat,
2441 3306 2552 3360 imo
2595 3321 2724 3361 vero
2760 3321 3135 3377 argumentum
3167 3322 3249 3368 est
3274 3316 3389 3368 cvi-

1818 3395 1950 3449 deus
1977 3397 2141 3449 animi
2180 3398 2244 3451 ad
2278 3397 2568 3453 falsitatem
2600 3404 2872 3469 propensi,
2896 3412 2949 3457 et
2976 3418 3037 3457 ca
3060 3405 3391 3473 amplecten-

1821 3487 1891 3541 tis
1924 3501 2043 3556 qua:
2065 3489 2341 3542 exsecrari
2402 3499 2625 3556 praestat
2658 3500 2713 3544 ut
2744 3508 2771 3543 a
2804 3503 2946 3547 recta
2986 3496 3193 3549 ratione
3233 3497 3391 3550 dissi-

1818 3577 2020 3632 dentia.
2053 3575 2159 3632 Sed
2191 3592 2350 3645 quam
2383 3580 2490 3634 siut
2526 3582 2639 3635 haec
2668 3584 2841 3651 turpia
2880 3585 3010 3637 nihil
3039 3588 3300 3654 cogitans,
3331 3603 3392 3641 se

1816 3682 1936 3722 esse
1969 3669 2105 3722 dixit
2138 3669 2382 3725 veritatis
2416 3680 2737 3737 amatorem,
2788 3688 2885 3728 nos
2941 3686 3129 3729 contra
3179 3686 3389 3731 struere

1815 3759 2154 3814 mendacium
2195 3777 2209 3815 :
2250 3776 2373 3816 cum
2424 3761 2476 3816 id
2532 3764 2842 3819 econtrario
2901 3776 2956 3819 et
3021 3768 3388 3823 rationabilius

1815 3864 1935 3905 esse
1961 3860 2018 3905 et
2062 3852 2244 3908 verius
2292 3855 2635 3924 perspicuum
2678 3856 2749 3910 sit
2782 3872 2945 3912 :natn
3002 3858 3250 3913 falsitatis
3299 3875 3388 3913 er-

1816 3939 2066 4006 rorisque
2091 3950 2368 4009 patronus,
2395 3944 2638 3997 veritatis
2678 3955 3100 4015 propugnatores
3139 3948 3387 4002 falsitatis

1817 4033 2024 4087 macula
2053 4042 2279 4087 conatur
2310 4051 2617 4105 aspergere,
2640 4037 2840 4091 oblitus
2870 4039 3097 4093 fortasse
3114 4043 3389 4109 propheta:

1817 4124 2045 4178 dicentis
2084 4144 2097 4179 :
2142 4147 2158 4177 ι
2196 4125 2287 4180 Va:
2316 4128 2407 4196 qui
2435 4129 2837 4183 dicuntbonum
2866 4130 3062 4184 malum
3106 4139 3159 4186 ct
3192 4134 3386 4186 malum

1817 4219 2039 4281 bonum,
2074 4219 2163 4286 qui
2198 4229 2403 4287 ponunt
2443 4222 2691 4275 tenebras
2731 4221 2904 4276 lucem
2954 4234 3005 4277 et
3035 4223 3204 4278 lucem
3238 4235 3387 4279 tene-

1816 4310 1944 4363 bras
1978 4308 2019 4340 “
2048 4311 2059 4363 !
2089 4329 2106 4361 ι
2149 4308 2433 4363 Verumex
2480 4309 2642 4364 allato
2698 4326 2726 4363 a
2782 4327 2841 4366 se
2881 4315 3123 4382 exemplo
3178 4314 3388 4369 nescire

1819 4402 1965 4455 illum
2009 4412 2195 4471 aperte
2241 4401 2366 4468 quid
2399 4401 2561 4464 dicat,
2595 4416 2886 4471 coarguere
2918 4406 3174 4457 conabor.

156 4491 390 4559 πονηρόν·
424 4492 474 4543 οἱ
511 4490 759 4553 τιθέντες
805 4490 868 4542 τὸ
906 4491 1092 4552 σκότος
1129 4494 1208 4556 εἰς
1260 4492 1397 4561 φῶς,
1431 4495 1524 4547 καὶ
1563 4497 1621 4549 τὸ
1666 4501 1780 4568 φῶς
1835 4500 1913 4559 εἰς
1962 4493 2169 4553 σκότος,
2209 4512 2226 4541 ι
2269 4489 2413 4558 Πλὴν
2440 4490 2502 4542 ἐκ
2537 4490 2627 4541 τοῦ
2669 4491 3052 4562 παροισθέντος
3092 4495 3239 4565 αὑτῷ
3279 4512 3388 4547 πα-

156 4583 483 4653 ραδείγματος
539 4585 677 4655 μηδὲ
732 4584 911 4639 εἰδότα
968 4586 1174 4655 σαφῶς,
1222 4587 1250 4641 ὃ
1302 4589 1471 4657 λέγει,
1523 4592 1787 4662 διελέγξαι
1818 4591 2169 4663 πειράσομαι.

208 4671 445 4725 Τεκτεται
483 4674 589 4743 μὲν
618 4673 729 4743 γὰρ
772 4675 883 4728 ἀπὸ
926 4676 1124 4746 σαρκὸς
1169 4678 1203 4747 ἡ
1250 4677 1386 4749 σὰρξ
1430 4681 1713 4751 ὁμολογουο

1891 4681 2143 4749 Gignitur
2168 4678 2309 4733 enim
2350 4694 2377 4730 a
2409 4692 2571 4731 carne
2630 4694 2756 4732 caro
2784 4681 2967 4748 procul
3000 4682 3180 4749 dubio,
3215 4694 3267 4739 et
3301 4688 3387 4743 ille

157 4762 301 4827 μὲνως
322 4782 333 4792 ·
374 4768 402 4819 ὁ
440 4766 499 4817 δέ
549 4782 613 4831 γε
646 4766 756 4818 τῶν
790 4767 929 4819 ὅλων
960 4770 1301 4840 Δημιουργὸς
1347 4772 1471 4825 καθ’
1498 4773 1555 4826 ὂν
1594 4771 1701 4827 οἶδε

152 4854 319 4919 τρόπον
362 4873 417 4907 τε
477 4855 579 4908 κα)⁸
624 4855 803 4923 λόγον,
855 4860 1088 4911 ποιεῖται
1118 4859 1215 4930 τὴν
1260 4859 1542 4930 ψύχωσινθ
1596 4864 1710 4918 ἀλλ’

154 4942 414 5006 ἠτεκοῦσα
444 4945 611 5016 γυνὴ,
662 4946 843 5000 καίτοι
881 4946 1049 5018 μόνης
1080 4944 1214 5003 οὖσα
1245 4952 1397 5021 πηγὴ
1441 4955 1541 5025 τῆς
1589 4972 1712 5025 σαρ-

154 5032 240 5096 κὸς,
288 5037 579 5108 ἄνθρωπον
630 5037 754 5089 ὅλον
799 5037 1089 5092 ἀποτεκεῖν
1124 5044 1461 5110 πιστεύεται,
1512 5044 1601 5097 τὸν
1645 5047 1709 5099 ἐκ

153 5119 296 5192 duxi};
325 5126 387 5197 δὴ
435 5128 587 5195 λέγω
634 5128 729 5180 καὶ
779 5125 1052 5196 σώματος,
1108 5132 1284 5183 καίτοι
1313 5131 1445 5201 πρὸς
1475 5132 1573 5203 τὴν
1609 5136 1709 5205 τῆς

154 5212 299 5284 Ψυχῆς
350 5218 592 5291 ὓπαρξιν
637 5218 751 5273 τῶν
799 5221 932 5291 παρ’
980 5222 1177 5293 ἑαυτῆς
1224 5224 1707 5293 συνεισενεγκοῦσα

156 5306 291 5373 μηδὲν
317 5326 328 5340 ·
359 5311 387 5363 6
426 5310 485 5363 δέ
524 5328 591 5379 γε
642 5310 933 5381 ἄνθρωπον
979 5311 1169 5378 εἰπὼν,
1222 5315 1559 5385 συνεσήμηνέ
1606 5333 1707 5368 που

154 5397 333 5462 παντως
362 5402 440 5471 τῷ
475 5400 696 5472 σώματι
724 5403 826 5471 τὴν
853 5402 1142 5458 ὲνωθεϊσαν
1173 5404 1324 5474 αὺτῷ
1351 5405 1550 5477 ψυχήν.
1587 5406 1708 5458 Ὥσ-

151 5497 235 5553 περ
255 5482 338 5541 οὖν
364 5492 396 5560 η
441 5493 607 5563 γυνὴ,
649 5492 828 5545 καίτοι
864 5490 1100 5547 τεκοῦσα
1126 5493 1188 5546 τὸ
1220 5493 1378 5563 σῶμα
1407 5494 1588 5564 μόνον,
1617 5495 1706 5547 τὸν

152 5572 200 5622 ἐκ
224 5576 381 5649 ψυχῆς
416 5583 515 5635 καὶ
563 5580 825 5653 σώματος
859 5582 1175 5641 ἀποτίκτειν
1220 5584 1472 5653 λέγεται·
1524 5582 1705 5637 διαλυ-

206 5758 237 5785 ³¹
273 5758 365 5814 lszr.
404 5776 456 5827 ν,
490 5761 580 5813 9.0.

1817 4787 1997 4827 rerum
2030 4770 2269 4825 omnium
2302 4766 2491 4836 Opifex
2542 4769 2699 4823 modo
2728 4780 2781 4823 et
2826 4773 3031 4826 ratione
3066 4790 3222 4841 quam
3270 4778 3385 4847 ipse

1815 4864 1982 4927 novit,
2019 4869 2076 4914 ut
2114 4861 2347 4914 animata
2415 4860 2485 4913 sit
2541 4856 2699 4912 ellieit
2747 4877 2759 4912 :
2803 4863 2897 4915 sed
2957 4873 3131 4916 tamen
3193 4868 3384 4923 mulier

1813 4969 1931 5022 qua:
1987 4952 2216 5021 peperit,
2269 4951 2376 5003 etsi
2428 4950 2607 5004 carnis
2666 4953 3034 5006 tantummodo
3080 4956 3150 5008 sit
3209 4958 3381 5027 Origo,

1815 5054 1983 5097 totum
2017 5044 2290 5096 hominem
2321 5052 2497 5095 tamen
2541 5042 2697 5094 enixa
2756 5043 3022 5107 creditur,
3081 5062 3145 5099 ex
3202 5050 3382 5103 anima

1810 5134 2029 5203 inquam
2054 5146 2106 5187 ct
2131 5148 2374 5202 corpore,
2402 5135 2646 5201 quamvis
2675 5136 2740 5187 ad
2788 5137 3157 5192 cxsistcntiam
3189 5142 3384 5196 anima:

1810 5226 1946 5280 nihil
1975 5241 2003 5279 a
2040 5240 2099 5281 se
2129 5226 2241 5294 ipsa
2270 5225 2595 5279 contulerit:
2636 5228 2729 5280 sed
2783 5237 2960 5282 tamen
2987 5230 3076 5299 qui
3110 5231 3380 5287 hominem

1808 5318 1967 5382 dixit,
2001 5319 2235 5371 animam
2268 5333 2481 5386 quoque
2512 5320 2726 5387 corpori
2779 5322 2985 5374 uuitaut
3024 5323 3183 5376 simul
3214 5326 3380 5395 signi-

1811 5407 2008 5461 licavit.
2050 5407 2116 5461 Ut
2146 5422 2276 5476 ergo
2302 5407 2493 5461 mulier
2514 5408 2760 5477 quamvis
2781 5410 2954 5464 solum
2983 5427 3177 5481 corpus
3195 5416 3374 5477 enixa,

1807 5512 2129 5567 ea.corpore
2154 5509 2209 5553 et
2236 5500 2414 5552 anima
2464 5510 2801 5555 constantem
2838 5504 3111 5571 peperisse
3151 5505 3373 5567 dicitur,

1808 5602 1985 5658 neque
2010 5598 2185 5645 tamen
2217 5591 2270 5645 id
2298 5591 2490 5645 animae
2526 5592 2823 5647 rationibus
2867 5594 3159 5664 quidquam
3187 5595 3371 5659 ollirit,
