4028 6434
567 356 638 412 39
1549 351 1606 406 S.
1631 347 1906 405 CYRlLlJ
1949 347 2419 406 ALFXANDRINI
2459 353 2778 411 AllClllEP.
2807 357 2826 410 l
3780 365 3852 421 ιο

569 469 722 539 quasi
767 482 983 522 carnem
1025 481 1135 520 sum
1169 465 1504 521 exsistcntiae
1535 465 1790 518 habuerit
1822 463 2055 522 initium.
2086 463 2157 515 ita

2291 470 2518 522 ιανείται
2561 471 2618 523 δὲ
2662 473 2821 526 τοῦτο
2849 474 2960 536 τοῖς
3008 473 3103 542 τῆς
3132 473 3310 544 ψυχῆς
3353 473 3532 542 λόγοις
3566 476 3736 540 οὐδὲν,
3773 479 3852 542 ὡς

569 562 735 614 etiam
762 575 820 614 se
841 575 929 613 res
960 559 1121 613 habet
1155 558 1206 610 in
1261 559 1415 612 beata
1468 554 1688 624 Virgine
1717 570 1731 608 :
1760 569 1882 608 nam
1944 554 2158 607 etiamsi

570 657 774 702 sanctae
826 647 968 700 illius
1032 647 1218 700 carnis
1277 655 1362 701 est
1414 653 1608 708 mater,
1655 654 1899 698 attamen
1951 644 2160 698 unitum

571 739 675 793 sibi
727 754 912 794 revera
946 737 1076 793 illud
1112 752 1178 792 ex
1243 739 1350 792 Deo
1396 736 1565 792 Deum
1624 735 1857 792 Verbum
1909 738 2161 807 peperit:

574 843 749 898 neque
784 830 828 882 si
882 829 1004 897 qttis
1039 829 1184 882 illam
1220 827 1315 881 Dei
1354 828 1675 896 genitricem
1727 827 1950 889 dixerit,
1992 829 2166 883 conti-

575 934 682 973 nuo
732 933 956 988 prorsus
1005 918 1097 971 Dei
1149 915 1329 970 Verbo
1389 917 1682 970 novitatem
1747 917 2028 986 impinget,
2074 925 2168 970 aut

574 1025 686 1064 sua:
744 1009 1078 1062 exsistentire
1127 1007 1343 1061 initium
1380 1022 1600 1062 acarne
1651 1007 1870 1060 duxisse
1922 1007 2163 1069 deliniet,

576 1101 673 1157 sed
725 1100 908 1168 potius
945 1099 1378 1170 dispensationis
1436 1099 1652 1152 tnodum
1686 1097 1972 1167 intelliget,
2004 1106 2167 1166 atque

576 1192 739 1247 etiam
761 1192 836 1244 rei
867 1200 1031 1244 tanta:
1055 1191 1415 1244 admiratione
1443 1189 1650 1244 deﬁxus
1673 1190 1812 1243 dicet
1838 1207 1850 1242 :
1879 1208 1896 1240 ι
1921 1188 2166 1250 Domine,

578 1284 755 1339 audivi
798 1283 1040 1338 auditum
1076 1293 1248 1346 tuum,
1302 1293 1357 1335 et
1395 1282 1586 1344 timui;
1641 1280 1884 1344 Domine,
1915 1279 2166 1334 conside-

580 1377 691 1430 ravi
724 1390 886 1445 opera
932 1385 1040 1439 tua,
1071 1385 1125 1429 et
1157 1374 1353 1442 expavi
1379 1373 1447 1424 δ’.
1491 1390 1509 1423 ι
1551 1372 1655 1426 Sed
1703 1371 1806 1426 iste
1839 1371 2058 1437 sapiens
2116 1372 2166 1423 in

581 1468 769 1537 primis
797 1476 851 1519 et
880 1474 1070 1518 acutus
1109 1466 1413 1529 expositur,
1459 1465 1548 1531 qui
1584 1464 1690 1515 vim
1751 1463 1983 1528 exempli
2040 1474 2162 1529 per-

581 1556 838 1624 cepisset,
898 1551 1036 1624 (Sic,
1109 1554 1306 1619 inquit.
1371 1554 1536 1607 etiam
1600 1555 1754 1606 beata
1813 1549 2002 1619 Virgo,
2067 1551 2166 1604 etsi

583 1649 790 1716 peperit
823 1645 1096 1699 hominem
1145 1646 1304 1698 simul
1347 1631 1766 1713 pertranseunte
1801 1659 1924 1696 cum
1953 1643 2041 1696 illo
2073 1641 2164 1694 Dei

587 1737 779 1801 Verbo,
823 1753 929 1790 non
978 1737 1099 1790 ideo
1143 1745 1226 1789 est
1263 1735 1354 1788 Dei
1403 1736 1638 1804 genitrix
1673 1753 1686 1789 :
1728 1733 1834 1804 19
1875 1749 1980 1787 non
2023 1734 2167 1787 enim

583 1828 745 1883 Verbi
782 1829 1022 1898 dignitas
1054 1844 1080 1880 a
1127 1829 1281 1881 beata
1322 1827 1539 1896 Virgine
1568 1828 1755 1894 coepit,
1790 1829 1883 1880 sed
1931 1834 2051 1878 erat
2078 1840 2167 1877 na-
2204 1817 2248 1873 Β

586 1931 706 1974 tura
764 1917 1121 1990 Deus.]Qnid
1182 1929 1363 1972 autent
1419 1917 1493 1972 sit
1549 1918 1787 1972 Verbum
1842 1917 2002 1971 simul
2046 1931 2171 1970 cum

584 2025 750 2064 carne
801 2008 1157 2079 pertransire,
1195 2008 1308 2075 ipse
1335 2006 1563 2060 fortasse
1587 2009 1755 2070 norit,
1783 2020 1848 2060 ac
1869 2005 2038 2059 solus.
2068 2004 2173 2058 Sed

585 2103 722 2155 satis
750 2101 936 2155 mirari
971 2115 1180 2169 nequeo
1213 2111 1322 2152 tam
1352 2099 1606 2153 subtilem
1645 2099 1786 2154 illius
1817 2099 2174 2169 diligentiam.

589 2194 721 2247 Nam
751 2194 985 2248 Verbum
1035 2194 1210 2260 ipsum
1254 2192 1346 2244 Dei
1378 2191 1590 2245 unitum
1623 2205 1743 2246 esse
1789 2193 1940 2244 carni
1972 2204 2172 2245 secun-

587 2288 713 2340 dum
771 2286 1128 2356 bypostasim,
1183 2297 1366 2336 sermo
1425 2283 1674 2337 veritatis
1724 2283 1982 2352 praedicat
2028 2301 2040 2335 :
2093 2281 2177 2335 hic

590 2396 718 2432 vero
768 2378 928 2431 simul
992 2376 1352 2446 pertransisse
1408 2375 1702 2444 (quidnam
1759 2390 1823 2429 eo
1857 2374 2020 2426 verbo
2053 2374 2180 2427 velit

592 2471 808 2537 nescio)
846 2484 986 2536 szepe
1028 2468 1305 2522 inculcatis
1352 2467 1605 2521 allii-mat.
1667 2467 1873 2520 Deinde
1921 2483 2044 2520 cum
2113 2465 2180 2520 de

594 2575 783 2616 natura
819 2564 974 2616 nobis
1001 2572 1055 2615 et
1084 2562 1291 2616 unitate
1316 2562 1610 2615 secundum
1641 2561 1976 2630 hypostasim
2004 2562 2182 2615 omnis

592 2655 665 2710 sit
725 2657 863 2708 ratio
921 2655 1219 2724 proposita,
1270 2663 1324 2708 et
1374 2654 1744 2724 pervestigare
1800 2654 2017 2706 studeat
2073 2669 2180 2707 non

592 2746 852 2817 quidnam
915 2747 986 2798 sit
1027 2747 1326 2798 secundum
1393 2747 1713 2815 dignitatem
1776 2746 1902 2800 illud
1962 2761 2028 2800 ex
2077 2746 2184 2799 Deo

595 2837 858 2901 Verbum,
895 2839 989 2892 sed
1027 2847 1206 2889 utrum
1271 2854 1335 2890 ex
1391 2837 1797 2906 dispensatione
1853 2835 2054 2890 factum
2115 2837 2185 2890 sit

598 2929 807 2990 homo,
865 2938 919 2981 et
975 2943 1194 2982 carnem
1245 2944 1308 2983 ex
1367 2928 1591 2981 muliere
1647 2930 1917 2998 propriam
1973 2928 2184 2991 fecerit,

595 3018 948 3089 quaestionem
1003 3018 1054 3071 in
1109 3017 1212 3070 alia
1256 3018 1490 3072 absurde
1533 3017 1818 3080 transfert,
1853 3019 2033 3088 aitque
2079 3033 2184 3072 non

595 3126 664 3164 ex
696 3111 850 3163 beata
899 3109 1119 3178 Virgine
1179 3109 1495 3176 dignitatem
1550 3124 1676 3163 esse
1722 3108 1898 3163 Verbo
1950 3117 2182 3178 partam,

600 3203 696 3256 sed
749 3201 916 3256 fuisse
965 3211 1157 3255 natura
1193 3201 1385 3255 Deum.
1410 3202 1478 3254 At
1511 3202 1784 3267 quomodo
1821 3217 1924 3254 non
1975 3200 2183 3269 perspi—

598 3309 759 3347 cuum
808 3293 879 3346 sit
928 3293 1138 3346 diversa
1189 3306 1413 3359 prorsus
1444 3306 1564 3345 esse
1613 3292 1934 3361 dignitatem
1978 3301 2030 3344 et
2082 3307 2182 3343 tta-

602 3396 782 3439 turam
813 3385 835 3438 ?
864 3382 969 3438 Sed
1030 3386 1081 3438 itt
1118 3384 1201 3436 bis
1249 3385 1412 3438 rebus
1445 3383 1797 3436 subtilitatem
1832 3383 2040 3436 dicendi
2077 3396 2182 3433 non

603 3475 783 3543 magni
815 3477 1121 3543 pendimus.
1149 3475 1302 3539 Quod
1334 3484 1515 3528 autem
1567 3474 1832 3542 sequitur,
1876 3472 2187 3540 perspicere

602 3566 973 3620 necessarium
1025 3579 1147 3618 esse
1202 3577 1587 3618 censeoznam
1641 3563 1706 3616 iis
1763 3576 1884 3629 quae
1940 3574 1968 3612 a
2030 3559 2186 3612 nobis

602 3658 879 3716 dicuntur,
926 3655 1071 3708 aliud
1123 3654 1395 3724 quoddam
1441 3652 1629 3722 objicit
1677 3659 2081 3721 argumentum,
2132 3655 2189 3700 ut

601 3749 718 3817 ipse
746 3759 894 3801 certe
919 3756 1090 3815 putat,
1153 3746 1467 3801 inevitabile
1505 3759 1639 3799 sane
1667 3753 1721 3798 et
1751 3743 1885 3797 satis
1931 3742 2187 3803 validum,

604 3851 665 3894 ut
699 3841 874 3908 possit
918 3849 969 3892 ct
1008 3839 1223 3908 quidem
1287 3839 1548 3891 audacter
1604 3839 1772 3905 ipsam
1823 3833 2191 3890 Emmanuelis

613 3948 681 3985 ex
723 3933 949 3984 muliere
1003 3930 1408 3998 generationem
1448 3929 1629 3982 ludunt
1687 3928 1842 3982 nobis
1881 3937 1936 3981 et
1975 3928 2188 3980 inanem

607 4021 845 4076 tabulam
878 4019 1126 4074 reddere.
1154 4021 1339 4089 ltaque
1372 4020 1453 4072 sic
1494 4033 1681 4072 rursus
1710 4017 1785 4071 ait
1817 4034 1832 4070 :

679 4260 914 4314 Nss'ren.
962 4258 1080 4331 [De
1111 4259 1266 4312 beato
1297 4257 1504 4310 Joanne
1541 4255 1782 4326 Baptista
1818 4258 2142 4325 praedicatur
2165 4275 2194 4310 ιι

611 4352 814 4408 sanctis
858 4353 1061 4419 angelis
1087 4389 1101 4411 ,
1140 4351 1466 4420 implendum
1515 4364 1634 4402 esse
1699 4348 1954 4402 infantem
1991 4348 2194 4416 Spiritu

615 4454 802 4496 sancto
835 4444 1010 4494 adhuc
1054 4456 1121 4494 ex
1155 4453 1308 4494 utero
1346 4441 1533 4493 matris
1576 4456 1686 4494 sua:
1729 4457 1743 4506 ;
1784 4449 1836 4494 et
1863 4441 1950 4493 hic
2008 4440 2197 4494 beatus

2268 565 2444 635 σάρκα
2491 565 2591 632 τὴν
2645 565 2752 617 ἀπὸ
2796 568 2898 636 τῆς
2946 565 3085 628 ἰδίας
3133 566 3419 636 ὑπάρξεως
3466 566 3854 639 λαμϐανούσης

2267 656 2461 726 ἀρχὴν,
2509 657 2651 710 οὕτω
2686 659 2780 710 καὶ
2822 658 2914 710 ἐπὶ
2966 658 3065 728 τῆς
3112 659 3387 728 μακαρίας
3441 658 3755 730 Παρθένου·
3803 665 3856 715 εί

2266 754 2374 820 γὰρ
2404 752 2498 804 καὶ
2543 755 2726 824 μήτηρ
2757 753 2872 805 ἐστὶ
2906 753 3005 822 τῆς
3049 754 3210 822 ἀγίας
3244 755 3465 824 σαρκὸς,
3502 756 3616 808 ἀλλ’
3646 751 3738 809 οὖν
3769 759 3858 809 ὲκ-

2267 845 2489 897 τέτοκεν
2537 845 2806 899 ὲνωθέντα
2837 846 2975 916 αὐτῇ
3008 847 3148 898 κατὰ
3193 845 3452 915 ἀλήθειαν
3485 846 3576 898 τὸν
3621 847 3684 899 ὲκ
3714 848 3857 899 Θεοῦ

2267 938 2400 990 Θεδν
2435 938 2606 1004 Λόγον
2629 954 2640 965 ⁸
2688 938 2793 991 κᾶν
2834 938 2886 990 εἴ
2929 956 3012 1001 τις
3041 938 3176 1010 λέγῃ
3214 938 3476 992 Θεοτόκον
3505 940 3697 1009 αὐτὴν,
3732 940 3861 1009 ούχὶ

2268 1031 2330 1099 δή
2377 1048 2481 1082 που
2514 1030 2735 1093 πάντως
2774 1029 3019 1100 καθοριεῖ
3061 1029 3153 1084 τοῦ
3182 1030 3317 1083 Θεοῦ
3349 1030 3525 1098 Λόγου
3564 1031 3624 1084 τὸ
3662 1030 3863 1084 νεώτε-

2273 1140 2385 1195 ρον,
2413 1123 2536 1175 οὗτε
2571 1123 2676 1193 μὴν
2697 1124 2796 1192 τῆς
2821 1124 2953 1186 ἰδίας
2981 1122 3267 1192 ὑπάρξεως
3295 1124 3395 1194 τὴν
3421 1123 3597 1195 ἀρχὴν
3625 1126 3864 1194 πεποιῆ-

2273 1215 2395 1266 σθαι
2425 1213 2523 1285 τὴν
2559 1215 2771 1286 σάρκα·
2807 1217 3024 1284 συνήσει
3067 1214 3123 1266 δὲ
3165 1214 3364 1284 μᾶλλον
3411 1215 3512 1284 τῆς
3543 1216 3862 1284 οἰκονομίας

2269 1304 2360 1356 τὸν
2390 1305 2624 1374 τρόπον·
2667 1305 2759 1358 καὶ
2790 1305 2854 1372 δὴ
2901 1306 2994 1356 καὶ
3037 1303 3322 1370 Θαυμάσας
3354 1303 3414 1355 τὸ
3455 1303 3666 1373 χρῆμα,
3706 1305 3859 1373 ὲρεί’

2278 1413 2295 1445 ι
2343 1393 2539 1465 Κύριε,
2572 1396 2874 1464 εἰσακήκοα
2913 1394 3010 1464 τὴν
3047 1394 3218 1463 ἀκοήν
3255 1410 3370 1455 σου,
3402 1393 3496 1445 καὶ
3544 1392 3820 1462 ἐφοὸήοην
3845 1408 3860 1421 °

2273 1483 2465 1553 Κύριε,
2497 1484 2799 1554 κατενόησα
2823 1483 2890 1535 τά
2916 1484 3052 1552 ἔργα
3079 1500 3196 1545 σου,
3228 1483 3324 1536 καὶ
3365 1482 3609 1553 ἐξέστην.
3651 1502 3668 1534 ι
3717 1483 3864 1535 Ἀλλ’

2271 1577 2299 1628 ὁ
2339 1576 2613 1642 πάναοφος
2658 1577 2789 1645 ἡμῖν
2835 1577 2930 1629 καὶ
2981 1577 3236 1646 ἀγχίνους
3288 1575 3560 1646 ἐξηγητὴς
3612 1575 3710 1646 τὴν
3761 1575 3866 1628 τοῦ

2273 1669 2716 1738 παραδείγματος
2745 1667 2974 1737 δύναμιν
3000 1669 3271 1738 νενοηκὼς
3294 1685 3306 1697 ·
3337 1666 3535 1738 (Cum),
3570 1669 3725 1736 φησὶ,
3765 1668 3872 1720 καὶ

2276 1761 2308 1829 ἡ
2337 1761 2465 1829 ἁγία
2496 1759 2794 1832 Παρθένος,
2827 1760 2922 1812 καὶ
2948 1763 2995 1812 εί
3021 1761 3240 1813 τέτοκεν
3269 1760 3573 1830 ἄνθρωπον,
3604 1776 3869 1830 συμπαρ-

2277 1853 2523 1914 ελθόντος
2569 1852 2720 1923 αύτῷ
2763 1852 2856 1904 τοῦ
2893 1851 3029 1906 Θεοῦ
3077 1853 3273 1921 Λόγου,
3321 1852 3436 1905 ἀλλ’
3483 1853 3544 1905 οὺ
3585 1852 3673 1904 διὰ
3703 1853 3873 1906 τοῦτο

2275 1946 2568 2007 Θεοτόκος·
2599 1948 2661 1998 οὐ
2707 1946 2816 2015 γὰρ
2848 1945 2997 2015 παρὰ
3033 1945 3132 2013 τὴς
3171 1943 3450 2014 μακαρίας
3483 1944 3760 2015 Παρθένου
3803 1943 3874 1997 τὸ

2278 2037 2497 2106 ἀξίωμα
2547 2036 2744 2104 Λόγου,
2785 2037 2899 2090 ἀλλ’
2952 2032 3019 2108 ἧν
3077 2036 3235 2105 φύσει
3285 2035 3463 2106 Θεός.]
3510 2035 3584 2088 Τὸ
3632 2037 3730 2106 μὲν
3772 2031 3874 2089 οὖν

2279 2129 2686 2200 συμπαρελθεῖν
2719 2131 2784 2199 τῇ
2819 2130 2980 2200 σαρκὶ
3029 2128 3118 2180 τὸν
3151 2129 3345 2196 Λόγον,
3373 2129 3400 2181 ὃ
3445 2128 3498 2179 τί
3534 2129 3664 2179 ποτέ
3693 2128 3872 2187 ἐστιν,

2280 2223 2441 2285 αὐτὸς
2480 2222 2544 2276 ἃν
2585 2223 2773 2291 εἰδείη,
2809 2222 2904 2273 καὶ
2941 2222 3132 2290 μόνος·
3169 2221 3382 2290 ἄγαμαι
3429 2219 3486 2272 δὲ
3534 2220 3738 2289 σφόδρα
3769 2223 3876 2291 τῆς

2279 2314 2422 2366 οὕτω
2455 2313 2658 2382 λεπτῆς
2704 2313 2987 2382 ἀκριϐείας
3020 2311 3168 2382 αύτῷ
3202 2311 3310 2384 [ἴσ.
3345 2309 3550 2382 αὑτόν].
3599 2311 3879 2365 Ἢνῶσθαι

2285 2405 2383 2476 μὲν
2412 2406 2520 2475 γάρ
2549 2408 2614 2476 τῇ
2654 2408 2818 2474 σαρκὶ
2853 2405 2973 2458 καθ’
3012 2406 3310 2458 ὑπόστασιν
3341 2405 3434 2458 τὸν
3461 2403 3556 2457 τοῦ
3591 2404 3725 2456 Θεοῦ
3767 2407 3878 2458 Λό-

2283 2514 2399 2564 γον,
2434 2499 2461 2548 ό
2501 2498 2601 2565 τῆς
2649 2498 2909 2566 ἀληθείας
2951 2497 3242 2568 πρεσϐεύει
3297 2497 3488 2564 λόγος’
3522 2496 3580 2548 τὸ
3611 2496 3664 2548 δὲ
3699 2495 3807 2567 [ἵσ.
3849 2498 3882 2548 ὁ

2283 2589 2364 2661 δὲ]
2395 2588 2820 2658 συμπαρελθεῖν,
2854 2589 2953 2640 οὐκ
2977 2585 3071 2640 οἷδ’
3105 2589 3130 2640 ὃ
3152 2606 3202 2640 τι
3238 2586 3434 2654 λέγων,
3465 2584 3882 2639 διαϐεϐαιοῦται

2287 2682 2513 2752 συχνῶς.
2553 2677 2684 2734 Εἶτα
2717 2683 2844 2751 περὶ
2877 2679 3088 2748 φύσεως
3130 2681 3282 2749 ἡμῖν,
3325 2679 3416 2731 καὶ
3448 2678 3546 2748 τῆς
3591 2677 3709 2730 καθ’
3743 2678 3884 2732 ὑπόε-

2288 2790 2477 2828 στασιν
2524 2773 2770 2837 ὲνώαεως
2797 2773 2892 2826 τοῦ
2930 2775 3131 2836 παντὸς
3167 2771 3529 2843 προκειμένου
3565 2770 3746 2838 λόγου,
3783 2774 3884 2825 καὶ

2287 2867 2566 2937 διερευνᾷν
2602 2865 3012 2931 σπουδάζοντος,
3049 2865 3145 2934 οὐχ
3176 2867 3202 2918 ὅ
3237 2865 3288 2916 τί
3328 2864 3461 2917 ποτέ
3504 2865 3621 2918 ἐστι
3656 2864 3748 2916 καὶ
3778 2864 3884 2934 τὴν

2288 2958 2448 3024 ἀξίαν
2491 2959 2519 3009 ὁ
2545 2959 2607 3009 ἐκ
2634 2955 2767 3008 Θεοῦ
2801 2957 2992 3024 Λόγος,
3022 2956 3135 3009 ἀλλ’
3175 2958 3221 3007 εἰ
3264 2955 3487 3024 γέγονεν
3517 2955 3885 3025 οἰκονομικῶς

2290 3049 2595 3122 ἄνθρωπος,
2632 3050 2765 3102 ἰδίαν
2797 3049 3162 3120 ποιησάμενος
3188 3051 3366 3118 σάρκα
3387 3047 3485 3118 τὴν
3508 3048 3572 3099 ὲκ
3600 3047 3885 3115 γυναικὸς,

2212 3157 2256 3215 c
2291 3145 2370 3206 εἰς
2425 3143 2589 3212 ἔτερα
2643 3142 2902 3211 μεθιστὰς
2951 3142 3258 3204 ἀλλοκότως
3291 3143 3352 3194 τῦ
3411 3140 3766 3210 ζητούμενον,
3802 3142 3886 3193 Οὐ

2294 3237 2448 3306 παρὰ
2497 3236 2594 3303 τῆς
2639 3234 2798 3302 ἁγίας
2851 3236 3159 3306 Παρθένου,
3214 3235 3365 3304 φησὶ,
3426 3234 3486 3286 τὸ
3534 3235 3747 3302 ἀξίωμα
3801 3234 3892 3304 τῷ

2294 3327 2471 3393 Λόγῳ,
2511 3327 2625 3378 ἀλλ’
2673 3323 2740 3396 ἦν
2773 3326 2932 3393 φύσει
2980 3326 3147 3389 Θεός·
3197 3327 3376 3378 καίτοι
3421 3325 3536 3388 πῶς
3568 3326 3664 3394 οὐχ
3695 3325 3890 3396 ἕτερόν

2293 3433 2346 3468 τι
2396 3417 2486 3466 καὶ
2513 3416 2699 3484 ἓτερον
2747 3415 2990 3485 ἐναργῶς
3022 3415 3240 3484 ἀξίωμά
3279 3434 3338 3468 τε
3369 3419 3464 3469 καὶ
3493 3417 3680 3485 φύσις
3743 3416 3893 3469 Ἀλλ’

2294 3506 2355 3558 οὑ
2383 3506 2550 3568 πολὺς
2585 3509 2724 3573 ἀγαν
2745 3509 2858 3570 τοῖς
2890 3507 2946 3559 ἕν
2987 3525 3045 3559 τε
3074 3507 3284 3569 τούτοις
3312 3506 3419 3578 [ἵσ.
3450 3510 3546 3576 τῆς
3577 3506 3631 3557 ἐν
3663 3524 3723 3574 γε
3763 3508 3894 3559 τού-

2294 3597 2433 3670 τοις]
2481 3601 2614 3668 ἡμῖν
2667 3599 3019 3669 ίσχνομυθίας
3065 3601 3092 3652 ό
3131 3600 3306 3666 λόγος.
3339 3599 3412 3651 Τὸ
3455 3599 3498 3650 δ’
3541 3595 3632 3650 οὖν
3685 3599 3893 3668 ἐυεξῆς

2297 3692 2593 3756 ἀναγκαῖον
2621 3692 2766 3744 ἰδεῖν.
2805 3692 3155 3761 Ἐπιτειχίζει
3200 3693 3307 3761 γάρ
3335 3709 3387 3744 τι
3422 3693 3511 3744 καὶ
3543 3692 3729 3761 ἕτερον
3771 3695 3894 3754 τοῖς

2299 3783 2405 3853 πρὸ
2453 3783 2562 3855 [ἵσ.
2620 3783 2778 3856 πρὸςι
2830 3784 2986 3854 ἡμῶν
3032 3785 3368 3854 λεγομένοις,
3417 3785 3491 3846 ὡς
3535 3784 3666 3850 γοῦν
3714 3785 3894 3837 οἴεταί

2299 3895 2426 3942 που,
2451 3877 2543 3931 καὶ
2572 3878 2966 3944 δυσδιάφυκτον
3001 3879 3218 3948 κομιδῇ,
3253 3879 3346 3930 καὶ
3377 3879 3738 3947 ἀποχρώντως
3764 3878 3896 3947 ἔχον

2299 3973 2379 4036 εἴς
2404 3989 2464 4040 γε
2487 3971 2547 4023 τὸ
2573 3971 2858 4035 δύνασθαι,
2880 3971 2975 4023 καὶ
3005 3970 3150 4039 μάλα
3184 3971 3467 4032 νεανικῶς,
3495 3967 3654 4022 ἆθλον
3680 3971 3897 4026 εἰκαῖον

2300 4065 2431 4135 ἡμῖν
2475 4063 2571 4135 τὴν
2615 4065 2680 4116 ὲκ
2721 4063 2977 4131 γυναικος
3011 4063 3286 4132 ἀποφῆναι
3333 4063 3585 4129 γέννησιν
3619 4063 3710 4114 τοῦ
3753 4064 3898 4134 Ἑμ-

2306 4155 2565 4225 μανουήλ.
2599 4155 2734 4224 Φησὶ
2765 4154 2819 4207 δὲ
2851 4153 2991 4206 οὕτω
3035 4155 3225 4206 πάλιν·

2376 4248 2466 4322 [Ὀ
2491 4249 2761 4319 μακάριος
2778 4248 3028 4317 Ἰωάννης
3055 4249 3082 4298 ὁ
3104 4246 3411 4317 Βαπτιστὴς
3445 4245 3895 4315 προκηρύττεται

2306 4340 2456 4408 παρά
2490 4338 2597 4390 τῶν
2647 4340 2818 4407 ἀγίων
2853 4339 3121 4407 ἀγγέλων,
3155 4340 3236 4391 ὅτι
3270 4337 3643 4410 πλησθήσεται
3670 4338 3728 4389 τὸ
3763 4337 3899 4407 βρέ-

2308 4449 2404 4499 φος
2434 4431 2751 4501 ΙΙνεύματος
2779 4432 2935 4497 ἁγίου
2978 4432 3056 4483 ἔτι
3090 4434 3152 4484 ὲκ
3193 4432 3400 4493 κοιλίας
3445 4432 3650 4501 μητρὸς
3680 4430 3853 4482 αὑτοῦ
3880 4450 3895 4462 ·

611 4532 849 4588 Joannes
911 4531 1148 4602 Baptista
1192 4531 1453 4601 Spiritum
1500 4544 1745 4586 sanctum
1782 4533 1986 4585 habens
2024 4535 2183 4586 editus

2306 4525 2399 4575 καὶ
2425 4522 2647 4592 Πνεῦμα
2671 4522 2824 4588 ἆγιον
2855 4522 3012 4591 ἔχων,
3042 4523 3212 4586 οὓτως
3235 4525 3262 4575 ό
3289 4522 3556 4593 μακάριος
3580 4523 3900 4593 Βαπτιστὴς

611 4637 698 4681 est
740 4627 807 4679 ".
867 4624 1005 4690 Quid
1063 4625 1272 4694 igitur?
1301 4624 1668 4692 appellabisne
1722 4627 1890 4692 ipsam
1930 4624 2202 4679 lilisabeth

614 4721 847 4790 Spiritus
876 4714 1237 4786 genitricem?
1264 4714 1394 4772 _llue
1421 4715 1662 4768 attintutn
1704 4715 1850 4768 refer
1886 4734 1897 4768 :
1936 4731 1996 4769 ac
2023 4718 2066 4770 si
2109 4718 2199 4785 qui

617 4811 669 4866 itt
705 4810 854 4864 vobis
886 4809 1084 4861 luerint
1135 4805 1224 4873 qui
1256 4806 1321 4858 ad
1366 4821 1426 4859 ea
1461 4821 1580 4876 qua:
1629 4807 1916 4870 dicuntur,
1949 4818 2200 4875 tanquam

617 4905 684 4957 ad
709 4901 943 4955 inaudita
986 4908 1039 4952 et
1074 4899 1290 4950 insolita
1318 4907 1657 4960 moveantur,
1693 4898 1905 4952 veniam
1938 4899 2061 4952 date
2084 4900 2201 4952 illo-

621 5010 737 5048 tum
770 4990 1070 5060 imperitiae.
1097 4986 1118 5058 ]

1291 5100 1444 5155 CAP.
1471 5100 1535 5154 V.

691 5220 947 5284 Quisnam
1003 5219 1086 5272 his
1135 5216 1315 5270 verbis
1364 5213 1565 5270 auditis
1616 5229 1719 5266 non
1765 5213 2024 5267 continuo
2058 5214 2107 5267 in
2142 5215 2207 5266 il—

621 5313 730 5365 lam
794 5311 1070 5380 propheta:
1129 5323 1316 5361 vocent
1373 5317 1623 5373 erumpat
1671 5323 1684 5359 :
1729 5325 1748 5356 ι
1803 5307 2009 5360 Stultos
2063 5308 2207 5358 enim

624 5405 786 5456 stulta
822 5404 1088 5470 l0quetur,
1120 5411 1173 5454 et
1208 5414 1301 5452 cor
1329 5400 1451 5467 ejus
1484 5413 1619 5450 vana
1651 5399 1929 5463 cogitabit,
1958 5409 2014 5449 nt
2051 5398 2209 5465 petii-

623 5496 732 5548 ciat
778 5495 989 5562 iniqua,
1033 5505 1086 5546 et
1126 5493 1376 5560 loquatur
1422 5492 1682 5544 adversus
1715 5490 1998 5543 Dominum
2052 5491 2210 5542 sedn-

623 5589 856 5643 ctionem
888 5587 930 5617 "
961 5589 980 5639 ἲ
1020 5605 1037 5638 ι
1079 5585 1333 5639 Sedttetio
1376 5584 1519 5636 enim
1548 5585 1832 5650 perspicue
1867 5593 1951 5635 est
1982 5593 2030 5634 et
2067 5581 2207 5632 aliud

699 5762 743 5792 ⁸¹
783 5759 982 5815 llabae.
1023 5775 1106 5830 ut,
1139 5763 1186 5815 Ἰ.
1260 5763 1305 5794 ⁵³
1340 5762 1464 5817 Luc.
1502 5778 1538 5827 ι,
1581 5761 1664 5814 15.
1740 5763 1784 5793 ⁸³
1811 5762 1915 5816 lsa.
1955 5777 2124 5824 χχχιι,
2167 5764 2218 5815 b‘.

2308 4615 2654 4668 ἀπετίκτετο.
2694 4617 2759 4666 Τί
2803 4612 2928 4680 οῦν;
2965 4616 3147 4678 καλεῖς
3184 4616 3279 4686 τὴν
3318 4615 3595 4667 Ἕλισάὸετ
3637 4617 3899 4685 Ιινευμα-

2309 4708 2566 4773 τοτόκον;
2607 4708 2871 4761 Ἐνταῦθα
2919 4709 3010 4760 τὸν
3060 4709 3183 4760 νοῦν
3237 4708 3538 4776 συνάγαγε·
3593 4712 3692 4762 κάν
3747 4726 3901 4772 τινες

2313 4795 2446 4851 ὦσιν
2483 4802 2538 4851 ἐν
2587 4801 2714 4870 ὑμῖν
2765 4802 2897 4872 πρὸς
2942 4803 3008 4854 τά
3043 4802 3311 4870 λεγόμενα
3362 4800 3708 4870 ξενιζόμενοι,
3758 4801 3904 4871 σύγ-

2314 4909 2485 4960 γνωτε
2517 4891 2616 4961 τῆς
2650 4895 2907 4962 ἀπειρίας
2947 4891 3178 4964 αὐτοῖς]

2962 5091 3117 5143 ΚΕΦ.
3167 5093 3236 5142 Ε¹.

2391 5206 2496 5256 Καὶ
2522 5206 2601 5267 τίς
2630 5205 2737 5256 τῶν
2769 5204 3020 5256 τοιούτων
3044 5203 3356 5265 ἐπακούσας
3382 5203 3576 5270 λόγων,
3609 5203 3708 5254 οὐκ
3738 5203 3910 5264 εὐθὺς

2318 5302 2432 5367 ἐρεῖ
2460 5299 2517 5349 τὸ
2547 5298 2633 5350 διά
2668 5303 2763 5368 τῆς
2799 5297 2892 5350 τοῦ
2922 5299 3200 5368 προφήτου
3244 5296 3426 5366 φωνῆς
3448 5314 3459 5326 ·
3494 5316 3511 5346 ι
3554 5297 3611 5346 Ὀ
3640 5297 3746 5363 γὰρ
3784 5313 3910 5362 μω-

2323 5393 2410 5460 ρὸς
2442 5391 2599 5460 μωρὰ
2631 5392 2872 5460 λαλήσει,
2911 5391 3061 5459 καὶὴ
3101 5391 3296 5460 καρδία
3334 5389 3498 5442 αὑτοῦ
3539 5388 3744 5457 μάταια
3777 5391 3911 5458 νοη-

2321 5498 2423 5544 σει,
2461 5481 2553 5531 τοῦ
2600 5482 2868 5533 ςυντελεῖν
2910 5483 3120 5549 ἄνομα,
3157 5481 3248 5533 καὶ
3279 5481 3460 5533 λαλεῖν
3510 5479 3645 5546 πρὸς
3693 5479 3906 5546 Κύριον

2323 5574 2616 5643 π).ανησιν;
2667 5594 2683 5624 ι
2751 5575 3020 5644 Πλάνησις
3075 5573 3183 5642 γάρ
3247 5572 3732 5641 ὁμολογουμένως,
3805 5573 3906 5624 καὶ
