4028 6424
115 342 161 394 Η
680 396 683 399 ,
1264 342 1630 397 Αυνειιδυδ
1673 343 1712 396 Ν

1821 339 2069 394 ΓΟΙὶΙῐΞΜ
2118 340 2242 392 Lm.
2288 340 2325 391 Ι.
3332 347 3400 398 η

116 478 282 529 ετερον
326 460 520 524 οὐδὲν,
565 461 626 513 τὸ
674 462 913 532 ψυχραῖς
952 462 1114 523 οὕτω,
1152 465 1242 516 καὶ⁵
1296 467 1714 536 μειρακιώδεσιν

1821 463 1991 527 nihil,
2035 464 2320 516 sententiis
2378 462 2512 515 adeo
2567 462 2776 528 frigidis
2822 464 3229 531 puerilibnsqne
3280 474 3402 517 tan-

113 554 371 615 ;woiat;.,
430 553 512 616 ὡς
566 554 867 624 ἀληθέσιν,
918 555 1254 626 ἐπιθαρσεῖν.
1308 559 1419 627 Τῆς
1476 560 1572 626 μὲν
1621 556 1715 611 οὖν

112 646 450 714 ἡμερότητος
505 646 886 715 κατατεθήποι
932 666 1013 710 τις
1066 649 1131 701 ἂν
1183 651 1383 701 αὐτόν·
1437 653 1529 701 καὶ
1581 668 1711 717 συγ-

113 732 322 799 γνώμης
372 734 513 803 γάρ,
568 734 664 786 καὶ
706 734 1119 805 φιλανθρωπίας
1163 738 1441 801 ἀξιοῦσθαι
1472 740 1579 791 δεῖν
1610 740 1712 809 ἔφη

117 825 222 884 τοὺς
253 823 365 873 τῶν
401 826 545 893 παρ’
572 825 740 877 αὑτοῦ
776 826 947 892 λόγων
979 828 1074 897 τὴν
1108 830 1401 898 ἐμπειρίαν
1426 832 1523 883 οὐκ
1563 833 1711 901 ἕχον-

114 933 217 977 τας.
263 915 413 968 Ἀλλ’
461 912 536 985 ἦν
566 916 729 968 τοῦτο
759 918 852 969 καὶ
886 921 1013 987 ἡμῖν
1047 920 1230 982 αὐτοῖς
1278 922 1620 991 τριπόθητον,
1665 924 1712 974 εί

116 1007 323 1077 τανέὸη,
362 1011 578 1077 μᾶλλον
610 1010 689 1073 δὲ,
723 1012 818 1061 καὶ
848 1011 1014 1063 Ξιπασι
1056 1014 1163 1073 τοῖς
1208 1010 1453 1063 τελοῦσιν
1490 1015 1546 1063 ὲν
1577 1014 1711 1083 Χρι-

114 1104 339 1162 στιανοῖς
365 1116 378 1129 ·
433 1101 741 1171 μοχθηρῶν
790 1103 898 1171 γάρ
927 1101 1091 1163 οὕτω,
1130 1104 1223 1155 καὶ
1263 1101 1713 1174 δεεστραμμένων

108 1191 561 1243 ἀπαλλάττεσθαι
612 1192 809 1259 λόγων,
870 1194 985 1255 πῶς
1035 1194 1131 1263 οὐχ
1182 1194 1353 1247 ἇπασι
1396 1195 1461 1246 δι’
1510 1197 1705 1265 εὒχῆςς

111 1285 242 1351 Πλὴν
269 1282 465 1335 ἐκεῖνό
500 1300 688 1351 φαμεν
707 1300 719 1312 ·
749 1284 952 1335 Τέτοκε
994 1284 1092 1350 μὲν
1120 1285 1226 1354 γὰρ
1264 1285 1711 1355 ὁμολογουμένως

114 1377 134 1441 'r,
169 1373 461 1426 Ἐλισάὸετ
512 1373 595 1443 τῷ
630 1374 773 1443 ἁγίῳ
810 1374 1087 1444 Πνεύματι
1120 1377 1480 1446 κεχρισμένον
1515 1378 1572 1429 ὲν
1609 1380 1711 1447 μή-

109 1482 198 1532 τρα
238 1465 331 1515 τὸν
383 1464 673 1533 μακάριον
724 1464 1071 1535 Βαπτιστήνο
1120 1466 1233 1517 ἀλλ’
1276 1468 1323 1517 εί
1359 1468 1457 1537 μὲν
1497 1468 1708 1537 εἴρηταί

112 1574 199 1607 πο)
255 1557 419 1626 παρὰ
479 1560 586 1625 τῆς
654 1556 1014 1609 θεοπνεύστου
1064 1558 1307 1628 Γραφῆς,
1365 1560 1446 1611 ὅτι
1501 1561 1593 1611 καὶ
1648 1560 1708 1611 τὸ

113 1647 320 1717 Πνεῦμα
362 1649 571 1716 γέγονε
625 1648 799 1719 σὰρξ,
839 1649 1015 1719 ὀρθῶς
1064 1651 1129 1703 ἂν
1174 1651 1308 1721 ἔφης
1348 1652 1708 1722 ὀνομάζεσθαι

110 1744 205 1794 δεῖν
239 1744 382 1813 πρὸς
424 1744 593 1813 ἡμῶν
640 1744 1094 1813 Πνευματοτόκον
1133 1746 1333 1815 αὑτήν·
1368 1748 1415 1797 εξ
1450 1747 1503 1798 δὲ
1541 1746 1668 1814 ψιλῇ
1691 1785 1705 1805 ,

1818 570 1977 623 quam
2050 555 2223 617 veris,
2278 554 2571 607 conlidere.
2642 557 2716 606 Ac
2779 554 3161 623 benignitatem
3236 556 3402 622 ipsius

1818 645 2114 698 admiretur
2176 644 2407 699 fortasse
2472 659 2574 697 non
2635 660 2830 710 ncmo,
2881 650 3021 714 quod
3080 646 3288 699 veniam
3343 659 3403 697 ac

1823 736 2251 790 benevolentiam
2302 736 2405 789 illis
2455 737 2794 788 tribuendam
2850 738 3087 799 censuit,
3151 739 3299 806 quia
3346 752 3403 790 se

1816 830 2086 882 dictorum
2129 828 2374 896 peritiam
2410 843 2512 880 non
2564 829 2845 881 baberent.
2904 829 3097 881 Verum
3147 829 3197 881 id
3246 829 3402 881 nobis

1816 934 2029 987 quoque
2074 918 2311 984 optabile
2361 920 2412 971 in
2455 918 2643 986 primis
2673 928 2789 973 erat
2818 919 2862 973 si
2912 919 3265 987 contigisset,
3295 920 3402 973 imo

1815 1026 1943 1066 vero
1968 1012 2218 1065 omnibus
2241 1012 2329 1080 qui
2357 1010 2495 1064 inter
2517 1010 2856 1066 Christianos
2877 1023 3203 1074 censentur;
3227 1029 3347 1064 nam
3371 1029 3397 1064 ti

1817 1114 1925 1157 tam
1948 1103 2206 1173 improbis
2228 1104 2601 1172 perversisqne
2625 1104 2782 1156 dictis
2800 1104 3116 1165 abscedere,
3135 1106 3243 1171 2ο
3261 1120 3396 1171 qun-

1816 1196 1973 1249 modo
1996 1210 2098 1247 non
2120 1194 2456 1249 sitomnibus
2479 1194 2773 1261 Optandum
2792 1194 2812 1244 ἶ)
2834 1193 2937 1245 Sed
2973 1204 3146 1247 tamen
3174 1195 3299 1247 illud
3320 1193 3399 1245 di-

1816 1286 1986 1337 cimus
2011 1303 2021 1337 :
2046 1285 2253 1353 Peperit
2276 1285 2391 1336 sine
2414 1284 2575 1337 dubio
2600 1284 2872 1338 Elisabctb
2902 1287 3113 1337 beatum
3136 1283 3399 1337 Joannem

1816 1376 2108 1444 Baptistam
2149 1387 2337 1430 sancto
2376 1376 2575 1443 Spiritu
2613 1378 2663 1428 in
2716 1386 2868 1429 utero
2910 1386 3251 1443 perunctum.
3297 1374 3396 1429 Ve-

1820 1483 1937 1520 rnm
1987 1468 2029 1522 si
2077 1469 2127 1521 in
2176 1466 2347 1520 sacris
2386 1466 2603 1520 Litteris
2639 1466 2896 1534 scriptum
2955 1465 3172 1529 fuisset,
3234 1468 3397 1520 etiam

1820 1559 2078 1626 Spiritum
2114 1558 2309 1612 factum
2342 1573 2459 1611 esse
2500 1572 2747 1618 Carnem,
2785 1567 2925 1611 recte
2953 1559 3180 1611 dixisses
3228 1559 3400 1623 ipsam

1818 1666 1845 1702 a
1883 1651 2038 1705 nobis
2072 1650 2444 1718 appellandam
2493 1666 2611 1703 esse
2671 1650 2901 1717 Spiritus
2934 1652 3269 1719 genitricem.
3302 1650 3396 1703 Sin

1816 1753 1995 1798 autem
2028 1743 2138 1795 sola
2174 1758 2235 1796 ac
2262 1741 2491 1809 simplici
2524 1743 2779 1794 unctione
2812 1742 3104 1795 honoratus
3128 1753 3209 1794 est
3245 1753 3402 1793 natus

112 1838 191 1885 xz".
213 1836 360 1905 μόνῃ
392 1834 632 1902 λέγεται
662 1836 722 1887 τὸ
754 1834 943 1905 τεχθὲν
988 1836 1313 1904 τετιμῆσθαι
1340 1838 1538 1905 χρίσει,
1575 1838 1625 1887 τί
1654 1837 1714 1887 τὸ

1821 1848 1969 1901 puer,
1994 1848 2089 1886 cur
2123 1833 2508 1885 incarnationis
2538 1833 2866 1885 soliditatem
2893 1836 3079 1901 gratia?
3099 1834 3398 1886 secundum

112 1928 193 1991 τῆς
221 1924 573 1995 σαρκώσεως
600 1926 791 1995 χρῆμα
812 1925 1078 1996 παρισοῦν
1112 1924 1280 1988 ἀξιοῖς
1307 1930 1370 1995 τῇ
1415 1926 1554 1978 κατά
1586 1926 1713 1994 μέθυ

111 2018 209 2080 sitv
242 2017 483 2086 χάριτι;
544 2017 618 2067 Οὐ
678 2017 788 2086 γάρ
841 2019 957 2068 ὲστι
986 2017 1202 2079 ταυτὸν,
1240 2020 1417 2085 σάρκα
1451 2035 1509 2069 τε
1543 2020 1713 2069 εἰπεῖν

110 2107 360 2171 γενέσθαι
390 2108 492 2159 τὸν
525 2108 721 2175 Λόγον,
771 2109 867 2160 καὶ
922 2108 1004 2160 ὅτι
1037 2109 1321 2178 κέχρισταί
1363 2127 1443 2171 τις
1491 2111 1577 2162 διὰ
1620 2111 1712 2163 τοῦ

111 2198 429 2267 Πνεύματος
460 2199 744 2268 πνεύματι
792 2200 1136 2270 προφητικῷ.
1171 2202 1305 2271 Περὶ
1340 2203 1436 2271 μὲν
1473 2203 1579 2272 γὰρ
1615 2204 1712 2273 τῆς

108 2290 258 2354 ἁγίας
292 2289 598 2358 Παρθένου
640 2291 987 2361 γέγραπται·
1025 2310 1042 2342 ‹
1086 2291 1218 2344 Ἰδοὺ
1268 2295 1299 2361 ἡ
1348 2294 1618 2363 Παρθένος
1658 2296 1714 2346 ὲν

108 2384 299 2451 γαστρὶ
352 2380 499 2445 ἕξει,
556 2383 655 2434 καὶ
694 2382 907 2446 τέξεται
944 2383 1056 2435 υἱόν
1079 2399 1090 2411 ·
1130 2403 1147 2433 ι
1181 2386 1273 2436 καὶ
1308 2386 1464 2447 τόκος
1498 2386 1711 2453 ὠνόμα-

110 2489 242 2531 ςται,
298 2473 405 2523 καὶ
469 2474 583 2541 μὴν
631 2474 727 2524 καὶ⁵
771 2472 1120 2544 Ἐμμανουήλ
1169 2476 1196 2525 ὁ
1244 2475 1478 2543 τεχθεὶς,
1525 2477 1551 2526 ὃ
1599 2478 1714 2527 ἐστι

106 2564 700 2633 μεθερμηνευόμενον,
728 2565 866 2618 Μεθ’
903 2564 1063 2635 ἡμῶν
1102 2568 1129 2617 ὁ
1185 2565 1313 2628 (θεός
1340 2584 1350 2595 °
1389 2568 1511 2637 περὶ
1558 2568 1611 2620 δέ
1653 2586 1713 2635 γε

107 2653 194 2722 τῆς
235 2654 541 2707 Ἐλισάὸετ
568 2696 580 2719 ,
610 2657 693 2708 ὅτι
742 2658 997 2725 γεννήσει
1045 2656 1180 2719 υἱὸν,
1224 2656 1280 2717 ὃς
1329 2659 1715 2727 προελεύσεται

109 2746 197 2810 μὲν
222 2745 283 2795 ὲν
311 2745 636 2814 πνεύματι,
670 2748 763 2798 καὶ
790 2746 1018 2814 δυνάμει
1048 2745 1258 2798 Ἠλιοῦ·
1282 2749 1716 2819 προπορεύσεται

104 2842 152 2891 δὲ
199 2841 309 2909 προ
343 2838 659 2907 προσώπου
702 2837 941 2906 Κυρίου,
990 2839 1276 2910 ἑτοιμάσαι
1329 2841 1478 2903 ὀδοὺς
1528 2840 1715 2893 αὑτοῦ.

109 2931 322 2984 υὺχοῦν
352 2934 569 2999 ἥκιστα
602 2930 702 2999 μὲν
731 2931 815 2999 εἴη
858 2930 923 2982 ἂν
953 2932 1398 3001 Πνευματοτνεκος
1432 2934 1463 3001 ἡ
1506 2933 1716 2986 Ἐλισά-

105 3026 212 3085 εετ,
248 3024 528 3076 ἑκτέτοκε
570 3024 677 3092 γάρ
708 3025 994 3094 προφήτην
1032 3025 1317 3092 Ὑψίστου·
1350 3025 1610 3088 Θεοτόκος
1651 3044 1714 3093 γε

108 3116 207 3183 μὴν
258 3114 496 3184 άληθῶς
540 3116 572 3184 ἡ
609 3116 741 3181 ἁγία
783 3114 1091 3183 Παρθένος,
1139 3117 1220 3167 ὅτι
1265 3116 1398 3169 Θεὸν
1447 3118 1714 3169 ἑνωθέντα

1820 1920 2296 1987 participationem
2336 1921 2613 1987 acquisitw
2658 1922 2974 1988 requandam
3031 1923 3255 1975 censes?
3286 1922 3399 1974 Non

1815 2011 1956 2064 enim
1980 2020 2060 2064 est
2093 2010 2254 2071 idem,
2291 2011 2467 2063 direre
2507 2010 2734 2063 Verbum
2769 2026 2984 2064 carnem
3033 2013 3398 2075 factumesse,

1815 2110 1868 2153 ct
1898 2101 2083 2169 spiritu
2119 2100 2435 2170 prophetico
2464 2112 2682 2153 unctum
2715 2116 2836 2154 esse
2868 2102 3099 2168 aliquem
3141 2118 3234 2171 per
3274 2104 3397 2171 Spi-

1818 2191 1998 2244 ritum.
2037 2190 2289 2243 Esteuiin
2316 2190 2381 2241 de
2405 2199 2587 2241 sancta
2622 2187 2839 2258 Virgine
2866 2193 3124 2258 si-riplnm
3164 2208 3176 2243 :
3214 2210 3229 2239 ι
3265 2191 3401 2245 Ecce

1820 2284 1974 2351 virgo
2031 2285 2082 2336 in
2146 2292 2297 2334 utero
2349 2280 2603 2343 habebit,
2637 2290 2689 2331 ct
2736 2281 2906 2348 pariet
2964 2283 3132 2334 lilium
3163 2284 3207 2313 ’⁵⁸
3247 2301 3260 2334 :
3304 2302 3320 2333 ι
3350 2296 3404 2337 et

1819 2384 2004 2442 partus
2058 2386 2139 2427 est
2188 2372 2524 2443 appellatus,
2560 2383 2611 2423 et
2659 2373 2875 2439 insuper
2929 2374 3281 2437 Emmanuel,
3314 2377 3403 2428 ille

1818 2482 1949 2533 puer
1998 2468 2208 2531 editus,
2266 2468 2405 2533 quod
2459 2475 2539 2515 est
2613 2466 3043 2531 interpretatum,
3114 2466 3401 2520 Nobiscnm

1820 2558 1998 2624 Deus;
2034 2559 2126 2613 sed
2164 2559 2228 2612 de
2256 2559 2552 2623 Elisabctb,
2586 2555 2700 2609 fore
2733 2564 2795 2607 ut
2844 2558 3016 2619 pariat
3069 2557 3233 2608 lilium
3258 2596 3271 2620 ,
3309 2558 3399 2625 qni

1818 2651 2217 2718 antegrediatur
2249 2652 2298 2703 in
2329 2650 2516 2718 spiritu
2540 2656 2592 2700 ct
2623 2647 2817 2698 virtute
2850 2644 2977 2699 Elia:
3006 2648 3049 2676 ⁵⁵
3070 2687 3084 2709 ,
3116 2656 3167 2698 et
3204 2656 3403 2713 praeeat

1819 2748 1942 2792 ante
1972 2741 2162 2793 laciem
2205 2741 2416 2794 Domini
2452 2752 2643 2808 parare
2676 2738 2791 2790 vias
2821 2735 2939 2802 ejus
2972 2737 3035 2785 ⁸⁷.
3090 2736 3227 2805 Ergo
3259 2738 3404 2789 nullo

1819 2831 1977 2885 modo
2005 2843 2087 2886 est
2118 2831 2353 2900 Spiritus
2398 2832 2625 2902 genitrix
2659 2831 2771 2898 ipsa
2816 2828 3121 2889 Elisabeth,
3152 2828 3276 2896 quia
3307 2844 3399 2895 pe-

1819 2924 1957 2990 perit
2000 2923 2317 2992 prophetam
2371 2922 2667 2985 Altissimi;
2704 2920 2797 2974 sed
2843 2934 2965 2973 vere
3019 2920 3108 2973 Dei
3169 2921 3400 2988 genitrix

1818 3025 1901 3069 est
1929 3025 2113 3068 sancta
2148 3012 2337 3081 Virgo,
2372 3014 2497 3081 quia
2537 3012 2702 3065 Deum
2742 3014 2947 3064 unitum
2988 3012 3134 3065 carni
3199 3023 3404 3079 peperit

1820 3107 2145 3168 carnaliter,
2182 3107 2281 3159 hoc
2331 3105 2768 3169 est,secundum
2818 3119 3059 3156 carnem.
3114 3102 3242 3155 Nam
3281 3108 3404 3170 quia

108 3162 201 3183 ΓἺ⁷
259 3162 493 3184 ””“”⁷Ι⁷“-ῖ
547 3162 572 3184 Ἰ
612 3162 739 3181 ν“ο’”
783 3162 1091 3183 ““⁷Τή’””’⁸ν
1145 3162 1219 3167 "'
1272 3162 1391 3169 ’⁷⁷⁷⁷
1447 3162 1714 3169 ""’"'""

106 3206 269 3275 ταρκὶ
336 3206 542 3257 τέτοκε
613 3206 917 3274 σαρκικὼς,
980 3206 1250 3269 τουτέστι,
1300 3207 1440 3260 κατὰ
1511 3210 1709 3278 σάρκα.

1823 3200 1981 3253 homo
2008 3209 2090 3253 est
2134 3199 2245 3267 ipsa
2278 3214 2396 3267 quae
2419 3198 2645 3265 peperit,
2684 3210 2747 3249 ea
2794 3196 2858 3248 de
2894 3209 3054 3248 causa
3107 3196 3406 3249 rectissime

117 3296 340 3365 Ἐπειδὴ
385 3298 503 3364 γάρ
553 3296 905 3365 ἄνθρωποςὴ
946 3296 1180 3350 τεκοῦσά
1223 3299 1370 3361 ἐστι,
1409 3298 1578 3368 ταύτῃ
1609 3316 1712 3363 τοι,

108 3392 192 3438 καί
229 3388 389 3456 μάλα
444 3387 766 3453 ἐμφρόνως,
800 3387 890 3439 τὸν
923 3388 1022 3455 τῆς
1052 3389 1363 3457 γεννήσεως
1393 3390 1593 3459 τρόπον
1623 3393 1715 3444 ἁν-

110 3478 408 3545 ίφιυττίνως
437 3478 761 3545 πεπρᾶχθαι
789 3478 991 3546 φαμέν.
1019 3474 1127 3531 Ἦν
1156 3480 1264 3550 γὰρ
1292 3480 1453 3545 οὕτω,
1493 3482 1588 3534 καὶ
1618 3483 1715 3551 οὐχ

108 3576 331 3641 ετερως,
367 3569 642 3623 δύνασθαι
676 3569 798 3622 καθ’
841 3572 985 3639 ἡμᾶς
1019 3570 1274 3639 γενέσθαι
1312 3572 1402 3624 τὸν
1435 3574 1573 3643 ὑπὲρ
1609 3576 1715 3626 πᾶ-

114 3680 201 3714 ταν
247 3663 443 3730 φύσιν,
477 3662 541 3714 οὐ
586 3661 679 3713 τοῦ
713 3658 853 3714 εἶναι
906 3662 1053 3715 τοῦθ’
1095 3664 1232 3733 ὅπερ
1263 3665 1411 3716 ἐστὶν
1450 3664 1715 3735 ὀλιγωρή·

113 3770 313 3808 unum
368 3754 579 3816 mea;
617 3754 967 3823 μεμενηκότα
1002 3755 1058 3808 δὲ
1107 3756 1309 3825 μᾶλλον
1354 3744 1489 3825 ὅπερ
1535 3751 1602 3825 ἦν
1657 3772 1715 3806 τε

113 3851 196 3898 ιαὶ
229 3848 352 3898 ἐστι
410 3847 508 3897 καὶ
543 3845 694 3898 ἔσται
718 3863 730 3874 ·
765 3850 976 3917 τροπῆς
1006 3848 1114 3919 γὰρ
1156 3849 1394 3917 ἀμείνων
1429 3849 1459 3916 ὴ
1503 3846 1620 3898 θεία
1659 3864 1714 3897 τε

112 3939 243 4000 ἐστὶ,
270 3939 374 3990 καὶ
404 3938 694 4007 ὑπερτάτη
722 3937 902 4005 φύσις.
950 3938 1113 4009 Ὀρθὰ
1150 3940 1249 4008 μὲν
1278 3935 1368 3991 οὖν
1391 3939 1473 3990 ὅτι
1501 3940 1715 4007 φρονεῖν

111 4028 427 4097 εἰθίσμεθα,
465 4026 604 4079 Θεὸν
636 4028 995 4097 γεγεννῆσθαι
1030 4030 1170 4082 κατὰ
1206 4029 1382 4099 σάρκα
1419 4030 1509 4080 ἐπὶ
1544 4045 1717 4097 σωτηο

113 4124 201 4191 pi;
254 4121 365 4175 τῶν
419 4121 595 4184 ὅλων,
639 4120 1110 4189 διαϐεϐαιούμενοι
1140 4160 1153 4182 ,
1207 4121 1636 4192 μεμαρτύρηκεν
1684 4125 1714 4190 ἡ

114 4216 484 4275 θεόπνευστος
527 4213 738 4281 Γραφή.
762 4213 979 4281 Ἐπειδὴ
1006 4212 1062 4264 δὲ
1097 4216 1207 4273 τοῖς
1238 4214 1530 4275 νεωτάτοις
1554 4214 1717 4267 αὑτοῦ

112 4306 345 4373 ὤγμασι
376 4305 483 4371 τὴν
519 4302 798 4372 ἀλήθειαν,
834 4303 925 4353 καὶ
967 4302 1099 4355 αὐτὸ
1129 4303 1226 4371 τῆς
1260 4303 1719 4375 ὲκκλησιαστικῆς

119 4399 352 4457 τίστεως
394 4394 693 4460 ἀντεξάγει
731 4394 797 4444 τὸ
819 4392 1112 4460 σύμϐολον,
1144 4394 1170 4445 ὃ
1194 4394 1281 4445 διὰ
1308 4395 1401 4463 τῆς
1428 4395 1521 4446 τοῦ
1548 4395 1717 4447 Πνεύ-

1820 3291 2112 3345 asserimus
2166 3291 2379 3343 modum
2436 3288 2799 3355 generatioiiis
2848 3302 2910 3339 ex
2969 3287 3202 3339 humano
3260 3302 3407 3341 more

1818 3391 2111 3439 servatum,
2191 3379 2305 3433 Non
2349 3378 2490 3432 enim
2541 3376 2701 3429 aliter
2746 3377 2919 3444 potuit
2977 3375 3126 3428 nasci
3204 3389 3397 3427 secun~

1819 3472 1943 3524 dum
1986 3485 2081 3523 nos
2136 3470 2222 3522 ille
2279 3470 2369 3537 qui
2432 3482 2594 3536 supra
2627 3480 2843 3520 omnem
2883 3479 3132 3519 naturam
3168 3467 3402 3527 excellit,

1822 3576 1927 3613 non
1959 3559 2033 3613 ita
2065 3569 2121 3612 ut
2155 3560 2295 3627 quod
2354 3568 2471 3611 erat
2517 3557 2934 3627 parvipenderet
2963 3574 2977 3621 ;
3012 3558 3156 3611 nullo
3186 3560 3346 3611 modo
3385 3577 3395 3618 ;

1819 3653 1912 3706 sed
1960 3661 2018 3706 ut
2059 3662 2297 3705 maneret
2351 3652 2526 3720 potius
2562 3652 2702 3721 quod
2754 3660 2873 3705 erat
2922 3659 2975 3701 et
3016 3660 3097 3701 est
3144 3661 3197 3703 et
3247 3652 3349 3704 erit
3387 3670 3397 3702 :

1824 3747 2121 3800 mutatione
2148 3761 2378 3812 namque
2411 3744 2585 3811 potior
2610 3754 2693 3798 est
2722 3743 2901 3797 divina
2930 3741 3014 3794 illa
3043 3757 3404 3809 supremaque

1823 3845 2034 3890 natura.
2070 3835 2209 3905 Ergo
2241 3850 2339 3889 nos
2378 3843 2522 3887 recte
2559 3834 2795 3897 sentire,
2828 3833 2918 3901 Qui
2966 3831 3128 3885 Deum
3166 3836 3402 3901 genitum

1820 3944 1939 3984 esse
1969 3930 2261 3982 secundum
2296 3941 2513 3979 carnem
2548 3925 2610 3977 ad
2644 3924 2869 3978 salutem
2909 3925 3281 3976 universorum
3318 3939 3403 3974 as-

1820 4022 2071 4085 serimus,
2101 4019 2358 4072 divinitus
2389 4017 2664 4082 inspirata:
2708 4014 2923 4067 Littera:
2959 4021 3248 4066 testantur.
3299 4013 3403 4067 Sed

1822 4114 1948 4182 quia
1978 4112 2130 4165 novis
2163 4110 2273 4163 suis
2303 4107 2571 4175 dogmatis
2607 4107 2885 4160 veritatem
2922 4116 2973 4156 et
3007 4106 3178 4173 ipsum
3228 4107 3404 4159 eccle—

1822 4203 2055 4257 siastica:
2086 4200 2204 4253 fidei
2236 4200 2537 4269 symbolum
2564 4198 2804 4265 opponit,
2834 4198 2973 4264 quod
3004 4198 3130 4249 olim
3164 4197 3400 4263 Spiritus

1825 4294 1999 4347 sancti
2031 4293 2231 4345 lumine
2260 4291 2508 4344 illustrati
2538 4288 2723 4343 Patres
2756 4291 2891 4357 apud
2935 4289 3161 4341 Nicwam
3197 4289 3403 4341 collecli

1826 4386 2184 4446 definierunt,
2217 4392 2460 4436 metuens
2501 4382 2614 4448 ipse
2647 4397 2710 4434 ne
2736 4382 2900 4448 aliqui
2945 4380 3174 4433 fortasse
3220 4396 3403 4431 sanam

118 4508 277 4553 ¹μτος
310 4488 696 4557 φωταγωγίας
742 4490 791 4539 οἱ
843 4487 985 4539 κατὰ
1028 4490 1251 4557 καιροὺς
1287 4490 1341 4539 ἐν
1373 4491 1437 4557 τῇ
1472 4489 1714 4541 Νικαέων

1829 4478 1987 4532 ﬁdem
2040 4485 2359 4535 servarent,
2404 4474 2615 4525 illorum
2656 4474 2872 4525 vocibus
2914 4472 2976 4524 ad
3016 4472 3293 4524 veritatem
3333 4473 3406 4522 in-

118 4579 605 4650 ςοδναγηγερμένοι
655 4579 900 4649 Πατέρες
942 4578 1229 4649 ὡρίσαντο,
1278 4579 1460 4641 δεδιὼς
1504 4580 1577 4649 μὴ
1616 4581 1723 4649 ἄρα

119 4692 223 4735 ’ως
252 4674 395 4739 ὑγιᾶ
428 4673 533 4740 τὴν
558 4672 744 4722 πίστιν
769 4668 1135 4723 διασώσαιντό
1160 4687 1322 4732 τινες,
1356 4673 1473 4733 ταῖς
1498 4671 1723 4723 ἐκείνων

118 4771 318 4829 «ρωναῐς
374 4763 905 4834 παιδαγωγούμενοι
948 4764 1082 4834 πρὸς
1132 4763 1414 4833 ἀλήθειαν,
1465 4767 1722 4833 πειρᾶται

120 4861 518 4928 συκοφαντεῖν,
561 4857 792 4909 καὶτῶν
843 4856 1042 4919 λέξεων
1093 4856 1406 4909 ὲναλλάττει
1444 4858 1545 4927 τὴν
1585 4856 1720 4909 ἀπό-

114 4954 279 5015 δοσιν,
311 4954 419 5005 καὶ
454 4950 630 5019 αὐτὴν
656 4950 712 5002 δὲ
746 4948 855 5001 τῶν
899 4948 1116 5001 ἐννοιῶν
1146 4948 1246 5019 τὴν
1275 4948 1503 5016 δύναμιν
1544 4965 1721 5017 παρα·

122 5044 416 5111 πημαίνειν
464 5040 771 5109 ἀποτολμᾷ.
819 5039 1037 5108 Ἐπειδὴ
1072 5039 1181 5110 γὰρ
1216 5040 1378 5101 αὐτὸς
1409 5039 1501 5091 ἐπὶ
1546 5040 1717 5107 μέσης

120 5134 420 5203 ἐκκλησίας
472 5130 725 5201 βεϐήλοις
762 5132 963 5199 ἐχρῆτο
1002 5130 1411 5196 καινοφωνίαις,
1458 5128 1598 5197 ἁνήρ
1634 5145 1716 5186 τις

116 5226 220 5277 τῶν
256 5226 406 5291 ἄγαν
435 5222 721 5286 ἐπιεικῶν,
767 5222 864 5274 καὶ
904 5219 1071 5273 τελῶν
1124 5222 1222 5290 μὲν
1269 5222 1325 5272 ὲν
1357 5214 1571 5281 λαῖκοῖς
1604 5219 1713 5277 ἔτι,

118 5318 255 5385 ’ἀκὴν
309 5318 420 5369 οὐκ
460 5314 821 5382 ἀθαύμαστον
856 5310 1282 5385 συναγηγερκὼς
1319 5314 1373 5363 ὲν
1406 5310 1587 5380 ἑαυτῷ
1626 5310 1720 5377 τὴν

119 5411 430 5471 παίδευσιν,
482 5407 673 5476 θερμῷ
718 5424 777 5458 τε
823 5408 917 5458 καὶ
954 5403 1187 5474 φιλοθέῳ
1229 5404 1513 5473 κεκίνηται
1553 5403 1719 5471 ζήλῳ,

118 5506 206 5555 καὶ
240 5502 409 5569 τορὸν
456 5517 509 5551 τι
558 5496 885 5568 κεκραγὼς,
931 5497 1092 5547 αὑτὸν
1124 5495 1225 5565 ἔφη
1268 5497 1360 5547 τὸν
1395 5493 1719 5565 προαιώνιον

130 5595 285 5660 κόγον
334 5591 434 5643 καὶ
467 5589 735 5658 δευτέραν
780 5589 1069 5656 ὑπομεῖναι
1118 5587 1392 5655 γέννησιν,
1438 5586 1593 5653 δῆλον
1640 5584 1720 5640 δὲ,

208 5769 249 5796 ’⁵
279 5768 386 5823 Isa.
429 5783 525 5819 νιι.
569 5766 654 5817 Μ.
738 5765 780 5794 ⁵⁸
814 5762 941 5816 Luc.
979 5780 1015 5822 I,
1048 5763 1130 5815 Π.
1211 5763 1253 5792 ⁸⁷
1286 5762 1414 5815 Ibid.
1452 5760 1534 5811 76.

444 5860 721 5916 PATttot.
774 5856 887 5915 Gtt.
943 5857 1193 5915 LXXVI.

1827 4570 2033 4632 stituti’,
2064 4567 2383 4621 calumniari
2418 4579 2662 4625 conatur,
2698 4576 2748 4617 et
2773 4565 3063 4616 dictionum
3097 4565 3407 4629 explicatio-

1827 4678 1947 4716 ncm
1977 4662 2226 4720 invertit,
2252 4668 2305 4711 et
2335 4657 2505 4726 ipsam
2536 4658 2638 4708 vim
2673 4656 3062 4710 sententiarum
3100 4656 3405 4706 adulterare

1825 4757 2005 4808 audct.
2048 4754 2178 4807 Cum
2223 4752 2364 4806 enim
2410 4752 2520 4819 ipse
2572 4750 2622 4801 in
2668 4748 2839 4800 media
2891 4748 3116 4799 ecclesia
3167 4745 3406 4814 profanis

1828 4856 2066 4899 uteretur
2124 4841 2469 4910 neologismis
2504 4881 2517 4901 ,
2572 4840 2653 4891 vir
2713 4838 2923 4905 quidam
2982 4849 3109 4890 sane
3184 4838 3402 4903 probus,

1826 4938 1914 5005 qni
1952 4935 2128 4989 adhuc
2160 4936 2299 4985 inter
2336 4933 2504 4984 laicos
2527 4940 2663 4990 erat.
2692 4931 2781 4981 sed
2822 4938 2996 4981 tamen
3035 4929 3403 4979 admirabilem

1830 5028 1927 5080 sibi
1963 5026 2250 5094 collegerat
2280 5022 2657 5080 eruditionem,
2684 5019 2905 5071 ferventi
2930 5028 2981 5067 et
3012 5018 3258 5085 religioso
3292 5020 3405 5069 zelo

1826 5120 1927 5188 21
1960 5129 2251 5184 permotus,
2281 5125 2333 5167 et
2354 5111 2672 5166 contentiori
2702 5125 2829 5165 voce
2849 5110 3208 5169 inclamitans,
3237 5111 3406 5175 ipsum

1831 5211 2003 5280 inquit
2032 5220 2156 5262 ante
2186 5208 2378 5261 szecula
2416 5204 2645 5258 Verbum
2672 5208 2831 5258 etiam
2857 5202 3149 5256 secundam
3179 5203 3409 5255 subiisse

1834 5306 2265 5373 generationem,
2290 5305 2337 5355 id
2362 5309 2464 5363 est,
2508 5300 2649 5352 illam
2680 5298 2975 5351 secundum
3007 5311 3223 5349 carnem
3263 5305 3310 5347 et
3344 5309 3403 5346 ex

1834 5397 2059 5449 muliere
2091 5412 2100 5445 :
2132 5392 2581 5445 tumultuantibus
2630 5390 2692 5442 ad
2730 5389 2825 5440 ista
2862 5388 3102 5455 populis,
3135 5396 3187 5437 et
3220 5385 3405 5451 majori

1833 5504 1893 5540 ac
1938 5486 2135 5539 saniori
2190 5496 2340 5553 parte
2370 5482 2620 5536 maximis
2648 5482 2795 5533 illum
2854 5480 3099 5531 laudibus
3132 5476 3408 5529 attollente

1832 5591 1884 5633 ut
1926 5579 2069 5650 pium
2118 5589 2168 5631 et
2196 5578 2489 5643 sapientem
2526 5575 2574 5627 in
2618 5574 2839 5641 primis,
2899 5585 2949 5625 et
2978 5580 3243 5624 rectorum
3281 5571 3409 5635 dog-

2958 5817 2989 5865 sl
