4028 6428
626 332 695 388 43
1621 325 1681 381 S.
1721 322 1992 381 Ci‘RlLLI
2031 323 2502 380 ALEXANDRINI
2537 323 2860 380 ARCIIIEP.
3823 319 3900 373 44

628 454 828 499 matnm
871 443 1013 498 haud
1070 450 1368 512 expertem,
1403 441 1521 497 aliis
1556 441 1910 498 nihilominus
1949 443 2206 497 adversus

2314 445 2394 497 ὅτι
2425 461 2521 514 την
2567 445 2707 498 κατά
2734 445 2934 516 σάρκα,
2972 445 3065 498 καὶ
3096 442 3159 497 ἐκ
3193 441 3452 512 γυναικός
3471 457 3485 472 ⁸
3515 437 3900 512 θορυϐούντων

626 537 775 590 illum
821 535 1082 600 efferatis,
1126 535 1238 604 ipse
1303 549 1362 590 se
1417 534 1747 604 interponit,
1803 547 2040 602 moxque
2085 534 2205 588 illos

627 629 924 697 approbat,
967 641 1104 695 quos
1151 641 1248 681 sua
1283 626 1524 680 docendo
1583 625 1920 695 perdiderat,
1949 634 2201 680 creterram

629 722 680 772 in
729 734 850 773 eum
889 718 1126 788 linguam
1161 717 1374 770 exacuit
1422 716 1511 786 qui
1539 716 1708 785 ipsius
1770 717 2023 784 dogmata
2088 731 2195 770 non

628 811 978 875 sustinuerat,
1040 817 1096 863 et
1153 807 1205 862 in
1247 815 1465 862 sanctos
1517 807 1707 860 Patres
1751 806 1842 875 qui
1888 804 2028 875 piam
2080 805 2203 858 lidei

628 904 994 958 deﬁnitionem
1051 901 1206 955 nobis
1256 900 1671 961 constituerant,
1705 911 1867 967 quam
1902 904 1960 950 ut
2029 894 2201 949 animi

629 996 922 1049 anchorain
979 995 1240 1049 habemus
1273 1000 1441 1046 tutam
1476 1003 1538 1043 ac
1570 988 1802 1055 ﬁrmam,
1834 997 1895 1042 ut
1938 987 2199 1057 scriptum

627 1096 710 1141 est
733 1086 799 1140 ⁵⁸.

2309 537 2365 590 δέ
2399 537 2533 607 πρὸς
2559 537 2729 591 ταῦτα
2761 538 2871 590 τῶν
2911 538 3122 607 δήμων,
3163 535 3261 588 καὶ
3305 533 3415 587 τῶν
3451 533 3551 604 μὲν
3596 530 3896 595 πλείστων,

2312 629 2407 680 καὶ
2437 627 2695 692 συνετῶν,
2736 629 2798 680 ού
2830 629 3070 700 μετρίοις
3114 627 3277 681 αὑτὸν
3315 628 3559 687 ἐπαίνοις
3599 620 3902 692 τετιμηκό⁶

2310 735 2437 783 των,
2483 718 2558 782 ὼς
2597 719 2796 788 εὐσεϐῆ
2827 737 2911 783 τε,
2955 721 3050 773 καὶ
3089 718 3481 780 συνετώτατον,
3526 713 3747 782 καὶτῆς
3780 713 3902 764 τῶν

2309 807 2596 877 δογμάτων
2626 808 2916 879 ὀρθότητος
2955 810 3057 863 οὐκ
3082 809 3446 880 ὴμοιρηκότα,
3488 801 3901 873 λελυττηκότων

2310 914 2376 966 γε
2444 898 2548 968 μὴν
2598 902 2717 953 κατ’
2767 901 2930 954 αὑτοῦ
2983 901 3093 954 τῶν
3146 901 3345 966 ἀλλων,
3387 895 3656 954 διαλαϐὼν
3703 893 3897 955 αὐτὸς,

2309 987 2632 1058 ἀποδέχεται
2665 989 2765 1057 μὲν
2802 989 2964 1053 εὐθὺς
2992 990 3259 1053 ἐκείνους,
3292 989 3385 1052 οὓς
3413 987 3482 1040 τά
3507 983 3702 1040 ἐαυτοῦ
3740 979 3903 1035 διδά-

2308 1095 2454 1132 σκων
2485 1079 2863 1132 ἀπολώλεκενο
2899 1081 3153 1151 ἐπιθήγει
3204 1081 3260 1133 δέ
3303 1079 3402 1150 τὴν
3439 1079 3686 1148 γλῶτταν
3740 1071 3903 1141 αὑτῷ

625 1195 684 1231 τε
717 1176 794 1247 τῷ
823 1174 898 1246 μὴ
962 1170 1314 1242 ἀνασχομένῳ
1361 1169 1429 1224 τά
1473 1167 1662 1233 αὑτοῦ,
1698 1168 1791 1220 καὶ
1864 1168 1972 1238 μὴν
2019 1169 2114 1220 καὶ
2166 1167 2278 1229 τοῖς
2318 1167 2495 1235 ἁγίοις
2540 1169 2844 1240 Πατράσιν,
2883 1171 2931 1222 οἳ
2981 1171 3072 1224 τὸν
3102 1171 3298 1242 εὐσεϐῆ
3344 1170 3444 1239 τῆς
3490 1169 3725 1230 πίστεως
3765 1166 3902 1236 ὅρον

625 1274 757 1344 ἡμῖν
789 1269 1343 1340 τεθεσμοθετήκασιν,
1386 1267 1452 1338 ἣν
1482 1265 1560 1329 ὡς
1593 1264 1843 1335 ἄγκυραν
1916 1264 2113 1334 ἔχομεν
2150 1263 2247 1333 τῆς
2318 1264 2498 1336 ψυχῆς
2546 1266 2765 1338 ἀσφαλῆ
2811 1285 2870 1320 τε
2922 1268 3016 1322 καὶ
3059 1268 3306 1338 βεβαίαν,
3354 1267 3496 1321 κατὰ
3539 1267 3602 1319 τὸ
3643 1281 3903 1336 γεγραμ-

630 1371 808 1440 μένον.

697 1458 976 1531 [Νεςτοιι.
1019 1454 1239 1509 Gaudeo
1290 1453 1465 1516 enim,
1511 1451 1720 1519 inquit,
1769 1458 2011 1504 vestrum
2064 1448 2206 1516 aspi-

2381 1445 2595 1517 [Χαίρω
2625 1446 2756 1518 γὰρ,
2784 1447 2910 1518 ἔφη,
2930 1447 3022 1502 τὸν
3053 1448 3316 1518 ὑμέτερον
3343 1447 3680 1516 θεασάμενος
3703 1444 3897 1515 ζῆλον.

625 1553 777 1606 ciens
825 1549 1022 1602 zelum.
1072 1544 1313 1600 Indidem
1366 1543 1651 1612 perspicue
1702 1540 1925 1610 coargui
1978 1546 2206 1610 possunt

2312 1537 2545 1590 Αὺτόθεν
2565 1538 2681 1591 ἐστὶ
2706 1538 2879 1608 σαφὴς
2896 1541 2993 1609 τῆς
3009 1538 3116 1591 τῶν
3133 1538 3429 1608 λεχθέντων
3458 1538 3566 1609 [ῖσ.
3590 1537 3763 1608 σαφὴς
3783 1535 3903 1588 τῶν

625 1658 744 1713 qua?
783 1643 851 1696 ab
877 1639 1079 1694 infelici
1131 1637 1348 1691 homine
1393 1645 1522 1690 sunt
1564 1634 1828 1704 ﬂagitiose
1858 1631 2000 1687 dicta
2033 1650 2047 1686 :
2081 1646 2202 1685 nam

2312 1627 2630 1713 λεχθέντων]
2659 1631 2762 1684 ὑπὸ
2790 1631 2888 1699 τῆς
2914 1629 3006 1684 τοῦ
3049 1630 3282 1683 δειλαίου
3323 1631 3545 1713 μιαρίας
3578 1632 3607 1683 6
3633 1629 3860 1700 ἔλεγχος
3880 1642 3898 1658 ⁸

625 1748 855 1802 quorum
915 1731 1034 1784 dure
1083 1739 1214 1783 sunt
1259 1727 1659 1796 generationes,
1698 1739 1882 1778 eorum
1941 1725 2046 1778 duo
2096 1723 2205 1778 sint

2312 1711 2386 1772 ὧν
2415 1719 2523 1791 γὰρ
2547 1719 2640 1773 δύο
2665 1722 2967 1792 γεννήσεις,
2998 1721 3202 1774 τούτων
3224 1721 3314 1774 δύο
3345 1721 3481 1774 υἱοί·
3575 1721 3630 1773 δέ
3659 1719 3904 1789 Ἐκκλη-

627 1827 718 1879 ﬁlii
767 1837 992 1878 necesse
1035 1830 1117 1874 est
1149 1838 1160 1872 :
1192 1819 1286 1874 sed
1330 1816 1569 1874 Ecclesia
1626 1830 1788 1870 unum
1833 1815 2076 1886 agnoscit
2111 1811 2205 1867 Fi-

625 1915 778 1978 lium,
812 1913 985 1981 ipsum
1019 1908 1298 1963 Dominum
1329 1903 1656 1974 Christum.]

1272 2039 1422 2094 CAP.
1471 2037 1556 2091 Vl.

692 2179 1029 2238 Stultissime
1080 2176 1208 2246 quid
1265 2174 1349 2229 his
1407 2175 1474 2228 de
1528 2174 1690 2230 rebus
1744 2175 2086 2231 sentiendum
2134 2173 2207 2229 sit

627 2273 992 2328 deﬁnitionem
1047 2265 1272 2336 protulit
1327 2264 1553 2318 dicens:
1588 2263 1852 2335 [Quorum
1903 2265 2022 2318 dua:
2078 2273 2207 2320 sunt

624 2364 1028 2435 generationes,
1071 2370 1261 2413 eorum
1307 2357 1411 2408 duo
1437 2369 1656 2423 quoque
1705 2355 1816 2409 sint
1849 2357 1940 2410 ﬁlii
1983 2371 2205 2412 necesse

625 2453 754 2526 esu]
785 2453 1053 2508 Caeterum
1092 2447 1294 2501 omissa
1339 2446 1424 2499 his
1458 2447 1523 2498 de
1557 2446 1719 2500 rebus
1765 2447 1979 2501 exiliori
2021 2448 2206 2515 dispu-

627 2547 860 2608 tatione,
893 2539 1112 2595 interim
1151 2551 1272 2606 quae
1321 2537 1388 2589 ad
1422 2536 1686 2590 orationis
1729 2545 1929 2590 nostra:
1958 2536 2206 2606 proposi-

629 2647 744 2690 tum
778 2648 843 2688 ex
877 2629 1124 2701 diligenti
1158 2625 1513 2696 inquisitione
1543 2626 1771 2680 inveniri
1807 2634 2056 2696 poterunt
2093 2626 2206 2682 col-

629 2729 878 2797 ligamus.
936 2721 1105 2792 Igitur
1155 2719 1288 2772 duas
1354 2731 1476 2773 esse
1515 2717 1920 2786 generationes,
1984 2718 2206 2773 minime

622 2814 1022 2870 admittendum
1078 2807 1310 2864 censuit.
1363 2805 1531 2862 Unam
1572 2821 1734 2877 porro
1794 2808 2127 2862 nativitatem
2174 2823 2204 2861 a

627 2907 784 2961 nobis
821 2916 941 2958 esse
968 2898 1331 2956 conﬁtendam
1358 2897 1573 2962 asserit,
1609 2913 1676 2951 ne
1711 2898 1844 2950 duos
1873 2897 2013 2950 ﬁlios
2045 2896 2206 2952 intel-

626 3001 876 3068 ligamus,
909 3009 973 3048 ac
1016 2993 1060 3047 si
1107 3004 1332 3045 necesse
1368 2989 1459 3053 sit,
1494 2990 1537 3043 si
1575 2989 1692 3041 duae
1726 3002 1951 3056 prorsus
1983 3004 2206 3058 genera-

630 3092 806 3142 tiones
830 3086 960 3150 sint,
987 3084 1119 3136 duos
1148 3082 1277 3134 item
1311 3079 1451 3132 ﬁlios
1481 3076 1690 3132 inferri.
1721 3075 1956 3132 Prodeat
1979 3094 2105 3147 ergo
2137 3094 2201 3134 ac

627 3184 822 3236 doceat
875 3185 1054 3232 utram
1110 3172 1517 3241 generationem
1569 3167 1721 3223 malit
1769 3169 2078 3236 admittere,
2135 3171 2204 3223 il-

2308 1812 2401 1865 σία
2431 1810 2528 1864 ἕνα
2560 1805 2701 1866 οἶδεν
2734 1812 2885 1876 Υίὸν,
2917 1812 3008 1864 τὸν
3033 1812 3312 1883 Δεσπότην
3337 1810 3620 1882 Χριστόν.Ἱ

2888 2035 3147 2103 ΚΕΦΑΛ.
3191 2037 3281 2101 ς’.

2394 2167 2756 2237 Ἀνοητοτατα
2793 2181 2893 2236 μεν
2923 2159 3016 2219 οῦν
3046 2166 3138 2220 τὸν
3167 2167 3276 2221 τῶν
3309 2167 3402 2221 ἐπὶ
3431 2168 3642 2233 τούτοις
3673 2170 3903 2223 ἐννοιῶν

2311 2258 2436 2329 ὅρον
2489 2256 2845 2328 ἐξηνέγκατο,
2875 2258 3085 2327 λέγων·
3127 2254 3252 2330 [Ὧν
3292 2260 3401 2332 γάρ
3452 2260 3543 2314 δύο
3577 2262 3900 2333 γεννήσεις,

2310 2350 2517 2404 τούτων
2551 2350 2645 2404 καὶ
2670 2349 2763 2402 δύο
2792 2349 2944 2421 υίοί.]
2987 2351 3362 2422 ’ἰσχνομυθίας
3383 2370 3446 2421 γε
3480 2353 3587 2424 μὴν
3613 2355 3710 2423 τῆς
3740 2354 3796 2406 ἐν
3828 2371 3900 2421 γε

2311 2442 2526 2506 τούτοις
2555 2442 2817 2511 ἀφέμενοι
2845 2485 2859 2509 ,
2890 2443 3027 2507 τέως
3061 2444 3197 2515 πρὸς
3229 2443 3320 2497 τὸν
3351 2444 3444 2498 τοῦ
3495 2445 3657 2512 λόγου
3686 2446 3901 2498 σκοπὸν

2313 2532 2380 2586 τὰ
2407 2531 2466 2595 ἐξ
2494 2530 2758 2600 ἀκριϐοῦς
2783 2532 3032 2603 ἐρεύνης,
3065 2535 3196 2604 φέρε
3217 2534 3302 2604 δὴ,
3328 2535 3485 2606 φέρε,
3521 2534 3898 2604 συλλέγωμεν.

2313 2620 2523 2675 Οὐκοῦν
2566 2622 2945 2691 ἀπαράδεκτον
2996 2623 3121 2694 [ῑσ.
3158 2624 3208 2677 εἰ
3243 2625 3340 2677 δύο
3386 2621 3528 2680 εἶναι
3574 2629 3898 2698 γεννήσεις,

2310 2712 2715 2785 ἀπαράδεκτον]
2747 2715 3071 2786 ἐποιήσατο,
3112 2717 3309 2786 χρῆναι
3333 2717 3390 2770 δέ
3422 2735 3556 2790 φησι
3599 2719 3732 2789 μίαν
3757 2721 3899 2786 ὁμο-

2311 2804 2587 2872 λογεῖσθαι
2612 2805 2747 2875 πρὸς
2777 2805 2933 2876 ἡμῶν
2955 2845 2968 2869 ,
3003 2807 3089 2861 ἵνα
3121 2808 3195 2879 μὴ
3228 2808 3322 2861 δύο
3353 2809 3563 2879 νοῶμεν
3603 2810 3751 2873 υίούς
3773 2827 3785 2839 ·
3816 2811 3900 2874 ὡς

2313 2897 2371 2950 ὃν
2403 2897 2714 2964 ἐπάναγκες
2735 2937 2749 2962 ,
2778 2900 2825 2950 εί
2856 2899 2948 2951 δύο
2974 2900 3190 2962 πάντως
3221 2902 3277 2953 αἱ
3306 2901 3592 2968 ἀποτέξεις
3632 2899 3761 2965 εἷεν,
3798 2903 3903 2955 δύο

2315 2988 2409 3040 καὶ
2435 2988 2585 3050 υἱοὺς
2626 2988 3008 3059 εἰσφέρεσθαι·
3045 2991 3344 3045 διδασκέτω
3388 2993 3695 3062 παρελθὼν,
3730 2996 3900 3047 ποίαν

2315 3079 2424 3150 ἄρα
2450 3078 2558 3132 τῶν
2590 3080 2897 3150 γεννήσεων
2923 3081 3313 3155 παραδέξεται,
3343 3082 3442 3152 τὴν
3469 3083 3796 3153 προαιώνιόν
3832 3100 3900 3137 τι

2314 3173 2409 3224 καὶ
2458 3171 2522 3224 ἐκ
2572 3172 2810 3242 Πατρὸς,
2853 3172 2978 3226 καθ’
3006 3173 3073 3244 ἣν
3120 3171 3277 3225 οὔπω
3305 3174 3724 3244 σεσαρκωμένος
3760 3173 3903 3239 Θεὸς

630 3274 808 3327 iamne
852 3285 919 3324 ex
967 3267 1128 3322 Patre
1178 3273 1304 3318 ante
1345 3261 1564 3326 saacula,
1614 3276 1712 3329 per
1756 3276 1919 3329 quam
1965 3260 2205 3314 nondum

2312 3259 2377 3335 ἦν
2405 3265 2433 3317 ὁ
2465 3263 2655 3330 Λόγος,
2689 3264 2857 3333 ήγουν
2887 3266 3116 3333 ταυτηνὶ
3161 3265 3261 3334 τὴν
3317 3264 3655 3334 πρόσφατον,
3693 3264 3789 3319 καὶ
3829 3268 3902 3319 ἐκ

629 3367 940 3421 incarnatus
996 3361 1134 3413 Deus
1159 3363 1276 3409 erat
1319 3353 1572 3414 Verbum,
1602 3365 1668 3404 an
1699 3365 1825 3404 vero
1851 3351 1990 3404 hanc
2028 3365 2209 3406 recen-

619 3469 736 3513 tem
763 3462 818 3510 et
848 3468 914 3508 ex
949 3447 1210 3506 muliere?
1239 3445 1372 3500 Nam
1411 3445 1456 3498 si
1492 3443 1636 3497 illam
1666 3443 1809 3497 dicet
1838 3443 2029 3506 solam,
2059 3442 2203 3494 illam

626 3550 752 3604 dico
796 3555 922 3602 ante
969 3541 1166 3599 saecula
1210 3547 1266 3591 et
1303 3552 1367 3590 ex
1417 3533 1600 3600 Patre,
1653 3533 1744 3586 ille
1783 3532 1887 3584 erit
1936 3531 2120 3599 utique
2157 3538 2211 3584 et

631 3639 849 3710 quidem
885 3632 1031 3688 solus
1065 3629 1257 3691 Filius,
1296 3625 1386 3694 qui
1418 3639 1485 3677 ex
1522 3638 1588 3678 eo
1619 3626 1916 3678 secundum
1961 3630 2206 3675 naturam

629 3709 714 3782 est
748 3733 920 3786 ortus,
955 3729 1244 3786 antequam
1288 3712 1434 3767 carni
1468 3720 1522 3765 et
1564 3709 1807 3779 sanguini
1839 3709 2208 3763 communica-

633 3825 718 3873 ret
741 3816 784 3847 "
817 3832 828 3868 :
863 3822 1068 3867 temere
1100 3817 1276 3860 autem
1299 3819 1361 3857 ac
1389 3800 1587 3855 frustra
1612 3799 1929 3868 mysterium
1961 3798 2207 3850 incarna-

633 3907 796 3963 tionis
817 3904 1109 3966 asseritur;
1133 3897 1275 3951 nullo
1293 3896 1434 3950 enim
1455 3893 1614 3947 modo
1637 3891 1873 3960 seipsum
1893 3889 2207 3953 exinanivit,

632 4013 810 4068 neque
842 3995 1008 4050 subiit
1037 3990 1177 4046 servi
1215 3988 1442 4041 formam
1471 3985 1537 4050 ιο,
1572 3984 1665 4039 sed
1694 3983 1775 4037 sic
1802 3980 2122 4050 permansit,
2158 3991 2212 4033 et

631 4103 816 4144 veram
865 4084 1048 4140 carnis
1105 4077 1497 4149 injunctioncm
1533 4075 1812 4142 hucusque
1851 4069 2068 4139 refugit.
2109 4069 2204 4124 Sin

635 4196 768 4237 vero
816 4177 910 4246 qui
959 4172 1221 4229 extremis
1266 4166 1599 4236 temporibus
1643 4179 1710 4218 ex
1766 4162 2003 4230 muliere
2053 4170 2209 4214 natus

629 4281 733 4337 est,
776 4273 823 4326 is
849 4269 1034 4335 utique
1071 4265 1279 4318 dicetur
1317 4271 1371 4314 et
1408 4258 1622 4326 quidem
1654 4255 1801 4310 solus
1834 4252 2023 4317 Filius,
2050 4259 2211 4320 atque

629 4366 794 4419 etiam
832 4360 1002 4416 solam
1041 4361 1181 4411 hanc
1213 4369 1279 4408 ex
1317 4352 1542 4405 muliere
1578 4347 1982 4415 generationem
2016 4344 2211 4398 admit-

634 4467 848 4510 temus:
881 4466 1010 4520 ergo
1049 4446 1356 4503 necessario
1388 4441 1622 4512 perdidit
1657 4440 1784 4493 illud
1809 4453 1873 4492 ex
1913 4436 2022 4492 Deo
2049 4436 2210 4489 Patre

631 4547 867 4603 Verbum
899 4558 966 4598 ne
998 4543 1071 4598 sit
1102 4539 1399 4594 secundum
1431 4545 1676 4588 naturam
1715 4530 1901 4584 Filius.
1937 4529 2044 4584 Sed
2068 4529 2211 4582 videt

2310 3353 2604 3420 γυναικός;
2634 3353 2697 3405 El
2729 3351 2826 3420 μὲν
2859 3346 2952 3404 οῦν
2983 3352 3199 3420 ἐκείνην
3244 3354 3394 3422 ἐρεῖ,
3430 3354 3524 3407 καὶ
3571 3357 3759 3428 μόνην,
3793 3358 3903 3429 τὴν

2311 3442 2645 3514 προαιώνιον
2676 3441 2820 3509 λέγω
2842 3481 2855 3505 ,
2889 3442 2984 3495 καὶ
3030 3444 3094 3494 ἐκ
3135 3444 3351 3514 Πατρός
3378 3482 3392 3508 ,
3427 3445 3632 3510 ἐκεῖνος
3670 3448 3738 3500 ἂν
3782 3449 3900 3522 εἴη,

2311 3535 2407 3587 καὶ
2442 3533 2602 3605 μόνος
2644 3532 2796 3598 Υἱὸς,
2830 3534 2858 3585 6
2891 3532 2948 3598 ἐξ
2978 3533 3142 3586 αὑτοῦ
3189 3534 3334 3587 κατὰ
3372 3535 3554 3604 φύσιν,
3583 3536 3736 3591 οῦπω
3763 3557 3904 3610 σαρ-

2311 3627 2426 3691 κὸς,
2491 3626 2586 3679 καὶ
2621 3625 2852 3695 αἵματος
2895 3626 3346 3697 κεκοινωνηκώςο
3382 3627 3506 3697 εικῆ
3547 3628 3627 3694 δέ,
3671 3631 3766 3682 καὶ
3817 3632 3903 3695 ὡς

2313 3717 2454 3769 ἔοικε
2491 3717 2509 3788 [
2536 3718 2620 3772 ἵσ.
2652 3716 2851 3790 ἔτυχε]
2874 3758 2888 3783 ,
2936 3718 2998 3771 τὸ
3024 3718 3125 3787 τῆς
3159 3718 3626 3790 ἐνανθρωπήσεως
3653 3720 3903 3777 λαλεῖται

2315 3812 2648 3876 μυστήριον
2685 3809 2780 3859 καὶ
2821 3806 3096 3859 κεκένωκε
3152 3807 3250 3877 μὲν
3300 3807 3494 3860 ἑαυτὸν
3537 3809 3654 3860 κατ’
3704 3807 3903 3861 οὐδένα

2311 3900 2543 3972 τρόπον’
2588 3898 2712 3952 οὔτε
2762 3899 2867 3969 μὴν
2897 3899 2954 3950 ἐν
2992 3902 3059 3968 τῇ
3087 3900 3181 3952 τοῦ
3215 3899 3400 3952 δούλου
3448 3901 3636 3968 γέγονε
3669 3904 3854 3973 μορφῇ
3882 3918 3899 3932 ·

2316 3991 2593 4061 μεμένηκε
2625 3991 2681 4043 δὲ
2710 3990 2871 4054 οὕτω,
2904 3990 3004 4061 τὴν
3047 3990 3182 4061 πρὸς
3226 3991 3404 4060 σάρκα
3446 3992 3661 4044 σύνοδον
3713 3992 3900 4064 ἀληθῆ

2313 4085 2406 4135 καὶ
2441 4085 2520 4145 εἰς
2545 4082 2706 4153 δεῦρο
2734 4082 3194 4153 παραιτούμενος.
3239 4081 3379 4133 Ἀλλ’
3410 4083 3438 4134 6
3469 4082 3580 4154 [Ῑσ.
3611 4084 3727 4136 ἀλλ’
3759 4087 3806 4138 εί
3840 4085 3899 4158 6]

2313 4175 2371 4226 ἐν
2404 4175 2654 4244 ἐσχάτοις
2684 4178 2897 4245 καιροῖς
2932 4175 2998 4226 ἐκ
3030 4173 3307 4240 γυναικὸς,
3342 4174 3505 4238 αὐτὸς
3547 4176 3615 4228 ἂν
3660 4176 3898 4244 λέγοιτο.

2313 4267 2408 4318 καὶ
2455 4266 2620 4336 μόνος
2663 4266 2823 4329 Υἱόςο
2856 4265 2950 4319 καὶ
3001 4265 3065 4338 δὴ
3105 4266 3200 4319 καὶ
3253 4266 3383 4336 μίαν
3429 4268 3657 4337 ταυτηνὶ
3690 4269 3788 4338 τὴν
3831 4271 3900 4323 ὲκ

2313 4359 2573 4427 γυναικὸς
2604 4358 3027 4429 παραδεξόμεθα
3063 4361 3349 4430 γέννησιν,
3383 4358 3691 4412 ἀπώλισθεν
3726 4359 3902 4426 ἀναγ-

2313 4450 2483 4512 καίως
2513 4449 2606 4501 τοῦ
2645 4445 2784 4501 εἶναι
2815 4449 2957 4501 κατά
3003 4449 3166 4517 φύσιν
3213 4449 3338 4510 Υἱὸς
3364 4451 3391 4501 6
3420 4450 3483 4500 ἐκ
3516 4449 3651 4500 Θεοῦ
3680 4450 3904 4520 Πατρὸς

2269 4589 2286 4632 )
2317 4542 2508 4626 ᾼόγος-
2554 4539 2693 4591 Ἀλλ’
2720 4541 2820 4611 ὅρα
2851 4538 2977 4612 [τσ.
3027 4540 3166 4613 ὁρᾷ]
3211 4557 3312 4593 που
3345 4539 3562 4603 πάντως
3588 4543 3614 4592 ό
3641 4539 3904 4611 θεοφιλὴς

633 4653 856 4710 prorsus
899 4637 982 4687 vir
1025 4632 1118 4686 Dei
1170 4640 1383 4683 amator
1427 4640 1587 4694 quam
1645 4624 1755 4678 sint
1801 4622 1883 4676 ha:
1925 4621 2206 4675 sententiae

2313 4621 2412 4702 τὴν
2442 4631 2549 4683 τῶν
2579 4631 2795 4684 ἐννοιῶν
2824 4631 3074 4698 ἀτοπίαν,
3121 4633 3217 4686 καὶ
3269 4633 3328 4685 τὸ
3379 4631 3497 4684 λίαν
3531 4633 3905 4696 ἀπονενευκὺς

634 4730 902 4792 absurdae,
927 4735 980 4780 et
1009 4733 1340 4794 quantotiere
1368 4718 1474 4785 22
1500 4716 1566 4769 ad
1596 4715 1932 4784 impietatem
1961 4720 2206 4778 vergant.

639 4822 707 4878 Ut
739 4834 866 4889 ergo
908 4817 994 4870 via
1039 4812 1184 4881 regia
1224 4809 1556 4880 gradiantur,
1606 4809 1739 4861 duas
1773 4806 2005 4858 dicimus
2042 4802 2210 4856 fuisse

637 4913 967 4973 nativitates,
1021 4907 1116 4960 sed
1153 4917 1316 4956 unum
1356 4901 1409 4952 in
1441 4908 1672 4966 utraque
1722 4895 1937 4958 Filium,
1985 4909 2106 4946 cum
2154 4894 2206 4944 in

635 5019 798 5060 carne
821 5000 1058 5055 nondum
1090 5004 1255 5058 esset,
1291 4991 1520 5047 Verbum
1548 5007 1612 5045 ex
1647 4989 1778 5051 Deo,
1810 4989 2056 5041 eumdem
2084 4999 2211 5037 vero

637 5106 824 5165 postea
863 5093 1027 5146 etiam
1068 5089 1430 5150 incarnatum,
1468 5096 1521 5139 et
1546 5084 1633 5152 qui
1669 5091 1888 5151 propter
1915 5094 2012 5132 nos
2047 5093 2213 5146 gene-

639 5188 901 5242 rationem
943 5181 1238 5236 secundum
1295 5191 1517 5231 carnem
1570 5191 1636 5230 ex
1689 5172 1912 5226 muliere
1963 5169 2211 5224 subierit.

638 5279 769 5332 Nam
809 5276 856 5330 si
888 5274 1115 5328 dixisset
1145 5272 1198 5324 in
1244 5270 1551 5324 hominibus
1587 5276 1843 5336 oportere
1873 5278 2120 5334 prorsus,
2167 5261 2213 5315 si

639 5372 770 5421 duas
803 5363 1180 5435 generationes
1219 5359 1486 5426 dicamus,
1541 5360 1672 5411 duos
1706 5370 1825 5410 esse
1872 5355 2027 5418 lilios,
2067 5362 2212 5407 recte

635 5475 698 5515 ac
748 5471 872 5511 vere
922 5455 1190 5508 dixisset:
1221 5454 1311 5507 sed
1361 5453 1484 5521 quia
1534 5448 1735 5504 Christi
1786 5448 2102 5518 mysterium
2161 5455 2213 5497 et

637 5547 1026 5604 incarnationis
1078 5545 1212 5599 ratio
1244 5545 1404 5597 aliam
1446 5543 1584 5595 riam
1639 5551 1804 5607 tenet,
1841 5550 1894 5595 et
1947 5541 1999 5593 in
2050 5540 2210 5593 rebus

721 5732 766 5761 ⁵⁸
790 5728 951 5782 Hebr.
992 5744 1062 5791 Vl,
1096 5725 1178 5779 19.
1261 5728 1303 5756 ⁵9
1329 5724 1488 5778 Hrbr.
1527 5738 1583 5785 ιι,
1631 5723 1708 5776 14.

1789 5722 1830 5750 ⁸⁵
1856 5720 2085 5789 Philipp.
2117 5735 2174 5781 ll,
2203 5717 2252 5768 6.

2315 4724 2395 4785 είς
2439 4722 2716 4775 ἀσέϐειαν.
2747 4723 2866 4776 Ἵνα
2896 4724 3074 4776 τοίνυν
3100 4724 3215 4777 ὁδὸν
3243 4723 3535 4794 ἐρχώμεθα
3564 4723 3660 4792 τὴν
3693 4723 3905 4792 βασιλι-

2315 4812 2438 4883 κὴν,
2470 4813 2562 4865 δύο
2593 4812 2773 4883 φαμὲν
2809 4813 3061 4882 γενέσθαι
3095 4815 3190 4878 τάς
3242 4814 3545 4880 ἀποτέξεις,
3589 4814 3685 4866 ἕνα
3717 4812 3772 4865 δὲ
3805 4813 3904 4867 τὸν

2313 4905 2378 4956 δι’
2409 4906 2608 4973 ἀμφοῖν
2638 4906 2763 4958 Υίόν
2787 4924 2800 4935 ·
2838 4905 2991 4958 οῦπω
3022 4907 3121 4977 μὲν
3155 4908 3212 4959 ἐν
3244 4907 3407 4976 σαρκὶ
3439 4907 3696 4975 γεγονότα
3718 4906 3809 4959 τὸν
3835 4908 3905 4961 ἐκ

2318 4997 2451 5049 Θεοῦ
2488 4997 2686 5065 Λόγον*
2722 4999 2812 5049 τὸν
2842 4999 3003 5050 αὑτὸν
3035 4999 3087 5050 δὲ
3132 4998 3270 5068 μετά
3304 4999 3463 5051 τοῦτο
3491 4998 3586 5050 καὶ
3626 5015 3906 5067 σεσαρκω-

2325 5088 2504 5157 μένον,
2540 5088 2630 5140 καὶ
2664 5089 2728 5140 δι’
2765 5090 2921 5158 ἡμῶν
2956 5088 3064 5161 [Ῑσ.
3099 5090 3166 5142 δι’
3199 5089 3372 5160 ἡμᾶς]
3409 5089 3506 5160 τὴν
3550 5091 3613 5142 ἐκ
3642 5091 3903 5158 γυναικὸς

2320 5178 2626 5232 ἀνατλάντα
2674 5181 2925 5250 γέννησιν
2976 5181 3115 5233 κατὰ
3161 5180 3359 5251 σάρκα.
3408 5181 3468 5232 Et
3506 5181 3604 5251 μὲν
3654 5178 3764 5251 γὰρ
3810 5182 3902 5232 ἐπ’

2320 5268 2623 5338 ἀνθρώπων
2655 5269 2859 5337 ἔφασκε
2886 5270 2946 5322 τὸ
2976 5272 3170 5341 χρῆναι
3200 5269 3263 5340 δὴ
3296 5270 3510 5333 πάντως
3537 5269 3628 5322 δύο
3664 5270 3903 5324 νοεῖσθαι

2319 5362 2444 5422 τοὺς
2491 5363 2657 5426 υἱοὺς,
2694 5363 2742 5413 εί
2786 5361 2840 5413 δὲ
2875 5361 2969 5414 δύο
2999 5361 3105 5432 [Ῑσ.
3144 5363 3192 5415 εί
3223 5361 3337 5434 δύο]
3379 5363 3658 5430 γεννήσεις
3702 5363 3907 5432 ὀνομά-

2322 5450 2506 5520 ζομεν,
2550 5451 2726 5522 ὀρθῶς
2763 5453 2827 5503 ἀν
2873 5450 3000 5522 ἔφη,
3041 5453 3135 5505 κα)⁸
3164 5449 3232 5523 ἦν
3267 5452 3493 5521 ἀληθές’
3530 5450 3799 5521 ἐπειδὴδὲ
3841 5453 3904 5504 τὸ

2322 5540 2554 5610 Χριστοῦ
2579 5542 2875 5612 μυστήριον
2921 5542 3013 5594 καὶ
3041 5540 3068 5592 ὁ
3099 5542 3196 5612 τῆς
3224 5542 3689 5613 ἐνανθρωπήσεως
3721 5540 3901 5609 λόγος,
