4028 6428
129 380 186 429 45
1272 379 1651 435 ADVERSUS
1686 378 2093 436 NESTORIUM
2136 379 2266 437 LIB.
2309 382 2350 436 l.
3313 393 3378 445 U3

128 496 301 564 ἑτέραν
343 493 461 563 ἔχει
494 512 600 564 την
626 495 768 561 ὁδὸν,
798 496 894 550 καὶ
924 498 1024 552 οὐκ
1062 496 1119 550 Ev
1158 515 1224 567 γε
1260 501 1372 562 τοῖς
1405 500 1526 552 καθ’
1566 500 1701 569 ἡμᾶς

1818 499 2016 553 nostris
2039 514 2143 553 non
2174 501 2361 554 eodem
2403 502 2561 558 modo
2587 504 2937 571 conspicitur,
2974 519 3069 559 cur
3091 518 3380 562 consuetu.

127 586 416 657 ἐποτρόπως
442 589 668 656 ὁρᾶται,
690 588 744 640 τί
773 591 893 652 ταῖς
921 589 1045 643 καθ’
1069 592 1100 660 ἡ
1111 591 1216 661 μᾶς
1246 589 1553 660 συνηθείαις
1582 607 1706 643 συν-

121 677 266 744 ορῶν,
305 673 434 730 εἶτα
454 681 573 742 τοῖς
607 679 962 749 παραδόξοις,
987 680 1080 733 καὶ
1109 678 1452 750 ὐπὲρ¹λόγον,
1471 680 1562 732 τὸν
1585 678 1709 733 νοῦν

121 768 269 828 ἐνιεὶς
288 806 302 826 ,

123 1039 234 1090 Υἰὸν
285 1040 502 1093 εἰδέναι
537 1041 642 1111 τὴν
684 1040 1048 1110 Ἐκκλησίαν,
1078 1041 1492 1111 προστεθεικὼς.
1508 1042 1586 1105 δὲ,
1626 1042 1708 1093 ὅτι

119 1133 196 1184 τὸν
213 1133 510 1202 Δεσπότην
539 1134 799 1203 Χριστὸν,
814 1134 1000 1188 οὐκέτι
1017 1135 1317 1203 τετήρηκεν
1336 1134 1450 1186 ἕνα·
1475 1133 1708 1203 διίστησι

358 769 448 829 είς
499 769 934 838 ἀδρανεστάτην,
981 769 1074 821 καὶ
1108 768 1295 838 ἀμαθῆ
1330 768 1428 835 τὴν
1475 769 1710 836 ὀλιγοπι-

121 858 261 909 στίαν
306 861 723 928 καταφωρᾶται
763 859 984 924 πεσών;
1044 860 1108 910 Ὃ
1165 858 1222 910 δέ
1271 875 1361 927 μοι
1410 857 1710 928 θαυμάζειν

120 949 316 1000 ἔπεισιν
337 991 352 1013 ,
387 950 578 1002 ἐκεῖνό
616 950 766 1002 ἐστιν
787 965 802 980 ·
856 950 954 1002 Eva
978 949 1086 1020 γὰρ
1115 951 1172 1002 ὲν
1198 949 1405 1010 τούτοις
1434 949 1709 1018 ὁμολογῶν

1817 591 1942 646 dine
1973 605 2092 660 quae
2131 593 2269 661 apud
2310 608 2407 649 nos
2456 594 2598 665 viget
2631 595 2891 665 inspecta,
2924 597 3116 652 deinde
3143 601 3380 652 animum

1818 684 1884 735 ad
1925 697 2013 736 res
2057 682 2407 737 admirabiles
2443 694 2498 739 et
2531 700 2651 753 quae
2689 687 2952 741 rationem
2987 699 3242 758 superant
3291 692 3384 743 ad-

1811 769 2029 838 jiciens,
2058 772 2127 826 ad
2171 770 2492 826 imbecillam
2528 782 2583 828 et
2616 774 2830 829 stultam
2864 776 3234 832 inﬁdelitatem
3266 794 3380 831 ma-

1816 858 2012 915 nifeste
2046 861 2276 915 labitur?
2300 863 2451 928 Quod
2487 874 2664 919 autem
2710 867 2837 920 mihi
2878 868 2930 919 in
2963 878 3200 922 mentem
3237 871 3382 923 venit

1816 951 2096 1017 admirari,
2131 951 2260 1006 illud
2293 963 2396 1007 est.
2426 954 2560 1007 Cum
2593 956 2734 1009 enim
2767 956 2820 1009 in
2857 956 2942 1013 his
2973 959 3151 1013 verbis
3177 960 3382 1014 confes-

1815 1055 1910 1095 sus
1949 1050 2114 1107 esset,
2154 1043 2444 1098 Ecclesiam
2491 1061 2656 1098 unum
2707 1045 2904 1102 Filium
2958 1063 3272 1117 agnoscere,
3318 1067 3381 1103 ac

1814 1132 2201 1199 subjunxisset,
2242 1135 2496 1189 nimirum
2525 1137 2698 1206 ipsum
2731 1139 2880 1192 illum
2909 1139 3194 1196 Dominum
3222 1143 3382 1197 Chri-

116 1225 211 1295 γὰρ
241 1224 508 1295 ἀλλήλων
539 1225 611 1278 τὰ
643 1227 922 1296 ἡνωμένα,
968 1227 1064 1280 καὶ
1095 1227 1198 1280 ἀνά
1239 1227 1403 1296 μέρος
1448 1225 1707 1294 ἑκάτερον

115 1318 343 1386 τίθησιν,
377 1318 442 1368 οὐ
473 1317 527 1368 τί
567 1318 666 1387 μὲν
703 1316 821 1369 ἔστι
855 1317 995 1369 κατὰ
1027 1315 1186 1384 φύσιν
1218 1316 1246 1368 ὁ
1276 1315 1468 1383 Λόγος,
1503 1316 1708 1387 διερευ-

114 1408 375 1476 νώμενος,
411 1407 469 1459 τί
502 1407 562 1458 δὲ
589 1408 685 1459 καὶ
706 1410 738 1476 ἡ
773 1405 940 1473 σάρξ·
974 1405 1258 1475 ἄνθρωπον
1287 1405 1342 1457 δὲ
1368 1403 1590 1472 μᾶλλον,
1612 1405 1706 1456 καὶ

113 1496 256 1561 Θεὸν,
299 1497 380 1559 ὡς
420 1499 480 1549 ὲν
514 1496 724 1565 ἰσότητι
775 1497 914 1566 μόνῃ
957 1495 1055 1566 τῆς
1085 1495 1259 1564 δόξης,
1293 1495 1538 1564 καθάπερ
1576 1494 1706 1561 γοῦν

113 1588 295 1649 οἴεται,
331 1586 623 1652 συλλέγων
659 1588 739 1648 εἰς
767 1585 846 1647 ἓν,
877 1586 1013 1654 ὅπερ
1047 1586 1162 1637 ἐστὶ
1187 1584 1463 1648 παντελῶς
1489 1587 1706 1654 ἀμήχα-

113 1695 194 1729 νον
245 1675 573 1749 [ἀπίθανον
599 1675 616 1746 J
644 1718 658 1741 ,
692 1676 892 1744 μᾶλλον
925 1677 982 1729 δὲ
1013 1677 1105 1729 καὶ
1138 1675 1448 1741 ἀνέφικτον,
1493 1676 1586 1726 καὶ
1615 1675 1705 1727 τὸν

113 1767 196 1820 τοῦ
243 1768 568 1838 μυστηρίου
612 1767 768 1835 λόγον
821 1765 1104 1820 κατασείει
1164 1766 1299 1836 πρὸς
1347 1765 1408 1818 τὸ
1451 1766 1702 1829 ἀκαλλές.

116 1861 251 1929 Ἔφη
287 1860 348 1912 δὲ
385 1859 610 1921 οὕτως’

143 1999 146 2001 .
175 1953 292 2025 [Δεῖ
325 1953 386 2004 δὲ
437 1953 616 2021 ἡμᾶς,
667 1949 764 2004 νῦν
799 1949 906 2020 γάρ
933 1944 1094 2020 ἦλθον
1125 1951 1204 2012 είς
1233 1949 1462 2015 ἔννοιαν,
1494 1950 1585 2002 καὶ
1610 1949 1709 2018 τὴν

113 2043 244 2094 κατὰ
301 2042 561 2095 Νίκαιαν
615 2039 834 2092 σύνοδον
887 2039 1101 2108 μαθεῖν,
1136 2039 1372 2107 οὐδαμοῦ
1424 2037 1710 2108 τολμῶσαν

110 2135 300 2199 εἰπεῖν,
334 2134 427 2185 δτι
474 2134 503 2184 ὁ
556 2130 692 2192 Θεὸς
731 2128 996 2198 ἐγεννήθη
1044 2132 1109 2181 ἐκ
1147 2130 1394 2200 Μαρίας·
1440 2130 1542 2198 ἔφη
1577 2127 1708 2198 γὰρ,

107 2224 184 2276 ὃτι
239 2220 602 2290 Πιστεύομεν
625 2221 707 2284 είς
729 2222 827 2272 ἕνα
848 2218 980 2272 Θεὸν
1010 2219 1228 2290 Πατέρα
1257 2219 1671 2288 παντοκράτορα
1690 2234 1705 2248 °

106 2315 197 2368 καὶ
219 2315 305 2377 είς
335 2313 444 2366 Eva.
475 2312 688 2382 Κύριον
732 2311 940 2380 Ἰησοῦν
968 2311 1224 2379 Χριστόν.
1268 2311 1588 2380 Προσέχετε,
1627 2310 1708 2362 ὅτι

107 2410 380 2480 πρότερον
410 2407 731 2468 τεθεικότες
752 2405 837 2468 τὸ,
864 2404 1119 2474 Χριστὸς,
1139 2405 1167 2456 ὅ
1199 2405 1317 2456 ἐστι
1352 2405 1575 2474 μήνυμα
1599 2403 1708 2455 τῶν

110 2502 199 2553 δύο
235 2500 493 2568 φύσεων,
541 2498 643 2550 οὐκ
679 2494 864 2555 εἶπαν,
903 2497 996 2558 Εἰς
1027 2497 1125 2548 Eva.
1173 2495 1303 2548 Θεὸν
1345 2495 1545 2562 Λόγονο
1593 2493 1706 2546 ἀλλ’

108 2592 300 2645 ἔλαϐον
327 2591 394 2643 τὸ
427 2589 610 2658 ὄνομα
653 2588 713 2640 τὸ
753 2589 1018 2656 σημαῖνον
1065 2587 1348 2657 ἀμφότερα
1371 2625 1385 2649 ,
1443 2586 1708 2638 ἵναιόταν

107 2680 580 2735 ὐποκαταόαίνων
613 2677 856 2749 ἀκούσῃς
903 2677 1153 2741 θάνατον,
1207 2676 1281 2747 μὴ
1331 2676 1543 2746 ξενίζῃ’
1598 2677 1706 2739 ἵνα,

104 2773 192 2824 τὸν
250 2769 683 2840 σταυρωθέντα,
739 2771 835 2822 καὶ
879 2769 1152 2838 ταφέντα,
1216 2767 1292 2838 μὴ
1346 2767 1554 2838 πλήττη
1608 2767 1708 2836 τὴν

107 2864 298 2934 ἀκοὴν,
333 2863 416 2925 ὡς
445 2861 708 2928 θεότητος
735 2859 911 2912 ταῦτα
942 2858 1240 2928 παθούσης.
1266 2855 1285 2929 ]
1331 2853 1463 2910 Εἶτα
1499 2857 1708 2918 τούτοις

105 2955 396 3022 ἐπιφέρει·
443 2951 815 3022 [Πιστεύομεν
855 2952 933 3013 εἰς
971 2950 1067 3002 ἕνα
1093 2950 1299 3019 Κύριον
1340 2947 1545 3018 Ἰησοῦν
1571 2949 1705 3017 Χρι-

108 3045 263 3108 στὸν,
320 3043 424 3095 τὸν
473 3042 605 3093 Υἰὸν
655 3041 746 3093 τὸν
790 3042 1072 3111 μονογενῆ,
1118 3041 1208 3093 τὸν
1260 3041 1323 3091 ὲκ
1363 3041 1455 3092 τοῦ
1497 3039 1701 3109 Πατρὸς

1810 3042 1927 3080 mus
1977 3027 2027 3080 in
2084 3043 2245 3082 unum
2289 3028 2573 3084 Dominum
2621 3032 2800 3087 Jesum
2849 3037 3123 3092 Christum
3175 3041 3369 3096 Filium

105 3134 492 3201 γεννηθένταο
543 3130 637 3182 τὸν
688 3130 975 3199 όμοούσιον
1025 3129 1102 3199 τῷ
1152 3129 1364 3198 Πατρί’
1428 3129 1519 3181 τὸν
1573 3146 1701 3180 κατ-

1808 3116 2182 3184 unigenitum,
2241 3133 2306 3172 ex
2359 3119 2518 3175 Patre
2571 3133 2792 3187 natum,
2859 3130 3369 3187 consuhSIautialem

105 3225 332 3278 ελθόντα
361 3227 434 3276 ὲκ
466 3222 582 3274 τῶν
614 3220 862 3291 οὐρανῶν
904 3221 970 3273 δι’
1001 3222 1168 3290 ἡμᾶς,
1220 3221 1314 3274 καὶ
1357 3220 1701 3289 σαρκωθέντα

1807 3206 1948 3260 Patri
1986 3225 1997 3262 :
2028 3210 2115 3277 qui
2161 3211 2436 3265 descendit
2474 3213 2538 3266 de
2574 3216 2725 3270 cwlis
2761 3229 2980 3288 propter
3028 3238 3145 3287 nos,
3184 3234 3237 3278 et
3286 3227 3370 3279 in-

105 3318 166 3369 ὲκ
198 3316 539 3384 Πνεύματος
573 3313 750 3379 ἁγίου,
778 3313 894 3364 Οὐκ
927 3307 1098 3375 εἶπον,
1126 3313 1206 3364 ὅτι
1240 3311 1332 3364 καὶ
1372 3310 1701 3380 Γεννηθέντα

1807 3311 2062 3354 cantatus
2087 3311 2168 3355 est
2192 3304 2254 3355 de
2286 3303 2488 3372 Spiritu
2518 3319 2725 3362 sancto.
2762 3309 2873 3365 Non
2905 3313 3156 3367 dixerunt
3217 3317 3371 3383 item,

104 3410 162 3460 ὲκ
187 3407 530 3475 Πνεύματος
565 3403 742 3470 ἁγίου.
773 3402 1238 3470 Διερμηνεύοντας
1266 3402 1321 3454 δὲ
1350 3403 1474 3463 τοὺς
1517 3402 1701 3468 ἁγίους

1807 3387 2002 3444 Natum
2039 3391 2105 3444 de
2155 3391 2359 3458 Spiritu
2406 3405 2614 3450 sancto.
2651 3398 2816 3453 Porro
2862 3415 3081 3458 sanctos
3115 3406 3231 3461 illos
3264 3407 3370 3461 Pa-

107 3501 385 3569 Πατέρας,
421 3497 476 3547 τί
509 3496 578 3563 δὴ
608 3494 717 3563 ἄρα
747 3493 808 3544 τὸ
835 3491 1199 3560 Σαρκωθέντα
1228 3491 1346 3543 ἐστὶ
1367 3531 1379 3554 ,
1406 3491 1587 3559 φησὶν,
1630 3491 1705 3540 εἰ-

108 3594 224 3644 πεῖν
251 3591 315 3642 τὸ
333 3582 937 3654 Ἰ-Σνανθρωπήσαντα’]
958 3584 1009 3634 τί
1038 3583 1090 3634 δὲ
1109 3583 1167 3634 τὸ
1183 3582 1367 3634 Ἐνανθ
1378 3583 1705 3651 ρωπήσαντα

107 3679 568 3748 κατασημήνειεν
624 3674 727 3740 ἂν,
777 3673 1078 3741 διατρανῶν
1135 3672 1298 3734 αὐτὸς
1349 3670 1452 3740 ἔφη
1506 3670 1700 3723 πάλιν·

109 3771 202 3842 [οὐ
231 3770 454 3842 τροπὴν
487 3766 592 3836 τῆς
634 3765 772 3828 ἰδίας
830 3765 1045 3832 φύσεως
1093 3762 1461 3833 ύπομεινάσης
1488 3762 1567 3823 είς
1605 3759 1702 3830 τὴν

109 3864 305 3933 σάρκα,
342 3857 489 3913 ἁλλά
525 3858 627 3926 τὴν
663 3857 942 3925 ἐνοίκησιν
969 3857 1067 3925 τὴν
1095 3856 1176 3918 είς
1205 3849 1538 3923 ἄνθρωπον]

729 3993 981 4045 ΚΕΦΑΛ.
1027 3990 1104 4044 Ζ’.

1815 1232 1976 1288 stum,
2010 1239 2273 1293 nusquam
2307 1236 2490 1294 postea
2528 1229 2753 1283 retinuit
2783 1246 2970 1295 unum,
3003 1234 3095 1288 sed
3125 1235 3270 1302 ipsas
3295 1251 3382 1289 res

1815 1315 1992 1369 unitas
2043 1317 2322 1386 distinguit
2369 1318 2506 1372 inter
2562 1333 2651 1383 se,
2702 1334 2766 1374 ac
2813 1323 3039 1376 seorsim
3099 1333 3382 1393 utramque

1813 1408 2001 1474 ponit;
2041 1421 2147 1460 non
2191 1407 2319 1476 quid
2368 1406 2601 1462 Verbum
2639 1409 2711 1464 sit
2767 1417 3059 1466 secundum
3107 1424 3379 1476 naturam,

1813 1496 1940 1565 quid
1977 1496 2103 1550 item
2144 1511 2272 1551 caro
2305 1498 2628 1566 disquirens,
2663 1501 2755 1556 sed
2805 1501 3078 1558 hominem
3113 1515 3166 1558 et
3209 1503 3379 1559 Deum

1815 1594 2069 1655 tanquam
2113 1587 2248 1653 sola,
2293 1596 2351 1641 ut
2391 1589 2503 1658 ipse
2544 1599 2716 1656 putat,
2761 1592 3070 1660 aequalitate
3109 1594 3290 1661 gloria:
3325 1595 3377 1649 in

1812 1694 1977 1734 unum
2007 1679 2264 1749 colligens
2291 1697 2303 1733 ε
2338 1681 2478 1748 quod
2507 1695 2678 1749 neque
2703 1679 2964 1758 credibile
2993 1692 3072 1737 est
3101 1685 3378 1752 cuiquam,

1813 1782 1986 1838 neque
2029 1769 2141 1823 ﬁeri
2173 1779 2348 1839 potest
2383 1791 2394 1824 :
2426 1774 2666 1839 tantique
2695 1773 2949 1842 mysterii
2996 1775 3262 1828 rationem
3306 1778 3374 1829 ad

1741 1865 1783 1919 Β
1811 1854 2197 1909 absurditatem
2224 1857 2494 1912 deturbat.
2527 1857 2618 1911 Sic
2647 1874 2882 1928 namque
2915 1861 3051 1914 dixit
3078 1876 3096 1919 :

1884 1942 2143 2014 [Νεδτοιι.
2187 1945 2297 2000 Nos
2350 1956 2530 2001 autem
2578 1959 2824 2017 Oportet,
2864 1953 3007 2020 quod
3055 1968 3196 2008 nunc
3246 1955 3377 2010 mihi

1809 2034 1957 2087 venit
1992 2035 2043 2088 in
2082 2048 2315 2090 mentem
2341 2075 2356 2100 ,
2401 2037 2685 2093 advertere
2728 2041 2889 2095 etiam
2931 2043 3204 2100 Nicainam
3251 2063 3378 2118 syn-

1808 2124 1968 2178 odum
1997 2140 2257 2194 nusquam
2285 2127 2467 2182 dicere
2489 2145 2698 2196 ansam,
2723 2130 2890 2187 Deum
2918 2149 2983 2189 ex
3017 2135 3186 2191 Maria
3227 2144 3379 2209 geni-

1812 2225 1921 2267 tum
1956 2232 1971 2268 :
2003 2216 2079 2269 ait
2116 2216 2260 2270 enim
2294 2218 2614 2275 :Credimus
2645 2221 2699 2275 in
2749 2238 2912 2276 unum
2951 2225 3114 2279 Deum
3159 2229 3374 2284 Patrem

1809 2304 2254 2374 omnipotentem,
2285 2316 2336 2361 et
2384 2307 2438 2360 in
2485 2323 2649 2362 unum
2679 2310 2961 2366 Dominum
2994 2313 3177 2370 Jesuin
3210 2317 3373 2373 Chri—

1814 2405 1978 2449 stum.
2004 2397 2299 2461 Attendite,
2325 2398 2466 2467 quod
2491 2415 2612 2453 cum
2644 2402 2793 2469 prius
2823 2405 3127 2472 posuissent
3154 2423 3371 2474 nomen,

1809 2487 2072 2551 Christus,
2103 2491 2242 2556 quod
2270 2490 2403 2542 duas
2446 2498 2665 2544 naturas
2702 2494 2924 2560 indicat,
2959 2512 3063 2550 non
3090 2499 3324 2554 dixerint
3354 2518 3371 2556 :

1810 2580 1862 2631 lu
1895 2593 2056 2632 unum
2089 2579 2252 2632 Deum
2285 2578 2542 2645 Verbum,
2567 2583 2657 2636 sed
2681 2586 2988 2653 acceperint
3008 2603 3200 2644 nomen
3230 2594 3372 2659 quod

1810 2671 2097 2736 utrumque
2147 2667 2512 2737 signiﬁcaret;
2581 2680 2639 2724 ut
2699 2687 2820 2726 cum
2877 2674 3097 2732 inferius
3160 2680 3374 2735 audires

1814 2765 2063 2819 mortem,
2113 2757 2248 2811 nihil
2298 2761 2586 2823 movearis,
2617 2777 2682 2816 ne
2716 2763 2804 2816 illa
2839 2767 3023 2829 verba,
3056 2769 3372 2825 cruciﬁxum

1808 2857 1858 2898 et
1889 2848 2178 2916 sepultum,
2209 2864 2367 2904 aures
2393 2850 2683 2915 oﬁ'endant,
2704 2861 2956 2923 tanquam
2980 2856 3093 2912 haec
3123 2860 3190 2913 sit
3213 2876 3373 2928 passa

1807 2936 2110 3007 divinitas.]
2157 2939 2358 2992 Deinde
2398 2942 2459 2992 ad
2509 2942 2622 2995 haec
2673 2943 2759 2997 illa
2809 2945 3124 3015 subiungit:
3164 2949 3374 3022 [Credi-

1809 3488 1939 3544 tres,
1976 3482 2174 3548 inquit,
2222 3492 2276 3535 ut
2309 3483 2793 3554 interpretarentur
2820 3493 3072 3558 quidnam
3117 3496 3242 3548 illud
3279 3504 3369 3561 sit,

1806 3567 2142 3635 lncarnatus,
2194 3571 2395 3625 dixisse
2442 3573 2590 3636 illud,
2640 3577 2808 3632 Homo
2844 3580 3020 3634 factus
3062 3583 3194 3656 est.)
3234 3587 3369 3652 Quid

1804 3674 1932 3715 vero
1972 3662 2062 3722 sit,
2089 3661 2259 3716 llomo
2298 3664 2495 3729 factus,
2546 3682 2733 3722 rursus
2785 3670 2897 3738 ipse
2932 3673 3211 3730 declarans
3251 3680 3368 3733 ait:

1807 3749 1936 3822 [Sua
1972 3753 2076 3821 23
2132 3754 2298 3820 ipsius
2343 3767 2532 3810 natura
2578 3773 2679 3812 non
2732 3759 2782 3811 in
2833 3776 2995 3816 carne
3036 3779 3370 3836 remanente,

1803 3841 1899 3895 sed
1931 3842 2372 3899 inhabitationem
2412 3845 2642 3901 hominis
2671 3849 2981 3922 subeunte.]

2426 3978 2577 4035 CAP.
2623 3979 2734 4034 Vll.

1871 4109 1954 4162 An
1985 4124 2115 4164 vero
2142 4109 2423 4180 quisquam
2465 4110 2554 4180 qui
2610 4112 2750 4166 inter
2797 4113 3138 4172 Christianos
3179 4132 3368 4174 cense-

167 4131 316 4206 'Apa.
347 4136 417 4187 ἂν
447 4128 744 4198 ἀνάσχοιτὸ
772 4144 856 4188 τις
888 4126 998 4178 τῶν
1033 4123 1332 4176 τελούντων
1366 4124 1422 4175 ὲν
1443 4122 1701 4191 Χριστια-

1804 4207 1909 4265 tur,
1943 4213 2096 4267 aequo
2125 4199 2303 4252 animo
2336 4198 2474 4252 ferat
2513 4199 2596 4252 vel
2640 4200 2894 4270 ineptiam
2935 4206 3246 4272 verborum,
3287 4209 3368 4262 vel

106 4231 205 4291 νοζς
234 4229 265 4296 ἦ
297 4227 402 4296 τῆς
431 4222 669 4291 ἐνούσης
694 4220 808 4281 τοῖς
837 4217 1016 4283 λόγοις
1043 4213 1390 4283 ἀϐελτηρίας,
1478 4213 1575 4279 τῆς
1591 4211 1699 4262 τῶν
1804 4211 1912 4302 turi
1943 4213 2096 4302 $9.00
2125 4213 2303 4302 amr-"0

106 4291 317 4371 ὲννοιων
354 4291 740 4376 ’δυσσεϐείας
788 4305 877 4380 ἆρ’
905 4308 1006 4360 οὐκ
1062 4305 1298 4376 ἐναργὴς
1347 4305 1430 4373 εἴη
1473 4304 1539 4355 ἂν
1585 4305 1698 4364 τοῖς

1806 4294 2187 4345 sententiarum
2220 4291 2590 4359 impietatem?
2622 4291 2811 4347 Nonne
2864 4296 2978 4350 haec
3016 4300 3174 4351 verba
3225 4305 3366 4369 apud

106 4410 310 4478 ἀληθῶς
343 4407 651 4478 ἀρτίφροσι
684 4399 994 4472 βωμολογία
1039 4398 1215 4463 ταυτὶ,
1255 4395 1348 4449 καὶ
1376 4395 1573 4464 τρόπος
1597 4393 1698 4445 οὐκ

1806 4384 2050 4438 cordatos
2098 4396 2228 4436 sane
2289 4383 2537 4438 homines
2590 4394 2841 4454 tanquam
2904 4390 3206 4444 scurrilitas
3272 4394 3367 4445 lia-

105 4461 329 4570 ἁγέννὶξς
363 4461 470 4568 τῆς
493 4461 642 4549 κατὰ
664 4461 903 4564 ὶὶριιστοῦ
932 4489 1338 4559 γλωσσαλγίας;
1370 4488 1696 4555 συκοφαντεῖ

1806 4476 1970 4529 henda
1990 4486 2135 4541 sunt,
2155 4489 2218 4528 ac
2251 4475 2637 4529 maledicentia:
2658 4477 2708 4530 in
2728 4477 3000 4532 Christum
3027 4496 3192 4548 genus
3224 4482 3364 4536 haud

104 4566 200 4662 γαρ
227 4566 328 4660 τίξν
363 4566 667 4656 ἀλήθειαν·
701 4583 805 4634 οὐκ
836 4575 975 4634 εἷναί
1008 4595 1172 4649 φησιν
1203 4578 1328 4629 Υίὸν
1362 4574 1576 4645 ἀληθῶς
1596 4575 1696 4625 αὐ-

1806 4567 2080 4622 inﬁmum?
2133 4566 2510 4619 Calumniatur
2558 4569 2701 4620 enim
2744 4569 3024 4623 veritatem
3056 4589 3068 4624 :
3103 4587 3207 4625 non
3242 4585 3364 4627 esse

105 4682 201 4742 τὸν,
231 4678 415 4749 ἑτέρῳ
441 4673 607 4727 τοῦτο
639 4668 982 4740 προσνέμων.
1012 4666 1338 4739 [Προσέχετε
1365 4663 1693 4733 γὰρ,φησὶν,

106 4770 176 4820 ὅτι
209 4767 492 4839 πρότερον
533 4759 843 4820 τεθεικότες
873 4756 934 4809 τὸ
963 4755 1218 4827 Χριστὸς,
1252 4755 1280 4807 ὃ
1312 4756 1426 4806 ἐστι
1472 4753 1697 4822 μήνυμα

106 4860 202 4910 τῶν
221 4858 315 4911 δύο
346 4855 603 4924 φύσεων,
624 4849 724 4902 οὐκ
755 4844 951 4901 εῐπανο
977 4845 1313 4916 Πιστεύομεν
1343 4846 1420 4905 είς
1447 4844 1540 4895 ἕνα
1563 4841 1695 4894 Θεὸν

108 4946 314 5020 Δόγον.]
353 4944 473 4998 Καὶ
507 4941 641 5011 περὶ
671 4939 770 5010 μὲν
801 4936 897 4989 τοῦ
924 4935 1204 5006 ὀνόματος.
1242 4935 1383 5002 φημὶ
1418 4933 1475 4985 δὲ
1509 4932 1572 5000 δὴ
1600 4931 1694 4982 τοῦ

109 5039 352 5107 Χριστὸς,
385 5034 534 5106 μετά
586 5031 761 5104 βραχὺ
811 5029 1251 5098 διερευνήσομαι,
1287 5024 1515 5094 πότερόν
1566 5040 1692 5074 ποτε

107 5132 199 5182 :sz
229 5132 324 5184 δύο
374 5127 607 5196 φύσεων
646 5121 980 5192 σημαντικόν
1027 5120 1198 5181 ἐστιν,
1240 5118 1272 5187 ἢ
1318 5118 1422 5187 μήθ
1457 5115 1516 5167 τὸ
1549 5115 1604 5167 δὲ
1636 5118 1691 5166 ὲν

108 5226 298 5292 χερσὶν,
332 5223 416 5284 ὠς
449 5219 558 5281 Evt,
586 5212 1069 5282 διαγυμνάζωμεν.
1105 5209 1274 5262 Οίστά
1321 5209 1416 5278 μὲν
1459 5203 1550 5260 οὖν
1584 5202 1692 5258 εἷεν

109 5317 162 5365 ἂν
189 5317 302 5367 κατ’
334 5311 541 5366 οὐδένα
573 5307 800 5377 τρόπον,
830 5302 900 5356 τά
930 5301 1101 5364 οὕτως
1123 5300 1389 5363 ἐκτόπως,
1418 5299 1512 5351 καὶ
1553 5299 1688 5366 ἀτη-

109 5403 270 5470 μελῶς
303 5399 465 5469 αὐτῷ
497 5393 940 5464 πεφλυαρημένα
962 5408 974 5421 ·
1011 5391 1143 5460 φαίη
1170 5390 1216 5443 δ’
1253 5389 1338 5452 ἂν,
1375 5385 1547 5458 οἶμαι,
1583 5386 1686 5449 τὶς,

107 5498 216 5556 τοὺς
245 5495 388 5562 ὑπέρ
412 5507 480 5558 γε
511 5487 626 5540 τῶν
655 5486 829 5554 ἁγίων
853 5483 1108 5554 Πατέρων
1133 5479 1453 5550 ποιούμενος
1477 5478 1685 5544 λόγους

106 5584 162 5634 Τί
192 5586 317 5654 δρᾷς
346 5583 520 5646 οὓτω,
558 5573 603 5632 ὦ
631 5579 875 5646 γενναῖε,
918 5575 1167 5642 γλῶσσαν
1197 5573 1295 5641 τὴν
1325 5571 1582 5639 ἄγροικον
1604 5569 1681 5620 ὲν-

109 5675 195 5738 tzi;
224 5676 489 5747 ἀνδράσιν
525 5671 726 5738 ἁγίοις,
754 5661 836 5729 οἷς
866 5664 932 5719 ἂν
963 5665 1159 5734 πρέποι
1182 5664 1242 5716 τὸ
1264 5662 1522 5730 -λέγεσθαι
1549 5661 1691 5729 παρ⁹

1800 4660 1971 4727 ipsum
2012 4659 2187 4725 inquit
2231 4672 2357 4710 vere
2399 4655 2612 4720 Filium,
2664 4673 2784 4710 cum
2833 4659 2935 4711 hoc
2969 4675 3159 4713 nomen
3209 4659 3364 4716 alteri

1800 4750 2018 4801 tribuat.
2037 4747 2352 4817 [Attendite,
2379 4746 2572 4814 inquit,
2588 4749 2864 4815 quodcum
2891 4750 3038 4818 prius
3059 4753 3366 4818 posuissent

1795 4839 1897 4893 hoc
1939 4854 2152 4901 nomen,
2202 4839 2466 4901 Christus,
2517 4841 2656 4908 quod
2697 4842 2828 4892 duas
2873 4851 3095 4896 naturas
3140 4843 3362 4910 iudicat,

1798 4944 1899 4982 non
1927 4928 2181 4991 dixerint,
2213 4928 2566 4982 Credimusin
2598 4943 2758 4981 unum
2790 4930 2949 4984 Deum
2982 4931 3363 5003 Verbum.]Ac

1795 5021 1860 5073 de
1895 5020 2110 5073 nomine
2156 5021 2276 5081 hoc,
2336 5036 2525 5088 nempe
2579 5020 2799 5085 Christi,
2835 5021 2990 5090 paulo
3025 5033 3143 5092 post
3186 5026 3360 5078 disse-

1795 5128 1936 5177 ram,
1993 5121 2168 5164 utrum
2228 5114 2439 5164 tandem
2501 5113 2635 5166 duas
2680 5123 2904 5165 naturas
2944 5115 3244 5180 signiﬁcet,
3293 5132 3360 5170 an

1793 5217 1948 5256 secus
1991 5204 2175 5271 :quod
2240 5203 2349 5270 jam
2401 5211 2483 5257 est
2536 5218 2642 5270 prae
2694 5205 2983 5266 manibus,
3035 5215 3092 5258 ut
3149 5205 3361 5258 licuerit

1793 5293 2167 5348 discutiamus.
2237 5295 2400 5362 igitur
2452 5294 2597 5348 nullo
2651 5295 2810 5348 modo
2860 5295 3076 5362 quidem
3125 5293 3360 5350 ferenda

1792 5397 1918 5444 sunt
1949 5403 2123 5457 nugm,
2160 5403 2292 5455 quas
2326 5389 2424 5441 iste
2469 5388 2600 5442 adeo
2639 5388 2870 5442 absurde
2910 5400 2963 5442 et
3003 5389 3246 5458 imperite
3280 5391 3360 5442 ef-

1792 5477 1954 5532 futit:
2001 5479 2094 5532 sed
2147 5479 2288 5530 dicet
2327 5477 2523 5545 aliquis
2568 5487 2763 5540 tamen,
2805 5488 2861 5531 ut
2908 5490 3124 5532 sanctos
3167 5478 3357 5533 Patres

1793 5567 2041 5622 defendat
2085 5567 2265 5633 :Quid
2314 5569 2460 5636 agis,
2513 5582 2544 5620 o
2596 5568 2731 5622 bone
2774 5570 2873 5632 vir,
2924 5584 3066 5630 cum,
3097 5571 3356 5623 adversus

1794 5670 2010 5713 sanctos
2053 5661 2196 5712 viros
2246 5655 2524 5711 eﬂ'eratam
2587 5657 2819 5726 linguam
2874 5659 3115 5723 emittis,
3161 5660 3359 5728 quibus

109 5767 254 5820 13:05
298 5767 394 5822 τοῦ
452 5765 680 5818 πάντων
732 5757 892 5830 ἡμῶν
923 5757 1171 5826 Σωτῆρος
1200 5753 1471 5826 Χριστοῦο
1526 5771 1543 5803 ι
1576 5752 1688 5821 Οὐχ

1815 5759 1931 5806 uste
1965 5751 2032 5806 ab
2071 5751 2186 5818 ipso
2229 5750 2466 5805 oumium
2528 5759 2771 5805 nostrum
2820 5749 3098 5806 Salvatore
3142 5750 3358 5805 Christo
