4028 6424
632 390 697 441 ιτ
1464 384 1468 386 ·
1621 369 1677 421 S.
1719 361 1995 418 CYRlLlJ
2039 355 2513 415 ALEXANDHINI
2551 353 2878 408 ARCHIEP.
3833 346 3903 399 ,ιε

632 507 739 559 dici
769 510 946 570 potest
977 541 989 554 .
1023 521 1038 549 ι
1075 498 1185 549 Non
1212 496 1342 547 estis
1373 507 1461 546 vos
1491 490 1580 558 qui
1620 485 1925 556 loquimini,
1957 485 2048 537 sed
2081 482 2204 549 Spi-

2323 480 2466 549 Βμείς
2499 480 2621 529 ὲστε
2656 478 2704 528 oi
2731 474 3045 537 λαλοῦντες,
3071 473 3203 526 ἀλλὰ
3233 472 3294 525 τὸ
3319 471 3542 541 Πνεῦμα
3567 470 3660 522 τοῦ
3686 465 3904 536 Πατρὸς

634 598 769 650 ritus
805 593 981 646 Patris
1012 590 1174 642 vestri
1210 586 1300 655 qui
1339 584 1575 653 loquitur
1613 583 1664 633 in
1708 578 1859 631 vobis
1879 576 1919 606 ⁶¹
1947 576 1970 628 ?
2001 593 2018 626 ι
2061 574 2204 640 Quid

631 685 775 740 enim
805 692 887 737 est
929 683 995 734 ab
1023 680 1126 733 illis
1151 684 1484 746 perceptum,
1513 670 1651 740 quod
1699 683 1804 721 non
1842 665 1924 718 vel
1970 665 2207 718 maxime

630 772 945 830 admirabili
991 770 1293 826 subtilitate
1322 763 1484 819 fuerit
1539 758 1871 829 expolitum?
1926 757 2204 826 quodnam

632 870 827 934 dogma
846 860 1209 916 necessarium
1231 851 1693 926 praetermissum?
1726 849 1916 918 quisve
1935 845 2208 902 cautionis

636 953 828 1004 modus
874 947 1184 1018 neglectus?
1237 943 1377 1016 [Non
1428 942 1541 994 ausi
1591 949 1756 1002 sunt,
1794 936 2009 1003 inquit,
2067 935 2208 988 inter

636 1043 757 1096 ﬁdei
795 1040 1093 1095 sententias
1128 1049 1350 1105 ponere,
1395 1034 1558 1087 Deum
1585 1029 1819 1083 Verbum
1853 1041 1972 1082 esse
1997 1041 2060 1080 ex
2099 1023 2209 1078 Ma-

636 1134 718 1185 ria
752 1128 1044 1202 genitum]
1091 1130 1261 1195 Igitur
1301 1127 1347 1179 si
1399 1124 1499 1177 hac
1545 1124 1611 1177 de
1643 1135 1805 1174 causa
1852 1119 2084 1189 majores
2114 1132 2210 1172 no—

635 1236 782 1280 stros
836 1237 1079 1286 accusas,
1134 1230 1190 1272 et
1235 1228 1288 1273 te
1343 1231 1485 1285 aegre
1539 1213 1679 1268 ferre
1735 1213 1871 1267 dicis
1915 1212 2059 1280 quod
2100 1223 2208 1263 non

639 1315 828 1369 iisdem
852 1328 1099 1382 prorsus,
1137 1308 1334 1380 quibus
1366 1318 1442 1368 tu,
1473 1305 1691 1359 vocibus
1728 1303 1808 1356 usi
1841 1311 1984 1364 sunt,
2019 1309 2207 1364 restat,

639 1418 696 1458 ut
729 1404 888 1460 simul
919 1404 1065 1474 ipsos
1109 1414 1325 1471 quoque
1354 1407 1572 1453 sanctos
1599 1394 1869 1463 apostolos
1900 1403 1953 1446 et
1980 1405 2211 1455 evange-

639 1496 789 1549 listas
836 1492 1146 1546 crimineris
1199 1507 1212 1542 :
1256 1489 1346 1557 qui
1397 1501 1518 1540 cum
1562 1484 1628 1540 de
1683 1483 1886 1538 Christi
1952 1480 2212 1550 mysterio

637 1585 803 1636 libros
837 1579 1280 1648 conscripserint,
1329 1589 1422 1630 eos
1472 1575 1575 1628 tuis
1612 1573 1834 1626 vocibus
1877 1571 1941 1624 ad
1987 1569 2212 1624 verbum

639 1685 766 1725 usos
797 1670 984 1738 utique
1017 1681 1178 1721 nemo
1205 1666 1372 1734 possit
1395 1663 1704 1718 ostendere.
1726 1661 1914 1730 lgilttr,
1937 1659 1981 1712 si
2011 1659 2210 1728 placet,

642 1763 794 1815 mitte
820 1761 955 1822 haec,
989 1767 1045 1811 ut
1089 1797 1103 1810 .
1148 1796 1163 1810 .
1211 1799 1223 1812 .
1265 1794 1281 1810 .
1327 1793 1341 1809 .
1386 1793 1400 1807 .
1438 1763 1492 1807 et
1520 1752 1805 1808 considera
1835 1752 2013 1820 potius
2043 1749 2214 1817 ipsius

2313 571 2467 641 ὑμῶν
2511 572 2570 623 τὸ
2599 567 2793 621 λαλοῦν
2825 570 2882 620 ὲν
2918 567 3084 636 ὑμίν;
3115 584 3133 616 ι
3176 565 3241 618 Τί
3267 565 3377 633 γὰρ
3411 564 3471 616 οῦ
3508 563 3754 631 νενόηται
3789 558 3904 611 τῶν

2313 663 2433 714 λίαν
2457 659 2840 730 ἑπεξεσμένων
2868 659 2947 721 είς
2979 657 3270 727 ἰσχνότητα
3289 656 3385 726 τὴν
3406 651 3865 723 τεθαυμασμένην
3889 667 3905 712 ;

2315 754 2365 806 τί
2394 753 2502 805 τῶν
2540 750 2853 819 ἀναγκαίων
2888 749 3180 820 παρῶπται
3207 749 3513 818 δογμάτων,
3541 747 3573 816 ἢ
3609 749 3755 807 ποῖος
3803 744 3908 796 a6-

2313 847 2428 906 τοῖς
2455 842 2756 912 ἀσφαλείας
2786 841 3060 911 ἠμέληται
3095 841 3324 911 τρόπος;
3381 837 3478 910 [Οὐ
3513 837 3908 906 τετολμήκασι,

2316 939 2469 1008 φησι,
2494 941 2606 1000 τοῖς
2635 937 2764 1007 περὶ
2793 936 2890 1006 τῆς
2922 936 3158 996 πίστεως
3184 933 3419 985 ἐνθεῖναι
3444 930 3643 998 λόγοις,
3667 929 3748 980 ὅτι
3772 925 3910 986 Θεὸς

2314 1031 2488 1097 Λόγος
2513 1031 2578 1080 ὲκ
2607 1028 2829 1097 Μαρίας
2853 1022 3166 1096 ὲγεννήθη.]
3200 1022 3408 1077 Οὐκοῦν
3437 1022 3484 1073 εἰ
3511 1019 3713 1085 ταύτης
3743 1016 3915 1067 ’ἑνεκα

2314 1118 2412 1187 τῆς
2449 1117 2628 1179 αἰτίας
2673 1117 2799 1179 τοὺς
2839 1115 2946 1186 πρὸ
2986 1113 3143 1185 ἡμῶν
3170 1111 3460 1180 γεγονότας
3499 1109 3664 1176 αἰτιᾷ,
3701 1105 3792 1158 καὶ
3823 1103 3916 1154 λεο

2315 1206 2590 1276 λυπῆσθαι
2639 1205 2768 1275 φὴς,
2804 1205 2886 1256 ὅτι
2937 1204 3010 1273 μὴ
3049 1200 3486 1272 ἀπαραλλάκτως
3514 1198 3632 1257 ταῖς
3668 1194 3786 1254 σαῖς
3819 1190 3916 1242 εῦ-

2319 1315 2510 1370 ρηνται
2544 1297 2872 1366 κεχρημένοι
2913 1295 3138 1362 φωναῖς,
3169 1292 3288 1362 ὥρα
3316 1291 3454 1360 τάχα
3495 1305 3597 1340 που
3630 1280 3914 1337 συναιτιᾶο

2320 1389 2442 1440 σθαι
2486 1388 2582 1440 καὶ
2624 1387 2821 1448 αὐτοὺς
2849 1385 2976 1447 τοὺς
3006 1384 3195 1450 ἁγίους
3230 1380 3560 1440 ἀποστόλους
3609 1375 3703 1429 καὶ
3743 1375 3914 1440 εύαγ-

2316 1479 2603 1546 γελιστάς·
2654 1476 3072 1547 συγγεγράφασι
3124 1475 3222 1544 μὲν
3271 1474 3378 1543 γὰρ
3413 1473 3512 1542 τῆς
3545 1472 3636 1523 ἐπὶ
3685 1463 3914 1538 Χριστῷ

2321 1568 2712 1640 μυσταγωγίας
2761 1570 2859 1632 τὰς
2913 1567 3163 1636 βίϐλους·
3211 1563 3488 1628 αύτολεξεὶ
3529 1563 3584 1615 δὲ
3618 1562 3735 1621 ταῖς
3785 1560 3914 1619 σαῖς

2318 1663 2417 1715 οὐκ
2451 1661 2516 1715 ἂν
2545 1659 2832 1723 ἐπιδείξειε
2881 1677 2964 1724 τις
3010 1658 3392 1730 χρησαμένους
3439 1651 3826 1724 φωναῖς.Ἀλλ’
3862 1650 3922 1703 εἴ

2323 1771 2405 1806 σοι
2433 1754 2599 1817 δοκεῖ,
2633 1753 2785 1805 τουτὶ
2826 1754 2925 1820 μὲν
2959 1753 3156 1822 πάρες,
3182 1751 3257 1813 ὼς
3288 1749 3507 1820 [λείπει
3543 1745 3644 1817 τι.]
3676 1745 3828 1815 ἄθρει
3854 1743 3915 1794 δὲ

643 1853 715 1902 rei
762 1852 1025 1902 rationem
1072 1847 1140 1900 ab
1177 1845 1281 1899 illis
1313 1844 1654 1912 explicatam.
1713 1840 1962 1910 Exigitur
1996 1840 2143 1892 enim
2181 1851 2209 1890 a

2323 1845 2521 1916 μᾶλλον
2556 1846 2653 1912 τὴν
2682 1843 2775 1897 τοῦ
2810 1844 3139 1913 πράγματος
3168 1842 3400 1911 δήλωσιν
3431 1839 3576 1908 μάλα
3606 1834 3916 1903 πεποιημέ-

642 1943 798 1997 nobis
829 1941 962 1994 lldes
995 1941 1047 1992 in
1094 1946 1340 1993 sanctam
1372 1944 1426 1989 et
1470 1930 1998 1988 consubstantialem
2035 1929 2215 1983 Trini-

640 2044 829 2093 tatem.
882 2033 1023 2102 Ergo
1071 2045 1192 2086 cum
1248 2028 1518 2082 fateantur
1562 2023 1788 2078 credere
1833 2036 1892 2074 se
1943 2021 1996 2073 in
2050 2035 2213 2073 unum

643 2127 807 2177 Deum
839 2123 1050 2175 Patrem
1089 2118 1536 2186 omnipotentem,
1564 2113 1805 2166 omnium
1839 2107 2133 2162 visibilium
2164 2116 2220 2161 et

643 2211 991 2266 invisibilium
1017 2204 1304 2267 lactoretn,
1335 2213 1390 2256 et
1427 2202 1478 2254 in
1514 2215 1677 2254 unum
1713 2198 1999 2250 Dominum
2033 2194 2216 2250 Jesum

637 2301 912 2355 Christum
943 2296 1140 2349 Filium
1165 2293 1315 2361 ejus;
1362 2305 1538 2358 neque
1573 2288 1712 2341 alter
1739 2289 1834 2350 sit,
1869 2296 1926 2340 ut
1968 2301 2065 2340 nos
2093 2301 2216 2340 cre-

642 2395 837 2454 dimus,
869 2387 1027 2442 Jesus
1058 2386 1305 2441 Christus
1338 2383 1596 2435 Dominus
1627 2389 1822 2446 prieter
1857 2376 2004 2430 illum
2050 2389 2215 2428 unum

641 2495 693 2536 et
723 2479 1020 2537 secundum
1050 2487 1299 2531 naturam
1339 2489 1400 2527 ac
1431 2487 1558 2527 vere
1590 2470 1788 2524 Filium
1817 2485 1882 2523 ex
1928 2468 2037 2522 Deo
2063 2469 2216 2538 geni-

644 2588 773 2638 tum,
827 2585 1057 2638 cumque
1105 2566 1236 2621 illud
1291 2565 1433 2632 quod
1483 2572 1599 2618 erat
1649 2561 1790 2615 Deus
1844 2560 2100 2622 Verbum,
2148 2561 2220 2613 sit

644 2670 802 2717 homo
844 2661 1041 2714 factum
1091 2672 1187 2727 per
1235 2655 1379 2708 illam
1431 2652 1617 2722 procul
1660 2651 1828 2705 dubio
1877 2663 1944 2703 ex
1995 2649 2219 2703 muliere

642 2754 1079 2822 generationem:
1106 2747 1215 2819 24,
1242 2747 1333 2818 qui
1365 2746 1478 2798 ﬁeri
1512 2753 1706 2813 poteSt,
1731 2752 1787 2794 ut
1813 2742 1901 2809 qui
1932 2741 2217 2809 dispensa-

643 2848 842 2903 tionem
884 2845 1202 2914 pmcdicant,
1251 2839 1419 2908 ipsius
1453 2837 1617 2891 etiam
1648 2850 1713 2889 ex
1771 2834 1996 2888 muliere
2024 2832 2222 2886 nativi-

644 2947 806 2991 tatem
835 2934 1129 2989 secundum
1167 2943 1382 2985 carnem
1419 2927 1596 2995 eloqui
1631 2941 1738 2978 non
1771 2923 2060 2978 manifeste
2089 2938 2220 2977 con-

645 3022 970 3077 vincantur?
1018 3019 1168 3073 Tunc
1216 3021 1360 3072 enim
1423 3017 1551 3069 illttd
1604 3015 1834 3068 Verbum
1884 3013 2029 3082 quod
2081 3014 2220 3069 Deus

643 3126 780 3176 erat,
802 3127 858 3167 et
890 3114 977 3167 ille
1008 3111 1175 3166 Filius
1200 3110 1292 3179 qui
1317 3117 1433 3162 erat
1458 3107 1747 3175 sapientia,
1779 3116 1833 3159 et
1861 3108 1993 3169 vita,
2024 3117 2077 3159 et
2105 3105 2217 3168 lux,

2318 1952 2461 1997 νους.
2491 1936 2803 2004 Πράττεται
2838 1935 2936 2004 μὲν
2961 1935 3071 2004 γὰρ
3095 1935 3229 2002 πρὸς
3257 1931 3414 2002 ἡμῶν
3441 1934 3474 2001 ἡ
3501 1933 3681 1989 πίστις
3707 1929 3783 1988 εις
3810 1925 3916 1992 τὴν

2320 2027 2480 2092 ἁγίαν
2507 2026 2599 2077 καὶ
2614 2024 2899 2094 ὁμοούσιον
2921 2027 3142 2094 Τριάδα.
3164 2025 3382 2092 Ἐπειδὴ
3400 2023 3457 2074 δέ
3477 2039 3609 2088 φασι
3630 2018 3917 2072 πιστεύειν

2320 2118 2398 2178 εἰς
2424 2117 2520 2168 ἕνα
2547 2115 2700 2176 Θεὸν,
2730 2117 2947 2184 Πατέρα
2980 2116 3414 2184 παντοκράτορα,
3449 2113 3666 2164 πάντων
3693 2109 3916 2178 ὁρατῶν

2320 2223 2377 2258 τε
2415 2206 2507 2257 καὶ
2541 2205 2789 2274 ἀοράτων
2820 2206 3081 2275 ποιητήν·
3119 2206 3211 2257 καὶ
3242 2206 3320 2265 εἰς
3342 2203 3436 2256 ἕνα
3462 2202 3666 2272 Κύριον
3699 2199 3916 2268 Ἰησοῦν

2320 2296 2558 2366 Χριστὸν
2593 2295 2683 2347 τὸν
2720 2295 2846 2347 Υίὺν
2881 2295 3077 2347 αὐτοῦ·
3129 2296 3228 2363 οὑχ
3279 2296 3464 2364 ἕτερος
3508 2293 3563 2346 δὲ
3615 2291 3736 2344 καθ’
3761 2293 3917 2361 ἡμᾶς

2334 2385 2537 2455 Ἰησοῦς
2575 2386 2810 2454 Χριστὸς
2842 2385 3045 2456 Κύριος
3081 2386 3232 2455 παρὰ
3257 2386 3347 2437 τὸν
3375 2385 3469 2437 ἕνα
3492 2384 3586 2437 καὶ
3610 2383 3791 2451 φύσει,
3816 2385 3915 2434 καὶ

2320 2477 2533 2545 ἀληθῶς
2569 2478 2695 2530 Υίόν
2718 2494 2729 2506 ·
2781 2477 2839 2540 ὃς
2889 2479 2953 2530 ὲκ
2987 2477 3121 2530 Θεοῦ
3160 2477 3439 2546 πεφηνὼς,
3471 2477 3564 2529 καὶ
3604 2475 3736 2538 Θεὸς
3770 2473 3848 2528 ὣν
3885 2476 3916 2526 ὀ

2321 2571 2510 2636 Λόγος,
2538 2569 2763 2636 γέγονεν
2798 2569 3104 2640 ἄνθρωπος,
3129 2569 3217 2623 διὰ
3250 2571 3552 2638 γεννήσεως
3580 2570 3637 2621 δὲ
3666 2569 3916 2637 δηλονότι

2318 2658 2416 2726 τῆς
2465 2660 2528 2709 ὲκ
2561 2657 2838 2725 γυναικὸς,
2877 2659 2998 2711 τίνα
3029 2659 3228 2728 τρόπον
3269 2661 3315 2710 οἱ
3350 2661 3439 2710 τὸν
3469 2659 3566 2727 τῆς
3597 2660 3916 2727 οἰκονομίας

2321 2752 2680 2818 κηρύττοντες
2712 2751 2888 2818 λόγον,
2917 2754 3014 2805 οὐκ
3066 2753 3130 2806 ἂν
3166 2754 3342 2804 ἁλοῖεν
3384 2749 3548 2805 αὑτοῦ
3594 2756 3692 2822 τὴν
3720 2754 3783 2806 ὲκ
3811 2772 3919 2822 γυ-

2321 2841 2512 2901 ναικὸς
2534 2839 2673 2891 κατά
2706 2840 2888 2910 σάρκα
2919 2840 3207 2904 λαλοῦντες
3236 2843 3520 2910 γέννησιν;
3545 2842 3679 2894 Τότε
3709 2843 3818 2913 γὰρ
3850 2844 3920 2909 δὴ

2321 2930 2557 2998 Χριστὸς
2593 2928 2794 2999 Ἰησοῦς
2833 2930 3171 2998 ὠνόμασται,
3215 2931 3344 2993 Θεὸς
3387 2931 3462 2984 ὢν
3505 2933 3532 2983 ό
3582 2932 3774 3000 Λόγος,
3821 2935 3920 2986 καὶ

2326 3020 2507 3088 σοφία,
2537 3021 2631 3072 καὶ
2661 3020 2795 3089 ζωὴ.
2842 3021 2934 3072 καὶ
2965 3020 3098 3088 φῶς,
3132 3020 3160 3070 ό
3189 3020 3335 3083 Υἱός.
3372 3021 3643 3090 Πρόδηλον
3678 3017 3795 3086 οὖν,
3833 3022 3921 3074 ὅτι

2323 3111 2422 3178 τῆς
2471 3110 2684 3163 τοιᾶσδε
2721 3111 2965 3180 κλήσεως
2994 3113 3021 3163 ό
3053 3111 3244 3182 καιρὸς
3278 3112 3765 3182 συνειστρέχουσαν
3802 3114 3924 3183 ἔχει

646 3206 944 3274 appellatus
973 3213 1053 3257 est
1091 3201 1250 3256 Jesos
1289 3199 1560 3254 Christus.
1601 3197 1950 3266 Perspicuum
2002 3207 2083 3251 est
2119 3197 2217 3265 igi-

2323 3200 2421 3269 τὴν
2455 3199 2732 3269 γέννησιν,
2768 3199 2866 3268 τὴν
2898 3200 2986 3253 διά
3015 3200 3078 3268 γέ
3111 3218 3251 3270 φημι
3278 3205 3377 3272 τῆς
3407 3202 3568 3270 ἁγίας
3606 3202 3916 3272 Παρθένου.

648 3311 751 3359 tur,
780 3296 926 3350 illam
957 3309 1023 3348 ex
1045 3302 1230 3348 sancta
1259 3291 1475 3357 Virgine
1508 3290 1845 3343 nativitatem
1869 3291 2056 3343 eodem
2092 3299 2220 3341 temo

647 3401 776 3457 pore
819 3402 940 3441 cum
986 3384 1249 3454 ejusmodi
1286 3381 1651 3450 appellatione
1684 3382 2050 3435 concurrisse.
2089 3379 2222 3435 Cre-

646 3475 822 3533 dentlo
854 3486 1034 3529 autem
1067 3475 1120 3527 ln
1149 3473 1428 3528 Christum
1456 3472 1661 3533 Jesutu,
1701 3470 1754 3524 in
1786 3471 1936 3524 illum
1969 3485 2136 3523 unum
2168 3477 2222 3523 et

646 3581 835 3621 natura
873 3575 926 3620 et
957 3580 1083 3619 vere
1119 3563 1311 3617 Filium
1357 3577 1454 3616 nos
1485 3563 1728 3622 credere,
1763 3563 1888 3614 dum
1934 3562 2046 3613 haec
2093 3559 2223 3613 ﬁdes

648 3676 741 3727 per
771 3662 943 3727 ipsum
974 3658 1207 3710 recurrit
1236 3655 1287 3707 in
1312 3652 1549 3717 Patrem,
1580 3652 1783 3705 clarum
1810 3652 1867 3704 lit
1897 3667 1962 3706 ex
1989 3667 2054 3705 eo
2079 3653 2223 3721 quod

650 3756 760 3817 ipse
793 3751 1044 3803 universo
1081 3757 1347 3801 terrarum
1379 3746 1494 3798 orbi
1535 3744 1835 3814 proclamat
1866 3762 1879 3797 :
1911 3763 1928 3795 ι
1963 3748 2062 3810 Qui
2103 3758 2224 3800 cre-

646 3846 724 3894 dit
754 3842 805 3894 in
853 3856 958 3904 me,
989 3855 1092 3894 non
1123 3840 1173 3892 in
1208 3853 1291 3890 me
1320 3838 1518 3901 credit,
1556 3838 1649 3891 sed
1695 3838 1746 3890 in
1793 3852 1918 3889 eum
1952 3837 2044 3905 qui
2079 3836 2226 3890 misit

650 3948 733 3986 me
757 3932 835 3995 "’;
867 3949 886 3982 ο
925 3940 978 3985 et
1013 3950 1026 3985 :
1061 3951 1078 3980 ι
1113 3931 1211 3995 Qui
1254 3930 1399 3982 videt
1435 3944 1541 3991 me,
1587 3929 1730 3981 videt
1764 3943 1885 3981 cum
1931 3928 2022 3996 qui
2078 3927 2227 3981 misit

651 4040 734 4078 me
753 4024 831 4082 ⁶³;
867 4044 884 4073 ι
922 4035 974 4078 et
1025 4039 1211 4077 rursus
1244 4039 1256 4074 :
1295 4042 1312 4075 ι
1343 4022 1580 4077 Creditis
1616 4022 1667 4075 in
1707 4019 1899 4083 Deum,
1939 4030 1991 4074 et
2040 4021 2090 4073 iu
2140 4033 2226 4074 me

649 4117 853 4171 credite
879 4115 954 4184 (4)
981 4114 1045 4168 ⁸⁸.
1077 4133 1095 4166 ι
1129 4114 1312 4184 Neque
1346 4115 1489 4169 enim
1542 4114 1727 4180 utique
1773 4112 2088 4173 asserimus,
2122 4111 2225 4163 du-

652 4208 840 4275 plicem
890 4207 1036 4260 illum
1098 4221 1127 4260 a
1188 4207 1341 4260 nobis
1398 4203 1554 4258 ﬁdem
1604 4205 1859 4271 exigere;
1915 4203 2008 4256 sed
2045 4203 2225 4271 potius

651 4304 864 4359 docere,
902 4298 1147 4366 quisquis
1183 4298 1338 4349 iidem
1382 4296 1434 4348 iu
1463 4311 1583 4348 eum
1627 4295 1950 4362 susceperit,
1988 4292 2133 4344 illum
2173 4292 2225 4345 in

652 4393 821 4459 ipsum
856 4387 1069 4442 Patrem
1124 4389 1369 4442 credere.
1418 4386 1521 4440 Sed
1561 4387 1709 4454 quia,
1759 4395 1817 4437 ut
1863 4384 2012 4436 illmu
2050 4383 2226 4438 facere

653 4480 1199 4551 parerat,nominum
1223 4478 1649 4546 mquivocatione
1679 4476 1838 4544 paulo
1870 4487 1988 4545 post
2022 4488 2222 4542 utetur,

2324 3292 2443 3345 Ὅτι
2480 3293 2826 3354 πιστεύοντες
2861 3291 2969 3362 [τσ.
3001 3293 3081 3344 ὃτι
3102 3294 3156 3345 δὲ
3179 3294 3550 3364 πιστεύοντες]
3573 3298 3650 3358 εις
3683 3296 3924 3365 Χριστὸν

2335 3381 2565 3452 Ἰησοῦν,
2602 3383 2683 3442 είς
2722 3383 2812 3434 τὸν
2857 3382 2952 3434 ἕνα
3009 3384 3103 3435 καὶ
3150 3384 3310 3449 φύσει
3373 3386 3468 3437 καὶ
3521 3386 3738 3456 ἀληθῶς
3789 3387 3923 3440 Υίὺν

2324 3471 2676 3540 πιστεύομεν,
2708 3472 3088 3541 ἀναφοιτώσης
3114 3474 3214 3542 τῆς
3237 3475 3473 3538 πίστεως
3493 3478 3571 3538 είς
3587 3477 3678 3530 τὸν
3697 3478 3926 3550 Πατέρα

2323 3564 2391 3616 δι’
2426 3564 2615 3625 αὑτοῦ,
2648 3565 2834 3633 σαφῶς
2867 3563 2995 3635 [ἷσ.
3035 3566 3223 3637 σαφὲς]
3259 3568 3326 3621 ἂν
3359 3570 3591 3637 γένοιτο,
3624 3571 3917 3645 διακεκρα-

2323 3654 2478 3722 γότος
2511 3652 2678 3706 αὑτοῦ
2707 3654 2783 3724 τῷ
2806 3655 2998 3725 κόσμῳ
3028 3657 3222 3707 παντί·
3261 3677 3278 3707 ι
3303 3657 3358 3709 Ὀ
3387 3659 3657 3711 πιστεύων
3685 3663 3761 3722 είς
3787 3663 3919 3730 ἐμὲ,

2325 3746 2386 3798 οὐ
2423 3747 2671 3798 πιστεύει
2721 3748 2800 3808 εἰς
2850 3747 2973 3816 ἐμὲ,
3003 3747 3114 3798 ἀλλ’
3148 3749 3227 3810 είς
3278 3749 3366 3801 τὸν
3418 3750 3713 3819 πέμψαντά
3760 3770 3854 3822 με·
3900 3774 3918 3803 ι

2329 3838 2445 3900 καὶ,
2490 3855 2508 3888 ι
2535 3839 2591 3889 Ὀ
2639 3835 2858 3906 θεωρῶν
2909 3837 3030 3907 ἐμὲ,
3062 3837 3261 3906 θεωρεῖ
3304 3839 3399 3892 τὸν
3439 3842 3733 3911 πέμψαντά
3769 3861 3863 3911 με·
3903 3866 3920 3898 υ

2329 3930 2422 3982 καὶ
2473 3928 2651 3993 πάλιν,
2700 3949 2717 3978 ι
2752 3929 3042 3982 Πιστεύετε
3091 3932 3171 3992 εἰς
3213 3931 3304 3984 τὸν
3348 3932 3502 3994 Θεὸν,
3543 3935 3636 3987 καὶ
3686 3936 3765 3998 είς
3819 3938 3927 4007 ἐμὲ

2328 4021 2626 4073 πιστεύετε.
2663 4041 2680 4071 ι
2724 4022 2830 4074 Καὶ
2873 4023 2930 4074 οὐ
2979 4023 3038 4092 δή
3087 4023 3186 4075 πού
3233 4041 3437 4093 φαμεν,
3472 4026 3547 4088 ὠς
3578 4027 3670 4078 δύο
3704 4028 3925 4091 πίστεις

2328 4113 2464 4182 πρὸς
2497 4113 2654 4182 ἡμῶν
2686 4115 2858 4164 αἰτεῖ·
2895 4114 3137 4167 διδάσκει
3165 4116 3220 4168 δὲ
3250 4117 3471 4182 μᾶλλον,
3503 4117 3578 4180 ὡς
3613 4121 3665 4171 εί
3689 4136 3772 4181 τις
3807 4123 3926 4173 εισ-

2327 4203 2540 4268 δέξαιτο
2578 4205 2677 4272 τὴν
2723 4207 2801 4266 είς
2832 4205 2993 4257 αὑτὸν
3025 4207 3229 4269 πίστιν,
3261 4208 3412 4277 αύτῷ
3461 4211 3790 4264 πεπίστευκε
3845 4215 3928 4284 τῷ

2332 4294 2765 4365 Πατρί.Ἑπειδὴ
2817 4295 2873 4346 δὲ
2922 4298 3063 4350 κατά
3111 4298 3171 4350 τὸ
3214 4300 3361 4361 εἰκὸς
3401 4303 3465 4370 τῇ
3499 4301 3605 4353 τῶν
3634 4303 3927 4372 ὀνομάτων

2327 4385 2617 4454 ὁμωνυμίᾳ
2646 4386 2994 4455 διε-χρήσεται,
3035 4390 3189 4442 κοινὰ
3215 4390 3388 4458 λέγων
3415 4387 3554 4445 εἶναι
3584 4395 3645 4446 τό
3681 4412 3737 4446 τε
3779 4396 3925 4466 Χρι-

2331 4479 2473 4538 στὸς,
2501 4478 2595 4529 καὶ
2635 4478 2693 4529 τὸ
2743 4479 2968 4547 Κύριος,
3008 4482 3098 4532 καὶ
3132 4483 3238 4550 μὴν
3280 4487 3372 4535 καὶ
3411 4484 3555 4546 Υἱὸς,
3596 4487 3830 4555 πρέπειν
3866 4507 3926 4540 τε

653 4574 953 4630 communia
981 4586 1102 4626 esse
1135 4571 1320 4625 dicens
1348 4579 1402 4624 et
1433 4569 1628 4624 Christi
1661 4583 1876 4637 nomen,
1902 4581 1955 4622 et
1990 4568 2217 4634 Ιιοιιιίιιι,

2330 4569 2468 4620 αὐτὰ
2503 4569 2958 4621 διαδεδαιώσεται
2986 4571 3061 4638 τῷ
3089 4574 3150 4622 ἐκ
3181 4573 3392 4642 Πατρὸς
3425 4576 3580 4640 φύντι
3615 4542 3790 4643 λόγῳ,
3817 4579 3928 4629 κᾶν

649 4675 810 4733 atque
875 4664 1037 4718 etiam
1089 4661 1246 4729 Filii,
1305 4676 1477 4731 eaque
1534 4662 1828 4715 convenire
1885 4662 2226 4716 conﬁrmabit

653 4755 825 4811 Verbo
862 4755 933 4809 illi
967 4770 1032 4808 ex
1070 4751 1231 4808 Patre
1273 4755 1476 4823 genito,
1506 4755 1670 4808 etiam
1706 4753 1751 4806 si
1785 4753 1934 4807 solus
1975 4753 2223 4808 conside-

649 4860 797 4903 retur
835 4850 1070 4902 nondutn
1122 4856 1400 4913 assumpta
1443 4858 1631 4908 carne,
1674 4857 1885 4898 necnon
1933 4845 2096 4896 etiam
2149 4843 2222 4896 illi

651 4939 848 5006 templo
891 4953 956 4991 ex
993 4934 1212 5004 Virgine
1258 4945 1414 5000 nato;
1451 4945 1506 4988 et
1543 4934 1700 5001 quia,
1749 4944 1804 4986 ut
1845 4944 2005 5002 puto,
2047 4933 2128 4986 his
2159 4935 2225 4986 de

653 5033 809 5085 rebus
840 5029 1128 5096 disputatio
1169 5027 1520 5096 inquisitione
1558 5040 1750 5095 magna
1786 5027 2011 5095 indiget,
2043 5041 2106 5080 ca
2153 5027 2219 5080 ad

649 5137 883 5192 praesens
929 5130 1229 5190 ooportune
1269 5121 1322 5174 in
1373 5129 1583 5188 tempus
1620 5121 1957 5174 commodius
1993 5121 2221 5190 rejecta,

719 5306 760 5334 ⁶¹
794 5304 976 5360 Matth.
1017 5322 1069 5371 χ,
1104 5306 1192 5359 20.
1271 5305 1314 5337 "
1336 5305 1490 5359 Joan.
1526 5320 1625 5369 xu,
1661 5305 1746 5358 44.

1829 5307 2052 5364 "Joan.
2082 5326 2196 5379 xw,
2230 5311 2284 5366 9.

2328 4661 2376 4712 εἰ
2427 4663 2599 4712 νοοῖτο
2656 4661 2834 4725 μόνος,
2875 4663 2966 4728 καὶ
3019 4663 3216 4733 σαρκὸς
3271 4665 3412 4718 οῦτω
3453 4669 3527 4737 (5)
3577 4669 3924 4738 μεταλαχών,

2327 4756 2421 4806 καὶ
2454 4757 2559 4825 μὴν
2591 4759 2666 4824 τῷ
2693 4760 2755 4808 ὲκ
2779 4756 3056 4824 Παρθένου
3085 4758 3242 4824 φύντι
3273 4758 3414 4826 ναιξν
3441 4760 3609 4811 δεῖται
3639 4762 3714 4823 δὲ,
3739 4758 3923 4829 οἶμαι,

2328 4847 2562 4913 βασάνου
2595 4847 2794 4916 πολλῆς
2825 4850 2850 4900 ὁ
2881 4849 2972 4904 ἐπὶ
3009 4851 3220 4910 τούτοις
3259 4849 3446 4916 λόγος·
3490 4853 3567 4913 εἰς
3600 4853 3809 4921 καιρὸν,
3849 4859 3925 4916 ὡς

2327 4938 2483 5006 ἔφην,
2517 4938 2663 5008 αύτῷ
2695 4942 2797 5006 πρέ
2813 4938 3292 5010 πονταχρησίμως
3340 4944 3501 4996 αὑτὸν
3545 4948 3623 5006 εἰς
3654 4947 3713 4996 τὸ
3744 4952 3926 5015 παρὸν

2329 5028 2672 5098 ἀναθέμενοι,
2707 5033 2789 5098 ἐφ’
2815 5033 3010 5102 ἑτέραν
3042 5034 3205 5101 ἴωμεν
3239 5036 3336 5102 τῆς
3365 5038 3526 5100 ἁγίας
3559 5038 3776 5090 συνόδου
3805 5059 3923 5108 cptu-

2331 5121 2446 5189 νὴν,
2481 5123 2543 5189 ἢν
2570 5124 2751 5175 οὑτοσὶ
2780 5124 3152 5194 παρατρέπων
3182 5128 3273 5177 ἐπὶ
3305 5127 3362 5174 τὸ
3393 5129 3540 5197 αὐτῷ
3573 5129 3785 5192 δοκοῦν,
3823 5134 3925 5203 τὴν

2364 5312 2410 5345 ⁸⁸
2438 5314 2572 5369 Ibid.
2619 5316 2667 5370 l.

1930 5467 2090 5521 ANT.
2132 5469 2402 5524 AGELLII
2439 5472 2672 5528 ΝΟΤΑΞ..

720 5626 796 5694 μ)
831 5622 937 5675 Hoc
974 5623 1333 5694 testimonium
1372 5623 1580 5674 videtur
1609 5621 1845 5694 (Iyrillus
1888 5625 1994 5676 alio
2022 5629 2210 5679 ordine

650 5693 935 5765 pratulisse
966 5710 974 5741 :
1009 5693 1211 5765 Credite
1252 5694 1302 5765 in
1343 5709 1440 5753 me,
1479 5704 1534 5765 et
1567 5694 1618 5743 in
1657 5693 1824 5765 Deum
1854 5697 2065 5757 credite,
2107 5698 2206 5761 \cl,

648 5762 892 5828 Creditis,
926 5777 1036 5831 quo
1069 5763 1223 5817 modo
1250 5763 1432 5816 citavit
1467 5763 1627 5815 etiam
1657 5762 1746 5816 lib.
1774 5779 1830 5814 ιι.

2391 5630 2909 5723 (5)3lalli1mlegcre,
2942 5633 3095 5723 οὔπω
3147 5637 3491 5723 μεταλαχών,
3541 5651 3599 5693 ιιι
3649 5643 3778 5694 dixit
3827 5660 3921 5698 su-

2322 5716 2412 5779 pra
2450 5702 2694 5779 pag-Sui,
2734 5703 2885 5779 οῦπω
2917 5704 3117 5779 σαρκὸς
3150 5702 3256 5758 καὶ
3307 5702 3536 5777 αἵματος
3585 5727 3914 5779 κεκοινωνη-

2322 5767 2452 5832 κὼς,
2487 5782 2539 5824 ει
2571 5773 2706 5826 iul'ra
2737 5772 2825 5839 46,
2872 5775 2965 5826 καὶ
2989 5759 3158 5826 ὀὕτω
3190 5759 3733 5840 σεσαοκιυιιένοςλπἭ
3755 5759 3841 5766 ’μγ
3862 5759 3888 5783 ’⁸
