4028 6430
122 350 175 403 49
1268 358 1640 415 ADVEilSUS
1676 359 2079 418 NESTOIUUM
2124 367 2247 421 LIB.
2299 370 2334 423 l.
3334 383 3403 441 50

119 472 198 529 τῆς
247 468 521 536 ἀληθείας
581 476 979 539 καταϐιάζεται
1028 480 1274 548 δύναμιν.
1312 482 1450 549 Φησὶ
1484 485 1612 552 γὰρ,
1641 484 1710 535 ὅτι

1827 486 1891 536 ad
1923 486 2145 541 alteram
2174 501 2377 547 sancta:
2407 494 2549 548 illius
2583 500 2770 565 synodi
2806 515 2988 553 vocem
3026 509 3399 569 transeamus,

118 561 452 629 γεγράφασιν
480 566 533 617 οἱ
565 566 831 636 Πατέρες·
874 570 1239 642 [Πιστεύομεν
1270 578 1350 639 είς
1380 578 1475 630 ἕνα
1512 577 1715 644 Κύριον

127 654 320 723 Ἰησοῦν
350 656 626 726 Χριστὸν,
663 664 757 713 τὸν
790 662 920 715 Υίδν
944 664 1037 717 τὸν
1074 669 1359 738 μονογενῆ,
1402 669 1494 721 τὸν
1526 674 1589 722 ἐκ
1620 672 1714 725 τοῦ

118 747 314 816 Πιτρὸς
364 751 740 819 γεννηθέντα,
778 754 871 808 τὸν
918 757 1204 826 όμοούσιον
1251 760 1330 828 τῷ
1382 762 1576 832 Πατρὶ,
1624 764 1715 817 τὸν

115 840 439 893 κατελθόντα
471 843 541 895 δι’
573 846 743 913 ἡμᾶς,
783 849 879 899 καὶ
913 851 1265 915 σαρωθέντα
1296 856 1359 907 ὲκ
1397 855 1714 924 ΙΙνεύματος

116 931 299 1002 ἁγίου]
321 930 621 1005 Ἐπιφέρει
639 937 946 1004 δὲτούτοις,
974 942 1064 993 καί
1090 959 1221 1013 φησι
1251 947 1381 1011 περὶ
1407 947 1517 999 τῶν
1541 948 1714 1017 ἁγίων

116 1024 399 1092 ηατέρων·
441 1026 460 1098 ξ
478 1029 904 1096 ’Υποκατιόντες
920 1033 997 1095 δὲ,
1032 1036 1394 1105 ἑρμηνεύουσι
1439 1039 1530 1092 τὸν
1560 1042 1713 1092 ὲναν-

111 1119 503 1189 θρωπήσαντα,
542 1124 737 1177 τοῦτον
776 1125 1069 1195 λεγόμενον
1100 1131 1472 1197 σαρκωθέντα,
1506 1133 1565 1184 οὐ
1592 1149 1714 1202 τρο·

112 1213 206 1280 τὴν
234 1214 334 1282 τῆς
379 1215 546 1279 Θείας
585 1218 806 1285 φύσεως
838 1220 1215 1291 ὑπομεινὼης
1248 1225 1326 1287 είς
1360 1227 1460 1294 τὴν
1510 1226 1709 1295 σάρκα,

111 1306 228 1359 ἀλλὰ
274 1306 377 1376 τὴν
428 1310 716 1380 ἐνοίκησιν
744 1313 845 1382 τὴν
874 1314 956 1376 είς
987 1314 1321 1387 ἄνθρωπον.]
1342 1319 1428 1370 Ἐν
1453 1318 1711 1389 ἐξηγήσει

108 1400 157 1449 δὲ
190 1398 353 1453 πάλιν
382 1402 491 1471 τῆς
526 1404 702 1474 αὐτῆς
733 1405 919 1474 ἔχεται
951 1407 1208 1472 διανοίας,
1234 1411 1325 1463 καὶ
1361 1410 1423 1481 δὴ
1453 1413 1546 1465 καὶ
1570 1412 1713 1467 οὕτω

112 1491 286 1559 σησξν.

171 1673 629 1747 [Ἠχολούθησαν
670 1677 748 1749 τῷ
782 1680 1140 1752 εὐαγγελιπῇ
1175 1700 1188 1715 ·
1224 1685 1315 1736 καὶ
1345 1685 1453 1755 γὰρ
1483 1688 1523 1740 ὁΔ
1550 1688 1713 1755 εὐαγ-

122 1768 383 1836 ςελιστὴς,
420 1769 600 1821 ἐλθὼν
629 1771 711 1833 είς
741 1771 841 1841 τὴν
870 1772 1301 1843 ὲνανθρώπησιν,
1321 1777 1491 1845 ἔφυγε
1521 1778 1711 1849 γέννη-

113 1877 185 1911 τιν
218 1863 403 1913 εἰπεῖν
452 1863 550 1915 ἐπὶ
584 1862 677 1914 τοῦ
706 1863 843 1917 Θεοῦ
878 1864 1075 1933 Λόγου,
1107 1868 1199 1919 καὶ
1237 1869 1453 1922 τέθεικε
1493 1870 1711 1941 σαρκω-

111 1970 210 2003 σιν·
265 1952 405 2016 ποῦ;
460 1954 741 2008 ἄκουσον
793 1974 810 2007 ι
844 1957 955 2009 Καὶ
979 1959 1006 2009 ό
1027 1959 1197 2024 Λόγος
1228 1960 1366 2030 σὰρξ
1397 1962 1617 2028 ἐγένετο
1638 1981 1650 1995 ·
1686 1983 1705 2016 ι

105 2045 194 2094 οῦκ
236 2040 362 2096 εἷπε
388 2064 403 2075 ·
448 2045 551 2098 Διὰ
602 2045 804 2115 σαρκὸς
838 2049 1305 2121 ὲγεννήθη.’οπου
1352 2053 1459 2123 γὰρ
1497 2072 1710 2123 μνημο-

104 2136 350 2188 νεύουσιν
396 2138 451 2187 ei
495 2137 809 2201 ἀπόστολοι,
843 2139 876 2208 ἢ
927 2141 976 2192 oi
1011 2142 1394 2210 εὐαγγελισταὶ
1424 2145 1519 2197 τοῦ
1554 2146 1707 2210 Υίοῦ,

102 2226 360 2290 τιθέασιν,
402 2229 492 2279 ὅτι
532 2228 803 2299 ἐγεννήθη
836 2230 901 2283 ἐκ
930 2235 1210 2298 γυναικός.
1241 2234 1483 2304 Πρόσεχε
1509 2236 1586 2306 τῷ
1624 2237 1712 2289 λε-

102 2315 335 2384 γομένῳ,
373 2317 695 2386 παρακαλῶ
714 2334 727 2347 ο
772 2317 909 2371 ὅπου
938 2320 1047 2389 γὰρ
1076 2321 1293 2389 λέγουσι
1324 2324 1383 2376 τὸ
1414 2325 1585 2394 ὄνομα
1616 2326 1710 2379 τοῦ

104 2403 250 2468 Υξοῦ,
286 2408 387 2459 καὶ
424 2408 513 2459 ὅτι
552 2409 747 2480 ἐτέχθη
783 2410 851 2463 ὲκ
890 2411 1170 2478 γυναικὸς,
1194 2413 1405 2468 τιθέασι
1434 2416 1712 2485 τὸ,Ἐγεν-

101 2496 231 2564 νήθη
260 2511 274 2522 ·
318 2498 468 2549 ὅπου
504 2498 564 2551 δὲ
615 2501 1015 2570 μνημονεύουσι
1049 2503 1142 2556 τοῦ
1172 2505 1368 2572 Λόγου,
1405 2507 1578 2571 οὐδεὶς
1609 2509 1709 2561 a6-

105 2585 200 2636 τῶν
235 2588 561 2657 ἐτόλμησεν
595 2592 790 2651 εἰπεῖν,
820 2593 1074 2664 γέννησιν
1107 2595 1195 2649 διὰ
1220 2600 1321 2665 τῆς
1354 2596 1711 2669 ἀνθρωπὸτη-

100 2692 199 2737 τος.
221 2676 285 2729 ’0
307 2677 427 2747 γὰρ
464 2680 743 2749 μακάριος
768 2681 1022 2752 Ἰωάννης
1047 2686 1075 2737 ό
1095 2684 1508 2757 εὐαγγελιστὴς,
1539 2689 1710 2742 ἐλθὼν

101 2770 171 2829 εἷς
225 2770 322 2821 τὸν
382 2770 590 2837 Λόγον,
646 2773 738 2825 καὶ
785 2774 867 2836 είς
921 2773 1019 2845 τὴν
1067 2777 1481 2848 ὲνανθρώπησιν
1519 2781 1709 2846 αὑτοῦ,

100 2864 336 2913 ἄκουσον
380 2857 479 2914 οἶά
521 2880 707 2931 φησιν.
757 2883 775 2914 ι
816 2866 875 2917 ’0
898 2866 1068 2935 Λόγος
1113 2868 1246 2938 σὰρξ
1287 2871 1524 2937 ἐγένετο.
1558 2873 1604 2945 ι]

730 3022 979 3078 ΚΕΦΑΛ.
1021 3026 1102 3078 H'.

1819 595 1979 649 quam
2022 582 2120 636 iste
2166 594 2224 636 ut
2274 585 2339 639 ad
2390 601 2544 641 suam
2592 591 2916 644 sententiam
2963 607 3256 662 pervertat.
3298 598 3398 662 ipsi

1821 671 2210 739 potentissima:
2243 677 2461 730 veritati
2506 681 2800 735 succurrit.
2828 681 2918 735 Ait
2940 684 3083 735 enim
3111 687 3398 752 scripsisse

1818 762 2008 818 Patres
2036 784 2047 817 :
2076 766 2382 839 [Credimus
2413 770 2464 822 in
2500 786 2665 825 unum
2695 772 2979 826 Dominum
3025 774 3206 829 Jesum
3240 778 3401 832 Citri-

1818 868 1981 919 stum,
2034 857 2229 913 Filium
2280 861 2638 930 unigenitum,
2686 880 2752 917 ex
2803 866 2965 921 Patre
3010 879 3219 934 natum,
3260 884 3394 924 con-

1816 952 2226 1005 substantialem
2271 953 2457 1007 Patri:
2488 958 2576 1023 qui
2614 958 2891 1013 descendit
2925 970 3143 1027 prapter
3182 978 3301 1025 nos,
3341 974 3393 1017 et

1816 1044 2132 1100 incarnatus
2158 1055 2241 1100 est
2267 1047 2333 1101 de
2363 1045 2565 1115 Spiritu
2607 1051 2842 1121 sanam]
2882 1053 2960 1105 Ad
2999 1054 3111 1107 hinc
3138 1055 3301 1110 infert
3331 1071 3393 1110 ac

1816 1133 1947 1188 dicit
1991 1137 2058 1189 de
2090 1138 2299 1193 sanctis
2333 1138 2438 1193 illis
2468 1139 2724 1196 Patribus
2752 1161 2762 1195 :
2800 1142 3055 1214 [Inferius
3085 1160 3211 1199 vero
3251 1146 3393 1199 hunc

1817 1224 1992 1292 ipsum
2040 1226 2133 1296 qui
2186 1228 2386 1282 dicitur
2421 1230 2761 1293 incarnatus,
2805 1232 3235 1300 interpretantur
3272 1247 3392 1286 esse

1817 1316 2089 1371 hominem
2127 1317 2327 1373 factum
2357 1338 2371 1373 :
2400 1336 2506 1374 non
2539 1322 2679 1389 quod
2722 1331 2914 1375 natura
2957 1323 3139 1376 divina
3171 1323 3219 1376 in
3269 1340 3389 1377 car-

1816 1421 1939 1460 nem
1973 1408 2044 1462 sit
2084 1418 2312 1477 mutata,
2350 1412 2443 1465 sed
2481 1413 2623 1480 quod
2658 1413 2709 1465 in
2744 1413 2963 1468 homine
2994 1414 3297 1484 habitarit.)
3337 1413 3389 1466 In

1813 1498 2152 1564 expositione
2184 1516 2373 1556 rursus
2408 1502 2581 1557 eidem
2616 1503 2847 1558 inhaeret
2883 1506 3189 1566 sententiae,
3228 1522 3290 1558 ac
3320 1507 3392 1558 ita

1815 1589 1941 1642 dicit
1976 1608 1990 1643 :

1889 1678 2168 1751 [Νεετοκ.
2214 1681 2396 1736 Secuti
2439 1694 2565 1737 sunt
2593 1686 2978 1755 evangelistam
3015 1731 3025 1741 .
3063 1703 3185 1743 nam
3226 1703 3391 1742 evan-

1816 1772 2005 1837 gelista
2053 1774 2142 1827 ubi
2174 1774 2241 1827 ad
2281 1776 2608 1829 narrandam
2654 1778 3096 1833 humanationem
3123 1785 3390 1849 pervenit.

1816 1863 1997 1917 dicere
2023 1867 2421 1931 generationem
2457 1866 2508 1920 in
2540 1867 2648 1921 Deo
2677 1866 2852 1923 Verbo
2880 1871 3089 1933 vitavit,
3123 1887 3185 1927 ac
3219 1877 3397 1939 posuit

1815 1954 2271 2010 incarnationem.
2321 1955 2588 2012 Ubinam?
2622 1960 2746 2014 audi
2782 1978 2793 2014 :
2836 1979 2853 2012 ι
2888 1962 2952 2015 Et
2983 1961 3219 2017 Verbum
3264 1980 3395 2017 caro

1816 2045 2013 2101 factum
2043 2058 2125 2102 est
2151 2048 2232 2115 ⁶⁸;
2267 2067 2286 2100 ι
2326 2066 2433 2104 non
2472 2051 2643 2105 dixit:
2670 2050 2774 2105 Per
2808 2068 3029 2108 carnem
3077 2067 3236 2109 natus
3264 2067 3347 2110 est
3378 2074 3389 2107 ι

1816 2156 1938 2195 nam
1983 2142 2071 2196 ubi
2123 2144 2351 2211 apostoli
2387 2143 2471 2197 vel
2513 2144 2857 2216 evangelista
2896 2148 3223 2202 mentionem
3270 2148 3391 2202 Filii

1816 2232 2061 2299 faciunt,
2104 2245 2312 2303 ponunt
2359 2244 2543 2289 natum
2589 2251 2710 2291 esse
2753 2252 2817 2292 ex
2856 2238 3102 2293 muliere.
3136 2240 3390 2301 Attende,

1815 2340 2018 2393 quaeso,
2051 2328 2192 2396 quod
2225 2325 2425 2381 dicitur
2449 2341 2463 2379 :
2488 2327 2594 2397 25
2624 2328 2711 2382 ubi
2735 2338 3166 2383 commemorant
3195 2344 3390 2383 nomen

1816 2410 1959 2482 Filii,
2000 2426 2054 2472 et
2102 2418 2306 2473 editum
2341 2432 2463 2473 esse
2505 2436 2570 2473 ex
2623 2420 2869 2483 muliere,
2907 2431 3111 2488 ponunt
3146 2420 3391 2485 verbum,

1814 2508 1985 2566 Natus
2017 2521 2136 2578 est;
2171 2511 2269 2567 sed
2300 2512 2389 2565 ubi
2426 2511 2585 2566 Verbi
2617 2512 2781 2565 divini
2808 2514 3133 2566 mentionem
3164 2510 3389 2577 faciunt,

1814 2618 1975 2658 nemo
2023 2603 2235 2658 illorum
2286 2619 2452 2660 ausus
2492 2615 2573 2659 est
2624 2605 2827 2671 dicere,
2862 2605 3101 2674 genitum
3145 2620 3265 2659 esse
3300 2621 3393 2673 per

1813 2692 2225 2749 humanitatem.
2260 2693 2395 2747 Nam
2442 2694 2631 2749 beatus
2658 2694 2893 2750 Joannes
2935 2695 3265 2764 evangelista
3302 2694 3388 2747 ubi

1812 2783 2061 2851 pervenit
2100 2784 2166 2836 ad
2214 2784 2470 2845 Verbum.
2504 2791 2557 2837 et
2608 2782 2724 2851 ejus
2757 2783 3223 2844 humanationetu,
3267 2782 3389 2833 audi

1812 2875 1940 2943 quid
1974 2876 2116 2929 dicat
2148 2896 2161 2931 :
2201 2893 2220 2926 ι
2254 2876 2489 2930 Verbum
2527 2891 2656 2928 caro
2693 2874 2895 2927 factum
2926 2883 3027 2928 est.
3060 2871 3108 2943 ι]

2445 3028 2593 3084 CAP.
2632 3028 2765 3083 VIII.

162 3152 304 3219 Φέρε
345 3152 415 3220 δὴ
452 3148 551 3204 οὖν
589 3154 925 3221 παραθέντες
946 3150 1025 3219 οἷς
1051 3158 1153 3227 ἔφη
1186 3162 1279 3215 καὶ
1300 3163 1393 3216 τοῦ
1416 3168 1538 3219 καθ’
1562 3169 1705 3238 ἡμᾶς

1885 3171 1997 3237 Age
2022 3168 2153 3236 jam,
2187 3183 2310 3222 cum
2358 3168 2441 3222 his
2474 3182 2590 3237 qua:
2629 3167 2765 3220 dixit
2802 3166 3173 3234 componendo
3225 3165 3396 3218 nostri

101 3239 383 3308 Σδμῦόὶου
418 3241 525 3310 τὴν
554 3242 833 3304 ἀπόδοσιν,
866 3244 1062 3313 ἴδωμεν
1103 3249 1150 3298 εξ
1194 3251 1265 3319 μή
1300 3270 1351 3304 τι
1393 3258 1704 3311 κεκαινοτό-

104 3350 266 3401 μηται
336 3334 492 3402 παρὰ
530 3334 720 3386 τούτου
775 3336 868 3387 καὶ
920 3338 1049 3407 περὶ
1093 3342 1286 3411 αὐτήνν
1326 3365 1343 3395 ι
1376 3345 1715 3420 Πιστεύομεν

101 3431 172 3487 ei;
202 3426 307 3479 ἕνα
339 3426 486 3479 Θεὸν
526 3427 749 3495 Πατέρα
788 3432 1225 3503 παντοκράτορα,
1255 3436 1473 3492 πάντων
1501 3442 1714 3510 ὁρατῶν

103 3518 187 3567 καὶ
235 3516 510 3585 ἀοράτων
572 3519 835 3586 ποιητήν·
881 3520 973 3573 καὶ
1008 3524 1088 3585 είς
1139 3522 1234 3577 ἕνα
1269 3527 1471 3598 Κύριον
1507 3532 1713 3601 Ἰησοῦν

106 3608 357 3674 Χριστὸν,
398 3608 498 3660 τὸν
540 3608 664 3659 Υίὸν
695 3608 785 3661 τοῦ
816 3610 970 3676 Θεοῦ,
996 3615 1324 3685 γεννηθέντα
1364 3620 1428 3673 ὲκ
1468 3622 1562 3675 τοῦ
1603 3624 1714 3677 Πα-

104 3700 222 3768 τρὸς
259 3700 549 3769 μονογενῆ
583 3701 679 3767 (6),
716 3702 1014 3769 τουτέστιν,
1056 3708 1119 3759 ὲκ
1150 3708 1246 3779 τῆς
1276 3711 1465 3776 οὐσίας
1493 3714 1587 3767 τοῦ
1615 3717 1715 3770 αὐ-

103 3796 186 3849 τοῦ
207 3813 220 3825 ·
258 3797 403 3849 Θεὸν
442 3798 510 3849 ὲκ
548 3797 708 3857 Θεοῦ.
744 3800 858 3865 φῶς
891 3800 954 3853 ὲκ
983 3805 1180 3870 φωτὸς,
1214 3805 1345 3861 Θεὸν
1371 3809 1626 3879 ἀληθινὸν
1649 3814 1715 3868 ὲκ

104 3888 230 3941 Θεοῦ
259 3888 565 3959 ἀληθινοῦ,
600 3890 953 3960 γεννηθέντα,
978 3896 1039 3946 οὐ
1073 3897 1390 3966 ποιηθέντα,
1427 3902 1713 3971 όμοούσιον

105 3981 174 4049 τῷ
205 3982 414 4051 Πατρὶ,
450 3981 521 4035 δι’
556 3978 618 4035 οὗ
656 3984 722 4035 τὰ
760 3986 936 4038 πάντα
967 3988 1202 4054 ἐγένετο,
1235 3992 1302 4044 τά
1334 4009 1393 4044 τε
1428 3994 1486 4047 ὲν
1512 3996 1589 4065 τῷ
1619 3997 1712 4049 οὐ·

110 4074 269 4145 ρανῷ,
307 4076 409 4128 καὶ
445 4075 518 4126 τὰ
546 4075 640 4126 ἐπὶ
672 4076 771 4144 τῆς
808 4080 935 4147 γῆς’
977 4079 1066 4131 τὸν
1094 4080 1324 4151 δι’,ήμᾶς
1348 4086 1472 4149 τοὺς
1502 4088 1713 4158 ἀνθρώ·

110 4182 253 4230 τους,
294 4170 394 4220 καὶ
436 4167 529 4219 διὰ
564 4168 664 4237 τὴν
702 4171 977 4241 ἡμετέραν
1024 4176 1319 4244 σωτηρίαν,
1356 4179 1709 4246 κατελθόντα,

110 4259 192 4309 γιὶ
225 4260 620 4327 σαρχωθέντα,
661 4261 754 4312 καὶ
778 4262 1295 4333 ὲνανθρωπήσαντα,
1322 4268 1586 4337 παθόντα,
1616 4274 1713 4327 καὶ

110 4351 422 4404 ἀναστάντα
452 4352 521 4419 τῇ
553 4352 714 4423 τρίτη
747 4352 931 4423 ἡμέρα
957 4371 968 4383 ·
1000 4356 1292 4412 ἀνελθόντα
1339 4362 1420 4424 είς
1459 4364 1587 4427 τοὺς
1628 4367 1714 4418 οὑ-

1823 3260 2062 3331 Symboli
2109 3260 2430 3326 editionem,
2483 3261 2843 3328 inquiramus,
2904 3274 2968 3313 an
3018 3263 3181 3313 etiam
3230 3261 3280 3312 in
3332 3276 3393 3313 ea

1816 3354 2093 3424 quidpiam
2122 3354 2190 3407 ab
2234 3354 2336 3407 hoc
2375 3355 2591 3408 homine
2627 3354 2886 3407 audacter
2909 3355 2980 3407 sit
3031 3353 3342 3407 innovatum
3379 3371 3390 3404 :

1823 3465 1841 3498 ι
1882 3445 2170 3500 Credimus
2205 3446 2257 3499 in
2288 3460 2450 3498 unum
2497 3444 2664 3497 Deum
2700 3444 2913 3499 Patrem
2948 3444 3393 3511 onmipotentem,

1815 3538 2056 3591 omnium
2092 3535 2379 3591 visibilium
2414 3545 2467 3590 et
2510 3536 2856 3590 invisibilium
2904 3536 3160 3590 factorem
3194 3554 3207 3591 :
3241 3546 3295 3591 et
3339 3536 3395 3589 in

1817 3642 1980 3679 unum
2006 3626 2288 3680 Dominum
2318 3625 2501 3679 Jesnm
2530 3626 2804 3678 Christum
2834 3624 3027 3678 Filium
3075 3626 3188 3691 Dei,
3212 3637 3397 3678 natum

1816 3735 1880 3773 ex
1904 3718 2065 3773 Patre
2090 3719 2451 3788 unigenitum,
2476 3719 2577 3773 hoc
2598 3727 2779 3781 est,ex
2798 3717 3038 3786 ejusdem
3060 3718 3394 3780 substantia;

1816 3809 1983 3863 Deum
2018 3809 2084 3863 de
2119 3808 2249 3875 Deo,
2288 3808 2469 3863 lumen
2507 3809 2572 3863 de
2616 3808 2841 3873 lumine,
2891 3807 3057 3861 Deum
3095 3821 3280 3860 verum
3328 3808 3397 3861 de

1818 3900 1929 3955 Deo
1975 3915 2121 3967 vero,
2162 3901 2429 3969 genitum,
2463 3916 2567 3954 non
2617 3899 2839 3962 factum,
2875 3897 3395 3952 consubstantialem

1816 3993 1984 4058 Patri,
2017 4009 2110 4061 per
2134 4007 2293 4062 quem
2323 3991 2502 4046 omnia
2555 3990 2691 4044 facta
2735 3998 2881 4054 sunt,
2914 4005 3031 4056 qua:
3073 3988 3123 4042 in
3171 3988 3311 4042 caelo
3344 3998 3398 4040 et

1814 4101 1936 4155 qua:
1976 4085 2029 4138 in
2062 4095 2200 4139 terra
2238 4103 2247 4135 :
2284 4084 2373 4153 qui
2410 4091 2631 4151 propter
2672 4096 2772 4135 nos
2813 4080 3059 4135 homines
3087 4089 3138 4133 et
3177 4089 3398 4149 propter

1816 4186 2057 4232 nostram
2113 4177 2341 4231 salutem
2379 4173 2678 4237 descendit,
2730 4183 2785 4226 et
2832 4174 3150 4226 incarnatus
3191 4178 3295 4234 est,
3341 4177 3398 4223 et

1816 4272 1975 4325 homo
2000 4268 2177 4324 iactus
2198 4277 2279 4322 est
2303 4284 2316 4328 ;
2347 4281 2535 4335 passus
2558 4276 2664 4329 est,
2690 4275 2743 4319 et
2776 4264 3070 4318 resurrexit
3092 4264 3251 4316 tertia
3283 4262 3392 4325 die,

1815 4361 2058 4415 ascendit
2104 4359 2154 4412 in
2202 4360 2390 4422 caelos,
2443 4364 2700 4410 venturus
2747 4363 2831 4409 est
2870 4353 3114 4421 judicare
3152 4354 3299 4407 vivos
3342 4363 3396 4405 et

112 4444 297 4507 patrati;
321 4461 335 4474 ο
377 4444 691 4513 ἐρχόμενον
722 4448 904 4515 κρῖναι
933 4446 1142 4512 ζῶντας
1195 4454 1289 4506 καὶ
1315 4455 1566 4525 νεκρούς.
1602 4458 1710 4513 Καὶ

1821 4465 2080 4509 mortuos.
2126 4452 2190 4506 Et
2226 4452 2278 4506 in
2317 4450 2578 4519 Spiritum
2612 4460 2877 4502 sanctum.
2914 4466 2931 4497 ι
2960 4446 3071 4515 Age
3100 4446 3282 4514 igitur,
3315 4445 3395 4497 vir

109 4537 180 4595 είς
206 4536 267 4587 τὸ
299 4534 544 4603 Πνεῦμα
578 4537 639 4587 τὸ
668 4534 847 4604 ἅγιον.
876 4539 1010 4593 »Ἴθι
1034 4541 1098 4612 δὴ
1121 4538 1235 4607 οὖν,
1264 4538 1308 4598 ὦ
1341 4551 1579 4614 γενναῖε,
1608 4551 1711 4604 ποῦ

107 4628 445 4693 τεθείκασιν,
508 4629 654 4691 εἰπὲ,
707 4631 836 4700 περὶ
882 4632 975 4684 τοῦ
1025 4633 1182 4702 Υἱοῦ,
1235 4639 1590 4707 σαρκωθέντα
1649 4646 1714 4698 ἐκ

112 4722 432 4792 Πνεῦματος
486 4722 647 4788 ἁγίου
701 4724 794 4776 καὶ
839 4724 1059 4795 Μαρίας
1104 4729 1201 4799 τῆς
1241 4731 1547 4801 Παρθένου;
1580 4734 1715 4789 ἀλλὰ

112 4813 259 4867 τοῦτο
297 4815 407 4884 μιν
428 4813 732 4879 ὲκδείξειεν
755 4815 823 4869 ἂν
842 4817 1045 4886 ἥκιστά
1064 4836 1148 4887 γε,
1173 4820 1310 4891 πλὴν
1332 4826 1510 4877 ἐκεῖνο
1533 4826 1709 4897 ἄθρει.

109 4906 235 4958 Φασὶ
268 4907 404 4977 γὰρ,
444 4907 616 4959 αὑτὸν
646 4907 737 4959 τὸν
781 4909 846 4961 ὲκ
892 4908 1026 4962 Θεοῦ
1056 4912 1250 4979 Λόγον,
1284 4915 1375 4967 τὸν
1408 4918 1709 4991 Μονογενῆ,

112 5000 194 5048 τίλν
228 5000 291 5051 ἐκ
330 5000 438 5062 τῆς
489 4999 681 5062 οὐσίας
707 4999 804 5052 τοῦ
840 5002 1073 5071 Πατρὸς,
1102 5004 1193 5056 τὸν
1222 5005 1289 5059 δι’
1320 5002 1379 5061 οὗ
1408 5008 1477 5062 τὰ
1511 5013 1709 5075 πάντα,

114 5093 164 5139 τὸ
194 5090 311 5158 φῶς
349 5090 416 5141 τὸ
455 5088 737 5157 ἀληθινὸν,
766 5092 1118 5163 σαρκωθῆναί
1145 5113 1201 5147 τε
1236 5098 1331 5150 καὶ
1358 5098 1713 5172 ἑνανθρωπῆ-

116 5198 232 5242 ται.
266 5184 475 5237 παθεῖν
519 5200 583 5235 τε
638 5183 733 5235 καὶ
762 5184 1097 5255 ἀναστῆναιο
1142 5190 1232 5240 καὶ
1281 5190 1407 5259 μὴν,
1445 5193 1526 5245 ὅτι
1574 5196 1712 5249 κατὰ

115 5278 330 5340 καιροὺς
387 5273 662 5342 ἐπανήξει
716 5276 1087 5345 κριτής.Ἀλλ⁴
1122 5278 1205 5330 ἵνα
1259 5279 1350 5331 καὶ
1401 5285 1521 5345 ταῖς
1570 5287 1713 5354 παρ’

177 5456 223 5488 ’⁸
248 5456 407 5511 Joan.
443 5471 485 5520 ι,
524 5455 610 5509 N.

1816 4546 2053 4615 egregie,
2085 4545 2170 4598 dic
2198 4544 2413 4597 ubinam
2447 4540 2722 4608 posuerint
2750 4539 2816 4593 de
2864 4537 3023 4600 Filio,
3056 4538 3394 4591 incarnatum

1817 4654 1937 4694 esse
1975 4640 2040 4693 de
2090 4637 2294 4706 Spiritu
2337 4643 2525 4689 sancto
2548 4640 2603 4685 et
2648 4630 2814 4683 Maria
2848 4629 3114 4698 Virgine?
3149 4629 3310 4694 Atqui
3345 4627 3397 4680 id

1816 4730 2103 4786 ostendere
2130 4729 2352 4783 minime
2375 4726 2571 4795 poterit
2592 4742 2604 4777 :
2626 4723 2718 4777 sed
2739 4732 2913 4775 tamen
2942 4721 3067 4773 illud
3088 4720 3392 4773 considera.

1818 4822 2079 4877 Fateutur
2108 4820 2252 4873 enim
2299 4818 2470 4885 ipsum
2521 4812 2613 4869 Dei
2645 4811 2905 4873 Verbum,
2954 4808 3101 4861 illum
3138 4807 3397 4876 Unigeuio

1820 4926 1953 4978 tum,
2000 4914 2148 4966 illum
2181 4925 2247 4964 ex
2294 4907 2593 4962 substantia
2649 4904 2850 4968 Patris,
2894 4900 3041 4954 illum
3099 4914 3194 4968 per
3234 4913 3391 4966 quem

1818 5006 2022 5068 omnia,
2056 5002 2182 5057 illud
2215 5002 2389 5055 lumen
2422 5014 2630 5062 verum,
2666 4995 3007 5049 incarnatum
3044 5004 3187 5054 esse,
3228 4998 3285 5043 et
3319 4989 3388 5039 ra-

1821 5109 1967 5154 ctum
2020 5097 2321 5158 hominem,
2356 5102 2409 5147 et
2455 5104 2696 5158 passum,
2731 5098 2785 5141 et
2817 5083 3200 5143 resurrexisse,
3238 5081 3393 5147 quiu-

1819 5194 1981 5246 etiam
2012 5206 2110 5243 suo
2143 5197 2385 5255 tempore
2414 5183 2710 5238 rediturum
2737 5177 2997 5250 judicem.
3028 5172 3146 5226 Jam
3189 5186 3314 5225 vero
3340 5182 3396 5223 nt

1820 5284 1935 5352 ejus
1968 5280 2149 5335 verbis
2190 5274 2547 5333 certissimam
2582 5284 2825 5325 normam
2867 5263 3183 5336 apponendo
3218 5261 3395 5315 vidca-

1410 5604 1569 5659 ANT.
1615 5604 1887 5661 AGELLII
1926 5606 2157 5662 ΝΟΤιΕ.

184 5758 259 5819 (6)
302 5757 565 5832 Fortasse
612 5757 752 5832 ordo
806 5758 1057 5832 inversus
1109 5767 1187 5804 est
1243 5769 1299 5832 ει
1360 5761 1701 5815 scribendum

1816 5778 1939 5832 arat,
2000 5764 2122 5817 Υίὸν
2165 5761 2257 5816 τοῦ
2295 5758 2427 5814 Θεοῦ
2479 5753 2744 5829 μονογενῆ
2772 5792 2783 5814 ,
2851 5747 3179 5818 γεννηθέντα
3211 5750 3274 5797 ὲκ
3305 5743 3395 5796 τοῦ

116 5830 343 5897 Πατρός,
392 5826 596 5881 Filium
628 5826 725 5880 Dei
760 5828 1105 5894 unigenitum,
1139 5844 1199 5881 ex
1232 5825 1391 5883 Putre
1431 5842 1631 5883 nutum.
