4028 6424
685 353 746 406 5|
1713 349 1771 405 S.
1813 348 2087 406 CYRILLI
2125 345 2590 402 ALEXANDRINI
2627 346 2947 402 ARCHIEP.
3869 344 3946 398 52

685 481 805 522 mus
847 474 1044 534 quanta
1091 465 1161 520 sit
1210 465 1263 518 in
1312 463 1418 519 illis
1467 463 1759 534 imperitia,
1814 464 2012 520 asserit
2050 472 2250 532 aperte,

2362 462 2527 517 αὐτοῦ
2571 467 2773 532 φωναῖς
2805 461 3010 533 ἀκριϐῆ
3043 460 3142 532 τὴν
3178 461 3408 531 βάσανον
3448 459 3700 522 ἐνιέντες,
3737 458 3944 528 ι’δωμεν

687 557 862 625 ipsum
913 556 1003 610 Dei
1042 555 1274 610 Verbum
1323 556 1665 612 incarnatum
1710 571 1831 611 esse
1875 565 1930 610 et
1980 556 2251 610 hominem

687 648 890 703 factum
942 648 1060 702 illos
1107 649 1308 712 dicere,
1359 656 1415 702 et
1457 662 1645 702 eorum
1679 647 1891 702 veritati
1941 647 2252 714 sulfragium

689 740 887 806 ferens,
920 750 1174 809 tanquam
1215 741 1588 796 convenientia
1632 741 1872 795 dicentes
1901 747 2079 793 ornat.
2115 738 2254 792 Num

689 830 874 899 igitur,
925 830 1034 894 dic,
1063 846 1274 899 qumso,
1311 846 1434 885 cum
1484 832 1824 885 incarnatum
1875 840 1932 885 et
1982 831 2253 884 hominem

688 919 888 974 factum
918 920 1088 986 aiunt,
1115 921 1258 974 aliud
1288 921 1560 990 quidpiam
1587 922 1908 991 signiﬁcant,
1945 937 2104 990 quam
2137 938 2257 976 esse

685 1009 980 1063 secundum
1019 1025 1234 1063 carnem
1260 1012 1491 1064 natum?
1533 1012 1922 1066 lncarnationis
1971 1013 2114 1067 enim
2169 1013 2256 1067 hic

687 1099 902 1163 modus,
936 1108 989 1153 et
1022 1101 1236 1169 quidem
1271 1100 1418 1155 solus
1443 1102 1491 1155 ei
1521 1102 1830 1171 contingere
1856 1113 2049 1170 potest,
2082 1105 2170 1172 qui
2201 1113 2253 1158 et

682 1197 836 1242 extra
865 1203 1080 1243 carnem
1113 1199 1166 1244 et
1190 1192 1482 1246 secundum
1532 1207 1682 1245 suam
1715 1204 1958 1247 naturam
1989 1194 2249 1249 subsistit.

688 1277 872 1347 Neque
905 1281 1049 1334 enim
1095 1296 1314 1336 carnem
1362 1284 1625 1350 quispiam
1664 1284 1859 1337 dixerit
1895 1286 2251 1349 incarnatam,

688 1381 786 1423 nec
818 1370 1104 1437 quisquam
1139 1371 1190 1424 id
1224 1372 1339 1425 ﬁeri
1377 1382 1552 1442 potest
1581 1375 1721 1441 quod
1767 1385 1880 1427 erat
1917 1392 1930 1426 :
1959 1373 2052 1426 sed
2079 1374 2251 1440 siqua

687 1460 832 1514 circa
865 1459 1036 1529 ipsum
1070 1461 1398 1531 intelligatur
1426 1463 1564 1515 facta
1601 1464 1992 1531 dispensatoria
2029 1464 2255 1517 mutatio

687 1552 742 1604 in
776 1550 920 1604 aliud
951 1553 1222 1622 quidpiam
1251 1564 1444 1622 praeter
1471 1556 1521 1608 id
1552 1555 1695 1622 quod
1729 1563 1865 1619 erat,
1901 1563 2010 1607 tum
2040 1556 2252 1608 demum

689 1642 761 1694 ita
788 1642 892 1697 dici
936 1645 1442 1700 convenientissime
1476 1656 1680 1715 posset.
1711 1647 1818 1716 26
1841 1646 1895 1700 Si
1935 1647 2096 1716 igitur
2121 1646 2255 1702 Uni-

683 1733 923 1801 genitum
958 1748 1078 1790 esse
1123 1737 1458 1791 incarnatum
1514 1738 1698 1792 dicunt
1740 1739 1875 1807 (hoc
1924 1747 2105 1792 autem
2159 1751 2254 1803 per

2359 557 2413 610 τί
2459 556 2520 609 τὸ
2559 556 2747 626 χρῆμα
2796 553 2893 625 τῆς
2943 554 3172 622 ἐνούσης
3216 553 3408 616 αὑταῖς
3458 551 3720 623 ἀμαθίας,
3751 551 3943 603 διαϐε-

2361 644 2608 697 ϐαιοῦται
2654 644 2858 712 σαφῶς,
2896 642 3246 713 σαρκωθῆναί
3290 658 3351 694 τε
3390 639 3485 693 καὶ
3514 638 3945 709 ἐνανθρωπῆσαι

2361 735 2451 786 τὸν
2494 736 2557 786 ἐκ
2602 732 2738 786 Θεοῦ
2771 732 2943 799 Λόγον
2971 733 3162 793 αὑταῖς
3207 731 3316 802 [ῖσ.
3353 729 3571 801 αὐτοὺς]
3613 731 3809 793 εἰπεῖν,
3842 728 3946 782 καὶ

2360 827 2480 886 ταῖς
2526 825 2606 887 είς
2658 823 2916 892 ἀλήθειαν
2968 822 3190 892 ψήφοις,
3227 822 3302 884 ὠς
3342 820 3411 873 τὰ
3448 821 3631 873 είκότα
3676 820 3943 887 λέγοντας

2363 911 2766 983 στεφανοί.⁷Αρ’
2797 909 2912 976 οὖν,
2943 912 3065 965 είπέ
3098 930 3210 982 μοι,
3247 910 3594 980 σαρκωθῆναί
3635 927 3696 963 τε
3727 910 3822 963 καὶ
3848 911 3944 961 ἐν-

2361 1006 2720 1075 ανθρωπῆσαι
2752 1005 3023 1072 λέγοντες,
3062 1004 3245 1073 ἕτερόν
3273 1021 3326 1054 τι
3355 1002 3679 1072 σημαίνουσι
3705 1000 3859 1071 παρά
3879 999 3946 1052 τὸ

2360 1098 2718 1171 γεγεννῆσθαι
2746 1095 2891 1149 κατά
2918 1095 3132 1166 σάρκα;
3167 1094 3502 1165 Σαρκώσεως
3533 1091 3640 1161 γὰρ
3670 1085 3824 1155 οὗτος
3869 1091 3944 1144 ἂν

2360 1189 2586 1256 γένοιτο,
2619 1188 2712 1241 καὶ
2749 1188 2926 1257 μόνος,
2955 1188 2983 1240 ὁ
3007 1188 3206 1258 τρόπος
3240 1187 3316 1255 τῷ
3337 1187 3431 1239 καὶ
3453 1185 3563 1252 ἔξω
3589 1185 3811 1254 σαρκὸς,
3839 1186 3942 1237 καὶ

2360 1280 2502 1334 κατά
2525 1281 2684 1347 φύσιν
2710 1279 2843 1332 ἰδίαν
2876 1279 3224 1348 ύφεστηκὸτι.
3255 1278 3330 1331 Ού
3354 1279 3460 1348 γάρ
3481 1294 3604 1341 που,
3629 1277 3728 1346 τὴν
3754 1277 3942 1346 σάρκα

2361 1370 2760 1439 σεσαρκῶσοαι,
2787 1370 2919 1441 φαίη
2946 1387 3030 1432 τις
3065 1369 3152 1432 ἂν,
3194 1369 3304 1422 οὐδ’
3328 1369 3395 1422 ἂν
3429 1368 3636 1436 γένοιτό
3665 1385 3748 1430 τις
3772 1366 3799 1420 ὖ
3827 1363 3900 1437 ἦν
3924 1382 3939 1395 ’

2359 1460 2471 1512 ἀλλ’
2493 1462 2649 1529 είπερ
2677 1478 2758 1523 τις
2787 1463 2957 1512 νοοῖτο
2978 1460 3104 1530 περὶ
3130 1459 3289 1513 αὑτὸν
3308 1459 3572 1529 γενομένη
3601 1459 3943 1528 μετάστασις

2359 1551 2670 1620 οἰκονομικὴ
2704 1552 2786 1619 ἐφ’
2822 1550 3006 1621 ἔτερόν
3035 1568 3108 1612 τι,
3144 1553 3274 1620 παρ’
3299 1552 3436 1620 ὅπερ
3469 1551 3568 1602 ούκ
3594 1545 3662 1620 ἦν
3697 1549 3794 1618 (7),
3819 1548 3942 1616 ἔχοι

2359 1641 2424 1694 ἂν
2453 1643 2480 1694 ὁ
2508 1642 2665 1708 λόγος
2710 1643 2793 1710 ἐφ’
2817 1642 2995 1712 ἐαυτῷ
3027 1642 3091 1709 δὴ
3119 1643 3239 1694 τότε
3271 1641 3404 1694 πολὺ
3434 1641 3496 1693 τὸ
3522 1641 3689 1703 είκός.
3723 1640 3942 1692 Οὐκοῦν

2358 1736 2407 1784 εί
2445 1731 2825 1801 σεσαρκῶσθαί
2865 1750 2996 1801 φασι
3044 1733 3133 1786 τὸν
3176 1732 3477 1800 Μονογενῆ,
3509 1731 3598 1784 διὰ
3626 1732 3942 1800 γεννήσεως

683 1823 953 1878 carnalem
993 1827 1423 1893 generationem,
1457 1829 1559 1882 nisi
1601 1829 1778 1890 fallor,
1815 1844 1911 1881 nec
1948 1828 2056 1881 alio
2095 1828 2250 1880 modo

2357 1825 2626 1892 σαρκικῆς
2656 1824 2830 1893 δρῷτο
2863 1824 2926 1877 ἂν
2959 1823 3067 1896 [ῖσ.
3103 1824 3147 1877 δ’
3173 1822 3284 1895 av],
3318 1822 3494 1892 οἶμαι,
3532 1807 3698 1884 τουτὶ,
3734 1824 3829 1874 καὶ
3873 1823 3939 1874 οὑ

683 1922 859 1981 potest
900 1915 1084 1986 lieri),
1125 1918 1395 1983 quomodo
1437 1918 1722 1986 quisquam
1771 1918 1985 1970 infitiari
2033 1927 2248 1986 potest,

688 2003 807 2058 illos
836 2015 1021 2073 aperte
1049 2005 1329 2060 confessos
1357 2021 1499 2069 esse,
1532 2005 1700 2058 Deum
1739 2006 1864 2058 illud
1901 2004 2131 2060 Verbum
2167 2021 2252 2060 se-

685 2094 917 2148 cundum
947 2108 1166 2148 carnem
1197 2109 1318 2150 esse
1359 2097 1584 2148 natum?
1630 2095 1698 2148 At
1740 2095 1884 2148 enim
1930 2110 2036 2148 non
2068 2103 2253 2163 aperte

684 2185 962 2255 generatio
990 2195 1072 2239 est
1098 2196 1398 2255 nuncupata
1441 2204 1452 2238 :
1484 2188 1573 2240 sed
1618 2195 1798 2239 tamen
1846 2187 2012 2252 ipsius
2046 2187 2122 2240 rei
2155 2203 2253 2239 na-

687 2285 804 2328 tura
843 2289 946 2329 non
988 2276 1172 2340 aliam,
1214 2284 1273 2329 ut
1307 2276 1466 2330 modo
1511 2276 1642 2340 dixi,
1684 2277 1822 2328 viam
1869 2277 2253 2331 incarnationis

685 2367 964 2436 agnoscit;
1007 2366 1358 2436 quamobrem
1413 2367 1623 2424 etiamsi
1685 2369 1805 2438 quid
1852 2369 2027 2422 minus
2067 2381 2254 2439 aperte

686 2458 895 2512 dicatur
926 2459 977 2512 in
1013 2459 1100 2514 his
1142 2467 1292 2514 certe
1334 2459 1514 2523 rebus,
1550 2476 1658 2513 non
1701 2472 1982 2530 propterea
2026 2462 2115 2514 illa
2169 2461 2251 2512 via

686 2545 870 2601 relicta
903 2561 1022 2613 quae
1053 2547 1163 2601 sola
1215 2557 1424 2603 natura:
1473 2550 1684 2615 cognita
1730 2560 1832 2613 est,
1873 2551 1938 2602 ad
1976 2549 2135 2602 aliam
2172 2559 2254 2603 est

686 2639 840 2692 nobis
863 2642 1278 2693 transeundum.
1314 2639 1587 2709 Scriptum
1610 2650 1691 2694 est
1718 2642 1858 2693 enim
1895 2641 1944 2695 in
1976 2641 2112 2696 libro
2145 2642 2251 2697 Ge-

690 2744 883 2784 neseos
936 2747 949 2783 :
1007 2749 1024 2780 ι
1057 2729 1119 2783 Et
1169 2730 1333 2785 Setho
1361 2741 1514 2786 natus
1553 2740 1635 2787 est
1686 2732 1846 2798 ﬁlius,
1882 2744 1936 2788 et
1967 2734 2254 2802 appellavit

685 2833 878 2872 nomen
912 2817 1028 2887 ejus
1074 2819 1217 2874 Enos
1260 2820 1324 2874 “.
1359 2840 1376 2872 ι
1415 2820 1549 2874 Num
1597 2822 1758 2890 igitur
1802 2825 1924 2891 quia
1974 2823 2252 2892 Scriptura

685 2909 864 2975 posuit
908 2909 1008 2962 hoc
1069 2910 1315 2974 verbum,
1361 2911 1529 2965 Natus
1571 2921 1675 2973 est,
1725 2911 1844 2965 ideo
1894 2913 2254 2978 generationis

686 2998 900 3054 modum
937 3015 1040 3053 non
1084 3001 1464 3055 admittemus?
1499 3010 1554 3054 at
1591 3003 1682 3070 qui
1721 3004 1833 3056 tieri
1880 3013 2052 3070 potest
2098 3012 2154 3057 ut
2201 3005 2251 3058 id

687 3105 789 3143 non
822 3090 891 3143 sit
927 3090 1345 3145 stultissimum?
1377 3090 1492 3160 Ipsa
1521 3108 1751 3163 namque
1784 3096 1857 3148 rei
1905 3104 2089 3149 natura
2123 3110 2247 3163 pro-

685 3182 966 3246 pemodnm
1000 3184 1161 3236 etiam
1194 3183 1390 3238 invitos
1413 3185 1555 3253 cogit
1594 3194 1651 3237 ut
1677 3186 1824 3238 illum
1872 3195 2021 3253 partu
2049 3186 2248 3239 editum

684 3271 981 3342 intelligere
1017 3274 1298 3328 fateamur.
1339 3275 1450 3328 Cur
1493 3277 1654 3346 igitur
1692 3277 2115 3332 incarnationem
2151 3293 2248 3329 au-

682 3363 855 3426 diens,
891 3379 994 3418 non
1023 3365 1205 3418 statim
1231 3366 1556 3420 intellectum
1585 3370 1948 3438 generationis
1973 3369 2250 3423 admittit?

680 3453 914 3508 Omnino
959 3465 1138 3509 autem
1173 3456 1577 3512 humanationls
1609 3460 1826 3512 nomine
1861 3474 2251 3514 commemora-

683 3555 757 3608 to,
788 3559 887 3598 cur
915 3561 1021 3598 non
1047 3546 1190 3600 iilico
1209 3547 1471 3601 intellexit
1505 3563 1618 3602 rem
1649 3548 1818 3618 ipsam
1849 3550 2250 3604 hnmanationis

681 3649 790 3687 non
822 3634 1025 3688 homini
1062 3636 1216 3704 plane
1250 3637 1560 3698 convenire,
1591 3651 1656 3690 ne
1681 3639 1732 3692 id
1761 3638 1935 3707 ipsum
1971 3639 2110 3706 quod
2134 3647 2251 3692 erat

681 3724 796 3777 ﬁeri
846 3738 911 3778 ac
955 3725 1102 3779 nasci
1146 3725 1410 3790 videatur,
1451 3727 1544 3781 sed
1581 3726 1756 3782 Verbo
1789 3745 1851 3782 ex
1888 3728 1995 3783 Deo
2029 3729 2251 3796 genito?

681 3811 784 3868 Ubi
819 3825 999 3869 autem
1033 3817 1343 3870 humanatio
1367 3832 1492 3873 vere
1525 3817 1689 3874 luisse
1711 3819 1969 3886 creditur,
1997 3820 2066 3874 ibi
2099 3836 2252 3890 pror-

681 3921 775 3960 sus
806 3915 891 3961 est
922 3909 1220 3978 generatio,
1254 3926 1350 3980 per
1375 3926 1536 3980 quam
1571 3912 1736 3966 homo
1776 3911 1948 3968 factus
1983 3914 2250 3982 intelliga-

683 4009 788 4051 tur.
835 3997 940 4052 Sed
987 4014 1104 4053 non‘
1130 4000 1230 4055 isto
1267 4002 1424 4056 modo
1461 4004 1554 4059 tibi
1586 4004 1798 4059 videtur
1831 4005 2248 4076 intelligendum,

681 4103 800 4140 cnm
825 4088 995 4158 ipsum
1021 4089 1113 4144 Dei
1138 4089 1372 4146 Verbum
1403 4094 1736 4148 incarnatum
1760 4112 1877 4151 esse
1901 4108 1954 4152 et
1980 4099 2249 4152 hominem

685 4179 880 4232 laetum
910 4180 1104 4234 dicitur
1129 4201 1142 4234 :
1175 4197 1298 4235 nam
1327 4194 1513 4237 contra
1540 4185 1744 4248 dixisti,
1778 4197 1836 4240 ut
1865 4204 1984 4241 cum
2011 4189 2251 4242 omnium

687 4269 962 4322 hominum
1005 4269 1354 4342 intelligentia
1409 4290 1645 4344 pugnare
1679 4278 1952 4342 nitereris,
1988 4279 2250 4333 humana-

686 4357 882 4411 tionem
919 4374 1022 4412 non
1053 4358 1154 4414 hoc
1187 4362 1514 4431 signillcare,
1550 4365 1689 4434 quod
1733 4366 1912 4420 divina
1953 4380 2142 4421 natura
2197 4371 2252 4424 in

677 4462 894 4501 carnem
934 4449 1004 4502 sit
1037 4459 1263 4516 mutata,
1291 4455 1382 4507 sed
1417 4457 1555 4522 quod
1592 4456 1904 4512 inhabitarit
1931 4460 1981 4512 in
2013 4459 2248 4517 homine.

677 4539 753 4590 Ac
780 4536 921 4604 quod
952 4538 1026 4589 ait
1056 4538 1249 4594 divina
1271 4550 1470 4595 naturae
1504 4543 1555 4595 in
1582 4559 1802 4596 carnem
1831 4546 2248 4600 dctnutatiOnem

677 4637 731 4678 ct
758 4627 1140 4695 itnpossibilem
1175 4644 1313 4693 esse,
1349 4641 1402 4684 et
1449 4632 1594 4685 nullo
1631 4635 1788 4687 modo
1833 4635 1904 4688 illi
1941 4638 2248 4702 convenire,

679 4719 730 4770 id
767 4718 1068 4772 rectissime
1111 4719 1310 4774 dictum
1357 4721 1608 4777 fatemur.
1639 4722 1959 4779 Laudandus
1992 4740 2075 4781 est
2105 4728 2247 4782 enim

676 4824 707 4861 a
739 4809 890 4862 nobis
918 4807 1059 4878 quod
1094 4809 1146 4864 in
1181 4812 1280 4865 hac
1305 4823 1456 4879 parte
1485 4825 1630 4868 recte
1674 4817 1816 4883 loqui
1861 4818 2110 4872 voluerit.
2150 4819 2250 4871 Fa-

681 4906 796 4948 teor
837 4898 979 4952 enim
1026 4914 1247 4957 manere
1291 4902 1431 4956 illam
1478 4906 1876 4971 inconcussam,
1923 4926 2094 4977 neque
2144 4912 2251 4965 ullo

679 4988 839 5042 modo
873 4988 926 5042 in
967 4989 1111 5044 aliud
1146 4993 1417 5061 quidpiam
1453 4997 1718 5049 demutari
1759 5000 2027 5052 diversum
2071 5003 2138 5055 ab
2181 5018 2246 5054 eo

677 5080 818 5146 quod
845 5094 964 5134 esse
993 5083 1254 5136 creditur.
1285 5083 1387 5137 Sed
1417 5084 1533 5154 ejus
1557 5088 1718 5142 verba
1748 5088 1900 5159 longe
1932 5091 1998 5144 ab
2025 5107 2090 5146 eo
2112 5093 2252 5161 quod

747 5259 792 5288 ⁸⁸
811 5259 943 5312 Gen.
985 5275 1055 5324 tv,
1085 5259 1177 5314 26.

2354 1913 2476 1966 καθ’
2512 1914 2694 1983 ἕτερον
2728 1915 2949 1985 τρόπον,
2992 1915 3109 1979 πῶς
3152 1918 3250 1969 ούκ
3300 1915 3506 1983 ἔφασαν
3549 1899 3815 1985 ἐναργῶς,
3846 1913 3940 1966 ὅτι

2353 2005 2674 2072 γεγέννηται
2707 2007 2848 2058 κατὰ
2879 2008 3055 2076 σάρκα
3082 2008 3212 2070 Θεὸς
3244 2007 3318 2060 ῶν
3358 2009 3386 2059 ό
3411 2007 3610 2075 Λόγος;
3661 2006 3796 2058 Ἀλλ’
3830 2007 3942 2058 οὐκ

2353 2100 2689 2169 ὠνόμασται,
2723 2101 2905 2170 φησὶν,
2941 2101 3188 2170 ἐναργῶς
3236 2104 3267 2170 ὴ
3310 2099 3597 2169 γέννησις·
3641 2098 3755 2151 ἀλλ’
3786 2098 3820 2166 ἦ
3871 2115 3941 2164 γε

2353 2191 2446 2245 τοῦ
2479 2192 2800 2262 πράγματος
2833 2192 2992 2261 φύσις
3026 2189 3123 2262 ούχ
3153 2193 3344 2262 ἑτέραν
3371 2185 3503 2252 οἶδε,
3532 2189 3783 2257 καθάπερ
3826 2188 3936 2258 ήδη

2356 2286 2632 2351 προεῖπον,
2661 2283 2753 2336 τοῦ
2787 2281 3166 2351 σεσαρκῶσθαι
3210 2284 3312 2353 τὴν
3357 2282 3689 2342 όδόν.’Ὢστε,
3727 2279 3830 2332 κᾶν
3888 2281 3938 2329 εἰ

2358 2374 2431 2441 μή
2466 2389 2519 2423 τι
2542 2372 2750 2439 λέγοιτο
2783 2373 2966 2439 σαφῶς
2991 2373 3045 2424 ἕν
3068 2390 3130 2438 γε
3153 2375 3264 2434 τοῖς
3295 2371 3552 2431 τοιούτοις
3589 2369 3938 2438 πράγμασιν,

2355 2464 2415 2515 ού
2443 2473 2592 2531 παρα
2622 2464 2777 2514 τοῦτο
2800 2465 2895 2532 τὴν
2924 2464 3091 2531 μόνην
3118 2465 3183 2532 τῇ
3206 2463 3365 2530 φύσει
3385 2459 3788 2528 διεγνωσμένην
3811 2458 3942 2510 ὁδὸν

2355 2551 2792 2612 ἀπολελοιπότες,
2821 2551 2903 2618 ἐφ’
2930 2550 3121 2618 ἑτέραν
3148 2549 3366 2619 ἥξομεν.
3391 2548 3706 2617 Γέγραπται
3734 2546 3846 2615 γάρ
3877 2545 3941 2597 ἐν

2353 2639 2431 2710 τῷ
2462 2641 2557 2710 τῆς
2591 2642 2860 2704 Γενέσεως
2898 2641 3085 2710 βιὸλίῳ
3107 2658 3118 2671 ο
3156 2660 3172 2691 t
3202 2641 3310 2693 Καὶ
3332 2639 3408 2708 τῷ
3431 2640 3534 2707 Σὴθ
3558 2637 3775 2706 ἐγένετο
3795 2636 3940 2700 υίὸς,

2355 2733 2448 2784 καὶ
2499 2732 2818 2800 ἐπωνόμασε
2870 2732 2930 2783 τὸ
2977 2733 3147 2800 ὄνομα
3201 2731 3364 2784 αὑτοῦ
3409 2729 3595 2792 Ἐνώς.
3627 2725 3778 2797 »Ἆρ’
3811 2723 3941 2792 οὖν,

2355 2822 2651 2892 ἐπειδήπερ
2694 2824 2726 2891 ἡ
2769 2823 2957 2891 Γραφὴ
3003 2823 3214 2874 τέθεικε
3260 2822 3339 2885 τὸ,
3383 2821 3648 2888 Ἐγένετο,
3693 2819 3782 2871 τὸν
3831 2817 3941 2886 τῆς

2354 2913 2660 2981 γεννήσεως
2688 2913 2885 2982 τρόπον
2916 2912 2976 2963 ού
3009 2911 3457 2981 παραδεξόμεθα;
3492 2907 3608 2962 εἶτα
3633 2909 3749 2971 πῶς
3772 2908 3942 2960 τοῦτο

2354 3003 2453 3055 ούκ
2482 3002 2725 3071 ἀμαθές;
2754 3001 2900 3071 Αὐτὴ
2925 3002 3032 3072 γὰρ
3056 3003 3204 3072 ἡμᾶς
3239 3003 3272 3071 ὴ
3299 3001 3391 3053 τοῦ
3426 3002 3744 3070 πράγματος
3770 2998 3940 3065 φύσις

2358 3091 2641 3162 μονονουχὶ
2683 3092 2777 3143 καὶ
2823 3092 2920 3161 ούχ
2956 3091 3180 3154 ἐκόντας
3210 3089 3523 3143 ἐκϐιάσεται
3561 3088 3694 3158 πρὸς
3734 3087 3941 3155 ὁμολο-

2357 3184 2480 3250 γίαν
2511 3183 2608 3254 τὴν
2643 3183 2735 3234 τοῦ
2766 3183 3018 3251 τετέχθαι
3057 3186 3194 3235 νοεῖν
3222 3181 3404 3237 αὐτόν.
3435 3179 3561 3242 Πῶς
3591 3174 3683 3232 οὖν
3718 3177 3941 3232 ἀκούων

2355 3275 2451 3342 τὴν
2488 3275 2780 3342 σάρκωσιν,
2807 3273 2867 3324 οὺ
2914 3273 3012 3335 τὰς
3054 3273 3204 3341 παρά
3250 3275 3349 3342 τῆς
3387 3273 3691 3342 γεννήσεως
3724 3269 3942 3331 ἐννοίας

2357 3365 2653 3433 εἰσδέχεται
2683 3363 3062 3433 παραχρῆμα;
3109 3364 3512 3432 Ὠνομασμένης
3541 3363 3596 3414 δὲ
3616 3362 3751 3423 ὅλως
3777 3363 3942 3414 ἐναν-

2357 3454 2715 3524 θρωττήσεως,
2749 3453 2868 3516 πῶς
2899 3453 2960 3505 ού
2993 3451 3226 3521 συνῆκεν
3251 3452 3428 3514 εὐθὺς,
3460 3451 3534 3514 ὠς
3566 3450 3627 3502 τὺ
3655 3449 3752 3519 τῆς
3780 3451 3942 3503 ἐναν-

2357 3545 2690 3616 θρωπήσεως
2725 3548 2912 3616 χρῆμα
2947 3546 3144 3617 πρέποι
3175 3545 3240 3599 ἂν
3270 3544 3370 3597 οὐκ
3405 3541 3677 3613 ἀνθρώπῳ
3707 3542 3938 3612 μᾶλλον,

2358 3637 2444 3690 ἵνα
2469 3636 2543 3706 μὴ
2571 3636 2700 3690 αὑτό
2715 3654 2767 3688 τι
2787 3636 3030 3704 φαίνοιτο
3054 3637 3273 3705 γεγονὸς
3298 3636 3325 3687 ὂ
3349 3631 3438 3705 ἦν,
3457 3633 3590 3686 ἀλλά
3612 3633 3689 3702 τῷ
3709 3634 3773 3686 ἐκ
3794 3634 3941 3687 Θεοῦ

2357 3727 2514 3794 φύντι
2546 3728 2739 3796 Λόγῳς
2774 3719 2848 3780 OB
2878 3726 2922 3778 δ’
2943 3727 3009 3780 ἂν
3032 3730 3065 3797 ἡ
3094 3726 3504 3797 ἐνανθρώπησις
3537 3723 3749 3795 άληθῶς
3778 3727 3941 3792 γενέ-

2359 3819 2484 3873 σθαι
2517 3819 2861 3888 πιστεύηται,
2888 3819 3004 3871 ἐκεῖ
3035 3835 3135 3870 που
3160 3818 3376 3881 πάντως
3407 3819 3440 3887 ή
3469 3816 3741 3888 γέννησις,
3775 3817 3844 3870 δι’
3869 3815 3942 3890 ἦς

2359 3906 2424 3960 ἃν
2478 3906 2652 3976 ὁρῷτο
2695 3907 2988 3976 γενόμενος
3023 3905 3486 3976 ἀνθρωπος.Ἀλλ⁹
3516 3907 3616 3958 οὐκ
3664 3904 3796 3956 αὑτό
3851 3924 3941 3960 σοι

2356 3998 2502 4051 δοκεῖ
2546 4000 2688 4052 κατά
2733 3997 2919 4052 τοῦτον
2964 3999 3158 4069 χρῆναι
3201 3997 3436 4050 νοεῖσθαι
3482 3999 3573 4050 τὸν
3621 3996 3824 4068 τρόπον
3877 4001 3942 4052 τὸ

2359 4091 2708 4160 σαρκωθῆναί
2738 4107 2796 4142 τε
2827 4091 2921 4142 καὶ
2949 4089 3367 4160 ἐνανθρωπῆσαι
3415 4087 3671 4155 λέγεσθαι
3712 4088 3806 4140 τὸν
3840 4090 3939 4142 τοῦ

2358 4180 2494 4234 Θεοῦ
2525 4181 2697 4248 Λύγον
2717 4198 2732 4213 ο
2762 4179 2898 4250 ἔφης
2928 4184 3035 4252 γάρ
3067 4181 3247 4244 πάλιν,
3271 4181 3388 4244 ταῖς
3417 4179 3671 4232 ἁπάντων
3699 4179 3941 4243 ἐννοίαις

2357 4271 2632 4342 ἀνταίρειν
2678 4271 2992 4342 ἐπιχειρῶν,
3036 4273 3323 4340 σημαίνειν
3357 4271 3455 4342 τὴν
3498 4268 3939 4341 ἐνανθρὼπησιν,

2358 4365 2419 4417 ού
2449 4363 2547 4434 τὴν
2583 4365 2661 4426 είς
2694 4364 2873 4433 σάρκα
2909 4365 3210 4432 μεταϐολὴν
3234 4367 3331 4433 τῆς
3358 4363 3507 4425 θείας
3535 4363 3767 4432 φύσεως.
3795 4361 3941 4416 ἀλλὰ

2359 4455 2456 4524 τὴν
2507 4455 2780 4523 ἐνοίκησιν
2818 4453 2919 4523 τὴν
2962 4454 3041 4515 εἰς
3086 4452 3390 4524 ἄνθρωπον.
3421 4454 3530 4522 Τὴν
3579 4452 3675 4520 μέν
3708 4447 3804 4503 οὖν
3837 4452 3937 4518 τῆς

2353 4545 2505 4606 θείας
2534 4544 2750 4613 φύσεως
2796 4545 2876 4606 εἰς
2923 4543 3102 4613 σάρκα
3137 4543 3494 4614 παρατροπὴν
3535 4542 3831 4610 άνέφικτόν
3877 4560 3938 4594 τε

2352 4631 2492 4688 εἶναι
2543 4635 2695 4704 φησι,
2727 4635 2820 4686 καὶ
2849 4637 2965 4687 κατ’
2994 4635 3180 4688 οὐδένα
3210 4637 3406 4706 τρόπον
3432 4635 3567 4704 αὐτῇ
3600 4634 3940 4702 συμϐαίνου-

2356 4745 2453 4779 σαν
2479 4742 2491 4756 ·
2521 4727 2613 4778 καὶ
2650 4725 2794 4794 μάλα
2841 4725 3015 4794 ὀρθῶς
3039 4741 3051 4756 ο
3089 4726 3444 4795 ἐπαινέσομεν
3475 4727 3582 4794 γὰρ
3631 4727 3687 4777 ἐν
3717 4725 3939 4790 τούτοις

2354 4822 2697 4889 ἀριστοεπεῖν
2740 4819 3036 4888 ᾑρημένον.
3073 4819 3216 4887 Φημὶ
3244 4818 3351 4884 γὰρ
3378 4817 3710 4886 ἀκράδαντον
3750 4818 3939 4886 ὑπάρ-

2355 4930 2470 4981 χειν
2499 4913 2688 4981 αύτὴν,
2719 4911 2812 4964 καὶ
2845 4912 2920 4975 ὼς
2953 4913 3051 4963 ούκ
3082 4911 3148 4964 ἂν
3191 4910 3471 4980 μεταθεῖτο
3497 4908 3633 4979 πρὸς
3660 4909 3848 4979 ἔτερόν
3882 4928 3937 4961 τι

2355 5005 2482 5074 παρ’
2516 5004 2651 5073 ὅπερ
2681 5000 2820 5055 εἶναι
2853 5003 3237 5054 πεπίστευται·
3268 4999 3608 5078 διημάρτηκε
3637 4997 3691 5050 δὲ
3717 4998 3800 5049 ὅτι
3834 4998 3936 5050 τοῦ

2363 5093 2661 5165 πρέποντος
2689 5110 2749 5146 τε
2784 5094 2875 5146 καὶ
2915 5092 3143 5162 ἀληθοῦς
3173 5093 3200 5144 ὁ
3236 5091 3387 5159 λόγος
3417 5088 3586 5159 αὐτῷ,
3620 5087 3718 5160 τὴν
3765 5089 3933 5142 ἐναν-

1967 5423 2121 5477 ΑΝΤ.
2166 5425 2436 5481 AGELLll
2477 5426 2703 5485 ΝΟΤΑΞ.

750 5570 825 5636 (7)
887 5569 1192 5637 Legendnm
1233 5573 1441 5625 videtnr
1492 5585 1582 5627 ant
1632 5577 1745 5629 sine
1804 5579 1954 5645 παρ’,
1989 5587 2078 5629 ant
2131 5580 2244 5630 sine

675 5639 794 5698 οὐκ,
838 5648 893 5691 ιιι
928 5645 1192 5695 sententia
1241 5653 1466 5696 constet.
1523 5646 1612 5698 Sic
1666 5660 1844 5698 autem
1888 5639 2048 5711 Ἰθαιιὶ
2111 5650 2244 5701 solet

679 5718 886 5775 auctor,
923 5719 977 5764 ut
1003 5713 1157 5781 paulo
1192 5724 1331 5782 post,
1358 5715 1456 5765 οὐκ
1484 5716 1546 5768 ἂν
1581 5716 1860 5785 μεταιθεῖτο
1897 5717 2030 5787 πρὸς
2058 5718 2241 5784 ἕτερόν

2352 5598 2400 5656 τι
2440 5582 2566 5656 παρ’
2595 5583 2725 5656 ὅπερ
2777 5578 2923 5656 εῖναι
2960 5583 3336 5656 πεπίστευται.
3393 5586 3454 5640 Et
3501 5584 3664 5653 infra,
3713 5585 3930 5656 τροπὴν

2352 5652 2647 5720 ὑπομείνας
2672 5652 2768 5722 τὴν
2793 5655 2868 5717 εἰς
2901 5653 3036 5723 ὅπερ
3065 5655 3159 5706 οὐκ
3190 5651 3264 5724 ἦν,
