4028 6424
128 366 189 421 5'5
1278 368 1649 425 ADVERSUS
1688 367 2085 425 NESTORIUM
2122 369 2251 428 LIB.
2296 371 2334 427 Ι.
3315 377 3382 430 54

128 479 411 551 θρώπησιν
459 482 609 538 εἶναι
645 484 1113 558 διαὸεόαιουμένῳ
1157 489 1257 560 τὴν
1310 491 1386 553 εξς
1436 489 1718 561 ἄνθρωπον

1823 491 2030 555 deceat,
2078 501 2131 546 et
2171 494 2238 547 ab
2273 493 2386 561 ipsa
2432 494 2657 549 veritate
2696 495 2996 558 aberrasse,
3044 496 3094 548 in
3138 509 3200 548 eo
3244 499 3384 564 quod

124 573 415 643 ἐνοίκησιν,
436 578 760 643 καταδεῖξαι
782 580 1136 650 πειράσομαι.
1159 582 1221 635 Εί
1244 582 1344 653 μὲν
1363 582 1472 655 γὰρ
1494 584 1579 651 ἐφ’
1602 582 1718 644 ἑνός

124 680 172 714 τε
201 666 293 716 καὶ
332 666 509 734 μόνου
537 669 633 721 τοῦ
672 671 1022 742 Ἐμμανουὴλ
1054 672 1250 743 ἀληθὲς
1278 669 1501 728 εἶναιτὸ
1533 673 1721 745 χρῆμά

125 772 266 823 φησι,
309 757 628 814 διδασκέτω
672 765 771 834 τὴν
821 765 1035 818 αίτίανο
1072 766 1264 836 μαθεῖν
1305 766 1414 837 γὰρ
1449 768 1549 821 οὐκ
1576 767 1713 836 ἔχω’

124 850 279 915 ἤγουν
312 851 553 922 ὁριστὴν
584 854 773 916 αὑτὸν,
806 856 901 908 καὶ
936 856 1251 928 νομοθέτην,
1276 852 1351 911 ὧν
1380 858 1445 911 ἃν
1479 857 1720 927 βούλοιτο

124 933 290 1000 λέγειν
320 937 797 1006 ἀκατασκέπτως,
821 944 1109 1014 ἀνάσχοιτο
1133 946 1199 1000 ἂν
1230 947 1425 1009 οὐδείς.
1445 947 1586 999 Ἀλλ’
1621 947 1718 999 οὐκ

122 1024 200 1090 ἐφ’
223 1024 348 1088 ἐνὸς
391 1029 499 1097 μὲν
541 1030 674 1094 ῐσως
698 1034 729 1102 ὴ
752 1034 861 1086 τῶν
894 1036 1218 1105 ὁρισθέντων
1254 1038 1431 1108 διήκει
1454 1036 1714 1107 δύναμις·

122 1114 175 1165 οὗ
193 1114 634 1187 διασεὸλήσεται
664 1123 782 1191 μὲν,
818 1124 921 1177 κᾶν
946 1128 992 1177 εί
1016 1127 1156 1180 κατὰ
1179 1127 1399 1180 πάντων
1421 1128 1507 1197 εἴη
1534 1128 1714 1195 τυχόν.

122 1204 326 1257 Οὐκοῦν
353 1208 462 1277 οὐχ
499 1210 674 1274 ἅπαξ,
710 1213 848 1266 ἀλλά
882 1215 1222 1279 πλειστάκις,
1256 1217 1717 1287 ὲνηνθρωπηκότα

120 1295 244 1347 Θεὸν
286 1299 649 1370 εὑρήσομεν·
694 1306 791 1357 καὶ
823 1304 886 1357 οὕ
918 1307 971 1359 τί
1013 1324 1115 1359 που
1154 1307 1312 1377 μόνον
1352 1308 1442 1360 τὸν
1488 1309 1551 1361 ἐκ
1582 1308 1714 1361 Θεοῦ

122 1386 326 1457 Πατρὸς
354 1391 564 1456 Λόγον,
598 1394 901 1465 προσθείην
927 1396 972 1448 δ’
1009 1396 1073 1450 ἂν
1106 1397 1277 1465 ἔγωγε
1314 1399 1409 1451 καὶ
1442 1398 1604 1451 αὑτὸν
1626 1399 1716 1451 τὸν

120 1479 360 1549 Πατέρα,
390 1484 495 1535 καὶ
531 1486 762 1554 προσέτι
791 1488 853 1539 τὸ
884 1488 1106 1557 Πνεῦμα
1131 1488 1193 1541 τὸ
1230 1489 1403 1557 ἅγιον.
1438 1492 1580 1557 Ἔφη
1619 1491 1715 1559 μὲν

117 1574 237 1639 γὰρ,
258 1572 330 1623 δι’
353 1574 483 1636 ἐνὸς
506 1575 622 1626 τῶν
644 1576 819 1644 ἁγίων
846 1578 1159 1647 προφητῶν,
1185 1582 1314 1651 περὶ
1329 1581 1438 1633 τῶν
1460 1583 1516 1633 ἐν
1538 1582 1715 1634 πίστει

115 1661 591 1733 δεδικαιωμένων,
619 1668 702 1719 ὅτι
737 1688 755 1719 ι
790 1667 1091 1741 Ἐνοικήσω
1145 1673 1201 1724 ἐν
1236 1672 1438 1738 αὐτοῖς,
1480 1675 1574 1727 καὶ
1619 1678 1716 1744 ἐμ-

117 1762 512 1830 περιπατήσω,
548 1765 644 1815 καὶ
670 1762 866 1833 ἔσομαι
889 1765 1065 1817 αὐτῶν
1090 1766 1242 1829 Θεὸς,
1274 1768 1366 1819 καὶ
1395 1768 1546 1819 αὐτοὶ
1569 1768 1713 1821 ἔσον-

114 1851 197 1900 ταί
229 1867 338 1918 μου
376 1850 538 1913 λαός.
583 1873 601 1903 ι
628 1853 776 1921 Ἔφη
809 1853 865 1905 δὲ
891 1856 984 1906 καὶ
1014 1855 1175 1917 αὐτὸς
1202 1859 1229 1908 ό
1267 1856 1530 1925 Χριστός·
1558 1876 1575 1907 ι
1602 1858 1711 1909 Καὶ
1742 1840 1785 1899 Β

115 1940 200 1992 ἐάν
234 1941 323 2002 τίς
374 1959 488 2009 μου
533 1943 770 2012 ἀκούσῃ,
806 1944 1139 2013 ἐλευσόμεθα
1178 1944 1289 2013 ἐγὼ
1334 1946 1429 1999 καὶ
1456 1948 1483 2000 ὁ
1526 1946 1715 2018 Πατήρ

116 2046 234 2099 μου,
267 2032 371 2083 καὶ
408 2033 587 2103 μονὴν
619 2034 751 2106 παρ’
775 2034 925 2105 αὐτῷ
959 2036 1313 2106 ποιησόμεθα,
1350 2039 1444 2092 καὶ
1471 2040 1529 2092 ἐν
1568 2035 1715 2108 αὑτῷ

116 2122 534 2194 καταλύσομεν.
550 2144 568 2175 ι
589 2125 847 2196 Γέγραφε
870 2128 929 2180 δέ
948 2146 1049 2180 που
1075 2130 1169 2182 καὶ
1190 2132 1219 2183 ό
1249 2129 1557 2199 σοφώτατος
1578 2132 1717 2185 Hatﬁ-

115 2212 217 2274 ).ος’
244 2235 259 2261 ι
289 2215 410 2267 Καὶ
444 2216 659 2287 Μωσῆς
692 2218 791 2287 μὲν
829 2220 1017 2282 πιστὸς
1049 2220 1106 2271 ἐν
1135 2221 1241 2291 ὅλῳ
1272 2221 1348 2291 τῷ
1371 2224 1503 2291 οἴκῳ
1528 2222 1713 2288 αὑτοῦ,

116 2303 185 2365 ὡς
228 2304 531 2374 θεράπων,
587 2311 670 2371 εἰς
711 2311 1015 2381 μαρτύριον
1060 2314 1167 2366 τῶν
1218 2313 1712 2383 λαληθησομένων·

116 2394 347 2465 Χριστὸς
377 2397 441 2449 δὲ
480 2398 563 2461 ὡς
597 2399 746 2462 Υἱὸς,
789 2402 883 2455 ἐπὶ
930 2404 1019 2455 τὸν
1060 2399 1209 2458 οἷκον
1250 2405 1448 2469 αὑτοῦ,
1480 2399 1541 2457 οὗ
1570 2401 1714 2468 οἶκός

116 2486 280 2553 ἐσμεν
316 2488 513 2557 ἡμεῖς.
547 2508 566 2541 ι
599 2491 709 2543 Καὶ
745 2492 853 2563 μὴν
880 2494 977 2546 καὶ
1011 2493 1251 2564 περὶτοῦ
1281 2494 1435 2563 ἁγίου
1460 2495 1713 2565 ῐῐνεὺμα-

116 2593 229 2640 ¹τος’
260 2598 280 2629 ι
306 2580 433 2632 Οὐκ
470 2580 657 2635 οἴδατε
696 2585 780 2635 ὃτι
826 2585 953 2647 ναὸς
976 2584 1111 2637 Θεοῦ
1147 2587 1294 2650 ἐστε,
1326 2586 1420 2639 καὶ
1458 2588 1516 2640 τὸ
1543 2587 1714 2640 Πνεῦ-

119 2685 193 2736 μα
219 2668 321 2722 τοῦ
356 2670 508 2724 Θεοῦ
536 2674 681 2725 οἰκεῖ
714 2677 773 2727 ἐν
809 2675 965 2744 ὑμῖνς
1000 2695 1015 2726 ι
1040 2676 1250 2731 Οὐκοῦν
1286 2680 1334 2731 εί
1356 2680 1415 2732 τὸ
1438 2680 1716 2750 ἐνοικῆσαί

115 2774 224 2811 τισι
271 2759 552 2828 λέγεσθαι
594 2764 689 2815 κα)⁵
720 2764 813 2827 τὸν
843 2765 953 2818 τῶν
982 2768 1118 2820 ὅλων
1160 2769 1312 2832 Θεὸν,
1352 2770 1509 2823 τοῦτό
1543 2773 1712 2832 ἐστιν.

118 2848 145 2913 ἡ
190 2849 652 2921 ἐνανθρὼπησις,
704 2856 875 2925 ἧγουν
921 2858 954 2929 ἡ
991 2858 1301 2928 σάρκωσις,
1346 2860 1588 2928 λεγέσθω
1624 2862 1717 2913 καὶ

116 2939 197 3006 ἐφ’
224 2942 479 2993 ἑκάστου
512 2944 624 2997 τῶν
668 2947 767 3016 τῆς
800 2946 948 3011 θείας
983 2950 1198 3017 φύσεως
1241 2953 1542 3019 γεγονότων
1597 2970 1715 3006 κοι-

116 3029 324 3095 νωνιῖιν,
361 3034 468 3086 καὶ
502 3035 613 3105 μὴν
638 3038 735 3088 καὶ
763 3037 971 3091 ἐνοικον
994 3042 1307 3111 ἐσχηκότων
1336 3042 1521 3107 αὑτὸν,
1553 3044 1635 3095 ὅτι
1660 3060 1717 3095 τε

118 3125 205 3224 καὶ
222 3126 672 3224 ἐνηνθρώπησε,
706 3130 801 3224 και
824 3131 961 3200 πρός
984 3149 1043 3185 τε
1084 3134 1260 3205 τούτῳ
1285 3136 1367 3199 τὸ,
1397 3137 1707 3207 ἐσαρκώθη.
1740 3167 1782 3224 C

117 3210 186 3268 03
216 3217 283 3285 δὴ
339 3221 669 3287 γεγονότος,
720 3223 816 3274 καὶ
865 3225 1301 3295 παραδεχθέντος
1348 3229 1423 3290 ὼς
1456 3230 1712 3299 ἀληθοῦς,

118 3308 453 3373 πλειστάκις
486 3311 597 3364 κᾶν
631 3312 845 3381 λέγοιτο
872 3318 1201 3389 γεγενῆσθαι
1247 3321 1384 3391 σὰρξ
1418 3325 1446 3375 ό
1482 3325 1545 3375 ἐκ
1577 3324 1713 3378 Θεοῦ

118 3399 334 3469 Πατρὸς
372 3401 559 3469 Λόγος
579 3418 594 3432 ⁶
627 3404 827 3459 ἐνοικεί
848 3407 903 3460 δὲ
932 3409 1028 3462 καὶ
1054 3410 1135 3473 εἰς
1164 3409 1324 3481 δεῦρο
1363 3412 1579 3474 πολλοῖς
1605 3415 1715 3467 τῶν

121 3488 443 3559 σεϐομένων
479 3494 669 3548 αὐτόν.
717 3497 877 3549 Ἀλλά
908 3500 1017 3562 ναὶ,
1047 3501 1202 3570 φησὶ,
1235 3502 1547 3572 γέγραπται
1587 3507 1718 3577 περὶ

118 3578 208 3630 τοῦ
247 3579 397 3633 Θεοῦ
437 3582 621 3651 Λόγου
644 3626 658 3647 ,
691 3584 774 3636 ὅτι
812 3605 829 3636 ι
868 3587 1209 3657 Ἐσκήνωσεν
1244 3591 1300 3643 ἐν
1336 3594 1485 3662 ἡμῖν.
1517 3613 1534 3644 ι
1569 3595 1714 3667 Ἔφη

118 3670 172 3721 δὲ
216 3674 374 3727 καὶὸ
404 3672 704 3738 θεσπέσιος
753 3675 963 3741 Παῦλος
1002 3679 1246 3749 περὶτοῦ
1297 3686 1514 3736 πάντων
1557 3688 1587 3755 ἡ
1600 3687 1716 3755 μῶν

121 3761 377 3835 Σωτῆρος
408 3764 661 3834 Χριστοῦ
686 3804 700 3829 ,
731 3768 814 3821 ὅτι
847 3786 866 3821 ι
897 3771 987 3823 Ἐν
1009 3770 1161 3840 αὐτῷ
1190 3770 1477 3843 κατῴκησε
1511 3776 1621 3827 πᾶν
1656 3776 1718 3829 τὸ

123 3852 403 3924 πλήρωμα
426 3854 535 3922 τῆς
563 3854 821 3927 θεότητος
853 3860 1203 3929 σωματικῶς.
1231 3882 1249 3913 ι
1280 3864 1589 3935 Ἐσκήνωσε
1619 3868 1718 3936 μὲν

122 3947 175 3997 ἐν
211 3950 354 4019 ἡμῖν
400 3948 900 4020 ὁμολογουμένως⁹
947 3954 1261 4024 γέγραπται
1310 3956 1417 4029 γὰρ
1450 3958 1581 4011 ὠδί-
1625 3961 1718 4013 καὶ

125 4038 225 4109 μὴν
250 4039 350 4093 καὶ
376 4041 469 4095 ὅτι
490 4041 839 4113 κατῴκηκεν,
864 4046 965 4098 οὐκ
986 4046 1339 4117 ἀντιτάξομαι
1363 4049 1574 4117 λέγοντί
1602 4068 1684 4105 σοι
1701 4068 1716 4084 ο

125 4128 387 4203 βούλομαι
415 4134 480 4187 δὲ
514 4135 721 4203 μᾶλλον
742 4137 841 4200 τάς
863 4136 971 4190 τῶν
999 4137 1279 4211 θεηγόρων
1303 4142 1379 4209 (9)
1407 4141 1719 4211 βασανίζειν

1822 580 2259 637 humanationem
2296 583 2435 638 idem
2468 593 2590 640 esse‘
2620 596 2781 656 alque
2827 586 2879 640 in
2927 586 3143 641 homine
3175 586 3384 641 inhabi-

1821 673 2080 727 lationem
2105 673 2354 744 afﬁrmat,
2379 678 2618 733 conabor
2642 678 2949 733 ostendere.
2972 676 3104 731 Nam
3131 678 3172 732 si
3196 678 3247 731 in
3276 692 3384 732 uno

1818 774 1871 819 et
1896 767 2011 820 solo
2043 766 2391 823 Emmanuele
2421 768 2472 822 id
2512 782 2699 823 verum
2736 783 2855 824 esse
2898 768 3117 832 asserit,
3145 766 3261 835 ejus
3304 768 3381 823 rei

1818 871 2035 910 causam
2063 864 2286 926 doceat;
2320 873 2491 928 neque
2519 859 2663 915 enim
2692 859 2836 914 illam
2872 858 3168 930 intelligere
3198 873 3335 929 queo
3366 876 3379 914 :

1818 948 2016 1018 alioqui
2076 960 2223 1005 certe
2272 952 2415 1006 hunc
2466 950 2801 1007 deﬁnitorem
2861 964 2925 1004 ac
2977 949 3380 1020 legumlatorem

1817 1054 2002 1096 eorum
2032 1056 2151 1109 quae
2187 1050 2390 1096 temere
2415 1041 2594 1097 dicere
2623 1041 2863 1105 libuerit,
2894 1055 3052 1095 nemo
3084 1040 3240 1093 ferat.
3277 1039 3383 1093 Sed

1819 1148 1923 1187 non
1958 1134 2028 1187 ad
2058 1150 2219 1187 unum
2275 1133 2601 1188 definitionis
2640 1133 2799 1202 hujus
2837 1132 2919 1185 vis
2964 1129 3238 1199 pertingit,
3277 1128 3382 1198 27

1818 1239 1997 1294 neque
2030 1224 2132 1277 ulla
2167 1225 2269 1278 erit
2291 1224 2511 1288 invidia,
2548 1223 2757 1278 etiamsi
2791 1222 3040 1275 omnibus
3062 1221 3227 1284 insit;
3258 1233 3384 1289 ergo

1818 1330 1922 1369 non
1961 1315 2148 1379 semel,
2168 1317 2261 1370 sed
2286 1317 2483 1384 saepius
2508 1316 2672 1368 Deum
2702 1313 2901 1368 factum
2936 1311 3204 1365 hominem
3238 1310 3384 1365 inve-

1818 1406 2045 1473 niemus,
2104 1422 2275 1477 neque
2307 1408 2479 1461 solum
2531 1405 2659 1459 illud
2694 1420 2759 1461 ex
2796 1404 2902 1458 Deo
2934 1402 3089 1456 Patre
3132 1400 3381 1464 Verbum,

1816 1499 1909 1551 sed
1954 1496 2201 1563 adjiciam
2250 1513 2350 1569 ego
2401 1506 2547 1552 certe
2594 1496 2754 1550 etiam
2812 1496 2982 1563 ipsum
3039 1493 3273 1557 Patrem,
3324 1507 3386 1544 ac

1816 1599 2075 1659 praeterea
2112 1588 2372 1656 Spiritum
2416 1597 2683 1642 sanctum.
2721 1585 2866 1640 Dixit
2898 1584 3040 1640 enim
3084 1598 3177 1653 per
3200 1597 3386 1653 quem-

1818 1680 1939 1734 dam
1967 1694 1996 1734 e
2025 1680 2225 1735 sanctis
2255 1679 2549 1749 prophetis,
2581 1678 2645 1732 de
2673 1678 2980 1732 hominibus
3005 1689 3099 1745 per
3123 1672 3383 1740 ﬁdomju-

1817 1770 2064 1825 stincatis
2103 1789 2115 1825 :
2152 1789 2170 1822 ι
2201 1772 2518 1825 lnbabitabo
2562 1770 2615 1824 in
2655 1765 2812 1839 ipsis,
2838 1777 2892 1823 et
2935 1765 3297 1827 inambulabo,
3335 1772 3389 1815 et

1814 1873 1907 1912 ero
1939 1860 2175 1927 ipsorum
2227 1863 2389 1921 Deus,
2422 1870 2476 1914 et
2502 1860 2600 1927 ipsi
2652 1868 2810 1913 erunt
2844 1858 2972 1912 mihi
3008 1858 3234 1925 populus
3264 1857 3329 1908 ⁸⁷.
3365 1876 3381 1908 ι

1816 1948 1960 2003 Dixit
1991 1949 2151 2003 etiam
2187 1949 2301 2017 ipse
2326 1948 2611 2005 Christus:
2643 1967 2660 1999 ι
2688 1950 2753 2002 Ει
2790 1950 2834 2004 si
2865 1949 2984 2017 quis
3020 1965 3102 2003 me
3134 1948 3385 2011 audierit,

1815 2040 2094 2094 veniemus
2128 2054 2228 2108 ego
2262 2048 2316 2095 et
2362 2038 2522 2093 Pater
2565 2054 2739 2103 mens,
2780 2048 2835 2093 et
2873 2040 3204 2093 mansionem
3247 2039 3385 2107 apud

1816 2144 1937 2183 enm
1986 2130 2264 2194 faciemus,
2311 2139 2366 2184 et
2413 2132 2465 2184 in
2515 2131 2633 2198 ipso
2684 2130 3082 2185 diversabimur
3135 2129 3209 2200 (8)
3251 2129 3319 2183 ⁸³.
3364 2148 3381 2180 ι

1817 2220 2049 2286 Scripsit
2085 2221 2246 2274 etiam
2290 2221 2482 2275 beatus
2519 2220 2714 2274 Paulus
2749 2238 2761 2274 :
2803 2239 2820 2272 ι
2858 2221 2924 2274 Et
2959 2220 3135 2274 Moses
3173 2220 3386 2287 quidem

1818 2308 1989 2361 fidelis
2020 2309 2073 2362 in
2102 2318 2211 2364 tota
2243 2310 2403 2365 domo
2426 2310 2540 2380 ejus
2570 2311 2628 2364 u't
2657 2310 2910 2373 famulus,
2939 2311 2992 2363 in
3023 2309 3384 2365 testimonium

1814 2411 2000 2451 eorum
2034 2413 2154 2467 qua:
2182 2400 2408 2453 dicenda
2449 2409 2604 2454 erant
2634 2419 2647 2453 :
2691 2400 2936 2454 Christus
2970 2413 3096 2453 vero
3127 2408 3183 2451 ut
3220 2398 3387 2452 Filius

1816 2503 1978 2558 super
2020 2489 2236 2543 domum
2284 2490 2420 2557 ejus,
2467 2489 2622 2558 cujus
2666 2490 2855 2544 domus
2886 2504 3072 2544 sumus
3118 2503 3214 2541 nos
3261 2488 3326 2541 ".
3362 2506 3385 2539 ι

1817 2579 2124 2644 Quinetiam
2155 2579 2221 2634 de
2264 2587 2455 2635 sancto
2489 2579 2694 2649 Spiritu
2727 2599 2739 2633 :
2778 2598 2797 2632 ι
2827 2579 3059 2636 Nescitis
3090 2580 3213 2649 quia
3248 2589 3375 2632 tem-

1817 2670 1960 2737 plum
1996 2670 2089 2726 Dei
2121 2671 2270 2752 estis,
2297 2680 2349 2727 et
2379 2672 2611 2741 Spiritus
2644 2670 2737 2727 Dei
2768 2672 2972 2727 habitat
3001 2674 3051 2727 in
3083 2673 3233 2727 vobis
3255 2672 3339 2724 ὀἳ
3363 2689 3382 2722 ι

1818 2758 1958 2830 Ergo
2003 2762 2047 2816 si
2098 2762 2326 2830 idipsum
2372 2763 2513 2832 quod
2562 2763 2863 2818 inhabitare
2903 2764 2954 2817 in
2993 2764 3257 2833 aliquibus
3298 2763 3387 2816 ille

1818 2850 2058 2904 omnium
2090 2852 2347 2906 Dominus
2374 2852 2589 2919 dicitur,
2618 2853 2721 2908 hoc
2750 2854 2837 2907 illa
2862 2862 2943 2908 est
2972 2853 3279 2907 humanatio
3304 2853 3387 2907 vel

1819 2944 2139 3009 incarnatio,
2172 2945 2277 3000 dici
2328 2944 2487 3000 liceat
2532 2945 2693 2999 etiam
2726 2946 2778 2999 in
2825 2960 3148 3014 unoquoque
3193 2946 3387 2998 divina

1821 3046 2026 3090 natura
2075 3037 2356 3107 participe,
2406 3048 2567 3106 atque
2606 3036 2769 3091 etiam
2817 3036 3207 3090 inhabitantem
3245 3037 3295 3089 in
3330 3051 3387 3089 se

1820 3128 1966 3180 illum
2000 3129 2249 3191 habente,
2293 3139 2347 3183 et
2375 3129 2646 3183 hominem
2687 3127 2885 3182 factum
2918 3141 3055 3191 esse,
3088 3136 3142 3182 et
3172 3128 3387 3195 insuper

1820 3220 2177 3274 iucarnatum.
2228 3220 2380 3286 Quod
2430 3222 2473 3273 si
2521 3220 2716 3273 factum
2764 3230 2863 3283 est,
2901 3229 2954 3273 et
3003 3219 3046 3273 si
3096 3228 3154 3276 ut
3199 3233 3384 3272 verum

1818 3310 2144 3376 admittitur,
2173 3312 2283 3380 jam
2314 3311 2439 3365 illud
2471 3327 2535 3365 ex
2578 3310 2683 3366 Deo
2716 3311 2949 3363 Verbum
2994 3326 3138 3379 saepe
3166 3326 3386 3365 carnem

1820 3399 2017 3454 factum
2051 3402 2156 3456 dici
2189 3402 2317 3454 nihil
2359 3402 2607 3469 prohibet
2639 3422 2653 3457 :
2700 3403 2965 3457 inhabitat
3002 3411 3180 3456 autem
3226 3402 3390 3455 etiam

1820 3492 1993 3547 adhuc
2025 3491 2078 3545 in
2126 3490 2309 3546 multis
2354 3506 2475 3545 eum
2524 3493 2843 3546 colentibus.
2894 3495 2963 3545 At
2993 3494 3156 3557 enim,
3194 3494 3385 3561 inquit,

1819 3582 2077 3650 scriptum
2106 3590 2186 3636 est
2209 3581 2276 3635 de
2302 3582 2408 3636 Deo
2431 3580 2648 3637 Verbo:
2682 3600 2699 3633 ι
2725 3581 2996 3637 Habitavit
3024 3584 3075 3637 in
3106 3583 3259 3637 nobis
3280 3584 3392 3638 ".r

1822 3673 1965 3727 Dixit
2010 3675 2171 3727 etiam
2216 3672 2405 3728 beatus
2452 3672 2648 3727 Paulus
2695 3673 2760 3728 de
2807 3675 3047 3728 omnium
3108 3672 3389 3728 Salvatore

1819 3764 2033 3819 Christo
2082 3781 2097 3819 :
2150 3780 2171 3816 ι
2208 3763 2263 3818 In
2300 3778 2364 3817 eo
2412 3762 2671 3817 habitavit
2721 3766 2896 3818 omnis
2940 3766 3213 3833 plenitudo
3255 3767 3389 3819 divi-

1821 3858 2005 3913 nitatis
2040 3857 2395 3927 corporaliter
2431 3859 2499 3913 ".
2530 3875 2548 3908 ι
2586 3857 2783 3912 Fateor
2828 3856 2973 3911 illum
3012 3858 3285 3913 habitasse
3332 3859 3386 3911 in

1822 3950 1975 4004 nobis
2008 3950 2109 4019 (sic
2143 3964 2371 4018 namque
2396 3948 2656 4017 scriptum
2689 3948 2816 4019 est),
2882 3962 2983 4001 nec
3047 3948 3098 4001 in
3163 3948 3254 4001 illo
3310 3948 3389 4001 in-

1822 4041 2142 4103 habitasse,
2215 4040 2309 4093 tibi
2366 4040 2565 4093 dicenti
2629 4038 2999 4107 repugnabo:
3067 4038 3158 4093 sed
3224 4038 3383 4091 velim

1820 4134 1998 4201 potius
2057 4133 2152 4186 has
2204 4131 2572 4199 theologorum
2642 4145 2801 4186 voces
2865 4131 3199 4185 examinare.
3255 4129 3388 4183 Nam

1820 4226 2010 4279 beatus
2052 4221 2377 4293 evangelista
2430 4237 2550 4277 cum
2607 4225 2753 4290 prius
2804 4223 3060 4285 dixisset,
3097 4243 3114 4274 ι
3154 4222 3384 4278 Verbum

1820 4331 1946 4370 caro
1985 4315 2185 4369 factum
2229 4322 2346 4378 est,
2378 4332 2396 4366 ι
2429 4314 2705 4383 subjunxit
2734 4324 3054 4383 opportune,
3088 4332 3105 4365 ι
3143 4313 3205 4366 Ει
3238 4315 3391 4366 habi-

124 4226 325 4289 φωνάς.
366 4226 431 4279 Ὀ
472 4227 579 4295 μὲν
626 4228 734 4297 γὰρ
780 4230 1050 4301 μακάριος
1090 4231 1483 4304 εὑαγγελιστὴς
1532 4252 1718 4305 προει-

127 4318 327 4387 ρηκὼς,
361 4320 454 4372 ὅτι
488 4318 591 4371 καὶ
628 4336 646 4370 ι
673 4320 731 4372 '0
759 4321 931 4388 Λόγος
973 4323 1109 4392 σάρξ
1138 4324 1377 4390 ἐγένετο,
1422 4343 1441 4377 ι
1474 4341 1719 4395 προσεπ-

124 4410 317 4479 tvm;
348 4408 659 4481 ’χρειωδῶς
707 4412 801 4465 καὶ
841 4413 934 4477 τὸ,
972 4430 991 4463 ι
1027 4414 1368 4482 Ἐσκήνωσεν
1410 4415 1469 4465 ἐν
1502 4415 1655 4484 ἡμῖν,
1693 4432 1710 4464 ι

1824 4407 1956 4460 tavit
1987 4407 2039 4459 in
2068 4405 2256 4469 nobis;
2291 4424 2307 4456 ι
2346 4414 2403 4458 ιιι
2430 4418 2527 4473 per
2569 4414 2859 4474 utrumque
2896 4406 3155 4471 integrant
3189 4403 3386 4457 Christi

126 4500 207 4552 ἵνα
230 4503 301 4556 δι’
334 4501 558 4570 ἀμφοῖν
588 4500 962 4572 ἀδιαλώϐητον
988 4504 1045 4556 ἐν
1077 4504 1210 4574 ἡμῖν
1237 4503 1601 4575 ἐνεργάσηται
1621 4502 1715 4555 τοῦ

1825 4497 2065 4567 mysterii
2102 4497 2462 4566 cognitionem
2511 4496 2670 4550 nobis
2716 4497 2970 4550 traderet.
3009 4494 3139 4548 Nam
3183 4496 3388 4547 unitum

125 4591 256 4644 κατά
287 4588 543 4661 Χριστὸν
580 4590 887 4660 μυστηρίου
922 4591 1021 4661 τὴν
1064 4591 1284 4660 γνῶσιν.
1319 4593 1443 4645 Ὅτι
1479 4592 1578 4661 μὲν
1608 4593 1717 4663 γὰρ

1823 4606 1942 4643 esse
1968 4590 2116 4642 carni
2149 4589 2443 4643 secundum
2473 4587 2800 4657 hypostasim
2836 4588 2961 4641 illud
2998 4603 3059 4640 ex
3101 4586 3206 4640 Deo
3234 4584 3391 4639 Patre

124 4682 300 4754 ήνὼθη
339 4681 521 4752 σαρκὶ
557 4682 683 4734 καθ’
713 4682 1014 4736 ὑπόστασιν
1044 4686 1072 4736 ὁ
1105 4684 1169 4736 ἐκ
1195 4682 1329 4737 Θεοῦ
1372 4684 1583 4755 Πατρὸς
1615 4686 1716 4737 Λό-

1824 4680 2059 4733 Verhum
2088 4678 2345 4732 indicavit
2375 4687 2557 4745 aperte
2586 4692 2705 4731 cum
2738 4678 2890 4740 dixit,
2928 4679 3097 4746 ipsum
3134 4693 3251 4731 esse
3276 4693 3389 4731 εστι

124 4788 235 4841 γος,
259 4772 689 4845 διαμεμένηκεν
718 4770 738 4845 [
764 4773 849 4825 τσ.
877 4774 1323 4845 διαμεμήνυκεν]
1348 4776 1595 4845 ἐναργῶς
1629 4776 1718 4828 διά

1822 4787 1941 4824 nem
1968 4770 2164 4825 factum
2194 4772 2337 4838 :jam
2368 4783 2495 4821 vero
2517 4783 2733 4822 carnem
2766 4767 2962 4822 factum
2994 4783 3096 4821 non
3128 4768 3177 4821 in
3213 4771 3392 4821 carnis

124 4881 184 4929 γε
229 4865 326 4919 τοῦ
391 4866 587 4935 σάρκα
620 4863 803 4931 λέγειν
845 4864 1100 4931 γενέσθαι
1130 4866 1322 4919 αὐτόν’
1354 4868 1437 4919 ὅτι
1480 4866 1537 4919 δὲ
1581 4866 1718 4936 σὰρξ

1824 4864 2081 4917 transisse
2102 4871 2372 4923 naturam,
2398 4875 2568 4929 neque
2595 4860 2939 4913 mutationem
2976 4860 3098 4913 inid
3120 4860 3257 4927 quod
3287 4876 3389 4911 non

125 4957 379 5024 γεγονὼς,
409 4956 518 5007 οὐκ
549 4955 632 5018 εἰς
657 4955 755 5025 τὴν
785 4955 884 5024 τῆς
916 4956 1117 5025 σαρκὸς
1150 4956 1579 5027 μετακεχώρηκε
1615 4957 1717 5025 φύ-

1821 4964 1938 5009 erat
1964 4953 2214 5019 subiisse,
2242 4954 2337 5008 sed
2361 4968 2481 5005 cum
2504 4965 2569 5005 eo
2591 4951 2731 5020 quod
2754 4950 3048 5005 secundum
3074 4966 3169 5005 nos
3194 4950 3387 5004 factum

1904 5135 1946 5164 "
1976 5133 2137 5189 Hebr.
2175 5149 2258 5196 ιιι,
2298 5133 2352 5196 5,
2384 5130 2437 5184 6.
2551 5128 2790 5184 ⁷⁰Ι.Οοι’.
2825 5144 2910 5195 ιιι,
2946 5130 3030 5183 16.

193 5139 232 5170 ’τ
258 5138 442 5195 Levit.
483 5148 639 5198 xxvr,
673 5134 771 5195 ἱεὶς
808 5133 851 5187 ll
880 5134 1006 5189 Cor.
1037 5149 1107 5197 vr,
1153 5136 1237 5189 16.
1318 5135 1363 5166 ⁸⁸
1390 5134 1544 5190 .qun.
1588 5152 1697 5199 xiv,

1818 5176 1821 5187 .
1904 5135 1946 5164 "
1976 5133 2137 5189 Hebr.
2175 5149 2258 5196 ttt,
2298 5133 2352 5196 5,
2384 5130 2437 5184 6.
2551 5130 2790 5184 "LCor.
2825 5144 2910 5195 ιιι,
2946 5130 3030 5183 16.
3110 5130 3325 5183 ⁷¹.Ι‹ι;ιιι.
3353 5147 3394 5195 ι,

154 5210 233 5265 ll.
309 5206 607 5261 "Coloss.
650 5220 711 5266 ιι,
748 5207 801 5257 9.

1434 5358 1587 5411 ΑΝΤ.
1634 5355 1898 5411 AGELLII
1941 5356 2169 5409 NOTAE.

197 5545 615 5617 (8)Posteriora
641 5542 805 5617 verlﬁt
832 5542 955 5595 etin
986 5540 1718 5617 ipsodiversabimurmeque
1827 5539 2286 5617 CO-lila‘l‘isifi‘liplli
2356 5538 2554 5593 facere.
2614 5538 2892 5592 llabebant
2962 5544 3139 5593 tamen
3206 5555 3394 5591 omnes

132 5608 298 5674 Latini
334 5618 501 5672 codd.
563 5613 697 5668 Novi
748 5612 1103 5672 Testamenti,
1163 5627 1333 5678 neque
1391 5608 1561 5664 Graeci
1621 5611 1714 5659 ha-
1827 5612 1986 5663 codd,
2028 5610 2234 5675 Cyrilli.

132 5694 295 5751 υνιικ
369 5699 425 5740 et
496 5687 642 5739 idem
714 5682 1021 5751 signiﬁcant
1088 5698 1208 5735 cum
1289 5681 1717 5751 prmcedentibus
1896 5680 1969 5747 (9)
2004 5678 2092 5729 Sic
2128 5680 2395 5745 appellare
2438 5680 2571 5731 solet
2612 5694 2884 5731 sacrorum
2926 5680 3247 5749 scripturum
3300 5695 3391 5729 au-

134 5749 307 5817 mm,-
344 5776 357 5809 :
404 5758 557 5813 idem
592 5762 675 5810 est
719 5749 864 5809 enim
901 5751 1163 5807 diversari
1208 5751 1262 5807 in
1308 5749 1506 5818 aliquo,
1555 5758 1608 5803 et
1663 5750 1714 5803 in
1824 5759 2021 5815 ctorcs,
2052 5762 2103 5801 ut
2139 5754 2403 5816 apostolos
2436 5761 2487 5802 et
2524 5750 2895 5816 evangelistas.
