4028 6426
649 354 718 411 55
1673 346 1730 401 S.
1771 344 2047 400 CYRILLI
2086 345 2556 404 ALEXANDRINI
2596 348 2912 404 ARCHIEP.
3837 345 3912 400 56

653 471 736 514 est
773 458 1038 515 mansisse
1063 459 1203 529 quod
1234 468 1374 527 erat,
1397 461 1449 515 id
1475 475 1668 518 rursus
1699 462 2046 532 perspicuum
2081 460 2230 528 facit,

2339 482 2448 532 σιν,
2491 467 2700 538 τροπὴν
2746 466 3048 536 ὑπομείνας
3080 465 3177 535 τὴν
3219 465 3299 526 είς
3340 464 3474 532 ὅπερ
3509 462 3607 514 οὐκ
3648 453 3736 530 ἦν,
3767 459 3914 513 ἀλλὰ

652 549 737 604 illa
789 551 948 603 verba
1003 568 1016 604 :
1068 567 1084 599 ι
1117 547 1393 605 Habitavit
1441 549 1496 608 in
1533 550 1708 616 nobis,
1741 568 1760 602 ι
1802 550 2075 620 prioribus
2126 551 2230 606 illis

650 640 932 710 adjiciens.
976 640 1256 698 Habitasse
1281 651 1460 700 autem
1492 643 1620 700 dicit
1658 643 1848 700 beatus
1879 640 2081 698 Paulus
2121 642 2232 715 28

652 747 704 789 tn
733 732 948 790 Christo
984 749 1201 792 omnem
1234 734 1619 804 plenitudinem
1652 734 1954 791 divinitatis
1979 749 2232 804 corpora-

651 823 794 888 liter,
845 837 914 880 ne
961 826 1230 896 quispiam
1283 825 1582 897 simplicem
1629 827 1714 883 vel
1773 827 2229 882 habitudinariam

644 915 1042 983 habitationem
1085 918 1409 984 suspicetur,
1440 918 1533 974 sed
1569 932 1776 983 veram,
1811 927 1868 974 ut
1902 920 2058 973 modo
2095 918 2227 984 dixi,

648 1013 701 1060 et
723 1007 1015 1062 secundum
1039 1007 1394 1078 hypostasim.
1422 1009 1608 1078 Neque
1633 1010 1777 1065 enim
1809 1011 1890 1064 vir
1914 1010 2000 1065 ille
2025 1009 2229 1078 Spiritu

653 1093 748 1148 Dei
777 1095 966 1163 plenus
995 1097 1280 1166 ignorabat
1308 1098 1683 1168 incorporeum
1713 1112 1833 1152 esse
1861 1098 1955 1153 Dei
1999 1097 2228 1154 Verbum

647 1192 698 1239 et
739 1183 1101 1254 impalpabile.
1127 1183 1328 1242 Verum
1352 1187 1479 1259 quia
1511 1202 1733 1243 necesse
1757 1197 1876 1242 erat
1898 1198 1960 1242 ut
1985 1187 2230 1258 mysterii

648 1276 936 1345 explicatio
961 1277 1108 1333 nulla
1142 1279 1352 1334 ratione
1399 1293 1590 1334 manca
1625 1279 1918 1344 videretur,
1965 1280 2056 1333 sed
2093 1279 2230 1335 adeo

648 1377 904 1422 accurate
931 1380 994 1422 ac
1026 1368 1280 1424 distincte
1303 1368 1368 1422 ad
1408 1379 1607 1424 rectam
1640 1371 1879 1442 regulam
1918 1371 2228 1424 veritatem-

649 1470 752 1522 que
786 1457 1113 1522 traderetur,
1144 1467 1205 1513 ut
1233 1473 1396 1514 omne
1424 1459 1745 1514 miraculum
1783 1469 2085 1529 superaret,
2120 1459 2228 1514 vim

651 1545 812 1599 infert
837 1548 1237 1617 consequentiae
1271 1563 1474 1616 rerum,
1510 1558 1565 1604 et
1608 1564 1772 1619 pr0pe
1812 1550 2061 1614 dixerim,
2088 1550 2229 1617 quod

650 1637 1020 1707 iucorpoream
1049 1639 1195 1694 illam
1220 1655 1595 1709 summamque
1625 1650 1872 1695 naturam
1901 1643 2075 1707 decet,
2099 1654 2229 1694 con-

647 1729 840 1784 temnit
901 1747 915 1788 :
964 1731 1165 1802 adjecit
1217 1732 1362 1786 enim
1406 1732 1650 1796 verbum,
1690 1732 2051 1799 corporaliter,
2103 1747 2225 1786 cum

2340 553 2477 624 μετά
2525 554 2617 607 τοῦ
2658 555 2910 622 γενέσθαι
2947 552 3070 607 καθ’
3099 554 3263 622 ἡμᾶς,
3304 551 3612 621 μεμένηκεν
3644 549 3778 618 ὅπερ
3812 544 3909 616 ἦν,

2337 642 2613 715 διατρανοϊ
2660 645 2824 698 πάλιν
2873 645 2935 698 τὸ
2964 685 2976 709 ,
3029 665 3045 694 ι
3086 643 3424 712 Ἐσκήνωσεν
3472 642 3530 693 ἐν
3572 641 3722 708 ἡμῖν,
3773 657 3790 688 ι
3829 636 3916 707 τῷ

2336 735 2539 807 πρώτῳ
2565 736 2984 806 προπεθεικιῦς.
3022 734 3360 803 Κατοικῆσαι
3383 733 3439 785 δέ
3461 749 3625 802 φησιν
3651 734 3678 783 ό
3711 731 3914 783 θεσπέ-

2339 844 2453 890 σιος
2499 827 2710 890 Παῦλος
2745 827 2804 880 ἐν
2850 825 2929 896 τῷ
2983 824 3203 896 Χριστῷ
3239 825 3345 878 πᾶν
3393 823 3454 876 τὸ
3485 823 3758 892 πλήρωμα
3807 821 3914 883 τῆς

2337 917 2588 990 θεότητος
2631 917 2958 988 σωματικῶς
2976 933 2990 948 ’
3020 917 3106 969 ἵνα
3147 917 3221 986 μὴ
3247 915 3442 984 ἁπλῆν,
3462 915 3630 983 ἡγουν
3654 913 3915 981 σχετικὴν)

2334 1009 2432 1078 τὴν
2473 1009 2792 1078 κατοίκησιν
2843 1007 3206 1076 ὑποτοπήσειέ
3252 1023 3354 1069 τις,
3396 1004 3508 1058 ἀλλ’
3550 1003 3740 1072 ῶσπερ
3769 1003 3916 1071 ἔφην

2334 1101 2558 1171 ἀρτίως,
2600 1101 2863 1171 ἀληθινήν
2896 1117 2955 1153 τε
2998 1100 3094 1152 καὶ
3140 1097 3263 1152 καθ’
3298 1098 3614 1149 ὑπόστασιν.
3646 1095 3762 1147 Ὀτι
3808 1093 3914 1161 μὲν

2332 1194 2440 1264 γὰρ
2473 1193 2762 1264 ἀσώματός
2795 1192 2856 1245 τέ
2891 1193 3026 1259 ἐστι,
3066 1195 3160 1245 καὶ
3189 1189 3397 1258 ἀναφὴς
3429 1189 3457 1241 6
3499 1187 3592 1239 τοῦ
3635 1185 3770 1240 Θεοῦ
3801 1186 3914 1236 Λό-

2330 1305 2446 1356 γος,
2476 1287 2578 1340 οὐκ
2603 1285 2871 1356 ἠγνόηκεν
2912 1286 2940 1337 ό
2984 1282 3453 1353 πνευματοφόρος.
3494 1277 3796 1349 Ἐπειδὴδέ
3839 1273 3913 1346 ἦν

2332 1380 2651 1446 ἀναγκαῖον,
2685 1377 2780 1446 τὴν
2814 1375 2908 1429 τοῦ
2951 1376 3254 1446 μυστηρίου
3286 1373 3517 1443 δήλωσιν
3561 1371 3679 1424 κατ’
3715 1369 3914 1422 οὐδένα

2331 1470 2532 1542 τρόπον
2571 1468 2800 1539 δρᾶσθαι
2844 1466 3278 1537 μεμωμημένην,
3313 1463 3514 1534 ἀκριϐῆ
3551 1462 3608 1514 δὲ
3637 1460 3778 1514 οὕτω
3817 1477 3917 1526 γε-

2332 1561 2539 1624 νέσθαι,
2565 1561 2660 1614 καὶ
2693 1557 3105 1630 διηρθρωμένην
3135 1557 3211 1618 είς
3234 1555 3295 1607 τὸ
3321 1553 3446 1607 εὐθύ
3473 1569 3532 1605 τε
3567 1552 3658 1604 καὶ
3685 1549 3912 1619 ἀληθὲς,

2332 1652 2406 1712 ὼς
2439 1651 2696 1703 ἐπέκεινα
2733 1651 2933 1713 παντὸς
2983 1650 3121 1702 ίέναι
3169 1645 3479 1717 θαύματος,
3515 1640 3912 1705 καταδιάζεται

2330 1739 2392 1791 τὸ
2419 1739 2586 1802 εἰκὸς,
2610 1741 2704 1792 καὶ
2743 1739 3026 1809 μονονουχὶ
3054 1736 3115 1789 τὸ
3153 1737 3364 1807 πρέπον
3394 1734 3642 1803 ὑπερορᾷ
3663 1733 3730 1801 τῇ
3765 1732 3915 1782 ἀσω-

647 1819 806 1874 aliter
835 1821 1016 1879 dicere
1045 1837 1152 1880 non
1186 1821 1435 1888 haberet,
1464 1837 1626 1895 quam
1663 1830 1844 1880 nostra
1876 1823 2228 1894 intelligentia

2338 1831 2491 1901 μάτῳ
2529 1846 2588 1882 τε
2617 1829 2711 1882 καὶ
2742 1804 3034 1899 ῦπερτάτιρ
3067 1804 3227 1896 φύσει
3250 1843 3263 1856 °
3298 1823 3652 1896 προστέθεικε
3680 1821 3786 1890 γὰρ
3823 1820 3911 1883 τὸ,

646 1921 701 1966 et
741 1911 920 1981 lingua
957 1912 1216 1984 consequi
1252 1922 1456 1984 posset.
1501 1911 1578 1969 Ne
1619 1914 1783 1984 igitur
1811 1929 1933 1969 cuin
1968 1915 2068 1968 iste
2095 1915 2229 1968 sim-

647 2005 838 2076 plicem
889 2007 1046 2063 nobis
1099 2006 1551 2062 inhabitationem
1604 2016 2016 2074 commemorat,
2075 2018 2231 2076 putes

646 2096 849 2165 aliquid
878 2111 1000 2154 eum
1033 2097 1211 2153 dicere
1233 2099 1373 2168 quod
1409 2113 1515 2152 non
1541 2097 1831 2152 admodum
1869 2098 1939 2152 sit
1965 2098 2230 2154 damnan-

645 2189 793 2242 dutu.
831 2187 968 2243 Nam
996 2199 1052 2240 ut
1077 2195 1312 2252 evertat,
1346 2197 1407 2244 ut
1437 2189 1552 2257 ipse
1577 2199 1749 2257 putat,
1781 2189 1942 2260 idque
1975 2190 2228 2244 nimirunt

647 2279 928 2345 audacter,
961 2278 1364 2348 generationem
1400 2279 1521 2334 Filii
1549 2280 1842 2335 secundum
1868 2295 2113 2344 carnem,
2145 2295 2231 2334 ra-

647 2371 1052 2426 tiocinationem
1077 2368 1353 2438 componit
1375 2369 1572 2424 anilem
1595 2383 1656 2424 ac
1679 2369 1920 2436 stultam,
1949 2379 2002 2425 et
2027 2369 2227 2425 nullum

645 2478 710 2518 ex
743 2464 969 2517 veritate
1010 2462 1238 2518 fulcrum
1271 2462 1581 2518 habentem.
1623 2462 1856 2519 Rursum
1892 2477 2122 2531 namque
2151 2463 2229 2520 sic

645 2556 856 2620 scribit,
896 2569 1019 2611 cum
1053 2554 1319 2611 adversus
1362 2554 1597 2612 Arianos
1626 2553 2048 2626 disputationem
2079 2554 2230 2608 insti-

646 2648 858 2702 tuissel.

721 2740 1003 2814 [Nss-ron.
1039 2739 1243 2796 Tamen
1273 2739 1555 2795 divinitate
1580 2749 1726 2793 certe
1763 2751 1880 2806 quae
1907 2736 2080 2808 major
2125 2746 2227 2800 est,

647 2835 820 2901 ipsum
851 2833 944 2886 Dei
973 2829 1211 2885 Verbum
1241 2830 1511 2885 recentius
1537 2844 1658 2885 esse
1683 2837 1989 2899 uugantur;
2017 2836 2074 2883 at
2101 2843 2229 2884 vero

648 2921 698 2979 hi
731 2925 887 2980 beata
913 2921 1081 2979 Maria
1114 2923 1286 2993 ipsum
1333 2924 1686 2990 posteriorem
1735 2919 1992 2985 etlieiunt,
2023 2928 2079 2975 et
2113 2936 2229 2974 ma.

647 3015 784 3072 trem
812 3014 1160 3084 temporalem
1193 3014 1294 3084 ipsi
1329 3013 1521 3068 Deitati
1553 3012 1731 3080 upiliei
1761 3022 2060 3081 temporum
2092 3027 2231 3082 pras-

649 3117 857 3177 ponuut
896 3123 910 3159 :
947 3107 1054 3160 imo
1099 3121 1226 3162 vero
1273 3107 1441 3175 ipsam
1474 3105 1674 3162 Christi
1711 3114 1988 3172 parentem
2016 3119 2083 3159 ne
2109 3118 2230 3160 esse

649 3199 862 3266 quidem
898 3195 1102 3254 Christi
1139 3208 1365 3251 matrem
1403 3197 1586 3250 sinunt
1621 3216 1631 3249 :
1663 3209 1788 3249 nam
1819 3196 1862 3249 si
1901 3210 2005 3250 nou
2053 3197 2228 3252 homi-

651 3292 735 3344 nis
767 3300 980 3356 natura,
1029 3291 1123 3346 sed
1167 3290 1308 3344 Deus
1359 3287 1588 3342 Verbum
1629 3287 1749 3352 l'uit,
1795 3297 1856 3342 ut
1899 3288 1973 3342 illi
2025 3290 2228 3355 dicunt,

650 3398 808 3453 quem
853 3382 941 3437 illa
968 3383 1197 3452 peperit,
1243 3382 1459 3452 pariens
1495 3380 1624 3434 editi
1673 3388 1858 3448 partus
1893 3380 2037 3434 nullo
2074 3381 2232 3436 modo

652 3485 828 3529 mater
863 3483 947 3529 est
979 3487 995 3527 :
1027 3473 1117 3542 qui
1154 3473 1298 3526 enim
1351 3472 1422 3524 sit
1480 3479 1652 3526 mater
1692 3470 1836 3524 illius
1869 3471 1958 3539 qni
2003 3470 2071 3524 ab
2117 3469 2233 3537 ejus

651 3577 842 3620 natura
883 3564 953 3621 sit
991 3563 1319 3620 extraueus?
1352 3561 1506 3627 Quod
1541 3561 1586 3616 si
1616 3571 1787 3615 mater
1823 3559 1960 3631 apud
2002 3575 2094 3615 eos
2135 3575 2230 3627 ap-

651 3657 906 3726 pellatur,
935 3653 1245 3709 humanitas
1273 3663 1357 3708 est
1387 3661 1542 3723 partu
1575 3652 1743 3716 edita,
1776 3664 1882 3707 nou
1933 3651 2189 3706 divinitas
2219 3672 2229 3706 :

655 3765 777 3804 nam
800 3748 994 3816 cuique
1014 3745 1169 3799 matri
1193 3743 1468 3816 proprium
1487 3750 1569 3798 est
1586 3741 2050 3800 consubstantiale
2075 3757 2233 3810 pare-

654 3855 734 3896 re.
767 3841 871 3895 Aut
897 3838 1056 3908 igitur
1080 3831 1188 3890 non
1215 3836 1319 3891 erit
1352 3845 1526 3890 mater
1558 3850 1677 3904 quae
1708 3834 2231 3890 censubstautialem

653 3931 752 3986 sibi
785 3929 1006 3985 minime
1028 3927 1236 3997 peperit
1264 3945 1278 3982 :
1316 3936 1406 3981 aut
1437 3926 1482 3980 si
1516 3935 1687 3980 mater
1715 3925 1784 3980 ab
1823 3925 1956 3997 ipsis
1986 3933 2231 3991 vocatur,

655 4021 755 4078 sibi
789 4021 841 4076 in
876 4019 1178 4075 substantia
1211 4017 1443 4075 similem
1471 4015 1717 4088 genuit.]

1301 4130 1453 4188 CAP.
1495 4129 1586 4186 IX.

727 4231 988 4297 Perquam
1023 4227 1264 4281 abditum
1302 4241 1434 4282 sane
1479 4227 1873 4279 sententiarum
1921 4227 2148 4294 pondus,
2172 4242 2235 4281 ac

655 4326 948 4377 vehemens
982 4330 1035 4374 et
1070 4320 1664 4375 inevitabilis-hominis
1690 4320 1780 4388 qui
1815 4321 1968 4375 nobis
2003 4322 2075 4374 ita
2106 4335 2234 4376 con-

657 4413 897 4483 scripsit,
960 4411 1395 4483 syllogismorum
1467 4412 1552 4466 vis
1609 4412 1872 4467 cernitur.
1931 4411 2233 4476 Uudenam,

2332 1919 2700 1988 σωματικῶς,
2723 1919 2820 1988 οὐχ
2841 1920 3041 1989 ἑτέρως
3064 1917 3202 1986 έχων
3231 1917 3428 1978 εἰπεῖν,
3451 1914 3484 1984 ἢ
3508 1914 3582 1976 ὡς
3605 1913 3668 1967 ἀν
3699 1912 3916 1981 γένοιτο

2332 2012 2428 2064 καὶ
2453 2011 2548 2079 νῷ,
2579 2010 2674 2063 καὶ
2703 2009 2917 2079 γλώττῃ
2954 2011 3020 2078 τῇ
3059 2008 3180 2061 καθ’
3221 2008 3369 2077 ἡμᾶς
3397 2006 3633 2072 ἐφικτόν.
3672 2005 3764 2073 Μὴ
3797 2003 3912 2056 τοί-

2332 2121 2426 2157 νυν
2453 2102 2636 2172 ἁπλῆν
2667 2103 2800 2172 ήμῖν
2825 2100 3159 2170 ὀνομάζοντα
3193 2099 3486 2168 ἐνοίκησιν,
3512 2099 3622 2151 οίου
3651 2114 3701 2150 τι
3729 2097 3912 2164 λέγειν

2332 2194 2495 2248 αὐτὸν
2539 2194 2646 2248 τῶν
2693 2194 2754 2247 οῦ
2811 2194 3018 2264 σφόδρα
3055 2189 3528 2259 διαδεόλημένων·
3590 2186 3914 2255 ἀνατρέπων

2331 2289 2460 2359 γάρ,
2494 2286 2748 2356 καθάπερ
2794 2281 2889 2338 οῦν
2933 2286 3137 2346 οῐεται,
3175 2285 3271 2335 καὶ
3317 2281 3466 2351 μάλα
3499 2277 3781 2343 νεανικῶς,
3807 2277 3913 2346 τὴν

2332 2379 2474 2432 κατά
2505 2379 2683 2449 σάρκα
2712 2377 2964 2446 γέννησιν
2998 2374 3094 2427 τοῦ
3125 2371 3280 2436 Υἱοῦ,
3323 2370 3605 2440 συντίθησι
3645 2368 3914 2438 λογισμὸν

2331 2469 2682 2542 γραοπρεπῆ,
2718 2469 2814 2521 καὶ
2853 2467 3080 2537 ἠλίθιον,
3112 2467 3206 2520 καὶ
3233 2463 3550 2532 ὑποὸάθραν
3581 2462 3681 2516 οῦκ
3717 2459 3916 2532 ἔχοντα

2329 2564 2429 2632 τὴν
2468 2562 2525 2627 ἐξ
2567 2559 2844 2632 ἀληθείας.
2874 2559 3081 2630 Γράφει
3141 2557 3250 2627 γὰρ
3289 2556 3382 2609 καὶ
3429 2549 3532 2608 ὦδε
3577 2553 3761 2618 πάλιν,
3808 2569 3918 2606 πε-

2331 2655 2553 2725 ποίηται
2587 2653 2645 2707 δέ
2683 2652 2819 2723 πρὸς
2858 2649 3170 2720 ’Λρειανοῦς
3198 2649 3229 2699 6
3259 2647 3414 2715 λόγος
3437 2643 3606 2716 αὐτῷ.

2403 2747 2636 2820 [Ὅμως
2674 2745 2730 2799 δὲ
2775 2745 2878 2799 κᾶν
2917 2744 3167 2811 θεότητος
3208 2741 3452 2811 μείζονος
3499 2740 3589 2791 τὸν
3635 2737 3769 2790 Θεον
3802 2745 3920 2789 Λο-

2331 2857 2426 2909 γον
2449 2837 2676 2910 ληροῦσι
2702 2835 2962 2908 νεώτερον
2983 2853 2996 2864 ·
3028 2831 3172 2888 οὗτοι
3204 2835 3260 2887 δὲ
3301 2831 3462 2884 αὐτὸν
3499 2830 3600 2898 τῆς
3632 2827 3922 2899 μακαρίας

2331 2929 2552 3002 Μαρίας
2591 2926 2916 2998 ἐργάζονται
2948 2923 3199 2994 δεύτερον
3223 2940 3234 2950 ·
3279 2922 3371 2975 καὶ
3410 2921 3620 2991 μητέρα
3653 2919 3923 2989 χρονικὴν

2329 3027 2396 3094 τῇ
2427 3017 2744 3092 δημιουργῷ
2764 3019 2871 3072 τῶν
2903 3019 3110 3088 χρόνων
3143 3016 3404 3084 ἐφιστῶσι
3424 3014 3650 3081 Θεότητι
3671 3029 3682 3041 ·
3711 3011 3924 3080 μᾶλλον

2333 3115 2390 3168 δὲ
2421 3113 2538 3168 οὐδὲ
2572 3111 2785 3183 μητέρα
2815 3109 2906 3164 τοῦ
2931 3107 3166 3179 Χριστοῦ
3201 3107 3297 3176 τὴν
3324 3104 3686 3176 Χριστοτόκον
3715 3101 3886 3154 ἐῶσιν
3906 3117 3919 3128 ·

2335 3207 2384 3262 εἰ
2407 3205 2516 3276 γὰρ
2551 3205 2652 3259 οὐκ
2672 3201 2964 3274 ἀνθρώπου
3009 3201 3192 3268 φύσις,
3225 3197 3358 3252 ἀλλὰ
3392 3195 3523 3258 Θεὸς
3555 3197 3582 3248 ό
3614 3193 3787 3261 Λόγος
3808 3188 3882 3263 ἦν
3905 3235 3919 3255 ,

2334 3298 2524 3368 ῶσπερ
2568 3295 2763 3349 ἐκεῖνοί
2803 3311 2988 3363 φασιν,
3028 3293 3054 3346 ὃ
3083 3284 3194 3364 [ἵσ.
3227 3290 3278 3362 ὁ]
3322 3290 3450 3359 παρ’
3485 3288 3727 3357 ἐκείνης,
3757 3287 3791 3354 ἡ
3821 3303 3885 3336 τε
3907 3315 3923 3325 -

2334 3388 2505 3443 κοῦσα
2533 3388 2630 3439 τοῦ
2651 3385 2934 3455 τεχθέντος
2966 3385 3025 3438 οὑ
3059 3383 3263 3452 μήτηρ.
3290 3379 3413 3439 Πῶς
3444 3378 3551 3449 γὰρ
3573 3379 3657 3443 εἴη
3685 3393 3768 3440 τις
3804 3378 3924 3446 μή-

2332 3496 2436 3550 τηρ
2460 3477 2553 3532 τοῦ
2575 3477 2676 3546 τῆς
2699 3475 2913 3544 φύσεως
2931 3475 3027 3543 τῆς
3052 3473 3216 3541 αὐτῆς
3241 3468 3551 3539 ἀλλοτρίου;
3577 3468 3703 3520 Είδέ
3729 3469 3926 3536 μήτηρ

2336 3569 2465 3639 παρ’
2510 3567 2691 3623 αὐτῶν
2730 3565 3070 3636 ὀνομάζοιτο,
3121 3562 3475 3634 άνθρωπότης
3505 3560 3566 3613 τέ,
3598 3559 3811 3628 τεχθὲν,
3855 3559 3925 3610 οὐ

2335 3661 2524 3730 θεότης
2547 3678 2560 3690 ο
2598 3658 2781 3728 πάσης
2819 3657 2928 3728 γάρ
2978 3653 3111 3710 ἴδιον
3149 3655 3353 3726 μητρὸς
3391 3651 3654 3724 όμοούσια
3679 3650 3921 3705 τίκτειν.

2337 3755 2408 3809 “ﬂ
2430 3750 2522 3808 οὖν
2551 3754 2653 3806 οὐκ
2685 3751 2838 3805 ἔσται
2876 3751 3081 3820 μήτηρ,
3112 3747 3399 3817 δμοοῦσιον
3420 3746 3584 3815 ἐαυτῇ
3612 3743 3686 3814 μὴ
3718 3742 3926 3795 τεκοῦ-

2338 3863 2436 3900 σα’
2490 3846 2524 3917 ἢ
2565 3845 2750 3916 μήτηρ
2793 3841 2923 3913 παρ’
2970 3839 3150 3893 αὐτῶν
3203 3836 3545 3908 καλουμένη,
3587 3835 3680 3889 τὸν
3735 3836 3916 3905 ἑαυτῇ

2337 3938 2454 3992 κατ’
2491 3936 2678 3990 οὐσίαν
2711 3934 3003 4005 ἐγέννησεν
3037 3930 3287 4002 ὃμοιον.]

2940 4132 3192 4188 ΚΕΦΛΛ.
3227 4128 3302 4182 6'.

2419 4231 2504 4292 Ὠς
2550 4229 2686 4297 βαθὺ
2736 4227 2792 4282 τὸ
2838 4226 3028 4296 χρῆμα
3079 4223 3188 4276 τῶν
3222 4221 3476 4284 ἐννοιῶν,
3519 4220 3664 4289 δεινὴ
3715 4219 3766 4271 δὲ
3824 4221 3930 4272 καὶ

2336 4321 2730 4387 δυσδιάφυκτος
2759 4317 2852 4371 τοῦ
2899 4317 2968 4371 τὰ
3006 4315 3186 4369 τοιάδε
3220 4313 3665 4384 συγγεγραφότος
3716 4313 3853 4378 ημῖν
3890 4314 3931 4382 ἡ

2338 4415 2400 4467 ἐκ
2423 4412 2532 4465 τῶν
2563 4409 2932 4480 συλλογισμῶν
2963 4409 3176 4476 ἀνάγκη
3201 4407 3468 4472 φαίνεται.
3501 4402 3669 4454 Πόθεν
3691 4402 3828 4469 ἡμῖν
3853 4403 3930 4453 τά

656 4491 861 4572 qum,
900 4502 1163 4574 ejusmodi
1207 4500 1432 4554 fabellas
1481 4501 1735 4556 collectas
1778 4502 1983 4555 habens
2025 4501 2076 4555 in
2118 4517 2230 4556 me-

2340 4503 2519 4559 τοιάδε
2549 4502 2974 4574 συναγηγερκὼς
3001 4502 3079 4562 εἰς
3109 4499 3269 4568 μέσον
3301 4495 3434 4566 ἔρχῃ
3466 4493 3740 4564 μυθάρια;
3772 4490 3805 4558 ἣ
3835 4491 3934 4553 τίς

656 4595 802 4650 dium
834 4592 1055 4662 prodis?
1109 4599 1204 4645 aut
1232 4592 1483 4660 quisnam
1518 4606 1740 4660 prorsus
1775 4594 1827 4644 in
1860 4607 1979 4645 eam
2011 4603 2230 4645 senten-

657 4691 852 4742 tiarum
887 4683 1171 4738 stultitiam
1196 4695 1279 4737 est
1315 4683 1514 4751 lapsus,
1551 4692 1607 4736 ut
1634 4692 1784 4752 putet
1821 4698 1881 4737 ac
1923 4686 2066 4737 dicat
2098 4683 2233 4740 Uni.

656 4776 822 4847 geniti
853 4775 1104 4830 deitatem
1135 4790 1238 4829 non
1275 4789 1341 4828 ex
1372 4771 1532 4827 Patre
1557 4784 1682 4828 ante
1707 4774 1900 4828 saecula
1930 4775 2232 4830 subsisteno

658 4871 788 4924 tiam
817 4868 1040 4932 habere,
1072 4867 1165 4922 sed
1202 4877 1259 4919 ut
1303 4881 1426 4920 esse
1469 4865 1752 4935 inciperet,
1785 4880 1813 4920 a
1845 4881 2009 4922 carne
2032 4877 2086 4922 et
2109 4883 2234 4922 san-

656 4961 817 5032 guine
847 4960 1058 5012 initium
1085 4957 1400 5028 accepisse?
1423 4956 1554 5023 Quis
1588 4957 1726 5013 adeo
1773 4959 2022 5026 stupidus
2051 4967 2134 5013 est
2180 4968 2235 5013 et

660 5055 970 5122 imperitus,
1019 5061 1072 5106 et
1127 5065 1404 5105 sacrarum
1454 5049 1780 5103 Litterarum
1840 5051 1997 5119 plane
2044 5053 2233 5107 rudis?

657 5148 787 5214 Quis
838 5161 941 5200 non
997 5144 1243 5198 meminit
1294 5142 1404 5213 29
1443 5141 1592 5197 Isaia:
1622 5142 1691 5197 de
1736 5144 1855 5212 ipso
1891 5145 2177 5200 clamantis
2216 5164 2229 5198 :

664 5258 682 5290 ι
722 5235 1138 5291 Generationem
1185 5234 1302 5298 eius
1348 5234 1470 5303 quis
1521 5235 1798 5289 enarrabit
1842 5235 1930 5287 7’?
1961 5255 1978 5286 ι
2013 5235 2233 5291 Joannis

658 5331 820 5385 etiam
855 5337 1042 5398 aperte
1089 5328 1379 5383 scribentis
1414 5345 1426 5381 :
1481 5345 1498 5379 ι
1532 5326 1584 5380 1η
1624 5327 1892 5397 principio
1939 5338 2059 5383 erat
2111 5327 2234 5383 Ver-

660 5424 808 5484 bum,
862 5432 917 5474 et
975 5419 1206 5474 Verbum
1249 5429 1367 5473 erat
1409 5420 1548 5488 apud
1599 5420 1788 5483 Deum,
1837 5431 1889 5475 et
1927 5420 2064 5475 Deus
2115 5431 2233 5475 erat

659 5510 892 5567 Verbum
928 5528 941 5566 :
981 5510 1161 5564 omnia
1190 5523 1285 5578 per
1319 5509 1492 5579 ipsum
1520 5507 1665 5564 facta
1699 5520 1845 5575 sunt,
1875 5521 1929 5566 et
1963 5511 2080 5568 sine
2115 5512 2231 5580 ipso

657 5602 855 5657 factum
883 5609 969 5654 est
998 5599 1126 5654 nihil
1155 5599 1239 5651 ⁷⁸2
1269 5618 1287 5651 ι
1327 5597 1481 5666 Quod
1507 5600 1548 5655 si
1576 5602 1754 5658 omnia
1793 5616 1890 5674 per
1920 5603 2115 5674 ipsum,
2141 5605 2229 5673 qui

725 5739 768 5769 "
796 5736 896 5791 lsa.
931 5751 1044 5801 Lm,
1083 5732 1136 5790 8.
1212 5734 1433 5792 "Joan.
1470 5751 1507 5800 l,
1540 5735 1654 5791 1-5.

2339 4598 2476 4659 ὅλως
2502 4594 2740 4664 ἀμαθίας
2773 4595 2853 4656 είς
2882 4589 3040 4645 τοῦτο
3073 4585 3409 4642 κατιὺλισθεν
3436 4583 3676 4645 ἐννοιῶν,
3702 4581 3776 4641 ὡς
3806 4581 3932 4630 οἴε-

2343 4687 2470 4741 σθαί
2499 4703 2558 4740 τε
2601 4686 2694 4739 καὶ
2726 4685 2908 4753 λέγειν
2953 4683 3054 4752 τὴν
3082 4681 3312 4750 ϐιότητα
3347 4677 3441 4731 τοῦ
3479 4673 3824 4743 Μονογενοῦς
3859 4676 3930 4725 οὑ

2344 4779 2670 4851 προαιώνιον
2704 4778 2849 4847 ἔχειν
2880 4776 2980 4846 τὴν
3009 4774 3244 4844 ὓπαρξιν
3279 4774 3342 4824 ἐκ
3373 4770 3606 4842 Πατρός,
3654 4766 3828 4839 ἀρχὴν
3865 4768 3934 4820 δὲ

2347 4869 2548 4942 μᾶλλον
2575 4868 2672 4937 τῆς
2703 4870 2784 4931 είς
2826 4866 2886 4919 τδ
2914 4864 3054 4919 εἶναι
3075 4859 3309 4934 παρόδου
3337 4862 3516 4932 σάρκα
3545 4878 3603 4914 τε
3644 4860 3738 4912 καὶ
3777 4852 3934 4927 αἷμα

2345 4960 2558 5024 λαόείνς
2603 4960 2698 5023 Τίς
2738 4959 2910 5019 οὕτως
2957 4956 3346 5027 ἐμϐρόντητος,
3400 4956 3491 5006 καὶ
3533 4948 3933 5019 όλιγογνώμων

2341 5055 2478 5116 ἐστὶ,
2516 5053 2608 5107 καὶ
2635 5053 2744 5105 τῶν
2776 5051 2935 5122 ἱερῶν
2963 5048 3314 5119 Γραμμάτων
3344 5047 3572 5115 ἀνήκοος
3602 5041 3885 5106 παντελῶς
3916 5062 3935 5106 ;

2341 5145 2436 5208 Τίς
2468 5146 2528 5197 οὐ
2552 5143 2916 5214 διαμέμνήται
2954 5139 3373 5209 διακεκραγότος
3407 5137 3504 5205 μὶν
3538 5136 3760 5189 Ἡσαΐου
3794 5139 3937 5206 περὶ

2342 5235 2537 5288 αὐτοῦ’
2569 5254 2586 5284 ι
2620 5232 2730 5302 Τὴν
2755 5231 2950 5300 γενεὰν
2981 5228 3144 5284 αὑτοῦ
3173 5230 3255 5291 τίς
3284 5229 3632 5296 διηγήσεται;
3666 5246 3682 5276 ι
3714 5225 3936 5294 Γεγρει.

2343 5329 2501 5393 φότος
2524 5324 2578 5377 δὲ
2619 5324 2712 5376 καὶ
2758 5323 3008 5376 Ἰωάννου
3044 5319 3264 5387 σαφῶςο
3306 5339 3321 5368 ι
3367 5318 3454 5369 Ἐν
3493 5318 3633 5386 ἀρχῇ
3664 5309 3731 5384 ἦν
3758 5317 3786 5366 ό
3823 5319 3938 5368 Λό-

2339 5433 2454 5483 γος,
2492 5416 2584 5468 καὶ
2623 5417 2651 5467 6
2697 5415 2869 5482 Λόγος
2893 5408 2961 5483 ἦν
3012 5411 3145 5482 πρὸς
3179 5409 3268 5461 τὸν
3297 5409 3448 5471 Θεὸν,
3498 5409 3590 5459 καὶ
3626 5405 3757 5468 Θεὸς
3793 5401 3863 5474 ἦν
3905 5412 3937 5460 ὁ

2340 5509 2545 5575 Λόγος·
2587 5505 2765 5559 πάντα
2808 5505 2873 5557 δι’
2915 5503 3077 5556 αὑτοῦ
3120 5501 3353 5569 ἐγένετο,
3398 5499 3490 5549 καὶ
3542 5497 3710 5568 χωρὶς
3753 5498 3934 5550 αὑτοῦ

2340 5600 2558 5668 ἐγένετο
2585 5599 2704 5654 οὐδὲ
2733 5597 2825 5665 ἐν;
2851 5616 2868 5650 ι
2907 5597 3016 5654 Καὶ
3064 5596 3110 5648 εἰ
3141 5593 3316 5646 πάντα
3345 5590 3407 5643 δι’
3450 5588 3635 5659 αὑτοῦ,
3667 5587 3782 5653 πῶς
3815 5590 3934 5644 τῶν
