  <div class='ocr_page' id='page_1' title='image "/cluster/home/n/w/nwhite01/storage/ocr_20150623/76/ien.35556001661040/040.png"; bbox 0 0 4028 6424; ppageno 0'>
   <div class='ocr_carea' id='block_1_1' title="bbox 141 348 3416 412">
    <p class='ocr_par' dir='ltr' id='par_1_1' title="bbox 141 348 3416 412">
     <span class='ocr_line' id='line_1_1' title="bbox 141 348 3416 412; baseline -0.002 -3"><span class='ocrx_word' id='word_1_1' title='bbox 141 358 193 409; x_wconf 78' lang='grc'><strong>57</strong></span> <span class='ocrx_word' id='word_1_2' title='bbox 1280 351 1655 411; x_wconf 80' lang='lat' dir='ltr'><strong>ADVERSUS</strong></span> <span class='ocrx_word' id='word_1_3' title='bbox 1694 352 2097 412; x_wconf 77' lang='lat' dir='ltr'><strong>NESTORIUM</strong></span> <span class='ocrx_word' id='word_1_4' title='bbox 2140 356 2267 412; x_wconf 85' lang='lat' dir='ltr'><strong>LIB.</strong></span> <span class='ocrx_word' id='word_1_5' title='bbox 2313 356 2376 411; x_wconf 96' lang='lat' dir='ltr'><strong>ll.</strong></span> <span class='ocrx_word' id='word_1_6' title='bbox 3349 348 3416 403; x_wconf 75' lang='lat'><strong>58</strong></span> 
     </span>
    </p>
   </div>
   <div class='ocr_carea' id='block_1_2' title="bbox 140 467 1738 547">
    <p class='ocr_par' dir='ltr' id='par_1_2' title="bbox 140 474 1723 547">
     <span class='ocr_line' id='line_1_2' title="bbox 140 474 1723 547; baseline 0 -19"><span class='ocrx_word' id='word_1_7' title='bbox 140 477 191 528; x_wconf 75' lang='grc' dir='ltr'>δι’</span> <span class='ocrx_word' id='word_1_8' title='bbox 234 474 406 529; x_wconf 82' lang='grc' dir='ltr'>αὑτοῦ</span> <span class='ocrx_word' id='word_1_9' title='bbox 459 475 778 543; x_wconf 77' lang='grc' dir='ltr'><strong>γεγονότων</strong></span> <span class='ocrx_word' id='word_1_10' title='bbox 823 476 1239 546; x_wconf 79' lang='grc' dir='ltr'>ὀψιγενέστερος</span> <span class='ocrx_word' id='word_1_11' title='bbox 1286 478 1374 547; x_wconf 82' lang='grc' dir='ltr'><strong>είη</strong></span> <span class='ocrx_word' id='word_1_12' title='bbox 1420 480 1486 530; x_wconf 85' lang='grc' dir='ltr'>ἂν</span> <span class='ocrx_word' id='word_1_13' title='bbox 1540 477 1569 528; x_wconf 83' lang='grc' dir='ltr'><strong>ό</strong></span> <span class='ocrx_word' id='word_1_14' title='bbox 1614 475 1723 546; x_wconf 83' lang='grc' dir='ltr'>πρὸ</span> 
     </span>
    </p>
   </div>
   <div class='ocr_carea' id='block_1_3' title="bbox 1843 467 3418 547">
    <p class='ocr_par' dir='ltr' id='par_1_3' title="bbox 1843 467 3418 547">
     <span class='ocr_line' id='line_1_3' title="bbox 1843 467 3418 547; baseline -0.008 -17"><span class='ocrx_word' id='word_1_15' title='bbox 1843 476 1940 531; x_wconf 88' lang='lat' dir='ltr'><strong>leri</strong></span> <span class='ocrx_word' id='word_1_16' title='bbox 1980 486 2155 547; x_wconf 89' lang='lat' dir='ltr'><strong>potest</strong></span> <span class='ocrx_word' id='word_1_17' title='bbox 2187 487 2245 531; x_wconf 89' lang='lat' dir='ltr'><strong>ut</strong></span> <span class='ocrx_word' id='word_1_18' title='bbox 2293 478 2455 533; x_wconf 97' lang='lat' dir='ltr'><strong>rebus</strong></span> <span class='ocrx_word' id='word_1_19' title='bbox 2487 490 2583 545; x_wconf 89' lang='lat' dir='ltr'><strong>per</strong></span> <span class='ocrx_word' id='word_1_20' title='bbox 2614 475 2789 545; x_wconf 81' lang='lat' dir='ltr'><strong>ipsum</strong></span> <span class='ocrx_word' id='word_1_21' title='bbox 2839 470 2997 526; x_wconf 87' lang='lat' dir='ltr'><strong>factis</strong></span> <span class='ocrx_word' id='word_1_22' title='bbox 3031 467 3101 523; x_wconf 92' lang='lat' dir='ltr'><strong>sit</strong></span> <span class='ocrx_word' id='word_1_23' title='bbox 3149 475 3274 520; x_wconf 87' lang='lat' dir='ltr'><strong>natu</strong></span> <span class='ocrx_word' id='word_1_24' title='bbox 3323 481 3418 538; x_wconf 84' lang='lat' dir='ltr'><strong>po-</strong></span> 
     </span>
    </p>
   </div>
   <div class='ocr_carea' id='block_1_4' title="bbox 138 566 1723 637">
    <p class='ocr_par' dir='ltr' id='par_1_4' title="bbox 138 566 1723 637">
     <span class='ocr_line' id='line_1_4' title="bbox 138 566 1723 637; baseline 0 -19"><span class='ocrx_word' id='word_1_25' title='bbox 138 567 321 629; x_wconf 74' lang='grc' dir='ltr'>παντὸς</span> <span class='ocrx_word' id='word_1_26' title='bbox 352 566 583 630; x_wconf 83' lang='grc' dir='ltr'>αίῶνος,</span> <span class='ocrx_word' id='word_1_27' title='bbox 611 568 705 619; x_wconf 72' lang='grc' dir='ltr'>καὶ</span> <span class='ocrx_word' id='word_1_28' title='bbox 728 567 941 637; x_wconf 82' lang='grc' dir='ltr'><strong>χρόνων</strong></span> <span class='ocrx_word' id='word_1_29' title='bbox 966 584 980 632; x_wconf 87' lang='grc'>;</span> <span class='ocrx_word' id='word_1_30' title='bbox 1013 567 1075 619; x_wconf 92' lang='grc' dir='ltr'>Τί</span> <span class='ocrx_word' id='word_1_31' title='bbox 1098 567 1279 620; x_wconf 91' lang='grc' dir='ltr'>τοίνυν</span> <span class='ocrx_word' id='word_1_32' title='bbox 1302 569 1362 620; x_wconf 81' lang='grc' dir='ltr'>τὸ</span> <span class='ocrx_word' id='word_1_33' title='bbox 1392 569 1559 621; x_wconf 77' lang='grc' dir='ltr'>πᾶσιν</span> <span class='ocrx_word' id='word_1_34' title='bbox 1589 569 1723 621; x_wconf 75' lang='grc' dir='ltr'>ἀπό.</span> 
     </span>
    </p>
   </div>
   <div class='ocr_carea' id='block_1_5' title="bbox 136 656 1724 728">
    <p class='ocr_par' dir='ltr' id='par_1_5' title="bbox 136 656 1724 728">
     <span class='ocr_line' id='line_1_5' title="bbox 136 656 1724 728; baseline 0.002 -20"><span class='ocrx_word' id='word_1_35' title='bbox 136 658 340 725; x_wconf 80' lang='grc' dir='ltr'>ϐλητον,</span> <span class='ocrx_word' id='word_1_36' title='bbox 380 658 461 720; x_wconf 85' lang='grc' dir='ltr'>ὼς</span> <span class='ocrx_word' id='word_1_37' title='bbox 493 658 815 727; x_wconf 78' lang='grc' dir='ltr'><strong>εἰρημένον,</strong></span> <span class='ocrx_word' id='word_1_38' title='bbox 846 658 1151 728; x_wconf 77' lang='grc' dir='ltr'>είσφὲρειςς</span> <span class='ocrx_word' id='word_1_39' title='bbox 1192 656 1405 711; x_wconf 80' lang='grc' dir='ltr'>[ἰαῦσαι</span> <span class='ocrx_word' id='word_1_40' title='bbox 1451 675 1724 728; x_wconf 80' lang='grc' dir='ltr'>συκοφαν-</span> 
     </span>
    </p>
   </div>
   <div class='ocr_carea' id='block_1_6' title="bbox 135 748 1726 820">
    <p class='ocr_par' dir='ltr' id='par_1_6' title="bbox 135 748 1726 820">
     <span class='ocr_line' id='line_1_6' title="bbox 135 748 1726 820; baseline 0.002 -21"><span class='ocrx_word' id='word_1_41' title='bbox 135 749 228 801; x_wconf 81' lang='grc' dir='ltr'><strong>τῶν</strong></span> <span class='ocrx_word' id='word_1_42' title='bbox 248 751 382 811; x_wconf 77' lang='grc' dir='ltr'>τοὺς</span> <span class='ocrx_word' id='word_1_43' title='bbox 416 748 491 800; x_wconf 76' lang='grc' dir='ltr'><strong>τά</strong></span> <span class='ocrx_word' id='word_1_44' title='bbox 519 748 636 820; x_wconf 82' lang='grc' dir='ltr'><strong>[Ισ.</strong></span> <span class='ocrx_word' id='word_1_45' title='bbox 670 750 736 800; x_wconf 83' lang='grc' dir='ltr'>τὰ</span> <span class='ocrx_word' id='word_1_46' title='bbox 768 748 859 820; x_wconf 85' lang='grc' dir='ltr'>σά]</span> <span class='ocrx_word' id='word_1_47' title='bbox 891 750 1113 812; x_wconf 75' lang='grc' dir='ltr'><strong>δικαίως</strong></span> <span class='ocrx_word' id='word_1_48' title='bbox 1143 749 1597 820; x_wconf 82' lang='grc' dir='ltr'>ὲπαιτιωμένους,</span> <span class='ocrx_word' id='word_1_49' title='bbox 1631 752 1726 804; x_wconf 73' lang='grc' dir='ltr'>καὶ</span> 
     </span>
    </p>
   </div>
   <div class='ocr_carea' id='block_1_7' title="bbox 136 840 1726 911">
    <p class='ocr_par' dir='ltr' id='par_1_7' title="bbox 136 840 1726 911">
     <span class='ocr_line' id='line_1_7' title="bbox 136 840 1726 911; baseline 0.001 -19"><span class='ocrx_word' id='word_1_50' title='bbox 136 841 219 910; x_wconf 81' lang='grc' dir='ltr'>τῆς</span> <span class='ocrx_word' id='word_1_51' title='bbox 241 842 297 892; x_wconf 78' lang='grc' dir='ltr'>ὲν</span> <span class='ocrx_word' id='word_1_52' title='bbox 323 841 521 903; x_wconf 77' lang='grc' dir='ltr'>αὐτοῖς</span> <span class='ocrx_word' id='word_1_53' title='bbox 544 840 789 910; x_wconf 77' lang='grc' dir='ltr'><strong>ἀμαθίας</strong></span> <span class='ocrx_word' id='word_1_54' title='bbox 813 841 1179 907; x_wconf 83' lang='grc' dir='ltr'>διαγελῶντας</span> <span class='ocrx_word' id='word_1_55' title='bbox 1216 841 1276 893; x_wconf 82' lang='grc' dir='ltr'>τὸ</span> <span class='ocrx_word' id='word_1_56' title='bbox 1314 842 1561 911; x_wconf 80' lang='grc' dir='ltr'>μέγεθος.</span> <span class='ocrx_word' id='word_1_57' title='bbox 1597 843 1726 894; x_wconf 85' lang='grc' dir='ltr'><strong>Ὀτε</strong></span> 
     </span>
    </p>
   </div>
   <div class='ocr_carea' id='block_1_8' title="bbox 135 931 1725 1003">
    <p class='ocr_par' dir='ltr' id='par_1_8' title="bbox 135 931 1725 1003">
     <span class='ocr_line' id='line_1_8' title="bbox 135 931 1725 1003; baseline 0.001 -20"><span class='ocrx_word' id='word_1_58' title='bbox 135 932 299 983; x_wconf 73' lang='grc' dir='ltr'>τοίνυν</span> <span class='ocrx_word' id='word_1_59' title='bbox 344 931 535 994; x_wconf 72' lang='grc' dir='ltr'>οὐδεὶς</span> <span class='ocrx_word' id='word_1_60' title='bbox 573 935 602 985; x_wconf 87' lang='grc' dir='ltr'>ὁ</span> <span class='ocrx_word' id='word_1_61' title='bbox 634 932 814 1000; x_wconf 86' lang='grc' dir='ltr'>λέγων</span> <span class='ocrx_word' id='word_1_62' title='bbox 860 932 1028 995; x_wconf 74' lang='grc' dir='ltr'>ἐστὶν,</span> <span class='ocrx_word' id='word_1_63' title='bbox 1062 932 1137 995; x_wconf 85' lang='grc' dir='ltr'>ὡς</span> <span class='ocrx_word' id='word_1_64' title='bbox 1176 933 1492 985; x_wconf 78' lang='grc' dir='ltr'>ἑπιτέτοκεν</span> <span class='ocrx_word' id='word_1_65' title='bbox 1518 935 1550 1001; x_wconf 79' lang='grc' dir='ltr'>ἡ</span> <span class='ocrx_word' id='word_1_66' title='bbox 1573 934 1725 1003; x_wconf 86' lang='grc' dir='ltr'>Παρ-</span> 
     </span>
    </p>
   </div>
   <div class='ocr_carea' id='block_1_9' title="bbox 137 1022 1725 1094">
    <p class='ocr_par' dir='ltr' id='par_1_9' title="bbox 137 1022 1725 1094">
     <span class='ocr_line' id='line_1_9' title="bbox 137 1022 1725 1094; baseline 0 -19"><span class='ocrx_word' id='word_1_67' title='bbox 137 1023 273 1085; x_wconf 62' lang='lat' dir='ltr'><strong>om;</strong></span> <span class='ocrx_word' id='word_1_68' title='bbox 300 1026 368 1076; x_wconf 73' lang='grc' dir='ltr'>ἐκ</span> <span class='ocrx_word' id='word_1_69' title='bbox 421 1023 529 1093; x_wconf 82' lang='grc' dir='ltr'>τῆς</span> <span class='ocrx_word' id='word_1_70' title='bbox 569 1024 707 1086; x_wconf 85' lang='grc' dir='ltr'>ίδίας</span> <span class='ocrx_word' id='word_1_71' title='bbox 744 1024 949 1094; x_wconf 79' lang='grc' dir='ltr'>σαρκὸς</span> <span class='ocrx_word' id='word_1_72' title='bbox 977 1023 1076 1092; x_wconf 82' lang='grc' dir='ltr'>τὴν</span> <span class='ocrx_word' id='word_1_73' title='bbox 1117 1024 1215 1090; x_wconf 82' lang='grc' dir='ltr'>τῆς</span> <span class='ocrx_word' id='word_1_74' title='bbox 1255 1023 1509 1093; x_wconf 76' lang='grc' dir='ltr'><strong>θεότητος</strong></span> <span class='ocrx_word' id='word_1_75' title='bbox 1545 1022 1725 1092; x_wconf 85' lang='grc' dir='ltr'>φύσιν,</span> 
     </span>
    </p>
   </div>
   <div class='ocr_carea' id='block_1_10' title="bbox 138 1112 1730 1183">
    <p class='ocr_par' dir='ltr' id='par_1_10' title="bbox 138 1112 1730 1183">
     <span class='ocr_line' id='line_1_10' title="bbox 138 1112 1730 1183; baseline 0.002 -19"><span class='ocrx_word' id='word_1_76' title='bbox 138 1114 201 1182; x_wconf 79' lang='grc' dir='ltr'>μὴ</span> <span class='ocrx_word' id='word_1_77' title='bbox 226 1114 511 1166; x_wconf 75' lang='grc' dir='ltr'><strong>διατείνου</strong></span> <span class='ocrx_word' id='word_1_78' title='bbox 548 1114 752 1183; x_wconf 82' lang='grc' dir='ltr'><strong>μάτην,</strong></span> <span class='ocrx_word' id='word_1_79' title='bbox 780 1112 1077 1181; x_wconf 83' lang='grc' dir='ltr'>λογισμοὺς</span> <span class='ocrx_word' id='word_1_80' title='bbox 1099 1115 1129 1182; x_wconf 81' lang='grc' dir='ltr'>ἡ</span> <span class='ocrx_word' id='word_1_81' title='bbox 1140 1115 1229 1182; x_wconf 85' lang='grc' dir='ltr'><strong>μίν</strong></span> <span class='ocrx_word' id='word_1_82' title='bbox 1254 1113 1599 1175; x_wconf 79' lang='grc' dir='ltr'><strong>ἀναπλέκων,</strong></span> <span class='ocrx_word' id='word_1_83' title='bbox 1631 1114 1730 1167; x_wconf 75' lang='grc' dir='ltr'>οὐκ</span> 
     </span>
    </p>
   </div>
   <div class='ocr_carea' id='block_1_11' title="bbox 135 1204 1731 1274">
    <p class='ocr_par' dir='ltr' id='par_1_11' title="bbox 135 1204 1731 1274">
     <span class='ocr_line' id='line_1_11' title="bbox 135 1204 1731 1274; baseline 0.002 -20"><span class='ocrx_word' id='word_1_84' title='bbox 135 1204 184 1267; x_wconf 76' lang='grc' dir='ltr'>ἐξ</span> <span class='ocrx_word' id='word_1_85' title='bbox 214 1204 461 1271; x_wconf 79' lang='grc' dir='ltr'>ἀληθῶν,</span> <span class='ocrx_word' id='word_1_86' title='bbox 521 1205 617 1257; x_wconf 80' lang='grc' dir='ltr'>καὶ</span> <span class='ocrx_word' id='word_1_87' title='bbox 670 1204 879 1258; x_wconf 80' lang='grc' dir='ltr'>ἅπασιν</span> <span class='ocrx_word' id='word_1_88' title='bbox 930 1204 1382 1274; x_wconf 80' lang='grc' dir='ltr'><strong>ὁμολογουμένων</strong></span> <span class='ocrx_word' id='word_1_89' title='bbox 1437 1205 1731 1273; x_wconf 80' lang='grc' dir='ltr'><strong>γεγονότας</strong></span> 
     </span>
    </p>
   </div>
   <div class='ocr_carea' id='block_1_12' title="bbox 135 1294 1730 1367">
    <p class='ocr_par' dir='ltr' id='par_1_12' title="bbox 135 1294 1730 1367">
     <span class='ocr_line' id='line_1_12' title="bbox 135 1294 1730 1367; baseline 0.001 -20"><span class='ocrx_word' id='word_1_90' title='bbox 135 1297 463 1365; x_wconf 83' lang='grc' dir='ltr'>λημμάτων.</span> <span class='ocrx_word' id='word_1_91' title='bbox 492 1295 563 1347; x_wconf 89' lang='grc' dir='ltr'>Τί</span> <span class='ocrx_word' id='word_1_92' title='bbox 591 1294 650 1348; x_wconf 77' lang='grc' dir='ltr'><strong>δέ</strong></span> <span class='ocrx_word' id='word_1_93' title='bbox 684 1312 746 1348; x_wconf 88' lang='grc' dir='ltr'><strong>σε</strong></span> <span class='ocrx_word' id='word_1_94' title='bbox 777 1294 840 1348; x_wconf 82' lang='grc' dir='ltr'>τὸ</span> <span class='ocrx_word' id='word_1_95' title='bbox 871 1296 1155 1359; x_wconf 84' lang='grc' dir='ltr'>πεπεικὸς,</span> <span class='ocrx_word' id='word_1_96' title='bbox 1187 1296 1419 1367; x_wconf 79' lang='grc' dir='ltr'><strong>ἀκρατῆ,</strong></span> <span class='ocrx_word' id='word_1_97' title='bbox 1453 1297 1547 1350; x_wconf 72' lang='grc' dir='ltr'><strong>καὶ</strong></span> <span class='ocrx_word' id='word_1_98' title='bbox 1583 1296 1730 1348; x_wconf 80' lang='grc' dir='ltr'>ἀπύ-</span> 
     </span>
    </p>
   </div>
   <div class='ocr_carea' id='block_1_13' title="bbox 135 1385 1731 1456">
    <p class='ocr_par' dir='ltr' id='par_1_13' title="bbox 135 1385 1731 1456">
     <span class='ocr_line' id='line_1_13' title="bbox 135 1385 1731 1456; baseline 0.001 -17"><span class='ocrx_word' id='word_1_99' title='bbox 340 1385 496 1440; x_wconf 75' lang='grc' dir='ltr'>οὕτω</span> <span class='ocrx_word' id='word_1_100' title='bbox 553 1386 787 1456; x_wconf 76' lang='grc' dir='ltr'>χαλάσαι</span> <span class='ocrx_word' id='word_1_101' title='bbox 833 1385 932 1456; x_wconf 82' lang='grc' dir='ltr'>τὴν</span> <span class='ocrx_word' id='word_1_102' title='bbox 987 1386 1233 1453; x_wconf 83' lang='grc' dir='ltr'>γλῶτταν</span> <span class='ocrx_word' id='word_1_103' title='bbox 1264 1387 1407 1439; x_wconf 84' lang='grc' dir='ltr'><strong>κατά</strong></span> <span class='ocrx_word' id='word_1_104' title='bbox 1453 1386 1563 1438; x_wconf 85' lang='grc' dir='ltr'><strong>τῶν</strong></span> <span class='ocrx_word' id='word_1_105' title='bbox 1595 1386 1731 1456; x_wconf 84' lang='grc' dir='ltr'>ὀρθά</span> 
     </span>
    </p>
   </div>
   <div class='ocr_carea' id='block_1_14' title="bbox 138 1478 1730 1549">
    <p class='ocr_par' dir='ltr' id='par_1_14' title="bbox 138 1478 1730 1549">
     <span class='ocr_line' id='line_1_14' title="bbox 138 1478 1730 1549; baseline 0 -18"><span class='ocrx_word' id='word_1_106' title='bbox 138 1482 349 1549; x_wconf 71' lang='grc' dir='ltr'>φρονεῖν</span> <span class='ocrx_word' id='word_1_107' title='bbox 388 1479 892 1544; x_wconf 77' lang='grc' dir='ltr'><strong>διεσπουδακότων,</strong></span> <span class='ocrx_word' id='word_1_108' title='bbox 931 1478 1027 1531; x_wconf 62' lang='grc' dir='ltr'><strong>καὶ⁵</strong></span> <span class='ocrx_word' id='word_1_109' title='bbox 1057 1479 1259 1541; x_wconf 83' lang='grc' dir='ltr'>παντὸς</span> <span class='ocrx_word' id='word_1_110' title='bbox 1293 1478 1387 1531; x_wconf 81' lang='grc' dir='ltr'><strong>τοῦ</strong></span> <span class='ocrx_word' id='word_1_111' title='bbox 1434 1478 1730 1549; x_wconf 84' lang='grc' dir='ltr'>σεϐομένου</span> 
     </span>
    </p>
   </div>
   <div class='ocr_carea' id='block_1_15' title="bbox 137 1568 1730 1643">
    <p class='ocr_par' dir='ltr' id='par_1_15' title="bbox 137 1568 1730 1643">
     <span class='ocr_line' id='line_1_15' title="bbox 137 1568 1730 1643; baseline 0 -20"><span class='ocrx_word' id='word_1_112' title='bbox 137 1570 259 1623; x_wconf 82' lang='grc' dir='ltr'><strong>Θεοῦ</strong></span> <span class='ocrx_word' id='word_1_113' title='bbox 303 1571 424 1643; x_wconf 82' lang='grc' dir='ltr'><strong>[ἷσ.</strong></span> <span class='ocrx_word' id='word_1_114' title='bbox 456 1569 619 1642; x_wconf 75' lang='grc' dir='ltr'>Θεὸν]</span> <span class='ocrx_word' id='word_1_115' title='bbox 656 1570 911 1641; x_wconf 72' lang='grc' dir='ltr'>ἔγκλημα</span> <span class='ocrx_word' id='word_1_116' title='bbox 944 1569 1208 1639; x_wconf 79' lang='grc' dir='ltr'>καταχέαι</span> <span class='ocrx_word' id='word_1_117' title='bbox 1258 1569 1429 1623; x_wconf 80' lang='grc' dir='ltr'>δεινὸν</span> <span class='ocrx_word' id='word_1_118' title='bbox 1461 1568 1558 1623; x_wconf 72' lang='grc' dir='ltr'>καὶ</span> <span class='ocrx_word' id='word_1_119' title='bbox 1587 1585 1730 1637; x_wconf 71' lang='grc' dir='ltr'>παγ-</span> 
     </span>
    </p>
   </div>
   <div class='ocr_carea' id='block_1_16' title="bbox 136 1660 1511 1733">
    <p class='ocr_par' dir='ltr' id='par_1_16' title="bbox 136 1660 1511 1733">
     <span class='ocr_line' id='line_1_16' title="bbox 136 1660 1511 1733; baseline -0.001 -17"><span class='ocrx_word' id='word_1_120' title='bbox 136 1665 371 1731; x_wconf 65' lang='grc' dir='ltr'>χαλεπον</span> <span class='ocrx_word' id='word_1_121' title='bbox 397 1680 414 1727; x_wconf 87' lang='grc'>;</span> <span class='ocrx_word' id='word_1_122' title='bbox 462 1663 647 1733; x_wconf 82' lang='grc' dir='ltr'>Ἔφης</span> <span class='ocrx_word' id='word_1_123' title='bbox 681 1662 791 1732; x_wconf 82' lang='grc' dir='ltr'><strong>γὰρ</strong></span> <span class='ocrx_word' id='word_1_124' title='bbox 825 1660 990 1716; x_wconf 89' lang='grc' dir='ltr'>πάλιν</span> <span class='ocrx_word' id='word_1_125' title='bbox 1022 1664 1107 1715; x_wconf 72' lang='grc' dir='ltr'><strong>ἐπ’</strong></span> <span class='ocrx_word' id='word_1_126' title='bbox 1135 1661 1469 1732; x_wconf 83' lang='grc' dir='ltr'>Ἐκκλησίας</span> <span class='ocrx_word' id='word_1_127' title='bbox 1500 1679 1511 1692; x_wconf 91' lang='grc'><strong>·</strong></span> 
     </span>
    </p>
   </div>
   <div class='ocr_carea' id='block_1_17' title="bbox 201 1750 1735 1825">
    <p class='ocr_par' dir='ltr' id='par_1_17' title="bbox 201 1750 1735 1825">
     <span class='ocr_line' id='line_1_17' title="bbox 201 1750 1735 1825; baseline 0.001 -19"><span class='ocrx_word' id='word_1_128' title='bbox 201 1750 415 1825; x_wconf 78' lang='grc' dir='ltr'>[Εἶπον</span> <span class='ocrx_word' id='word_1_129' title='bbox 446 1754 503 1807; x_wconf 75' lang='grc' dir='ltr'>δὲ</span> <span class='ocrx_word' id='word_1_130' title='bbox 559 1754 1040 1824; x_wconf 64' lang='grc' dir='ltr'>ήδηπλειστάκις,</span> <span class='ocrx_word' id='word_1_131' title='bbox 1087 1757 1168 1808; x_wconf 84' lang='grc' dir='ltr'>ὅτι</span> <span class='ocrx_word' id='word_1_132' title='bbox 1211 1756 1263 1807; x_wconf 79' lang='grc' dir='ltr'>ετ</span> <span class='ocrx_word' id='word_1_133' title='bbox 1294 1771 1377 1817; x_wconf 90' lang='grc' dir='ltr'><strong>τις</strong></span> <span class='ocrx_word' id='word_1_134' title='bbox 1423 1754 1456 1824; x_wconf 77' lang='grc' dir='ltr'>ἢ</span> <span class='ocrx_word' id='word_1_135' title='bbox 1504 1756 1565 1807; x_wconf 74' lang='grc' dir='ltr'>ἑν</span> <span class='ocrx_word' id='word_1_136' title='bbox 1606 1754 1735 1822; x_wconf 82' lang='grc' dir='ltr'>ὑμῖν</span> 
     </span>
    </p>
   </div>
   <div class='ocr_carea' id='block_1_18' title="bbox 140 1816 1809 1915">
    <p class='ocr_par' dir='ltr' id='par_1_18' title="bbox 140 1816 1809 1915">
     <span class='ocr_line' id='line_1_18' title="bbox 140 1816 1809 1915; baseline -0.001 -18"><span class='ocrx_word' id='word_1_137' title='bbox 140 1816 528 1915; x_wconf 56' lang='grc' dir='ltr'>ἀτελέα-τερος,</span> <span class='ocrx_word' id='word_1_138' title='bbox 551 1816 604 1898; x_wconf 73' lang='grc' dir='ltr'><strong>εί</strong></span> <span class='ocrx_word' id='word_1_139' title='bbox 629 1816 689 1897; x_wconf 76' lang='grc' dir='ltr'><strong>τε</strong></span> <span class='ocrx_word' id='word_1_140' title='bbox 720 1846 779 1897; x_wconf 77' lang='grc' dir='ltr'>ὲν</span> <span class='ocrx_word' id='word_1_141' title='bbox 817 1816 1160 1909; x_wconf 20' lang='grc' dir='ltr'>ἂλλοιςντισὶ,</span> <span class='ocrx_word' id='word_1_142' title='bbox 1192 1816 1455 1915; x_wconf 73' lang='grc' dir='ltr'>χαίρειτῇ</span> <span class='ocrx_word' id='word_1_143' title='bbox 1482 1840 1575 1896; x_wconf 80' lang='grc' dir='ltr'><strong>τοῦ</strong></span> <span class='ocrx_word' id='word_1_144' title='bbox 1606 1816 1737 1897; x_wconf 43' lang='grc' dir='ltr'>Θ-εο-</span> <span class='ocrx_word' id='word_1_145' title='bbox 1768 1816 1809 1870; x_wconf 74' lang='grc' dir='ltr'><strong><em>Β</em></strong></span> 
     </span>
    </p>
   </div>
   <div class='ocr_carea' id='block_1_19' title="bbox 137 1935 1733 2007">
    <p class='ocr_par' dir='ltr' id='par_1_19' title="bbox 137 1935 1733 2007">
     <span class='ocr_line' id='line_1_19' title="bbox 137 1935 1733 2007; baseline -0.001 -19"><span class='ocrx_word' id='word_1_146' title='bbox 137 1938 286 1999; x_wconf 83' lang='grc' dir='ltr'>τόκος</span> <span class='ocrx_word' id='word_1_147' title='bbox 315 1939 506 2005; x_wconf 70' lang='grc' dir='ltr'>φωνῇ,</span> <span class='ocrx_word' id='word_1_148' title='bbox 538 1936 669 2005; x_wconf 74' lang='grc' dir='ltr'>ἐμοὶ</span> <span class='ocrx_word' id='word_1_149' title='bbox 708 1936 847 2005; x_wconf 85' lang='grc' dir='ltr'>πρὸς</span> <span class='ocrx_word' id='word_1_150' title='bbox 890 1935 989 2005; x_wconf 77' lang='grc' dir='ltr'>τὴν</span> <span class='ocrx_word' id='word_1_151' title='bbox 1018 1936 1201 2007; x_wconf 80' lang='grc' dir='ltr'>φωνὴν</span> <span class='ocrx_word' id='word_1_152' title='bbox 1234 1936 1428 2005; x_wconf 74' lang='grc' dir='ltr'>φθόνος</span> <span class='ocrx_word' id='word_1_153' title='bbox 1449 1935 1549 1987; x_wconf 81' lang='grc' dir='ltr'>οὐκ</span> <span class='ocrx_word' id='word_1_154' title='bbox 1586 1935 1733 1988; x_wconf 76' lang='grc' dir='ltr'><strong>ἔστι⁸</strong></span> 
     </span>
    </p>
   </div>
   <div class='ocr_carea' id='block_1_20' title="bbox 139 2028 1331 2099">
    <p class='ocr_par' dir='ltr' id='par_1_20' title="bbox 139 2028 1331 2099">
     <span class='ocr_line' id='line_1_20' title="bbox 139 2028 1331 2099; baseline 0.002 -19"><span class='ocrx_word' id='word_1_155' title='bbox 139 2031 289 2097; x_wconf 84' lang='grc' dir='ltr'>μόνον</span> <span class='ocrx_word' id='word_1_156' title='bbox 324 2028 408 2099; x_wconf 86' lang='grc' dir='ltr'>μὴ</span> <span class='ocrx_word' id='word_1_157' title='bbox 444 2028 676 2081; x_wconf 79' lang='grc' dir='ltr'>ποιείτω</span> <span class='ocrx_word' id='word_1_158' title='bbox 710 2028 810 2097; x_wconf 76' lang='grc' dir='ltr'>τὴν</span> <span class='ocrx_word' id='word_1_159' title='bbox 843 2029 1121 2099; x_wconf 78' lang='grc' dir='ltr'>Παρθένον</span> <span class='ocrx_word' id='word_1_160' title='bbox 1155 2028 1331 2098; x_wconf 85' lang='grc' dir='ltr'>θεάν.]</span> 
     </span>
    </p>
   </div>
   <div class='ocr_carea' id='block_1_21' title="bbox 756 2141 1112 2195">
    <p class='ocr_par' dir='ltr' id='par_1_21' title="bbox 756 2141 1112 2195">
     <span class='ocr_line' id='line_1_21' title="bbox 756 2141 1112 2195; baseline 0 -1"><span class='ocrx_word' id='word_1_161' title='bbox 756 2141 1014 2195; x_wconf 76' lang='grc' dir='ltr'><strong>ΚΕΦΑΛ.</strong></span> <span class='ocrx_word' id='word_1_162' title='bbox 1056 2143 1112 2194; x_wconf 76' lang='grc' dir='ltr'><strong>ι’.</strong></span> 
     </span>
    </p>
   </div>
   <div class='ocr_carea' id='block_1_22' title="bbox 196 2252 1735 2326">
    <p class='ocr_par' dir='ltr' id='par_1_22' title="bbox 196 2252 1735 2326">
     <span class='ocr_line' id='line_1_22' title="bbox 196 2252 1735 2326; baseline -0.002 -18"><span class='ocrx_word' id='word_1_163' title='bbox 196 2255 373 2308; x_wconf 82' lang='grc' dir='ltr'>Πάλιν</span> <span class='ocrx_word' id='word_1_164' title='bbox 404 2256 545 2324; x_wconf 78' lang='grc' dir='ltr'>ἡμῖν</span> <span class='ocrx_word' id='word_1_165' title='bbox 570 2253 902 2326; x_wconf 78' lang='grc' dir='ltr'>διαλοιδορῇ,</span> <span class='ocrx_word' id='word_1_166' title='bbox 936 2256 1030 2308; x_wconf 79' lang='grc' dir='ltr'>καὶ</span> <span class='ocrx_word' id='word_1_167' title='bbox 1062 2254 1257 2324; x_wconf 78' lang='grc' dir='ltr'>πικρὸν</span> <span class='ocrx_word' id='word_1_168' title='bbox 1292 2254 1465 2317; x_wconf 75' lang='grc' dir='ltr'>οὕτως</span> <span class='ocrx_word' id='word_1_169' title='bbox 1498 2252 1735 2324; x_wconf 79' lang='grc' dir='ltr'>ὲπιθήσῃ</span> 
     </span>
    </p>
   </div>
   <div class='ocr_carea' id='block_1_23' title="bbox 137 2333 1737 2419">
    <p class='ocr_par' dir='ltr' id='par_1_23' title="bbox 137 2333 1737 2419">
     <span class='ocr_line' id='line_1_23' title="bbox 137 2333 1737 2419; baseline -0.001 -21"><span class='ocrx_word' id='word_1_170' title='bbox 137 2346 237 2419; x_wconf 69' lang='grc' dir='ltr'>[ίσ.</span> <span class='ocrx_word' id='word_1_171' title='bbox 275 2344 599 2417; x_wconf 71' lang='grc' dir='ltr'>ἐπιθήγεις]</span> <span class='ocrx_word' id='word_1_172' title='bbox 640 2345 836 2416; x_wconf 84' lang='grc' dir='ltr'><strong>στόμα,</strong></span> <span class='ocrx_word' id='word_1_173' title='bbox 871 2346 1152 2409; x_wconf 73' lang='grc' dir='ltr'>ὀνειδίζεις</span> <span class='ocrx_word' id='word_1_174' title='bbox 1188 2346 1245 2399; x_wconf 83' lang='grc' dir='ltr'>δὲ</span> <span class='ocrx_word' id='word_1_175' title='bbox 1284 2346 1381 2417; x_wconf 80' lang='grc' dir='ltr'>τὴν</span> <span class='ocrx_word' id='word_1_176' title='bbox 1409 2333 1737 2415; x_wconf 75' lang='grc' dir='ltr'>Συναγωγὴν</span> 
     </span>
    </p>
   </div>
   <div class='ocr_carea' id='block_1_24' title="bbox 137 2431 1737 2511">
    <p class='ocr_par' dir='ltr' id='par_1_24' title="bbox 137 2431 1737 2511">
     <span class='ocr_line' id='line_1_24' title="bbox 137 2431 1737 2511; baseline 0 -20"><span class='ocrx_word' id='word_1_177' title='bbox 137 2440 363 2511; x_wconf 78' lang='grc' dir='ltr'>Κυρίου,</span> <span class='ocrx_word' id='word_1_178' title='bbox 420 2438 571 2492; x_wconf 85' lang='grc' dir='ltr'><strong>κατά</strong></span> <span class='ocrx_word' id='word_1_179' title='bbox 613 2438 676 2491; x_wconf 84' lang='grc' dir='ltr'>τὸ</span> <span class='ocrx_word' id='word_1_180' title='bbox 725 2439 1153 2510; x_wconf 85' lang='grc' dir='ltr'>γεγραμμένον;</span> <span class='ocrx_word' id='word_1_181' title='bbox 1201 2438 1342 2491; x_wconf 83' lang='grc' dir='ltr'>Ἀλλ’</span> <span class='ocrx_word' id='word_1_182' title='bbox 1373 2439 1532 2507; x_wconf 81' lang='grc' dir='ltr'>ἡμεῖς</span> <span class='ocrx_word' id='word_1_183' title='bbox 1577 2453 1663 2505; x_wconf 86' lang='grc' dir='ltr'><strong>γε,</strong></span> <span class='ocrx_word' id='word_1_184' title='bbox 1691 2431 1737 2491; x_wconf 81' lang='grc' dir='ltr'><strong>ὦ</strong></span> 
     </span>
    </p>
   </div>
   <div class='ocr_carea' id='block_1_25' title="bbox 137 2527 1735 2599">
    <p class='ocr_par' dir='ltr' id='par_1_25' title="bbox 137 2527 1735 2599">
     <span class='ocr_line' id='line_1_25' title="bbox 137 2527 1735 2599; baseline -0.002 -16"><span class='ocrx_word' id='word_1_185' title='bbox 137 2532 266 2595; x_wconf 69' lang='lat' dir='ltr'><strong>&#39;ziv,</strong></span> <span class='ocrx_word' id='word_1_186' title='bbox 295 2533 348 2584; x_wconf 78' lang='grc' dir='ltr'>οἱ</span> <span class='ocrx_word' id='word_1_187' title='bbox 376 2530 653 2583; x_wconf 80' lang='grc' dir='ltr'>Θεοτόκον</span> <span class='ocrx_word' id='word_1_188' title='bbox 686 2529 940 2599; x_wconf 87' lang='grc' dir='ltr'>λέγοντες</span> <span class='ocrx_word' id='word_1_189' title='bbox 963 2531 1135 2598; x_wconf 78' lang='grc' dir='ltr'>αὐτήν</span> <span class='ocrx_word' id='word_1_190' title='bbox 1154 2545 1167 2558; x_wconf 85' lang='grc'><strong>·</strong></span> <span class='ocrx_word' id='word_1_191' title='bbox 1192 2527 1659 2599; x_wconf 88' lang='grc' dir='ltr'>τεθεοποιήκαμεν</span> <span class='ocrx_word' id='word_1_192' title='bbox 1681 2528 1735 2581; x_wconf 84' lang='grc' dir='ltr'>δὲ</span> 
     </span>
    </p>
   </div>
   <div class='ocr_carea' id='block_1_26' title="bbox 135 2621 1739 2691">
    <p class='ocr_par' dir='ltr' id='par_1_26' title="bbox 135 2621 1739 2691">
     <span class='ocr_line' id='line_1_26' title="bbox 135 2621 1739 2691; baseline -0.002 -16"><span class='ocrx_word' id='word_1_193' title='bbox 135 2623 318 2677; x_wconf 66' lang='grc' dir='ltr'>οὐδένα</span> <span class='ocrx_word' id='word_1_194' title='bbox 361 2622 596 2675; x_wconf 79' lang='grc' dir='ltr'>πώποτε</span> <span class='ocrx_word' id='word_1_195' title='bbox 639 2621 745 2674; x_wconf 84' lang='grc' dir='ltr'>τῶν</span> <span class='ocrx_word' id='word_1_196' title='bbox 779 2621 1079 2674; x_wconf 79' lang='grc' dir='ltr'>τελούντων</span> <span class='ocrx_word' id='word_1_197' title='bbox 1122 2622 1181 2674; x_wconf 70' lang='grc' dir='ltr'>ὲν</span> <span class='ocrx_word' id='word_1_198' title='bbox 1230 2621 1523 2691; x_wconf 84' lang='grc' dir='ltr'>κτίσμασι·</span> <span class='ocrx_word' id='word_1_199' title='bbox 1557 2636 1739 2689; x_wconf 75' lang='grc' dir='ltr'>κατει-</span> 
     </span>
    </p>
   </div>
   <div class='ocr_carea' id='block_1_27' title="bbox 134 2712 1738 2785">
    <p class='ocr_par' dir='ltr' id='par_1_27' title="bbox 134 2712 1738 2785">
     <span class='ocr_line' id='line_1_27' title="bbox 134 2712 1738 2785; baseline -0.001 -16"><span class='ocrx_word' id='word_1_200' title='bbox 134 2716 371 2785; x_wconf 72' lang='grc' dir='ltr'>θῐσμεθα</span> <span class='ocrx_word' id='word_1_201' title='bbox 417 2716 477 2768; x_wconf 84' lang='grc' dir='ltr'>δὲ</span> <span class='ocrx_word' id='word_1_202' title='bbox 514 2714 649 2767; x_wconf 82' lang='grc' dir='ltr'>Θεὸν</span> <span class='ocrx_word' id='word_1_203' title='bbox 703 2713 904 2767; x_wconf 77' lang='grc' dir='ltr'>ειδέναι</span> <span class='ocrx_word' id='word_1_204' title='bbox 963 2713 1055 2766; x_wconf 84' lang='grc' dir='ltr'>τὸν</span> <span class='ocrx_word' id='word_1_205' title='bbox 1115 2712 1236 2777; x_wconf 74' lang='grc' dir='ltr'>ἕνα,</span> <span class='ocrx_word' id='word_1_206' title='bbox 1282 2714 1379 2767; x_wconf 70' lang='grc' dir='ltr'>καὶ</span> <span class='ocrx_word' id='word_1_207' title='bbox 1422 2713 1607 2781; x_wconf 82' lang='grc' dir='ltr'>φύσει,</span> <span class='ocrx_word' id='word_1_208' title='bbox 1642 2714 1738 2768; x_wconf 66' lang='grc' dir='ltr'><strong>καλ⁸</strong></span> 
     </span>
    </p>
   </div>
   <div class='ocr_carea' id='block_1_28' title="bbox 133 2800 1737 2878">
    <p class='ocr_par' dir='ltr' id='par_1_28' title="bbox 133 2800 1737 2878">
     <span class='ocr_line' id='line_1_28' title="bbox 133 2800 1737 2878; baseline -0.001 -19"><span class='ocrx_word' id='word_1_209' title='bbox 133 2808 385 2878; x_wconf 74' lang='grc' dir='ltr'>ἀληθῶς·</span> <span class='ocrx_word' id='word_1_210' title='bbox 452 2806 617 2874; x_wconf 83' lang='grc' dir='ltr'>ίσμεν</span> <span class='ocrx_word' id='word_1_211' title='bbox 666 2806 721 2858; x_wconf 82' lang='grc' dir='ltr'>δὲ</span> <span class='ocrx_word' id='word_1_212' title='bbox 752 2804 1040 2874; x_wconf 83' lang='grc' dir='ltr'>ἄνθρωπον</span> <span class='ocrx_word' id='word_1_213' title='bbox 1088 2800 1255 2859; x_wconf 79' lang='grc' dir='ltr'>οὖσαν</span> <span class='ocrx_word' id='word_1_214' title='bbox 1304 2805 1426 2858; x_wconf 84' lang='grc' dir='ltr'>καθ’</span> <span class='ocrx_word' id='word_1_215' title='bbox 1464 2806 1609 2876; x_wconf 75' lang='grc' dir='ltr'>ἡμᾶς</span> <span class='ocrx_word' id='word_1_216' title='bbox 1638 2805 1737 2872; x_wconf 84' lang='grc' dir='ltr'>τὴν</span> 
     </span>
    </p>
   </div>
   <div class='ocr_carea' id='block_1_29' title="bbox 136 2895 1735 2969">
    <p class='ocr_par' dir='ltr' id='par_1_29' title="bbox 136 2895 1735 2969">
     <span class='ocr_line' id='line_1_29' title="bbox 136 2895 1735 2969; baseline -0.001 -20"><span class='ocrx_word' id='word_1_217' title='bbox 136 2898 421 2968; x_wconf 71' lang='grc' dir='ltr'>μακαρίαν</span> <span class='ocrx_word' id='word_1_218' title='bbox 459 2896 763 2967; x_wconf 76' lang='grc' dir='ltr'>Παρθένον.</span> <span class='ocrx_word' id='word_1_219' title='bbox 808 2895 1023 2969; x_wconf 73' lang='grc' dir='ltr'>Ἀλώσῃ</span> <span class='ocrx_word' id='word_1_220' title='bbox 1049 2898 1106 2949; x_wconf 84' lang='grc' dir='ltr'>δὲ</span> <span class='ocrx_word' id='word_1_221' title='bbox 1129 2898 1224 2951; x_wconf 72' lang='grc' dir='ltr'><strong>καί</strong></span> <span class='ocrx_word' id='word_1_222' title='bbox 1252 2897 1354 2949; x_wconf 74' lang='grc' dir='ltr'>οὐκ</span> <span class='ocrx_word' id='word_1_223' title='bbox 1381 2898 1459 2959; x_wconf 86' lang='grc' dir='ltr'><strong>εἰς</strong></span> <span class='ocrx_word' id='word_1_224' title='bbox 1496 2898 1735 2967; x_wconf 83' lang='grc' dir='ltr'>μακρὰν,</span> 
     </span>
    </p>
   </div>
   <div class='ocr_carea' id='block_1_30' title="bbox 133 2988 1738 3061">
    <p class='ocr_par' dir='ltr' id='par_1_30' title="bbox 133 2988 1738 3061">
     <span class='ocr_line' id='line_1_30' title="bbox 133 2988 1738 3061; baseline -0.003 -16"><span class='ocrx_word' id='word_1_225' title='bbox 133 2992 426 3061; x_wconf 72' lang='grc' dir='ltr'>ἄνθρωπον</span> <span class='ocrx_word' id='word_1_226' title='bbox 459 2991 594 3060; x_wconf 74' lang='grc' dir='ltr'>ἡμῖν</span> <span class='ocrx_word' id='word_1_227' title='bbox 628 2990 901 3061; x_wconf 81' lang='grc' dir='ltr'>Θεοφόρον</span> <span class='ocrx_word' id='word_1_228' title='bbox 935 2989 1254 3058; x_wconf 82' lang='grc' dir='ltr'>ἀποφαίνων</span> <span class='ocrx_word' id='word_1_229' title='bbox 1294 2988 1456 3050; x_wconf 73' lang='grc' dir='ltr'>αὐτὸς</span> <span class='ocrx_word' id='word_1_230' title='bbox 1479 2988 1569 3040; x_wconf 86' lang='grc' dir='ltr'>τὸν</span> <span class='ocrx_word' id='word_1_231' title='bbox 1607 2988 1738 3058; x_wconf 85' lang='grc' dir='ltr'><strong>Ἑμ-</strong></span> 
     </span>
    </p>
   </div>
   <div class='ocr_carea' id='block_1_31' title="bbox 136 3078 1739 3151">
    <p class='ocr_par' dir='ltr' id='par_1_31' title="bbox 136 3078 1739 3151">
     <span class='ocr_line' id='line_1_31' title="bbox 136 3078 1739 3151; baseline -0.002 -18"><span class='ocrx_word' id='word_1_232' title='bbox 136 3083 411 3151; x_wconf 76' lang='grc' dir='ltr'>μανουὴλ,</span> <span class='ocrx_word' id='word_1_233' title='bbox 445 3081 545 3133; x_wconf 70' lang='grc' dir='ltr'>καὶ</span> <span class='ocrx_word' id='word_1_234' title='bbox 572 3080 681 3132; x_wconf 84' lang='grc' dir='ltr'>τῶν</span> <span class='ocrx_word' id='word_1_235' title='bbox 717 3079 827 3133; x_wconf 81' lang='grc' dir='ltr'><strong>σῶν</strong></span> <span class='ocrx_word' id='word_1_236' title='bbox 850 3079 1300 3150; x_wconf 77' lang='grc' dir='ltr'>ἐπιχειρημάτων</span> <span class='ocrx_word' id='word_1_237' title='bbox 1328 3078 1428 3149; x_wconf 79' lang='grc' dir='ltr'>τὴν</span> <span class='ocrx_word' id='word_1_238' title='bbox 1466 3079 1739 3149; x_wconf 71' lang='grc' dir='ltr'>κατάρρη-</span> 
     </span>
    </p>
   </div>
   <div class='ocr_carea' id='block_1_32' title="bbox 136 3171 757 3241">
    <p class='ocr_par' dir='ltr' id='par_1_32' title="bbox 136 3171 757 3241">
     <span class='ocr_line' id='line_1_32' title="bbox 136 3171 757 3241; baseline -0.005 -15"><span class='ocrx_word' id='word_1_239' title='bbox 136 3192 214 3226; x_wconf 81' lang='grc' dir='ltr'><strong>σιν</strong></span> <span class='ocrx_word' id='word_1_240' title='bbox 242 3172 525 3235; x_wconf 67' lang='grc' dir='ltr'>ἐπιτιθεὶς</span> <span class='ocrx_word' id='word_1_241' title='bbox 557 3171 757 3241; x_wconf 73' lang='grc' dir='ltr'>ἑτέρῳ.</span> 
     </span>
    </p>
   </div>
   <div class='ocr_carea' id='block_1_33' title="bbox 395 3396 1471 3488">
    <p class='ocr_par' dir='ltr' id='par_1_33' title="bbox 395 3396 1471 3488">
     <span class='ocr_line' id='line_1_33' title="bbox 395 3396 1471 3488; baseline -0.01 0"><span class='ocrx_word' id='word_1_242' title='bbox 395 3398 793 3488; x_wconf 89' lang='grc' dir='ltr'><strong>ΤΟΜΟΣ</strong></span> <span class='ocrx_word' id='word_1_243' title='bbox 876 3396 1471 3485; x_wconf 89' lang='grc' dir='ltr'><strong>ΔΕΥΤΕΡΟΣ.</strong></span> 
     </span>
    </p>
   </div>
   <div class='ocr_carea' id='block_1_34' title="bbox 212 3561 1741 3639">
    <p class='ocr_par' dir='ltr' id='par_1_34' title="bbox 212 3561 1741 3639">
     <span class='ocr_line' id='line_1_34' title="bbox 212 3561 1741 3639; baseline -0.007 -16"><span class='ocrx_word' id='word_1_244' title='bbox 212 3569 283 3624; x_wconf 83' lang='grc' dir='ltr'><strong>Ἦ</strong></span> <span class='ocrx_word' id='word_1_245' title='bbox 317 3567 559 3639; x_wconf 82' lang='grc' dir='ltr'>γλῶσσα</span> <span class='ocrx_word' id='word_1_246' title='bbox 598 3566 697 3637; x_wconf 78' lang='grc' dir='ltr'>μὲν</span> <span class='ocrx_word' id='word_1_247' title='bbox 723 3562 858 3635; x_wconf 77' lang='grc' dir='ltr'>πῦρ,</span> <span class='ocrx_word' id='word_1_248' title='bbox 878 3565 973 3617; x_wconf 76' lang='grc' dir='ltr'>καὶ</span> <span class='ocrx_word' id='word_1_249' title='bbox 998 3561 1376 3631; x_wconf 84' lang='grc' dir='ltr'>ἀκατάσχετόν</span> <span class='ocrx_word' id='word_1_250' title='bbox 1404 3562 1520 3613; x_wconf 79' lang='grc' dir='ltr'>ἐστι</span> <span class='ocrx_word' id='word_1_251' title='bbox 1550 3561 1741 3627; x_wconf 82' lang='grc' dir='ltr'>κακὸν,</span> 
     </span>
    </p>
   </div>
   <div class='ocr_carea' id='block_1_35' title="bbox 139 3653 1743 3730">
    <p class='ocr_par' dir='ltr' id='par_1_35' title="bbox 139 3653 1743 3730">
     <span class='ocr_line' id='line_1_35' title="bbox 139 3653 1743 3730; baseline -0.004 -17"><span class='ocrx_word' id='word_1_252' title='bbox 139 3662 280 3716; x_wconf 73' lang='grc' dir='ltr'><strong>καθά</strong></span> <span class='ocrx_word' id='word_1_253' title='bbox 332 3660 666 3730; x_wconf 85' lang='grc' dir='ltr'>γέγραπται</span> <span class='ocrx_word' id='word_1_254' title='bbox 687 3674 700 3689; x_wconf 76' lang='grc' dir='ltr'><strong>ο</strong></span> <span class='ocrx_word' id='word_1_255' title='bbox 732 3657 861 3710; x_wconf 86' lang='grc' dir='ltr'>τάδε</span> <span class='ocrx_word' id='word_1_256' title='bbox 894 3654 1146 3708; x_wconf 76' lang='grc' dir='ltr'>ἐντεῦθεν</span> <span class='ocrx_word' id='word_1_257' title='bbox 1173 3653 1345 3724; x_wconf 87' lang='grc' dir='ltr'>βλάϐη</span> <span class='ocrx_word' id='word_1_258' title='bbox 1384 3654 1743 3724; x_wconf 82' lang='grc' dir='ltr'>διωθούμενος</span> 
     </span>
    </p>
   </div>
   <div class='ocr_carea' id='block_1_36' title="bbox 140 3742 1743 3818">
    <p class='ocr_par' dir='ltr' id='par_1_36' title="bbox 140 3742 1743 3818">
     <span class='ocr_line' id='line_1_36' title="bbox 140 3742 1743 3818; baseline -0.005 -12"><span class='ocrx_word' id='word_1_259' title='bbox 140 3755 165 3806; x_wconf 83' lang='grc' dir='ltr'><strong>ό</strong></span> <span class='ocrx_word' id='word_1_260' title='bbox 191 3750 494 3813; x_wconf 75' lang='grc' dir='ltr'>Θεσπέσιος</span> <span class='ocrx_word' id='word_1_261' title='bbox 518 3748 717 3818; x_wconf 75' lang='grc' dir='ltr'>ψάλλει</span> <span class='ocrx_word' id='word_1_262' title='bbox 746 3746 912 3801; x_wconf 88' lang='grc' dir='ltr'>Δαϐίδ</span> <span class='ocrx_word' id='word_1_263' title='bbox 932 3763 945 3776; x_wconf 84' lang='lat'><strong><em>°</em></strong></span> <span class='ocrx_word' id='word_1_264' title='bbox 972 3766 990 3799; x_wconf 85' lang='lat' dir='ltr'><strong>t</strong></span> <span class='ocrx_word' id='word_1_265' title='bbox 1015 3745 1146 3813; x_wconf 81' lang='grc' dir='ltr'>Θοῦ,</span> <span class='ocrx_word' id='word_1_266' title='bbox 1166 3743 1362 3816; x_wconf 78' lang='grc' dir='ltr'>Κύριε,</span> <span class='ocrx_word' id='word_1_267' title='bbox 1392 3743 1638 3816; x_wconf 82' lang='grc' dir='ltr'>φυλακὴν</span> <span class='ocrx_word' id='word_1_268' title='bbox 1665 3742 1743 3814; x_wconf 86' lang='grc' dir='ltr'>τῷ</span> 
     </span>
    </p>
   </div>
   <div class='ocr_carea' id='block_1_37' title="bbox 144 3836 1742 3914">
    <p class='ocr_par' dir='ltr' id='par_1_37' title="bbox 144 3836 1742 3914">
     <span class='ocr_line' id='line_1_37' title="bbox 144 3836 1742 3914; baseline -0.006 -17"><span class='ocrx_word' id='word_1_269' title='bbox 144 3842 375 3914; x_wconf 83' lang='grc' dir='ltr'>στόματί</span> <span class='ocrx_word' id='word_1_270' title='bbox 407 3857 544 3910; x_wconf 85' lang='grc' dir='ltr'>μου,</span> <span class='ocrx_word' id='word_1_271' title='bbox 566 3840 663 3894; x_wconf 70' lang='grc' dir='ltr'>καὶ</span> <span class='ocrx_word' id='word_1_272' title='bbox 695 3839 866 3911; x_wconf 85' lang='grc' dir='ltr'>θύραν</span> <span class='ocrx_word' id='word_1_273' title='bbox 892 3839 1155 3910; x_wconf 85' lang='grc' dir='ltr'>περιοχῆς</span> <span class='ocrx_word' id='word_1_274' title='bbox 1177 3839 1306 3907; x_wconf 74' lang='grc' dir='ltr'>περὶ</span> <span class='ocrx_word' id='word_1_275' title='bbox 1328 3836 1397 3889; x_wconf 77' lang='grc' dir='ltr'><strong>τὰ</strong></span> <span class='ocrx_word' id='word_1_276' title='bbox 1422 3836 1573 3908; x_wconf 87' lang='grc' dir='ltr'>χείλη</span> <span class='ocrx_word' id='word_1_277' title='bbox 1607 3852 1711 3906; x_wconf 91' lang='grc' dir='ltr'><strong>μου</strong></span> <span class='ocrx_word' id='word_1_278' title='bbox 1728 3851 1742 3866; x_wconf 80' lang='grc'><em>’</em></span> 
     </span>
    </p>
   </div>
   <div class='ocr_carea' id='block_1_38' title="bbox 145 3925 1743 4006">
    <p class='ocr_par' dir='ltr' id='par_1_38' title="bbox 145 3925 1743 4006">
     <span class='ocr_line' id='line_1_38' title="bbox 145 3925 1743 4006; baseline -0.006 -19"><span class='ocrx_word' id='word_1_279' title='bbox 145 3936 214 4006; x_wconf 71' lang='grc' dir='ltr'>μὴ</span> <span class='ocrx_word' id='word_1_280' title='bbox 244 3932 519 4001; x_wconf 71' lang='grc' dir='ltr'>εκκλίνῃς</span> <span class='ocrx_word' id='word_1_281' title='bbox 556 3931 658 3999; x_wconf 84' lang='grc' dir='ltr'>τὴν</span> <span class='ocrx_word' id='word_1_282' title='bbox 690 3928 924 4000; x_wconf 85' lang='grc' dir='ltr'>καρδίαν</span> <span class='ocrx_word' id='word_1_283' title='bbox 956 3944 1057 3998; x_wconf 84' lang='grc' dir='ltr'><strong>μου</strong></span> <span class='ocrx_word' id='word_1_284' title='bbox 1095 3928 1176 3991; x_wconf 85' lang='grc' dir='ltr'><strong>είς</strong></span> <span class='ocrx_word' id='word_1_285' title='bbox 1216 3926 1410 3995; x_wconf 85' lang='grc' dir='ltr'>λόγους</span> <span class='ocrx_word' id='word_1_286' title='bbox 1455 3925 1743 3995; x_wconf 76' lang='grc' dir='ltr'>πονηρίας,</span> 
     </span>
    </p>
   </div>
   <div class='ocr_carea' id='block_1_39' title="bbox 142 4014 1747 4093">
    <p class='ocr_par' dir='ltr' id='par_1_39' title="bbox 142 4014 1747 4093">
     <span class='ocr_line' id='line_1_39' title="bbox 142 4014 1747 4093; baseline -0.005 -16"><span class='ocrx_word' id='word_1_287' title='bbox 142 4024 227 4078; x_wconf 76' lang='grc' dir='ltr'>τοῦ</span> <span class='ocrx_word' id='word_1_288' title='bbox 256 4020 715 4093; x_wconf 71' lang='grc' dir='ltr'>προφασίζεσθαι</span> <span class='ocrx_word' id='word_1_289' title='bbox 741 4018 1049 4089; x_wconf 83' lang='grc' dir='ltr'>προφάσεις</span> <span class='ocrx_word' id='word_1_290' title='bbox 1072 4019 1132 4070; x_wconf 81' lang='grc' dir='ltr'>ὲν</span> <span class='ocrx_word' id='word_1_291' title='bbox 1161 4018 1480 4088; x_wconf 84' lang='grc' dir='ltr'>ἁμαρτίαις.</span> <span class='ocrx_word' id='word_1_292' title='bbox 1500 4034 1519 4067; x_wconf 84' lang='grc'><strong>›</strong></span> <span class='ocrx_word' id='word_1_293' title='bbox 1544 4014 1617 4068; x_wconf 78' lang='grc' dir='ltr'><strong>Τὸ</strong></span> <span class='ocrx_word' id='word_1_294' title='bbox 1648 4015 1747 4085; x_wconf 81' lang='grc' dir='ltr'>μὲν</span> 
     </span>
    </p>
   </div>
   <div class='ocr_carea' id='block_1_40' title="bbox 141 4106 1746 4186">
    <p class='ocr_par' dir='ltr' id='par_1_40' title="bbox 141 4106 1746 4186">
     <span class='ocr_line' id='line_1_40' title="bbox 141 4106 1746 4186; baseline -0.006 -18"><span class='ocrx_word' id='word_1_295' title='bbox 141 4118 244 4186; x_wconf 75' lang='grc' dir='ltr'>γὰρ</span> <span class='ocrx_word' id='word_1_296' title='bbox 269 4114 581 4183; x_wconf 78' lang='grc' dir='ltr'>εὐστομεῖν</span> <span class='ocrx_word' id='word_1_297' title='bbox 610 4108 893 4173; x_wconf 86' lang='grc' dir='ltr'>δύνασθαι,</span> <span class='ocrx_word' id='word_1_298' title='bbox 928 4107 1022 4161; x_wconf 78' lang='grc' dir='ltr'>καὶ</span> <span class='ocrx_word' id='word_1_299' title='bbox 1050 4107 1254 4179; x_wconf 87' lang='grc' dir='ltr'>ἀκριϐῆ</span> <span class='ocrx_word' id='word_1_300' title='bbox 1289 4106 1387 4177; x_wconf 85' lang='grc' dir='ltr'>τὴν</span> <span class='ocrx_word' id='word_1_301' title='bbox 1422 4106 1746 4177; x_wconf 83' lang='grc' dir='ltr'>ὲπιτήρησιν</span> 
     </span>
    </p>
   </div>
   <div class='ocr_carea' id='block_1_41' title="bbox 144 4194 1745 4275">
    <p class='ocr_par' dir='ltr' id='par_1_41' title="bbox 144 4194 1745 4275">
     <span class='ocr_line' id='line_1_41' title="bbox 144 4194 1745 4275; baseline -0.007 -14"><span class='ocrx_word' id='word_1_302' title='bbox 144 4211 226 4261; x_wconf 70' lang='grc' dir='ltr'><strong>ἐπὶ</strong></span> <span class='ocrx_word' id='word_1_303' title='bbox 259 4206 527 4275; x_wconf 83' lang='grc' dir='ltr'>γλώττης</span> <span class='ocrx_word' id='word_1_304' title='bbox 560 4204 727 4273; x_wconf 75' lang='grc' dir='ltr'>ἔχειν,</span> <span class='ocrx_word' id='word_1_305' title='bbox 766 4194 841 4252; x_wconf 79' lang='grc' dir='ltr'><strong>ὧν</strong></span> <span class='ocrx_word' id='word_1_306' title='bbox 890 4199 958 4253; x_wconf 77' lang='grc' dir='ltr'>ἂν</span> <span class='ocrx_word' id='word_1_307' title='bbox 992 4198 1162 4270; x_wconf 75' lang='grc' dir='ltr'>δεήσῃ</span> <span class='ocrx_word' id='word_1_308' title='bbox 1192 4197 1393 4267; x_wconf 87' lang='grc' dir='ltr'>λέγειν,</span> <span class='ocrx_word' id='word_1_309' title='bbox 1427 4198 1459 4269; x_wconf 78' lang='grc' dir='ltr'><strong>ἥ</strong></span> <span class='ocrx_word' id='word_1_310' title='bbox 1494 4197 1590 4267; x_wconf 84' lang='grc' dir='ltr'>μὴ,</span> <span class='ocrx_word' id='word_1_311' title='bbox 1624 4196 1745 4249; x_wconf 83' lang='grc' dir='ltr'>θεό-</span> 
     </span>
    </p>
   </div>
   <div class='ocr_carea' id='block_1_42' title="bbox 142 4287 1747 4365">
    <p class='ocr_par' dir='ltr' id='par_1_42' title="bbox 142 4287 1747 4365">
     <span class='ocr_line' id='line_1_42' title="bbox 142 4287 1747 4365; baseline -0.007 -16"><span class='ocrx_word' id='word_1_312' title='bbox 142 4298 286 4349; x_wconf 80' lang='grc' dir='ltr'>δοτον</span> <span class='ocrx_word' id='word_1_313' title='bbox 315 4292 552 4365; x_wconf 83' lang='grc' dir='ltr'>ἀληθῶς</span> <span class='ocrx_word' id='word_1_314' title='bbox 574 4293 659 4361; x_wconf 84' lang='grc' dir='ltr'>εῐη</span> <span class='ocrx_word' id='word_1_315' title='bbox 691 4290 786 4344; x_wconf 78' lang='grc' dir='ltr'>ἀν’</span> <span class='ocrx_word' id='word_1_316' title='bbox 824 4289 919 4342; x_wconf 80' lang='grc' dir='ltr'>καὶ</span> <span class='ocrx_word' id='word_1_317' title='bbox 945 4288 1005 4340; x_wconf 83' lang='grc' dir='ltr'>τὸ</span> <span class='ocrx_word' id='word_1_318' title='bbox 1028 4287 1221 4357; x_wconf 80' lang='grc' dir='ltr'>χρῆμά</span> <span class='ocrx_word' id='word_1_319' title='bbox 1249 4288 1396 4339; x_wconf 71' lang='grc' dir='ltr'>ἐστιν</span> <span class='ocrx_word' id='word_1_320' title='bbox 1429 4287 1530 4339; x_wconf 84' lang='grc' dir='ltr'>οὐκ</span> <span class='ocrx_word' id='word_1_321' title='bbox 1560 4287 1619 4339; x_wconf 73' lang='grc' dir='ltr'>ἐν</span> <span class='ocrx_word' id='word_1_322' title='bbox 1656 4301 1747 4355; x_wconf 86' lang='grc' dir='ltr'>μι-</span> 
     </span>
    </p>
   </div>
   <div class='ocr_carea' id='block_1_43' title="bbox 144 4376 1745 4459">
    <p class='ocr_par' dir='ltr' id='par_1_43' title="bbox 144 4376 1745 4459">
     <span class='ocr_line' id='line_1_43' title="bbox 144 4376 1745 4459; baseline -0.009 -17"><span class='ocrx_word' id='word_1_323' title='bbox 144 4387 254 4459; x_wconf 74' lang='grc' dir='ltr'>κρῷ</span> <span class='ocrx_word' id='word_1_324' title='bbox 289 4388 470 4459; x_wconf 84' lang='grc' dir='ltr'>λόγῳ,</span> <span class='ocrx_word' id='word_1_325' title='bbox 525 4383 682 4454; x_wconf 88' lang='grc' dir='ltr'>παρά</span> <span class='ocrx_word' id='word_1_326' title='bbox 713 4398 779 4451; x_wconf 86' lang='grc' dir='ltr'><strong>γε</strong></span> <span class='ocrx_word' id='word_1_327' title='bbox 832 4383 949 4443; x_wconf 86' lang='grc' dir='ltr'>τοῖς</span> <span class='ocrx_word' id='word_1_328' title='bbox 1002 4379 1103 4432; x_wconf 76' lang='grc' dir='ltr'>οὐκ</span> <span class='ocrx_word' id='word_1_329' title='bbox 1146 4376 1504 4446; x_wconf 84' lang='grc' dir='ltr'>ἀθαύμαστον</span> <span class='ocrx_word' id='word_1_330' title='bbox 1552 4376 1745 4447; x_wconf 74' lang='grc' dir='ltr'>ἐπιτη-</span> 
     </span>
    </p>
   </div>
   <div class='ocr_carea' id='block_1_44' title="bbox 1828 566 3418 638">
    <p class='ocr_par' dir='ltr' id='par_1_44' title="bbox 1828 566 3418 638">
     <span class='ocr_line' id='line_1_44' title="bbox 1828 566 3418 638; baseline -0.008 -15"><span class='ocrx_word' id='word_1_331' title='bbox 1828 569 2045 630; x_wconf 87' lang='lat' dir='ltr'><strong>sterior.</strong></span> <span class='ocrx_word' id='word_1_332' title='bbox 2077 569 2169 638; x_wconf 88' lang='lat' dir='ltr'><strong>qui</strong></span> <span class='ocrx_word' id='word_1_333' title='bbox 2207 578 2333 622; x_wconf 92' lang='lat' dir='ltr'><strong>ante</strong></span> <span class='ocrx_word' id='word_1_334' title='bbox 2361 567 2543 623; x_wconf 81' lang='lat' dir='ltr'><strong>omnia</strong></span> <span class='ocrx_word' id='word_1_335' title='bbox 2579 566 2776 621; x_wconf 62' lang='lat' dir='ltr'><strong>secula</strong></span> <span class='ocrx_word' id='word_1_336' title='bbox 2823 574 2878 617; x_wconf 91' lang='lat' dir='ltr'><strong>et</strong></span> <span class='ocrx_word' id='word_1_337' title='bbox 2912 572 3155 630; x_wconf 89' lang='lat' dir='ltr'><strong>tempora</strong></span> <span class='ocrx_word' id='word_1_338' title='bbox 3189 571 3418 627; x_wconf 71' lang='lat' dir='ltr'><strong>praeces-</strong></span> 
     </span>
    </p>
   </div>
   <div class='ocr_carea' id='block_1_45' title="bbox 1829 650 3414 729">
    <p class='ocr_par' dir='ltr' id='par_1_45' title="bbox 1829 650 3414 729">
     <span class='ocr_line' id='line_1_45' title="bbox 1829 650 3414 729; baseline -0.009 -16"><span class='ocrx_word' id='word_1_339' title='bbox 1829 659 1934 713; x_wconf 80' lang='lat' dir='ltr'><strong>sit?</strong></span> <span class='ocrx_word' id='word_1_340' title='bbox 1962 658 2100 725; x_wconf 87' lang='lat' dir='ltr'><strong>Quid</strong></span> <span class='ocrx_word' id='word_1_341' title='bbox 2129 660 2296 729; x_wconf 93' lang='lat' dir='ltr'><strong>igitur</strong></span> <span class='ocrx_word' id='word_1_342' title='bbox 2316 658 2458 728; x_wconf 85' lang='lat' dir='ltr'><strong>quod</strong></span> <span class='ocrx_word' id='word_1_343' title='bbox 2488 658 2557 711; x_wconf 91' lang='lat' dir='ltr'><strong>ab</strong></span> <span class='ocrx_word' id='word_1_344' title='bbox 2578 656 2831 710; x_wconf 89' lang='lat' dir='ltr'><strong>omnibus</strong></span> <span class='ocrx_word' id='word_1_345' title='bbox 2851 650 3122 719; x_wconf 73' lang='lat' dir='ltr'><strong>relieitur,</strong></span> <span class='ocrx_word' id='word_1_346' title='bbox 3157 659 3414 714; x_wconf 86' lang='lat' dir='ltr'><strong>tanquam</strong></span> 
     </span>
    </p>
   </div>
   <div class='ocr_carea' id='block_1_46' title="bbox 1828 735 3416 807">
    <p class='ocr_par' dir='ltr' id='par_1_46' title="bbox 1828 735 3416 807">
     <span class='ocr_line' id='line_1_46' title="bbox 1828 735 3416 807; baseline -0.009 -5"><span class='ocrx_word' id='word_1_347' title='bbox 1828 750 1898 802; x_wconf 84' lang='lat' dir='ltr'><strong>sit</strong></span> <span class='ocrx_word' id='word_1_348' title='bbox 1930 751 2130 804; x_wconf 86' lang='lat' dir='ltr'><strong>dictum</strong></span> <span class='ocrx_word' id='word_1_349' title='bbox 2163 750 2387 806; x_wconf 82' lang='lat' dir='ltr'><strong>defers?</strong></span> <span class='ocrx_word' id='word_1_350' title='bbox 2422 748 2618 803; x_wconf 82' lang='lat' dir='ltr'><strong>Desine</strong></span> <span class='ocrx_word' id='word_1_351' title='bbox 2668 760 2764 799; x_wconf 88' lang='lat' dir='ltr'><strong>eos</strong></span> <span class='ocrx_word' id='word_1_352' title='bbox 2794 740 3116 797; x_wconf 84' lang='lat' dir='ltr'><strong>calumniari</strong></span> <span class='ocrx_word' id='word_1_353' title='bbox 3162 737 3253 807; x_wconf 92' lang='lat' dir='ltr'><strong>qui</strong></span> <span class='ocrx_word' id='word_1_354' title='bbox 3292 735 3416 806; x_wconf 86' lang='lat' dir='ltr'><strong>jure</strong></span> 
     </span>
    </p>
   </div>
   <div class='ocr_carea' id='block_1_47' title="bbox 1831 828 3405 907">
    <p class='ocr_par' dir='ltr' id='par_1_47' title="bbox 1831 828 3405 907">
     <span class='ocr_line' id='line_1_47' title="bbox 1831 828 3405 907; baseline -0.007 -16"><span class='ocrx_word' id='word_1_355' title='bbox 1831 847 1918 891; x_wconf 89' lang='lat' dir='ltr'><strong>tua</strong></span> <span class='ocrx_word' id='word_1_356' title='bbox 1943 848 2219 904; x_wconf 85' lang='lat' dir='ltr'><strong>accusant,</strong></span> <span class='ocrx_word' id='word_1_357' title='bbox 2244 850 2299 894; x_wconf 91' lang='lat' dir='ltr'><strong>et</strong></span> <span class='ocrx_word' id='word_1_358' title='bbox 2327 853 2577 907; x_wconf 84' lang='lat' dir='ltr'><strong>magnam</strong></span> <span class='ocrx_word' id='word_1_359' title='bbox 2611 837 2663 889; x_wconf 92' lang='lat' dir='ltr'><strong>in</strong></span> <span class='ocrx_word' id='word_1_360' title='bbox 2703 834 2808 889; x_wconf 83' lang='lat' dir='ltr'><strong>illis</strong></span> <span class='ocrx_word' id='word_1_361' title='bbox 2837 832 3124 886; x_wconf 70' lang='lat' dir='ltr'><strong>stultitiam</strong></span> <span class='ocrx_word' id='word_1_362' title='bbox 3158 828 3405 881; x_wconf 83' lang='lat' dir='ltr'><strong>irrident.</strong></span> 
     </span>
    </p>
   </div>
   <div class='ocr_carea' id='block_1_48' title="bbox 1829 918 3407 1001">
    <p class='ocr_par' dir='ltr' id='par_1_48' title="bbox 1829 918 3407 1001">
     <span class='ocr_line' id='line_1_48' title="bbox 1829 918 3407 1001; baseline -0.009 -15"><span class='ocrx_word' id='word_1_363' title='bbox 1829 931 1962 986; x_wconf 88' lang='lat' dir='ltr'><strong>Cum</strong></span> <span class='ocrx_word' id='word_1_364' title='bbox 2010 933 2189 1001; x_wconf 83' lang='lat' dir='ltr'><strong>itaque</strong></span> <span class='ocrx_word' id='word_1_365' title='bbox 2233 946 2394 986; x_wconf 88' lang='lat' dir='ltr'><strong>nemo</strong></span> <span class='ocrx_word' id='word_1_366' title='bbox 2428 933 2498 986; x_wconf 86' lang='lat' dir='ltr'><strong>sit</strong></span> <span class='ocrx_word' id='word_1_367' title='bbox 2536 930 2626 997; x_wconf 84' lang='lat' dir='ltr'><strong>qui</strong></span> <span class='ocrx_word' id='word_1_368' title='bbox 2661 928 2827 990; x_wconf 82' lang='lat' dir='ltr'><strong>dicat,</strong></span> <span class='ocrx_word' id='word_1_369' title='bbox 2871 926 3082 979; x_wconf 85' lang='lat' dir='ltr'><strong>beatam</strong></span> <span class='ocrx_word' id='word_1_370' title='bbox 3131 918 3407 987; x_wconf 79' lang='lat' dir='ltr'><strong>Virginem</strong></span> 
     </span>
    </p>
   </div>
   <div class='ocr_carea' id='block_1_49' title="bbox 1830 1007 3416 1083">
    <p class='ocr_par' dir='ltr' id='par_1_49' title="bbox 1830 1007 3416 1083">
     <span class='ocr_line' id='line_1_49' title="bbox 1830 1007 3416 1083; baseline -0.009 -7"><span class='ocrx_word' id='word_1_371' title='bbox 1830 1037 1894 1076; x_wconf 77' lang='lat' dir='ltr'><strong>es</strong></span> <span class='ocrx_word' id='word_1_372' title='bbox 1947 1038 2043 1078; x_wconf 88' lang='lat' dir='ltr'><strong>sua</strong></span> <span class='ocrx_word' id='word_1_373' title='bbox 2091 1038 2255 1078; x_wconf 88' lang='lat' dir='ltr'><strong>carne</strong></span> <span class='ocrx_word' id='word_1_374' title='bbox 2302 1022 2601 1078; x_wconf 80' lang='lat' dir='ltr'><strong>divinitatis</strong></span> <span class='ocrx_word' id='word_1_375' title='bbox 2647 1028 2895 1072; x_wconf 86' lang='lat' dir='ltr'><strong>naturam</strong></span> <span class='ocrx_word' id='word_1_376' title='bbox 2948 1012 3260 1083; x_wconf 79' lang='lat' dir='ltr'><strong>peperisse,</strong></span> <span class='ocrx_word' id='word_1_377' title='bbox 3308 1007 3416 1063; x_wconf 90' lang='lat' dir='ltr'><strong>noli</strong></span> 
     </span>
    </p>
   </div>
   <div class='ocr_carea' id='block_1_50' title="bbox 1832 1105 3418 1171">
    <p class='ocr_par' dir='ltr' id='par_1_50' title="bbox 1832 1105 3418 1171">
     <span class='ocr_line' id='line_1_50' title="bbox 1832 1105 3418 1171; baseline -0.009 -4"><span class='ocrx_word' id='word_1_378' title='bbox 1832 1113 2031 1171; x_wconf 89' lang='lat' dir='ltr'><strong>frustra</strong></span> <span class='ocrx_word' id='word_1_379' title='bbox 2067 1115 2315 1169; x_wconf 85' lang='lat' dir='ltr'><strong>laborare</strong></span> <span class='ocrx_word' id='word_1_380' title='bbox 2343 1123 2401 1167; x_wconf 90' lang='lat' dir='ltr'><strong>ut</strong></span> <span class='ocrx_word' id='word_1_381' title='bbox 2433 1111 2881 1167; x_wconf 83' lang='lat' dir='ltr'><strong>ratiocinationes</strong></span> <span class='ocrx_word' id='word_1_382' title='bbox 2920 1106 3077 1161; x_wconf 82' lang='lat' dir='ltr'><strong>nobis</strong></span> <span class='ocrx_word' id='word_1_383' title='bbox 3109 1105 3323 1157; x_wconf 78' lang='lat' dir='ltr'><strong>intexas</strong></span> <span class='ocrx_word' id='word_1_384' title='bbox 3352 1115 3418 1154; x_wconf 75' lang='lat' dir='ltr'><strong>ex</strong></span> 
     </span>
    </p>
   </div>
   <div class='ocr_carea' id='block_1_51' title="bbox 1833 1193 3412 1276">
    <p class='ocr_par' dir='ltr' id='par_1_51' title="bbox 1833 1193 3412 1276">
     <span class='ocr_line' id='line_1_51' title="bbox 1833 1193 3412 1276; baseline -0.01 -14"><span class='ocrx_word' id='word_1_385' title='bbox 1833 1207 2292 1276; x_wconf 87' lang='lat' dir='ltr'><strong>suppositionibns</strong></span> <span class='ocrx_word' id='word_1_386' title='bbox 2308 1221 2479 1275; x_wconf 92' lang='lat' dir='ltr'><strong>neque</strong></span> <span class='ocrx_word' id='word_1_387' title='bbox 2502 1204 2845 1271; x_wconf 90' lang='lat' dir='ltr'><strong>veris,neqne</strong></span> <span class='ocrx_word' id='word_1_388' title='bbox 2866 1198 3006 1267; x_wconf 86' lang='lat' dir='ltr'><strong>apud</strong></span> <span class='ocrx_word' id='word_1_389' title='bbox 3021 1210 3211 1252; x_wconf 91' lang='lat' dir='ltr'><strong>omnes</strong></span> <span class='ocrx_word' id='word_1_390' title='bbox 3228 1193 3412 1248; x_wconf 86' lang='lat' dir='ltr'><strong>certis.</strong></span> 
     </span>
    </p>
   </div>
   <div class='ocr_carea' id='block_1_52' title="bbox 1834 1287 3412 1366">
    <p class='ocr_par' dir='ltr' id='par_1_52' title="bbox 1834 1287 3412 1366">
     <span class='ocr_line' id='line_1_52' title="bbox 1834 1287 3412 1366; baseline -0.008 -15"><span class='ocrx_word' id='word_1_391' title='bbox 1834 1301 1965 1366; x_wconf 83' lang='lat' dir='ltr'><strong>Quae</strong></span> <span class='ocrx_word' id='word_1_392' title='bbox 1996 1314 2125 1355; x_wconf 90' lang='lat' dir='ltr'><strong>vero</strong></span> <span class='ocrx_word' id='word_1_393' title='bbox 2154 1314 2316 1355; x_wconf 89' lang='lat' dir='ltr'><strong>causa</strong></span> <span class='ocrx_word' id='word_1_394' title='bbox 2347 1307 2400 1352; x_wconf 90' lang='lat' dir='ltr'><strong>te</strong></span> <span class='ocrx_word' id='word_1_395' title='bbox 2436 1296 2672 1365; x_wconf 91' lang='lat' dir='ltr'><strong>impulit,</strong></span> <span class='ocrx_word' id='word_1_396' title='bbox 2703 1303 2762 1348; x_wconf 92' lang='lat' dir='ltr'><strong>ut</strong></span> <span class='ocrx_word' id='word_1_397' title='bbox 2790 1293 3025 1361; x_wconf 91' lang='lat' dir='ltr'><strong>linguam</strong></span> <span class='ocrx_word' id='word_1_398' title='bbox 3064 1289 3198 1342; x_wconf 89' lang='lat' dir='ltr'><strong>adeo</strong></span> <span class='ocrx_word' id='word_1_399' title='bbox 3240 1287 3412 1354; x_wconf 73' lang='lat' dir='ltr'><strong>impo-</strong></span> 
     </span>
    </p>
   </div>
   <div class='ocr_carea' id='block_1_53' title="bbox 1834 1379 3411 1449">
    <p class='ocr_par' dir='ltr' id='par_1_53' title="bbox 1834 1379 3411 1449">
     <span class='ocr_line' id='line_1_53' title="bbox 1834 1379 3411 1449; baseline -0.011 -1"><span class='ocrx_word' id='word_1_400' title='bbox 1834 1401 2034 1448; x_wconf 90' lang='lat' dir='ltr'><strong>tentem</strong></span> <span class='ocrx_word' id='word_1_401' title='bbox 2060 1401 2114 1446; x_wconf 92' lang='lat' dir='ltr'><strong>et</strong></span> <span class='ocrx_word' id='word_1_402' title='bbox 2139 1391 2455 1445; x_wconf 84' lang='lat' dir='ltr'><strong>effrenatam</strong></span> <span class='ocrx_word' id='word_1_403' title='bbox 2488 1390 2705 1443; x_wconf 78' lang='lat' dir='ltr'><strong>laxares</strong></span> <span class='ocrx_word' id='word_1_404' title='bbox 2736 1385 2996 1441; x_wconf 87' lang='lat' dir='ltr'><strong>adversus</strong></span> <span class='ocrx_word' id='word_1_405' title='bbox 3022 1394 3113 1436; x_wconf 86' lang='lat' dir='ltr'><strong>eos</strong></span> <span class='ocrx_word' id='word_1_406' title='bbox 3141 1379 3230 1449; x_wconf 87' lang='lat' dir='ltr'><strong>qui</strong></span> <span class='ocrx_word' id='word_1_407' title='bbox 3265 1388 3411 1432; x_wconf 87' lang='lat' dir='ltr'><strong>recta</strong></span> 
     </span>
    </p>
   </div>
   <div class='ocr_carea' id='block_1_54' title="bbox 1834 1469 3417 1553">
    <p class='ocr_par' dir='ltr' id='par_1_54' title="bbox 1834 1469 3417 1553">
     <span class='ocr_line' id='line_1_54' title="bbox 1834 1469 3417 1553; baseline -0.011 -15"><span class='ocrx_word' id='word_1_408' title='bbox 1834 1498 2026 1553; x_wconf 85' lang='lat' dir='ltr'><strong>sapere</strong></span> <span class='ocrx_word' id='word_1_409' title='bbox 2073 1483 2430 1547; x_wconf 85' lang='lat' dir='ltr'><strong>studuissent,</strong></span> <span class='ocrx_word' id='word_1_410' title='bbox 2458 1491 2514 1537; x_wconf 90' lang='lat' dir='ltr'><strong>et</strong></span> <span class='ocrx_word' id='word_1_411' title='bbox 2543 1479 2800 1535; x_wconf 88' lang='lat' dir='ltr'><strong>omnibus</strong></span> <span class='ocrx_word' id='word_1_412' title='bbox 2837 1475 2931 1531; x_wconf 89' lang='lat' dir='ltr'><strong>Dei</strong></span> <span class='ocrx_word' id='word_1_413' title='bbox 2970 1472 3269 1529; x_wconf 83' lang='lat' dir='ltr'><strong>cultoribus</strong></span> <span class='ocrx_word' id='word_1_414' title='bbox 3306 1469 3417 1523; x_wconf 88' lang='lat' dir='ltr'><strong>cri-</strong></span> 
     </span>
    </p>
   </div>
   <div class='ocr_carea' id='block_1_55' title="bbox 1835 1560 3419 1645">
    <p class='ocr_par' dir='ltr' id='par_1_55' title="bbox 1835 1560 3419 1645">
     <span class='ocr_line' id='line_1_55' title="bbox 1835 1560 3419 1645; baseline -0.011 -15"><span class='ocrx_word' id='word_1_415' title='bbox 1835 1591 1957 1630; x_wconf 90' lang='lat' dir='ltr'><strong>men</strong></span> <span class='ocrx_word' id='word_1_416' title='bbox 1981 1574 2216 1629; x_wconf 79' lang='lat' dir='ltr'><strong>inferres</strong></span> <span class='ocrx_word' id='word_1_417' title='bbox 2235 1588 2425 1645; x_wconf 88' lang='lat' dir='ltr'><strong>grave,</strong></span> <span class='ocrx_word' id='word_1_418' title='bbox 2453 1582 2507 1627; x_wconf 92' lang='lat' dir='ltr'><strong>et</strong></span> <span class='ocrx_word' id='word_1_419' title='bbox 2535 1570 2777 1625; x_wconf 88' lang='lat' dir='ltr'><strong>omnium</strong></span> <span class='ocrx_word' id='word_1_420' title='bbox 2805 1562 3254 1622; x_wconf 78' lang='lat' dir='ltr'><strong>atrocissimum?</strong></span> <span class='ocrx_word' id='word_1_421' title='bbox 3284 1560 3419 1615; x_wconf 78' lang='lat' dir='ltr'><strong>Nam</strong></span> 
     </span>
    </p>
   </div>
   <div class='ocr_carea' id='block_1_56' title="bbox 1837 1663 2653 1723">
    <p class='ocr_par' dir='ltr' id='par_1_56' title="bbox 1837 1663 2653 1723">
     <span class='ocr_line' id='line_1_56' title="bbox 1837 1663 2653 1723; baseline -0.006 0"><span class='ocrx_word' id='word_1_422' title='bbox 1837 1683 2025 1723; x_wconf 87' lang='lat' dir='ltr'><strong>rursus</strong></span> <span class='ocrx_word' id='word_1_423' title='bbox 2057 1668 2110 1722; x_wconf 89' lang='lat' dir='ltr'><strong>in</strong></span> <span class='ocrx_word' id='word_1_424' title='bbox 2144 1663 2388 1722; x_wconf 86' lang='lat' dir='ltr'><strong>Ecclesia</strong></span> <span class='ocrx_word' id='word_1_425' title='bbox 2422 1664 2605 1721; x_wconf 79' lang='lat' dir='ltr'><strong>dixisti</strong></span> <span class='ocrx_word' id='word_1_426' title='bbox 2639 1681 2653 1718; x_wconf 89' lang='lat'><strong>:</strong></span> 
     </span>
    </p>
   </div>
   <div class='ocr_carea' id='block_1_57' title="bbox 1909 1744 3424 1832">
    <p class='ocr_par' dir='ltr' id='par_1_57' title="bbox 1909 1744 3424 1832">
     <span class='ocr_line' id='line_1_57' title="bbox 1909 1744 3424 1832; baseline -0.01 -19"><span class='ocrx_word' id='word_1_427' title='bbox 1909 1758 2186 1832; x_wconf 73' lang='grc' dir='ltr'>[Νεετοιι.</span> <span class='ocrx_word' id='word_1_428' title='bbox 2222 1758 2337 1813; x_wconf 80' lang='lat' dir='ltr'><strong>Dixi</strong></span> <span class='ocrx_word' id='word_1_429' title='bbox 2370 1757 2483 1825; x_wconf 77' lang='lat' dir='ltr'><strong>iam</strong></span> <span class='ocrx_word' id='word_1_430' title='bbox 2506 1755 2726 1823; x_wconf 70' lang='lat' dir='ltr'><strong>stt-pius,</strong></span> <span class='ocrx_word' id='word_1_431' title='bbox 2769 1753 2813 1809; x_wconf 84' lang='lat' dir='ltr'><strong>si</strong></span> <span class='ocrx_word' id='word_1_432' title='bbox 2848 1752 2971 1822; x_wconf 89' lang='lat' dir='ltr'><strong>quis</strong></span> <span class='ocrx_word' id='word_1_433' title='bbox 2996 1749 3140 1804; x_wconf 90' lang='lat' dir='ltr'><strong>inter</strong></span> <span class='ocrx_word' id='word_1_434' title='bbox 3165 1760 3261 1801; x_wconf 87' lang='lat' dir='ltr'><strong>vos</strong></span> <span class='ocrx_word' id='word_1_435' title='bbox 3292 1744 3424 1800; x_wconf 84' lang='lat' dir='ltr'><strong>sim-</strong></span> 
     </span>
    </p>
   </div>
   <div class='ocr_carea' id='block_1_58' title="bbox 1840 1836 3423 1917">
    <p class='ocr_par' dir='ltr' id='par_1_58' title="bbox 1840 1836 3423 1917">
     <span class='ocr_line' id='line_1_58' title="bbox 1840 1836 3423 1917; baseline -0.008 -16"><span class='ocrx_word' id='word_1_436' title='bbox 1840 1848 2057 1917; x_wconf 87' lang='lat' dir='ltr'><strong>plicior,</strong></span> <span class='ocrx_word' id='word_1_437' title='bbox 2125 1848 2243 1901; x_wconf 88' lang='lat' dir='ltr'><strong>sive</strong></span> <span class='ocrx_word' id='word_1_438' title='bbox 2302 1847 2448 1901; x_wconf 90' lang='lat' dir='ltr'><strong>inter</strong></span> <span class='ocrx_word' id='word_1_439' title='bbox 2485 1858 2840 1914; x_wconf 87' lang='lat' dir='ltr'><strong>quoscunque</strong></span> <span class='ocrx_word' id='word_1_440' title='bbox 2900 1842 3039 1897; x_wconf 90' lang='lat' dir='ltr'><strong>alios</strong></span> <span class='ocrx_word' id='word_1_441' title='bbox 3116 1853 3249 1893; x_wconf 86' lang='lat' dir='ltr'><strong>voce</strong></span> <span class='ocrx_word' id='word_1_442' title='bbox 3298 1836 3423 1899; x_wconf 86' lang='lat' dir='ltr'><strong>hac,</strong></span> 
     </span>
    </p>
   </div>
   <div class='ocr_carea' id='block_1_59' title="bbox 1840 1929 3427 2008">
    <p class='ocr_par' dir='ltr' id='par_1_59' title="bbox 1840 1929 3427 2008">
     <span class='ocr_line' id='line_1_59' title="bbox 1840 1929 3427 2008; baseline -0.009 -13"><span class='ocrx_word' id='word_1_443' title='bbox 1840 1939 1931 1995; x_wconf 90' lang='lat' dir='ltr'><strong>Dei</strong></span> <span class='ocrx_word' id='word_1_444' title='bbox 1965 1939 2222 2008; x_wconf 76' lang='lat' dir='ltr'><strong>genitrix,</strong></span> <span class='ocrx_word' id='word_1_445' title='bbox 2274 1937 2491 2006; x_wconf 84' lang='lat' dir='ltr'><strong>gaudet,</strong></span> <span class='ocrx_word' id='word_1_446' title='bbox 2549 1934 2691 2002; x_wconf 89' lang='lat' dir='ltr'><strong>apud</strong></span> <span class='ocrx_word' id='word_1_447' title='bbox 2740 1948 2829 1988; x_wconf 90' lang='lat' dir='ltr'><strong>me</strong></span> <span class='ocrx_word' id='word_1_448' title='bbox 2862 1931 3008 1985; x_wconf 86' lang='lat' dir='ltr'><strong>nulla</strong></span> <span class='ocrx_word' id='word_1_449' title='bbox 3056 1938 3139 1985; x_wconf 88' lang='lat' dir='ltr'><strong>est</strong></span> <span class='ocrx_word' id='word_1_450' title='bbox 3172 1929 3239 1983; x_wconf 88' lang='lat' dir='ltr'><strong>de</strong></span> <span class='ocrx_word' id='word_1_451' title='bbox 3294 1940 3427 1982; x_wconf 84' lang='lat' dir='ltr'><strong>voce</strong></span> 
     </span>
    </p>
   </div>
   <div class='ocr_carea' id='block_1_60' title="bbox 1838 2015 3284 2095">
    <p class='ocr_par' dir='ltr' id='par_1_60' title="bbox 1838 2015 3284 2095">
     <span class='ocr_line' id='line_1_60' title="bbox 1838 2015 3284 2095; baseline -0.008 -9"><span class='ocrx_word' id='word_1_452' title='bbox 1838 2031 2147 2087; x_wconf 87' lang='lat' dir='ltr'><strong>dissensio:</strong></span> <span class='ocrx_word' id='word_1_453' title='bbox 2178 2039 2398 2085; x_wconf 86' lang='lat' dir='ltr'><strong>tantum</strong></span> <span class='ocrx_word' id='word_1_454' title='bbox 2433 2042 2501 2083; x_wconf 89' lang='lat' dir='ltr'><strong>ne</strong></span> <span class='ocrx_word' id='word_1_455' title='bbox 2525 2024 2802 2095; x_wconf 73' lang='lat' dir='ltr'><strong>Virginem</strong></span> <span class='ocrx_word' id='word_1_456' title='bbox 2838 2023 2996 2078; x_wconf 90' lang='lat' dir='ltr'><strong>deam</strong></span> <span class='ocrx_word' id='word_1_457' title='bbox 3062 2015 3284 2082; x_wconf 86' lang='lat' dir='ltr'><strong>faciat.]</strong></span> 
     </span>
    </p>
   </div>
   <div class='ocr_carea' id='block_1_61' title="bbox 2516 2136 2768 2194">
    <p class='ocr_par' dir='ltr' id='par_1_61' title="bbox 2516 2136 2768 2194">
     <span class='ocr_line' id='line_1_61' title="bbox 2516 2136 2768 2194; baseline -0.016 0"><span class='ocrx_word' id='word_1_458' title='bbox 2516 2136 2671 2194; x_wconf 79' lang='lat' dir='ltr'><strong>CAP.</strong></span> <span class='ocrx_word' id='word_1_459' title='bbox 2700 2136 2768 2192; x_wconf 80' lang='grc' dir='ltr'><strong>Χ.</strong></span> 
     </span>
    </p>
   </div>
   <div class='ocr_carea' id='block_1_62' title="bbox 1914 2248 3426 2315">
    <p class='ocr_par' dir='ltr' id='par_1_62' title="bbox 1914 2248 3426 2315">
     <span class='ocr_line' id='line_1_62' title="bbox 1914 2248 3426 2315; baseline -0.003 -7"><span class='ocrx_word' id='word_1_460' title='bbox 1914 2254 2123 2310; x_wconf 79' lang='lat' dir='ltr'><strong>Rursus</strong></span> <span class='ocrx_word' id='word_1_461' title='bbox 2181 2253 2341 2308; x_wconf 86' lang='lat' dir='ltr'><strong>nobis</strong></span> <span class='ocrx_word' id='word_1_462' title='bbox 2396 2250 2743 2315; x_wconf 84' lang='lat' dir='ltr'><strong>conviciaris,</strong></span> <span class='ocrx_word' id='word_1_463' title='bbox 2791 2260 2849 2305; x_wconf 93' lang='lat' dir='ltr'><strong>et</strong></span> <span class='ocrx_word' id='word_1_464' title='bbox 2907 2248 3304 2303; x_wconf 87' lang='lat' dir='ltr'><strong>amarulentum</strong></span> <span class='ocrx_word' id='word_1_465' title='bbox 3361 2262 3426 2303; x_wconf 83' lang='lat' dir='ltr'><strong>os</strong></span> 
     </span>
    </p>
   </div>
   <div class='ocr_carea' id='block_1_63' title="bbox 1839 2340 3426 2415">
    <p class='ocr_par' dir='ltr' id='par_1_63' title="bbox 1839 2340 3426 2415">
     <span class='ocr_line' id='line_1_63' title="bbox 1839 2340 3426 2415; baseline -0.005 -15"><span class='ocrx_word' id='word_1_466' title='bbox 1839 2345 2040 2415; x_wconf 84' lang='lat' dir='ltr'><strong>inllgis,</strong></span> <span class='ocrx_word' id='word_1_467' title='bbox 2084 2343 2386 2411; x_wconf 81' lang='lat' dir='ltr'><strong>exprobras</strong></span> <span class='ocrx_word' id='word_1_468' title='bbox 2416 2345 2581 2398; x_wconf 89' lang='lat' dir='ltr'><strong>etiam</strong></span> <span class='ocrx_word' id='word_1_469' title='bbox 2624 2342 2882 2398; x_wconf 68' lang='lat' dir='ltr'><strong>Ecclesiae</strong></span> <span class='ocrx_word' id='word_1_470' title='bbox 2914 2340 3151 2405; x_wconf 86' lang='lat' dir='ltr'><strong>Domini,</strong></span> <span class='ocrx_word' id='word_1_471' title='bbox 3199 2350 3255 2395; x_wconf 89' lang='lat' dir='ltr'><strong>ut</strong></span> <span class='ocrx_word' id='word_1_472' title='bbox 3287 2341 3426 2395; x_wconf 77' lang='lat' dir='ltr'><strong>scri-</strong></span> 
     </span>
    </p>
   </div>
   <div class='ocr_carea' id='block_1_64' title="bbox 1840 2432 3425 2507">
    <p class='ocr_par' dir='ltr' id='par_1_64' title="bbox 1840 2432 3425 2507">
     <span class='ocr_line' id='line_1_64' title="bbox 1840 2432 3425 2507; baseline -0.003 -17"><span class='ocrx_word' id='word_1_473' title='bbox 1840 2447 1986 2507; x_wconf 89' lang='lat' dir='ltr'><strong>ptum</strong></span> <span class='ocrx_word' id='word_1_474' title='bbox 2017 2444 2101 2491; x_wconf 88' lang='lat' dir='ltr'><strong>est</strong></span> <span class='ocrx_word' id='word_1_475' title='bbox 2134 2435 2221 2489; x_wconf 71' lang='lat'><strong>1&quot;‘1&#39;</strong></span> <span class='ocrx_word' id='word_1_476' title='bbox 2252 2435 2452 2491; x_wconf 89' lang='lat' dir='ltr'><strong>Verum</strong></span> <span class='ocrx_word' id='word_1_477' title='bbox 2514 2448 2636 2499; x_wconf 88' lang='lat' dir='ltr'><strong>nos,</strong></span> <span class='ocrx_word' id='word_1_478' title='bbox 2673 2449 2706 2488; x_wconf 91' lang='grc' dir='ltr'><strong>ο</strong></span> <span class='ocrx_word' id='word_1_479' title='bbox 2737 2434 2821 2488; x_wconf 90' lang='lat' dir='ltr'><strong>vir</strong></span> <span class='ocrx_word' id='word_1_480' title='bbox 2844 2434 3082 2503; x_wconf 87' lang='lat' dir='ltr'><strong>egregie,</strong></span> <span class='ocrx_word' id='word_1_481' title='bbox 3135 2434 3225 2501; x_wconf 88' lang='lat' dir='ltr'><strong>qui</strong></span> <span class='ocrx_word' id='word_1_482' title='bbox 3278 2432 3425 2485; x_wconf 88' lang='lat' dir='ltr'><strong>illam</strong></span> 
     </span>
    </p>
   </div>
   <div class='ocr_carea' id='block_1_65' title="bbox 1841 2524 3428 2600">
    <p class='ocr_par' dir='ltr' id='par_1_65' title="bbox 1841 2524 3428 2600">
     <span class='ocr_line' id='line_1_65' title="bbox 1841 2524 3428 2600; baseline -0.004 -15"><span class='ocrx_word' id='word_1_483' title='bbox 1841 2530 1934 2585; x_wconf 91' lang='lat' dir='ltr'><strong>Dei</strong></span> <span class='ocrx_word' id='word_1_484' title='bbox 1970 2529 2290 2600; x_wconf 87' lang='lat' dir='ltr'><strong>genitricem</strong></span> <span class='ocrx_word' id='word_1_485' title='bbox 2315 2528 2569 2591; x_wconf 83' lang='lat' dir='ltr'><strong>dicimus,</strong></span> <span class='ocrx_word' id='word_1_486' title='bbox 2602 2528 2871 2582; x_wconf 83' lang='lat' dir='ltr'><strong>neminem</strong></span> <span class='ocrx_word' id='word_1_487' title='bbox 2900 2540 3138 2592; x_wconf 86' lang='lat' dir='ltr'><strong>unquam</strong></span> <span class='ocrx_word' id='word_1_488' title='bbox 3170 2524 3260 2593; x_wconf 91' lang='lat' dir='ltr'><strong>qui</strong></span> <span class='ocrx_word' id='word_1_489' title='bbox 3286 2524 3428 2578; x_wconf 91' lang='lat' dir='ltr'><strong>inter</strong></span> 
     </span>
    </p>
   </div>
   <div class='ocr_carea' id='block_1_66' title="bbox 1837 2612 3427 2685">
    <p class='ocr_par' dir='ltr' id='par_1_66' title="bbox 1837 2612 3427 2685">
     <span class='ocr_line' id='line_1_66' title="bbox 1837 2612 3427 2685; baseline -0.006 -8"><span class='ocrx_word' id='word_1_490' title='bbox 1837 2632 2121 2677; x_wconf 85' lang='lat' dir='ltr'><strong>creaturas</strong></span> <span class='ocrx_word' id='word_1_491' title='bbox 2154 2630 2491 2685; x_wconf 87' lang='lat' dir='ltr'><strong>censeretur,</strong></span> <span class='ocrx_word' id='word_1_492' title='bbox 2537 2619 2704 2673; x_wconf 87' lang='lat' dir='ltr'><strong>Deum</strong></span> <span class='ocrx_word' id='word_1_493' title='bbox 2744 2616 3013 2677; x_wconf 78' lang='lat' dir='ltr'><strong>fecimus;</strong></span> <span class='ocrx_word' id='word_1_494' title='bbox 3067 2623 3229 2683; x_wconf 85' lang='lat' dir='ltr'><strong>atque</strong></span> <span class='ocrx_word' id='word_1_495' title='bbox 3284 2612 3427 2669; x_wconf 82' lang='lat' dir='ltr'><strong>hunc</strong></span> 
     </span>
    </p>
   </div>
   <div class='ocr_carea' id='block_1_67' title="bbox 1839 2708 3425 2778">
    <p class='ocr_par' dir='ltr' id='par_1_67' title="bbox 1839 2708 3425 2778">
     <span class='ocr_line' id='line_1_67' title="bbox 1839 2708 3425 2778; baseline -0.006 -10"><span class='ocrx_word' id='word_1_496' title='bbox 1839 2729 2046 2769; x_wconf 87' lang='lat' dir='ltr'><strong>morem</strong></span> <span class='ocrx_word' id='word_1_497' title='bbox 2099 2724 2365 2778; x_wconf 85' lang='lat' dir='ltr'><strong>tenemus,</strong></span> <span class='ocrx_word' id='word_1_498' title='bbox 2415 2722 2475 2765; x_wconf 89' lang='lat' dir='ltr'><strong>ut</strong></span> <span class='ocrx_word' id='word_1_499' title='bbox 2531 2711 2700 2764; x_wconf 87' lang='lat' dir='ltr'><strong>Deum</strong></span> <span class='ocrx_word' id='word_1_500' title='bbox 2760 2709 3000 2764; x_wconf 78' lang='lat' dir='ltr'><strong>sciamus</strong></span> <span class='ocrx_word' id='word_1_501' title='bbox 3074 2708 3222 2760; x_wconf 88' lang='lat' dir='ltr'><strong>illum</strong></span> <span class='ocrx_word' id='word_1_502' title='bbox 3260 2723 3425 2760; x_wconf 87' lang='lat' dir='ltr'><strong>unutn</strong></span> 
     </span>
    </p>
   </div>
   <div class='ocr_carea' id='block_1_68' title="bbox 1840 2798 3424 2863">
    <p class='ocr_par' dir='ltr' id='par_1_68' title="bbox 1840 2798 3424 2863">
     <span class='ocr_line' id='line_1_68' title="bbox 1840 2798 3424 2863; baseline -0.008 0"><span class='ocrx_word' id='word_1_503' title='bbox 1840 2818 1893 2863; x_wconf 92' lang='lat' dir='ltr'><strong>et</strong></span> <span class='ocrx_word' id='word_1_504' title='bbox 1956 2816 2153 2860; x_wconf 85' lang='lat' dir='ltr'><strong>natura</strong></span> <span class='ocrx_word' id='word_1_505' title='bbox 2197 2813 2255 2860; x_wconf 92' lang='lat' dir='ltr'><strong>et</strong></span> <span class='ocrx_word' id='word_1_506' title='bbox 2305 2818 2436 2859; x_wconf 86' lang='lat' dir='ltr'><strong>vere</strong></span> <span class='ocrx_word' id='word_1_507' title='bbox 2472 2803 2640 2858; x_wconf 90' lang='lat' dir='ltr'><strong>Deum</strong></span> <span class='ocrx_word' id='word_1_508' title='bbox 2678 2820 2691 2855; x_wconf 90' lang='lat'><strong>:</strong></span> <span class='ocrx_word' id='word_1_509' title='bbox 2723 2803 2930 2856; x_wconf 85' lang='lat' dir='ltr'><strong>scimus</strong></span> <span class='ocrx_word' id='word_1_510' title='bbox 2992 2801 3159 2854; x_wconf 87' lang='lat' dir='ltr'><strong>etiam</strong></span> <span class='ocrx_word' id='word_1_511' title='bbox 3214 2798 3424 2853; x_wconf 80' lang='lat' dir='ltr'><strong>beatam</strong></span> 
     </span>
    </p>
   </div>
   <div class='ocr_carea' id='block_1_69' title="bbox 1841 2892 3422 2968">
    <p class='ocr_par' dir='ltr' id='par_1_69' title="bbox 1841 2892 3422 2968">
     <span class='ocr_line' id='line_1_69' title="bbox 1841 2892 3422 2968; baseline -0.006 -15"><span class='ocrx_word' id='word_1_512' title='bbox 1841 2900 1986 2953; x_wconf 89' lang='lat' dir='ltr'><strong>illam</strong></span> <span class='ocrx_word' id='word_1_513' title='bbox 2044 2898 2318 2968; x_wconf 83' lang='lat' dir='ltr'><strong>Virginem</strong></span> <span class='ocrx_word' id='word_1_514' title='bbox 2375 2896 2650 2951; x_wconf 84' lang='lat' dir='ltr'><strong>hominem</strong></span> <span class='ocrx_word' id='word_1_515' title='bbox 2699 2893 2865 2949; x_wconf 83' lang='lat' dir='ltr'><strong>fuisse</strong></span> <span class='ocrx_word' id='word_1_516' title='bbox 2932 2892 3102 2946; x_wconf 88' lang='lat' dir='ltr'><strong>nostri</strong></span> <span class='ocrx_word' id='word_1_517' title='bbox 3166 2892 3422 2945; x_wconf 83' lang='lat' dir='ltr'><strong>similem.</strong></span> 
     </span>
    </p>
   </div>
   <div class='ocr_carea' id='block_1_70' title="bbox 1842 2981 3430 3059">
    <p class='ocr_par' dir='ltr' id='par_1_70' title="bbox 1842 2981 3430 3059">
     <span class='ocr_line' id='line_1_70' title="bbox 1842 2981 3430 3059; baseline -0.007 -14"><span class='ocrx_word' id='word_1_518' title='bbox 1842 2990 1949 3045; x_wconf 89' lang='lat' dir='ltr'><strong>Sed</strong></span> <span class='ocrx_word' id='word_1_519' title='bbox 1988 2990 2100 3059; x_wconf 89' lang='lat' dir='ltr'><strong>ipse</strong></span> <span class='ocrx_word' id='word_1_520' title='bbox 2127 3004 2226 3044; x_wconf 92' lang='lat' dir='ltr'><strong>nec</strong></span> <span class='ocrx_word' id='word_1_521' title='bbox 2255 2989 2424 3042; x_wconf 90' lang='lat' dir='ltr'><strong>multo</strong></span> <span class='ocrx_word' id='word_1_522' title='bbox 2452 2998 2579 3057; x_wconf 87' lang='lat' dir='ltr'><strong>post</strong></span> <span class='ocrx_word' id='word_1_523' title='bbox 2620 2984 3045 3054; x_wconf 81' lang='lat' dir='ltr'><strong>deprehenderis</strong></span> <span class='ocrx_word' id='word_1_524' title='bbox 3094 2983 3270 3052; x_wconf 83' lang='lat' dir='ltr'><strong>ipsum</strong></span> <span class='ocrx_word' id='word_1_525' title='bbox 3306 2981 3430 3035; x_wconf 84' lang='lat' dir='ltr'><strong>Ent-</strong></span> 
     </span>
    </p>
   </div>
   <div class='ocr_carea' id='block_1_71' title="bbox 1843 3071 3432 3140">
    <p class='ocr_par' dir='ltr' id='par_1_71' title="bbox 1843 3071 3432 3140">
     <span class='ocr_line' id='line_1_71' title="bbox 1843 3071 3432 3140; baseline -0.008 -8"><span class='ocrx_word' id='word_1_526' title='bbox 1843 3077 2144 3132; x_wconf 84' lang='lat' dir='ltr'><strong>manuelem</strong></span> <span class='ocrx_word' id='word_1_527' title='bbox 2201 3078 2478 3133; x_wconf 82' lang='lat' dir='ltr'><strong>hominem</strong></span> <span class='ocrx_word' id='word_1_528' title='bbox 2548 3075 2704 3130; x_wconf 84' lang='lat' dir='ltr'><strong>nobis</strong></span> <span class='ocrx_word' id='word_1_529' title='bbox 2762 3074 3035 3129; x_wconf 90' lang='lat' dir='ltr'><strong>Deifernm</strong></span> <span class='ocrx_word' id='word_1_530' title='bbox 3113 3071 3432 3140; x_wconf 56' lang='lat' dir='ltr'><strong>praedicare,</strong></span> 
     </span>
    </p>
   </div>
   <div class='ocr_carea' id='block_1_72' title="bbox 1768 3157 3434 3237">
    <p class='ocr_par' dir='ltr' id='par_1_72' title="bbox 1768 3157 3434 3237">
     <span class='ocr_line' id='line_1_72' title="bbox 1768 3157 3434 3237; baseline -0.005 -20"><span class='ocrx_word' id='word_1_531' title='bbox 1768 3161 1811 3217; x_wconf 91' lang='lat' dir='ltr'><strong>C</strong></span> <span class='ocrx_word' id='word_1_532' title='bbox 1848 3179 2171 3237; x_wconf 89' lang='lat' dir='ltr'><strong>tuorumque</strong></span> <span class='ocrx_word' id='word_1_533' title='bbox 2223 3178 2671 3237; x_wconf 88' lang='lat' dir='ltr'><strong>argumentorum</strong></span> <span class='ocrx_word' id='word_1_534' title='bbox 2716 3164 3220 3220; x_wconf 67' lang='lat' dir='ltr'><strong>cendemnatiunetc</strong></span> <span class='ocrx_word' id='word_1_535' title='bbox 3276 3157 3434 3215; x_wconf 84' lang='lat' dir='ltr'><strong>alteri</strong></span> 
     </span>
    </p>
   </div>
   <div class='ocr_carea' id='block_1_73' title="bbox 1847 3259 2105 3315">
    <p class='ocr_par' dir='ltr' id='par_1_73' title="bbox 1847 3259 2105 3315">
     <span class='ocr_line' id='line_1_73' title="bbox 1847 3259 2105 3315; baseline -0.016 0"><span class='ocrx_word' id='word_1_536' title='bbox 1847 3259 2105 3315; x_wconf 85' lang='lat' dir='ltr'><strong>tribuere.</strong></span> 
     </span>
    </p>
   </div>
   <div class='ocr_carea' id='block_1_74' title="bbox 2056 3405 3208 3499">
    <p class='ocr_par' dir='ltr' id='par_1_74' title="bbox 2056 3405 3208 3499">
     <span class='ocr_line' id='line_1_74' title="bbox 2056 3405 3208 3499; baseline -0.011 -4"><span class='ocrx_word' id='word_1_537' title='bbox 2056 3406 2308 3499; x_wconf 87' lang='lat' dir='ltr'><strong>TOM</strong></span> <span class='ocrx_word' id='word_1_538' title='bbox 2332 3408 2466 3498; x_wconf 88' lang='lat' dir='ltr'>US</span> <span class='ocrx_word' id='word_1_539' title='bbox 2537 3405 3208 3495; x_wconf 89' lang='lat' dir='ltr'><strong>SECUNDUS.</strong></span> 
     </span>
    </p>
   </div>
   <div class='ocr_carea' id='block_1_75' title="bbox 1917 3552 3436 3629">
    <p class='ocr_par' dir='ltr' id='par_1_75' title="bbox 1917 3552 3436 3629">
     <span class='ocr_line' id='line_1_75' title="bbox 1917 3552 3436 3629; baseline -0.006 -14"><span class='ocrx_word' id='word_1_540' title='bbox 1917 3559 2233 3629; x_wconf 86' lang='lat' dir='ltr'><strong>Estlingua,</strong></span> <span class='ocrx_word' id='word_1_541' title='bbox 2267 3557 2410 3611; x_wconf 89' lang='lat' dir='ltr'><strong>sicut</strong></span> <span class='ocrx_word' id='word_1_542' title='bbox 2445 3554 2706 3624; x_wconf 87' lang='lat' dir='ltr'><strong>scriptum</strong></span> <span class='ocrx_word' id='word_1_543' title='bbox 2744 3565 2825 3609; x_wconf 88' lang='lat' dir='ltr'><strong>est</strong></span> <span class='ocrx_word' id='word_1_544' title='bbox 2854 3555 2920 3617; x_wconf 84' lang='lat'><strong>&quot;,</strong></span> <span class='ocrx_word' id='word_1_545' title='bbox 2958 3554 3116 3621; x_wconf 88' lang='lat' dir='ltr'><strong>ignis,</strong></span> <span class='ocrx_word' id='word_1_546' title='bbox 3168 3561 3222 3607; x_wconf 91' lang='lat' dir='ltr'><strong>et</strong></span> <span class='ocrx_word' id='word_1_547' title='bbox 3271 3552 3436 3608; x_wconf 78' lang='lat' dir='ltr'><strong>etii-e-</strong></span> 
     </span>
    </p>
   </div>
   <div class='ocr_carea' id='block_1_76' title="bbox 1845 3644 3436 3713">
    <p class='ocr_par' dir='ltr' id='par_1_76' title="bbox 1845 3644 3436 3713">
     <span class='ocr_line' id='line_1_76' title="bbox 1845 3644 3436 3713; baseline -0.003 -10"><span class='ocrx_word' id='word_1_548' title='bbox 1845 3659 2030 3703; x_wconf 89' lang='lat' dir='ltr'><strong>natum</strong></span> <span class='ocrx_word' id='word_1_549' title='bbox 2080 3646 2301 3712; x_wconf 86' lang='lat' dir='ltr'><strong>malum,</strong></span> <span class='ocrx_word' id='word_1_550' title='bbox 2350 3644 2507 3711; x_wconf 81' lang='lat' dir='ltr'><strong>cujus</strong></span> <span class='ocrx_word' id='word_1_551' title='bbox 2537 3656 2597 3699; x_wconf 92' lang='lat' dir='ltr'><strong>ut</strong></span> <span class='ocrx_word' id='word_1_552' title='bbox 2646 3645 2988 3699; x_wconf 83' lang='lat' dir='ltr'><strong>incommoda</strong></span> <span class='ocrx_word' id='word_1_553' title='bbox 3020 3646 3216 3700; x_wconf 83' lang='lat' dir='ltr'><strong>vitaret</strong></span> <span class='ocrx_word' id='word_1_554' title='bbox 3250 3645 3436 3713; x_wconf 86' lang='lat' dir='ltr'><strong>psallit</strong></span> 
     </span>
    </p>
   </div>
   <div class='ocr_carea' id='block_1_77' title="bbox 1845 3737 3435 3804">
    <p class='ocr_par' dir='ltr' id='par_1_77' title="bbox 1845 3737 3435 3804">
     <span class='ocr_line' id='line_1_77' title="bbox 1845 3737 3435 3804; baseline -0.003 -8"><span class='ocrx_word' id='word_1_555' title='bbox 1845 3742 2036 3796; x_wconf 66' lang='lat' dir='ltr'><strong>licatns</strong></span> <span class='ocrx_word' id='word_1_556' title='bbox 2064 3739 2230 3793; x_wconf 86' lang='lat' dir='ltr'><strong>David</strong></span> <span class='ocrx_word' id='word_1_557' title='bbox 2264 3755 2277 3791; x_wconf 88' lang='lat'><strong>:</strong></span> <span class='ocrx_word' id='word_1_558' title='bbox 2315 3755 2333 3789; x_wconf 82' lang='grc' dir='ltr'><strong>ι</strong></span> <span class='ocrx_word' id='word_1_559' title='bbox 2366 3737 2533 3804; x_wconf 87' lang='lat' dir='ltr'><strong>Pone,</strong></span> <span class='ocrx_word' id='word_1_560' title='bbox 2562 3737 2808 3801; x_wconf 88' lang='lat' dir='ltr'><strong>Domine,</strong></span> <span class='ocrx_word' id='word_1_561' title='bbox 2828 3738 3128 3790; x_wconf 84' lang='lat' dir='ltr'><strong>custodiam</strong></span> <span class='ocrx_word' id='word_1_562' title='bbox 3167 3737 3248 3791; x_wconf 89' lang='lat' dir='ltr'><strong>ori</strong></span> <span class='ocrx_word' id='word_1_563' title='bbox 3292 3751 3435 3803; x_wconf 90' lang='lat' dir='ltr'><strong>meo,</strong></span> 
     </span>
    </p>
   </div>
   <div class='ocr_carea' id='block_1_78' title="bbox 1846 3828 3435 3887">
    <p class='ocr_par' dir='ltr' id='par_1_78' title="bbox 1846 3828 3435 3887">
     <span class='ocr_line' id='line_1_78' title="bbox 1846 3828 3435 3887; baseline -0.002 0"><span class='ocrx_word' id='word_1_564' title='bbox 1846 3842 1901 3887; x_wconf 92' lang='lat' dir='ltr'><strong>et</strong></span> <span class='ocrx_word' id='word_1_565' title='bbox 1930 3832 2127 3887; x_wconf 90' lang='lat' dir='ltr'><strong>ostium</strong></span> <span class='ocrx_word' id='word_1_566' title='bbox 2160 3828 2590 3885; x_wconf 71' lang='lat' dir='ltr'><strong>circumstantia:</strong></span> <span class='ocrx_word' id='word_1_567' title='bbox 2635 3828 2791 3883; x_wconf 89' lang='lat' dir='ltr'><strong>labiis</strong></span> <span class='ocrx_word' id='word_1_568' title='bbox 2824 3829 2961 3881; x_wconf 87' lang='lat' dir='ltr'><strong>meis</strong></span> <span class='ocrx_word' id='word_1_569' title='bbox 3003 3846 3015 3882; x_wconf 93' lang='lat'><strong>:</strong></span> <span class='ocrx_word' id='word_1_570' title='bbox 3051 3844 3155 3881; x_wconf 93' lang='lat' dir='ltr'><strong>non</strong></span> <span class='ocrx_word' id='word_1_571' title='bbox 3197 3830 3435 3884; x_wconf 83' lang='lat' dir='ltr'><strong>declines</strong></span> 
     </span>
    </p>
   </div>
   <div class='ocr_carea' id='block_1_79' title="bbox 1847 3921 3437 3987">
    <p class='ocr_par' dir='ltr' id='par_1_79' title="bbox 1847 3921 3437 3987">
     <span class='ocr_line' id='line_1_79' title="bbox 1847 3921 3437 3987; baseline -0.004 -8"><span class='ocrx_word' id='word_1_572' title='bbox 1847 3940 1944 3979; x_wconf 92' lang='lat' dir='ltr'><strong>cor</strong></span> <span class='ocrx_word' id='word_1_573' title='bbox 1988 3937 2165 3976; x_wconf 91' lang='lat' dir='ltr'><strong>meum</strong></span> <span class='ocrx_word' id='word_1_574' title='bbox 2197 3924 2251 3975; x_wconf 88' lang='lat' dir='ltr'><strong>in</strong></span> <span class='ocrx_word' id='word_1_575' title='bbox 2294 3922 2459 3976; x_wconf 87' lang='lat' dir='ltr'><strong>verba</strong></span> <span class='ocrx_word' id='word_1_576' title='bbox 2494 3922 2738 3987; x_wconf 72' lang='lat' dir='ltr'><strong>malitiae,</strong></span> <span class='ocrx_word' id='word_1_577' title='bbox 2793 3921 2859 3974; x_wconf 88' lang='lat' dir='ltr'><strong>ad</strong></span> <span class='ocrx_word' id='word_1_578' title='bbox 2896 3921 3240 3975; x_wconf 79' lang='lat' dir='ltr'><strong>excusandas</strong></span> <span class='ocrx_word' id='word_1_579' title='bbox 3270 3936 3437 3975; x_wconf 80' lang='lat' dir='ltr'><strong>excu-</strong></span> 
     </span>
    </p>
   </div>
   <div class='ocr_carea' id='block_1_80' title="bbox 1847 4010 3434 4083">
    <p class='ocr_par' dir='ltr' id='par_1_80' title="bbox 1847 4010 3434 4083">
     <span class='ocr_line' id='line_1_80' title="bbox 1847 4010 3434 4083; baseline -0.006 -12"><span class='ocrx_word' id='word_1_580' title='bbox 1847 4016 2089 4072; x_wconf 87' lang='lat' dir='ltr'><strong>sationes</strong></span> <span class='ocrx_word' id='word_1_581' title='bbox 2120 4014 2170 4067; x_wconf 92' lang='lat' dir='ltr'><strong>in</strong></span> <span class='ocrx_word' id='word_1_582' title='bbox 2197 4014 2435 4083; x_wconf 84' lang='lat' dir='ltr'><strong>peccatis</strong></span> <span class='ocrx_word' id='word_1_583' title='bbox 2467 4011 2536 4067; x_wconf 88' lang='lat'><strong>&quot;.</strong></span> <span class='ocrx_word' id='word_1_584' title='bbox 2571 4030 2592 4064; x_wconf 71' lang='grc' dir='ltr'><strong>ι</strong></span> <span class='ocrx_word' id='word_1_585' title='bbox 2631 4010 2765 4065; x_wconf 82' lang='lat' dir='ltr'><strong>Nam</strong></span> <span class='ocrx_word' id='word_1_586' title='bbox 2801 4024 2953 4066; x_wconf 91' lang='lat' dir='ltr'><strong>recte</strong></span> <span class='ocrx_word' id='word_1_587' title='bbox 2977 4012 3089 4065; x_wconf 88' lang='lat' dir='ltr'><strong>oris</strong></span> <span class='ocrx_word' id='word_1_588' title='bbox 3122 4011 3298 4065; x_wconf 75' lang='lat' dir='ltr'><strong>officio</strong></span> <span class='ocrx_word' id='word_1_589' title='bbox 3333 4012 3434 4078; x_wconf 84' lang='lat' dir='ltr'><strong>uti,</strong></span> 
     </span>
    </p>
   </div>
   <div class='ocr_carea' id='block_1_81' title="bbox 1846 4102 3435 4175">
    <p class='ocr_par' dir='ltr' id='par_1_81' title="bbox 1846 4102 3435 4175">
     <span class='ocr_line' id='line_1_81' title="bbox 1846 4102 3435 4175; baseline -0.003 -13"><span class='ocrx_word' id='word_1_590' title='bbox 1846 4116 1899 4162; x_wconf 91' lang='lat' dir='ltr'><strong>et</strong></span> <span class='ocrx_word' id='word_1_591' title='bbox 1927 4105 2169 4175; x_wconf 89' lang='lat' dir='ltr'><strong>diligenti</strong></span> <span class='ocrx_word' id='word_1_592' title='bbox 2212 4107 2466 4158; x_wconf 90' lang='lat' dir='ltr'><strong>cautione</strong></span> <span class='ocrx_word' id='word_1_593' title='bbox 2504 4104 2776 4157; x_wconf 85' lang='lat' dir='ltr'><strong>moderari</strong></span> <span class='ocrx_word' id='word_1_594' title='bbox 2804 4102 3045 4173; x_wconf 88' lang='lat' dir='ltr'><strong>linguam</strong></span> <span class='ocrx_word' id='word_1_595' title='bbox 3094 4105 3435 4157; x_wconf 85' lang='lat' dir='ltr'><strong>observando</strong></span> 
     </span>
    </p>
   </div>
   <div class='ocr_carea' id='block_1_82' title="bbox 1846 4192 3433 4266">
    <p class='ocr_par' dir='ltr' id='par_1_82' title="bbox 1846 4192 3433 4266">
     <span class='ocr_line' id='line_1_82' title="bbox 1846 4192 3433 4266; baseline -0.003 -18"><span class='ocrx_word' id='word_1_596' title='bbox 1846 4196 1975 4266; x_wconf 86' lang='lat' dir='ltr'><strong>quid</strong></span> <span class='ocrx_word' id='word_1_597' title='bbox 2007 4194 2293 4248; x_wconf 87' lang='lat' dir='ltr'><strong>dicendum</strong></span> <span class='ocrx_word' id='word_1_598' title='bbox 2341 4192 2433 4257; x_wconf 89' lang='lat' dir='ltr'><strong>sit,</strong></span> <span class='ocrx_word' id='word_1_599' title='bbox 2482 4192 2592 4262; x_wconf 80' lang='lat'><strong>30</strong></span> <span class='ocrx_word' id='word_1_600' title='bbox 2628 4192 2758 4262; x_wconf 88' lang='lat' dir='ltr'><strong>quid</strong></span> <span class='ocrx_word' id='word_1_601' title='bbox 2792 4193 3151 4256; x_wconf 81' lang='lat' dir='ltr'><strong>reticendum,</strong></span> <span class='ocrx_word' id='word_1_602' title='bbox 3189 4193 3433 4247; x_wconf 87' lang='lat' dir='ltr'><strong>divinum</strong></span> 
     </span>
    </p>
   </div>
   <div class='ocr_carea' id='block_1_83' title="bbox 1847 4283 3435 4357">
    <p class='ocr_par' dir='ltr' id='par_1_83' title="bbox 1847 4283 3435 4357">
     <span class='ocr_line' id='line_1_83' title="bbox 1847 4283 3435 4357; baseline -0.002 -18"><span class='ocrx_word' id='word_1_603' title='bbox 1847 4285 2005 4357; x_wconf 86' lang='lat' dir='ltr'><strong>plane</strong></span> <span class='ocrx_word' id='word_1_604' title='bbox 2057 4298 2253 4337; x_wconf 84' lang='lat' dir='ltr'><strong>munus</strong></span> <span class='ocrx_word' id='word_1_605' title='bbox 2277 4293 2383 4344; x_wconf 87' lang='lat' dir='ltr'><strong>est.</strong></span> <span class='ocrx_word' id='word_1_606' title='bbox 2436 4293 2490 4337; x_wconf 91' lang='lat' dir='ltr'><strong>et</strong></span> <span class='ocrx_word' id='word_1_607' title='bbox 2542 4298 2630 4337; x_wconf 87' lang='lat' dir='ltr'><strong>res</strong></span> <span class='ocrx_word' id='word_1_608' title='bbox 2691 4283 2832 4337; x_wconf 85' lang='lat' dir='ltr'><strong>haud</strong></span> <span class='ocrx_word' id='word_1_609' title='bbox 2876 4283 3313 4351; x_wconf 77' lang='lat' dir='ltr'><strong>parvipentlenda</strong></span> <span class='ocrx_word' id='word_1_610' title='bbox 3370 4283 3435 4336; x_wconf 87' lang='lat' dir='ltr'><strong>iis</strong></span> 
     </span>
    </p>
   </div>
   <div class='ocr_carea' id='block_1_84' title="bbox 1846 4374 3435 4444">
    <p class='ocr_par' dir='ltr' id='par_1_84' title="bbox 1846 4374 3435 4444">
     <span class='ocr_line' id='line_1_84' title="bbox 1846 4374 3435 4444; baseline -0.003 -12"><span class='ocrx_word' id='word_1_611' title='bbox 1846 4386 1996 4432; x_wconf 89' lang='lat' dir='ltr'><strong>certe</strong></span> <span class='ocrx_word' id='word_1_612' title='bbox 2041 4376 2131 4444; x_wconf 87' lang='lat' dir='ltr'><strong>qui</strong></span> <span class='ocrx_word' id='word_1_613' title='bbox 2183 4390 2307 4428; x_wconf 89' lang='lat' dir='ltr'><strong>cum</strong></span> <span class='ocrx_word' id='word_1_614' title='bbox 2358 4374 2517 4429; x_wconf 85' lang='lat' dir='ltr'><strong>laude</strong></span> <span class='ocrx_word' id='word_1_615' title='bbox 2587 4375 2754 4427; x_wconf 88' lang='lat' dir='ltr'><strong>vitam</strong></span> <span class='ocrx_word' id='word_1_616' title='bbox 2806 4374 3005 4429; x_wconf 88' lang='lat' dir='ltr'><strong>ducere</strong></span> <span class='ocrx_word' id='word_1_617' title='bbox 3071 4375 3293 4429; x_wconf 89' lang='lat' dir='ltr'><strong>student</strong></span> <span class='ocrx_word' id='word_1_618' title='bbox 3333 4396 3345 4429; x_wconf 89' lang='lat'><strong>:</strong></span> <span class='ocrx_word' id='word_1_619' title='bbox 3379 4383 3435 4428; x_wconf 91' lang='lat' dir='ltr'><strong>ut</strong></span> 
     </span>
    </p>
   </div>
   <div class='ocr_carea' id='block_1_85' title="bbox 142 4464 1738 4546">
    <p class='ocr_par' dir='ltr' id='par_1_85' title="bbox 142 4466 1738 4543">
     <span class='ocr_line' id='line_1_85' title="bbox 142 4466 1738 4543; baseline -0.008 -10"><span class='ocrx_word' id='word_1_620' title='bbox 142 4482 353 4535; x_wconf 77' lang='grc' dir='ltr'>δεύουσι</span> <span class='ocrx_word' id='word_1_621' title='bbox 391 4475 707 4532; x_wconf 84' lang='grc' dir='ltr'>πολιτείαν.</span> <span class='ocrx_word' id='word_1_622' title='bbox 724 4473 799 4527; x_wconf 89' lang='grc' dir='ltr'>Τό</span> <span class='ocrx_word' id='word_1_623' title='bbox 827 4490 891 4542; x_wconf 84' lang='grc' dir='ltr'><strong>γε</strong></span> <span class='ocrx_word' id='word_1_624' title='bbox 917 4470 1024 4543; x_wconf 79' lang='grc' dir='ltr'>μὴν</span> <span class='ocrx_word' id='word_1_625' title='bbox 1050 4468 1285 4541; x_wconf 77' lang='grc' dir='ltr'>προαλὲς</span> <span class='ocrx_word' id='word_1_626' title='bbox 1304 4468 1383 4532; x_wconf 86' lang='grc' dir='ltr'><strong>είς</strong></span> <span class='ocrx_word' id='word_1_627' title='bbox 1403 4467 1625 4536; x_wconf 89' lang='grc' dir='ltr'>λόγους,</span> <span class='ocrx_word' id='word_1_628' title='bbox 1650 4466 1738 4521; x_wconf 76' lang='grc' dir='ltr'>καὶ</span> 
     </span>
    </p>
   </div>
   <div class='ocr_carea' id='block_1_86' title="bbox 1843 4464 3435 4546">
    <p class='ocr_par' dir='ltr' id='par_1_86' title="bbox 1847 4464 3435 4536">
     <span class='ocr_line' id='line_1_86' title="bbox 1847 4464 3435 4536; baseline -0.003 -13"><span class='ocrx_word' id='word_1_629' title='bbox 1847 4478 2056 4531; x_wconf 90' lang='lat' dir='ltr'><strong>contra,</strong></span> <span class='ocrx_word' id='word_1_630' title='bbox 2084 4465 2171 4520; x_wconf 89' lang='lat' dir='ltr'><strong>illa</strong></span> <span class='ocrx_word' id='word_1_631' title='bbox 2204 4480 2445 4536; x_wconf 66' lang='lat' dir='ltr'><strong>praeceps</strong></span> <span class='ocrx_word' id='word_1_632' title='bbox 2475 4466 2527 4519; x_wconf 91' lang='lat' dir='ltr'><strong>in</strong></span> <span class='ocrx_word' id='word_1_633' title='bbox 2558 4465 2831 4535; x_wconf 83' lang='lat' dir='ltr'><strong>loquendo</strong></span> <span class='ocrx_word' id='word_1_634' title='bbox 2855 4467 3159 4525; x_wconf 88' lang='lat' dir='ltr'><strong>temeritas.</strong></span> <span class='ocrx_word' id='word_1_635' title='bbox 3198 4476 3252 4518; x_wconf 90' lang='lat' dir='ltr'><strong>et</strong></span> <span class='ocrx_word' id='word_1_636' title='bbox 3276 4464 3435 4519; x_wconf 82' lang='lat' dir='ltr'><strong>effre-</strong></span> 
     </span>
    </p>
   </div>
   <div class='ocr_carea' id='block_1_87' title="bbox 143 4557 1742 4644">
    <p class='ocr_par' dir='ltr' id='par_1_87' title="bbox 143 4557 1742 4644">
     <span class='ocr_line' id='line_1_87' title="bbox 143 4557 1742 4644; baseline -0.01 -19"><span class='ocrx_word' id='word_1_637' title='bbox 143 4574 199 4626; x_wconf 63' lang='grc' dir='ltr'>τὸ</span> <span class='ocrx_word' id='word_1_638' title='bbox 225 4573 493 4644; x_wconf 80' lang='grc' dir='ltr'>ἀχάλινον</span> <span class='ocrx_word' id='word_1_639' title='bbox 520 4568 605 4631; x_wconf 89' lang='grc' dir='ltr'><strong>είς</strong></span> <span class='ocrx_word' id='word_1_640' title='bbox 630 4565 942 4637; x_wconf 85' lang='grc' dir='ltr'>τερθρείας,</span> <span class='ocrx_word' id='word_1_641' title='bbox 979 4560 1223 4615; x_wconf 84' lang='grc' dir='ltr'>κινδύνου</span> <span class='ocrx_word' id='word_1_642' title='bbox 1262 4558 1484 4631; x_wconf 82' lang='grc' dir='ltr'>μεστὸν,</span> <span class='ocrx_word' id='word_1_643' title='bbox 1517 4557 1613 4611; x_wconf 71' lang='grc' dir='ltr'>καὶ</span> <span class='ocrx_word' id='word_1_644' title='bbox 1660 4558 1742 4619; x_wconf 85' lang='grc' dir='ltr'><strong>είς</strong></span> 
     </span>
    </p>
   </div>
   <div class='ocr_carea' id='block_1_88' title="bbox 144 4648 1738 4737">
    <p class='ocr_par' dir='ltr' id='par_1_88' title="bbox 144 4648 1738 4737">
     <span class='ocr_line' id='line_1_88' title="bbox 144 4648 1738 4737; baseline -0.009 -22"><span class='ocrx_word' id='word_1_645' title='bbox 144 4665 423 4737; x_wconf 76' lang='grc' dir='ltr'>πέταυρον</span> <span class='ocrx_word' id='word_1_646' title='bbox 465 4661 600 4732; x_wconf 65' lang='grc' dir='ltr'>ᾅδου</span> <span class='ocrx_word' id='word_1_647' title='bbox 633 4658 746 4727; x_wconf 80' lang='lat' dir='ltr'><strong>(l0)</strong></span> <span class='ocrx_word' id='word_1_648' title='bbox 781 4652 1144 4723; x_wconf 79' lang='grc' dir='ltr'>κατακομίξει</span> <span class='ocrx_word' id='word_1_649' title='bbox 1174 4651 1304 4714; x_wconf 82' lang='grc' dir='ltr'>τοὺς</span> <span class='ocrx_word' id='word_1_650' title='bbox 1340 4648 1738 4720; x_wconf 81' lang='grc' dir='ltr'>κεχρημένους.</span> 
     </span>
    </p>
   </div>
   <div class='ocr_carea' id='block_1_89' title="bbox 147 4742 1741 4828">
    <p class='ocr_par' dir='ltr' id='par_1_89' title="bbox 147 4742 1741 4828">
     <span class='ocr_line' id='line_1_89' title="bbox 147 4742 1741 4828; baseline -0.01 -17"><span class='ocrx_word' id='word_1_651' title='bbox 147 4758 469 4828; x_wconf 80' lang='grc' dir='ltr'>Γέγραπται</span> <span class='ocrx_word' id='word_1_652' title='bbox 496 4753 579 4811; x_wconf 75' lang='grc' dir='ltr'>δὲ,</span> <span class='ocrx_word' id='word_1_653' title='bbox 607 4751 691 4803; x_wconf 80' lang='grc' dir='ltr'>ὅτι</span> <span class='ocrx_word' id='word_1_654' title='bbox 718 4748 969 4810; x_wconf 81' lang='grc' dir='ltr'>θάνατος,</span> <span class='ocrx_word' id='word_1_655' title='bbox 1004 4746 1099 4799; x_wconf 70' lang='grc' dir='ltr'><strong>καὶ</strong></span> <span class='ocrx_word' id='word_1_656' title='bbox 1143 4744 1256 4814; x_wconf 76' lang='grc' dir='ltr'><strong>ζωὴ</strong></span> <span class='ocrx_word' id='word_1_657' title='bbox 1288 4744 1345 4796; x_wconf 84' lang='grc' dir='ltr'>ὲν</span> <span class='ocrx_word' id='word_1_658' title='bbox 1380 4744 1525 4814; x_wconf 72' lang='grc' dir='ltr'>χειρὶ</span> <span class='ocrx_word' id='word_1_659' title='bbox 1564 4742 1741 4811; x_wconf 85' lang='grc' dir='ltr'>γλώσ-</span> 
     </span>
    </p>
   </div>
   <div class='ocr_carea' id='block_1_90' title="bbox 145 4832 1743 4914">
    <p class='ocr_par' dir='ltr' id='par_1_90' title="bbox 145 4832 1743 4914">
     <span class='ocr_line' id='line_1_90' title="bbox 145 4832 1743 4914; baseline -0.009 -13"><span class='ocrx_word' id='word_1_660' title='bbox 145 4863 271 4914; x_wconf 77' lang='grc' dir='ltr'>σης·</span> <span class='ocrx_word' id='word_1_661' title='bbox 297 4849 349 4900; x_wconf 78' lang='lat' dir='ltr'><strong>ot</strong></span> <span class='ocrx_word' id='word_1_662' title='bbox 386 4846 449 4898; x_wconf 76' lang='grc' dir='ltr'><strong>δδ</strong></span> <span class='ocrx_word' id='word_1_663' title='bbox 489 4838 827 4913; x_wconf 82' lang='grc' dir='ltr'>κρατοῦντες</span> <span class='ocrx_word' id='word_1_664' title='bbox 856 4834 1046 4904; x_wconf 82' lang='grc' dir='ltr'>αὐτῆς,</span> <span class='ocrx_word' id='word_1_665' title='bbox 1083 4832 1289 4888; x_wconf 73' lang='grc' dir='ltr'>ἔδονται</span> <span class='ocrx_word' id='word_1_666' title='bbox 1329 4833 1457 4897; x_wconf 83' lang='grc' dir='ltr'>τοὺς</span> <span class='ocrx_word' id='word_1_667' title='bbox 1499 4834 1743 4904; x_wconf 84' lang='grc' dir='ltr'>καρποὺς</span> 
     </span>
    </p>
   </div>
   <div class='ocr_carea' id='block_1_91' title="bbox 146 4924 1741 5008">
    <p class='ocr_par' dir='ltr' id='par_1_91' title="bbox 146 4924 1741 5008">
     <span class='ocr_line' id='line_1_91' title="bbox 146 4924 1741 5008; baseline -0.005 -21"><span class='ocrx_word' id='word_1_668' title='bbox 146 4938 330 5008; x_wconf 68' lang='grc' dir='ltr'>αὐτῆς.</span> <span class='ocrx_word' id='word_1_669' title='bbox 363 4930 831 5007; x_wconf 85' lang='grc' dir='ltr'>Προσπεφὼνηκε</span> <span class='ocrx_word' id='word_1_670' title='bbox 880 4928 937 4982; x_wconf 87' lang='grc' dir='ltr'>δὲ</span> <span class='ocrx_word' id='word_1_671' title='bbox 970 4928 1065 4980; x_wconf 72' lang='grc' dir='ltr'>καὶ</span> <span class='ocrx_word' id='word_1_672' title='bbox 1098 4925 1283 4999; x_wconf 71' lang='grc' dir='ltr'>ἕτερός</span> <span class='ocrx_word' id='word_1_673' title='bbox 1329 4942 1412 4986; x_wconf 92' lang='grc' dir='ltr'><strong>τις</strong></span> <span class='ocrx_word' id='word_1_674' title='bbox 1454 4927 1586 4997; x_wconf 78' lang='grc' dir='ltr'>ἡμῖν</span> <span class='ocrx_word' id='word_1_675' title='bbox 1630 4924 1741 4979; x_wconf 84' lang='grc' dir='ltr'>τῶν</span> 
     </span>
    </p>
   </div>
   <div class='ocr_carea' id='block_1_92' title="bbox 146 5017 1743 5096">
    <p class='ocr_par' dir='ltr' id='par_1_92' title="bbox 146 5017 1743 5096">
     <span class='ocr_line' id='line_1_92' title="bbox 146 5017 1743 5096; baseline -0.009 -11"><span class='ocrx_word' id='word_1_676' title='bbox 146 5029 359 5096; x_wconf 73' lang='grc' dir='ltr'>σοφῶν·</span> <span class='ocrx_word' id='word_1_677' title='bbox 409 5048 429 5080; x_wconf 79' lang='grc' dir='ltr'><strong>ι</strong></span> <span class='ocrx_word' id='word_1_678' title='bbox 470 5026 537 5079; x_wconf 79' lang='lat' dir='ltr'><strong>Et</strong></span> <span class='ocrx_word' id='word_1_679' title='bbox 575 5022 675 5093; x_wconf 82' lang='grc' dir='ltr'>μὲν</span> <span class='ocrx_word' id='word_1_680' title='bbox 708 5020 825 5074; x_wconf 74' lang='grc' dir='ltr'>ἐστι</span> <span class='ocrx_word' id='word_1_681' title='bbox 874 5037 959 5073; x_wconf 89' lang='grc' dir='ltr'><strong>σοι</strong></span> <span class='ocrx_word' id='word_1_682' title='bbox 1000 5017 1166 5096; x_wconf 76' lang='grc' dir='ltr'>λόγος</span> <span class='ocrx_word' id='word_1_683' title='bbox 1187 5017 1477 5082; x_wconf 82' lang='grc' dir='ltr'>συνέσεως,</span> <span class='ocrx_word' id='word_1_684' title='bbox 1512 5019 1743 5091; x_wconf 85' lang='grc' dir='ltr'>ἀποκρί-</span> 
     </span>
    </p>
   </div>
   <div class='ocr_carea' id='block_1_93' title="bbox 146 5094 1734 5186">
    <p class='ocr_par' dir='ltr' id='par_1_93' title="bbox 146 5094 1734 5186">
     <span class='ocr_line' id='line_1_93' title="bbox 146 5094 1734 5186; baseline -0.006 -16"><span class='ocrx_word' id='word_1_685' title='bbox 146 5094 291 5186; x_wconf 61' lang='lat' dir='ltr'><strong>llr-tv</strong></span> <span class='ocrx_word' id='word_1_686' title='bbox 330 5123 380 5173; x_wconf 88' lang='grc' dir='ltr'><strong>εί</strong></span> <span class='ocrx_word' id='word_1_687' title='bbox 431 5118 492 5171; x_wconf 75' lang='grc' dir='ltr'>δὲ</span> <span class='ocrx_word' id='word_1_688' title='bbox 532 5114 634 5186; x_wconf 79' lang='grc' dir='ltr'>μὴ,</span> <span class='ocrx_word' id='word_1_689' title='bbox 684 5113 807 5183; x_wconf 75' lang='grc' dir='ltr'>χεὶρ</span> <span class='ocrx_word' id='word_1_690' title='bbox 856 5111 999 5164; x_wconf 75' lang='grc' dir='ltr'>ἔστω</span> <span class='ocrx_word' id='word_1_691' title='bbox 1028 5110 1121 5163; x_wconf 74' lang='grc' dir='ltr'><strong>ἐπὶ</strong></span> <span class='ocrx_word' id='word_1_692' title='bbox 1152 5094 1239 5181; x_wconf 58' lang='grc' dir='ltr'>τῷ</span> <span class='ocrx_word' id='word_1_693' title='bbox 1288 5110 1515 5177; x_wconf 86' lang='grc' dir='ltr'>στόματί</span> <span class='ocrx_word' id='word_1_694' title='bbox 1565 5126 1680 5164; x_wconf 87' lang='grc' dir='ltr'>σου.</span> <span class='ocrx_word' id='word_1_695' title='bbox 1718 5129 1734 5161; x_wconf 74' lang='grc' dir='ltr'><strong>ι</strong></span> 
     </span>
    </p>
   </div>
   <div class='ocr_carea' id='block_1_94' title="bbox 158 5199 1739 5277">
    <p class='ocr_par' dir='ltr' id='par_1_94' title="bbox 158 5199 1739 5277">
     <span class='ocr_line' id='line_1_94' title="bbox 158 5199 1739 5277; baseline -0.001 -23"><span class='ocrx_word' id='word_1_696' title='bbox 158 5208 430 5277; x_wconf 72' lang='grc' dir='ltr'>Ἀμαθοῦς</span> <span class='ocrx_word' id='word_1_697' title='bbox 480 5205 596 5275; x_wconf 77' lang='grc' dir='ltr'>γὰρ</span> <span class='ocrx_word' id='word_1_698' title='bbox 653 5204 814 5270; x_wconf 83' lang='grc' dir='ltr'>λόγου</span> <span class='ocrx_word' id='word_1_699' title='bbox 853 5199 969 5264; x_wconf 84' lang='grc' dir='ltr'><strong>πῶς</strong></span> <span class='ocrx_word' id='word_1_700' title='bbox 1006 5200 1107 5253; x_wconf 86' lang='grc' dir='ltr'>οὐκ</span> <span class='ocrx_word' id='word_1_701' title='bbox 1149 5199 1392 5271; x_wconf 83' lang='grc' dir='ltr'>ἀμείνων</span> <span class='ocrx_word' id='word_1_702' title='bbox 1439 5200 1473 5269; x_wconf 79' lang='grc' dir='ltr'><strong>ὴ</strong></span> <span class='ocrx_word' id='word_1_703' title='bbox 1523 5201 1739 5271; x_wconf 59' lang='lat' dir='ltr'><strong>omni);</strong></span> 
     </span>
    </p>
   </div>
   <div class='ocr_carea' id='block_1_95' title="bbox 211 5380 772 5455">
    <p class='ocr_par' dir='ltr' id='par_1_95' title="bbox 211 5380 772 5455">
     <span class='ocr_line' id='line_1_95' title="bbox 211 5380 772 5455; baseline -0.004 -18"><span class='ocrx_word' id='word_1_704' title='bbox 211 5388 253 5417; x_wconf 85' lang='grc'><strong>⁷⁸</strong></span> <span class='ocrx_word' id='word_1_705' title='bbox 286 5386 299 5437; x_wconf 94' lang='lat' dir='ltr'><strong>l</strong></span> <span class='ocrx_word' id='word_1_706' title='bbox 332 5387 472 5455; x_wconf 78' lang='lat' dir='ltr'><strong>Reg.</strong></span> <span class='ocrx_word' id='word_1_707' title='bbox 508 5398 648 5445; x_wconf 78' lang='grc' dir='ltr'>ινιι,</span> <span class='ocrx_word' id='word_1_708' title='bbox 682 5380 772 5435; x_wconf 67' lang='grc'><strong>45.</strong></span> 
     </span>
    </p>
   </div>
   <div class='ocr_carea' id='block_1_96' title="bbox 1849 4556 3434 4627">
    <p class='ocr_par' dir='ltr' id='par_1_96' title="bbox 1849 4556 3434 4627">
     <span class='ocr_line' id='line_1_96' title="bbox 1849 4556 3434 4627; baseline -0.002 -14"><span class='ocrx_word' id='word_1_709' title='bbox 1849 4572 2006 4614; x_wconf 87' lang='lat' dir='ltr'><strong>natus</strong></span> <span class='ocrx_word' id='word_1_710' title='bbox 2031 4560 2096 4612; x_wconf 80' lang='lat' dir='ltr'><strong>ad</strong></span> <span class='ocrx_word' id='word_1_711' title='bbox 2140 4572 2310 4627; x_wconf 87' lang='lat' dir='ltr'><strong>nugas</strong></span> <span class='ocrx_word' id='word_1_712' title='bbox 2368 4556 2723 4611; x_wconf 82' lang='lat' dir='ltr'><strong>effundendas</strong></span> <span class='ocrx_word' id='word_1_713' title='bbox 2778 4557 3012 4625; x_wconf 89' lang='lat' dir='ltr'><strong>impetus</strong></span> <span class='ocrx_word' id='word_1_714' title='bbox 3055 4556 3299 4625; x_wconf 87' lang='lat' dir='ltr'><strong>periculo</strong></span> <span class='ocrx_word' id='word_1_715' title='bbox 3330 4568 3434 4610; x_wconf 91' lang='lat' dir='ltr'><strong>non</strong></span> 
     </span>
    </p>
   </div>
   <div class='ocr_carea' id='block_1_97' title="bbox 1848 4646 3435 4718">
    <p class='ocr_par' dir='ltr' id='par_1_97' title="bbox 1848 4646 3435 4718">
     <span class='ocr_line' id='line_1_97' title="bbox 1848 4646 3435 4718; baseline -0.001 -14"><span class='ocrx_word' id='word_1_716' title='bbox 1848 4660 2022 4713; x_wconf 89' lang='lat' dir='ltr'><strong>caret,</strong></span> <span class='ocrx_word' id='word_1_717' title='bbox 2048 4660 2103 4704; x_wconf 92' lang='lat' dir='ltr'><strong>et</strong></span> <span class='ocrx_word' id='word_1_718' title='bbox 2144 4650 2195 4703; x_wconf 89' lang='lat' dir='ltr'><strong>in</strong></span> <span class='ocrx_word' id='word_1_719' title='bbox 2254 4650 2614 4718; x_wconf 70' lang='lat' dir='ltr'><strong>praecipitium</strong></span> <span class='ocrx_word' id='word_1_720' title='bbox 2670 4646 2867 4702; x_wconf 88' lang='lat' dir='ltr'><strong>inferni</strong></span> <span class='ocrx_word' id='word_1_721' title='bbox 2913 4648 3155 4700; x_wconf 84' lang='lat' dir='ltr'><strong>homines</strong></span> <span class='ocrx_word' id='word_1_722' title='bbox 3192 4663 3256 4701; x_wconf 92' lang='lat' dir='ltr'><strong>eo</strong></span> <span class='ocrx_word' id='word_1_723' title='bbox 3283 4663 3435 4703; x_wconf 88' lang='lat' dir='ltr'><strong>more</strong></span> 
     </span>
    </p>
   </div>
   <div class='ocr_carea' id='block_1_98' title="bbox 1848 4740 3434 4813">
    <p class='ocr_par' dir='ltr' id='par_1_98' title="bbox 1848 4740 3434 4813">
     <span class='ocr_line' id='line_1_98' title="bbox 1848 4740 3434 4813; baseline 0.001 -20"><span class='ocrx_word' id='word_1_724' title='bbox 1848 4743 2102 4813; x_wconf 64' lang='lat' dir='ltr'><strong>praeditos</strong></span> <span class='ocrx_word' id='word_1_725' title='bbox 2149 4741 2346 4797; x_wconf 81' lang='lat' dir='ltr'><strong>defert.</strong></span> <span class='ocrx_word' id='word_1_726' title='bbox 2403 4741 2677 4809; x_wconf 88' lang='lat' dir='ltr'><strong>Scriptum</strong></span> <span class='ocrx_word' id='word_1_727' title='bbox 2720 4751 2801 4794; x_wconf 84' lang='lat' dir='ltr'><strong>est</strong></span> <span class='ocrx_word' id='word_1_728' title='bbox 2850 4740 3036 4801; x_wconf 88' lang='lat' dir='ltr'><strong>etiam,</strong></span> <span class='ocrx_word' id='word_1_729' title='bbox 3091 4750 3321 4793; x_wconf 89' lang='lat' dir='ltr'><strong>mortem</strong></span> <span class='ocrx_word' id='word_1_730' title='bbox 3371 4754 3434 4794; x_wconf 91' lang='lat' dir='ltr'><strong>ac</strong></span> 
     </span>
    </p>
   </div>
   <div class='ocr_carea' id='block_1_99' title="bbox 1846 4831 3431 4901">
    <p class='ocr_par' dir='ltr' id='par_1_99' title="bbox 1846 4831 3431 4901">
     <span class='ocr_line' id='line_1_99' title="bbox 1846 4831 3431 4901; baseline -0.001 -14"><span class='ocrx_word' id='word_1_731' title='bbox 1846 4837 2015 4889; x_wconf 87' lang='lat' dir='ltr'><strong>vitam</strong></span> <span class='ocrx_word' id='word_1_732' title='bbox 2046 4849 2166 4889; x_wconf 85' lang='lat' dir='ltr'><strong>esse</strong></span> <span class='ocrx_word' id='word_1_733' title='bbox 2202 4834 2253 4887; x_wconf 94' lang='lat' dir='ltr'><strong>in</strong></span> <span class='ocrx_word' id='word_1_734' title='bbox 2288 4850 2450 4887; x_wconf 84' lang='lat' dir='ltr'><strong>manu</strong></span> <span class='ocrx_word' id='word_1_735' title='bbox 2496 4833 2713 4901; x_wconf 69' lang='lat' dir='ltr'><strong>linguas,</strong></span> <span class='ocrx_word' id='word_1_736' title='bbox 2752 4844 2807 4886; x_wconf 91' lang='lat' dir='ltr'><strong>et</strong></span> <span class='ocrx_word' id='word_1_737' title='bbox 2850 4833 2940 4901; x_wconf 89' lang='lat' dir='ltr'><strong>qui</strong></span> <span class='ocrx_word' id='word_1_738' title='bbox 2973 4831 3114 4885; x_wconf 89' lang='lat' dir='ltr'><strong>illam</strong></span> <span class='ocrx_word' id='word_1_739' title='bbox 3151 4834 3431 4897; x_wconf 80' lang='lat' dir='ltr'><strong>cohibent,</strong></span> 
     </span>
    </p>
   </div>
   <div class='ocr_carea' id='block_1_100' title="bbox 1848 4924 3434 4995">
    <p class='ocr_par' dir='ltr' id='par_1_100' title="bbox 1848 4924 3434 4995">
     <span class='ocr_line' id='line_1_100' title="bbox 1848 4924 3434 4995; baseline -0.003 -14"><span class='ocrx_word' id='word_1_740' title='bbox 1848 4927 2011 4981; x_wconf 81' lang='lat' dir='ltr'><strong>edere</strong></span> <span class='ocrx_word' id='word_1_741' title='bbox 2042 4925 2249 4980; x_wconf 85' lang='lat' dir='ltr'><strong>fructus</strong></span> <span class='ocrx_word' id='word_1_742' title='bbox 2279 4928 2398 4995; x_wconf 77' lang='lat' dir='ltr'><strong>ejus</strong></span> <span class='ocrx_word' id='word_1_743' title='bbox 2425 4926 2493 4978; x_wconf 88' lang='grc'><strong>⁷⁸.</strong></span> <span class='ocrx_word' id='word_1_744' title='bbox 2525 4925 2675 4978; x_wconf 83' lang='lat' dir='ltr'><strong>Alius</strong></span> <span class='ocrx_word' id='word_1_745' title='bbox 2700 4925 2865 4978; x_wconf 88' lang='lat' dir='ltr'><strong>etiam</strong></span> <span class='ocrx_word' id='word_1_746' title='bbox 2898 4926 3122 4991; x_wconf 88' lang='lat' dir='ltr'><strong>sapiens</strong></span> <span class='ocrx_word' id='word_1_747' title='bbox 3151 4939 3251 4977; x_wconf 83' lang='lat' dir='ltr'><strong>nos</strong></span> <span class='ocrx_word' id='word_1_748' title='bbox 3300 4924 3434 4977; x_wconf 75' lang='lat' dir='ltr'><strong>allo-</strong></span> 
     </span>
    </p>
   </div>
   <div class='ocr_carea' id='block_1_101' title="bbox 1849 5014 3429 5082">
    <p class='ocr_par' dir='ltr' id='par_1_101' title="bbox 1849 5014 3429 5082">
     <span class='ocr_line' id='line_1_101' title="bbox 1849 5014 3429 5082; baseline 0.001 -14"><span class='ocrx_word' id='word_1_749' title='bbox 1849 5026 2004 5069; x_wconf 87' lang='lat' dir='ltr'><strong>cutus</strong></span> <span class='ocrx_word' id='word_1_750' title='bbox 2042 5024 2164 5068; x_wconf 88' lang='lat' dir='ltr'><strong>est:</strong></span> <span class='ocrx_word' id='word_1_751' title='bbox 2220 5034 2237 5067; x_wconf 82' lang='grc' dir='ltr'><strong>ι</strong></span> <span class='ocrx_word' id='word_1_752' title='bbox 2281 5014 2335 5069; x_wconf 89' lang='lat' dir='ltr'><strong>Si</strong></span> <span class='ocrx_word' id='word_1_753' title='bbox 2374 5030 2559 5069; x_wconf 86' lang='lat' dir='ltr'><strong>revera</strong></span> <span class='ocrx_word' id='word_1_754' title='bbox 2598 5023 2681 5070; x_wconf 89' lang='lat' dir='ltr'><strong>est</strong></span> <span class='ocrx_word' id='word_1_755' title='bbox 2723 5015 2818 5068; x_wconf 87' lang='lat' dir='ltr'><strong>tibi</strong></span> <span class='ocrx_word' id='word_1_756' title='bbox 2867 5030 3048 5069; x_wconf 89' lang='lat' dir='ltr'><strong>sermo</strong></span> <span class='ocrx_word' id='word_1_757' title='bbox 3109 5016 3429 5082; x_wconf 80' lang='lat' dir='ltr'><strong>prudentiae,</strong></span> 
     </span>
    </p>
   </div>
   <div class='ocr_carea' id='block_1_102' title="bbox 1851 5107 3424 5177">
    <p class='ocr_par' dir='ltr' id='par_1_102' title="bbox 1851 5107 3424 5177">
     <span class='ocr_line' id='line_1_102' title="bbox 1851 5107 3424 5177; baseline -0.002 -15"><span class='ocrx_word' id='word_1_758' title='bbox 1851 5112 2157 5177; x_wconf 87' lang='lat' dir='ltr'><strong>responde:</strong></span> <span class='ocrx_word' id='word_1_759' title='bbox 2192 5110 2273 5162; x_wconf 90' lang='lat' dir='ltr'><strong>sin</strong></span> <span class='ocrx_word' id='word_1_760' title='bbox 2326 5111 2522 5170; x_wconf 89' lang='lat' dir='ltr'><strong>minus,</strong></span> <span class='ocrx_word' id='word_1_761' title='bbox 2570 5120 2762 5161; x_wconf 86' lang='lat' dir='ltr'><strong>manus</strong></span> <span class='ocrx_word' id='word_1_762' title='bbox 2797 5107 2867 5160; x_wconf 90' lang='lat' dir='ltr'><strong>sit</strong></span> <span class='ocrx_word' id='word_1_763' title='bbox 2897 5107 2959 5159; x_wconf 88' lang='lat' dir='ltr'><strong>ad</strong></span> <span class='ocrx_word' id='word_1_764' title='bbox 3012 5122 3074 5160; x_wconf 90' lang='lat' dir='ltr'><strong>os</strong></span> <span class='ocrx_word' id='word_1_765' title='bbox 3125 5108 3362 5160; x_wconf 80' lang='lat' dir='ltr'><strong>tuum&quot;.</strong></span> <span class='ocrx_word' id='word_1_766' title='bbox 3407 5126 3424 5159; x_wconf 70' lang='grc' dir='ltr'><strong>ι</strong></span> 
     </span>
    </p>
   </div>
   <div class='ocr_carea' id='block_1_103' title="bbox 1850 5197 3430 5268">
    <p class='ocr_par' dir='ltr' id='par_1_103' title="bbox 1850 5197 3430 5268">
     <span class='ocr_line' id='line_1_103' title="bbox 1850 5197 3430 5268; baseline -0.003 -14"><span class='ocrx_word' id='word_1_767' title='bbox 1850 5199 1984 5254; x_wconf 80' lang='lat' dir='ltr'><strong>Nam</strong></span> <span class='ocrx_word' id='word_1_768' title='bbox 2036 5202 2200 5255; x_wconf 90' lang='lat' dir='ltr'><strong>stulto</strong></span> <span class='ocrx_word' id='word_1_769' title='bbox 2243 5199 2479 5253; x_wconf 89' lang='lat' dir='ltr'><strong>sermoni</strong></span> <span class='ocrx_word' id='word_1_770' title='bbox 2536 5197 2929 5268; x_wconf 65' lang='lat' dir='ltr'><strong>praeferendum</strong></span> <span class='ocrx_word' id='word_1_771' title='bbox 2986 5210 3109 5251; x_wconf 82' lang='lat' dir='ltr'><strong>esse</strong></span> <span class='ocrx_word' id='word_1_772' title='bbox 3155 5197 3430 5251; x_wconf 87' lang='lat' dir='ltr'><strong>silentium</strong></span> 
     </span>
    </p>
   </div>
   <div class='ocr_carea' id='block_1_104' title="bbox 851 5374 1738 5444">
    <p class='ocr_par' dir='ltr' id='par_1_104' title="bbox 851 5374 1738 5443">
     <span class='ocr_line' id='line_1_104' title="bbox 851 5374 1738 5443; baseline 0.002 -13"><span class='ocrx_word' id='word_1_773' title='bbox 851 5379 899 5409; x_wconf 83' lang='lat'>&quot;</span> <span class='ocrx_word' id='word_1_774' title='bbox 920 5374 1036 5431; x_wconf 83' lang='lat' dir='ltr'><strong>Jac.</strong></span> <span class='ocrx_word' id='word_1_775' title='bbox 1070 5390 1150 5443; x_wconf 80' lang='grc' dir='ltr'>ιιι,</span> <span class='ocrx_word' id='word_1_776' title='bbox 1182 5376 1304 5432; x_wconf 84' lang='lat'><strong>5-8.</strong></span> <span class='ocrx_word' id='word_1_777' title='bbox 1385 5374 1430 5408; x_wconf 84' lang='grc'><strong>’⁷</strong></span> <span class='ocrx_word' id='word_1_778' title='bbox 1455 5376 1597 5432; x_wconf 88' lang='lat' dir='ltr'><strong>Psal.</strong></span> <span class='ocrx_word' id='word_1_779' title='bbox 1627 5393 1738 5441; x_wconf 69' lang='lat' dir='ltr'><strong>est.</strong></span> 
     </span>
    </p>
   </div>
   <div class='ocr_carea' id='block_1_105' title="bbox 1843 5374 3074 5444">
    <p class='ocr_par' dir='ltr' id='par_1_105' title="bbox 1867 5376 3074 5443">
     <span class='ocr_line' id='line_1_105' title="bbox 1867 5376 3074 5443; baseline -0.004 -11"><span class='ocrx_word' id='word_1_780' title='bbox 1867 5379 1917 5433; x_wconf 71' lang='grc' dir='ltr'>ι.</span> <span class='ocrx_word' id='word_1_781' title='bbox 1996 5378 2041 5410; x_wconf 86' lang='grc'><strong><em>⁷⁸</em></strong></span> <span class='ocrx_word' id='word_1_782' title='bbox 2070 5376 2227 5433; x_wconf 83' lang='lat' dir='ltr'><strong>Prov.</strong></span> <span class='ocrx_word' id='word_1_783' title='bbox 2270 5391 2424 5443; x_wconf 78' lang='lat' dir='ltr'><strong>svnt,</strong></span> <span class='ocrx_word' id='word_1_784' title='bbox 2459 5379 2552 5433; x_wconf 71' lang='lat'><strong>2|.</strong></span> <span class='ocrx_word' id='word_1_785' title='bbox 2630 5380 2676 5410; x_wconf 86' lang='lat'>&quot;</span> <span class='ocrx_word' id='word_1_786' title='bbox 2705 5376 2871 5432; x_wconf 83' lang='lat' dir='ltr'><strong>Eccli.</strong></span> <span class='ocrx_word' id='word_1_787' title='bbox 2906 5391 2955 5439; x_wconf 80' lang='grc' dir='ltr'><strong>ν,</strong></span> <span class='ocrx_word' id='word_1_788' title='bbox 2988 5377 3074 5428; x_wconf 74' lang='grc' dir='ltr'><strong>Η.</strong></span> 
     </span>
    </p>
   </div>
   <div class='ocr_carea' id='block_1_106' title="bbox 1433 5533 2181 5593">
    <p class='ocr_par' dir='ltr' id='par_1_106' title="bbox 1433 5533 2181 5593">
     <span class='ocr_line' id='line_1_106' title="bbox 1433 5533 2181 5593; baseline 0.004 -4"><span class='ocrx_word' id='word_1_789' title='bbox 1433 5533 1592 5591; x_wconf 79' lang='grc' dir='ltr'><strong>ΑΝΤ.</strong></span> <span class='ocrx_word' id='word_1_790' title='bbox 1634 5535 1908 5592; x_wconf 80' lang='lat' dir='ltr'><strong>AGELLil</strong></span> <span class='ocrx_word' id='word_1_791' title='bbox 1947 5536 2181 5593; x_wconf 69' lang='lat' dir='ltr'><strong>NOTAE.</strong></span> 
     </span>
    </p>
   </div>
   <div class='ocr_carea' id='block_1_107' title="bbox 216 5690 3417 5771">
    <p class='ocr_par' dir='ltr' id='par_1_107' title="bbox 216 5690 3417 5771">
     <span class='ocr_line' id='line_1_107' title="bbox 216 5690 3417 5771; baseline -0.004 -14"><span class='ocrx_word' id='word_1_792' title='bbox 216 5704 330 5771; x_wconf 70' lang='lat' dir='ltr'><strong>(l0)</strong></span> <span class='ocrx_word' id='word_1_793' title='bbox 357 5702 411 5756; x_wconf 88' lang='lat' dir='ltr'><strong>lu</strong></span> <span class='ocrx_word' id='word_1_794' title='bbox 441 5695 761 5771; x_wconf 77' lang='lat' dir='ltr'><strong>PrOVerbiis</strong></span> <span class='ocrx_word' id='word_1_795' title='bbox 790 5692 999 5771; x_wconf 75' lang='lat' dir='ltr'><strong>estltoc</strong></span> <span class='ocrx_word' id='word_1_796' title='bbox 1023 5705 1214 5748; x_wconf 89' lang='lat' dir='ltr'><strong>nomen</strong></span> <span class='ocrx_word' id='word_1_797' title='bbox 1243 5691 1476 5762; x_wconf 86' lang='lat' dir='ltr'><strong>positum</strong></span> <span class='ocrx_word' id='word_1_798' title='bbox 1502 5705 1621 5761; x_wconf 82' lang='lat' dir='ltr'><strong>cap.</strong></span> <span class='ocrx_word' id='word_1_799' title='bbox 1683 5705 1757 5759; x_wconf 79' lang='lat' dir='ltr'><strong>ts,</strong></span> <span class='ocrx_word' id='word_1_800' title='bbox 1800 5707 1938 5749; x_wconf 80' lang='lat' dir='ltr'><strong>vers.</strong></span> <span class='ocrx_word' id='word_1_801' title='bbox 1988 5694 2071 5758; x_wconf 84' lang='lat' dir='ltr'><strong>l8,</strong></span> <span class='ocrx_word' id='word_1_802' title='bbox 2100 5693 2186 5749; x_wconf 87' lang='lat' dir='ltr'><strong>ubi</strong></span> <span class='ocrx_word' id='word_1_803' title='bbox 2214 5692 2402 5749; x_wconf 85' lang='lat' dir='ltr'><strong>Latina</strong></span> <span class='ocrx_word' id='word_1_804' title='bbox 2435 5693 2811 5764; x_wconf 82' lang='lat' dir='ltr'><strong>interpretatio</strong></span> <span class='ocrx_word' id='word_1_805' title='bbox 2844 5693 3004 5751; x_wconf 81' lang='lat' dir='ltr'><strong>habet</strong></span> <span class='ocrx_word' id='word_1_806' title='bbox 3038 5711 3050 5748; x_wconf 88' lang='lat'><strong>;</strong></span> <span class='ocrx_word' id='word_1_807' title='bbox 3094 5690 3154 5745; x_wconf 79' lang='lat' dir='ltr'><strong>Et</strong></span> <span class='ocrx_word' id='word_1_808' title='bbox 3199 5693 3255 5745; x_wconf 81' lang='lat' dir='ltr'><strong>in</strong></span> <span class='ocrx_word' id='word_1_809' title='bbox 3291 5708 3417 5759; x_wconf 85' lang='lat' dir='ltr'><strong>pru-</strong></span> 
     </span>
    </p>
   </div>
   <div class='ocr_carea' id='block_1_108' title="bbox 154 5764 987 5837">
    <p class='ocr_par' dir='ltr' id='par_1_108' title="bbox 154 5764 987 5837">
     <span class='ocr_line' id='line_1_108' title="bbox 154 5764 987 5837; baseline -0.011 -13"><span class='ocrx_word' id='word_1_810' title='bbox 154 5764 327 5829; x_wconf 70' lang='lat' dir='ltr'><strong>lundts</strong></span> <span class='ocrx_word' id='word_1_811' title='bbox 353 5772 551 5837; x_wconf 74' lang='lat' dir='ltr'><strong>inferni</strong></span> <span class='ocrx_word' id='word_1_812' title='bbox 584 5768 819 5822; x_wconf 74' lang='grc' dir='ltr'>εοηυίινιε</span> <span class='ocrx_word' id='word_1_813' title='bbox 855 5764 987 5831; x_wconf 82' lang='lat' dir='ltr'><strong>ejus.</strong></span> 
     </span>
    </p>
   </div>
  </div>
