  <div class='ocr_page' id='page_1' title='image "/cluster/home/n/w/nwhite01/storage/ocr_20150623/76/ien.35556001661040/041.png"; bbox 0 0 4028 6432; ppageno 0'>
   <div class='ocr_carea' id='block_1_1' title="bbox 634 352 3887 421">
    <p class='ocr_par' dir='ltr' id='par_1_1' title="bbox 634 352 3887 421">
     <span class='ocr_line' id='line_1_1' title="bbox 634 352 3887 421; baseline 0.004 -14"><span class='ocrx_word' id='word_1_1' title='bbox 634 352 702 408; x_wconf 83' lang='lat'><strong>59</strong></span> <span class='ocrx_word' id='word_1_2' title='bbox 1615 356 1674 411; x_wconf 90' lang='lat' dir='ltr'><strong>S.</strong></span> <span class='ocrx_word' id='word_1_3' title='bbox 1712 355 1982 411; x_wconf 79' lang='lat' dir='ltr'><strong>CYRILLI</strong></span> <span class='ocrx_word' id='word_1_4' title='bbox 2027 359 2500 417; x_wconf 75' lang='lat' dir='ltr'><strong>ALEXANDRINI</strong></span> <span class='ocrx_word' id='word_1_5' title='bbox 2542 363 2860 420; x_wconf 78' lang='lat' dir='ltr'><strong>AHCHIEP.</strong></span> <span class='ocrx_word' id='word_1_6' title='bbox 3817 367 3887 421; x_wconf 85' lang='lat'><strong>60</strong></span> 
     </span>
    </p>
   </div>
   <div class='ocr_carea' id='block_1_2' title="bbox 632 463 2201 556">
    <p class='ocr_par' dir='ltr' id='par_1_2' title="bbox 632 463 2201 544">
     <span class='ocr_line' id='line_1_2' title="bbox 632 463 2201 544; baseline 0.008 -26"><span class='ocrx_word' id='word_1_7' title='bbox 632 465 718 518; x_wconf 90' lang='lat' dir='ltr'><strong>cui</strong></span> <span class='ocrx_word' id='word_1_8' title='bbox 761 463 832 521; x_wconf 86' lang='lat' dir='ltr'><strong>sit</strong></span> <span class='ocrx_word' id='word_1_9' title='bbox 881 463 1157 521; x_wconf 80' lang='lat' dir='ltr'><strong>dubium?</strong></span> <span class='ocrx_word' id='word_1_10' title='bbox 1206 465 1312 523; x_wconf 80' lang='lat' dir='ltr'><strong>Res</strong></span> <span class='ocrx_word' id='word_1_11' title='bbox 1365 473 1693 526; x_wconf 81' lang='lat' dir='ltr'><strong>exsecranda</strong></span> <span class='ocrx_word' id='word_1_12' title='bbox 1756 475 2023 544; x_wconf 71' lang='lat' dir='ltr'><strong>pmcipue</strong></span> <span class='ocrx_word' id='word_1_13' title='bbox 2058 492 2201 532; x_wconf 87' lang='lat' dir='ltr'><strong>accr-</strong></span> 
     </span>
    </p>
   </div>
   <div class='ocr_carea' id='block_1_3' title="bbox 2300 463 3887 556">
    <p class='ocr_par' dir='ltr' id='par_1_3' title="bbox 2323 481 3887 556">
     <span class='ocr_line' id='line_1_3' title="bbox 2323 481 3887 556; baseline 0.004 -22"><span class='ocrx_word' id='word_1_14' title='bbox 2323 481 2629 552; x_wconf 86' lang='grc' dir='ltr'>Ἐπάρατον</span> <span class='ocrx_word' id='word_1_15' title='bbox 2659 484 2716 536; x_wconf 80' lang='grc' dir='ltr'>δὲ</span> <span class='ocrx_word' id='word_1_16' title='bbox 2743 486 2837 536; x_wconf 76' lang='grc' dir='ltr'>καὶ</span> <span class='ocrx_word' id='word_1_17' title='bbox 2861 483 3062 556; x_wconf 82' lang='grc' dir='ltr'>ἑτέρως</span> <span class='ocrx_word' id='word_1_18' title='bbox 3089 484 3152 537; x_wconf 80' lang='grc' dir='ltr'><strong>τὸ</strong></span> <span class='ocrx_word' id='word_1_19' title='bbox 3184 485 3414 555; x_wconf 81' lang='grc' dir='ltr'>πικροὺς</span> <span class='ocrx_word' id='word_1_20' title='bbox 3444 485 3761 556; x_wconf 83' lang='grc' dir='ltr'>ὲρεύγεσθαι</span> <span class='ocrx_word' id='word_1_21' title='bbox 3801 488 3887 540; x_wconf 82' lang='grc' dir='ltr'>λό·</span> 
     </span>
    </p>
   </div>
   <div class='ocr_carea' id='block_1_4' title="bbox 633 556 2208 631">
    <p class='ocr_par' dir='ltr' id='par_1_4' title="bbox 633 556 2208 631">
     <span class='ocr_line' id='line_1_4' title="bbox 633 556 2208 631; baseline 0.008 -21"><span class='ocrx_word' id='word_1_22' title='bbox 633 556 853 610; x_wconf 83' lang='lat' dir='ltr'><strong>bitatetn</strong></span> <span class='ocrx_word' id='word_1_23' title='bbox 881 556 1167 611; x_wconf 81' lang='lat' dir='ltr'><strong>verborum</strong></span> <span class='ocrx_word' id='word_1_24' title='bbox 1223 569 1496 626; x_wconf 88' lang='lat' dir='ltr'><strong>eructare,</strong></span> <span class='ocrx_word' id='word_1_25' title='bbox 1541 571 1597 616; x_wconf 91' lang='lat' dir='ltr'><strong>et</strong></span> <span class='ocrx_word' id='word_1_26' title='bbox 1635 563 1859 631; x_wconf 92' lang='lat' dir='ltr'><strong>impium</strong></span> <span class='ocrx_word' id='word_1_27' title='bbox 1906 581 2208 623; x_wconf 86' lang='lat' dir='ltr'><strong>sermonem</strong></span> 
     </span>
    </p>
   </div>
   <div class='ocr_carea' id='block_1_5' title="bbox 631 645 2207 727">
    <p class='ocr_par' dir='ltr' id='par_1_5' title="bbox 631 645 2207 727">
     <span class='ocr_line' id='line_1_5' title="bbox 631 645 2207 727; baseline 0.01 -30"><span class='ocrx_word' id='word_1_28' title='bbox 631 645 895 698; x_wconf 87' lang='lat' dir='ltr'><strong>adversus</strong></span> <span class='ocrx_word' id='word_1_29' title='bbox 923 645 1246 701; x_wconf 72' lang='lat' dir='ltr'><strong>ineffabilem</strong></span> <span class='ocrx_word' id='word_1_30' title='bbox 1283 647 1426 701; x_wconf 82' lang='lat' dir='ltr'><strong>illam</strong></span> <span class='ocrx_word' id='word_1_31' title='bbox 1471 649 1694 720; x_wconf 75' lang='lat' dir='ltr'><strong>gloriam</strong></span> <span class='ocrx_word' id='word_1_32' title='bbox 1727 652 2022 719; x_wconf 76' lang='lat' dir='ltr'><strong>effundere,</strong></span> <span class='ocrx_word' id='word_1_33' title='bbox 2046 673 2207 727; x_wconf 87' lang='lat' dir='ltr'><strong>quam</strong></span> 
     </span>
    </p>
   </div>
   <div class='ocr_carea' id='block_1_6' title="bbox 631 733 2206 814">
    <p class='ocr_par' dir='ltr' id='par_1_6' title="bbox 631 733 2206 814">
     <span class='ocr_line' id='line_1_6' title="bbox 631 733 2206 814; baseline 0.012 -29"><span class='ocrx_word' id='word_1_34' title='bbox 631 733 908 804; x_wconf 75' lang='lat' dir='ltr'><strong>perpetuis</strong></span> <span class='ocrx_word' id='word_1_35' title='bbox 935 749 964 788; x_wconf 72' lang='grc' dir='ltr'><strong>α</strong></span> <span class='ocrx_word' id='word_1_36' title='bbox 1025 736 1179 790; x_wconf 84' lang='lat' dir='ltr'><strong>nobis</strong></span> <span class='ocrx_word' id='word_1_37' title='bbox 1217 737 1476 793; x_wconf 89' lang='lat' dir='ltr'><strong>celebrari</strong></span> <span class='ocrx_word' id='word_1_38' title='bbox 1525 740 1778 798; x_wconf 80' lang='lat' dir='ltr'><strong>laudibus</strong></span> <span class='ocrx_word' id='word_1_39' title='bbox 1825 761 2035 814; x_wconf 63' lang='lat' dir='ltr'><strong>aequum</strong></span> <span class='ocrx_word' id='word_1_40' title='bbox 2069 758 2206 804; x_wconf 88' lang='lat' dir='ltr'><strong>erat.</strong></span> 
     </span>
    </p>
   </div>
   <div class='ocr_carea' id='block_1_7' title="bbox 632 820 2210 901">
    <p class='ocr_par' dir='ltr' id='par_1_7' title="bbox 632 820 2210 901">
     <span class='ocr_line' id='line_1_7' title="bbox 632 820 2210 901; baseline 0.011 -25"><span class='ocrx_word' id='word_1_41' title='bbox 632 820 930 879; x_wconf 86' lang='lat' dir='ltr'><strong>Peccautes</strong></span> <span class='ocrx_word' id='word_1_42' title='bbox 992 835 1170 881; x_wconf 88' lang='lat' dir='ltr'><strong>autem</strong></span> <span class='ocrx_word' id='word_1_43' title='bbox 1198 828 1250 881; x_wconf 94' lang='lat' dir='ltr'><strong>in</strong></span> <span class='ocrx_word' id='word_1_44' title='bbox 1305 827 1522 897; x_wconf 76' lang='lat' dir='ltr'><strong>fratres,</strong></span> <span class='ocrx_word' id='word_1_45' title='bbox 1567 836 2012 901; x_wconf 77' lang='lat' dir='ltr'><strong>etpercutientes</strong></span> <span class='ocrx_word' id='word_1_46' title='bbox 2061 839 2210 893; x_wconf 81' lang='lat' dir='ltr'><strong>inﬁr-</strong></span> 
     </span>
    </p>
   </div>
   <div class='ocr_carea' id='block_1_8' title="bbox 635 919 2204 997">
    <p class='ocr_par' dir='ltr' id='par_1_8' title="bbox 635 919 2204 997">
     <span class='ocr_line' id='line_1_8' title="bbox 635 919 2204 997; baseline 0.011 -31"><span class='ocrx_word' id='word_1_47' title='bbox 635 928 775 967; x_wconf 90' lang='lat' dir='ltr'><strong>mam</strong></span> <span class='ocrx_word' id='word_1_48' title='bbox 807 929 993 970; x_wconf 91' lang='lat' dir='ltr'><strong>eorum</strong></span> <span class='ocrx_word' id='word_1_49' title='bbox 1045 919 1450 986; x_wconf 75' lang='lat' dir='ltr'><strong>conscientiam,</strong></span> <span class='ocrx_word' id='word_1_50' title='bbox 1496 923 1548 976; x_wconf 93' lang='lat' dir='ltr'><strong>in</strong></span> <span class='ocrx_word' id='word_1_51' title='bbox 1580 923 1850 978; x_wconf 79' lang='lat' dir='ltr'><strong>Christum</strong></span> <span class='ocrx_word' id='word_1_52' title='bbox 1898 944 2204 997; x_wconf 81' lang='lat' dir='ltr'><strong>peccamus.</strong></span> 
     </span>
    </p>
   </div>
   <div class='ocr_carea' id='block_1_9' title="bbox 632 1005 2206 1084">
    <p class='ocr_par' dir='ltr' id='par_1_9' title="bbox 632 1005 2206 1084">
     <span class='ocr_line' id='line_1_9' title="bbox 632 1005 2206 1084; baseline 0.012 -26"><span class='ocrx_word' id='word_1_53' title='bbox 632 1005 726 1058; x_wconf 86' lang='lat' dir='ltr'><strong>Sic</strong></span> <span class='ocrx_word' id='word_1_54' title='bbox 757 1021 989 1075; x_wconf 89' lang='lat' dir='ltr'><strong>namque</strong></span> <span class='ocrx_word' id='word_1_55' title='bbox 1017 1006 1206 1063; x_wconf 87' lang='lat' dir='ltr'><strong>beatus</strong></span> <span class='ocrx_word' id='word_1_56' title='bbox 1233 1009 1432 1067; x_wconf 88' lang='lat' dir='ltr'><strong>Paulus</strong></span> <span class='ocrx_word' id='word_1_57' title='bbox 1473 1013 1691 1083; x_wconf 83' lang='lat' dir='ltr'><strong>scripsit</strong></span> <span class='ocrx_word' id='word_1_58' title='bbox 1720 1017 1786 1068; x_wconf 81' lang='lat'><strong>&#39;°.</strong></span> <span class='ocrx_word' id='word_1_59' title='bbox 1820 1019 1970 1084; x_wconf 81' lang='lat' dir='ltr'><strong>Quod</strong></span> <span class='ocrx_word' id='word_1_60' title='bbox 2003 1021 2206 1077; x_wconf 81' lang='lat' dir='ltr'><strong>idcirco</strong></span> 
     </span>
    </p>
   </div>
   <div class='ocr_carea' id='block_1_10' title="bbox 631 1097 2207 1174">
    <p class='ocr_par' dir='ltr' id='par_1_10' title="bbox 631 1097 2207 1174">
     <span class='ocr_line' id='line_1_10' title="bbox 631 1097 2207 1174; baseline 0.011 -25"><span class='ocrx_word' id='word_1_61' title='bbox 631 1097 775 1160; x_wconf 89' lang='lat' dir='ltr'><strong>dico,</strong></span> <span class='ocrx_word' id='word_1_62' title='bbox 804 1098 999 1166; x_wconf 90' lang='lat' dir='ltr'><strong>quiain</strong></span> <span class='ocrx_word' id='word_1_63' title='bbox 1024 1100 1282 1166; x_wconf 85' lang='lat' dir='ltr'><strong>quosdam</strong></span> <span class='ocrx_word' id='word_1_64' title='bbox 1319 1101 1483 1157; x_wconf 91' lang='lat' dir='ltr'><strong>incidi</strong></span> <span class='ocrx_word' id='word_1_65' title='bbox 1510 1104 1741 1160; x_wconf 86' lang='lat' dir='ltr'><strong>Nestorii</strong></span> <span class='ocrx_word' id='word_1_66' title='bbox 1765 1123 2043 1166; x_wconf 87' lang='lat' dir='ltr'><strong>sermones</strong></span> <span class='ocrx_word' id='word_1_67' title='bbox 2064 1151 2078 1174; x_wconf 94' lang='lat'><strong>,</strong></span> <span class='ocrx_word' id='word_1_68' title='bbox 2109 1128 2207 1166; x_wconf 84' lang='lat' dir='ltr'><strong>nec</strong></span> 
     </span>
    </p>
   </div>
   <div class='ocr_carea' id='block_1_11' title="bbox 629 1188 2206 1261">
    <p class='ocr_par' dir='ltr' id='par_1_11' title="bbox 629 1188 2206 1261">
     <span class='ocr_line' id='line_1_11' title="bbox 629 1188 2206 1261; baseline 0.012 -23"><span class='ocrx_word' id='word_1_69' title='bbox 629 1190 1003 1243; x_wconf 83' lang='lat' dir='ltr'><strong>tantummodo</strong></span> <span class='ocrx_word' id='word_1_70' title='bbox 1034 1188 1180 1244; x_wconf 91' lang='lat' dir='ltr'><strong>illum</strong></span> <span class='ocrx_word' id='word_1_71' title='bbox 1211 1206 1410 1261; x_wconf 88' lang='lat' dir='ltr'><strong>negare</strong></span> <span class='ocrx_word' id='word_1_72' title='bbox 1463 1194 1619 1249; x_wconf 89' lang='lat' dir='ltr'><strong>video</strong></span> <span class='ocrx_word' id='word_1_73' title='bbox 1678 1198 1955 1253; x_wconf 79' lang='lat' dir='ltr'><strong>dicendam</strong></span> <span class='ocrx_word' id='word_1_74' title='bbox 1987 1217 2015 1254; x_wconf 89' lang='lat' dir='ltr'><strong>a</strong></span> <span class='ocrx_word' id='word_1_75' title='bbox 2051 1203 2206 1258; x_wconf 88' lang='lat' dir='ltr'><strong>nobis</strong></span> 
     </span>
    </p>
   </div>
   <div class='ocr_carea' id='block_1_12' title="bbox 629 1277 2207 1354">
    <p class='ocr_par' dir='ltr' id='par_1_12' title="bbox 629 1277 2207 1354">
     <span class='ocr_line' id='line_1_12' title="bbox 629 1277 2207 1354; baseline 0.011 -24"><span class='ocrx_word' id='word_1_76' title='bbox 629 1288 875 1332; x_wconf 84' lang='lat' dir='ltr'><strong>sanetam</strong></span> <span class='ocrx_word' id='word_1_77' title='bbox 895 1277 1042 1333; x_wconf 88' lang='lat' dir='ltr'><strong>illam</strong></span> <span class='ocrx_word' id='word_1_78' title='bbox 1075 1280 1350 1349; x_wconf 76' lang='lat' dir='ltr'><strong>Virginem</strong></span> <span class='ocrx_word' id='word_1_79' title='bbox 1381 1299 1501 1340; x_wconf 91' lang='lat' dir='ltr'><strong>esse</strong></span> <span class='ocrx_word' id='word_1_80' title='bbox 1524 1285 1617 1341; x_wconf 84' lang='lat' dir='ltr'><strong>Dei</strong></span> <span class='ocrx_word' id='word_1_81' title='bbox 1651 1297 1970 1354; x_wconf 87' lang='lat' dir='ltr'><strong>matrem,et</strong></span> <span class='ocrx_word' id='word_1_82' title='bbox 1995 1292 2207 1348; x_wconf 87' lang='lat' dir='ltr'><strong>Emma-</strong></span> 
     </span>
    </p>
   </div>
   <div class='ocr_carea' id='block_1_13' title="bbox 631 1365 2206 1455">
    <p class='ocr_par' dir='ltr' id='par_1_13' title="bbox 631 1365 2206 1455">
     <span class='ocr_line' id='line_1_13' title="bbox 631 1365 2206 1455; baseline 0.013 -36"><span class='ocrx_word' id='word_1_83' title='bbox 631 1365 842 1421; x_wconf 91' lang='lat' dir='ltr'><strong>nuelem</strong></span> <span class='ocrx_word' id='word_1_84' title='bbox 903 1370 1177 1438; x_wconf 86' lang='lat' dir='ltr'><strong>peperisse</strong></span> <span class='ocrx_word' id='word_1_85' title='bbox 1233 1372 1324 1441; x_wconf 89' lang='lat' dir='ltr'><strong>qui</strong></span> <span class='ocrx_word' id='word_1_86' title='bbox 1359 1372 1499 1430; x_wconf 91' lang='lat' dir='ltr'><strong>Deus</strong></span> <span class='ocrx_word' id='word_1_87' title='bbox 1533 1387 1674 1443; x_wconf 86' lang='lat' dir='ltr'><strong>erat,</strong></span> <span class='ocrx_word' id='word_1_88' title='bbox 1704 1381 1797 1433; x_wconf 92' lang='lat' dir='ltr'><strong>sed</strong></span> <span class='ocrx_word' id='word_1_89' title='bbox 1831 1381 1951 1437; x_wconf 90' lang='lat' dir='ltr'><strong>aliis</strong></span> <span class='ocrx_word' id='word_1_90' title='bbox 1990 1399 2206 1455; x_wconf 88' lang='lat' dir='ltr'><strong>quoque</strong></span> 
     </span>
    </p>
   </div>
   <div class='ocr_carea' id='block_1_14' title="bbox 628 1456 2202 1531">
    <p class='ocr_par' dir='ltr' id='par_1_14' title="bbox 628 1456 2202 1531">
     <span class='ocr_line' id='line_1_14' title="bbox 628 1456 2202 1531; baseline 0.013 -22"><span class='ocrx_word' id='word_1_91' title='bbox 628 1456 805 1511; x_wconf 89' lang='lat' dir='ltr'><strong>modis</strong></span> <span class='ocrx_word' id='word_1_92' title='bbox 855 1457 1054 1514; x_wconf 90' lang='lat' dir='ltr'><strong>Christi</strong></span> <span class='ocrx_word' id='word_1_93' title='bbox 1122 1461 1306 1531; x_wconf 79' lang='lat' dir='ltr'><strong>gloria:</strong></span> <span class='ocrx_word' id='word_1_94' title='bbox 1376 1466 1653 1522; x_wconf 87' lang='lat' dir='ltr'><strong>adversari</strong></span> <span class='ocrx_word' id='word_1_95' title='bbox 1725 1474 2031 1529; x_wconf 87' lang='lat' dir='ltr'><strong>statuisse:</strong></span> <span class='ocrx_word' id='word_1_96' title='bbox 2079 1491 2202 1531; x_wconf 89' lang='lat' dir='ltr'><strong>nam</strong></span> 
     </span>
    </p>
   </div>
   <div class='ocr_carea' id='block_1_15' title="bbox 628 1546 2204 1630">
    <p class='ocr_par' dir='ltr' id='par_1_15' title="bbox 628 1546 2204 1630">
     <span class='ocr_line' id='line_1_15' title="bbox 628 1546 2204 1630; baseline 0.013 -29"><span class='ocrx_word' id='word_1_97' title='bbox 628 1546 902 1603; x_wconf 88' lang='lat' dir='ltr'><strong>Deiferum</strong></span> <span class='ocrx_word' id='word_1_98' title='bbox 932 1551 1082 1606; x_wconf 92' lang='lat' dir='ltr'><strong>illum</strong></span> <span class='ocrx_word' id='word_1_99' title='bbox 1108 1554 1261 1609; x_wconf 93' lang='lat' dir='ltr'><strong>nobis</strong></span> <span class='ocrx_word' id='word_1_100' title='bbox 1293 1565 1526 1610; x_wconf 89' lang='lat' dir='ltr'><strong>conatur</strong></span> <span class='ocrx_word' id='word_1_101' title='bbox 1572 1562 1883 1630; x_wconf 90' lang='lat' dir='ltr'><strong>ostendere,</strong></span> <span class='ocrx_word' id='word_1_102' title='bbox 1935 1580 2039 1619; x_wconf 93' lang='lat' dir='ltr'><strong>non</strong></span> <span class='ocrx_word' id='word_1_103' title='bbox 2077 1583 2204 1622; x_wconf 87' lang='lat' dir='ltr'><strong>vere</strong></span> 
     </span>
    </p>
   </div>
   <div class='ocr_carea' id='block_1_16' title="bbox 629 1633 2200 1723">
    <p class='ocr_par' dir='ltr' id='par_1_16' title="bbox 629 1633 2200 1723">
     <span class='ocr_line' id='line_1_16' title="bbox 629 1633 2200 1723; baseline 0.015 -35"><span class='ocrx_word' id='word_1_104' title='bbox 629 1633 820 1702; x_wconf 90' lang='lat' dir='ltr'><strong>Deum,</strong></span> <span class='ocrx_word' id='word_1_105' title='bbox 879 1639 973 1693; x_wconf 92' lang='lat' dir='ltr'><strong>sed</strong></span> <span class='ocrx_word' id='word_1_106' title='bbox 1031 1641 1305 1698; x_wconf 89' lang='lat' dir='ltr'><strong>hominem</strong></span> <span class='ocrx_word' id='word_1_107' title='bbox 1362 1647 1542 1714; x_wconf 90' lang='lat' dir='ltr'><strong>potius</strong></span> <span class='ocrx_word' id='word_1_108' title='bbox 1602 1663 1724 1704; x_wconf 94' lang='lat' dir='ltr'><strong>cum</strong></span> <span class='ocrx_word' id='word_1_109' title='bbox 1782 1652 1890 1708; x_wconf 87' lang='lat' dir='ltr'><strong>Deo</strong></span> <span class='ocrx_word' id='word_1_110' title='bbox 1948 1665 2200 1723; x_wconf 85' lang='lat' dir='ltr'><strong>tanquam</strong></span> 
     </span>
    </p>
   </div>
   <div class='ocr_carea' id='block_1_17' title="bbox 2311 575 3885 648">
    <p class='ocr_par' dir='ltr' id='par_1_17' title="bbox 2311 575 3885 648">
     <span class='ocr_line' id='line_1_17' title="bbox 2311 575 3885 648; baseline 0.004 -24"><span class='ocrx_word' id='word_1_111' title='bbox 2311 589 2463 640; x_wconf 88' lang='grc' dir='ltr'>γους,</span> <span class='ocrx_word' id='word_1_112' title='bbox 2501 575 2592 626; x_wconf 70' lang='grc' dir='ltr'>καὶ</span> <span class='ocrx_word' id='word_1_113' title='bbox 2619 575 2719 645; x_wconf 85' lang='grc' dir='ltr'><strong>τῆς</strong></span> <span class='ocrx_word' id='word_1_114' title='bbox 2752 576 3063 648; x_wconf 73' lang='grc' dir='ltr'>ἀπορρήτου</span> <span class='ocrx_word' id='word_1_115' title='bbox 3099 576 3256 648; x_wconf 81' lang='grc' dir='ltr'>δόξης</span> <span class='ocrx_word' id='word_1_116' title='bbox 3285 577 3546 646; x_wconf 80' lang='grc' dir='ltr'><strong>καταχέαι</strong></span> <span class='ocrx_word' id='word_1_117' title='bbox 3568 578 3750 645; x_wconf 76' lang='grc' dir='ltr'>φωνὰς</span> <span class='ocrx_word' id='word_1_118' title='bbox 3779 578 3885 640; x_wconf 84' lang='grc' dir='ltr'>τὰς</span> 
     </span>
    </p>
   </div>
   <div class='ocr_carea' id='block_1_18' title="bbox 2311 663 3886 738">
    <p class='ocr_par' dir='ltr' id='par_1_18' title="bbox 2311 663 3886 738">
     <span class='ocr_line' id='line_1_18' title="bbox 2311 663 3886 738; baseline 0.003 -22"><span class='ocrx_word' id='word_1_119' title='bbox 2311 663 2653 734; x_wconf 78' lang='grc' dir='ltr'>ἀλιτηρίουςο</span> <span class='ocrx_word' id='word_1_120' title='bbox 2705 665 2881 719; x_wconf 85' lang='grc' dir='ltr'>καίτοι</span> <span class='ocrx_word' id='word_1_121' title='bbox 2922 666 3040 720; x_wconf 87' lang='grc' dir='ltr'>δέον</span> <span class='ocrx_word' id='word_1_122' title='bbox 3081 668 3481 738; x_wconf 84' lang='grc' dir='ltr'>ἀκαταλήκτοις</span> <span class='ocrx_word' id='word_1_123' title='bbox 3510 668 3677 737; x_wconf 75' lang='grc' dir='ltr'>αὐτὴν</span> <span class='ocrx_word' id='word_1_124' title='bbox 3713 670 3886 738; x_wconf 79' lang='grc' dir='ltr'>εὐφη-</span> 
     </span>
    </p>
   </div>
   <div class='ocr_carea' id='block_1_19' title="bbox 2314 748 3883 829">
    <p class='ocr_par' dir='ltr' id='par_1_19' title="bbox 2314 748 3883 829">
     <span class='ocr_line' id='line_1_19' title="bbox 2314 748 3883 829; baseline 0.002 -21"><span class='ocrx_word' id='word_1_125' title='bbox 2314 756 2466 824; x_wconf 86' lang='grc' dir='ltr'>μίαις</span> <span class='ocrx_word' id='word_1_126' title='bbox 2511 757 3009 827; x_wconf 85' lang='grc' dir='ltr'>καταγεραίρεσθαι</span> <span class='ocrx_word' id='word_1_127' title='bbox 3058 758 3194 829; x_wconf 75' lang='grc' dir='ltr'>πρὸς</span> <span class='ocrx_word' id='word_1_128' title='bbox 3232 748 3411 829; x_wconf 78' lang='grc' dir='ltr'>ήμῶν.</span> <span class='ocrx_word' id='word_1_129' title='bbox 3449 759 3883 829; x_wconf 78' lang='grc' dir='ltr'>Ἀμαρτάνοντες</span> 
     </span>
    </p>
   </div>
   <div class='ocr_carea' id='block_1_20' title="bbox 2307 847 3882 920">
    <p class='ocr_par' dir='ltr' id='par_1_20' title="bbox 2307 847 3882 920">
     <span class='ocr_line' id='line_1_20' title="bbox 2307 847 3882 920; baseline 0.002 -21"><span class='ocrx_word' id='word_1_130' title='bbox 2307 847 2364 900; x_wconf 90' lang='grc' dir='ltr'>δὲ</span> <span class='ocrx_word' id='word_1_131' title='bbox 2392 848 2470 910; x_wconf 84' lang='grc' dir='ltr'><strong>είς</strong></span> <span class='ocrx_word' id='word_1_132' title='bbox 2509 849 2635 912; x_wconf 81' lang='grc' dir='ltr'>τοὺς</span> <span class='ocrx_word' id='word_1_133' title='bbox 2667 848 2949 918; x_wconf 79' lang='grc' dir='ltr'>ἀδελφοὺς,</span> <span class='ocrx_word' id='word_1_134' title='bbox 2986 849 3080 903; x_wconf 72' lang='grc' dir='ltr'><strong>καὶ</strong></span> <span class='ocrx_word' id='word_1_135' title='bbox 3104 849 3396 914; x_wconf 81' lang='grc' dir='ltr'><strong>τύπτοντες</strong></span> <span class='ocrx_word' id='word_1_136' title='bbox 3426 851 3754 905; x_wconf 69' lang='grc' dir='ltr'><strong>ἀσθενοῦσαν</strong></span> <span class='ocrx_word' id='word_1_137' title='bbox 3778 850 3882 920; x_wconf 82' lang='grc' dir='ltr'>τὴν</span> 
     </span>
    </p>
   </div>
   <div class='ocr_carea' id='block_1_21' title="bbox 2311 937 3879 1011">
    <p class='ocr_par' dir='ltr' id='par_1_21' title="bbox 2311 937 3879 1011">
     <span class='ocr_line' id='line_1_21' title="bbox 2311 937 3879 1011; baseline 0.005 -24"><span class='ocrx_word' id='word_1_138' title='bbox 2311 937 2630 1006; x_wconf 77' lang='grc' dir='ltr'><strong>συνείδησιν,</strong></span> <span class='ocrx_word' id='word_1_139' title='bbox 2673 940 2753 1002; x_wconf 90' lang='grc' dir='ltr'><strong>είς</strong></span> <span class='ocrx_word' id='word_1_140' title='bbox 2794 938 3027 1008; x_wconf 80' lang='grc' dir='ltr'>Χριστὸν</span> <span class='ocrx_word' id='word_1_141' title='bbox 3059 940 3464 1011; x_wconf 83' lang='grc' dir='ltr'>ἁμαρτάνομεν.</span> <span class='ocrx_word' id='word_1_142' title='bbox 3490 941 3737 1010; x_wconf 81' lang='grc' dir='ltr'><strong>Γέγραφε</strong></span> <span class='ocrx_word' id='word_1_143' title='bbox 3766 941 3879 1011; x_wconf 80' lang='grc' dir='ltr'>γὰρ</span> 
     </span>
    </p>
   </div>
   <div class='ocr_carea' id='block_1_22' title="bbox 2306 1028 3882 1102">
    <p class='ocr_par' dir='ltr' id='par_1_22' title="bbox 2306 1028 3882 1102">
     <span class='ocr_line' id='line_1_22' title="bbox 2306 1028 3882 1102; baseline 0.001 -22"><span class='ocrx_word' id='word_1_144' title='bbox 2306 1028 2476 1092; x_wconf 78' lang='grc' dir='ltr'>οὕτως</span> <span class='ocrx_word' id='word_1_145' title='bbox 2505 1030 2532 1080; x_wconf 85' lang='grc' dir='ltr'>ὁ</span> <span class='ocrx_word' id='word_1_146' title='bbox 2559 1029 2848 1092; x_wconf 82' lang='grc' dir='ltr'>Θεσπέσιος</span> <span class='ocrx_word' id='word_1_147' title='bbox 2872 1030 3103 1094; x_wconf 81' lang='grc' dir='ltr'><strong>Παῦλος.</strong></span> <span class='ocrx_word' id='word_1_148' title='bbox 3126 1033 3235 1085; x_wconf 79' lang='grc' dir='ltr'>Καὶ</span> <span class='ocrx_word' id='word_1_149' title='bbox 3257 1032 3425 1086; x_wconf 86' lang='grc' dir='ltr'>ταῦτά</span> <span class='ocrx_word' id='word_1_150' title='bbox 3447 1049 3610 1102; x_wconf 86' lang='grc' dir='ltr'>φημι,</span> <span class='ocrx_word' id='word_1_151' title='bbox 3634 1035 3746 1095; x_wconf 83' lang='grc' dir='ltr'>τοῖς</span> <span class='ocrx_word' id='word_1_152' title='bbox 3771 1033 3882 1084; x_wconf 78' lang='lat' dir='ltr'><strong>Na-</strong></span> 
     </span>
    </p>
   </div>
   <div class='ocr_carea' id='block_1_23' title="bbox 2308 1120 3878 1193">
    <p class='ocr_par' dir='ltr' id='par_1_23' title="bbox 2308 1120 3878 1193">
     <span class='ocr_line' id='line_1_23' title="bbox 2308 1120 3878 1193; baseline 0.003 -22"><span class='ocrx_word' id='word_1_153' title='bbox 2308 1120 2522 1190; x_wconf 89' lang='grc' dir='ltr'>στορίου</span> <span class='ocrx_word' id='word_1_154' title='bbox 2567 1120 2746 1189; x_wconf 84' lang='grc' dir='ltr'><strong>λόγοις</strong></span> <span class='ocrx_word' id='word_1_155' title='bbox 2801 1121 3208 1192; x_wconf 78' lang='grc' dir='ltr'>ἐντετυχηκώς·</span> <span class='ocrx_word' id='word_1_156' title='bbox 3247 1123 3342 1176; x_wconf 72' lang='grc' dir='ltr'><strong>καὶ</strong></span> <span class='ocrx_word' id='word_1_157' title='bbox 3393 1124 3454 1175; x_wconf 86' lang='grc' dir='ltr'><strong>ού</strong></span> <span class='ocrx_word' id='word_1_158' title='bbox 3504 1125 3662 1193; x_wconf 79' lang='grc' dir='ltr'>μόνον</span> <span class='ocrx_word' id='word_1_159' title='bbox 3713 1124 3878 1176; x_wconf 66' lang='grc' dir='ltr'>αὑτὸν</span> 
     </span>
    </p>
   </div>
   <div class='ocr_carea' id='block_1_24' title="bbox 2305 1212 3880 1284">
    <p class='ocr_par' dir='ltr' id='par_1_24' title="bbox 2305 1212 3880 1284">
     <span class='ocr_line' id='line_1_24' title="bbox 2305 1212 3880 1284; baseline 0.002 -20"><span class='ocrx_word' id='word_1_160' title='bbox 2305 1212 2693 1279; x_wconf 81' lang='grc' dir='ltr'>ἀποφάσκοντα</span> <span class='ocrx_word' id='word_1_161' title='bbox 2719 1212 2928 1282; x_wconf 79' lang='grc' dir='ltr'><strong>βλέπων</strong></span> <span class='ocrx_word' id='word_1_162' title='bbox 2956 1214 3016 1266; x_wconf 78' lang='grc' dir='ltr'><strong>τὸ</strong></span> <span class='ocrx_word' id='word_1_163' title='bbox 3044 1215 3238 1283; x_wconf 82' lang='grc' dir='ltr'>χρῆναι</span> <span class='ocrx_word' id='word_1_164' title='bbox 3267 1214 3445 1281; x_wconf 87' lang='grc' dir='ltr'>λέγειν</span> <span class='ocrx_word' id='word_1_165' title='bbox 3475 1216 3641 1284; x_wconf 79' lang='grc' dir='ltr'>ἡμᾶς,</span> <span class='ocrx_word' id='word_1_166' title='bbox 3664 1215 3737 1277; x_wconf 83' lang='grc' dir='ltr'>ὡς</span> <span class='ocrx_word' id='word_1_167' title='bbox 3757 1215 3880 1267; x_wconf 80' lang='grc' dir='ltr'>ἔστι</span> 
     </span>
    </p>
   </div>
   <div class='ocr_carea' id='block_1_25' title="bbox 2309 1302 3878 1374">
    <p class='ocr_par' dir='ltr' id='par_1_25' title="bbox 2309 1302 3878 1374">
     <span class='ocr_line' id='line_1_25' title="bbox 2309 1302 3878 1374; baseline 0.001 -21"><span class='ocrx_word' id='word_1_168' title='bbox 2309 1302 2408 1370; x_wconf 80' lang='grc' dir='ltr'><strong>μὲν</strong></span> <span class='ocrx_word' id='word_1_169' title='bbox 2447 1303 2710 1365; x_wconf 75' lang='grc' dir='ltr'>Θεοτόκος</span> <span class='ocrx_word' id='word_1_170' title='bbox 2737 1305 2770 1370; x_wconf 81' lang='grc' dir='ltr'>ἡ</span> <span class='ocrx_word' id='word_1_171' title='bbox 2820 1304 2951 1373; x_wconf 89' lang='grc' dir='ltr'>ἀγία</span> <span class='ocrx_word' id='word_1_172' title='bbox 2998 1304 3293 1374; x_wconf 86' lang='grc' dir='ltr'>Παρθένος,</span> <span class='ocrx_word' id='word_1_173' title='bbox 3345 1305 3603 1358; x_wconf 81' lang='grc' dir='ltr'>ὲκτέτοκε</span> <span class='ocrx_word' id='word_1_174' title='bbox 3641 1306 3696 1358; x_wconf 82' lang='grc' dir='ltr'>δὲ</span> <span class='ocrx_word' id='word_1_175' title='bbox 3740 1305 3878 1358; x_wconf 75' lang='grc' dir='ltr'>Θεὸν</span> 
     </span>
    </p>
   </div>
   <div class='ocr_carea' id='block_1_26' title="bbox 2304 1390 3879 1465">
    <p class='ocr_par' dir='ltr' id='par_1_26' title="bbox 2304 1390 3879 1465">
     <span class='ocr_line' id='line_1_26' title="bbox 2304 1390 3879 1465; baseline 0.003 -22"><span class='ocrx_word' id='word_1_176' title='bbox 2304 1390 2431 1444; x_wconf 75' lang='grc' dir='ltr'>ὄντα</span> <span class='ocrx_word' id='word_1_177' title='bbox 2475 1393 2566 1444; x_wconf 79' lang='grc' dir='ltr'><strong>τὸν</strong></span> <span class='ocrx_word' id='word_1_178' title='bbox 2621 1393 3008 1464; x_wconf 72' lang='grc' dir='ltr'>Ἐμμανουήλ,</span> <span class='ocrx_word' id='word_1_179' title='bbox 3061 1394 3197 1447; x_wconf 89' lang='grc' dir='ltr'><strong>ἀλλά</strong></span> <span class='ocrx_word' id='word_1_180' title='bbox 3247 1394 3355 1465; x_wconf 86' lang='grc' dir='ltr'>γὰρ</span> <span class='ocrx_word' id='word_1_181' title='bbox 3395 1393 3475 1446; x_wconf 77' lang='grc' dir='ltr'>ἔτι</span> <span class='ocrx_word' id='word_1_182' title='bbox 3528 1394 3664 1465; x_wconf 74' lang='grc' dir='ltr'>πρὸς</span> <span class='ocrx_word' id='word_1_183' title='bbox 3699 1396 3879 1464; x_wconf 84' lang='grc' dir='ltr'>τούτῳ</span> 
     </span>
    </p>
   </div>
   <div class='ocr_carea' id='block_1_27' title="bbox 2304 1481 3878 1554">
    <p class='ocr_par' dir='ltr' id='par_1_27' title="bbox 2304 1481 3878 1554">
     <span class='ocr_line' id='line_1_27' title="bbox 2304 1481 3878 1554; baseline 0.003 -21"><span class='ocrx_word' id='word_1_184' title='bbox 2304 1482 2398 1533; x_wconf 72' lang='grc' dir='ltr'>καὶ</span> <span class='ocrx_word' id='word_1_185' title='bbox 2427 1481 2547 1534; x_wconf 86' lang='grc' dir='ltr'>καθ’</span> <span class='ocrx_word' id='word_1_186' title='bbox 2579 1483 2802 1553; x_wconf 82' lang='grc' dir='ltr'>ἐτέρους</span> <span class='ocrx_word' id='word_1_187' title='bbox 2831 1482 3067 1554; x_wconf 84' lang='grc' dir='ltr'><strong>τρόπους</strong></span> <span class='ocrx_word' id='word_1_188' title='bbox 3090 1486 3156 1553; x_wconf 80' lang='grc' dir='ltr'>τῇ</span> <span class='ocrx_word' id='word_1_189' title='bbox 3195 1483 3431 1553; x_wconf 78' lang='grc' dir='ltr'>Χριστοῦ</span> <span class='ocrx_word' id='word_1_190' title='bbox 3465 1483 3591 1554; x_wconf 83' lang='grc' dir='ltr'><strong>δόξῃ</strong></span> <span class='ocrx_word' id='word_1_191' title='bbox 3615 1485 3878 1553; x_wconf 84' lang='grc' dir='ltr'>πολεμεῖν</span> 
     </span>
    </p>
   </div>
   <div class='ocr_carea' id='block_1_28' title="bbox 2304 1573 3878 1645">
    <p class='ocr_par' dir='ltr' id='par_1_28' title="bbox 2304 1573 3878 1645">
     <span class='ocr_line' id='line_1_28' title="bbox 2304 1573 3878 1645; baseline 0.003 -20"><span class='ocrx_word' id='word_1_192' title='bbox 2304 1573 2612 1640; x_wconf 77' lang='grc' dir='ltr'>ὲγνωκόταο</span> <span class='ocrx_word' id='word_1_193' title='bbox 2650 1574 2919 1644; x_wconf 85' lang='grc' dir='ltr'>Θεοφόρον</span> <span class='ocrx_word' id='word_1_194' title='bbox 2947 1573 3056 1644; x_wconf 82' lang='grc' dir='ltr'>γὰρ</span> <span class='ocrx_word' id='word_1_195' title='bbox 3091 1576 3222 1645; x_wconf 80' lang='grc' dir='ltr'>ἡμῖν</span> <span class='ocrx_word' id='word_1_196' title='bbox 3270 1575 3434 1628; x_wconf 80' lang='grc' dir='ltr'>αὑτὸν</span> <span class='ocrx_word' id='word_1_197' title='bbox 3472 1577 3729 1645; x_wconf 83' lang='grc' dir='ltr'>πειρᾶται</span> <span class='ocrx_word' id='word_1_198' title='bbox 3758 1577 3878 1629; x_wconf 82' lang='grc' dir='ltr'>δει-</span> 
     </span>
    </p>
   </div>
   <div class='ocr_carea' id='block_1_29' title="bbox 2303 1663 3885 1737">
    <p class='ocr_par' dir='ltr' id='par_1_29' title="bbox 2303 1663 3885 1737">
     <span class='ocr_line' id='line_1_29' title="bbox 2303 1663 3885 1737; baseline 0.003 -21"><span class='ocrx_word' id='word_1_199' title='bbox 2303 1663 2504 1727; x_wconf 81' lang='grc' dir='ltr'>κνύειν,</span> <span class='ocrx_word' id='word_1_200' title='bbox 2531 1665 2623 1717; x_wconf 72' lang='grc' dir='ltr'>καὶ</span> <span class='ocrx_word' id='word_1_201' title='bbox 2650 1665 2771 1734; x_wconf 69' lang='grc' dir='ltr'><strong>οὐχὶ</strong></span> <span class='ocrx_word' id='word_1_202' title='bbox 2799 1666 2930 1719; x_wconf 78' lang='grc' dir='ltr'>Θεὸν</span> <span class='ocrx_word' id='word_1_203' title='bbox 2959 1665 3196 1735; x_wconf 85' lang='grc' dir='ltr'>ἀληθῶς,</span> <span class='ocrx_word' id='word_1_204' title='bbox 3218 1665 3502 1736; x_wconf 79' lang='grc' dir='ltr'>ἄνθρωπον</span> <span class='ocrx_word' id='word_1_205' title='bbox 3530 1666 3585 1719; x_wconf 82' lang='grc' dir='ltr'>δὲ</span> <span class='ocrx_word' id='word_1_206' title='bbox 3606 1667 3725 1737; x_wconf 83' lang='grc' dir='ltr'><strong>Θεῷ</strong></span> <span class='ocrx_word' id='word_1_207' title='bbox 3749 1684 3885 1720; x_wconf 85' lang='grc' dir='ltr'>συν-</span> 
     </span>
    </p>
   </div>
   <div class='ocr_carea' id='block_1_30' title="bbox 626 1727 2201 1828">
    <p class='ocr_par' dir='ltr' id='par_1_30' title="bbox 626 1727 2198 1815">
     <span class='ocr_line' id='line_1_30' title="bbox 626 1727 2198 1815; baseline 0.014 -36"><span class='ocrx_word' id='word_1_208' title='bbox 626 1727 937 1796; x_wconf 75' lang='lat' dir='ltr'><strong>mqualitate</strong></span> <span class='ocrx_word' id='word_1_209' title='bbox 967 1730 1246 1800; x_wconf 76' lang='lat' dir='ltr'><strong>dignitatis</strong></span> <span class='ocrx_word' id='word_1_210' title='bbox 1302 1735 1670 1803; x_wconf 84' lang='lat' dir='ltr'><strong>conjunctum.</strong></span> <span class='ocrx_word' id='word_1_211' title='bbox 1717 1741 1809 1797; x_wconf 89' lang='lat' dir='ltr'><strong>Sic</strong></span> <span class='ocrx_word' id='word_1_212' title='bbox 1865 1758 2096 1815; x_wconf 88' lang='lat' dir='ltr'><strong>namque</strong></span> <span class='ocrx_word' id='word_1_213' title='bbox 2126 1747 2198 1801; x_wconf 89' lang='lat' dir='ltr'><strong>illi</strong></span> 
     </span>
    </p>
   </div>
   <div class='ocr_carea' id='block_1_31' title="bbox 2300 1727 3880 1828">
    <p class='ocr_par' dir='ltr' id='par_1_31' title="bbox 2303 1727 3880 1828">
     <span class='ocr_line' id='line_1_31' title="bbox 2303 1727 3880 1828; baseline 0.011 -23"><span class='ocrx_word' id='word_1_214' title='bbox 2303 1756 2570 1826; x_wconf 87' lang='grc' dir='ltr'>ημμένον,</span> <span class='ocrx_word' id='word_1_215' title='bbox 2595 1755 2670 1818; x_wconf 87' lang='grc' dir='ltr'>ὡς</span> <span class='ocrx_word' id='word_1_216' title='bbox 2698 1727 2755 1809; x_wconf 72' lang='grc' dir='ltr'><strong>έν</strong></span> <span class='ocrx_word' id='word_1_217' title='bbox 2794 1756 2996 1826; x_wconf 87' lang='grc' dir='ltr'>ίσότητι</span> <span class='ocrx_word' id='word_1_218' title='bbox 3022 1727 3121 1825; x_wconf 51' lang='grc' dir='ltr'><strong>της</strong></span> <span class='ocrx_word' id='word_1_219' title='bbox 3156 1727 3341 1822; x_wconf 42' lang='grc' dir='ltr'><strong>⁷ἀξίιιιςζ</strong></span> <span class='ocrx_word' id='word_1_220' title='bbox 3371 1756 3527 1810; x_wconf 80' lang='grc' dir='ltr'>Οὕτω</span> <span class='ocrx_word' id='word_1_221' title='bbox 3553 1759 3659 1827; x_wconf 81' lang='grc' dir='ltr'><strong>γὰρ</strong></span> <span class='ocrx_word' id='word_1_222' title='bbox 3698 1727 3880 1828; x_wconf 48' lang='grc' dir='ltr'>αὐτῷ,</span> 
     </span>
    </p>
   </div>
   <div class='ocr_carea' id='block_1_32' title="bbox 625 1819 2201 1916">
    <p class='ocr_par' dir='ltr' id='par_1_32' title="bbox 625 1819 2199 1894">
     <span class='ocr_line' id='line_1_32' title="bbox 625 1819 2199 1894; baseline 0.014 -24"><span class='ocrx_word' id='word_1_223' title='bbox 625 1826 682 1871; x_wconf 87' lang='lat' dir='ltr'><strong>ct</strong></span> <span class='ocrx_word' id='word_1_224' title='bbox 708 1819 924 1888; x_wconf 89' lang='lat' dir='ltr'><strong>quidem</strong></span> <span class='ocrx_word' id='word_1_225' title='bbox 954 1822 1053 1875; x_wconf 90' lang='lat' dir='ltr'><strong>soli</strong></span> <span class='ocrx_word' id='word_1_226' title='bbox 1080 1823 1241 1878; x_wconf 89' lang='lat' dir='ltr'><strong>aliter</strong></span> <span class='ocrx_word' id='word_1_227' title='bbox 1267 1835 1430 1894; x_wconf 91' lang='lat' dir='ltr'><strong>atque</strong></span> <span class='ocrx_word' id='word_1_228' title='bbox 1459 1831 1713 1886; x_wconf 89' lang='lat' dir='ltr'><strong>omnibus</strong></span> <span class='ocrx_word' id='word_1_229' title='bbox 1742 1833 1863 1889; x_wconf 91' lang='lat' dir='ltr'><strong>aliis</strong></span> <span class='ocrx_word' id='word_1_230' title='bbox 1890 1835 2199 1893; x_wconf 89' lang='lat' dir='ltr'><strong>hominibus</strong></span> 
     </span>
    </p>
   </div>
   <div class='ocr_carea' id='block_1_33' title="bbox 2300 1819 3881 1916">
    <p class='ocr_par' dir='ltr' id='par_1_33' title="bbox 2305 1819 3881 1916">
     <span class='ocr_line' id='line_1_33' title="bbox 2305 1819 3881 1916; baseline 0.001 -18"><span class='ocrx_word' id='word_1_231' title='bbox 2426 1846 2590 1916; x_wconf 83' lang='grc' dir='ltr'>μόνῳ,</span> <span class='ocrx_word' id='word_1_232' title='bbox 2618 1846 2771 1916; x_wconf 87' lang='grc' dir='ltr'>ποιρά</span> <span class='ocrx_word' id='word_1_233' title='bbox 2804 1819 3012 1908; x_wconf 78' lang='grc' dir='ltr'>πάντας</span> <span class='ocrx_word' id='word_1_234' title='bbox 3032 1819 3160 1908; x_wconf 84' lang='grc' dir='ltr'>τοὺς</span> <span class='ocrx_word' id='word_1_235' title='bbox 3185 1819 3377 1908; x_wconf 76' lang='grc' dir='ltr'>ἄλλους</span> <span class='ocrx_word' id='word_1_236' title='bbox 3403 1846 3550 1898; x_wconf 85' lang='grc' dir='ltr'>δοκεῖ</span> <span class='ocrx_word' id='word_1_237' title='bbox 3568 1819 3786 1916; x_wconf 43' lang='grc' dir='ltr'>’φρονεῖν</span> 
     </span>
    </p>
   </div>
   <div class='ocr_carea' id='block_1_34' title="bbox 625 1907 2200 1994">
    <p class='ocr_par' dir='ltr' id='par_1_34' title="bbox 625 1907 2200 1994">
     <span class='ocr_line' id='line_1_34' title="bbox 625 1907 2200 1994; baseline 0.013 -33"><span class='ocrx_word' id='word_1_238' title='bbox 625 1907 828 1964; x_wconf 85' lang='lat' dir='ltr'><strong>sentire</strong></span> <span class='ocrx_word' id='word_1_239' title='bbox 850 1924 915 1964; x_wconf 87' lang='lat' dir='ltr'><strong>ac</strong></span> <span class='ocrx_word' id='word_1_240' title='bbox 936 1911 1114 1968; x_wconf 89' lang='lat' dir='ltr'><strong>dicere</strong></span> <span class='ocrx_word' id='word_1_241' title='bbox 1133 1914 1326 1983; x_wconf 88' lang='lat' dir='ltr'><strong>placet,</strong></span> <span class='ocrx_word' id='word_1_242' title='bbox 1355 1921 1606 1985; x_wconf 83' lang='lat' dir='ltr'><strong>quamvis</strong></span> <span class='ocrx_word' id='word_1_243' title='bbox 1639 1924 1907 1978; x_wconf 88' lang='lat' dir='ltr'><strong>catholica</strong></span> <span class='ocrx_word' id='word_1_244' title='bbox 1937 1927 2200 1994; x_wconf 88' lang='lat' dir='ltr'><strong>Ecclesia,</strong></span> 
     </span>
    </p>
   </div>
   <div class='ocr_carea' id='block_1_35' title="bbox 626 1998 2202 2086">
    <p class='ocr_par' dir='ltr' id='par_1_35' title="bbox 626 1998 2202 2086">
     <span class='ocr_line' id='line_1_35' title="bbox 626 1998 2202 2086; baseline 0.016 -36"><span class='ocrx_word' id='word_1_245' title='bbox 626 2012 789 2066; x_wconf 83' lang='lat' dir='ltr'><strong>quam</strong></span> <span class='ocrx_word' id='word_1_246' title='bbox 835 1998 938 2055; x_wconf 86' lang='lat' dir='ltr'><strong>sibi</strong></span> <span class='ocrx_word' id='word_1_247' title='bbox 985 2003 1101 2069; x_wconf 89' lang='lat' dir='ltr'><strong>ipse</strong></span> <span class='ocrx_word' id='word_1_248' title='bbox 1129 2003 1382 2062; x_wconf 87' lang='lat' dir='ltr'><strong>Christus</strong></span> <span class='ocrx_word' id='word_1_249' title='bbox 1418 2009 1756 2080; x_wconf 73' lang='lat' dir='ltr'><strong>exhibuit“,</strong></span> <span class='ocrx_word' id='word_1_250' title='bbox 1791 2030 1949 2086; x_wconf 87' lang='lat' dir='ltr'><strong>rugas</strong></span> <span class='ocrx_word' id='word_1_251' title='bbox 1969 2018 2202 2076; x_wconf 90' lang='lat' dir='ltr'><strong>hominis</strong></span> 
     </span>
    </p>
   </div>
   <div class='ocr_carea' id='block_1_36' title="bbox 625 2090 2200 2168">
    <p class='ocr_par' dir='ltr' id='par_1_36' title="bbox 625 2090 2200 2168">
     <span class='ocr_line' id='line_1_36' title="bbox 625 2090 2200 2168; baseline 0.015 -27"><span class='ocrx_word' id='word_1_252' title='bbox 625 2090 716 2158; x_wconf 91' lang='lat' dir='ltr'><strong>qui</strong></span> <span class='ocrx_word' id='word_1_253' title='bbox 751 2091 879 2145; x_wconf 86' lang='lat' dir='ltr'><strong>talia</strong></span> <span class='ocrx_word' id='word_1_254' title='bbox 915 2095 1264 2165; x_wconf 86' lang='lat' dir='ltr'><strong>conscripsit,</strong></span> <span class='ocrx_word' id='word_1_255' title='bbox 1305 2113 1412 2152; x_wconf 91' lang='lat' dir='ltr'><strong>non</strong></span> <span class='ocrx_word' id='word_1_256' title='bbox 1455 2099 1674 2168; x_wconf 85' lang='lat' dir='ltr'><strong>habeat,</strong></span> <span class='ocrx_word' id='word_1_257' title='bbox 1707 2119 1828 2159; x_wconf 91' lang='lat' dir='ltr'><strong>cum</strong></span> <span class='ocrx_word' id='word_1_258' title='bbox 1880 2108 1952 2162; x_wconf 89' lang='lat' dir='ltr'><strong>sit</strong></span> <span class='ocrx_word' id='word_1_259' title='bbox 2008 2110 2200 2164; x_wconf 85' lang='lat' dir='ltr'><strong>imma-</strong></span> 
     </span>
    </p>
   </div>
   <div class='ocr_carea' id='block_1_37' title="bbox 625 2179 2200 2268">
    <p class='ocr_par' dir='ltr' id='par_1_37' title="bbox 625 2179 2200 2268">
     <span class='ocr_line' id='line_1_37' title="bbox 625 2179 2200 2268; baseline 0.015 -36"><span class='ocrx_word' id='word_1_260' title='bbox 625 2179 896 2246; x_wconf 87' lang='lat' dir='ltr'><strong>culata,et</strong></span> <span class='ocrx_word' id='word_1_261' title='bbox 919 2183 1061 2240; x_wconf 91' lang='lat' dir='ltr'><strong>illius</strong></span> <span class='ocrx_word' id='word_1_262' title='bbox 1075 2187 1631 2256; x_wconf 90' lang='lat' dir='ltr'><strong>cognitionemomnis</strong></span> <span class='ocrx_word' id='word_1_263' title='bbox 1658 2210 1880 2262; x_wconf 91' lang='lat' dir='ltr'><strong>prorsus</strong></span> <span class='ocrx_word' id='word_1_264' title='bbox 1911 2203 2200 2268; x_wconf 83' lang='lat' dir='ltr'><strong>reprelien-</strong></span> 
     </span>
    </p>
   </div>
   <div class='ocr_carea' id='block_1_38' title="bbox 622 2269 2198 2346">
    <p class='ocr_par' dir='ltr' id='par_1_38' title="bbox 622 2269 2198 2346">
     <span class='ocr_line' id='line_1_38' title="bbox 622 2269 2198 2346; baseline 0.017 -26"><span class='ocrx_word' id='word_1_265' title='bbox 622 2269 793 2324; x_wconf 89' lang='lat' dir='ltr'><strong>slonis</strong></span> <span class='ocrx_word' id='word_1_266' title='bbox 814 2281 1092 2338; x_wconf 83' lang='lat' dir='ltr'><strong>expertem</strong></span> <span class='ocrx_word' id='word_1_267' title='bbox 1115 2283 1314 2339; x_wconf 84' lang='lat' dir='ltr'><strong>teneat,</strong></span> <span class='ocrx_word' id='word_1_268' title='bbox 1345 2291 1408 2331; x_wconf 88' lang='lat' dir='ltr'><strong>ac</strong></span> <span class='ocrx_word' id='word_1_269' title='bbox 1438 2278 1563 2334; x_wconf 84' lang='lat' dir='ltr'><strong>ﬁdei</strong></span> <span class='ocrx_word' id='word_1_270' title='bbox 1608 2285 1954 2342; x_wconf 86' lang='lat' dir='ltr'><strong>traditionem</strong></span> <span class='ocrx_word' id='word_1_271' title='bbox 2007 2291 2198 2346; x_wconf 86' lang='lat' dir='ltr'><strong>rectis-</strong></span> 
     </span>
    </p>
   </div>
   <div class='ocr_carea' id='block_1_39' title="bbox 623 2359 2196 2446">
    <p class='ocr_par' dir='ltr' id='par_1_39' title="bbox 623 2359 2196 2446">
     <span class='ocr_line' id='line_1_39' title="bbox 623 2359 2196 2446; baseline 0.015 -34"><span class='ocrx_word' id='word_1_272' title='bbox 623 2359 757 2414; x_wconf 89' lang='lat' dir='ltr'><strong>sime</strong></span> <span class='ocrx_word' id='word_1_273' title='bbox 772 2364 1162 2430; x_wconf 87' lang='lat' dir='ltr'><strong>composuerit.</strong></span> <span class='ocrx_word' id='word_1_274' title='bbox 1181 2365 1465 2426; x_wconf 90' lang='lat' dir='ltr'><strong>Credimus</strong></span> <span class='ocrx_word' id='word_1_275' title='bbox 1489 2386 1720 2443; x_wconf 86' lang='lat' dir='ltr'><strong>namque</strong></span> <span class='ocrx_word' id='word_1_276' title='bbox 1747 2376 1799 2430; x_wconf 91' lang='lat' dir='ltr'><strong>in</strong></span> <span class='ocrx_word' id='word_1_277' title='bbox 1821 2394 1982 2433; x_wconf 93' lang='lat' dir='ltr'><strong>unum</strong></span> <span class='ocrx_word' id='word_1_278' title='bbox 2006 2381 2196 2446; x_wconf 89' lang='lat' dir='ltr'><strong>Deum,</strong></span> 
     </span>
    </p>
   </div>
   <div class='ocr_carea' id='block_1_40' title="bbox 621 2448 2198 2527">
    <p class='ocr_par' dir='ltr' id='par_1_40' title="bbox 621 2448 2198 2527">
     <span class='ocr_line' id='line_1_40' title="bbox 621 2448 2198 2527; baseline 0.016 -24"><span class='ocrx_word' id='word_1_279' title='bbox 621 2448 838 2506; x_wconf 82' lang='lat' dir='ltr'><strong>Patrem</strong></span> <span class='ocrx_word' id='word_1_280' title='bbox 871 2455 1317 2524; x_wconf 87' lang='lat' dir='ltr'><strong>omnipotentem,</strong></span> <span class='ocrx_word' id='word_1_281' title='bbox 1359 2463 1600 2518; x_wconf 89' lang='lat' dir='ltr'><strong>omnium</strong></span> <span class='ocrx_word' id='word_1_282' title='bbox 1645 2467 1934 2522; x_wconf 83' lang='lat' dir='ltr'><strong>visibilium</strong></span> <span class='ocrx_word' id='word_1_283' title='bbox 1974 2481 2026 2525; x_wconf 89' lang='lat' dir='ltr'><strong>et</strong></span> <span class='ocrx_word' id='word_1_284' title='bbox 2061 2473 2198 2527; x_wconf 87' lang='lat' dir='ltr'><strong>invi-</strong></span> 
     </span>
    </p>
   </div>
   <div class='ocr_carea' id='block_1_41' title="bbox 621 2539 2198 2617">
    <p class='ocr_par' dir='ltr' id='par_1_41' title="bbox 621 2539 2198 2617">
     <span class='ocr_line' id='line_1_41' title="bbox 621 2539 2198 2617; baseline 0.016 -25"><span class='ocrx_word' id='word_1_285' title='bbox 621 2539 857 2595; x_wconf 86' lang='lat' dir='ltr'><strong>sibilium</strong></span> <span class='ocrx_word' id='word_1_286' title='bbox 901 2543 1163 2600; x_wconf 89' lang='lat' dir='ltr'><strong>factorem</strong></span> <span class='ocrx_word' id='word_1_287' title='bbox 1195 2563 1210 2603; x_wconf 91' lang='lat'><strong>:</strong></span> <span class='ocrx_word' id='word_1_288' title='bbox 1244 2557 1299 2604; x_wconf 89' lang='lat' dir='ltr'><strong>et</strong></span> <span class='ocrx_word' id='word_1_289' title='bbox 1349 2551 1403 2605; x_wconf 93' lang='lat' dir='ltr'><strong>in</strong></span> <span class='ocrx_word' id='word_1_290' title='bbox 1456 2567 1621 2608; x_wconf 92' lang='lat' dir='ltr'><strong>unum</strong></span> <span class='ocrx_word' id='word_1_291' title='bbox 1680 2554 1967 2612; x_wconf 90' lang='lat' dir='ltr'><strong>Dominum</strong></span> <span class='ocrx_word' id='word_1_292' title='bbox 2017 2560 2198 2617; x_wconf 88' lang='lat' dir='ltr'><strong>.lesum</strong></span> 
     </span>
    </p>
   </div>
   <div class='ocr_carea' id='block_1_42' title="bbox 621 2629 2198 2718">
    <p class='ocr_par' dir='ltr' id='par_1_42' title="bbox 621 2629 2198 2718">
     <span class='ocr_line' id='line_1_42' title="bbox 621 2629 2198 2718; baseline 0.015 -34"><span class='ocrx_word' id='word_1_293' title='bbox 621 2629 922 2697; x_wconf 86' lang='lat' dir='ltr'><strong>Christum,</strong></span> <span class='ocrx_word' id='word_1_294' title='bbox 949 2646 1004 2688; x_wconf 87' lang='lat' dir='ltr'><strong>et</strong></span> <span class='ocrx_word' id='word_1_295' title='bbox 1051 2635 1106 2690; x_wconf 92' lang='lat' dir='ltr'><strong>in</strong></span> <span class='ocrx_word' id='word_1_296' title='bbox 1152 2638 1412 2708; x_wconf 86' lang='lat' dir='ltr'><strong>Spiritum</strong></span> <span class='ocrx_word' id='word_1_297' title='bbox 1455 2653 1702 2699; x_wconf 86' lang='lat' dir='ltr'><strong>sanctum</strong></span> <span class='ocrx_word' id='word_1_298' title='bbox 1743 2665 1756 2710; x_wconf 89' lang='lat'><strong>;</strong></span> <span class='ocrx_word' id='word_1_299' title='bbox 1798 2662 1861 2702; x_wconf 92' lang='lat' dir='ltr'><strong>ac</strong></span> <span class='ocrx_word' id='word_1_300' title='bbox 1910 2664 2198 2718; x_wconf 86' lang='lat' dir='ltr'><strong>sequentes</strong></span> 
     </span>
    </p>
   </div>
   <div class='ocr_carea' id='block_1_43' title="bbox 620 2725 2196 2808">
    <p class='ocr_par' dir='ltr' id='par_1_43' title="bbox 620 2725 2196 2808">
     <span class='ocr_line' id='line_1_43' title="bbox 620 2725 2196 2808; baseline 0.015 -34"><span class='ocrx_word' id='word_1_301' title='bbox 620 2732 930 2778; x_wconf 87' lang='lat' dir='ltr'><strong>sanctorum</strong></span> <span class='ocrx_word' id='word_1_302' title='bbox 966 2725 1188 2783; x_wconf 89' lang='lat' dir='ltr'><strong>Patrum</strong></span> <span class='ocrx_word' id='word_1_303' title='bbox 1235 2731 1630 2790; x_wconf 72' lang='lat' dir='ltr'><strong>confessionem</strong></span> <span class='ocrx_word' id='word_1_304' title='bbox 1693 2737 1778 2792; x_wconf 89' lang='lat' dir='ltr'><strong>bis</strong></span> <span class='ocrx_word' id='word_1_305' title='bbox 1832 2739 2196 2808; x_wconf 85' lang='lat' dir='ltr'><strong>subjunctam,</strong></span> 
     </span>
    </p>
   </div>
   <div class='ocr_carea' id='block_1_44' title="bbox 620 2813 2195 2900">
    <p class='ocr_par' dir='ltr' id='par_1_44' title="bbox 620 2813 2195 2900">
     <span class='ocr_line' id='line_1_44' title="bbox 620 2813 2195 2900; baseline 0.014 -34"><span class='ocrx_word' id='word_1_306' title='bbox 620 2813 796 2881; x_wconf 88' lang='lat' dir='ltr'><strong>ipsum</strong></span> <span class='ocrx_word' id='word_1_307' title='bbox 819 2814 1054 2873; x_wconf 80' lang='lat' dir='ltr'><strong>Verbum</strong></span> <span class='ocrx_word' id='word_1_308' title='bbox 1087 2835 1154 2876; x_wconf 82' lang='lat' dir='ltr'><strong>ex</strong></span> <span class='ocrx_word' id='word_1_309' title='bbox 1181 2821 1294 2878; x_wconf 90' lang='lat' dir='ltr'><strong>Deo</strong></span> <span class='ocrx_word' id='word_1_310' title='bbox 1316 2823 1479 2880; x_wconf 86' lang='lat' dir='ltr'><strong>Patre</strong></span> <span class='ocrx_word' id='word_1_311' title='bbox 1507 2827 1943 2886; x_wconf 85' lang='lat' dir='ltr'><strong>substantialiter</strong></span> <span class='ocrx_word' id='word_1_312' title='bbox 1987 2846 2195 2900; x_wconf 88' lang='lat' dir='ltr'><strong>natum,</strong></span> 
     </span>
    </p>
   </div>
   <div class='ocr_carea' id='block_1_45' title="bbox 621 2905 2195 2990">
    <p class='ocr_par' dir='ltr' id='par_1_45' title="bbox 621 2905 2195 2990">
     <span class='ocr_line' id='line_1_45' title="bbox 621 2905 2195 2990; baseline 0.014 -33"><span class='ocrx_word' id='word_1_313' title='bbox 621 2905 793 2959; x_wconf 84' lang='lat' dir='ltr'><strong>nostri</strong></span> <span class='ocrx_word' id='word_1_314' title='bbox 814 2906 1047 2964; x_wconf 82' lang='lat' dir='ltr'><strong>similem</strong></span> <span class='ocrx_word' id='word_1_315' title='bbox 1082 2910 1282 2967; x_wconf 87' lang='lat' dir='ltr'><strong>factum</strong></span> <span class='ocrx_word' id='word_1_316' title='bbox 1307 2929 1430 2970; x_wconf 86' lang='lat' dir='ltr'><strong>esse</strong></span> <span class='ocrx_word' id='word_1_317' title='bbox 1455 2917 1710 2984; x_wconf 90' lang='lat' dir='ltr'><strong>dicimus,</strong></span> <span class='ocrx_word' id='word_1_318' title='bbox 1746 2929 1803 2974; x_wconf 89' lang='lat' dir='ltr'><strong>et</strong></span> <span class='ocrx_word' id='word_1_319' title='bbox 1833 2921 2195 2990; x_wconf 91' lang='lat' dir='ltr'><strong>incarnatum,</strong></span> 
     </span>
    </p>
   </div>
   <div class='ocr_carea' id='block_1_46' title="bbox 619 2996 2195 3086">
    <p class='ocr_par' dir='ltr' id='par_1_46' title="bbox 619 2996 2195 3086">
     <span class='ocr_line' id='line_1_46' title="bbox 619 2996 2195 3086; baseline 0.015 -36"><span class='ocrx_word' id='word_1_320' title='bbox 619 3005 676 3051; x_wconf 89' lang='lat' dir='ltr'><strong>et</strong></span> <span class='ocrx_word' id='word_1_321' title='bbox 709 2996 981 3055; x_wconf 89' lang='lat' dir='ltr'><strong>hominem</strong></span> <span class='ocrx_word' id='word_1_322' title='bbox 1010 2999 1238 3068; x_wconf 77' lang='lat' dir='ltr'><strong>factum,</strong></span> <span class='ocrx_word' id='word_1_323' title='bbox 1273 3007 1376 3061; x_wconf 92' lang='lat' dir='ltr'><strong>hoc</strong></span> <span class='ocrx_word' id='word_1_324' title='bbox 1403 3018 1507 3076; x_wconf 87' lang='lat' dir='ltr'><strong>est,</strong></span> <span class='ocrx_word' id='word_1_325' title='bbox 1544 3009 1646 3065; x_wconf 88' lang='lat' dir='ltr'><strong>sibi</strong></span> <span class='ocrx_word' id='word_1_326' title='bbox 1674 3027 1872 3082; x_wconf 88' lang='lat' dir='ltr'><strong>corpus</strong></span> <span class='ocrx_word' id='word_1_327' title='bbox 1897 3019 2195 3086; x_wconf 90' lang='lat' dir='ltr'><strong>sumpsisse</strong></span> 
     </span>
    </p>
   </div>
   <div class='ocr_carea' id='block_1_47' title="bbox 2304 1934 3882 2007">
    <p class='ocr_par' dir='ltr' id='par_1_47' title="bbox 2304 1934 3882 2007">
     <span class='ocr_line' id='line_1_47' title="bbox 2304 1934 3882 2007; baseline 0.001 -21"><span class='ocrx_word' id='word_1_328' title='bbox 2304 1935 2398 1987; x_wconf 72' lang='grc' dir='ltr'>καὶ</span> <span class='ocrx_word' id='word_1_329' title='bbox 2425 1935 2631 2002; x_wconf 76' lang='grc' dir='ltr'>λέγειν’</span> <span class='ocrx_word' id='word_1_330' title='bbox 2662 1937 2840 1988; x_wconf 85' lang='grc' dir='ltr'>καίτοι</span> <span class='ocrx_word' id='word_1_331' title='bbox 2859 1937 2957 2005; x_wconf 80' lang='grc' dir='ltr'>τῆς</span> <span class='ocrx_word' id='word_1_332' title='bbox 2987 1934 3281 2006; x_wconf 84' lang='grc' dir='ltr'>καθολικῆς</span> <span class='ocrx_word' id='word_1_333' title='bbox 3310 1935 3653 2006; x_wconf 80' lang='grc' dir='ltr'>Ἐκκλησίας,</span> <span class='ocrx_word' id='word_1_334' title='bbox 3677 1938 3740 2007; x_wconf 70' lang='grc' dir='ltr'>ἦν</span> <span class='ocrx_word' id='word_1_335' title='bbox 3770 1938 3882 1990; x_wconf 80' lang='grc' dir='ltr'><strong>αὑ-</strong></span> 
     </span>
    </p>
   </div>
   <div class='ocr_carea' id='block_1_48' title="bbox 2300 2025 3883 2096">
    <p class='ocr_par' dir='ltr' id='par_1_48' title="bbox 2300 2025 3883 2096">
     <span class='ocr_line' id='line_1_48' title="bbox 2300 2025 3883 2096; baseline 0.001 -18"><span class='ocrx_word' id='word_1_336' title='bbox 2300 2025 2390 2087; x_wconf 82' lang='grc' dir='ltr'><strong>τὸς</strong></span> <span class='ocrx_word' id='word_1_337' title='bbox 2419 2025 2596 2095; x_wconf 80' lang='grc' dir='ltr'>ἑαυτῷ</span> <span class='ocrx_word' id='word_1_338' title='bbox 2630 2026 2977 2096; x_wconf 80' lang='grc' dir='ltr'>παρέστησεν</span> <span class='ocrx_word' id='word_1_339' title='bbox 3001 2028 3030 2077; x_wconf 87' lang='grc' dir='ltr'><strong>ό</strong></span> <span class='ocrx_word' id='word_1_340' title='bbox 3063 2025 3317 2094; x_wconf 84' lang='grc' dir='ltr'>Χριστὸς,</span> <span class='ocrx_word' id='word_1_341' title='bbox 3353 2025 3451 2088; x_wconf 91' lang='grc' dir='ltr'><strong>τάς</strong></span> <span class='ocrx_word' id='word_1_342' title='bbox 3478 2026 3572 2079; x_wconf 90' lang='grc' dir='ltr'><strong>τοῦ</strong></span> <span class='ocrx_word' id='word_1_343' title='bbox 3600 2026 3668 2079; x_wconf 84' lang='grc' dir='ltr'>τὰ</span> <span class='ocrx_word' id='word_1_344' title='bbox 3695 2028 3883 2080; x_wconf 77' lang='grc' dir='ltr'>τοιάδε</span> 
     </span>
    </p>
   </div>
   <div class='ocr_carea' id='block_1_49' title="bbox 2303 2114 3885 2187">
    <p class='ocr_par' dir='ltr' id='par_1_49' title="bbox 2303 2114 3885 2187">
     <span class='ocr_line' id='line_1_49' title="bbox 2303 2114 3885 2187; baseline 0.003 -21"><span class='ocrx_word' id='word_1_345' title='bbox 2303 2116 2742 2184; x_wconf 82' lang='grc' dir='ltr'>συγγεγραφότος</span> <span class='ocrx_word' id='word_1_346' title='bbox 2768 2117 2868 2168; x_wconf 79' lang='grc' dir='ltr'><strong>οὐκ</strong></span> <span class='ocrx_word' id='word_1_347' title='bbox 2889 2114 3120 2186; x_wconf 78' lang='grc' dir='ltr'>ἐχούσης</span> <span class='ocrx_word' id='word_1_348' title='bbox 3144 2115 3561 2187; x_wconf 80' lang='grc' dir='ltr'>ρυτίδας,οῦσης</span> <span class='ocrx_word' id='word_1_349' title='bbox 3587 2118 3641 2169; x_wconf 89' lang='grc' dir='ltr'>δὲ</span> <span class='ocrx_word' id='word_1_350' title='bbox 3674 2119 3885 2187; x_wconf 78' lang='grc' dir='ltr'>μᾶλλον</span> 
     </span>
    </p>
   </div>
   <div class='ocr_carea' id='block_1_50' title="bbox 2301 2205 3884 2280">
    <p class='ocr_par' dir='ltr' id='par_1_50' title="bbox 2301 2205 3884 2280">
     <span class='ocr_line' id='line_1_50' title="bbox 2301 2205 3884 2280; baseline 0.003 -23"><span class='ocrx_word' id='word_1_351' title='bbox 2301 2205 2555 2275; x_wconf 83' lang='grc' dir='ltr'>ἀμώμου,</span> <span class='ocrx_word' id='word_1_352' title='bbox 2587 2207 2682 2259; x_wconf 79' lang='grc' dir='ltr'>καὶ</span> <span class='ocrx_word' id='word_1_353' title='bbox 2720 2205 3125 2275; x_wconf 80' lang='grc' dir='ltr'>ἀνεπίπληκτον</span> <span class='ocrx_word' id='word_1_354' title='bbox 3154 2208 3434 2270; x_wconf 85' lang='grc' dir='ltr'>παντελῶς</span> <span class='ocrx_word' id='word_1_355' title='bbox 3467 2208 3566 2278; x_wconf 77' lang='grc' dir='ltr'><strong>τὴν</strong></span> <span class='ocrx_word' id='word_1_356' title='bbox 3599 2210 3682 2261; x_wconf 79' lang='grc' dir='ltr'><strong>ἐπ’</strong></span> <span class='ocrx_word' id='word_1_357' title='bbox 3723 2211 3884 2280; x_wconf 82' lang='grc' dir='ltr'>αὐτῷ</span> 
     </span>
    </p>
   </div>
   <div class='ocr_carea' id='block_1_51' title="bbox 2299 2293 3879 2365">
    <p class='ocr_par' dir='ltr' id='par_1_51' title="bbox 2299 2293 3879 2365">
     <span class='ocr_line' id='line_1_51' title="bbox 2299 2293 3879 2365; baseline 0.002 -19"><span class='ocrx_word' id='word_1_358' title='bbox 2299 2294 2502 2363; x_wconf 84' lang='grc' dir='ltr'>γνῶσιν</span> <span class='ocrx_word' id='word_1_359' title='bbox 2533 2293 2784 2365; x_wconf 78' lang='grc' dir='ltr'>ἐχούσης,</span> <span class='ocrx_word' id='word_1_360' title='bbox 2821 2295 2916 2348; x_wconf 73' lang='grc' dir='ltr'><strong>καὶ</strong></span> <span class='ocrx_word' id='word_1_361' title='bbox 2958 2298 3058 2362; x_wconf 80' lang='grc' dir='ltr'><strong>τῆς</strong></span> <span class='ocrx_word' id='word_1_362' title='bbox 3095 2295 3327 2359; x_wconf 92' lang='grc' dir='ltr'>πίστεως</span> <span class='ocrx_word' id='word_1_363' title='bbox 3358 2295 3456 2364; x_wconf 83' lang='grc' dir='ltr'><strong>τὴν</strong></span> <span class='ocrx_word' id='word_1_364' title='bbox 3483 2295 3776 2364; x_wconf 86' lang='grc' dir='ltr'>παράδοσιν</span> <span class='ocrx_word' id='word_1_365' title='bbox 3812 2294 3879 2350; x_wconf 81' lang='grc' dir='ltr'>εὖ</span> 
     </span>
    </p>
   </div>
   <div class='ocr_carea' id='block_1_52' title="bbox 2302 2385 3879 2456">
    <p class='ocr_par' dir='ltr' id='par_1_52' title="bbox 2302 2385 3879 2456">
     <span class='ocr_line' id='line_1_52' title="bbox 2302 2385 3879 2456; baseline 0.002 -19"><span class='ocrx_word' id='word_1_366' title='bbox 2302 2385 2446 2454; x_wconf 80' lang='grc' dir='ltr'>μάλα</span> <span class='ocrx_word' id='word_1_367' title='bbox 2492 2386 2886 2455; x_wconf 88' lang='grc' dir='ltr'>πεποιημένης.</span> <span class='ocrx_word' id='word_1_368' title='bbox 2931 2385 3268 2456; x_wconf 87' lang='grc' dir='ltr'>Πιστεύομεν</span> <span class='ocrx_word' id='word_1_369' title='bbox 3310 2386 3419 2456; x_wconf 89' lang='grc' dir='ltr'><strong>γάρ</strong></span> <span class='ocrx_word' id='word_1_370' title='bbox 3463 2387 3543 2450; x_wconf 83' lang='grc' dir='ltr'><strong>είς</strong></span> <span class='ocrx_word' id='word_1_371' title='bbox 3583 2387 3678 2440; x_wconf 75' lang='grc' dir='ltr'>ἕνα</span> <span class='ocrx_word' id='word_1_372' title='bbox 3714 2386 3879 2453; x_wconf 85' lang='grc' dir='ltr'>Θεὸν,</span> 
     </span>
    </p>
   </div>
   <div class='ocr_carea' id='block_1_53' title="bbox 2299 2475 3881 2548">
    <p class='ocr_par' dir='ltr' id='par_1_53' title="bbox 2299 2475 3881 2548">
     <span class='ocr_line' id='line_1_53' title="bbox 2299 2475 3881 2548; baseline 0.003 -22"><span class='ocrx_word' id='word_1_373' title='bbox 2299 2475 2517 2548; x_wconf 80' lang='grc' dir='ltr'>Πατέρα</span> <span class='ocrx_word' id='word_1_374' title='bbox 2544 2477 2980 2547; x_wconf 82' lang='grc' dir='ltr'>παντοκράτορα,</span> <span class='ocrx_word' id='word_1_375' title='bbox 3015 2478 3230 2530; x_wconf 84' lang='grc' dir='ltr'>πάντων</span> <span class='ocrx_word' id='word_1_376' title='bbox 3257 2476 3465 2547; x_wconf 81' lang='grc' dir='ltr'>ὁρατῶν</span> <span class='ocrx_word' id='word_1_377' title='bbox 3498 2494 3556 2529; x_wconf 91' lang='grc' dir='ltr'><strong>τε</strong></span> <span class='ocrx_word' id='word_1_378' title='bbox 3580 2477 3671 2529; x_wconf 74' lang='grc' dir='ltr'>καὶ</span> <span class='ocrx_word' id='word_1_379' title='bbox 3701 2478 3881 2548; x_wconf 81' lang='grc' dir='ltr'>ἀορά-</span> 
     </span>
    </p>
   </div>
   <div class='ocr_carea' id='block_1_54' title="bbox 2296 2559 3880 2636">
    <p class='ocr_par' dir='ltr' id='par_1_54' title="bbox 2296 2559 3880 2636">
     <span class='ocr_line' id='line_1_54' title="bbox 2296 2559 3880 2636; baseline 0 -19"><span class='ocrx_word' id='word_1_380' title='bbox 2296 2559 2407 2617; x_wconf 64' lang='grc' dir='ltr'><strong>των</strong></span> <span class='ocrx_word' id='word_1_381' title='bbox 2433 2567 2699 2634; x_wconf 74' lang='grc' dir='ltr'>ποιητήνο</span> <span class='ocrx_word' id='word_1_382' title='bbox 2736 2567 2829 2618; x_wconf 75' lang='grc' dir='ltr'><strong>καὶ</strong></span> <span class='ocrx_word' id='word_1_383' title='bbox 2861 2567 2941 2627; x_wconf 86' lang='grc' dir='ltr'><strong>είς</strong></span> <span class='ocrx_word' id='word_1_384' title='bbox 2982 2564 3080 2618; x_wconf 75' lang='grc' dir='ltr'>ἕνα</span> <span class='ocrx_word' id='word_1_385' title='bbox 3115 2563 3320 2635; x_wconf 86' lang='grc' dir='ltr'>Κύριον</span> <span class='ocrx_word' id='word_1_386' title='bbox 3365 2564 3570 2636; x_wconf 82' lang='grc' dir='ltr'>Ἰησοῦν</span> <span class='ocrx_word' id='word_1_387' title='bbox 3607 2565 3697 2617; x_wconf 80' lang='grc' dir='ltr'><strong>τὸν</strong></span> <span class='ocrx_word' id='word_1_388' title='bbox 3731 2566 3880 2635; x_wconf 82' lang='grc' dir='ltr'>Χρι-</span> 
     </span>
    </p>
   </div>
   <div class='ocr_carea' id='block_1_55' title="bbox 2301 2655 3879 2728">
    <p class='ocr_par' dir='ltr' id='par_1_55' title="bbox 2301 2655 3879 2728">
     <span class='ocr_line' id='line_1_55' title="bbox 2301 2655 3879 2728; baseline 0.002 -20"><span class='ocrx_word' id='word_1_389' title='bbox 2301 2656 2454 2708; x_wconf 88' lang='grc' dir='ltr'>στόν·</span> <span class='ocrx_word' id='word_1_390' title='bbox 2505 2655 2599 2708; x_wconf 76' lang='lat' dir='ltr'><strong>xai.</strong></span> <span class='ocrx_word' id='word_1_391' title='bbox 2651 2657 2732 2719; x_wconf 89' lang='grc' dir='ltr'><strong>είς</strong></span> <span class='ocrx_word' id='word_1_392' title='bbox 2779 2655 2841 2708; x_wconf 85' lang='grc' dir='ltr'><strong>τὸ</strong></span> <span class='ocrx_word' id='word_1_393' title='bbox 2882 2655 3110 2726; x_wconf 82' lang='grc' dir='ltr'>Πνεῦμα</span> <span class='ocrx_word' id='word_1_394' title='bbox 3149 2655 3212 2710; x_wconf 84' lang='grc' dir='ltr'><strong>τὸ</strong></span> <span class='ocrx_word' id='word_1_395' title='bbox 3259 2657 3433 2725; x_wconf 77' lang='grc' dir='ltr'>ἅγιον,</span> <span class='ocrx_word' id='word_1_396' title='bbox 3494 2657 3778 2728; x_wconf 87' lang='grc' dir='ltr'>Ἐπόμενοι</span> <span class='ocrx_word' id='word_1_397' title='bbox 3811 2659 3879 2712; x_wconf 84' lang='grc' dir='ltr'>δὲ</span> 
     </span>
    </p>
   </div>
   <div class='ocr_carea' id='block_1_56' title="bbox 2297 2752 3882 2823">
    <p class='ocr_par' dir='ltr' id='par_1_56' title="bbox 2297 2752 3882 2823">
     <span class='ocr_line' id='line_1_56' title="bbox 2297 2752 3882 2823; baseline 0.001 -19"><span class='ocrx_word' id='word_1_398' title='bbox 2297 2755 2416 2815; x_wconf 86' lang='grc' dir='ltr'>ταῖς</span> <span class='ocrx_word' id='word_1_399' title='bbox 2454 2752 2664 2815; x_wconf 83' lang='grc' dir='ltr'>τούτοις</span> <span class='ocrx_word' id='word_1_400' title='bbox 2714 2752 3178 2823; x_wconf 84' lang='grc' dir='ltr'>ὲπενηνεγμέναις</span> <span class='ocrx_word' id='word_1_401' title='bbox 3239 2753 3348 2806; x_wconf 85' lang='grc' dir='ltr'><strong>τῶν</strong></span> <span class='ocrx_word' id='word_1_402' title='bbox 3387 2753 3556 2822; x_wconf 82' lang='grc' dir='ltr'>ἁγίων</span> <span class='ocrx_word' id='word_1_403' title='bbox 3609 2754 3882 2823; x_wconf 84' lang='grc' dir='ltr'>Πατέρων</span> 
     </span>
    </p>
   </div>
   <div class='ocr_carea' id='block_1_57' title="bbox 2296 2840 3853 2912">
    <p class='ocr_par' dir='ltr' id='par_1_57' title="bbox 2296 2840 3853 2912">
     <span class='ocr_line' id='line_1_57' title="bbox 2296 2840 3853 2912; baseline 0.001 -19"><span class='ocrx_word' id='word_1_404' title='bbox 2296 2840 2623 2911; x_wconf 83' lang='grc' dir='ltr'>ὁμολογίαις,</span> <span class='ocrx_word' id='word_1_405' title='bbox 2670 2841 2833 2896; x_wconf 81' lang='grc' dir='ltr'>αὑτὸν</span> <span class='ocrx_word' id='word_1_406' title='bbox 2862 2842 2952 2895; x_wconf 79' lang='grc' dir='ltr'><strong>τὸν</strong></span> <span class='ocrx_word' id='word_1_407' title='bbox 2983 2843 3047 2896; x_wconf 79' lang='grc' dir='ltr'><strong>ὲκ</strong></span> <span class='ocrx_word' id='word_1_408' title='bbox 3077 2842 3172 2895; x_wconf 90' lang='grc' dir='ltr'><strong>τοῦ</strong></span> <span class='ocrx_word' id='word_1_409' title='bbox 3214 2841 3348 2894; x_wconf 84' lang='grc' dir='ltr'>Θεοῦ</span> <span class='ocrx_word' id='word_1_410' title='bbox 3377 2843 3471 2895; x_wconf 77' lang='grc' dir='ltr'><strong>καὶ</strong></span> <span class='ocrx_word' id='word_1_411' title='bbox 3512 2843 3722 2912; x_wconf 84' lang='grc' dir='ltr'>Πατρὸς</span> <span class='ocrx_word' id='word_1_412' title='bbox 3750 2845 3853 2894; x_wconf 83' lang='grc' dir='ltr'>ού-</span> 
     </span>
    </p>
   </div>
   <div class='ocr_carea' id='block_1_58' title="bbox 2298 2931 3876 3002">
    <p class='ocr_par' dir='ltr' id='par_1_58' title="bbox 2298 2931 3876 3002">
     <span class='ocr_line' id='line_1_58' title="bbox 2298 2931 3876 3002; baseline 0 -18"><span class='ocrx_word' id='word_1_413' title='bbox 2298 2931 2503 2994; x_wconf 84' lang='grc' dir='ltr'>σιωδῶς</span> <span class='ocrx_word' id='word_1_414' title='bbox 2536 2931 2709 2999; x_wconf 84' lang='grc' dir='ltr'>φύντα</span> <span class='ocrx_word' id='word_1_415' title='bbox 2762 2933 2962 3000; x_wconf 90' lang='grc' dir='ltr'>Λόγον,</span> <span class='ocrx_word' id='word_1_416' title='bbox 2994 2933 3114 2986; x_wconf 86' lang='grc' dir='ltr'>καθ’</span> <span class='ocrx_word' id='word_1_417' title='bbox 3163 2934 3309 3002; x_wconf 81' lang='grc' dir='ltr'>ἡμᾶς</span> <span class='ocrx_word' id='word_1_418' title='bbox 3360 2933 3614 3001; x_wconf 84' lang='grc' dir='ltr'>γενέσθαι</span> <span class='ocrx_word' id='word_1_419' title='bbox 3665 2934 3876 3001; x_wconf 83' lang='grc' dir='ltr'>φαμὲν,</span> 
     </span>
    </p>
   </div>
   <div class='ocr_carea' id='block_1_59' title="bbox 2298 3021 3878 3092">
    <p class='ocr_par' dir='ltr' id='par_1_59' title="bbox 2298 3021 3878 3092">
     <span class='ocr_line' id='line_1_59' title="bbox 2298 3021 3878 3092; baseline 0.001 -20"><span class='ocrx_word' id='word_1_420' title='bbox 2298 3021 2647 3090; x_wconf 83' lang='grc' dir='ltr'>σαρκωθῆναί</span> <span class='ocrx_word' id='word_1_421' title='bbox 2715 3038 2775 3073; x_wconf 88' lang='grc' dir='ltr'><strong>τε</strong></span> <span class='ocrx_word' id='word_1_422' title='bbox 2845 3022 2942 3074; x_wconf 71' lang='grc' dir='ltr'><strong>καὶ</strong></span> <span class='ocrx_word' id='word_1_423' title='bbox 3013 3021 3473 3092; x_wconf 81' lang='grc' dir='ltr'>ένανθρωπῆσαι,</span> <span class='ocrx_word' id='word_1_424' title='bbox 3547 3023 3830 3076; x_wconf 86' lang='grc' dir='ltr'>τουτέστιν</span> <span class='ocrx_word' id='word_1_425' title='bbox 3861 3065 3878 3086; x_wconf 86' lang='grc'><strong>,</strong></span> 
     </span>
    </p>
   </div>
   <div class='ocr_carea' id='block_1_60' title="bbox 618 3089 2201 3184">
    <p class='ocr_par' dir='ltr' id='par_1_60' title="bbox 618 3089 2192 3164">
     <span class='ocr_line' id='line_1_60' title="bbox 618 3089 2192 3164; baseline 0.015 -24"><span class='ocrx_word' id='word_1_426' title='bbox 618 3100 683 3141; x_wconf 78' lang='lat' dir='ltr'><strong>ex</strong></span> <span class='ocrx_word' id='word_1_427' title='bbox 712 3099 900 3143; x_wconf 87' lang='lat' dir='ltr'><strong>sancta</strong></span> <span class='ocrx_word' id='word_1_428' title='bbox 928 3089 1172 3161; x_wconf 78' lang='lat' dir='ltr'><strong>Virgine,</strong></span> <span class='ocrx_word' id='word_1_429' title='bbox 1205 3103 1260 3149; x_wconf 91' lang='lat' dir='ltr'><strong>et</strong></span> <span class='ocrx_word' id='word_1_430' title='bbox 1287 3111 1443 3152; x_wconf 83' lang='lat' dir='ltr'><strong>suum</strong></span> <span class='ocrx_word' id='word_1_431' title='bbox 1501 3099 1629 3155; x_wconf 92' lang='lat' dir='ltr'><strong>illud</strong></span> <span class='ocrx_word' id='word_1_432' title='bbox 1664 3101 1861 3159; x_wconf 79' lang='lat' dir='ltr'><strong>fecisse</strong></span> <span class='ocrx_word' id='word_1_433' title='bbox 1893 3119 2057 3161; x_wconf 89' lang='lat' dir='ltr'><strong>:nam</strong></span> <span class='ocrx_word' id='word_1_434' title='bbox 2091 3109 2192 3164; x_wconf 90' lang='lat' dir='ltr'><strong>hoc</strong></span> 
     </span>
    </p>
   </div>
   <div class='ocr_carea' id='block_1_61' title="bbox 2300 3089 3880 3184">
    <p class='ocr_par' dir='ltr' id='par_1_61' title="bbox 2300 3089 3880 3184">
     <span class='ocr_line' id='line_1_61' title="bbox 2300 3089 3880 3184; baseline 0.002 -20"><span class='ocrx_word' id='word_1_435' title='bbox 2300 3111 2473 3182; x_wconf 82' lang='grc' dir='ltr'>ἑαυτῷ</span> <span class='ocrx_word' id='word_1_436' title='bbox 2535 3113 2692 3182; x_wconf 85' lang='grc' dir='ltr'>σῶμα</span> <span class='ocrx_word' id='word_1_437' title='bbox 2737 3112 2921 3168; x_wconf 75' lang='grc' dir='ltr'>λαϐεῖν</span> <span class='ocrx_word' id='word_1_438' title='bbox 2974 3116 3039 3167; x_wconf 82' lang='grc' dir='ltr'><strong>ὲκ</strong></span> <span class='ocrx_word' id='word_1_439' title='bbox 3089 3089 3192 3184; x_wconf 81' lang='grc' dir='ltr'><strong>τῆς</strong></span> <span class='ocrx_word' id='word_1_440' title='bbox 3238 3089 3400 3181; x_wconf 84' lang='grc' dir='ltr'>ἁγίας</span> <span class='ocrx_word' id='word_1_441' title='bbox 3451 3114 3730 3183; x_wconf 85' lang='grc' dir='ltr'>Παρθένου</span> <span class='ocrx_word' id='word_1_442' title='bbox 3778 3116 3880 3167; x_wconf 77' lang='grc' dir='ltr'><strong>καὶ</strong></span> 
     </span>
    </p>
   </div>
   <div class='ocr_carea' id='block_1_62' title="bbox 618 3170 2201 3275">
    <p class='ocr_par' dir='ltr' id='par_1_62' title="bbox 618 3179 2190 3268">
     <span class='ocr_line' id='line_1_62' title="bbox 618 3179 2190 3268; baseline 0.015 -37"><span class='ocrx_word' id='word_1_443' title='bbox 618 3179 778 3234; x_wconf 86' lang='lat' dir='ltr'><strong>modo</strong></span> <span class='ocrx_word' id='word_1_444' title='bbox 819 3179 880 3235; x_wconf 78' lang='lat' dir='ltr'><strong>fit</strong></span> <span class='ocrx_word' id='word_1_445' title='bbox 924 3190 985 3237; x_wconf 88' lang='lat' dir='ltr'><strong>ut</strong></span> <span class='ocrx_word' id='word_1_446' title='bbox 1024 3199 1151 3240; x_wconf 87' lang='lat' dir='ltr'><strong>vere</strong></span> <span class='ocrx_word' id='word_1_447' title='bbox 1184 3202 1324 3243; x_wconf 90' lang='lat' dir='ltr'><strong>unus</strong></span> <span class='ocrx_word' id='word_1_448' title='bbox 1355 3190 1426 3244; x_wconf 88' lang='lat' dir='ltr'><strong>sit</strong></span> <span class='ocrx_word' id='word_1_449' title='bbox 1458 3189 1718 3247; x_wconf 89' lang='lat' dir='ltr'><strong>Dominus</strong></span> <span class='ocrx_word' id='word_1_450' title='bbox 1740 3194 1899 3251; x_wconf 83' lang='lat' dir='ltr'><strong>Jesus</strong></span> <span class='ocrx_word' id='word_1_451' title='bbox 1921 3197 2190 3268; x_wconf 89' lang='lat' dir='ltr'><strong>Christus,</strong></span> 
     </span>
    </p>
   </div>
   <div class='ocr_carea' id='block_1_63' title="bbox 2300 3170 3875 3275">
    <p class='ocr_par' dir='ltr' id='par_1_63' title="bbox 2300 3170 3875 3275">
     <span class='ocr_line' id='line_1_63' title="bbox 2300 3170 3875 3275; baseline 0.002 -21"><span class='ocrx_word' id='word_1_452' title='bbox 2300 3170 2629 3254; x_wconf 39' lang='grc' dir='ltr'>ἴδιονιαύτὸι</span> <span class='ocrx_word' id='word_1_453' title='bbox 2656 3204 3017 3272; x_wconf 76' lang='grc' dir='ltr'>ποιήσασθαιο</span> <span class='ocrx_word' id='word_1_454' title='bbox 3067 3170 3209 3256; x_wconf 68' lang='grc' dir='ltr'>οὕτω</span> <span class='ocrx_word' id='word_1_455' title='bbox 3248 3170 3555 3274; x_wconf 31' lang='grc' dir='ltr'>γάρνέσται</span> <span class='ocrx_word' id='word_1_456' title='bbox 3607 3205 3699 3257; x_wconf 71' lang='grc' dir='ltr'><strong>καὶ</strong></span> <span class='ocrx_word' id='word_1_457' title='bbox 3737 3204 3875 3275; x_wconf 84' lang='grc' dir='ltr'>ἀλη-</span> 
     </span>
    </p>
   </div>
   <div class='ocr_carea' id='block_1_64' title="bbox 619 3268 2196 3349">
    <p class='ocr_par' dir='ltr' id='par_1_64' title="bbox 619 3268 2196 3349">
     <span class='ocr_line' id='line_1_64' title="bbox 619 3268 2196 3349; baseline 0.015 -28"><span class='ocrx_word' id='word_1_458' title='bbox 619 3268 722 3324; x_wconf 88' lang='lat' dir='ltr'><strong>hoc</strong></span> <span class='ocrx_word' id='word_1_459' title='bbox 744 3269 903 3327; x_wconf 92' lang='lat' dir='ltr'><strong>modo</strong></span> <span class='ocrx_word' id='word_1_460' title='bbox 927 3272 1076 3329; x_wconf 91' lang='lat' dir='ltr'><strong>illum</strong></span> <span class='ocrx_word' id='word_1_461' title='bbox 1100 3283 1157 3329; x_wconf 88' lang='lat' dir='ltr'><strong>ut</strong></span> <span class='ocrx_word' id='word_1_462' title='bbox 1190 3293 1352 3333; x_wconf 93' lang='lat' dir='ltr'><strong>unum</strong></span> <span class='ocrx_word' id='word_1_463' title='bbox 1395 3279 1762 3349; x_wconf 89' lang='lat' dir='ltr'><strong>adorabimus,</strong></span> <span class='ocrx_word' id='word_1_464' title='bbox 1799 3287 1844 3339; x_wconf 89' lang='lat' dir='ltr'><strong>si</strong></span> <span class='ocrx_word' id='word_1_465' title='bbox 1881 3302 1987 3341; x_wconf 90' lang='lat' dir='ltr'><strong>non</strong></span> <span class='ocrx_word' id='word_1_466' title='bbox 2023 3290 2196 3343; x_wconf 85' lang='lat' dir='ltr'><strong>homi-</strong></span> 
     </span>
    </p>
   </div>
   <div class='ocr_carea' id='block_1_65' title="bbox 618 3362 2199 3440">
    <p class='ocr_par' dir='ltr' id='par_1_65' title="bbox 618 3362 2199 3440">
     <span class='ocr_line' id='line_1_65' title="bbox 618 3362 2199 3440; baseline 0.015 -29"><span class='ocrx_word' id='word_1_467' title='bbox 618 3374 743 3413; x_wconf 91' lang='lat' dir='ltr'><strong>nem</strong></span> <span class='ocrx_word' id='word_1_468' title='bbox 777 3375 840 3416; x_wconf 87' lang='lat' dir='ltr'><strong>ac</strong></span> <span class='ocrx_word' id='word_1_469' title='bbox 869 3362 1038 3418; x_wconf 91' lang='lat' dir='ltr'><strong>Deum</strong></span> <span class='ocrx_word' id='word_1_470' title='bbox 1072 3369 1299 3424; x_wconf 86' lang='lat' dir='ltr'><strong>seorsim</strong></span> <span class='ocrx_word' id='word_1_471' title='bbox 1330 3385 1616 3440; x_wconf 82' lang='lat' dir='ltr'><strong>ponamus,</strong></span> <span class='ocrx_word' id='word_1_472' title='bbox 1651 3377 1745 3428; x_wconf 88' lang='lat' dir='ltr'><strong>sed</strong></span> <span class='ocrx_word' id='word_1_473' title='bbox 1774 3392 1937 3431; x_wconf 91' lang='lat' dir='ltr'><strong>unum</strong></span> <span class='ocrx_word' id='word_1_474' title='bbox 1957 3387 2013 3431; x_wconf 91' lang='lat' dir='ltr'><strong>et</strong></span> <span class='ocrx_word' id='word_1_475' title='bbox 2051 3393 2199 3433; x_wconf 90' lang='lat' dir='ltr'><strong>eum-</strong></span> 
     </span>
    </p>
   </div>
   <div class='ocr_carea' id='block_1_66' title="bbox 615 3453 2194 3534">
    <p class='ocr_par' dir='ltr' id='par_1_66' title="bbox 615 3453 2194 3534">
     <span class='ocr_line' id='line_1_66' title="bbox 615 3453 2194 3534; baseline 0.013 -30"><span class='ocrx_word' id='word_1_476' title='bbox 615 3453 738 3506; x_wconf 86' lang='lat' dir='ltr'><strong>dem</strong></span> <span class='ocrx_word' id='word_1_477' title='bbox 772 3467 896 3508; x_wconf 90' lang='lat' dir='ltr'><strong>esse</strong></span> <span class='ocrx_word' id='word_1_478' title='bbox 957 3458 1243 3514; x_wconf 89' lang='lat' dir='ltr'><strong>credamus</strong></span> <span class='ocrx_word' id='word_1_479' title='bbox 1289 3458 1343 3513; x_wconf 89' lang='lat' dir='ltr'><strong>in</strong></span> <span class='ocrx_word' id='word_1_480' title='bbox 1405 3461 1690 3518; x_wconf 88' lang='lat' dir='ltr'><strong>divinitate</strong></span> <span class='ocrx_word' id='word_1_481' title='bbox 1729 3473 1783 3518; x_wconf 86' lang='lat' dir='ltr'><strong>et</strong></span> <span class='ocrx_word' id='word_1_482' title='bbox 1840 3467 2194 3534; x_wconf 87' lang='lat' dir='ltr'><strong>humanitate,</strong></span> 
     </span>
    </p>
   </div>
   <div class='ocr_carea' id='block_1_67' title="bbox 618 3544 2194 3616">
    <p class='ocr_par' dir='ltr' id='par_1_67' title="bbox 618 3544 2194 3616">
     <span class='ocr_line' id='line_1_67' title="bbox 618 3544 2194 3616; baseline 0.012 -20"><span class='ocrx_word' id='word_1_483' title='bbox 618 3544 719 3598; x_wconf 90' lang='lat' dir='ltr'><strong>hoc</strong></span> <span class='ocrx_word' id='word_1_484' title='bbox 751 3553 854 3608; x_wconf 89' lang='lat' dir='ltr'><strong>est,</strong></span> <span class='ocrx_word' id='word_1_485' title='bbox 899 3545 1002 3614; x_wconf 79' lang='lat'><strong>31</strong></span> <span class='ocrx_word' id='word_1_486' title='bbox 1054 3547 1219 3601; x_wconf 87' lang='lat' dir='ltr'><strong>Deum</strong></span> <span class='ocrx_word' id='word_1_487' title='bbox 1275 3550 1434 3604; x_wconf 89' lang='lat' dir='ltr'><strong>simul</strong></span> <span class='ocrx_word' id='word_1_488' title='bbox 1485 3561 1540 3607; x_wconf 90' lang='lat' dir='ltr'><strong>et</strong></span> <span class='ocrx_word' id='word_1_489' title='bbox 1597 3553 1896 3610; x_wconf 91' lang='lat' dir='ltr'><strong>hominem.</strong></span> <span class='ocrx_word' id='word_1_490' title='bbox 1949 3560 2021 3612; x_wconf 78' lang='lat' dir='ltr'><strong>At</strong></span> <span class='ocrx_word' id='word_1_491' title='bbox 2069 3575 2194 3616; x_wconf 89' lang='lat' dir='ltr'><strong>vero</strong></span> 
     </span>
    </p>
   </div>
   <div class='ocr_carea' id='block_1_68' title="bbox 616 3634 2196 3720">
    <p class='ocr_par' dir='ltr' id='par_1_68' title="bbox 616 3634 2196 3720">
     <span class='ocr_line' id='line_1_68' title="bbox 616 3634 2196 3720; baseline 0.012 -35"><span class='ocrx_word' id='word_1_492' title='bbox 616 3642 801 3688; x_wconf 88' lang='lat' dir='ltr'><strong>noster</strong></span> <span class='ocrx_word' id='word_1_493' title='bbox 830 3634 919 3689; x_wconf 88' lang='lat' dir='ltr'><strong>hic</strong></span> <span class='ocrx_word' id='word_1_494' title='bbox 945 3638 1332 3694; x_wconf 64' lang='lat' dir='ltr'><strong>recentissimae</strong></span> <span class='ocrx_word' id='word_1_495' title='bbox 1371 3640 1667 3710; x_wconf 89' lang='lat' dir='ltr'><strong>impietatis</strong></span> <span class='ocrx_word' id='word_1_496' title='bbox 1699 3645 1968 3713; x_wconf 90' lang='lat' dir='ltr'><strong>inventor,</strong></span> <span class='ocrx_word' id='word_1_497' title='bbox 2002 3665 2196 3720; x_wconf 90' lang='lat' dir='ltr'><strong>qnam-</strong></span> 
     </span>
    </p>
   </div>
   <div class='ocr_carea' id='block_1_69' title="bbox 614 3723 2194 3812">
    <p class='ocr_par' dir='ltr' id='par_1_69' title="bbox 614 3723 2194 3812">
     <span class='ocr_line' id='line_1_69' title="bbox 614 3723 2194 3812; baseline 0.014 -36"><span class='ocrx_word' id='word_1_498' title='bbox 614 3724 698 3777; x_wconf 86' lang='lat' dir='ltr'><strong>vis</strong></span> <span class='ocrx_word' id='word_1_499' title='bbox 730 3723 1007 3781; x_wconf 81' lang='lat' dir='ltr'><strong>Christum</strong></span> <span class='ocrx_word' id='word_1_500' title='bbox 1042 3743 1209 3784; x_wconf 91' lang='lat' dir='ltr'><strong>unum</strong></span> <span class='ocrx_word' id='word_1_501' title='bbox 1238 3744 1299 3785; x_wconf 90' lang='lat' dir='ltr'><strong>se</strong></span> <span class='ocrx_word' id='word_1_502' title='bbox 1319 3731 1498 3788; x_wconf 90' lang='lat' dir='ltr'><strong>dicere</strong></span> <span class='ocrx_word' id='word_1_503' title='bbox 1517 3733 1755 3802; x_wconf 89' lang='lat' dir='ltr'><strong>simulet,</strong></span> <span class='ocrx_word' id='word_1_504' title='bbox 1788 3747 1966 3794; x_wconf 88' lang='lat' dir='ltr'><strong>tamen</strong></span> <span class='ocrx_word' id='word_1_505' title='bbox 1994 3741 2194 3812; x_wconf 86' lang='lat' dir='ltr'><strong>ubique</strong></span> 
     </span>
    </p>
   </div>
   <div class='ocr_carea' id='block_1_70' title="bbox 617 3817 2195 3896">
    <p class='ocr_par' dir='ltr' id='par_1_70' title="bbox 617 3817 2195 3896">
     <span class='ocr_line' id='line_1_70' title="bbox 617 3817 2195 3896; baseline 0.015 -31"><span class='ocrx_word' id='word_1_506' title='bbox 617 3822 843 3869; x_wconf 87' lang='lat' dir='ltr'><strong>naturas</strong></span> <span class='ocrx_word' id='word_1_507' title='bbox 876 3817 1088 3884; x_wconf 87' lang='lat' dir='ltr'><strong>dividit,</strong></span> <span class='ocrx_word' id='word_1_508' title='bbox 1114 3829 1169 3873; x_wconf 90' lang='lat' dir='ltr'><strong>et</strong></span> <span class='ocrx_word' id='word_1_509' title='bbox 1204 3822 1429 3877; x_wconf 84' lang='lat' dir='ltr'><strong>seorsim</strong></span> <span class='ocrx_word' id='word_1_510' title='bbox 1459 3833 1744 3895; x_wconf 90' lang='lat' dir='ltr'><strong>utramque</strong></span> <span class='ocrx_word' id='word_1_511' title='bbox 1771 3831 1943 3896; x_wconf 92' lang='lat' dir='ltr'><strong>ponit,</strong></span> <span class='ocrx_word' id='word_1_512' title='bbox 1979 3835 2195 3887; x_wconf 89' lang='lat' dir='ltr'><strong>asserit-</strong></span> 
     </span>
    </p>
   </div>
   <div class='ocr_carea' id='block_1_71' title="bbox 617 3908 2194 3994">
    <p class='ocr_par' dir='ltr' id='par_1_71' title="bbox 617 3908 2194 3994">
     <span class='ocr_line' id='line_1_71' title="bbox 617 3908 2194 3994; baseline 0.014 -36"><span class='ocrx_word' id='word_1_513' title='bbox 617 3921 726 3972; x_wconf 84' lang='lat' dir='ltr'><strong>que</strong></span> <span class='ocrx_word' id='word_1_514' title='bbox 778 3921 884 3961; x_wconf 91' lang='lat' dir='ltr'><strong>non</strong></span> <span class='ocrx_word' id='word_1_515' title='bbox 924 3908 1044 3965; x_wconf 86' lang='lat' dir='ltr'><strong>illas</strong></span> <span class='ocrx_word' id='word_1_516' title='bbox 1082 3911 1225 3968; x_wconf 89' lang='lat' dir='ltr'><strong>inter</strong></span> <span class='ocrx_word' id='word_1_517' title='bbox 1256 3928 1316 3969; x_wconf 90' lang='lat' dir='ltr'><strong>se</strong></span> <span class='ocrx_word' id='word_1_518' title='bbox 1359 3929 1484 3971; x_wconf 90' lang='lat' dir='ltr'><strong>vere</strong></span> <span class='ocrx_word' id='word_1_519' title='bbox 1521 3920 1875 3986; x_wconf 87' lang='lat' dir='ltr'><strong>convenisse,</strong></span> <span class='ocrx_word' id='word_1_520' title='bbox 1921 3925 2014 3978; x_wconf 89' lang='lat' dir='ltr'><strong>sed</strong></span> <span class='ocrx_word' id='word_1_521' title='bbox 2063 3939 2194 3994; x_wconf 76' lang='lat' dir='ltr'><strong>prae-</strong></span> 
     </span>
    </p>
   </div>
   <div class='ocr_carea' id='block_1_72' title="bbox 619 3994 2194 4079">
    <p class='ocr_par' dir='ltr' id='par_1_72' title="bbox 619 3994 2194 4079">
     <span class='ocr_line' id='line_1_72' title="bbox 619 3994 2194 4079; baseline 0.015 -34"><span class='ocrx_word' id='word_1_522' title='bbox 619 3994 1148 4056; x_wconf 75' lang='lat' dir='ltr'><strong>texitexcusationes</strong></span> <span class='ocrx_word' id='word_1_523' title='bbox 1184 4017 1246 4057; x_wconf 89' lang='lat' dir='ltr'><strong>ac</strong></span> <span class='ocrx_word' id='word_1_524' title='bbox 1265 4014 1560 4074; x_wconf 64' lang='lat' dir='ltr'><strong>praetextus</strong></span> <span class='ocrx_word' id='word_1_525' title='bbox 1596 4008 1652 4062; x_wconf 91' lang='lat' dir='ltr'><strong>in</strong></span> <span class='ocrx_word' id='word_1_526' title='bbox 1689 4013 1947 4079; x_wconf 89' lang='lat' dir='ltr'><strong>peccatis,</strong></span> <span class='ocrx_word' id='word_1_527' title='bbox 1985 4023 2044 4067; x_wconf 92' lang='lat' dir='ltr'><strong>ut</strong></span> <span class='ocrx_word' id='word_1_528' title='bbox 2066 4017 2194 4069; x_wconf 89' lang='lat' dir='ltr'><strong>scri-</strong></span> 
     </span>
    </p>
   </div>
   <div class='ocr_carea' id='block_1_73' title="bbox 617 4090 2194 4172">
    <p class='ocr_par' dir='ltr' id='par_1_73' title="bbox 617 4090 2194 4172">
     <span class='ocr_line' id='line_1_73' title="bbox 617 4090 2194 4172; baseline 0.015 -33"><span class='ocrx_word' id='word_1_529' title='bbox 617 4094 767 4155; x_wconf 93' lang='lat' dir='ltr'><strong>ptum</strong></span> <span class='ocrx_word' id='word_1_530' title='bbox 811 4098 894 4142; x_wconf 85' lang='lat' dir='ltr'><strong>est</strong></span> <span class='ocrx_word' id='word_1_531' title='bbox 936 4090 1003 4154; x_wconf 79' lang='lat'><strong>&quot;,</strong></span> <span class='ocrx_word' id='word_1_532' title='bbox 1055 4104 1110 4146; x_wconf 89' lang='lat' dir='ltr'><strong>et</strong></span> <span class='ocrx_word' id='word_1_533' title='bbox 1166 4095 1382 4149; x_wconf 85' lang='lat' dir='ltr'><strong>modum</strong></span> <span class='ocrx_word' id='word_1_534' title='bbox 1441 4101 1728 4166; x_wconf 90' lang='lat' dir='ltr'><strong>quemdam</strong></span> <span class='ocrx_word' id='word_1_535' title='bbox 1795 4103 2194 4172; x_wconf 86' lang='lat' dir='ltr'><strong>conjunctionls</strong></span> 
     </span>
    </p>
   </div>
   <div class='ocr_carea' id='block_1_74' title="bbox 618 4181 2196 4264">
    <p class='ocr_par' dir='ltr' id='par_1_74' title="bbox 618 4181 2196 4264">
     <span class='ocr_line' id='line_1_74' title="bbox 618 4181 2196 4264; baseline 0.011 -31"><span class='ocrx_word' id='word_1_536' title='bbox 618 4181 1069 4252; x_wconf 79' lang='lat' dir='ltr'><strong>comminiscitur,</strong></span> <span class='ocrx_word' id='word_1_537' title='bbox 1123 4185 1271 4241; x_wconf 90' lang='lat' dir='ltr'><strong>illum</strong></span> <span class='ocrx_word' id='word_1_538' title='bbox 1314 4203 1507 4259; x_wconf 83' lang='lat' dir='ltr'><strong>nempe</strong></span> <span class='ocrx_word' id='word_1_539' title='bbox 1545 4193 1841 4246; x_wconf 88' lang='lat' dir='ltr'><strong>secundum</strong></span> <span class='ocrx_word' id='word_1_540' title='bbox 1900 4194 2091 4264; x_wconf 88' lang='lat' dir='ltr'><strong>solam,</strong></span> <span class='ocrx_word' id='word_1_541' title='bbox 2138 4206 2196 4251; x_wconf 90' lang='lat' dir='ltr'><strong>ut</strong></span> 
     </span>
    </p>
   </div>
   <div class='ocr_carea' id='block_1_75' title="bbox 2297 3286 3880 3364">
    <p class='ocr_par' dir='ltr' id='par_1_75' title="bbox 2297 3286 3880 3364">
     <span class='ocr_line' id='line_1_75' title="bbox 2297 3286 3880 3364; baseline 0.003 -23"><span class='ocrx_word' id='word_1_542' title='bbox 2297 3290 2406 3354; x_wconf 84' lang='grc' dir='ltr'><strong>θῶς</strong></span> <span class='ocrx_word' id='word_1_543' title='bbox 2459 3286 2538 3352; x_wconf 76' lang='grc' dir='ltr'>εἷς</span> <span class='ocrx_word' id='word_1_544' title='bbox 2569 3290 2770 3361; x_wconf 81' lang='grc' dir='ltr'>Κύριος</span> <span class='ocrx_word' id='word_1_545' title='bbox 2817 3291 3023 3361; x_wconf 81' lang='grc' dir='ltr'>Ἰησοῦς</span> <span class='ocrx_word' id='word_1_546' title='bbox 3068 3294 3337 3364; x_wconf 86' lang='grc' dir='ltr'>Χριστός·</span> <span class='ocrx_word' id='word_1_547' title='bbox 3378 3291 3554 3356; x_wconf 77' lang='grc' dir='ltr'>οὕτως</span> <span class='ocrx_word' id='word_1_548' title='bbox 3593 3293 3754 3351; x_wconf 77' lang='grc' dir='ltr'>αὑτὸν</span> <span class='ocrx_word' id='word_1_549' title='bbox 3794 3293 3880 3356; x_wconf 84' lang='grc' dir='ltr'>ὡς</span> 
     </span>
    </p>
   </div>
   <div class='ocr_carea' id='block_1_76' title="bbox 2295 3383 3879 3455">
    <p class='ocr_par' dir='ltr' id='par_1_76' title="bbox 2295 3383 3879 3455">
     <span class='ocr_line' id='line_1_76' title="bbox 2295 3383 3879 3455; baseline 0.002 -21"><span class='ocrx_word' id='word_1_550' title='bbox 2295 3383 2391 3434; x_wconf 68' lang='grc' dir='ltr'>ἕνα</span> <span class='ocrx_word' id='word_1_551' title='bbox 2432 3385 2924 3452; x_wconf 83' lang='grc' dir='ltr'>προσκυνήσομεν,</span> <span class='ocrx_word' id='word_1_552' title='bbox 2974 3384 3076 3436; x_wconf 83' lang='grc' dir='ltr'><strong>οὐκ</strong></span> <span class='ocrx_word' id='word_1_553' title='bbox 3129 3385 3233 3436; x_wconf 89' lang='grc' dir='ltr'><strong>ἀνά</strong></span> <span class='ocrx_word' id='word_1_554' title='bbox 3285 3384 3452 3455; x_wconf 86' lang='grc' dir='ltr'>μέρος</span> <span class='ocrx_word' id='word_1_555' title='bbox 3492 3384 3731 3447; x_wconf 83' lang='grc' dir='ltr'>τιθέντες</span> <span class='ocrx_word' id='word_1_556' title='bbox 3779 3385 3879 3440; x_wconf 80' lang='grc' dir='ltr'>ἀν-</span> 
     </span>
    </p>
   </div>
   <div class='ocr_carea' id='block_1_77' title="bbox 2297 3469 3879 3541">
    <p class='ocr_par' dir='ltr' id='par_1_77' title="bbox 2297 3469 3879 3541">
     <span class='ocr_line' id='line_1_77' title="bbox 2297 3469 3879 3541; baseline 0.003 -18"><span class='ocrx_word' id='word_1_557' title='bbox 2297 3471 2534 3541; x_wconf 88' lang='grc' dir='ltr'>θρωπον,</span> <span class='ocrx_word' id='word_1_558' title='bbox 2566 3470 2661 3522; x_wconf 69' lang='grc' dir='ltr'>καὶ</span> <span class='ocrx_word' id='word_1_559' title='bbox 2691 3469 2844 3535; x_wconf 76' lang='grc' dir='ltr'>Θεὸν,</span> <span class='ocrx_word' id='word_1_560' title='bbox 2884 3471 2998 3524; x_wconf 84' lang='grc' dir='ltr'>ἀλλ’</span> <span class='ocrx_word' id='word_1_561' title='bbox 3029 3471 3147 3537; x_wconf 72' lang='grc' dir='ltr'>ἕνα,</span> <span class='ocrx_word' id='word_1_562' title='bbox 3179 3473 3272 3525; x_wconf 75' lang='grc' dir='ltr'><strong>καὶ</strong></span> <span class='ocrx_word' id='word_1_563' title='bbox 3298 3473 3389 3525; x_wconf 81' lang='grc' dir='ltr'><strong>τὸν</strong></span> <span class='ocrx_word' id='word_1_564' title='bbox 3419 3473 3581 3526; x_wconf 82' lang='grc' dir='ltr'>αὐτὸν</span> <span class='ocrx_word' id='word_1_565' title='bbox 3608 3470 3748 3528; x_wconf 78' lang='grc' dir='ltr'>εῖναι</span> <span class='ocrx_word' id='word_1_566' title='bbox 3780 3494 3879 3529; x_wconf 91' lang='grc' dir='ltr'>πι-</span> 
     </span>
    </p>
   </div>
   <div class='ocr_carea' id='block_1_78' title="bbox 2298 3558 3877 3632">
    <p class='ocr_par' dir='ltr' id='par_1_78' title="bbox 2298 3558 3877 3632">
     <span class='ocr_line' id='line_1_78' title="bbox 2298 3558 3877 3632; baseline 0.004 -21"><span class='ocrx_word' id='word_1_567' title='bbox 2298 3558 2600 3623; x_wconf 87' lang='grc' dir='ltr'>στεύοντες,</span> <span class='ocrx_word' id='word_1_568' title='bbox 2623 3559 2699 3622; x_wconf 85' lang='grc' dir='ltr'>ὼς</span> <span class='ocrx_word' id='word_1_569' title='bbox 2721 3560 2778 3611; x_wconf 86' lang='grc' dir='ltr'>ὲν</span> <span class='ocrx_word' id='word_1_570' title='bbox 2802 3559 3017 3629; x_wconf 88' lang='grc' dir='ltr'>θεότητι</span> <span class='ocrx_word' id='word_1_571' title='bbox 3047 3561 3140 3612; x_wconf 81' lang='grc' dir='ltr'>καὶ</span> <span class='ocrx_word' id='word_1_572' title='bbox 3167 3560 3543 3632; x_wconf 86' lang='grc' dir='ltr'>ἀνθρωπό.ητι</span> <span class='ocrx_word' id='word_1_573' title='bbox 3563 3580 3576 3594; x_wconf 91' lang='grc'><strong>·</strong></span> <span class='ocrx_word' id='word_1_574' title='bbox 3599 3564 3877 3631; x_wconf 80' lang='grc' dir='ltr'>τουτέστι,</span> 
     </span>
    </p>
   </div>
   <div class='ocr_carea' id='block_1_79' title="bbox 2294 3649 3878 3728">
    <p class='ocr_par' dir='ltr' id='par_1_79' title="bbox 2294 3649 3878 3728">
     <span class='ocr_line' id='line_1_79' title="bbox 2294 3649 3878 3728; baseline 0.006 -27"><span class='ocrx_word' id='word_1_575' title='bbox 2294 3649 2426 3702; x_wconf 87' lang='grc' dir='ltr'>Θεόν</span> <span class='ocrx_word' id='word_1_576' title='bbox 2455 3666 2511 3701; x_wconf 88' lang='grc' dir='ltr'><strong>τε</strong></span> <span class='ocrx_word' id='word_1_577' title='bbox 2541 3650 2674 3719; x_wconf 82' lang='grc' dir='ltr'>ὁμοῦ</span> <span class='ocrx_word' id='word_1_578' title='bbox 2707 3651 2801 3703; x_wconf 78' lang='grc' dir='ltr'>καὶ</span> <span class='ocrx_word' id='word_1_579' title='bbox 2837 3649 3140 3721; x_wconf 74' lang='grc' dir='ltr'>ἄνθρωπον.</span> <span class='ocrx_word' id='word_1_580' title='bbox 3190 3651 3248 3703; x_wconf 85' lang='grc' dir='ltr'><strong>Ὀ</strong></span> <span class='ocrx_word' id='word_1_581' title='bbox 3282 3652 3338 3705; x_wconf 85' lang='grc' dir='ltr'><strong>δέ</strong></span> <span class='ocrx_word' id='word_1_582' title='bbox 3371 3670 3432 3720; x_wconf 85' lang='grc' dir='ltr'><strong>γε</strong></span> <span class='ocrx_word' id='word_1_583' title='bbox 3464 3653 3564 3720; x_wconf 79' lang='grc' dir='ltr'>τῆς</span> <span class='ocrx_word' id='word_1_584' title='bbox 3593 3655 3878 3728; x_wconf 80' lang='grc' dir='ltr'>νεωτάτης</span> 
     </span>
    </p>
   </div>
   <div class='ocr_carea' id='block_1_80' title="bbox 2293 3740 3879 3816">
    <p class='ocr_par' dir='ltr' id='par_1_80' title="bbox 2293 3740 3879 3816">
     <span class='ocr_line' id='line_1_80' title="bbox 2293 3740 3879 3816; baseline 0.008 -25"><span class='ocrx_word' id='word_1_585' title='bbox 2293 3741 2427 3812; x_wconf 74' lang='grc' dir='ltr'>ἡμῖν</span> <span class='ocrx_word' id='word_1_586' title='bbox 2457 3740 2712 3803; x_wconf 77' lang='grc' dir='ltr'>ἀσεϐείας</span> <span class='ocrx_word' id='word_1_587' title='bbox 2758 3741 3005 3811; x_wconf 74' lang='grc' dir='ltr'>εὑρετὴς,</span> <span class='ocrx_word' id='word_1_588' title='bbox 3057 3743 3232 3794; x_wconf 86' lang='grc' dir='ltr'>καίτοι</span> <span class='ocrx_word' id='word_1_589' title='bbox 3281 3744 3510 3814; x_wconf 81' lang='grc' dir='ltr'>Χριστὸν</span> <span class='ocrx_word' id='word_1_590' title='bbox 3542 3745 3638 3797; x_wconf 72' lang='grc' dir='ltr'><strong>ἕνα</strong></span> <span class='ocrx_word' id='word_1_591' title='bbox 3686 3745 3879 3816; x_wconf 87' lang='grc' dir='ltr'>λέγειν</span> 
     </span>
    </p>
   </div>
   <div class='ocr_carea' id='block_1_81' title="bbox 2295 3831 3874 3906">
    <p class='ocr_par' dir='ltr' id='par_1_81' title="bbox 2295 3831 3874 3906">
     <span class='ocr_line' id='line_1_81' title="bbox 2295 3831 3874 3906; baseline 0.006 -24"><span class='ocrx_word' id='word_1_592' title='bbox 2295 3833 2780 3901; x_wconf 86' lang='grc' dir='ltr'>προσποιούμενος,</span> <span class='ocrx_word' id='word_1_593' title='bbox 2817 3831 3016 3902; x_wconf 88' lang='grc' dir='ltr'>διαιρεί</span> <span class='ocrx_word' id='word_1_594' title='bbox 3055 3831 3156 3900; x_wconf 80' lang='grc' dir='ltr'><strong>μὲν</strong></span> <span class='ocrx_word' id='word_1_595' title='bbox 3206 3833 3479 3902; x_wconf 85' lang='grc' dir='ltr'>πανταχοῦ</span> <span class='ocrx_word' id='word_1_596' title='bbox 3516 3834 3617 3898; x_wconf 85' lang='grc' dir='ltr'>τὰς</span> <span class='ocrx_word' id='word_1_597' title='bbox 3648 3837 3874 3906; x_wconf 84' lang='grc' dir='ltr'>φύσεις,</span> 
     </span>
    </p>
   </div>
   <div class='ocr_carea' id='block_1_82' title="bbox 2294 3917 3873 3998">
    <p class='ocr_par' dir='ltr' id='par_1_82' title="bbox 2294 3917 3873 3998">
     <span class='ocr_line' id='line_1_82' title="bbox 2294 3917 3873 3998; baseline 0.007 -26"><span class='ocrx_word' id='word_1_598' title='bbox 2294 3918 2388 3972; x_wconf 74' lang='grc' dir='ltr'>καὶ</span> <span class='ocrx_word' id='word_1_599' title='bbox 2433 3919 2538 3972; x_wconf 89' lang='grc' dir='ltr'><strong>ἀνά</strong></span> <span class='ocrx_word' id='word_1_600' title='bbox 2592 3917 2758 3990; x_wconf 86' lang='grc' dir='ltr'>μέρος</span> <span class='ocrx_word' id='word_1_601' title='bbox 2811 3920 3021 3990; x_wconf 81' lang='grc' dir='ltr'>ἵστησιν</span> <span class='ocrx_word' id='word_1_602' title='bbox 3054 3921 3338 3992; x_wconf 82' lang='grc' dir='ltr'>ἑκατέραν,</span> <span class='ocrx_word' id='word_1_603' title='bbox 3371 3924 3473 3976; x_wconf 78' lang='grc' dir='ltr'>οὐκ</span> <span class='ocrx_word' id='word_1_604' title='bbox 3518 3924 3712 3996; x_wconf 81' lang='grc' dir='ltr'>ἀληθὲς</span> <span class='ocrx_word' id='word_1_605' title='bbox 3749 3926 3873 3998; x_wconf 83' lang='grc' dir='ltr'><strong>[τσ.</strong></span> 
     </span>
    </p>
   </div>
   <div class='ocr_carea' id='block_1_83' title="bbox 2292 4008 3874 4086">
    <p class='ocr_par' dir='ltr' id='par_1_83' title="bbox 2292 4008 3874 4086">
     <span class='ocr_line' id='line_1_83' title="bbox 2292 4008 3874 4086; baseline 0.007 -26"><span class='ocrx_word' id='word_1_606' title='bbox 2292 4008 2528 4078; x_wconf 79' lang='grc' dir='ltr'>ἀληθῶς]</span> <span class='ocrx_word' id='word_1_607' title='bbox 2563 4009 2821 4080; x_wconf 82' lang='grc' dir='ltr'>ἀλλήλαις</span> <span class='ocrx_word' id='word_1_608' title='bbox 2856 4011 3127 4081; x_wconf 70' lang='grc' dir='ltr'>συμϐῆναι</span> <span class='ocrx_word' id='word_1_609' title='bbox 3149 4011 3320 4078; x_wconf 89' lang='grc' dir='ltr'>λέγων</span> <span class='ocrx_word' id='word_1_610' title='bbox 3353 4014 3522 4078; x_wconf 78' lang='grc' dir='ltr'>αὑτάς</span> <span class='ocrx_word' id='word_1_611' title='bbox 3543 4029 3558 4045; x_wconf 76' lang='grc'><strong><em>⁸</em></strong></span> <span class='ocrx_word' id='word_1_612' title='bbox 3592 4033 3874 4086; x_wconf 77' lang='grc' dir='ltr'>προφασι-</span> 
     </span>
    </p>
   </div>
   <div class='ocr_carea' id='block_1_84' title="bbox 2294 4098 3875 4178">
    <p class='ocr_par' dir='ltr' id='par_1_84' title="bbox 2294 4098 3875 4178">
     <span class='ocr_line' id='line_1_84' title="bbox 2294 4098 3875 4178; baseline 0.007 -27"><span class='ocrx_word' id='word_1_613' title='bbox 2294 4098 2518 4170; x_wconf 79' lang='grc' dir='ltr'>ζόμενος</span> <span class='ocrx_word' id='word_1_614' title='bbox 2560 4099 2615 4153; x_wconf 83' lang='grc' dir='ltr'>δὲ</span> <span class='ocrx_word' id='word_1_615' title='bbox 2666 4101 2965 4171; x_wconf 82' lang='grc' dir='ltr'>προφάσεις</span> <span class='ocrx_word' id='word_1_616' title='bbox 3018 4103 3077 4155; x_wconf 82' lang='grc' dir='ltr'>ὲν</span> <span class='ocrx_word' id='word_1_617' title='bbox 3120 4104 3437 4175; x_wconf 76' lang='grc' dir='ltr'>ἁμαρτίαις,</span> <span class='ocrx_word' id='word_1_618' title='bbox 3494 4106 3632 4160; x_wconf 86' lang='grc' dir='ltr'><strong>κατά</strong></span> <span class='ocrx_word' id='word_1_619' title='bbox 3671 4108 3730 4161; x_wconf 87' lang='grc' dir='ltr'><strong>τὸ</strong></span> <span class='ocrx_word' id='word_1_620' title='bbox 3769 4127 3875 4178; x_wconf 78' lang='grc' dir='ltr'>γε·-</span> 
     </span>
    </p>
   </div>
   <div class='ocr_carea' id='block_1_85' title="bbox 2292 4192 3875 4265">
    <p class='ocr_par' dir='ltr' id='par_1_85' title="bbox 2292 4192 3875 4265">
     <span class='ocr_line' id='line_1_85' title="bbox 2292 4192 3875 4265; baseline 0.008 -23"><span class='ocrx_word' id='word_1_621' title='bbox 2292 4192 2627 4261; x_wconf 83' lang='grc' dir='ltr'>γραμμένον,</span> <span class='ocrx_word' id='word_1_622' title='bbox 2653 4194 2859 4245; x_wconf 81' lang='grc' dir='ltr'>ἐπινοεῖ</span> <span class='ocrx_word' id='word_1_623' title='bbox 2885 4211 3005 4246; x_wconf 90' lang='grc' dir='ltr'>τινα</span> <span class='ocrx_word' id='word_1_624' title='bbox 3037 4194 3328 4262; x_wconf 83' lang='grc' dir='ltr'>συναφείας</span> <span class='ocrx_word' id='word_1_625' title='bbox 3359 4196 3578 4265; x_wconf 87' lang='grc' dir='ltr'>τρόπον,</span> <span class='ocrx_word' id='word_1_626' title='bbox 3600 4198 3689 4250; x_wconf 85' lang='grc' dir='ltr'><strong>τὸν</strong></span> <span class='ocrx_word' id='word_1_627' title='bbox 3720 4203 3875 4255; x_wconf 78' lang='grc' dir='ltr'>κατὰ</span> 
     </span>
    </p>
   </div>
   <div class='ocr_carea' id='block_1_86' title="bbox 623 4270 2201 4361">
    <p class='ocr_par' dir='ltr' id='par_1_86' title="bbox 623 4270 2193 4352">
     <span class='ocr_line' id='line_1_86' title="bbox 623 4270 2193 4352; baseline 0.011 -27"><span class='ocrx_word' id='word_1_628' title='bbox 623 4270 754 4332; x_wconf 82' lang='lat' dir='ltr'><strong>dixi,</strong></span> <span class='ocrx_word' id='word_1_629' title='bbox 790 4272 1068 4340; x_wconf 89' lang='lat' dir='ltr'><strong>dignitatis</strong></span> <span class='ocrx_word' id='word_1_630' title='bbox 1122 4278 1505 4345; x_wconf 63' lang='lat' dir='ltr'><strong>aequalitatem,</strong></span> <span class='ocrx_word' id='word_1_631' title='bbox 1570 4291 1628 4335; x_wconf 88' lang='lat' dir='ltr'><strong>ut</strong></span> <span class='ocrx_word' id='word_1_632' title='bbox 1664 4297 1729 4336; x_wconf 77' lang='lat' dir='ltr'><strong>ex</strong></span> <span class='ocrx_word' id='word_1_633' title='bbox 1781 4285 1950 4352; x_wconf 88' lang='lat' dir='ltr'><strong>ipsius</strong></span> <span class='ocrx_word' id='word_1_634' title='bbox 2007 4289 2193 4342; x_wconf 83' lang='lat' dir='ltr'><strong>verbis</strong></span> 
     </span>
    </p>
   </div>
   <div class='ocr_carea' id='block_1_87' title="bbox 2300 4270 3877 4361">
    <p class='ocr_par' dir='ltr' id='par_1_87' title="bbox 2300 4278 3877 4361">
     <span class='ocr_line' id='line_1_87' title="bbox 2300 4278 3877 4361; baseline 0.007 -32"><span class='ocrx_word' id='word_1_635' title='bbox 2300 4279 2475 4348; x_wconf 86' lang='grc' dir='ltr'>μόνον,</span> <span class='ocrx_word' id='word_1_636' title='bbox 2521 4279 2597 4341; x_wconf 83' lang='grc' dir='ltr'>ὡς</span> <span class='ocrx_word' id='word_1_637' title='bbox 2646 4278 2803 4349; x_wconf 75' lang='grc' dir='ltr'>ἔφην,</span> <span class='ocrx_word' id='word_1_638' title='bbox 2837 4279 2936 4351; x_wconf 82' lang='grc' dir='ltr'><strong>τὴν</strong></span> <span class='ocrx_word' id='word_1_639' title='bbox 2973 4281 3193 4351; x_wconf 78' lang='grc' dir='ltr'>ἰσότητα</span> <span class='ocrx_word' id='word_1_640' title='bbox 3239 4283 3337 4351; x_wconf 80' lang='grc' dir='ltr'><strong>τῆς</strong></span> <span class='ocrx_word' id='word_1_641' title='bbox 3376 4281 3563 4347; x_wconf 70' lang='grc' dir='ltr'>ἀξίαςο</span> <span class='ocrx_word' id='word_1_642' title='bbox 3611 4285 3877 4361; x_wconf 82' lang='grc' dir='ltr'>καθάπερ</span> 
     </span>
    </p>
   </div>
   <div class='ocr_carea' id='block_1_88' title="bbox 620 4358 2201 4443">
    <p class='ocr_par' dir='ltr' id='par_1_88' title="bbox 620 4358 2192 4442">
     <span class='ocr_line' id='line_1_88' title="bbox 620 4358 2192 4442; baseline 0.012 -30"><span class='ocrx_word' id='word_1_643' title='bbox 620 4358 778 4428; x_wconf 88' lang='lat' dir='ltr'><strong>plane</strong></span> <span class='ocrx_word' id='word_1_644' title='bbox 807 4363 1142 4429; x_wconf 87' lang='lat' dir='ltr'><strong>docebimus,</strong></span> <span class='ocrx_word' id='word_1_645' title='bbox 1171 4375 1226 4421; x_wconf 92' lang='lat' dir='ltr'><strong>et</strong></span> <span class='ocrx_word' id='word_1_646' title='bbox 1263 4376 1517 4437; x_wconf 88' lang='lat' dir='ltr'><strong>tanquam</strong></span> <span class='ocrx_word' id='word_1_647' title='bbox 1558 4372 1609 4426; x_wconf 90' lang='lat' dir='ltr'><strong>in</strong></span> <span class='ocrx_word' id='word_1_648' title='bbox 1661 4371 1880 4427; x_wconf 86' lang='lat' dir='ltr'><strong>homine</strong></span> <span class='ocrx_word' id='word_1_649' title='bbox 1927 4378 2017 4442; x_wconf 90' lang='lat' dir='ltr'><strong>qui</strong></span> <span class='ocrx_word' id='word_1_650' title='bbox 2061 4378 2192 4431; x_wconf 87' lang='lat' dir='ltr'><strong>nihil</strong></span> 
     </span>
    </p>
   </div>
   <div class='ocr_carea' id='block_1_89' title="bbox 2300 4358 3876 4443">
    <p class='ocr_par' dir='ltr' id='par_1_89' title="bbox 2300 4358 3876 4443">
     <span class='ocr_line' id='line_1_89' title="bbox 2300 4358 3876 4443; baseline 0.008 -22"><span class='ocrx_word' id='word_1_651' title='bbox 2300 4369 2482 4439; x_wconf 67' lang='grc' dir='ltr'>ἀμέλει</span> <span class='ocrx_word' id='word_1_652' title='bbox 2517 4371 2611 4423; x_wconf 77' lang='grc' dir='ltr'><strong>καὶ</strong></span> <span class='ocrx_word' id='word_1_653' title='bbox 2639 4371 2702 4423; x_wconf 86' lang='grc' dir='ltr'><strong>έκ</strong></span> <span class='ocrx_word' id='word_1_654' title='bbox 2750 4371 2859 4424; x_wconf 86' lang='grc' dir='ltr'><strong>τῶν</strong></span> <span class='ocrx_word' id='word_1_655' title='bbox 2911 4373 3074 4426; x_wconf 82' lang='grc' dir='ltr'>αὑτοῦ</span> <span class='ocrx_word' id='word_1_656' title='bbox 3132 4373 3475 4443; x_wconf 82' lang='grc' dir='ltr'>δειχθήσεται</span> <span class='ocrx_word' id='word_1_657' title='bbox 3528 4375 3731 4443; x_wconf 82' lang='grc' dir='ltr'>λόγων⁶</span> <span class='ocrx_word' id='word_1_658' title='bbox 3772 4358 3876 4434; x_wconf 77' lang='grc' dir='ltr'><strong>καὶ</strong></span> 
     </span>
    </p>
   </div>
   <div class='ocr_carea' id='block_1_90' title="bbox 619 4457 2201 4558">
    <p class='ocr_par' dir='ltr' id='par_1_90' title="bbox 619 4457 2187 4528">
     <span class='ocr_line' id='line_1_90' title="bbox 619 4457 2187 4528; baseline 0.01 -23"><span class='ocrx_word' id='word_1_659' title='bbox 619 4467 780 4522; x_wconf 91' lang='lat' dir='ltr'><strong>supra</strong></span> <span class='ocrx_word' id='word_1_660' title='bbox 825 4465 1049 4510; x_wconf 62' lang='lat' dir='ltr'><strong>caeteros</strong></span> <span class='ocrx_word' id='word_1_661' title='bbox 1084 4457 1300 4520; x_wconf 88' lang='lat' dir='ltr'><strong>habeat.</strong></span> <span class='ocrx_word' id='word_1_662' title='bbox 1359 4462 1533 4528; x_wconf 92' lang='lat' dir='ltr'><strong>ipsum</strong></span> <span class='ocrx_word' id='word_1_663' title='bbox 1572 4478 1638 4517; x_wconf 81' lang='lat' dir='ltr'><strong>ex</strong></span> <span class='ocrx_word' id='word_1_664' title='bbox 1686 4463 1796 4518; x_wconf 93' lang='lat' dir='ltr'><strong>Deo</strong></span> <span class='ocrx_word' id='word_1_665' title='bbox 1839 4463 2072 4521; x_wconf 86' lang='lat' dir='ltr'><strong>Verbum</strong></span> <span class='ocrx_word' id='word_1_666' title='bbox 2124 4483 2187 4521; x_wconf 84' lang='lat' dir='ltr'><strong>ex</strong></span> 
     </span>
    </p>
   </div>
   <div class='ocr_carea' id='block_1_91' title="bbox 2300 4457 3875 4558">
    <p class='ocr_par' dir='ltr' id='par_1_91' title="bbox 2300 4461 3875 4538">
     <span class='ocr_line' id='line_1_91' title="bbox 2300 4461 3875 4538; baseline 0.01 -27"><span class='ocrx_word' id='word_1_667' title='bbox 2300 4461 2547 4524; x_wconf 78' lang='grc' dir='ltr'>ὲνοικίζει</span> <span class='ocrx_word' id='word_1_668' title='bbox 2584 4462 2682 4530; x_wconf 80' lang='grc' dir='ltr'><strong>μὲν</strong></span> <span class='ocrx_word' id='word_1_669' title='bbox 2722 4462 3017 4530; x_wconf 83' lang='grc' dir='ltr'>μεθεκτῶς,</span> <span class='ocrx_word' id='word_1_670' title='bbox 3053 4464 3126 4526; x_wconf 86' lang='grc' dir='ltr'><strong>ὡς</strong></span> <span class='ocrx_word' id='word_1_671' title='bbox 3160 4463 3430 4535; x_wconf 84' lang='grc' dir='ltr'>ἀνθρώπῳ</span> <span class='ocrx_word' id='word_1_672' title='bbox 3461 4467 3645 4538; x_wconf 83' lang='grc' dir='ltr'>κοινῷ,</span> <span class='ocrx_word' id='word_1_673' title='bbox 3678 4469 3769 4522; x_wconf 84' lang='grc' dir='ltr'><strong>τὸν</strong></span> <span class='ocrx_word' id='word_1_674' title='bbox 3802 4475 3875 4526; x_wconf 78' lang='grc' dir='ltr'>ἐκ</span> 
     </span>
    </p>
   </div>
   <div class='ocr_carea' id='block_1_92' title="bbox 621 4545 2201 4630">
    <p class='ocr_par' dir='ltr' id='par_1_92' title="bbox 621 4545 2188 4624">
     <span class='ocr_line' id='line_1_92' title="bbox 621 4545 2188 4624; baseline 0.012 -31"><span class='ocrx_word' id='word_1_675' title='bbox 621 4545 1036 4614; x_wconf 85' lang='lat' dir='ltr'><strong>participatione</strong></span> <span class='ocrx_word' id='word_1_676' title='bbox 1064 4548 1375 4606; x_wconf 86' lang='lat' dir='ltr'><strong>inhabitans</strong></span> <span class='ocrx_word' id='word_1_677' title='bbox 1403 4551 1553 4615; x_wconf 87' lang='lat' dir='ltr'><strong>facit,</strong></span> <span class='ocrx_word' id='word_1_678' title='bbox 1605 4567 1670 4608; x_wconf 92' lang='lat' dir='ltr'><strong>ac</strong></span> <span class='ocrx_word' id='word_1_679' title='bbox 1717 4569 1874 4610; x_wconf 89' lang='lat' dir='ltr'><strong>voces</strong></span> <span class='ocrx_word' id='word_1_680' title='bbox 1911 4572 2028 4624; x_wconf 81' lang='lat' dir='ltr'><strong>quae</strong></span> <span class='ocrx_word' id='word_1_681' title='bbox 2064 4571 2188 4612; x_wconf 87' lang='lat' dir='ltr'><strong>sunt</strong></span> 
     </span>
    </p>
   </div>
   <div class='ocr_carea' id='block_1_93' title="bbox 2300 4545 3875 4630">
    <p class='ocr_par' dir='ltr' id='par_1_93' title="bbox 2300 4552 3875 4630">
     <span class='ocr_line' id='line_1_93' title="bbox 2300 4552 3875 4630; baseline 0.004 -25"><span class='ocrx_word' id='word_1_682' title='bbox 2300 4552 2428 4606; x_wconf 73' lang='grc' dir='ltr'>θεοῦ</span> <span class='ocrx_word' id='word_1_683' title='bbox 2456 4553 2626 4621; x_wconf 86' lang='grc' dir='ltr'>Λόγον</span> <span class='ocrx_word' id='word_1_684' title='bbox 2647 4571 2658 4582; x_wconf 91' lang='grc'><strong>·</strong></span> <span class='ocrx_word' id='word_1_685' title='bbox 2698 4554 2907 4624; x_wconf 79' lang='grc' dir='ltr'>μερίζει</span> <span class='ocrx_word' id='word_1_686' title='bbox 2935 4554 2991 4607; x_wconf 80' lang='grc' dir='ltr'>δὲ</span> <span class='ocrx_word' id='word_1_687' title='bbox 3019 4555 3115 4618; x_wconf 89' lang='grc' dir='ltr'><strong>τάς</strong></span> <span class='ocrx_word' id='word_1_688' title='bbox 3148 4557 3204 4607; x_wconf 84' lang='grc' dir='ltr'>ἐν</span> <span class='ocrx_word' id='word_1_689' title='bbox 3232 4560 3345 4618; x_wconf 86' lang='grc' dir='ltr'>τοῖς</span> <span class='ocrx_word' id='word_1_690' title='bbox 3376 4558 3721 4626; x_wconf 83' lang='grc' dir='ltr'>Εὑαγγελίοις</span> <span class='ocrx_word' id='word_1_691' title='bbox 3753 4579 3875 4630; x_wconf 78' lang='grc' dir='ltr'>φω-</span> 
     </span>
    </p>
   </div>
   <div class='ocr_carea' id='block_1_94' title="bbox 619 4635 2201 4718">
    <p class='ocr_par' dir='ltr' id='par_1_94' title="bbox 619 4635 2187 4718">
     <span class='ocr_line' id='line_1_94' title="bbox 619 4635 2187 4718; baseline 0.01 -29"><span class='ocrx_word' id='word_1_692' title='bbox 619 4635 675 4689; x_wconf 84' lang='lat' dir='ltr'><strong>in</strong></span> <span class='ocrx_word' id='word_1_693' title='bbox 724 4635 1027 4706; x_wconf 86' lang='lat' dir='ltr'><strong>Evangeliis</strong></span> <span class='ocrx_word' id='word_1_694' title='bbox 1074 4639 1146 4692; x_wconf 88' lang='lat' dir='ltr'><strong>ita</strong></span> <span class='ocrx_word' id='word_1_695' title='bbox 1179 4640 1390 4704; x_wconf 87' lang='lat' dir='ltr'><strong>dividit,</strong></span> <span class='ocrx_word' id='word_1_696' title='bbox 1422 4654 1478 4697; x_wconf 93' lang='lat' dir='ltr'><strong>ut</strong></span> <span class='ocrx_word' id='word_1_697' title='bbox 1505 4644 1792 4713; x_wconf 86' lang='lat' dir='ltr'><strong>aliquando</strong></span> <span class='ocrx_word' id='word_1_698' title='bbox 1820 4659 1997 4702; x_wconf 88' lang='lat' dir='ltr'><strong>certas</strong></span> <span class='ocrx_word' id='word_1_699' title='bbox 2023 4665 2187 4718; x_wconf 79' lang='lat' dir='ltr'><strong>quas-</strong></span> 
     </span>
    </p>
   </div>
   <div class='ocr_carea' id='block_1_95' title="bbox 2300 4635 3874 4718">
    <p class='ocr_par' dir='ltr' id='par_1_95' title="bbox 2300 4642 3874 4718">
     <span class='ocr_line' id='line_1_95' title="bbox 2300 4642 3874 4718; baseline 0.004 -22"><span class='ocrx_word' id='word_1_700' title='bbox 2300 4644 2410 4707; x_wconf 82' lang='grc' dir='ltr'>νὰς,</span> <span class='ocrx_word' id='word_1_701' title='bbox 2460 4642 2534 4705; x_wconf 85' lang='grc' dir='ltr'><strong>ὡς</strong></span> <span class='ocrx_word' id='word_1_702' title='bbox 2566 4643 2694 4696; x_wconf 85' lang='grc' dir='ltr'>ποτὲ</span> <span class='ocrx_word' id='word_1_703' title='bbox 2734 4646 2832 4714; x_wconf 85' lang='grc' dir='ltr'><strong>μὲν</strong></span> <span class='ocrx_word' id='word_1_704' title='bbox 2865 4647 3026 4699; x_wconf 83' lang='grc' dir='ltr'>τάσδε</span> <span class='ocrx_word' id='word_1_705' title='bbox 3063 4645 3214 4710; x_wconf 84' lang='grc' dir='ltr'>τινάς</span> <span class='ocrx_word' id='word_1_706' title='bbox 3263 4648 3407 4716; x_wconf 83' lang='grc' dir='ltr'>μόνῳ</span> <span class='ocrx_word' id='word_1_707' title='bbox 3457 4665 3512 4700; x_wconf 91' lang='grc' dir='ltr'><strong>τε</strong></span> <span class='ocrx_word' id='word_1_708' title='bbox 3547 4650 3638 4701; x_wconf 73' lang='grc' dir='ltr'>καὶ</span> <span class='ocrx_word' id='word_1_709' title='bbox 3682 4651 3874 4718; x_wconf 82' lang='grc' dir='ltr'>ίδικῶς</span> 
     </span>
    </p>
   </div>
   <div class='ocr_carea' id='block_1_96' title="bbox 620 4726 2201 4809">
    <p class='ocr_par' dir='ltr' id='par_1_96' title="bbox 620 4726 2187 4807">
     <span class='ocr_line' id='line_1_96' title="bbox 620 4726 2187 4807; baseline 0.011 -29"><span class='ocrx_word' id='word_1_710' title='bbox 620 4726 742 4778; x_wconf 91' lang='lat' dir='ltr'><strong>dam</strong></span> <span class='ocrx_word' id='word_1_711' title='bbox 770 4727 869 4780; x_wconf 91' lang='lat' dir='ltr'><strong>soli</strong></span> <span class='ocrx_word' id='word_1_712' title='bbox 926 4744 988 4783; x_wconf 94' lang='lat' dir='ltr'><strong>ac</strong></span> <span class='ocrx_word' id='word_1_713' title='bbox 1016 4733 1229 4798; x_wconf 91' lang='lat' dir='ltr'><strong>proprie</strong></span> <span class='ocrx_word' id='word_1_714' title='bbox 1262 4731 1435 4788; x_wconf 87' lang='lat' dir='ltr'><strong>Verbo</strong></span> <span class='ocrx_word' id='word_1_715' title='bbox 1463 4735 1686 4800; x_wconf 88' lang='lat' dir='ltr'><strong>tribuat,</strong></span> <span class='ocrx_word' id='word_1_716' title='bbox 1717 4737 2011 4807; x_wconf 88' lang='lat' dir='ltr'><strong>aliquando</strong></span> <span class='ocrx_word' id='word_1_717' title='bbox 2036 4755 2187 4794; x_wconf 87' lang='lat' dir='ltr'><strong>seor-</strong></span> 
     </span>
    </p>
   </div>
   <div class='ocr_carea' id='block_1_97' title="bbox 2300 4726 3873 4809">
    <p class='ocr_par' dir='ltr' id='par_1_97' title="bbox 2300 4735 3873 4809">
     <span class='ocr_line' id='line_1_97' title="bbox 2300 4735 3873 4809; baseline 0.004 -21"><span class='ocrx_word' id='word_1_718' title='bbox 2300 4735 2602 4788; x_wconf 84' lang='grc' dir='ltr'>ἀνατιθέναι</span> <span class='ocrx_word' id='word_1_719' title='bbox 2637 4736 2713 4804; x_wconf 83' lang='grc' dir='ltr'><strong>τῷ</strong></span> <span class='ocrx_word' id='word_1_720' title='bbox 2745 4736 2902 4806; x_wconf 83' lang='grc' dir='ltr'>Λόγῳ</span> <span class='ocrx_word' id='word_1_721' title='bbox 2924 4752 2939 4768; x_wconf 88' lang='grc'><strong>·</strong></span> <span class='ocrx_word' id='word_1_722' title='bbox 2975 4737 3104 4790; x_wconf 78' lang='grc' dir='ltr'>ποτὲ</span> <span class='ocrx_word' id='word_1_723' title='bbox 3147 4737 3203 4790; x_wconf 79' lang='grc' dir='ltr'>δὲ</span> <span class='ocrx_word' id='word_1_724' title='bbox 3238 4739 3341 4809; x_wconf 79' lang='grc' dir='ltr'>ἰδίᾳ</span> <span class='ocrx_word' id='word_1_725' title='bbox 3376 4739 3451 4808; x_wconf 87' lang='grc' dir='ltr'>τῷ</span> <span class='ocrx_word' id='word_1_726' title='bbox 3486 4742 3548 4792; x_wconf 84' lang='grc' dir='ltr'><strong>ὲκ</strong></span> <span class='ocrx_word' id='word_1_727' title='bbox 3581 4745 3873 4807; x_wconf 81' lang='grc' dir='ltr'>γυναικός.</span> 
     </span>
    </p>
   </div>
   <div class='ocr_carea' id='block_1_98' title="bbox 619 4814 2201 4900">
    <p class='ocr_par' dir='ltr' id='par_1_98' title="bbox 619 4814 2189 4896">
     <span class='ocr_line' id='line_1_98' title="bbox 619 4814 2189 4896; baseline 0.008 -27"><span class='ocrx_word' id='word_1_728' title='bbox 619 4814 720 4869; x_wconf 74' lang='lat' dir='ltr'><strong>Silii</strong></span> <span class='ocrx_word' id='word_1_729' title='bbox 747 4815 820 4868; x_wconf 91' lang='lat' dir='ltr'><strong>illi</strong></span> <span class='ocrx_word' id='word_1_730' title='bbox 845 4817 935 4884; x_wconf 91' lang='lat' dir='ltr'><strong>qui</strong></span> <span class='ocrx_word' id='word_1_731' title='bbox 966 4829 1048 4873; x_wconf 88' lang='lat' dir='ltr'><strong>est</strong></span> <span class='ocrx_word' id='word_1_732' title='bbox 1098 4835 1163 4874; x_wconf 80' lang='lat' dir='ltr'><strong>ex</strong></span> <span class='ocrx_word' id='word_1_733' title='bbox 1202 4821 1425 4877; x_wconf 89' lang='lat' dir='ltr'><strong>muliere</strong></span> <span class='ocrx_word' id='word_1_734' title='bbox 1468 4823 1664 4878; x_wconf 87' lang='lat' dir='ltr'><strong>editus.</strong></span> <span class='ocrx_word' id='word_1_735' title='bbox 1716 4823 1876 4892; x_wconf 85' lang='lat' dir='ltr'><strong>Atqui</strong></span> <span class='ocrx_word' id='word_1_736' title='bbox 1923 4829 2189 4896; x_wconf 88' lang='lat' dir='ltr'><strong>quomodo</strong></span> 
     </span>
    </p>
   </div>
   <div class='ocr_carea' id='block_1_99' title="bbox 2300 4814 3873 4900">
    <p class='ocr_par' dir='ltr' id='par_1_99' title="bbox 2300 4825 3873 4900">
     <span class='ocr_line' id='line_1_99' title="bbox 2300 4825 3873 4900; baseline 0.005 -22"><span class='ocrx_word' id='word_1_737' title='bbox 2300 4825 2486 4878; x_wconf 80' lang='grc' dir='ltr'>Καίτοι</span> <span class='ocrx_word' id='word_1_738' title='bbox 2537 4825 2652 4888; x_wconf 87' lang='grc' dir='ltr'>πῶς</span> <span class='ocrx_word' id='word_1_739' title='bbox 2699 4828 2795 4896; x_wconf 79' lang='grc' dir='ltr'><strong>οὐχ</strong></span> <span class='ocrx_word' id='word_1_740' title='bbox 2843 4827 3045 4880; x_wconf 75' lang='grc' dir='ltr'>ἅπασιν</span> <span class='ocrx_word' id='word_1_741' title='bbox 3084 4828 3168 4897; x_wconf 79' lang='grc' dir='ltr'><strong>εἴη</strong></span> <span class='ocrx_word' id='word_1_742' title='bbox 3221 4827 3284 4881; x_wconf 85' lang='grc' dir='ltr'>ἂν</span> <span class='ocrx_word' id='word_1_743' title='bbox 3324 4830 3423 4880; x_wconf 79' lang='grc' dir='ltr'><strong>οὐκ</strong></span> <span class='ocrx_word' id='word_1_744' title='bbox 3477 4831 3873 4900; x_wconf 83' lang='grc' dir='ltr'>ἀναμφιλόγως</span> 
     </span>
    </p>
   </div>
   <div class='ocr_carea' id='block_1_100' title="bbox 621 4908 2201 5002">
    <p class='ocr_par' dir='ltr' id='par_1_100' title="bbox 621 4908 2186 4986">
     <span class='ocr_line' id='line_1_100' title="bbox 621 4908 2186 4986; baseline 0.01 -28"><span class='ocrx_word' id='word_1_745' title='bbox 621 4920 727 4959; x_wconf 90' lang='lat' dir='ltr'><strong>non</strong></span> <span class='ocrx_word' id='word_1_746' title='bbox 752 4908 823 4961; x_wconf 90' lang='lat' dir='ltr'><strong>sit</strong></span> <span class='ocrx_word' id='word_1_747' title='bbox 864 4909 1114 4964; x_wconf 88' lang='lat' dir='ltr'><strong>omnibus</strong></span> <span class='ocrx_word' id='word_1_748' title='bbox 1166 4912 1558 4979; x_wconf 85' lang='lat' dir='ltr'><strong>certissimum,</strong></span> <span class='ocrx_word' id='word_1_749' title='bbox 1609 4915 1756 4970; x_wconf 93' lang='lat' dir='ltr'><strong>illum</strong></span> <span class='ocrx_word' id='word_1_750' title='bbox 1809 4918 2186 4986; x_wconf 89' lang='lat' dir='ltr'><strong>Unigenitum,</strong></span> 
     </span>
    </p>
   </div>
   <div class='ocr_carea' id='block_1_101' title="bbox 2300 4908 3873 5002">
    <p class='ocr_par' dir='ltr' id='par_1_101' title="bbox 2300 4913 3873 4998">
     <span class='ocr_line' id='line_1_101' title="bbox 2300 4913 3873 4998; baseline 0.005 -34"><span class='ocrx_word' id='word_1_751' title='bbox 2300 4913 2434 4982; x_wconf 74' lang='grc' dir='ltr'>ἔχον,</span> <span class='ocrx_word' id='word_1_752' title='bbox 2464 4914 2544 4965; x_wconf 85' lang='grc' dir='ltr'><strong>ὅτι</strong></span> <span class='ocrx_word' id='word_1_753' title='bbox 2573 4914 2700 4975; x_wconf 78' lang='grc' dir='ltr'>Θεὸς</span> <span class='ocrx_word' id='word_1_754' title='bbox 2730 4913 2804 4966; x_wconf 77' lang='grc' dir='ltr'>ὢν</span> <span class='ocrx_word' id='word_1_755' title='bbox 2835 4916 3012 4982; x_wconf 87' lang='grc' dir='ltr'>φύσει,</span> <span class='ocrx_word' id='word_1_756' title='bbox 3054 4915 3272 4984; x_wconf 83' lang='grc' dir='ltr'>γέγονεν</span> <span class='ocrx_word' id='word_1_757' title='bbox 3305 4919 3587 4986; x_wconf 85' lang='grc' dir='ltr'>ἄνθρωπος</span> <span class='ocrx_word' id='word_1_758' title='bbox 3626 4921 3652 4970; x_wconf 85' lang='grc' dir='ltr'><strong>ὁ</strong></span> <span class='ocrx_word' id='word_1_759' title='bbox 3689 4921 3873 4998; x_wconf 83' lang='grc' dir='ltr'>Μονο-</span> 
     </span>
    </p>
   </div>
   <div class='ocr_carea' id='block_1_102' title="bbox 619 4998 2201 5099">
    <p class='ocr_par' dir='ltr' id='par_1_102' title="bbox 619 4998 2186 5072">
     <span class='ocr_line' id='line_1_102' title="bbox 619 4998 2186 5072; baseline 0.009 -22"><span class='ocrx_word' id='word_1_760' title='bbox 619 5014 742 5050; x_wconf 91' lang='lat' dir='ltr'><strong>cum</strong></span> <span class='ocrx_word' id='word_1_761' title='bbox 773 4998 914 5054; x_wconf 91' lang='lat' dir='ltr'><strong>Deus</strong></span> <span class='ocrx_word' id='word_1_762' title='bbox 937 5011 1080 5054; x_wconf 90' lang='lat' dir='ltr'><strong>esset</strong></span> <span class='ocrx_word' id='word_1_763' title='bbox 1117 5011 1335 5068; x_wconf 81' lang='lat' dir='ltr'><strong>natura,</strong></span> <span class='ocrx_word' id='word_1_764' title='bbox 1384 5017 1503 5059; x_wconf 87' lang='lat' dir='ltr'><strong>esse</strong></span> <span class='ocrx_word' id='word_1_765' title='bbox 1533 5005 1803 5061; x_wconf 86' lang='lat' dir='ltr'><strong>hominem</strong></span> <span class='ocrx_word' id='word_1_766' title='bbox 1833 5008 2056 5072; x_wconf 83' lang='lat' dir='ltr'><strong>factum,</strong></span> <span class='ocrx_word' id='word_1_767' title='bbox 2084 5025 2186 5064; x_wconf 91' lang='lat' dir='ltr'><strong>non</strong></span> 
     </span>
    </p>
   </div>
   <div class='ocr_carea' id='block_1_103' title="bbox 2300 4998 3870 5099">
    <p class='ocr_par' dir='ltr' id='par_1_103' title="bbox 2300 5004 3870 5076">
     <span class='ocr_line' id='line_1_103' title="bbox 2300 5004 3870 5076; baseline 0.005 -22"><span class='ocrx_word' id='word_1_768' title='bbox 2300 5004 2476 5074; x_wconf 81' lang='grc' dir='ltr'>γενὴς,</span> <span class='ocrx_word' id='word_1_769' title='bbox 2514 5006 2574 5056; x_wconf 86' lang='grc' dir='ltr'><strong>ού</strong></span> <span class='ocrx_word' id='word_1_770' title='bbox 2619 5005 2760 5057; x_wconf 85' lang='grc' dir='ltr'>κατὰ</span> <span class='ocrx_word' id='word_1_771' title='bbox 2808 5009 3098 5075; x_wconf 86' lang='grc' dir='ltr'>συνάφειαν</span> <span class='ocrx_word' id='word_1_772' title='bbox 3144 5008 3347 5072; x_wconf 83' lang='grc' dir='ltr'>ἁπλῶς,</span> <span class='ocrx_word' id='word_1_773' title='bbox 3388 5011 3462 5072; x_wconf 85' lang='grc' dir='ltr'>ὼς</span> <span class='ocrx_word' id='word_1_774' title='bbox 3495 5009 3621 5076; x_wconf 87' lang='grc' dir='ltr'>γοῦν</span> <span class='ocrx_word' id='word_1_775' title='bbox 3656 5012 3870 5073; x_wconf 76' lang='grc' dir='ltr'>ἐκεῖνός</span> 
     </span>
    </p>
   </div>
   <div class='ocr_carea' id='block_1_104' title="bbox 620 5088 2201 5170">
    <p class='ocr_par' dir='ltr' id='par_1_104' title="bbox 620 5088 2194 5163">
     <span class='ocr_line' id='line_1_104' title="bbox 620 5088 2194 5163; baseline 0.009 -23"><span class='ocrx_word' id='word_1_776' title='bbox 620 5088 849 5156; x_wconf 87' lang='lat' dir='ltr'><strong>simplici</strong></span> <span class='ocrx_word' id='word_1_777' title='bbox 910 5091 1308 5159; x_wconf 87' lang='lat' dir='ltr'><strong>conjunctione,</strong></span> <span class='ocrx_word' id='word_1_778' title='bbox 1337 5102 1395 5148; x_wconf 91' lang='lat' dir='ltr'><strong>ut</strong></span> <span class='ocrx_word' id='word_1_779' title='bbox 1445 5095 1533 5148; x_wconf 89' lang='lat' dir='ltr'><strong>ille</strong></span> <span class='ocrx_word' id='word_1_780' title='bbox 1590 5097 1806 5163; x_wconf 86' lang='lat' dir='ltr'><strong>asserit,</strong></span> <span class='ocrx_word' id='word_1_781' title='bbox 1859 5100 2194 5154; x_wconf 83' lang='lat' dir='ltr'><strong>extrinsecus</strong></span> 
     </span>
    </p>
   </div>
   <div class='ocr_carea' id='block_1_105' title="bbox 2300 5088 3873 5170">
    <p class='ocr_par' dir='ltr' id='par_1_105' title="bbox 2300 5094 3873 5170">
     <span class='ocr_line' id='line_1_105' title="bbox 2300 5094 3873 5170; baseline 0.004 -24"><span class='ocrx_word' id='word_1_782' title='bbox 2300 5095 2555 5164; x_wconf 80' lang='grc' dir='ltr'>φησι,τὴν</span> <span class='ocrx_word' id='word_1_783' title='bbox 2586 5095 2817 5166; x_wconf 86' lang='grc' dir='ltr'>θύραθεν</span> <span class='ocrx_word' id='word_1_784' title='bbox 2840 5097 3246 5168; x_wconf 72' lang='grc' dir='ltr'>ὲττινοουμένην,</span> <span class='ocrx_word' id='word_1_785' title='bbox 3271 5099 3387 5168; x_wconf 65' lang='grc' dir='ltr'>ἢτοι</span> <span class='ocrx_word' id='word_1_786' title='bbox 3416 5094 3701 5170; x_wconf 79' lang='grc' dir='ltr'>σχετικὴν·</span> <span class='ocrx_word' id='word_1_787' title='bbox 3724 5100 3873 5154; x_wconf 70' lang='grc' dir='ltr'>ἀλλὰ</span> 
     </span>
    </p>
   </div>
   <div class='ocr_carea' id='block_1_106' title="bbox 621 5179 2201 5260">
    <p class='ocr_par' dir='ltr' id='par_1_106' title="bbox 621 5179 2191 5256">
     <span class='ocr_line' id='line_1_106' title="bbox 621 5179 2191 5256; baseline 0.008 -24"><span class='ocrx_word' id='word_1_788' title='bbox 621 5179 944 5249; x_wconf 79' lang='lat' dir='ltr'><strong>excogitata,</strong></span> <span class='ocrx_word' id='word_1_789' title='bbox 978 5191 1069 5235; x_wconf 90' lang='lat' dir='ltr'><strong>aut</strong></span> <span class='ocrx_word' id='word_1_790' title='bbox 1098 5183 1366 5251; x_wconf 74' lang='lat' dir='ltr'><strong>aﬂectiva,</strong></span> <span class='ocrx_word' id='word_1_791' title='bbox 1395 5186 1488 5240; x_wconf 89' lang='lat' dir='ltr'><strong>sed</strong></span> <span class='ocrx_word' id='word_1_792' title='bbox 1514 5202 1642 5241; x_wconf 87' lang='lat' dir='ltr'><strong>vera</strong></span> <span class='ocrx_word' id='word_1_793' title='bbox 1666 5189 1882 5256; x_wconf 91' lang='lat' dir='ltr'><strong>unione,</strong></span> <span class='ocrx_word' id='word_1_794' title='bbox 1938 5190 2191 5245; x_wconf 75' lang='lat' dir='ltr'><strong>ineffabili</strong></span> 
     </span>
    </p>
   </div>
   <div class='ocr_carea' id='block_1_107' title="bbox 2300 5179 3871 5260">
    <p class='ocr_par' dir='ltr' id='par_1_107' title="bbox 2300 5187 3871 5260">
     <span class='ocr_line' id='line_1_107' title="bbox 2300 5187 3871 5260; baseline 0.003 -21"><span class='ocrx_word' id='word_1_795' title='bbox 2300 5188 2412 5239; x_wconf 79' lang='grc' dir='ltr'>καθ’</span> <span class='ocrx_word' id='word_1_796' title='bbox 2448 5187 2637 5241; x_wconf 77' lang='grc' dir='ltr'>ἕνωσιν</span> <span class='ocrx_word' id='word_1_797' title='bbox 2681 5187 2877 5259; x_wconf 83' lang='grc' dir='ltr'>ἀληθῆ,</span> <span class='ocrx_word' id='word_1_798' title='bbox 2912 5191 3235 5260; x_wconf 70' lang='grc' dir='ltr'>ἁποῤῥήτως</span> <span class='ocrx_word' id='word_1_799' title='bbox 3284 5207 3342 5243; x_wconf 92' lang='grc' dir='ltr'><strong>τε</strong></span> <span class='ocrx_word' id='word_1_800' title='bbox 3382 5193 3474 5243; x_wconf 77' lang='grc' dir='ltr'>καὶ</span> <span class='ocrx_word' id='word_1_801' title='bbox 3509 5192 3649 5260; x_wconf 84' lang='grc' dir='ltr'>ὑπὲρ</span> <span class='ocrx_word' id='word_1_802' title='bbox 3696 5192 3871 5258; x_wconf 85' lang='grc' dir='ltr'>νοῦν;</span> 
     </span>
    </p>
   </div>
   <div class='ocr_carea' id='block_1_108' title="bbox 625 5271 2201 5352">
    <p class='ocr_par' dir='ltr' id='par_1_108' title="bbox 625 5271 2194 5343">
     <span class='ocr_line' id='line_1_108' title="bbox 625 5271 2194 5343; baseline 0.006 -20"><span class='ocrx_word' id='word_1_803' title='bbox 625 5271 785 5323; x_wconf 83' lang='lat' dir='ltr'><strong>modo</strong></span> <span class='ocrx_word' id='word_1_804' title='bbox 808 5271 966 5324; x_wconf 90' lang='lat' dir='ltr'><strong>simul</strong></span> <span class='ocrx_word' id='word_1_805' title='bbox 1000 5282 1053 5325; x_wconf 87' lang='lat' dir='ltr'><strong>et</strong></span> <span class='ocrx_word' id='word_1_806' title='bbox 1083 5273 1475 5343; x_wconf 81' lang='lat' dir='ltr'><strong>inexcogitabili</strong></span> <span class='ocrx_word' id='word_1_807' title='bbox 1513 5277 1535 5329; x_wconf 67' lang='grc' dir='ltr'><em>ἲ</em></span> <span class='ocrx_word' id='word_1_808' title='bbox 1573 5277 1644 5331; x_wconf 85' lang='lat' dir='ltr'><strong>Ita</strong></span> <span class='ocrx_word' id='word_1_809' title='bbox 1689 5288 1740 5332; x_wconf 91' lang='lat' dir='ltr'><strong>et</strong></span> <span class='ocrx_word' id='word_1_810' title='bbox 1788 5296 1926 5334; x_wconf 90' lang='lat' dir='ltr'><strong>unus</strong></span> <span class='ocrx_word' id='word_1_811' title='bbox 1954 5282 2109 5334; x_wconf 90' lang='lat' dir='ltr'><strong>simul</strong></span> <span class='ocrx_word' id='word_1_812' title='bbox 2141 5292 2194 5334; x_wconf 89' lang='lat' dir='ltr'><strong>et</strong></span> 
     </span>
    </p>
   </div>
   <div class='ocr_carea' id='block_1_109' title="bbox 2300 5271 3872 5352">
    <p class='ocr_par' dir='ltr' id='par_1_109' title="bbox 2300 5275 3872 5352">
     <span class='ocr_line' id='line_1_109' title="bbox 2300 5275 3872 5352; baseline 0.003 -22"><span class='ocrx_word' id='word_1_813' title='bbox 2300 5278 2445 5331; x_wconf 83' lang='grc' dir='ltr'>ῡῦτω</span> <span class='ocrx_word' id='word_1_814' title='bbox 2491 5295 2582 5340; x_wconf 87' lang='grc' dir='ltr'><strong>τε,</strong></span> <span class='ocrx_word' id='word_1_815' title='bbox 2643 5275 2721 5342; x_wconf 72' lang='grc' dir='ltr'>εἷς</span> <span class='ocrx_word' id='word_1_816' title='bbox 2767 5283 2963 5332; x_wconf 80' lang='grc' dir='ltr'>νοεῖται</span> <span class='ocrx_word' id='word_1_817' title='bbox 3012 5282 3106 5333; x_wconf 77' lang='grc' dir='ltr'><strong>καὶ</strong></span> <span class='ocrx_word' id='word_1_818' title='bbox 3163 5281 3350 5350; x_wconf 90' lang='grc' dir='ltr'>μόνος·</span> <span class='ocrx_word' id='word_1_819' title='bbox 3408 5282 3553 5344; x_wconf 72' lang='grc' dir='ltr'>ἅπας</span> <span class='ocrx_word' id='word_1_820' title='bbox 3601 5299 3659 5334; x_wconf 87' lang='grc' dir='ltr'><strong>τε</strong></span> <span class='ocrx_word' id='word_1_821' title='bbox 3713 5283 3872 5352; x_wconf 84' lang='grc' dir='ltr'><strong>αὐτῷ</strong></span> 
     </span>
    </p>
   </div>
   <div class='ocr_carea' id='block_1_110' title="bbox 625 5360 2201 5442">
    <p class='ocr_par' dir='ltr' id='par_1_110' title="bbox 625 5360 2191 5434">
     <span class='ocr_line' id='line_1_110' title="bbox 625 5360 2191 5434; baseline 0.007 -22"><span class='ocrx_word' id='word_1_822' title='bbox 625 5360 772 5413; x_wconf 87' lang='lat' dir='ltr'><strong>solus</strong></span> <span class='ocrx_word' id='word_1_823' title='bbox 803 5361 1153 5430; x_wconf 86' lang='lat' dir='ltr'><strong>intelligetur,</strong></span> <span class='ocrx_word' id='word_1_824' title='bbox 1189 5373 1245 5416; x_wconf 91' lang='lat' dir='ltr'><strong>et</strong></span> <span class='ocrx_word' id='word_1_825' title='bbox 1293 5366 1468 5418; x_wconf 91' lang='lat' dir='ltr'><strong>omnia</strong></span> <span class='ocrx_word' id='word_1_826' title='bbox 1501 5367 1550 5420; x_wconf 88' lang='lat' dir='ltr'><strong>ei</strong></span> <span class='ocrx_word' id='word_1_827' title='bbox 1585 5368 1726 5423; x_wconf 86' lang='lat' dir='ltr'><strong>dicta</strong></span> <span class='ocrx_word' id='word_1_828' title='bbox 1763 5371 2109 5434; x_wconf 87' lang='lat' dir='ltr'><strong>convenient,</strong></span> <span class='ocrx_word' id='word_1_829' title='bbox 2139 5379 2191 5423; x_wconf 83' lang='lat' dir='ltr'><strong>et</strong></span> 
     </span>
    </p>
   </div>
   <div class='ocr_carea' id='block_1_111' title="bbox 2300 5360 3871 5442">
    <p class='ocr_par' dir='ltr' id='par_1_111' title="bbox 2300 5368 3871 5442">
     <span class='ocr_line' id='line_1_111' title="bbox 2300 5368 3871 5442; baseline 0.004 -21"><span class='ocrx_word' id='word_1_830' title='bbox 2300 5369 2487 5438; x_wconf 83' lang='grc' dir='ltr'>πρέπει</span> <span class='ocrx_word' id='word_1_831' title='bbox 2525 5368 2701 5437; x_wconf 88' lang='grc' dir='ltr'>λόγος,</span> <span class='ocrx_word' id='word_1_832' title='bbox 2736 5370 2828 5422; x_wconf 70' lang='grc' dir='ltr'><strong>καὶ</strong></span> <span class='ocrx_word' id='word_1_833' title='bbox 2863 5370 2936 5432; x_wconf 87' lang='grc' dir='ltr'>ὡς</span> <span class='ocrx_word' id='word_1_834' title='bbox 2980 5370 3038 5435; x_wconf 80' lang='grc' dir='ltr'><strong>ἐξ</strong></span> <span class='ocrx_word' id='word_1_835' title='bbox 3080 5372 3195 5435; x_wconf 78' lang='grc' dir='ltr'>ἑνὸς</span> <span class='ocrx_word' id='word_1_836' title='bbox 3224 5370 3516 5442; x_wconf 84' lang='grc' dir='ltr'>προσώπου</span> <span class='ocrx_word' id='word_1_837' title='bbox 3566 5371 3635 5424; x_wconf 88' lang='grc' dir='ltr'><strong>τά</strong></span> <span class='ocrx_word' id='word_1_838' title='bbox 3681 5372 3871 5428; x_wconf 81' lang='grc' dir='ltr'>πάντα</span> 
     </span>
    </p>
   </div>
   <div class='ocr_carea' id='block_1_112' title="bbox 624 5453 2201 5533">
    <p class='ocr_par' dir='ltr' id='par_1_112' title="bbox 624 5453 2188 5527">
     <span class='ocr_line' id='line_1_112' title="bbox 624 5453 2188 5527; baseline 0.009 -27"><span class='ocrx_word' id='word_1_839' title='bbox 624 5453 805 5505; x_wconf 82' lang='lat' dir='ltr'><strong>omnia</strong></span> <span class='ocrx_word' id='word_1_840' title='bbox 835 5463 1085 5522; x_wconf 84' lang='lat' dir='ltr'><strong>tanquam</strong></span> <span class='ocrx_word' id='word_1_841' title='bbox 1118 5456 1185 5509; x_wconf 84' lang='lat' dir='ltr'><strong>ab</strong></span> <span class='ocrx_word' id='word_1_842' title='bbox 1221 5472 1323 5510; x_wconf 85' lang='lat' dir='ltr'><strong>una</strong></span> <span class='ocrx_word' id='word_1_843' title='bbox 1370 5472 1596 5527; x_wconf 85' lang='lat' dir='ltr'><strong>persona</strong></span> <span class='ocrx_word' id='word_1_844' title='bbox 1639 5462 1780 5516; x_wconf 89' lang='lat' dir='ltr'><strong>dicta</strong></span> <span class='ocrx_word' id='word_1_845' title='bbox 1807 5464 2188 5518; x_wconf 87' lang='lat' dir='ltr'><strong>censebuntur.</strong></span> 
     </span>
    </p>
   </div>
   <div class='ocr_carea' id='block_1_113' title="bbox 2300 5453 3871 5533">
    <p class='ocr_par' dir='ltr' id='par_1_113' title="bbox 2300 5461 3871 5533">
     <span class='ocr_line' id='line_1_113' title="bbox 2300 5461 3871 5533; baseline 0.004 -21"><span class='ocrx_word' id='word_1_846' title='bbox 2300 5461 2580 5527; x_wconf 68' lang='grc' dir='ltr'>λελέξεται·</span> <span class='ocrx_word' id='word_1_847' title='bbox 2608 5462 2705 5532; x_wconf 88' lang='grc' dir='ltr'><strong>μία</strong></span> <span class='ocrx_word' id='word_1_848' title='bbox 2724 5463 2833 5532; x_wconf 81' lang='grc' dir='ltr'>γὰρ</span> <span class='ocrx_word' id='word_1_849' title='bbox 2856 5463 2955 5533; x_wconf 76' lang='grc' dir='ltr'>ἤδη</span> <span class='ocrx_word' id='word_1_850' title='bbox 2980 5466 3177 5515; x_wconf 86' lang='grc' dir='ltr'>νοεῖται</span> <span class='ocrx_word' id='word_1_851' title='bbox 3204 5462 3363 5531; x_wconf 86' lang='grc' dir='ltr'>φύσις</span> <span class='ocrx_word' id='word_1_852' title='bbox 3395 5462 3533 5532; x_wconf 85' lang='grc' dir='ltr'><strong>μετά</strong></span> <span class='ocrx_word' id='word_1_853' title='bbox 3553 5462 3649 5533; x_wconf 80' lang='grc' dir='ltr'>τὴν</span> <span class='ocrx_word' id='word_1_854' title='bbox 3667 5462 3871 5519; x_wconf 73' lang='grc' dir='ltr'>ἕνωσιν</span> 
     </span>
    </p>
   </div>
   <div class='ocr_carea' id='block_1_114' title="bbox 629 5543 2201 5628">
    <p class='ocr_par' dir='ltr' id='par_1_114' title="bbox 629 5543 2187 5620">
     <span class='ocr_line' id='line_1_114' title="bbox 629 5543 2187 5620; baseline 0.006 -24"><span class='ocrx_word' id='word_1_855' title='bbox 629 5543 761 5596; x_wconf 77' lang='lat' dir='ltr'><strong>Nam</strong></span> <span class='ocrx_word' id='word_1_856' title='bbox 794 5555 912 5612; x_wconf 84' lang='lat' dir='ltr'><strong>post</strong></span> <span class='ocrx_word' id='word_1_857' title='bbox 937 5545 1187 5601; x_wconf 90' lang='lat' dir='ltr'><strong>unionem</strong></span> <span class='ocrx_word' id='word_1_858' title='bbox 1241 5563 1344 5603; x_wconf 90' lang='lat' dir='ltr'><strong>una</strong></span> <span class='ocrx_word' id='word_1_859' title='bbox 1386 5547 1499 5618; x_wconf 89' lang='lat' dir='ltr'><strong>jam</strong></span> <span class='ocrx_word' id='word_1_860' title='bbox 1541 5551 1858 5620; x_wconf 88' lang='lat' dir='ltr'><strong>intelligitur</strong></span> <span class='ocrx_word' id='word_1_861' title='bbox 1883 5563 2071 5608; x_wconf 90' lang='lat' dir='ltr'><strong>natura</strong></span> <span class='ocrx_word' id='word_1_862' title='bbox 2100 5553 2187 5607; x_wconf 86' lang='lat' dir='ltr'><strong>illa</strong></span> 
     </span>
    </p>
   </div>
   <div class='ocr_carea' id='block_1_115' title="bbox 2300 5543 3871 5628">
    <p class='ocr_par' dir='ltr' id='par_1_115' title="bbox 2300 5552 3871 5628">
     <span class='ocr_line' id='line_1_115' title="bbox 2300 5552 3871 5628; baseline 0.004 -24"><span class='ocrx_word' id='word_1_863' title='bbox 2300 5553 2323 5621; x_wconf 73' lang='grc' dir='ltr'>ἡ</span> <span class='ocrx_word' id='word_1_864' title='bbox 2358 5552 2519 5606; x_wconf 80' lang='grc' dir='ltr'>αὑτοῦ</span> <span class='ocrx_word' id='word_1_865' title='bbox 2567 5553 2660 5607; x_wconf 90' lang='grc' dir='ltr'><strong>τοῦ</strong></span> <span class='ocrx_word' id='word_1_866' title='bbox 2715 5555 2888 5624; x_wconf 88' lang='grc' dir='ltr'>Λόγου</span> <span class='ocrx_word' id='word_1_867' title='bbox 2930 5554 3341 5628; x_wconf 85' lang='grc' dir='ltr'>σεσαρκωμένη,</span> <span class='ocrx_word' id='word_1_868' title='bbox 3386 5553 3636 5625; x_wconf 80' lang='grc' dir='ltr'>καθάπερ</span> <span class='ocrx_word' id='word_1_869' title='bbox 3668 5553 3871 5623; x_wconf 78' lang='grc' dir='ltr'>ἀμέλει</span> 
     </span>
    </p>
   </div>
   <div class='ocr_carea' id='block_1_116' title="bbox 701 5717 2285 5781">
    <p class='ocr_par' dir='ltr' id='par_1_116' title="bbox 701 5717 2285 5781">
     <span class='ocr_line' id='line_1_116' title="bbox 701 5717 2285 5781; baseline 0.005 -11"><span class='ocrx_word' id='word_1_870' title='bbox 701 5717 744 5749; x_wconf 76' lang='grc' dir='ltr'><strong>⁸ο</strong></span> <span class='ocrx_word' id='word_1_871' title='bbox 773 5718 788 5770; x_wconf 90' lang='grc' dir='ltr'><strong>Ι</strong></span> <span class='ocrx_word' id='word_1_872' title='bbox 820 5719 943 5772; x_wconf 80' lang='lat' dir='ltr'><strong>Cor.</strong></span> <span class='ocrx_word' id='word_1_873' title='bbox 973 5734 1086 5776; x_wconf 70' lang='lat' dir='ltr'><strong>\‘ttt.</strong></span> <span class='ocrx_word' id='word_1_874' title='bbox 1132 5721 1211 5774; x_wconf 75' lang='lat' dir='ltr'><strong>l2.</strong></span> <span class='ocrx_word' id='word_1_875' title='bbox 1287 5722 1328 5751; x_wconf 85' lang='grc'><strong>⁶¹</strong></span> <span class='ocrx_word' id='word_1_876' title='bbox 1363 5723 1554 5778; x_wconf 65' lang='lat' dir='ltr'><strong>l&#39;lulics.</strong></span> <span class='ocrx_word' id='word_1_877' title='bbox 1588 5739 1636 5779; x_wconf 77' lang='grc' dir='ltr'>ν.</span> <span class='ocrx_word' id='word_1_878' title='bbox 1673 5726 1758 5780; x_wconf 77' lang='lat'><strong>9.7.</strong></span> <span class='ocrx_word' id='word_1_879' title='bbox 1839 5729 1882 5758; x_wconf 84' lang='grc'><strong>⁸²</strong></span> <span class='ocrx_word' id='word_1_880' title='bbox 1907 5726 2044 5781; x_wconf 77' lang='lat' dir='ltr'><strong>l‘sal.</strong></span> <span class='ocrx_word' id='word_1_881' title='bbox 2077 5743 2191 5779; x_wconf 69' lang='lat' dir='ltr'><strong>cu.</strong></span> <span class='ocrx_word' id='word_1_882' title='bbox 2236 5729 2285 5778; x_wconf 68' lang='lat' dir='ltr'><strong>i.</strong></span> 
     </span>
    </p>
   </div>
  </div>
