4028 6428
151 380 204 432 (il

1268 368 2085 427 ADVERSUSNESTORIUM
2130 368 2258 423 LIB.
2302 368 2365 424 ll.

3360 362 3433 416 62

151 493 236 543 καὶ
286 490 372 556 ἐφ’
408 486 574 557 ἡμῶν
613 483 802 539 αὐτῶν
850 485 1007 538 νοοῖτ*
1047 483 1113 537 ἀν
1163 483 1423 547 εἰκότως·
1462 482 1749 552 ἄνθρωπος

1860 484 2024 551 ipsius
2052 481 2209 536 Verbi
2254 483 2557 545 incantata,
2615 486 2672 532 ut
2725 477 2915 547 procul
2971 476 3135 530 dubio
3166 476 3218 530 in
3275 478 3431 529 nobis

153 586 249 649 γὰρ
271 575 352 642 εἷς
378 577 605 649 άληθῶς
631 576 994 646 συγκείμενος
1015 575 1073 639 ἑξ
1090 575 1356 645 ἀνομοίων
1379 575 1744 644 πραγμάτιον,

148 670 319 741 ψυχῆς
348 671 418 739 δὴ
452 670 603 737 λέγω
624 668 721 719 καὶ
752 665 1027 737 σώματος.
1060 663 1541 734 Ἐπισημήνασθαι
1562 662 1618 715 δὲ
1653 663 1749 716 καὶ

151 761 235 811 νῦν
253 760 585 827 ἀναγκαῖον,
621 758 705 809 ὄτι
734 754 795 807 τὸ
824 754 1023 807 ὲνωθὲν
1041 754 1115 823 τῷ
1132 752 1250 822 Θεῷ
1264 752 1422 821 Λόγῳ
1441 751 1621 822 σῶμα,
1640 768 1747 818 φα-

153 852 246 920 μὲν
260 848 593 918 etmaneat
614 847 763 917 ψυχῇ
792 846 1005 915 λογικῇ.
1030 842 1418 913 Προσθήσομαι
1441 842 1498 896 δὲ
1528 844 1747 894 κάκεῖνο

150 942 461 1013 χρησίμωςο
496 940 667 1011 ἑτέρα
704 939 804 1008 μὲν
846 940 955 1007 γάρ
982 936 1132 1006 παρά
1176 934 1271 988 τὸν
1314 937 1377 988 ὲκ
1406 934 1541 986 Θεοῦ
1574 933 1748 1001 Λόγον

150 1038 177 1102 ἠ
210 1032 370 1102 σὰρξ,
404 1031 561 1085 κατά
598 1048 663 1098 γε
693 1030 786 1082 τὸν
810 1030 910 1098 τῆς
945 1028 1077 1090 ιδίας
1114 1025 1331 1095 φύσεως
1376 1025 1553 1093 λόγον,
1588 1024 1749 1092 ἑτέρα

147 1129 196 1179 δὲ
223 1125 393 1179 πάλιν
432 1122 719 1185 ούσιωδῶς
759 1123 792 1191 ἡ
826 1118 993 1172 αὐτοῦ
1023 1119 1117 1172 τοῦ
1167 1118 1339 1185 Λόγου
1370 1117 1553 1186 φύσις.
1603 1114 1748 1182 Πλὴν

149 1219 191 1269 εί
233 1217 327 1271 καὶ
376 1218 594 1270 νοεῖται
643 1213 900 1283 διάφορα,
943 1216 1037 1265 καὶ
1067 1212 1148 1274 είς
1186 1210 1479 1281 ἑτερότητα
1514 1207 1749 1278 φυσικὴν

147 1306 595 1378 διεσχοινισμένα
641 1304 710 1357 τὰ
731 1302 1129 1373 ὠνομασμένα,
1161 1298 1277 1352 ἀλλ’
1322 1294 1403 1361 εἷς
1430 1298 1488 1365 ἐξ
1543 1298 1749 1367 ἀμφοῖν

146 1404 343 1455 νοεῖται
383 1398 632 1469 Χριστός
658 1414 671 1426 '
706 1396 829 1448 καθ’
864 1395 1057 1447 ἕνωσιν
1106 1392 1283 1464 ἀληθῆ
1327 1390 1575 1461 ἀλλήλοις
1611 1406 1749 1458 συμο

148 1491 491 1561 ϐεϐηκότων,
528 1488 788 1558 θεότητος
815 1504 877 1539 τε
916 1486 1008 1539 καὶ
1050 1484 1491 1557 ἀνθρωπὸτητος.
1544 1480 1749 1551 Ἐμπε-

144 1588 217 1639 δοί
248 1585 304 1637 δὲ
358 1584 511 1653 πρὸς
560 1580 716 1634 τοῦτο
755 1582 906 1650 ἡμᾶς
942 1580 974 1648 ὴ
1026 1578 1381 1637 θεόπνευστος
1415 1574 1625 1643 Γραφὴ,
1664 1571 1753 1625 διὰ

147 1677 357 1747 μυρίων
395 1675 501 1745 μὲν
530 1674 674 1727 ὅσων
705 1670 1051 1740 πραγμάτων
1084 1686 1145 1722 τε
1195 1668 1289 1721 καὶ
1330 1666 1504 1733 λόγων
1527 1682 1539 1693 ·
1573 1680 1751 1733 παρα-

1851 573 1980 641 ipsis
2000 574 2162 626 etiam
2182 572 2566 625 convenienter
2599 568 2937 639 intelligitur.
2995 566 3149 622 Unus
3186 581 3426 635 namque

1849 658 2010 712 homo
2034 659 2191 728 plane
2211 669 2292 714 est
2310 673 2375 713 ex
2397 657 2754 713 dissimilibus
2786 660 2969 723 rebus,
3011 671 3078 710 ex
3100 656 3303 723 anima,
3333 656 3419 707 in-

1850 767 2042 820 quam,
2074 762 2130 806 et
2156 765 2383 820 corpore
2419 751 2768 820 compositus.
2800 748 2968 803 Porro
3015 748 3144 801 illud
3175 755 3259 801 est
3290 762 3434 800 nunc

1848 843 2012 896 etiam
2053 843 2372 907 notandum,
2428 841 2587 895 fateri
2636 855 2737 896 nos
2800 854 2997 908 corpus
3038 838 3171 893 illud
3221 838 3431 892 unitum

1851 933 1963 989 Deo
1992 935 2192 997 Verbo,
2234 935 2402 989 fuisse
2451 934 2632 988 anima
2661 931 2912 986 rationali
2939 931 3259 984 animatum.
3300 929 3432 982 Illud

1849 1041 2064 1097 quoque
2097 1026 2239 1081 haud
2270 1026 2611 1082 incommode
2630 1024 2953 1087 addiderim,
2979 1022 3139 1075 aliam
3158 1036 3279 1075 esse
3307 1035 3428 1073 car-

1851 1133 1972 1171 nem
2021 1134 2049 1171 a
2082 1117 2195 1172 Deo
2251 1116 2433 1171 Verbo
2489 1116 2652 1188 (quod
2684 1116 2749 1170 ad
2791 1130 2900 1169 sua:
2936 1123 3141 1166 natura:
3170 1112 3432 1165 rationem

1851 1205 2088 1272 attinet),
2120 1204 2395 1273 aliamque
2431 1219 2621 1259 rursus
2657 1201 3021 1259 essentialiter
3070 1202 3238 1266 ipsam
3270 1198 3434 1253 Verbi

1853 1307 2123 1351 naturam.
2163 1295 2270 1351 Sed
2302 1295 2551 1365 quamvis
2601 1294 2713 1348 haec
2763 1292 2984 1346 differre
3038 1291 3433 1358 intelligantur,

1851 1399 1905 1445 et
1938 1388 2165 1442 naturali
2197 1387 2512 1441 diversitate
2557 1400 2677 1440 esse
2737 1384 3040 1454 disjuncta,
3078 1397 3217 1436 unus
3249 1390 3432 1434 tamen

1851 1497 1916 1536 ex
1954 1491 2185 1549 utroque
2222 1478 2473 1533 Christus
2528 1476 2868 1546 intelligitur,
2921 1475 3045 1527 dum
3104 1489 3199 1541 per
3249 1487 3435 1525 veram

1853 1574 2122 1629 unitatem
2175 1572 2356 1627 deitas
2398 1570 2560 1624 simul
2593 1577 2647 1623 et
2678 1567 2988 1622 humanitas
3019 1565 3253 1619 invicem
3305 1578 3438 1617 con-

1852 1666 2097 1720 veniunt.
2122 1663 2179 1718 In
2213 1663 2316 1716 bac
2347 1675 2477 1715 vero
2508 1659 2776 1715 sententia
2826 1672 2928 1711 nos
2963 1657 3264 1709 innumeris
3318 1665 3431 1707 tum

144 1771 406 1839 δείγμασι
451 1767 511 1819 δὲ
549 1765 832 1836 χρωμένη,
881 1762 949 1815 δι’
987 1755 1063 1817 ὧν
1093 1761 1157 1813 ἀν
1200 1777 1288 1822 τις
1320 1760 1415 1812 καὶ
1449 1757 1569 1808 λίαν
1618 1755 1751 1809 ἀκο-

1860 1756 2043 1821 factis,
2109 1764 2217 1807 tum
2284 1751 2443 1805 dictis
2506 1749 2789 1820 Scriptura
2858 1747 3118 1803 divinitus
3178 1747 3436 1816 inspirata

147 1862 246 1913 νιτὶ
280 1862 434 1930 πρός
483 1874 553 1924 γε
601 1856 664 1909 τὸ
711 1853 973 1908 δύνασθαι
1018 1851 1254 1904 κατιδεῖν
1280 1850 1342 1901 τὸ
1372 1845 1608 1918 Χριστοῦ
1645 1863 1748 1915 μυ-

1860 1849 2162 1909 eonfirmat,
2214 1845 2306 1898 sed
2336 1844 2606 1912 praecipue
2632 1842 2754 1895 dum
2806 1839 3071 1908 exemplis
3122 1842 3313 1900 utitur,
3343 1853 3439 1906 per

148 1956 368 2024 στήριον
435 1950 678 2003 διελάσει
730 1946 939 2015 σαφῶς.
994 1946 1139 2014 Ἔφη
1196 1943 1376 1996 τοίνυν
1413 1944 1440 1995 6
1483 1942 1752 2011 μακάριος

148 2046 440 2114 προφήτης
486 2042 717 2102 Ἡσαΐας
738 2057 750 2069 ·
788 2058 806 2089 ‹
839 2038 949 2091 Καὶ
979 2035 1257 2104 ἀπεστάλη
1286 2034 1420 2103 πρός
1452 2049 1519 2101 με
1552 2031 1609 2082 ἓν
1643 2031 1751 2084 τῶν

147 2137 402 2208 Σεραφίμ
423 2152 439 2166 ·
476 2136 576 2188 καὶ
606 2135 671 2201 τῇ
720 2131 867 2202 χειρὶ
902 2128 1046 2198 εἶχεν
1080 2126 1348 2194 ἄνθρακα,
1383 2123 1441 2176 ὃν
1473 2126 1537 2193 τῇ
1576 2122 1750 2175 λαϐίδι

145 2223 335 2276 ἔλαϐεν
359 2220 477 2274 ἀπὸ
504 2219 600 2273 τοῦ
628 2216 1034 2286 θυσιαστηρίου,
1060 2214 1152 2267 καὶ⁹
1171 2213 1348 2283 ἥψατο
1368 2210 1460 2265 τοῦ
1486 2211 1752 2280 στόματός

148 2334 272 2385 μου.
305 2315 407 2368 καὶ
442 2308 602 2365 εἶπεν
623 2329 637 2342 ο
684 2310 817 2363 Ἰδοὺ
844 2309 1023 2378 ἥψατο
1050 2304 1210 2359 τοῦτο
1241 2306 1348 2359 τῶν
1379 2304 1602 2373 χειλέων
1634 2319 1748 2367 σου,

145 2408 235 2460 καὶ
266 2404 473 2474 ἀφελεῖ
511 2402 614 2464 τὰς
645 2399 879 2473 ἀνομίας
912 2414 1027 2461 σου,
1069 2396 1160 2448 καὶ
1200 2394 1298 2457 τὰς
1332 2393 1608 2464 ἁμαρτίας
1657 2408 1750 2443 σου

145 2495 572 2567 περικαθαριεῖ.
618 2512 638 2542 ι
684 2485 1277 2560 Πολυπραγμονοῦντες
1318 2484 1397 2549 δὲ,
1434 2484 1509 2547 ὠς
1543 2482 1641 2545 ἔνι,
1692 2480 1752 2533 τὸ

143 2592 240 2659 τῆς
286 2588 552 2658 ὁράσεως
584 2583 768 2653 βάθος,
821 2581 921 2649 οὺχ
972 2581 1157 2647 ἓτερον
1191 2572 1329 2630 εἷναί
1377 2592 1577 2645 φαμεν,
1613 2573 1751 2643 πλὴν

143 2684 222 2735 ὅτι
259 2681 357 2733 τὸν
412 2677 629 2747 Κύριον
677 2673 838 2745 ἡμῶν
887 2670 1094 2741 Ἰησοῦν
1140 2668 1396 2741 Χριστὸν,
1440 2666 1532 2719 τὸν
1583 2668 1640 2719 ὲν
1676 2664 1752 2735 τῷ

145 2768 532 2838 θυσιαστηρίῳ
573 2765 823 2835 κείμενον
873 2761 1121 2832 ἄνθρακα
1151 2758 1340 2830 νοητόν
1366 2777 1379 2790 ·
1417 2758 1501 2826 ἐφ’
1543 2750 1587 2824 ᾧ
1620 2758 1751 2827 παρ’

145 2863 304 2933 ἡμῶν
341 2858 639 2921 εύωδιάξει
685 2856 940 2926 θυμίαμα
999 2853 1077 2923 τῷ
1122 2850 1241 2921 Θεῷ
1288 2850 1383 2904 καὶ
1426 2849 1635 2920 Πατρί·
1686 2850 1752 2901 δι’

143 2926 313 3007 αύτοῦ
369 2951 488 3021 γὰρ
538 2948 639 3019 τὴν
692 2943 1060 3017 προσαγωγὴν
1094 2942 1429 3012 ἐσχήκαμεν,
1476 2926 1667 2991 δεκτοί¹
1695 2936 1754 2990 τέ

143 3050 340 3115 ἐσμεν,
377 3042 485 3104 τάς
519 3036 901 3108 πνευματικὰς
948 3032 1230 3095 τελοῦντες
1261 3030 1536 3102 λατρείας.
1588 3022 1755 3091 Οὗτος

144 3114 329 3186 τοίνυν
360 3135 392 3185 6
436 3127 649 3198 ἄνθραξ
696 3128 724 3177 6
767 3125 929 3185 θεῖος,
978 3122 1105 3173 ὅταν
1138 3118 1343 3189 ἅψηται
1376 3118 1484 3170 τῶν
1529 3114 1754 3187 χειλέων

148 3244 237 3278 σου
284 3224 405 3296 [τσ.
444 3219 568 3290 τοῦ]
605 3217 920 3286 προσιόντος
960 3212 1128 3281 αὐτῷ,
1156 3208 1558 3280 διεσμηγμὲνον
1589 3207 1753 3271 εὐθὺς

146 3317 433 3387 ἀποφανεῖ
489 3314 587 3365 καὶ
631 3310 850 3377 ἀπάσης
882 3306 1154 3377 ἁμαρτίας
1186 3301 1530 3373 ὴμοιρηκότα
1562 3316 1755 3351 παντε-

148 3411 275 3473 λῶς.
312 3410 599 3461 Ἀπτεται
625 3403 682 3455 δὲ
726 3402 849 3453 τίνα
890 3398 1088 3467 τρόπον
1114 3395 1221 3448 τῶν
1256 3397 1313 3447 ὲν
1346 3396 1475 3463 ἡμῖν
1503 3390 1751 3462 χειλέων,

147 3501 352 3566 διδάξει
386 3494 572 3563 λέγων
611 3496 641 3546 6
677 3493 946 3561 μακάριος
977 3487 1219 3550 Παῦλοςο
1256 3505 1275 3537 t
1333 3483 1529 3552 Ἐγγύς
1564 3500 1655 3535 σου
1696 3482 1755 3533 τὸ

153 3588 308 3659 ῥῆμά
356 3588 514 3637 ἐστιν
569 3582 625 3633 ὲν
673 3578 749 3648 τῷ
798 3573 1028 3645 στόματί
1070 3590 1163 3625 σου
1203 3572 1296 3625 καὶ⁵
1347 3573 1405 3623 ὲν
1448 3572 1513 3640 τῇ
1559 3569 1755 3638 καρδίᾳ

152 3700 240 3736 σου
264 3698 279 3709 ·
313 3681 402 3733 ὅτι
439 3676 539 3729 ὲάν
587 3674 748 3742 εἴπῃς
797 3672 853 3723 ὲν
886 3667 964 3739 τῷ
1011 3665 1239 3737 στόματί
1289 3680 1402 3729 σου,
1438 3663 1519 3716 ὃτι
1551 3660 1756 3730 Κύριος

162 3771 381 3841 Ἰησοῦς
410 3786 427 3801 ⁶
466 3768 567 3821 καὶ
618 3763 915 3835 πιστεύσῃς
964 3761 1021 3811 ὲν
1067 3761 1132 3829 τῇ
1185 3756 1382 3826 καρδίᾳ
1440 3771 1553 3816 σου,
1603 3755 1683 3806 ὅτι
1728 3753 1755 3804 6

152 3866 280 3928 (t6;
319 3862 491 3917 αὑτὸν
518 3861 745 3929 ἤγειρεν
771 3856 834 3906 ὲκ
867 3850 1099 3922 νεκρῶν,
1131 3847 1354 3917 σωθήσῃ
1374 3862 1387 3875 ·
1424 3845 1622 3915 καρδία
1650 3843 1756 3912 γὰρ

156 3956 483 4010 πιστεύεται
533 3952 616 4013 εἰς
645 3943 1017 4013 δικαιοσύνηνσ
1062 3942 1293 4009 στόματι
1327 3938 1383 3991 δὲ
1415 3936 1757 4007 ὁμολογεῖται

154 4050 226 4110 είς
266 4042 581 4114 σωτηρίαν.
624 4058 643 4089 ›
690 4034 957 4105 Ἀνθρακι
996 4033 1053 4085 δὲ
1094 4028 1505 4100 παρεικάζεται,
1555 4026 1641 4078 διά
1673 4041 1754 4075 τοι

154 4140 210 4191 τὸ
262 4142 328 4191 ὲκ
383 4135 541 4188 δυοῖν
605 4127 847 4183 νοεῖσθαι
906 4124 1001 4177 καὶ
1060 4118 1327 4191 ἀνομοίων
1378 4114 1753 4187 πραγμάτων·

159 4231 356 4299 συνόδῳ
390 4242 460 4295 γε
502 4224 615 4293 μὴν
646 4223 712 4289 τῇ
760 4217 902 4270 κατά
947 4212 1201 4281 ἀλήθειαν
1237 4207 1519 4278 μονονουχὶ
1554 4203 1759 4255 συνδεῖ-

158 4322 276 4374 σθαι
488 4313 692 4365 ἕνωσιν
715 4325 729 4338 ·
772 4305 1075 4364 εἰσδεδυκὸς
1106 4300 1213 4371 γὰρ
1241 4296 1319 4367 τῷ
1356 4295 1495 4365 ξύλῳ
1528 4294 1589 4346 τὸ
1626 4293 1755 4362 πῦρ,

156 4415 230 4477 εἰς
264 4410 484 4466 οἰκείαν
521 4402 656 4457 αὐτὸ
695 4396 1095 4470 μεταστοιχειοῖ
1127 4391 1327 4463 τρόπον
1365 4388 1485 4440 τινὰ
1514 4387 1668 4452 δόξαν
1698 4404 1757 4438 τε

157 4507 248 4557 καὶ
274 4504 541 4569 δύναμιν,
581 4491 759 4545 καίτοι
792 4486 1094 4558 τετηρηκὸς
1134 4485 1268 4553 ὅπερ
1299 4477 1388 4550 ἦν.
1427 4476 1756 4549 Μαργαρίτῃ

156 4597 208 4649 δὲ
235 4596 404 4650 πάλιν
440 4586 641 4643 ἑαυτὸν
674 4582 927 4649 ἀφομοιοῖ
956 4577 1127 4643 λέγων
1160 4577 1186 4626 6
1213 4573 1416 4642 Κύριος
1458 4569 1611 4640 ἡμῶν
1651 4570 1755 4637 Ἰη-

162 4687 279 4749 σοῦς
309 4682 599 4755 Χριστός·
642 4694 659 4727 ι
714 4671 907 4741 Ὁμοία
946 4668 1094 4719 ἐστὶν
1128 4668 1160 4737 ἡ
1193 4663 1439 4736 βασιλεία
1459 4656 1567 4713 τῶν
1596 4660 1759 4729 ούρα-

158 4780 257 4831 νῶν
288 4753 579 4845 ἀνθρώπῳ
607 4766 835 4835 ἐμπόρῳ
860 4758 1109 4831 ζητοῦντι
1144 4757 1341 4818 καλοὺς
1387 4753 1753 4825 μαργαρίτας·

158 4870 330 4939 εὑρὼν
366 4868 427 4919 δὲ
468 4865 575 4916 ’ἐνα
608 4857 905 4924 πολύτιμον
960 4848 1325 4921 μαργαρίτην,
1361 4845 1612 4899 ἀπελθὼν
1661 4845 1756 4895 πέ-

160 4935 366 5034 πραχεν
396 4960 507 5011 ὅσα
546 4947 686 5021 εἶχε,
736 4948 829 5001 καὶ
860 4945 1128 5014 ἠγόρασεν
1159 4939 1339 4992 αὐτόν.
1385 4956 1403 4988 ι
1453 4936 1661 4989 Ἀκούω
1704 4935 1759 4987 δὲ

161 5026 249 5106 καὶ
274 5026 494 5119 -έτὲρως
536 5040 729 5096 ἑαυτὸν
770 5039 900 5107 ἡμῖν
947 5030 1394 5090 καταδεικνύντος
1445 5026 1539 5079 καὶ
1570 5026 1755 5092 λέγον-

160 5163 243 5207 τος
267 5163 279 5174 ο
317 5162 335 5192 ι
380 5116 533 5204 Ἐγὼ
557 5131 715 5193 ἄνθος
737 5127 829 5181 τοῦ
857 5125 1063 5187 πεδίου,
1088 5122 1269 5193 κρίνον
1292 5118 1399 5172 τῶν
1424 5116 1702 5170 κοιλάδων.
1736 5134 1751 5163 ι

165 5239 313 5305 Ἔχει
375 5231 483 5303 μὲν
528 5226 641 5295 γάρ
676 5224 733 5275 ὲν
793 5216 899 5287 ἰδία
934 5213 1093 5283 φύσει
1141 5214 1238 5283 τὴν
1293 5209 1569 5279 θεοπρεπῆ
1624 5207 1761 5275 λαμ-

161 5300 404 5398 πρότητα
450 5319 549 5374 τοῦ
585 5313 721 5367 Θεοῦ
768 5312 863 5365 καλ¹
894 5305 1106 5378 Πατρός
1128 5322 1142 5337 ο
1193 5302 1480 5366 εύωδιάξει
1513 5301 1568 5353 δὲ
1602 5300 1763 5351 πάλιν

160 5392 328 5473 τὸν-
361 5418 481 5490 [Ion
519 5406 737 5478 αὐτὸς],
768 5404 913 5458 κατά
942 5418 1027 5470 γε,
1081 5400 1243 5471 φημὶ,
1290 5398 1389 5466 τὴν
1432 5395 1627 5465 νοητὴν
1655 5392 1712 5445 εύ
1744 5421 1763 5429 -

160 5512 374 5576 οσμίαν.
442 5506 661 5571 Ὥσπερ
720 5498 921 5555 τοίνυν,
982 5493 1070 5545 ὲπί
1116 5509 1175 5543 τε
1245 5489 1337 5543 τοῦ
1402 5483 1761 5558 μαργαρίτου,

164 5604 250 5654 καὶ
290 5601 403 5671 μὴν
456 5593 557 5649 καὶ
604 5591 701 5646 τοῦ
756 5589 966 5642 κοίνου,
1025 5586 1219 5634 νοεῖται
1272 5582 1449 5651 μέντοι
1504 5579 1662 5647 σῶμα
1705 5574 1767 5628 τὸ

232 5783 275 5813 υ
303 5780 408 5834 Ira.
445 5793 520 5841 γι,
560 5771 614 5840 6,
646 5770 701 5822 7,
782 5768 825 5795 ⁸⁴
857 5763 1013 5815 Rom.
1054 5776 1105 5823 χ,
1142 5760 1299 5813 8-H).
1387 5758 1431 5787 ⁸⁵
1457 5755 1646 5812 Matth.
1681 5770 1753 5810 XII

1860 5753 1925 5816 ιδ,
1964 5753 2047 5807 16.

1783 3192 1826 3250 C

1797 4544 1837 4597 D

1858 1954 1977 2007 qua:
2007 1936 2266 1991 facillime
2291 1934 2521 2003 quisque
2557 1934 2621 1985 ad
2653 1930 2853 1986 Christi
2881 1929 3198 1999 mysterium
3224 1927 3436 1997 perspi-

1860 2043 1958 2082 cue
2005 2025 2411 2094 intelligendum
2467 2022 2689 2076 tendere
2751 2021 2943 2088 possit.
3019 2017 3217 2072 Beatus
3278 2018 3440 2084 igitur

1857 2116 2117 2186 propheta
2162 2114 2330 2169 Isaias
2384 2114 2498 2167 ait:
2551 2130 2570 2163 ι
2612 2111 2679 2165 Ει
2716 2112 2911 2163 missus
2940 2118 3024 2164 est
3075 2108 3138 2161 ad
3175 2123 3262 2162 me
3295 2123 3439 2161 unus

1859 2209 1925 2262 de
1950 2209 2257 2276 Seraphim,
2293 2219 2348 2261 et
2375 2207 2425 2260 in
2460 2221 2620 2260 manu
2664 2203 2899 2258 habebat
2936 2201 3248 2263 carbonem,
3278 2216 3438 2269 quem

1859 2300 2065 2366 forcipe
2090 2307 2375 2366 acceperat
2431 2312 2495 2351 ex
2529 2295 2711 2358 altari,
2743 2302 2798 2348 et
2841 2292 3019 2361 tetigit
3049 2306 3110 2346 os
3156 2308 3353 2357 meum,
3387 2301 3441 2345 et

1859 2390 1998 2444 dixit
2036 2407 2049 2441 :
2078 2388 2216 2443 Ecce
2251 2388 2426 2457 tetigit
2466 2388 2569 2440 hoc
2609 2385 2749 2439 labia
2774 2394 2885 2445 tua.
2912 2392 2964 2437 et
2995 2382 3204 2437 auferet
3239 2383 3438 2450 iniqui-

1862 2484 2001 2529 tates
2060 2484 2198 2536 tuas.
2261 2484 2314 2527 et
2345 2474 2583 2544 expiabit
2637 2482 2857 2542 peccata
2913 2480 3003 2525 tua
3031 2470 3097 2522 ⁸³.
3136 2488 3155 2523 ι
3204 2470 3443 2525 Visionis

1860 2567 2022 2636 hujus
2074 2566 2496 2636 profunditatem
2542 2574 2599 2618 ut
2648 2564 2794 2617 vires
2851 2562 3031 2616 ferunt
3069 2562 3440 2631 exquirentes,

1862 2656 1969 2727 32
1998 2672 2103 2710 non
2141 2656 2285 2709 aliud
2323 2657 2422 2710 nisi
2461 2657 2745 2709 Dominum
2787 2663 3029 2708 nostrum
3061 2653 3243 2706 Jesum
3280 2650 3444 2706 Chri-

1863 2760 2008 2802 smm
2058 2762 2181 2802 esse
2234 2747 2466 2801 dicimus
2520 2744 2823 2814 spiritalem
2880 2743 3028 2797 illum
3065 2743 3352 2797 carbonem
3390 2742 3441 2795 in

1861 2839 2018 2894 altari
2044 2840 2302 2908 positum,
2352 2852 2514 2907 super
2569 2851 2676 2906 quo
2726 2836 3023 2908 thymiama
3050 2834 3162 2888 Deo
3203 2848 3265 2886 at:
3296 2832 3442 2887 Patri

1861 2944 1891 2983 a
1926 2928 2079 2983 nobis
2109 2928 2360 2983 adoletur
2386 2945 2399 2982 :
2425 2942 2520 2996 per
2545 2912 2727 2996 ipsum
2757 2927 2900 2981 enim
2935 2938 3214 2980 accessum
3243 2922 3439 2975 habui-

1864 3036 2003 3083 mus,
2061 3030 2116 3076 et
2176 3020 2477 3090 spiritalem
2543 3019 2745 3072 cultum
2810 3026 3175 3087 exsequentes
3230 3016 3441 3083 accepti

1864 3126 2070 3166 sumus.
2099 3112 2196 3165 Hic
2227 3111 2409 3179 itaque
2435 3111 2601 3164 carbo
2631 3108 2847 3163 divinus
2895 3108 2984 3164 ubi
3040 3105 3350 3162 accedentia
3375 3104 3443 3158 ad

1862 3218 1921 3260 se
1941 3202 2084 3257 labia
2110 3201 2368 3272 tetigerit,
2388 3202 2529 3256 illico
2550 3201 2805 3254 mundum
2828 3200 3034 3261 reddet,
3056 3208 3217 3266 atque
3235 3197 3444 3266 peccati

1862 3296 2040 3350 omnis
2092 3309 2315 3364 prorsus
2355 3302 2655 3361 expertem.
2712 3291 2816 3346 Sed
2877 3291 3020 3345 labia
3076 3298 3261 3343 nostra
3305 3301 3443 3356 quo—

1863 3402 1986 3441 nam
2042 3385 2202 3439 modo
2248 3385 2552 3452 contingat,
2603 3384 2757 3438 docet
2820 3382 3009 3437 beatus
3071 3379 3272 3434 Paulus
3322 3394 3444 3432 cum

1862 3475 2038 3530 dicit:
2076 3491 2095 3523 ι
2148 3473 2323 3540 Prope
2399 3480 2447 3525 te
2478 3480 2563 3525 est
2603 3472 2825 3525 verbum
2885 3470 2939 3524 in
2988 3483 3083 3522 ore
3134 3476 3247 3527 tuo.
3298 3474 3352 3519 et
3392 3466 3445 3518 in

1862 3566 2023 3620 corde
2062 3574 2153 3617 tuo
2188 3564 2352 3631 :quia
2376 3562 2417 3615 si
2445 3561 2649 3615 dixeris
2684 3561 2736 3613 in
2772 3574 2867 3613 ore
2900 3567 2989 3612 tuo
3012 3558 3137 3627 quia
3184 3556 3446 3609 Dominus

1860 3657 2041 3719 Jesus,
2069 3663 2123 3709 et
2156 3654 2455 3709 credideris
2492 3653 2543 3705 in
2582 3653 2749 3706 corde
2781 3661 2874 3705 tuo
2923 3649 3048 3718 quia
3106 3649 3252 3703 Deus
3298 3648 3445 3701 illum

1862 3749 2144 3807 suscitavit
2172 3764 2201 3801 a
2239 3744 2490 3805 mortuis,
2536 3744 2720 3798 salvus
2753 3745 2885 3798 eris.
2940 3743 3117 3798 Corde
3152 3741 3297 3796 enim
3328 3754 3448 3795 cre-

1864 3843 2007 3896 ditur
2042 3842 2105 3893 ad
2129 3839 2419 3908 justitiam,
2451 3854 2545 3893 ore
2577 3846 2756 3890 autem
2804 3834 3074 3889 confessio
3110 3833 3170 3887 fit
3210 3832 3276 3886 ad
3300 3834 3448 3886 salu-

1865 3945 1969 3990 tem
1988 3935 2056 3988 ⁸⁸.
2087 3951 2105 3984 ι
2130 3932 2336 3986 Dicitur
2363 3938 2540 3983 autem
2569 3927 2793 3981 carboni
2819 3925 3133 3996 persimilis,
3155 3933 3443 3992 propterea

1864 4027 2005 4097 quod
2042 4041 2107 4080 ex
2128 4021 2337 4078 duabus
2371 4036 2435 4075 ac
2472 4020 2829 4074 dissimilibus
2881 4018 3045 4071 rebus
3097 4015 3442 4083 intelligitur,

1864 4118 1957 4174 sed
1991 4117 2064 4170 ita
2093 4114 2388 4171 secundum
2437 4115 2719 4166 veritatem
2763 4109 3237 4171 convenientibus,
3298 4116 3349 4158 ut
3394 4108 3445 4159 in

1866 4210 2127 4262 unitatem
2194 4204 2578 4272 propemodum
2634 4200 3050 4269 coniungantur.
3104 4197 3247 4266 Ignis
3300 4198 3445 4249 enim

1867 4303 1953 4353 ubi
1995 4300 2196 4368 lignum
2244 4296 2563 4367 penetrarit,
2607 4294 2732 4347 illud
2765 4293 2814 4346 in
2850 4306 3003 4346 suam
3058 4290 3230 4358 ipsius
3282 4288 3448 4342 clari-

1869 4401 2028 4445 tatem
2078 4406 2141 4444 ac
2192 4389 2335 4441 vires
2388 4386 2672 4448 transfert,
2713 4399 2778 4437 eo
2838 4392 3017 4436 tamen
3053 4389 3271 4433 servato
3305 4380 3446 4447 quod

1867 4493 2001 4534 erat.
2030 4480 2333 4549 Margarita:
2358 4492 2414 4532 se
2442 4492 2628 4530 rursus
2657 4481 2936 4542 comparat
2964 4472 3224 4528 Dominus
3263 4480 3449 4525 noster

1866 4572 2019 4625 Jesns
2063 4572 2311 4624 Christus
2355 4584 2476 4622 cum
2536 4568 2709 4621 dicit:
2752 4583 2769 4615 ι
2832 4563 3020 4618 Simile
3078 4569 3163 4615 est
3213 4576 3440 4630 regnum

1865 4664 2122 4716 rariorum
2148 4658 2348 4713 homini
2380 4656 2701 4726 negotiatori
2743 4653 3005 4721 qumrenti
3039 4651 3207 4705 bonas
3236 4664 3450 4716 marga-

1868 4756 2000 4806 ritas
2036 4771 2048 4806 :
2089 4753 2299 4805 inventa
2335 4760 2513 4802 autem
2545 4762 2645 4799 una
2691 4745 2923 4813 pretiosa
2954 4741 3269 4810 margarita,
3304 4739 3449 4792 vadit

1866 4854 1915 4898 et
1954 4843 2137 4896 vendit
2185 4844 2432 4895 universa
2476 4855 2594 4906 qua:
2645 4836 2826 4896 habet,
2868 4842 2922 4887 et
2964 4834 3095 4887 emit
3126 4832 3270 4884 illam
3307 4831 3375 4883 ".
3422 4848 3442 4881 ι

1865 4934 1983 4988 Alio
2035 4948 2249 5002 quoque
2288 4931 2445 4983 modo
2474 4929 2618 4982 illum
2650 4941 2770 4979 sese
2813 4923 2966 4977 nobis
3010 4923 3249 4976 indicare
3287 4921 3449 4975 audio

1866 5025 2175 5077 dicentem:
2214 5041 2231 5073 ι
2270 5022 2376 5090 Ego
2406 5019 2500 5072 ﬂos
2523 5018 2720 5085 campi,
2748 5016 2919 5069 lilium
2959 5015 3282 5069 convallium
3308 5014 3373 5065 ⁸⁸.
3423 5033 3441 5064 ι

1866 5116 1997 5169 Cum
2024 5115 2235 5168 enimin
2278 5129 2371 5165 sua
2399 5120 2586 5162 natura
2637 5108 2873 5161 divinam
2924 5106 3228 5161 claritatem
3257 5105 3349 5159 Dei
3381 5120 3447 5159 ac

1869 5206 2044 5259 Patris
2095 5205 2312 5268 habeat,
2364 5204 2504 5254 idem
2564 5210 2819 5266 prieterea
2854 5199 3023 5267 spirat
3065 5198 3284 5251 odorem
3318 5212 3445 5250 sua-

1871 5299 2152 5352 veolentia:
2211 5292 2607 5363 spiritalis-Ut
2659 5306 2789 5360 ergo
2835 5292 2886 5344 in
2936 5289 3251 5358 margarita,
3284 5298 3447 5355 atque

1872 5389 2036 5442 etiam
2083 5387 2217 5449 lilio,
2268 5384 2517 5453 quamvis
2544 5382 2843 5451 subjectum
2880 5379 2985 5432 illis
3041 5393 3237 5446 corpus
3270 5377 3447 5441 perci-

1874 5480 2074 5547 piatur,
2113 5478 2330 5530 claritas
2360 5488 2537 5527 tamen
2590 5490 2683 5526 seu
2719 5474 2850 5525 odor
2878 5487 2941 5524 ex
2974 5470 3189 5538 propria
3240 5469 3446 5521 ratione

1874 5572 1941 5625 ab
1967 5572 2071 5625 illis
2124 5569 2318 5639 quibus
2350 5569 2553 5630 insunt,
2584 5576 2838 5635 tanquam
2874 5562 3089 5619 diversa
3125 5568 3445 5625 noscuntur,

2145 5751 2187 5781 ⁸⁸
2218 5750 2369 5805 Cant.
2409 5764 2465 5812 ll,
2505 5747 2549 5801 ι.
