4028 6474
564 376 630 424 63
1597 369 1656 423 S.
1697 367 1972 424 CYRILLI
2014 367 2487 423 ALEXANDRINI
2524 366 2848 424 ARCHIEP.

3782 360 3873 416 δι

565 493 657 546 sed
712 489 952 544 vicissim
1012 491 1228 556 propria
1283 498 1408 542 sunt
1440 488 1779 554 habentium,
1812 503 1918 542 non
1954 489 2023 543 ab
2071 489 2180 547 eis,

2291 487 2633 556 ποκείμινον,
2672 489 2705 556 ἡ
2763 485 2819 538 δὲ
2869 500 2934 552 γε
2985 485 3043 536 ἐν
3094 478 3246 548 αὐτῷ
3294 476 3637 547 λαμπρότης,
3687 475 3876 544 ἡγουν

568 584 763 643 aliena,
785 597 904 635 cum
933 581 984 634 in
1018 580 1577 649 illisinseparabiliter
1603 582 1846 634 haereant
1875 600 1886 635 :
1912 583 1978 634 ad
2001 597 2155 634 emn-

568 679 689 728 dcm
715 687 931 742 quoque
982 673 1199 726 modum
1236 675 1300 726 de
1349 673 1701 727 Emmanuele
1739 675 1855 742 ipso
1891 676 2048 727 nobis
2075 683 2158 727 est

565 767 988 820 existimandum
1025 781 1087 819 ac
1129 767 1494 819 sentiendum.
1531 765 1750 819 Natum:
1797 781 2033 835 namque
2067 781 2156 818 ra-

572 861 718 912 tione
769 860 983 911 diversa
1037 868 1161 912 sunt
1217 859 1470 911 divinitas
1514 868 1566 910 et
1606 875 1733 912 eam
1772 875 1786 912 :
1826 858 1918 911 sed
1963 874 2160 926 corpus

575 950 738 1006 Verbi
787 958 1063 1022 propritnn
1121 967 1258 1013 erat.
1305 969 1476 1020 neque
1521 953 1821 1022 sejunctum
1861 971 1889 1007 a
1933 969 2160 1020 corpore

574 1040 700 1092 illud
727 1043 932 1094 uuitum
967 1043 1178 1110 corpori
1218 1041 1448 1094 Verhum
1485 1060 1498 1094 :
1533 1043 1672 1094 haud
1694 1046 1837 1096 enim
1882 1045 2043 1097 aliter
2072 1047 2156 1098 in-

577 1132 821 1200 telligere
867 1133 946 1185 fas
989 1143 1071 1186 est
1118 1132 1552 1194 Emmanuelem,
1609 1135 1660 1185 id
1709 1147 1812 1196 est,
1870 1134 2158 1189 Nobiscum

579 1221 740 1276 Deus.
799 1221 988 1289 Itaque
1048 1240 1436 1292 nonnunquam
1465 1235 1520 1276 ut
1574 1227 1756 1286 homo,
1802 1235 1856 1278 et
1902 1242 1964 1278 ex
2009 1242 2161 1282 meu-

579 1329 706 1366 sura
765 1329 874 1367 sua:
931 1317 1321 1369 exinanitiouis
1390 1317 1628 1380 seipsum
1675 1319 1829 1371 nobis
1894 1319 2162 1386 indicans,

580 1406 838 1459 dicebat:
891 1426 908 1457 ι
950 1407 1118 1459 Nemo
1154 1409 1293 1459 tollit
1341 1409 1578 1460 animam
1638 1424 1811 1462 meam
1845 1424 1874 1462 a
1914 1426 1997 1463 me
2015 1413 2096 1473 ⁸⁷;
2142 1431 2160 1462 ι

580 1496 872 1562 aliquando
914 1513 1101 1550 rursus
1139 1509 1392 1565 tanquam
1429 1498 1568 1552 Dens
1607 1500 1864 1562 Verbum,
1910 1512 1962 1555 et
1994 1513 2049 1554 ιιι
2075 1503 2164 1572 qui

581 1587 648 1638 tle
677 1585 837 1648 cmlo,
1003 1597 1055 1640 et
1083 1604 1219 1642 unus
1254 1605 1376 1642 Cllltt
1402 1606 1498 1642 sua
1535 1605 1698 1644 carne
1724 1593 2120 1662 inlelligeretur
2151 1612 2162 1646 :

589 1699 605 1728 ι
638 1677 803 1732 Nemo
829 1679 1092 1740 ascendit,
1127 1681 1322 1747 inquit.
1353 1682 1401 1733 in
1438 1683 1654 1745 uelum,
1684 1685 1786 1737 nisi
1822 1687 1910 1752 qui
1937 1687 2165 1740 descen-

583 1769 660 1822 dit
695 1771 761 1824 de
786 1770 945 1834 cmlo,
979 1770 1149 1824 Filius
1180 1772 1413 1825 hominis
1447 1774 1512 1827 ⁸³.
1556 1795 1573 1824 ι
1624 1774 1756 1828 Cum
1800 1777 1962 1845 igitur
1994 1779 2165 1846 ipsum

2259 578 2454 631 εὐωδία
2493 577 2610 630 κατ’
2643 577 2773 629 ἴδιον
2823 575 3003 642 λόγον,
3050 573 3126 635 ὡς
3158 571 3322 640 ἕτερα
3359 569 3456 638 μὲν
3507 567 3660 636 παρὰ
3693 568 3760 617 τὰ
3800 569 3880 618 ἐν

2259 667 2338 734 οἷς
2368 672 2536 722 εἰσιν
2573 669 2680 722 ἴδια
2715 670 2771 722 δὲ
2805 669 2966 722 πάλιν
2995 666 3174 720 αὐτῶν
3205 665 3297 718 καὶ
3324 663 3424 714 οὐκ
3450 661 3703 728 ἀλλότρια
3745 660 3880 711 τῶν

2261 765 2491 833 ἐχόντων
2542 763 2657 814 ἐστὶ
2687 763 2755 814 τὰ
2789 761 3110 830 ἁχωρίστως
3157 754 3533 827 ἐμπεφυκότα,
3582 752 3719 804 κατὰ
3767 752 3878 801 τὸν

2261 857 2444 917 αὑτὸν,
2477 851 2656 922 οἶμαι,
2689 853 2888 922 τρόπον
2924 848 3254 918 λογιούμεθά
3276 865 3330 899 τε
3366 845 3458 898 καὶ
3491 845 3875 911 φρονήσομεν,

2261 948 2355 998 καὶ
2391 946 2481 997 ἐπί
2514 961 2577 1012 γε
2606 943 2701 996 τοῦ
2754 942 3104 1012 Ἐμμανουήλ
3128 958 3139 969 ο
3174 941 3389 1007 ἑτεροῖα
3439 938 3536 1004 μὲν
3578 938 3684 1002 γὰρ
3717 931 3881 984 κατὰ

2264 1041 2360 1106 τὴν
2406 1039 2590 1106 φύσιν.
2639 1037 2827 1104 θεότης
2863 1053 2923 1088 τε
2968 1034 3061 1087 καὶ
3095 1033 3265 1103 σάρξ*
3307 1031 3422 1081 ἀλλ’
3476 1029 3603 1080 ἴδιον
3651 1022 3716 1094 ἦν
3767 1022 3879 1074 τοῦ

2266 1132 2441 1198 Λόγου
2473 1133 2532 1182 τὸ
2570 1131 2761 1198 σῶμα·
2795 1127 2890 1179 τοῦ
2922 1128 2978 1179 δὲ
3029 1124 3281 1194 σώματος
3307 1123 3367 1174 οὐ
3403 1120 3808 1189 κεχωρισμένος
3845 1119 3883 1166 ὁ

2266 1223 2487 1286 ἐνωθεὶς
2543 1220 2694 1290 αὑτῴ
2731 1221 2938 1286 Λόγος’
2988 1221 3163 1269 νοοῖτο
3211 1216 3320 1285 γὰρ
3369 1208 3471 1266 ὧδέ
3527 1229 3578 1263 τε
3625 1212 3715 1262 καὶ
3763 1209 3882 1274 οὐχ

2268 1319 2469 1388 ἑτέρως
2503 1319 2531 1370 ὁ
2577 1314 2950 1386 Ἐμμανουήλ,
2985 1311 3255 1371 τουτέστι,
3291 1309 3425 1363 Μεθ’
3460 1309 3618 1375 ἡμῶν
3649 1310 3676 1357 ὁ
3705 1305 3878 1365 Θεός.

2267 1411 2577 1481 Τοιγάρτοι,
2625 1408 2755 1462 ποτὲ
2792 1408 2891 1477 μὲν
2933 1408 3008 1468 ὡς
3052 1405 3358 1472 ἄνθρωπος.
3397 1403 3490 1454 καὶ
3521 1402 3586 1452 ἐκ
3619 1401 3725 1451 τῶν
3767 1399 3880 1466 τῆς

2268 1505 2550 1566 κενώσεως
2602 1503 2816 1571 μέτρων
2864 1499 3054 1552 ἐαυτὸν
3109 1499 3242 1567 ἡμῖν
3301 1493 3523 1564 ἐμφανῆ
3576 1491 3882 1553 καθιστὰς,

2270 1598 2540 1662 ἔφασκεν
2583 1614 2599 1645 ι
2640 1594 2828 1656 Οὐδεὶς
2855 1594 3002 1662 αῐρει
3033 1592 3132 1659 τὴν
3163 1589 3344 1659 ψυχήν
3377 1604 3478 1657 μου
3519 1586 3613 1636 ἀπ’
3641 1583 3777 1651 ἐμοῦ
3805 1601 3817 1611 ·
3855 1601 3876 1632 ι

2278 1690 2399 1741 ποτὲ
2428 1688 2492 1757 δὴ
2529 1686 2636 1758 [τσ.
2670 1685 2750 1756 δὲ]
2794 1685 2975 1748 πάλιν,
3007 1683 3082 1746 ὡς
3108 1681 3239 1744 Θεὸς
3273 1679 3348 1732 ὣν
3377 1681 3405 1730 ὁ
3436 1679 3626 1744 Λόγος,
3673 1677 3764 1727 καὶ
3813 1674 3887 1737 ἐξ

2274 1777 2502 1849 οῦρανοῦ
2548 1777 2855 1845 νοούμενος,
2892 1777 2985 1828 καὶ
3016 1771 3096 1836 εἷς
3131 1773 3268 1843 μετὰ
3313 1772 3412 1840 τῆς
3465 1770 3601 1830 ἰδίας
3639 1766 3882 1838 σαρκὸς,

585 1859 780 1914 Filium
813 1877 981 1916 sacra:
1011 1863 1225 1916 Littera:
1245 1864 1479 1932 undique
1507 1866 1557 1918 in
1591 1867 1854 1920 unitatem
1893 1869 2170 1937 inStépara-

2288 1892 2299 1919 ι
2332 1839 2522 1931 ὸὺδεὶς
2551 1839 2879 1937 ἁναόέὸηκε,
2913 1866 3098 1935 φησὶν,
3132 1839 3214 1926 είς
3247 1863 3338 1914 τὸν
3367 1839 3618 1930 οὐρανὸν,
3653 1862 3700 1911 εί
3736 1861 3816 1928 μὴ
3851 1862 3886 1911 ὁ

586 1951 747 2006 bilem
778 1968 1069 2023 veramque
1103 1956 1451 2025 conjungaut,
1503 1968 1555 2009 et
1587 1958 1636 2008 in
1668 1973 1829 2011 utmm
1881 1974 2170 2027 personam

587 2044 832 2114 redigant
861 2043 911 2095 iu
937 2044 1077 2108 ﬁde;
1105 2045 1193 2098 hic
1213 2056 1389 2098 tamen
1423 2062 1588 2100 vanus
1608 2048 1767 2101 ltmno
1793 2050 1973 2103 nmltis
2001 2054 2174 2104 modis

588 2135 868 2203 disiungit,
927 2144 980 2188 et
1044 2135 1304 2190 adversus
1373 2139 1547 2205 ipsum
1599 2154 1814 2206 quoque
1889 2141 2169 2194 Christum

593 2240 795 2282 temere
815 2239 1066 2297 ungatur,
1095 2227 1259 2283 Deum
1296 2231 1575 2299 appellans
1619 2233 1744 2286 illud
1776 2250 1839 2287 ex
1875 2233 2034 2290 Patre
2070 2238 2176 2291 Deo

591 2317 849 2384 Verbum,
886 2329 941 2372 ut
985 2321 1201 2387 quidem
1247 2338 1348 2375 suo
1383 2323 1502 2376 loco
1546 2338 1609 2378 ac
1662 2335 1904 2394 tempore
1959 2344 2178 2396 progre—

593 2415 746 2466 diens
768 2415 942 2466 oratio
987 2412 1149 2482 plane
1197 2415 1430 2469 docchit.
1477 2416 1710 2470 Simulat
1758 2419 1906 2472 enim
1951 2435 2009 2474 se
2067 2438 2180 2476 me-

594 2515 764 2568 tuere,
801 2521 864 2557 ne
886 2506 1152 2574 quispiam
1186 2507 1310 2559 dum
1345 2519 1548 2562 sanctae
1585 2508 1827 2577 Virginis
1873 2515 2177 2566 reverentia

594 2601 770 2653 victus
796 2599 938 2651 illam
971 2599 1061 2652 Dei
1089 2601 1406 2669 genitricem
1432 2604 2000 2664 vocat,confusiouem
2021 2615 2181 2673 atque

596 2692 907 2745 mistionem
962 2692 1392 2745 suhstantiarum
1437 2694 1578 2747 inter
1625 2709 1684 2748 se
1722 2695 1920 2748 factam
1960 2711 2177 2764 putans,

596 2783 851 2837 Ecclesia»
881 2785 1128 2852 dogmata
1171 2785 1442 2853 delurpet,
1491 2788 1738 2854 quamvis
1772 2788 1842 2842 ita
1879 2803 2035 2842 nemo
2059 2806 2182 2843 sett-

600 2875 697 2926 tiat
725 2891 736 2926 :
767 2876 859 2927 sed
916 2883 972 2930 ut
1012 2874 1252 2942 corrigat
1285 2876 1513 2939 scilicet,
1562 2885 1618 2929 ut
1657 2877 1774 2945 ipse
1817 2889 1987 2945 putat,
2018 2895 2182 2947 grave

597 2966 698 3019 hoc
731 2966 953 3029 malum,
994 2981 1207 3019 sursum
1243 2967 1493 3020 deorsum
1531 2969 1711 3020 omnia
1760 2971 1971 3033 miscet,
2035 2983 2179 3025 recta

597 3070 832 3123 veraque
865 3058 1132 3111 sententia
1172 3057 1414 3127 neglecm
1455 3076 1466 3110 :
1513 3059 1592 3110 sic
1624 3073 1857 3125 namque
1898 3061 2070 3112 dixit:

2277 1965 2340 2015 ἐκ
2377 1961 2471 2015 τοῦ
2502 1959 2732 2030 οὐρανοῦ
2783 1958 3047 2021 καταὸὰς,
3080 1958 3108 2008 ό
3160 1956 3286 2018 Υἱὸς
3335 1953 3430 2007 τοῦ
3481 1953 3796 2020 ἀνθρώπου.
3860 1971 3881 1999 ο

2280 2051 2619 2120 Πανταχόθεν
2674 2050 2852 2102 τοίνυν
2904 2051 2983 2110 εἰς
3037 2047 3232 2099 ἕνωσιν
3285 2044 3617 2112 ἀδιάτμητόν
3672 2059 3727 2094 τε
3778 2046 3889 2093 καὶ

2277 2144 2452 2213 ἀληθῆ
2501 2143 2810 2203 συνδέοντος
2862 2142 2994 2209 ἡμῖν
3044 2137 3136 2191 τοῦ
3192 2137 3338 2207 ἱεροῦ
3392 2137 3726 2205 Γραμματος
3779 2134 3890 2184 τὸν

2281 2238 2429 2299 Υἱόν,
2465 2235 2557 2288 καὶ
2603 2237 2682 2297 εἰς
2733 2234 3020 2303 πρόσωπον
3053 2232 3112 2283 ἐν
3155 2229 3523 2299 ἀποφέροντος
3573 2229 3630 2279 ἐν
3665 2227 3888 2287 πίστει,

2282 2329 2517 2398 διίστησι
2550 2326 2829 2395 πολλαχῶς
2874 2328 2901 2378 ὁ
2936 2322 3189 2394 περιττὸς
3231 2323 3434 2383 οὑτοσὶ,
3487 2320 3582 2373 καὶ
3627 2320 3891 2386 πεφλυα-

2285 2437 2452 2490 ρηκεν
2491 2419 2612 2486 εἰκῆ
2651 2419 2741 2470 καὶ
2775 2416 2938 2470 αὐτοῦ
2970 2415 3063 2468 τοῦ
3115 2414 3376 2484 Χριστοῦ,
3409 2413 3542 2465 Θεὸν
3589 2410 3830 2479 ὀνομάζω
3855 2427 3895 2462 ν

2281 2513 2374 2565 τὴν
2405 2513 2468 2564 ἐκ
2507 2510 2640 2563 Θεοῦ
2679 2510 2890 2580 Πατρός
2921 2509 3091 2575 Λόγον
3111 2523 3124 2537 ⁸
3155 2506 3405 2574 καθάπερ
3434 2503 3626 2569 ἀμέλει
3667 2501 3893 2572 προῖὼν

2285 2606 2313 2658 ὁ
2359 2605 2515 2672 λόγος
2562 2603 2825 2666 ἐκδιδαξει
2876 2602 3087 2671 σαφῶς,
3119 2601 3195 2662 ὡς
3244 2601 3300 2650 ἐν
3333 2598 3518 2666 οἰκείῳ
3564 2595 3735 2664 καιρῷ
3778 2595 3886 2648 καὶ

2284 2699 2455 2766 τόπῳ.
2499 2695 2929 2749 ’Υποπλάττεται
2965 2694 3061 2763 μέν
3107 2692 3214 2762 γὰρ
3257 2690 3487 2743 δεδιέναι
3520 2689 3594 2758 μὴ
3639 2688 3747 2757 ἄρα
3792 2705 3890 2749 τις

2285 2789 2424 2840 αἰδοῖ
2463 2790 2530 2857 τῇ
2579 2787 2707 2857 περὶ
2740 2786 2838 2855 τὴν
2877 2784 3038 2852 ἁγίαν
3087 2781 3360 2852 Παρθένον
3393 2781 3723 2848 ἡττώμενος,
3761 2773 3894 2830 εἶτα

2285 2880 2548 2931 Θεοτόκον
2572 2880 2741 2949 αὐτὴν
2763 2879 3056 2946 ὀνομάσας,
3083 2875 3296 2945 φυρμὸν
3317 2874 3412 2926 καὶ
3431 2875 3755 2938 ἁνάκρασιν,
3781 2872 3892 2941 τὴν

2285 2974 2364 3033 εἰς
2391 2971 2627 3040 ἀλλήλας
2652 2971 2816 3039 φημὶ,
2842 2969 2951 3021 τῶν
2979 2967 3337 3020 ὐποστάσεων
3359 2963 3612 3031 γενέσθαι
3630 2963 3889 3032 νομίσας,

2286 3063 2394 3114 τῶν
2419 3063 2518 3130 τῆς
2559 3061 2883 3129 Ἑκκλησίας
2914 3060 3200 3130 δογμάτων
3241 3058 3484 3126 καταχέη
3520 3056 3580 3107 τὸ
3609 3054 3851 3113 ἁκαλλές
3877 3071 3889 3082 “

597 3148 772 3199 καίτοι
817 3146 977 3198 τοῦτο
1023 3147 1343 3216 φρονοῦντος
1377 3148 1588 3211 οὐδενός
1614 3166 1625 3180 ο
1665 3149 1983 3219 ἐπανορθῶν
2021 3151 2098 3212 δὲ,
2135 3152 2209 3214 ῶς
2247 3154 2441 3216 οἴεται,
2482 3153 2541 3204 τὸ
2577 3153 2769 3215 δεινὸν,
2804 3153 2915 3206 ἄνω
2946 3167 3004 3203 τε
3040 3153 3135 3205 καὶ
3161 3153 3310 3203 κατω
3348 3151 3414 3200 τα
3452 3150 3629 3200 πάντα
3667 3147 3893 3212 συγχεῖ,

596 3237 705 3290 τῶν
745 3241 824 3301 εἰς
866 3237 1134 3308 ὀρθότητα
1166 3239 1259 3292 καὶ
1293 3239 1550 3309 ἀλήθειαν
1583 3241 1884 3311 ἀφειδήσας
1921 3243 2138 3295 ἐννοιῶν
2161 3259 2174 3272 ·
2212 3243 2317 3313 ἔφη
2348 3245 2454 3314 γὰρ
2489 3243 2662 3305 οὕτως
2685 3259 2698 3273 ο

678 3329 958 3400 [Νεετοιι.
1017 3330 1072 3386 Si
1123 3330 1227 3385 lide
1272 3331 1501 3400 simplici
1555 3332 1836 3401 Deiparam
1885 3337 2181 3402 proferres,
2211 3346 2255 3403 (ζ

602 3422 746 3476 nulla
779 3431 920 3476 esset
949 3423 1091 3491 apud
1121 3438 1205 3476 me
1226 3423 1479 3478 dictionis
1515 3426 1738 3489 invidia,
1777 3425 1929 3480 verbi
1959 3441 2182 3480 sensum

599 3516 979 3586 exquirentem
1008 3535 1021 3569 :
1050 3517 1143 3572 sed
1167 3517 1292 3585 quia
1323 3519 1481 3571 video
1517 3527 1567 3571 te
1603 3529 1867 3586 praetextu
1890 3534 2018 3588 erga
2057 3520 2185 3573 bea-

605 3619 710 3660 tam
735 3605 958 3662 Mariam
984 3608 1231 3672 honoris,
1263 3609 1644 3662 hereticorum
1680 3609 2008 3663 conﬁrmare
2041 3610 2185 3663 blas-

605 3698 902 3765 phemiam,
965 3697 1086 3751 ideo
1127 3697 1378 3751 dictionis
1417 3697 1773 3765 prolationem
1826 3705 1983 3752 caute
2050 3715 2190 3769 pree-

607 3789 813 3851 munio,
853 3802 974 3842 cum
1027 3789 1327 3858 periculum
1382 3790 1432 3841 in
1469 3802 1532 3842 ea
1582 3788 1821 3843 dictione
1876 3790 2050 3844 latens
2099 3806 2189 3844 su-

607 3888 850 3949 spectum
889 3879 1139 3948 habeam.
1178 3878 1230 3932 Id
1277 3889 1334 3932 ut
1365 3879 1566 3932 clarius
1600 3881 1795 3942 dicam,
1826 3888 1879 3932 et
1911 3880 1977 3932 ab
2008 3881 2188 3934 omni-

609 3972 710 4025 hus
753 3971 954 4040 percipi
999 3970 1207 4024 facilius
1239 3971 1430 4037 possit,
1471 3973 1562 4040 qui
1597 3970 1786 4024 Arium
1823 3973 2009 4025 sectati
2042 3981 2187 4036 sunt,

609 4072 661 4116 et
697 4062 1022 4116 Eunomium
1054 4072 1106 4115 et
1136 4062 1558 4130 Apollinarium,
1581 4072 1634 4117 et
1658 4063 1900 4117 omnium
1923 4064 2191 4131 ejusmodi

611 4153 827 4208 familia:
866 4155 1142 4208 hominum
1175 4155 1354 4217 chori,
1417 4153 1740 4208 studuerunt
1785 4153 1878 4207 Dei
1913 4155 2192 4224 genitricis

613 4246 1026 4314 appellationem
1055 4248 1332 4309 invehere,
1370 4255 1428 4299 ut
1469 4245 1612 4299 facta
1645 4246 1920 4313 mistione,
1955 4248 2192 4304 duabus-

613 4353 717 4407 que
745 4337 956 4391 naturis
995 4339 1216 4392 minime
1247 4339 1539 4401 distinctis,
1571 4340 1701 4393 nihil
1731 4356 1796 4394 ex
1832 4341 1915 4395 his
1949 4355 2067 4409 quae
2097 4341 2198 4395 uti-

613 4430 747 4482 liora
785 4438 930 4494 snnt,
974 4429 1039 4482 de
1091 4430 1432 4483 humanitate
1476 4430 1682 4484 dictum
1726 4432 2086 4500 acciperetur,
2133 4447 2196 4487 ac

612 4523 766 4576 locus
799 4521 903 4574 illis
939 4521 1058 4592 'jam
1097 4523 1359 4576 adversus
1388 4523 1558 4592 ipsam
1594 4523 1934 4577 divinitatem
1962 4535 2192 4594 pateret,

617 4624 874 4680 tanquam
925 4613 1105 4665 omnia
1161 4613 1228 4667 ab
1284 4628 1392 4667 uno
1448 4615 1781 4679 dicerentur,
1825 4629 1928 4668 non
1988 4617 2195 4672 ratione

2362 3335 2448 3407 [Ei
2482 3336 2618 3406 μετὰ
2654 3336 2889 3396 πίστεως
2924 3334 3121 3401 ἁπλῆς,
3152 3333 3232 3394 τὸ,
3263 3333 3522 3393 Θεοτόκος
3552 3329 3895 3399 προέφερες,

2291 3429 2392 3480 οὐκ
2423 3429 2486 3480 ἄν
2523 3445 2605 3480 σοι
2641 3428 2738 3495 τῆς
2773 3426 2971 3491 λέξεως
2999 3425 3295 3492 ἐφθόνησα,
3331 3424 3424 3475 τὸν
3460 3423 3583 3474 νοῦν
3615 3420 3899 3486 ἐξετάζων

2293 3517 2384 3568 τοῦ
2417 3518 2678 3586 ῥήματος.
2728 3515 2866 3567 Ἀλλ’
2903 3514 3200 3584 ἐπειδήπερ
3234 3512 3345 3582 όρῶ
3379 3529 3438 3564 σε
3475 3513 3746 3580 προφάσει
3786 3512 3896 3580 τῆς

2296 3610 2422 3678 περὶ
2451 3611 2550 3676 τὴν
2601 3608 2876 3677 μακαρίαν
2931 3606 3151 3676 Μαρίαν
3197 3605 3384 3674 τιμῆς,
3434 3603 3542 3655 τῶν
3587 3601 3896 3671 αῖρετικῶν

2299 3699 2617 3770 βεϐαιοῦντα
2667 3699 2763 3769 τὴν
2795 3698 3164 3767 βλασφημίαν,
3197 3696 3285 3748 διὰ
3317 3693 3475 3747 τοῦτο
3519 3693 3616 3763 τὴν
3659 3692 3756 3762 τῆς
3805 3692 3900 3744 λέ-

2300 3788 2432 3852 ξεως
2483 3788 2762 3857 προφορὰν
2799 3787 3200 3856 ἀσφαλίζομαιο
3233 3785 3324 3838 τὸν
3354 3787 3412 3836 ἐν
3451 3787 3514 3854 τῇ
3564 3784 3704 3849 λέξει
3749 3800 3896 3854 κρυ-

2299 3882 2565 3950 πτόμενον
2600 3881 2841 3932 κίνδυνον
2873 3879 3244 3948 ὑφορώμενος.
3291 3879 3408 3930 ’Ὶνα
3446 3875 3503 3929 δὲ
3547 3875 3676 3929 αὐτὸ
3721 3877 3898 3940 σαφέ-

2301 3992 2508 4044 στερον,
2547 3973 2641 4026 καὶ
2675 3975 2840 4026 πᾶσιν
2880 3971 3275 4040 εῦληπτότερον
3323 3972 3482 4034 εἴπω,
3517 3972 3627 4030 τοῖς
3674 3969 3898 4038 Ἀρείου

2301 4067 2393 4118 καὶ
2441 4065 2727 4134 Εὑνομίου,
2781 4067 2875 4118 καὶ
2921 4063 3351 4133 Ἀπολλιναρίου,
3390 4062 3483 4114 καὶ
3514 4062 3729 4114 πάντων
3777 4063 3900 4125 τοῖς

2300 4160 2480 4228 χοροῖς
2511 4157 2619 4210 τῶν
2645 4161 2742 4228 τῆς
2763 4158 3014 4225 τοιαύτης
3042 4157 3275 4226 φατρίας
3298 4155 3500 4223 σπουδῇ
3525 4155 3631 4224 [ῖσ.
3658 4154 3900 4228 σπουδὴ]

2301 4252 2563 4303 Θεοτόκον
2598 4251 2856 4318 εἰσάγειν,
2887 4251 2959 4312 ὡς
3009 4251 3258 4320 κράσεως
3291 4248 3600 4317 γινομένης,
3638 4249 3730 4299 καὶ
3782 4248 3901 4298 τῶν

2301 4342 2394 4395 δύο
2425 4344 2638 4412 φύσεων
2672 4343 2746 4413 μὴ
2775 4341 3188 4412 διαιρουμένων,
3219 4339 3384 4409 μηδὲν
3404 4337 3513 4390 τῶν
3549 4337 3778 4390 εὐτελῶν
3817 4341 3903 4399 εἰς

2303 4434 2400 4506 τὴν
2440 4436 2834 4507 ἀνθρωπότητα
2870 4433 3278 4502 λαμϐάνεσθαιο
3322 4431 3414 4483 καὶ
3460 4429 3642 4500 χώραν
3693 4430 3901 4491 αὐτοὺς

2304 4529 2489 4584 λοιπὸν
2539 4529 2678 4582 κατὰ
2715 4527 2815 4597 τῆς
2855 4527 3108 4596 θεότητος
3158 4526 3320 4594 ἔχειν,
3373 4524 3448 4585 ὼς
3483 4523 3699 4575 πάντων
3733 4521 3902 4588 λεγο-

2311 4627 2484 4695 μένων
2519 4624 2648 4694 παρ’
2680 4623 2822 4684 ἐνὸς,
2856 4621 2914 4674 οὑ
2949 4619 3092 4673 κατὰ
3142 4619 3240 4688 τὴν
3288 4616 3396 4669 ἀπὸ
3440 4615 3538 4684 τῆς
3597 4613 3904 4678 συναφείας

616 4706 896 4775 dignitatis
943 4719 1009 4760 ex
1061 4706 1175 4776 ipsa
1221 4705 1606 4772 conjunctione
1658 4709 2066 4776 consequentis,
2105 4723 2180 4762 set

2306 4715 2485 4780 ἀξίαν,
2522 4714 2658 4768 ἀλλὰ
2681 4712 2822 4766 κατὰ
2848 4713 2947 4781 τὴν
2983 4709 3162 4778 φύσιν,
3190 4701 3283 4771 Εἷς
3316 4707 3413 4775 μὲν
3443 4704 3550 4776 γὰρ
3577 4707 3602 4757 ὁ
3632 4701 3900 4770 Χριστὸς,

621 4798 790 4866 ipsius
820 4798 1028 4850 ratione
1065 4807 1291 4852 naturai.
1333 4797 1483 4852 Unus
1529 4809 1611 4852 est
1656 4814 1889 4867 namque
1926 4799 2197 4866 Christus,

618 4899 674 4942 et
709 4904 848 4942 unus
883 4889 1162 4953 Dominus,
1213 4889 1306 4942 sed
1347 4890 1398 4943 in
1425 4889 1664 4951 Christo,
1698 4889 1747 4941 in
1791 4890 2088 4957 unigenito,
2119 4890 2201 4943 in-

620 4997 803 5051 quam,
838 4981 994 5048 Filio,
1022 4992 1075 5037 et
1099 4982 1299 5036 Christi
1326 4996 1517 5035 nomen
1546 4992 1598 5034 et
1630 4981 1747 5034 Filii
1787 4997 1928 5035 nunc
1963 4982 2028 5034 de
2059 4983 2198 5036 divi-

622 5077 810 5139 nitate,
842 5091 983 5132 nunc
1032 5079 1098 5131 de
1147 5077 1502 5141 hmnanitate,
1535 5092 1677 5131 nunc
1730 5078 1795 5129 de
1862 5077 2202 5134 humanitate

622 5169 1007 5240 divinitateque
1041 5166 1281 5238 dicitur.]

1287 5306 1436 5361 CAP.
1496 5307 1531 5358 Ι.

705 5442 884 5501 \‘ides,
915 5448 972 5494 ut
1015 5441 1402 5510 multiplicibus
1446 5447 1842 5498 sententiarum
1885 5447 2207 5500 commentis

628 5536 791 5602 impie
825 5534 1089 5598 variatur,
1140 5543 1194 5587 et
1231 5533 1374 5587 illam
1424 5536 1722 5590 secundum
1770 5553 1991 5591 carnem
2046 5551 2206 5606 gene-

628 5632 892 5680 rationem
934 5626 1202 5693 Unigeniti
1240 5643 1342 5678 non
1377 5629 1532 5679 aliter
1569 5628 1798 5680 futuram
1843 5628 2008 5683 fuisse
2045 5645 2204 5682 cona-

705 5807 744 5834 ”
774 5804 927 5860 Joau.
965 5823 1014 5871 κ,
1049 5809 1125 5858 ιδ.
1208 5803 1426 5858 "Joan.
1466 5805 1533 5860 ἓν
1561 5804 1636 5858 15.

2309 4809 2403 4861 καὶ
2433 4802 2511 4870 εἷς
2551 4807 2781 4877 Κύριοςυ
2818 4804 2930 4858 ἀλλ’
2961 4803 3052 4855 ἐπὶ
3089 4800 3182 4853 τοῦ
3222 4797 3485 4868 Χριστοῦ,
3529 4797 3622 4848 ἐπὶ
3662 4793 3753 4847 τοῦ
3794 4811 3899 4863 μο-

2310 4899 2560 4969 νογενοῦς
2599 4897 2742 4965 λέγω
2774 4896 2927 4958 Υίοῦ,
2962 4895 3054 4948 καὶ
3099 4894 3180 4957 τὺ,
3215 4892 3467 4964 Χριστὸς,
3506 4891 3597 4944 καὶ
3627 4891 3706 4951 τὸ,
3744 4888 3900 4951 Υἱὸς,

2312 4993 2441 5046 ποτὲ
2503 4991 2601 5059 μὲν
2648 4989 2740 5041 ἐπὶ
2793 4987 2891 5056 τῆς
2945 4986 3218 5054 θεότητος,
3251 4983 3381 5036 ποτὲ
3419 4982 3472 5034 δὲ
3519 4980 3611 5032 ἐπὶ
3654 4979 3748 5047 τῆς
3797 4980 3901 5031 ἁν-

2310 5083 2675 5154 Ορωπότητος,
2711 5082 2802 5133 καὶ
2843 5079 3092 5148 θεότητος
3125 5077 3235 5148 [ton
3272 5075 3402 5128 ποτὲ
3436 5073 3490 5127 δέ
3527 5074 3618 5126 ἐπὶ
3650 5071 3748 5140 τῆς
3800 5071 3900 5123 civ-

2317 5177 2344 5228 θ
2355 5171 2711 5244 ρωπότητος.]

2916 5303 3164 5355 ΚΕΦΑΛ.
3206 5304 3285 5354 A'.

2397 5443 2555 5512 Ὀρᾷς
2592 5442 2738 5504 ὅπως
2790 5439 3150 5508 πολυτρόποις
3201 5434 3425 5488 ἐννοιῶν
3456 5434 3761 5503 εὑρήμασιν
3797 5434 3890 5485 ἀν-

2315 5535 2474 5596 οσίως
2499 5532 3002 5593 καταποικίλλεται,
3029 5529 3121 5583 καὶ
3142 5527 3238 5597 τὴν
3267 5527 3410 5579 κατὰ
3439 5525 3619 5594 σάρκα
3643 5523 3900 5594 γέννησιν

2317 5629 2410 5680 τοῦ
2442 5624 2796 5694 Μονογενοῦς,
2835 5624 2909 5686 ὡς
2941 5623 3037 5674 οὐκ
3069 5623 3131 5674 ἂν
3173 5622 3373 5690 ἑτέρως
3404 5616 3667 5687 ἐσομένην
3708 5620 3891 5685 nupti-
