  <div class='ocr_page' id='page_1' title='image "/cluster/home/n/w/nwhite01/storage/ocr_20150623/76/ien.35556001661040/044.png"; bbox 0 0 4028 6428; ppageno 0'>
   <div class='ocr_carea' id='block_1_1' title="bbox 136 389 3423 452">
    <p class='ocr_par' dir='ltr' id='par_1_1' title="bbox 136 389 3423 452">
     <span class='ocr_line' id='line_1_1' title="bbox 136 389 3423 452; baseline 0.003 -9"><span class='ocrx_word' id='word_1_1' title='bbox 136 393 193 445; x_wconf 79' lang='lat'><strong>65</strong></span> <span class='ocrx_word' id='word_1_2' title='bbox 1290 389 1660 446; x_wconf 73' lang='lat' dir='ltr'><strong>ADVEﬂSUS</strong></span> <span class='ocrx_word' id='word_1_3' title='bbox 1704 390 2113 448; x_wconf 77' lang='lat' dir='ltr'><strong>NESTORIUM</strong></span> <span class='ocrx_word' id='word_1_4' title='bbox 2160 393 2289 449; x_wconf 76' lang='lat' dir='ltr'><strong>LIB.</strong></span> <span class='ocrx_word' id='word_1_5' title='bbox 2330 392 2393 448; x_wconf 89' lang='grc'><strong>11.</strong></span> <span class='ocrx_word' id='word_1_6' title='bbox 3357 398 3423 452; x_wconf 75' lang='lat'><strong>66</strong></span> 
     </span>
    </p>
   </div>
   <div class='ocr_carea' id='block_1_2' title="bbox 135 510 1728 583">
    <p class='ocr_par' dir='ltr' id='par_1_2' title="bbox 135 510 1728 580">
     <span class='ocr_line' id='line_1_2' title="bbox 135 510 1728 580; baseline 0 -17"><span class='ocrx_word' id='word_1_7' title='bbox 135 529 207 563; x_wconf 76' lang='grc' dir='ltr'><strong>τιι</strong></span> <span class='ocrx_word' id='word_1_8' title='bbox 232 510 531 573; x_wconf 70' lang='grc' dir='ltr'><strong>δεικνύειν,</strong></span> <span class='ocrx_word' id='word_1_9' title='bbox 572 513 621 561; x_wconf 82' lang='grc' dir='ltr'><strong>εἰ</strong></span> <span class='ocrx_word' id='word_1_10' title='bbox 660 510 735 580; x_wconf 86' lang='grc' dir='ltr'><strong>μή</strong></span> <span class='ocrx_word' id='word_1_11' title='bbox 768 527 853 572; x_wconf 86' lang='grc' dir='ltr'><strong>τις</strong></span> <span class='ocrx_word' id='word_1_12' title='bbox 888 514 1097 577; x_wconf 81' lang='grc' dir='ltr'><strong>γένοιτο</strong></span> <span class='ocrx_word' id='word_1_13' title='bbox 1128 510 1234 563; x_wconf 73' lang='grc' dir='ltr'><strong>τῶν</strong></span> <span class='ocrx_word' id='word_1_14' title='bbox 1270 512 1618 563; x_wconf 82' lang='grc' dir='ltr'><strong>ὑποστάσεων</strong></span> <span class='ocrx_word' id='word_1_15' title='bbox 1658 512 1728 574; x_wconf 80' lang='grc' dir='ltr'><strong>είς</strong></span> 
     </span>
    </p>
   </div>
   <div class='ocr_carea' id='block_1_3' title="bbox 1836 510 3423 583">
    <p class='ocr_par' dir='ltr' id='par_1_3' title="bbox 1844 513 3423 583">
     <span class='ocr_line' id='line_1_3' title="bbox 1844 513 3423 583; baseline 0.003 -19"><span class='ocrx_word' id='word_1_16' title='bbox 1844 520 1930 565; x_wconf 90' lang='lat' dir='ltr'><strong>tur</strong></span> <span class='ocrx_word' id='word_1_17' title='bbox 1982 518 2287 577; x_wconf 80' lang='lat' dir='ltr'><strong>ostendere,</strong></span> <span class='ocrx_word' id='word_1_18' title='bbox 2328 515 2431 568; x_wconf 89' lang='lat' dir='ltr'><strong>nisi</strong></span> <span class='ocrx_word' id='word_1_19' title='bbox 2478 514 2656 583; x_wconf 79' lang='lat' dir='ltr'><strong>aliqua</strong></span> <span class='ocrx_word' id='word_1_20' title='bbox 2702 514 3129 569; x_wconf 81' lang='lat' dir='ltr'><strong>substantiarum</strong></span> <span class='ocrx_word' id='word_1_21' title='bbox 3180 513 3321 567; x_wconf 88' lang='lat' dir='ltr'><strong>inter</strong></span> <span class='ocrx_word' id='word_1_22' title='bbox 3364 530 3423 568; x_wconf 83' lang='lat' dir='ltr'><strong>se</strong></span> 
     </span>
    </p>
   </div>
   <div class='ocr_carea' id='block_1_4' title="bbox 135 602 1736 674">
    <p class='ocr_par' dir='ltr' id='par_1_4' title="bbox 135 602 1736 674">
     <span class='ocr_line' id='line_1_4' title="bbox 135 602 1736 674; baseline 0 -19"><span class='ocrx_word' id='word_1_23' title='bbox 135 604 349 673; x_wconf 71' lang='grc' dir='ltr'><strong>ἀλλήλας</strong></span> <span class='ocrx_word' id='word_1_24' title='bbox 407 604 712 671; x_wconf 79' lang='grc' dir='ltr'><strong>ἀνάχυσις,</strong></span> <span class='ocrx_word' id='word_1_25' title='bbox 770 603 944 672; x_wconf 68' lang='grc' dir='ltr'><strong>ἤγουν</strong></span> <span class='ocrx_word' id='word_1_26' title='bbox 994 602 1316 674; x_wconf 79' lang='grc' dir='ltr'><strong>σύγκρασις.</strong></span> <span class='ocrx_word' id='word_1_27' title='bbox 1382 604 1577 656; x_wconf 78' lang='grc' dir='ltr'><strong>Καίτοι</strong></span> <span class='ocrx_word' id='word_1_28' title='bbox 1629 604 1736 655; x_wconf 84' lang='grc' dir='ltr'><strong>τῶν</strong></span> 
     </span>
    </p>
   </div>
   <div class='ocr_carea' id='block_1_5' title="bbox 133 695 1738 767">
    <p class='ocr_par' dir='ltr' id='par_1_5' title="bbox 133 695 1738 767">
     <span class='ocr_line' id='line_1_5' title="bbox 133 695 1738 767; baseline 0.001 -19"><span class='ocrx_word' id='word_1_29' title='bbox 133 697 215 765; x_wconf 78' lang='grc' dir='ltr'><strong>τῆς</strong></span> <span class='ocrx_word' id='word_1_30' title='bbox 258 695 604 764; x_wconf 84' lang='grc' dir='ltr'><strong>Ἐκκλησίας</strong></span> <span class='ocrx_word' id='word_1_31' title='bbox 640 695 989 749; x_wconf 75' lang='grc' dir='ltr'><strong>διδασκάλων</strong></span> <span class='ocrx_word' id='word_1_32' title='bbox 1031 697 1093 749; x_wconf 88' lang='grc' dir='ltr'><strong>οὑ</strong></span> <span class='ocrx_word' id='word_1_33' title='bbox 1137 697 1325 749; x_wconf 86' lang='grc' dir='ltr'><strong>τοῦτον</strong></span> <span class='ocrx_word' id='word_1_34' title='bbox 1381 698 1530 766; x_wconf 79' lang='grc' dir='ltr'><strong>ἡμᾶς</strong></span> <span class='ocrx_word' id='word_1_35' title='bbox 1570 714 1738 767; x_wconf 86' lang='grc' dir='ltr'><strong>μυστ-</strong></span> 
     </span>
    </p>
   </div>
   <div class='ocr_carea' id='block_1_6' title="bbox 136 786 1735 857">
    <p class='ocr_par' dir='ltr' id='par_1_6' title="bbox 136 786 1735 857">
     <span class='ocr_line' id='line_1_6' title="bbox 136 786 1735 857; baseline 0 -18"><span class='ocrx_word' id='word_1_36' title='bbox 136 787 493 854; x_wconf 82' lang='grc' dir='ltr'><strong>αγωγούντων</strong></span> <span class='ocrx_word' id='word_1_37' title='bbox 517 786 616 838; x_wconf 79' lang='grc' dir='ltr'><strong>τὸν</strong></span> <span class='ocrx_word' id='word_1_38' title='bbox 647 787 875 854; x_wconf 80' lang='grc' dir='ltr'><strong>τρόπον’</strong></span> <span class='ocrx_word' id='word_1_39' title='bbox 908 786 1127 840; x_wconf 76' lang='grc' dir='ltr'><strong>σύνοδον</strong></span> <span class='ocrx_word' id='word_1_40' title='bbox 1145 786 1254 857; x_wconf 87' lang='grc' dir='ltr'><strong>γὰρ</strong></span> <span class='ocrx_word' id='word_1_41' title='bbox 1274 787 1449 857; x_wconf 82' lang='grc' dir='ltr'><strong>ἀληθῆ</strong></span> <span class='ocrx_word' id='word_1_42' title='bbox 1480 788 1735 854; x_wconf 81' lang='grc' dir='ltr'><strong>γενέσθαι</strong></span> 
     </span>
    </p>
   </div>
   <div class='ocr_carea' id='block_1_7' title="bbox 132 878 1733 950">
    <p class='ocr_par' dir='ltr' id='par_1_7' title="bbox 132 878 1733 950">
     <span class='ocr_line' id='line_1_7' title="bbox 132 878 1733 950; baseline 0.001 -19"><span class='ocrx_word' id='word_1_43' title='bbox 132 880 315 948; x_wconf 68' lang='grc' dir='ltr'><strong>φαμὲν,</strong></span> <span class='ocrx_word' id='word_1_44' title='bbox 353 878 681 940; x_wconf 79' lang='grc' dir='ltr'><strong>ἑνώσαντος</strong></span> <span class='ocrx_word' id='word_1_45' title='bbox 732 882 835 948; x_wconf 86' lang='grc' dir='ltr'><strong>μὲν</strong></span> <span class='ocrx_word' id='word_1_46' title='bbox 887 880 1066 949; x_wconf 82' lang='grc' dir='ltr'><strong>ἑαυτῷ</strong></span> <span class='ocrx_word' id='word_1_47' title='bbox 1109 878 1200 932; x_wconf 85' lang='grc' dir='ltr'><strong>τοῦ</strong></span> <span class='ocrx_word' id='word_1_48' title='bbox 1236 882 1406 948; x_wconf 80' lang='grc' dir='ltr'><strong>Λόγου</strong></span> <span class='ocrx_word' id='word_1_49' title='bbox 1442 881 1501 933; x_wconf 85' lang='grc' dir='ltr'><strong>τὸ</strong></span> <span class='ocrx_word' id='word_1_50' title='bbox 1552 880 1733 950; x_wconf 81' lang='grc' dir='ltr'><strong>σῶμα,</strong></span> 
     </span>
    </p>
   </div>
   <div class='ocr_carea' id='block_1_8' title="bbox 135 966 1735 1041">
    <p class='ocr_par' dir='ltr' id='par_1_8' title="bbox 135 966 1735 1041">
     <span class='ocr_line' id='line_1_8' title="bbox 135 966 1735 1041; baseline 0.001 -19"><span class='ocrx_word' id='word_1_51' title='bbox 135 971 503 1040; x_wconf 79' lang='grc' dir='ltr'><strong>μεμενηκότος</strong></span> <span class='ocrx_word' id='word_1_52' title='bbox 548 971 607 1022; x_wconf 79' lang='grc' dir='ltr'><strong>δὲ</strong></span> <span class='ocrx_word' id='word_1_53' title='bbox 656 971 799 1041; x_wconf 83' lang='grc' dir='ltr'><strong>ὅπερ</strong></span> <span class='ocrx_word' id='word_1_54' title='bbox 835 966 924 1040; x_wconf 82' lang='grc' dir='ltr'><strong>ἦν.</strong></span> <span class='ocrx_word' id='word_1_55' title='bbox 976 972 1033 1023; x_wconf 90' lang='grc' dir='ltr'>Ὀ</span> <span class='ocrx_word' id='word_1_56' title='bbox 1085 971 1140 1024; x_wconf 89' lang='grc' dir='ltr'><strong>δὲ</strong></span> <span class='ocrx_word' id='word_1_57' title='bbox 1193 972 1302 1024; x_wconf 85' lang='grc' dir='ltr'><strong>τῶν</strong></span> <span class='ocrx_word' id='word_1_58' title='bbox 1348 973 1606 1025; x_wconf 85' lang='grc' dir='ltr'><strong>τοιούτων</strong></span> <span class='ocrx_word' id='word_1_59' title='bbox 1658 973 1735 1036; x_wconf 85' lang='grc' dir='ltr'><strong>είς</strong></span> 
     </span>
    </p>
   </div>
   <div class='ocr_carea' id='block_1_9' title="bbox 130 1062 1735 1137">
    <p class='ocr_par' dir='ltr' id='par_1_9' title="bbox 130 1062 1735 1137">
     <span class='ocr_line' id='line_1_9' title="bbox 130 1062 1735 1137; baseline 0.001 -20"><span class='ocrx_word' id='word_1_60' title='bbox 130 1062 239 1117; x_wconf 75' lang='grc' dir='ltr'><strong>νοῦν</strong></span> <span class='ocrx_word' id='word_1_61' title='bbox 278 1065 422 1133; x_wconf 74' lang='grc' dir='ltr'><strong>ἔχων</strong></span> <span class='ocrx_word' id='word_1_62' title='bbox 456 1064 643 1126; x_wconf 79' lang='grc' dir='ltr'><strong>οὐδὲν,</strong></span> <span class='ocrx_word' id='word_1_63' title='bbox 676 1064 1077 1133; x_wconf 78' lang='grc' dir='ltr'><strong>δεδυσσέὸηκεν</strong></span> <span class='ocrx_word' id='word_1_64' title='bbox 1123 1065 1183 1117; x_wconf 82' lang='grc' dir='ltr'><strong>οὑ</strong></span> <span class='ocrx_word' id='word_1_65' title='bbox 1237 1066 1495 1137; x_wconf 77' lang='grc' dir='ltr'><strong>μετρίοις,</strong></span> <span class='ocrx_word' id='word_1_66' title='bbox 1528 1066 1735 1130; x_wconf 83' lang='grc' dir='ltr'><strong>διῖστὰς</strong></span> 
     </span>
    </p>
   </div>
   <div class='ocr_carea' id='block_1_10' title="bbox 129 1156 1738 1230">
    <p class='ocr_par' dir='ltr' id='par_1_10' title="bbox 129 1156 1738 1230">
     <span class='ocr_line' id='line_1_10' title="bbox 129 1156 1738 1230; baseline 0.001 -22"><span class='ocrx_word' id='word_1_67' title='bbox 129 1158 196 1218; x_wconf 84' lang='grc' dir='ltr'><strong>είς</strong></span> <span class='ocrx_word' id='word_1_68' title='bbox 222 1156 316 1208; x_wconf 88' lang='grc' dir='ltr'><strong>δύο</strong></span> <span class='ocrx_word' id='word_1_69' title='bbox 348 1156 642 1225; x_wconf 79' lang='grc' dir='ltr'><strong>πρόσωπά</strong></span> <span class='ocrx_word' id='word_1_70' title='bbox 675 1172 757 1220; x_wconf 87' lang='grc' dir='ltr'><strong>τε,</strong></span> <span class='ocrx_word' id='word_1_71' title='bbox 792 1156 889 1208; x_wconf 75' lang='grc' dir='ltr'><strong>καὶ</strong></span> <span class='ocrx_word' id='word_1_72' title='bbox 924 1157 1269 1221; x_wconf 81' lang='grc' dir='ltr'><strong>ὑποστάσεις,</strong></span> <span class='ocrx_word' id='word_1_73' title='bbox 1295 1158 1604 1230; x_wconf 84' lang='grc' dir='ltr'><strong>ὁλοτρόπως</strong></span> <span class='ocrx_word' id='word_1_74' title='bbox 1642 1157 1738 1211; x_wconf 84' lang='grc' dir='ltr'><strong>ἀλ-</strong></span> 
     </span>
    </p>
   </div>
   <div class='ocr_carea' id='block_1_11' title="bbox 127 1245 1733 1319">
    <p class='ocr_par' dir='ltr' id='par_1_11' title="bbox 127 1245 1733 1319">
     <span class='ocr_line' id='line_1_11' title="bbox 127 1245 1733 1319; baseline 0.001 -22"><span class='ocrx_word' id='word_1_75' title='bbox 127 1246 289 1315; x_wconf 74' lang='grc' dir='ltr'><strong>λήλων</strong></span> <span class='ocrx_word' id='word_1_76' title='bbox 343 1246 729 1316; x_wconf 82' lang='grc' dir='ltr'><strong>διῃρημένας,</strong></span> <span class='ocrx_word' id='word_1_77' title='bbox 787 1246 1028 1317; x_wconf 75' lang='grc' dir='ltr'><strong>ἑκατέρᾳ</strong></span> <span class='ocrx_word' id='word_1_78' title='bbox 1075 1262 1134 1298; x_wconf 88' lang='grc' dir='ltr'><strong>τε</strong></span> <span class='ocrx_word' id='word_1_79' title='bbox 1185 1245 1375 1313; x_wconf 80' lang='grc' dir='ltr'><strong>λόγους</strong></span> <span class='ocrx_word' id='word_1_80' title='bbox 1418 1248 1544 1308; x_wconf 84' lang='grc' dir='ltr'><strong>τοὺς</strong></span> <span class='ocrx_word' id='word_1_81' title='bbox 1597 1247 1733 1319; x_wconf 79' lang='grc' dir='ltr'><strong>αὑτῇ</strong></span> 
     </span>
    </p>
   </div>
   <div class='ocr_carea' id='block_1_12' title="bbox 128 1336 1737 1408">
    <p class='ocr_par' dir='ltr' id='par_1_12' title="bbox 128 1336 1737 1408">
     <span class='ocr_line' id='line_1_12' title="bbox 128 1336 1737 1408; baseline 0.004 -23"><span class='ocrx_word' id='word_1_82' title='bbox 128 1338 436 1405; x_wconf 81' lang='grc' dir='ltr'><strong>πρέποντας</strong></span> <span class='ocrx_word' id='word_1_83' title='bbox 487 1337 777 1400; x_wconf 77' lang='grc' dir='ltr'><strong>ἀνατιθεὶς</strong></span> <span class='ocrx_word' id='word_1_84' title='bbox 839 1336 1041 1400; x_wconf 85' lang='grc' dir='ltr'><strong>ίδικῶς.</strong></span> <span class='ocrx_word' id='word_1_85' title='bbox 1098 1337 1208 1389; x_wconf 74' lang='grc' dir='ltr'><strong>Καὶ</strong></span> <span class='ocrx_word' id='word_1_86' title='bbox 1264 1337 1427 1391; x_wconf 82' lang='grc' dir='ltr'><strong>πάλιν</strong></span> <span class='ocrx_word' id='word_1_87' title='bbox 1461 1339 1557 1391; x_wconf 76' lang='grc' dir='ltr'><strong>ἕνα</strong></span> <span class='ocrx_word' id='word_1_88' title='bbox 1602 1340 1737 1408; x_wconf 58' lang='grc' dir='ltr'><strong>φησί⁵</strong></span> 
     </span>
    </p>
   </div>
   <div class='ocr_carea' id='block_1_13' title="bbox 128 1425 1737 1497">
    <p class='ocr_par' dir='ltr' id='par_1_13' title="bbox 128 1425 1737 1497">
     <span class='ocr_line' id='line_1_13' title="bbox 128 1425 1737 1497; baseline -0.002 -18"><span class='ocrx_word' id='word_1_89' title='bbox 128 1428 350 1497; x_wconf 83' lang='grc' dir='ltr'><strong>Χριστὸν</strong></span> <span class='ocrx_word' id='word_1_90' title='bbox 404 1426 628 1497; x_wconf 86' lang='grc' dir='ltr'><strong>Ἰησοῦν</strong></span> <span class='ocrx_word' id='word_1_91' title='bbox 661 1428 889 1496; x_wconf 80' lang='grc' dir='ltr'><strong>Κύριον,</strong></span> <span class='ocrx_word' id='word_1_92' title='bbox 923 1425 999 1489; x_wconf 82' lang='grc' dir='ltr'><strong>ὡς</strong></span> <span class='ocrx_word' id='word_1_93' title='bbox 1035 1425 1323 1495; x_wconf 84' lang='grc' dir='ltr'><strong>ἀνθρώπου</strong></span> <span class='ocrx_word' id='word_1_94' title='bbox 1373 1425 1492 1496; x_wconf 80' lang='grc' dir='ltr'><strong>Θεῷ</strong></span> <span class='ocrx_word' id='word_1_95' title='bbox 1534 1442 1737 1495; x_wconf 85' lang='grc' dir='ltr'><strong>συνημ-</strong></span> 
     </span>
    </p>
   </div>
   <div class='ocr_carea' id='block_1_14' title="bbox 129 1517 1733 1589">
    <p class='ocr_par' dir='ltr' id='par_1_14' title="bbox 129 1517 1733 1589">
     <span class='ocr_line' id='line_1_14' title="bbox 129 1517 1733 1589; baseline 0 -18"><span class='ocrx_word' id='word_1_96' title='bbox 129 1522 276 1588; x_wconf 75' lang='grc' dir='ltr'><strong>μένου</strong></span> <span class='ocrx_word' id='word_1_97' title='bbox 311 1520 465 1573; x_wconf 78' lang='grc' dir='ltr'><strong>κατὰ</strong></span> <span class='ocrx_word' id='word_1_98' title='bbox 504 1520 681 1589; x_wconf 86' lang='grc' dir='ltr'><strong>μόνην</strong></span> <span class='ocrx_word' id='word_1_99' title='bbox 715 1519 816 1589; x_wconf 77' lang='grc' dir='ltr'><strong>τὴν</strong></span> <span class='ocrx_word' id='word_1_100' title='bbox 850 1520 1029 1584; x_wconf 80' lang='grc' dir='ltr'><strong>ἀξίαν,</strong></span> <span class='ocrx_word' id='word_1_101' title='bbox 1061 1518 1121 1569; x_wconf 87' lang='grc' dir='ltr'><strong>οὑ</strong></span> <span class='ocrx_word' id='word_1_102' title='bbox 1157 1519 1277 1569; x_wconf 82' lang='grc' dir='ltr'><strong>καθ’</strong></span> <span class='ocrx_word' id='word_1_103' title='bbox 1309 1518 1502 1569; x_wconf 80' lang='grc' dir='ltr'><strong>ἕνωσιν</strong></span> <span class='ocrx_word' id='word_1_104' title='bbox 1536 1517 1733 1588; x_wconf 81' lang='grc' dir='ltr'><strong>ἀληθῆ,</strong></span> 
     </span>
    </p>
   </div>
   <div class='ocr_carea' id='block_1_15' title="bbox 126 1606 1737 1683">
    <p class='ocr_par' dir='ltr' id='par_1_15' title="bbox 126 1606 1737 1683">
     <span class='ocr_line' id='line_1_15' title="bbox 126 1606 1737 1683; baseline -0.001 -20"><span class='ocrx_word' id='word_1_105' title='bbox 126 1613 384 1675; x_wconf 81' lang='grc' dir='ltr'><strong>τουτέστι,</strong></span> <span class='ocrx_word' id='word_1_106' title='bbox 442 1612 552 1683; x_wconf 78' lang='grc' dir='ltr'><strong>τὴν</strong></span> <span class='ocrx_word' id='word_1_107' title='bbox 607 1613 752 1665; x_wconf 82' lang='grc' dir='ltr'><strong>κατὰ</strong></span> <span class='ocrx_word' id='word_1_108' title='bbox 804 1611 989 1680; x_wconf 80' lang='grc' dir='ltr'><strong>φύσιν.</strong></span> <span class='ocrx_word' id='word_1_109' title='bbox 1041 1611 1160 1673; x_wconf 85' lang='grc' dir='ltr'><strong>Πῶς</strong></span> <span class='ocrx_word' id='word_1_110' title='bbox 1196 1606 1288 1663; x_wconf 83' lang='grc' dir='ltr'><strong>οῦν</strong></span> <span class='ocrx_word' id='word_1_111' title='bbox 1320 1613 1436 1661; x_wconf 87' lang='grc' dir='ltr'><strong>ὲστι</strong></span> <span class='ocrx_word' id='word_1_112' title='bbox 1474 1609 1581 1681; x_wconf 78' lang='grc' dir='ltr'><strong>[ἵσ.</strong></span> <span class='ocrx_word' id='word_1_113' title='bbox 1618 1610 1737 1673; x_wconf 81' lang='grc' dir='ltr'><strong>πῶς</strong></span> 
     </span>
    </p>
   </div>
   <div class='ocr_carea' id='block_1_16' title="bbox 127 1697 1736 1774">
    <p class='ocr_par' dir='ltr' id='par_1_16' title="bbox 127 1697 1736 1774">
     <span class='ocr_line' id='line_1_16' title="bbox 127 1697 1736 1774; baseline -0.003 -18"><span class='ocrx_word' id='word_1_114' title='bbox 127 1700 207 1757; x_wconf 69' lang='grc' dir='ltr'><strong>οὖν</strong></span> <span class='ocrx_word' id='word_1_115' title='bbox 238 1697 320 1766; x_wconf 78' lang='grc' dir='ltr'><strong>εἷς</strong></span> <span class='ocrx_word' id='word_1_116' title='bbox 365 1700 521 1774; x_wconf 71' lang='grc' dir='ltr'><strong>ἐστι]</strong></span> <span class='ocrx_word' id='word_1_117' title='bbox 579 1701 823 1772; x_wconf 83' lang='grc' dir='ltr'><strong>Χριστὸς</strong></span> <span class='ocrx_word' id='word_1_118' title='bbox 871 1701 964 1752; x_wconf 78' lang='grc' dir='ltr'><strong>καὶ</strong></span> <span class='ocrx_word' id='word_1_119' title='bbox 1016 1699 1140 1763; x_wconf 82' lang='grc' dir='ltr'><strong>Υἱὸς</strong></span> <span class='ocrx_word' id='word_1_120' title='bbox 1188 1700 1249 1751; x_wconf 87' lang='grc' dir='ltr'><strong>τὸ</strong></span> <span class='ocrx_word' id='word_1_121' title='bbox 1300 1698 1522 1768; x_wconf 83' lang='grc' dir='ltr'><strong>Κύριος,</strong></span> <span class='ocrx_word' id='word_1_122' title='bbox 1578 1699 1736 1770; x_wconf 78' lang='grc' dir='ltr'><strong>εἴπερ</strong></span> 
     </span>
    </p>
   </div>
   <div class='ocr_carea' id='block_1_17' title="bbox 126 1787 1733 1867">
    <p class='ocr_par' dir='ltr' id='par_1_17' title="bbox 126 1787 1733 1867">
     <span class='ocr_line' id='line_1_17' title="bbox 126 1787 1733 1867; baseline -0.003 -19"><span class='ocrx_word' id='word_1_123' title='bbox 126 1799 315 1866; x_wconf 58' lang='grc' dir='ltr'><strong>ἁμσοῑν</strong></span> <span class='ocrx_word' id='word_1_124' title='bbox 364 1796 479 1849; x_wconf 76' lang='grc' dir='ltr'><strong>ἀνά</strong></span> <span class='ocrx_word' id='word_1_125' title='bbox 536 1796 706 1867; x_wconf 80' lang='grc' dir='ltr'><strong>μέρος</strong></span> <span class='ocrx_word' id='word_1_126' title='bbox 739 1794 1036 1863; x_wconf 83' lang='grc' dir='ltr'><strong>ἀρμόσειεν</strong></span> <span class='ocrx_word' id='word_1_127' title='bbox 1067 1792 1152 1855; x_wconf 81' lang='grc' dir='ltr'><strong>ἂν,</strong></span> <span class='ocrx_word' id='word_1_128' title='bbox 1186 1792 1263 1855; x_wconf 80' lang='grc' dir='ltr'><strong>ὡς</strong></span> <span class='ocrx_word' id='word_1_129' title='bbox 1302 1791 1459 1861; x_wconf 68' lang='grc' dir='ltr'><strong>ἔφης,</strong></span> <span class='ocrx_word' id='word_1_130' title='bbox 1512 1791 1591 1853; x_wconf 76' lang='grc' dir='ltr'><strong>τὸ,</strong></span> <span class='ocrx_word' id='word_1_131' title='bbox 1629 1787 1733 1843; x_wconf 80' lang='grc' dir='ltr'><strong>ὧδέ</strong></span> 
     </span>
    </p>
   </div>
   <div class='ocr_carea' id='block_1_18' title="bbox 124 1869 1807 1957">
    <p class='ocr_par' dir='ltr' id='par_1_18' title="bbox 124 1869 1807 1957">
     <span class='ocr_line' id='line_1_18' title="bbox 124 1869 1807 1957; baseline -0.005 -17"><span class='ocrx_word' id='word_1_132' title='bbox 124 1907 173 1940; x_wconf 82' lang='grc' dir='ltr'><strong>τε</strong></span> <span class='ocrx_word' id='word_1_133' title='bbox 202 1887 721 1957; x_wconf 76' lang='grc' dir='ltr'><strong>κατονομάζεσθαι,</strong></span> <span class='ocrx_word' id='word_1_134' title='bbox 758 1888 853 1939; x_wconf 65' lang='grc' dir='ltr'><strong>καλ⁸</strong></span> <span class='ocrx_word' id='word_1_135' title='bbox 887 1882 1027 1939; x_wconf 69' lang='grc' dir='ltr'><strong>εἶναι</strong></span> <span class='ocrx_word' id='word_1_136' title='bbox 1056 1884 1197 1937; x_wconf 87' lang='grc' dir='ltr'><strong>κατὰ</strong></span> <span class='ocrx_word' id='word_1_137' title='bbox 1226 1884 1503 1954; x_wconf 84' lang='grc' dir='ltr'><strong>ἀλήθειαν,</strong></span> <span class='ocrx_word' id='word_1_138' title='bbox 1534 1883 1621 1935; x_wconf 81' lang='grc' dir='ltr'><strong>διά</strong></span> <span class='ocrx_word' id='word_1_139' title='bbox 1651 1899 1731 1933; x_wconf 91' lang='grc' dir='ltr'><strong>τοι</strong></span> <span class='ocrx_word' id='word_1_140' title='bbox 1764 1869 1807 1924; x_wconf 74' lang='grc' dir='ltr'>Β</span> 
     </span>
    </p>
   </div>
   <div class='ocr_carea' id='block_1_19' title="bbox 123 1972 1732 2051">
    <p class='ocr_par' dir='ltr' id='par_1_19' title="bbox 123 1972 1732 2051">
     <span class='ocr_line' id='line_1_19' title="bbox 123 1972 1732 2051; baseline -0.005 -19"><span class='ocrx_word' id='word_1_141' title='bbox 123 1985 173 2033; x_wconf 68' lang='grc' dir='ltr'><strong>τὸ</strong></span> <span class='ocrx_word' id='word_1_142' title='bbox 223 1981 519 2051; x_wconf 77' lang='grc' dir='ltr'><strong>συμϐῆναι</strong></span> <span class='ocrx_word' id='word_1_143' title='bbox 574 1980 699 2033; x_wconf 83' lang='grc' dir='ltr'><strong>καθ’</strong></span> <span class='ocrx_word' id='word_1_144' title='bbox 735 1979 931 2031; x_wconf 79' lang='grc' dir='ltr'><strong>ἕνωσιν</strong></span> <span class='ocrx_word' id='word_1_145' title='bbox 976 1978 1174 2046; x_wconf 81' lang='grc' dir='ltr'><strong>ἥκιστα</strong></span> <span class='ocrx_word' id='word_1_146' title='bbox 1206 1976 1302 2045; x_wconf 86' lang='grc' dir='ltr'><strong>μὲν</strong></span> <span class='ocrx_word' id='word_1_147' title='bbox 1340 1975 1585 2043; x_wconf 81' lang='grc' dir='ltr'><strong>ἀλλήλων</strong></span> <span class='ocrx_word' id='word_1_148' title='bbox 1633 1972 1732 2036; x_wconf 88' lang='grc' dir='ltr'><strong>τάς</strong></span> 
     </span>
    </p>
   </div>
   <div class='ocr_carea' id='block_1_20' title="bbox 125 2066 1732 2138">
    <p class='ocr_par' dir='ltr' id='par_1_20' title="bbox 125 2066 1732 2138">
     <span class='ocr_line' id='line_1_20' title="bbox 125 2066 1732 2138; baseline -0.004 -14"><span class='ocrx_word' id='word_1_149' title='bbox 125 2074 476 2135; x_wconf 62' lang='grc' dir='ltr'><strong>ὑποστάσεις,</strong></span> <span class='ocrx_word' id='word_1_150' title='bbox 514 2070 776 2124; x_wconf 82' lang='grc' dir='ltr'><strong>ἑνοῦσθαι</strong></span> <span class='ocrx_word' id='word_1_151' title='bbox 811 2070 867 2121; x_wconf 82' lang='grc' dir='ltr'><strong>δὲ</strong></span> <span class='ocrx_word' id='word_1_152' title='bbox 899 2069 1042 2121; x_wconf 81' lang='grc' dir='ltr'><strong>κατά</strong></span> <span class='ocrx_word' id='word_1_153' title='bbox 1074 2068 1241 2138; x_wconf 84' lang='grc' dir='ltr'><strong>μόνην</strong></span> <span class='ocrx_word' id='word_1_154' title='bbox 1268 2068 1368 2138; x_wconf 83' lang='grc' dir='ltr'><strong>τὴν</strong></span> <span class='ocrx_word' id='word_1_155' title='bbox 1401 2066 1581 2132; x_wconf 82' lang='grc' dir='ltr'><strong>ἀξίαν,</strong></span> <span class='ocrx_word' id='word_1_156' title='bbox 1613 2068 1732 2137; x_wconf 71' lang='grc' dir='ltr'><strong>ἦτοι</strong></span> 
     </span>
    </p>
   </div>
   <div class='ocr_carea' id='block_1_21' title="bbox 125 2159 1732 2235">
    <p class='ocr_par' dir='ltr' id='par_1_21' title="bbox 125 2159 1732 2235">
     <span class='ocr_line' id='line_1_21' title="bbox 125 2159 1732 2235; baseline -0.002 -22"><span class='ocrx_word' id='word_1_157' title='bbox 125 2170 207 2235; x_wconf 61' lang='grc' dir='ltr'><strong>τὴν</strong></span> <span class='ocrx_word' id='word_1_158' title='bbox 251 2164 589 2226; x_wconf 73' lang='grc' dir='ltr'><strong>αὑθεντίαν,</strong></span> <span class='ocrx_word' id='word_1_159' title='bbox 644 2164 818 2232; x_wconf 73' lang='grc' dir='ltr'><strong>ἥγουν</strong></span> <span class='ocrx_word' id='word_1_160' title='bbox 857 2161 1137 2227; x_wconf 76' lang='grc' dir='ltr'><strong>ἐξουσίαν·</strong></span> <span class='ocrx_word' id='word_1_161' title='bbox 1193 2161 1293 2213; x_wconf 80' lang='grc' dir='ltr'><strong>κᾶν</strong></span> <span class='ocrx_word' id='word_1_162' title='bbox 1338 2176 1421 2211; x_wconf 89' lang='grc' dir='ltr'><strong>τοι</strong></span> <span class='ocrx_word' id='word_1_163' title='bbox 1471 2159 1571 2222; x_wconf 83' lang='grc' dir='ltr'><strong>τὰς</strong></span> <span class='ocrx_word' id='word_1_164' title='bbox 1621 2159 1732 2211; x_wconf 82' lang='grc' dir='ltr'><strong>τῶν</strong></span> 
     </span>
    </p>
   </div>
   <div class='ocr_carea' id='block_1_22' title="bbox 128 2252 1729 2326">
    <p class='ocr_par' dir='ltr' id='par_1_22' title="bbox 128 2252 1729 2326">
     <span class='ocr_line' id='line_1_22' title="bbox 128 2252 1729 2326; baseline -0.003 -18"><span class='ocrx_word' id='word_1_165' title='bbox 128 2259 473 2326; x_wconf 73' lang='grc' dir='ltr'><strong>πραγμάτων</strong></span> <span class='ocrx_word' id='word_1_166' title='bbox 517 2252 1117 2325; x_wconf 80' lang='grc' dir='ltr'><strong>πολυπραγμονοῦντες</strong></span> <span class='ocrx_word' id='word_1_167' title='bbox 1162 2252 1376 2321; x_wconf 82' lang='grc' dir='ltr'><strong>φύσεις,</strong></span> <span class='ocrx_word' id='word_1_168' title='bbox 1407 2255 1476 2305; x_wconf 79' lang='grc' dir='ltr'><strong>τὰ</strong></span> <span class='ocrx_word' id='word_1_169' title='bbox 1522 2253 1581 2302; x_wconf 84' lang='grc' dir='ltr'><strong>ἐν</strong></span> <span class='ocrx_word' id='word_1_170' title='bbox 1619 2252 1729 2303; x_wconf 85' lang='grc' dir='ltr'><strong>ίσό-</strong></span> 
     </span>
    </p>
   </div>
   <div class='ocr_carea' id='block_1_23' title="bbox 128 2343 1730 2416">
    <p class='ocr_par' dir='ltr' id='par_1_23' title="bbox 128 2343 1730 2416">
     <span class='ocr_line' id='line_1_23' title="bbox 128 2343 1730 2416; baseline -0.001 -19"><span class='ocrx_word' id='word_1_171' title='bbox 128 2366 231 2416; x_wconf 74' lang='grc' dir='ltr'><strong>τητι</strong></span> <span class='ocrx_word' id='word_1_172' title='bbox 267 2348 376 2416; x_wconf 82' lang='grc' dir='ltr'><strong>τῆς</strong></span> <span class='ocrx_word' id='word_1_173' title='bbox 415 2347 609 2413; x_wconf 80' lang='grc' dir='ltr'><strong>ἀξίας,</strong></span> <span class='ocrx_word' id='word_1_174' title='bbox 651 2347 712 2398; x_wconf 85' lang='grc' dir='ltr'><strong>οὑ</strong></span> <span class='ocrx_word' id='word_1_175' title='bbox 747 2346 952 2416; x_wconf 82' lang='grc' dir='ltr'><strong>ταύτης</strong></span> <span class='ocrx_word' id='word_1_176' title='bbox 985 2346 1147 2399; x_wconf 75' lang='grc' dir='ltr'><strong>ἕνεκα</strong></span> <span class='ocrx_word' id='word_1_177' title='bbox 1184 2345 1280 2415; x_wconf 84' lang='grc' dir='ltr'><strong>τῆς</strong></span> <span class='ocrx_word' id='word_1_178' title='bbox 1316 2345 1496 2407; x_wconf 75' lang='grc' dir='ltr'><strong>αἰτίας</strong></span> <span class='ocrx_word' id='word_1_179' title='bbox 1527 2343 1730 2396; x_wconf 79' lang='grc' dir='ltr'><strong>ἀποϐε-</strong></span> 
     </span>
    </p>
   </div>
   <div class='ocr_carea' id='block_1_24' title="bbox 122 2436 1729 2508">
    <p class='ocr_par' dir='ltr' id='par_1_24' title="bbox 122 2436 1729 2508">
     <span class='ocr_line' id='line_1_24' title="bbox 122 2436 1729 2508; baseline 0.001 -20"><span class='ocrx_word' id='word_1_180' title='bbox 122 2441 353 2508; x_wconf 71' lang='grc' dir='ltr'><strong>ὅληκότα</strong></span> <span class='ocrx_word' id='word_1_181' title='bbox 394 2438 870 2508; x_wconf 81' lang='grc' dir='ltr'><strong>καταθρήσαιμεν</strong></span> <span class='ocrx_word' id='word_1_182' title='bbox 917 2436 984 2491; x_wconf 82' lang='grc' dir='ltr'><strong>ἂν</strong></span> <span class='ocrx_word' id='word_1_183' title='bbox 1018 2438 1080 2489; x_wconf 85' lang='grc' dir='ltr'><strong>τὸ</strong></span> <span class='ocrx_word' id='word_1_184' title='bbox 1118 2438 1387 2508; x_wconf 78' lang='grc' dir='ltr'><strong>ὑπάρχειν</strong></span> <span class='ocrx_word' id='word_1_185' title='bbox 1430 2436 1729 2490; x_wconf 81' lang='grc' dir='ltr'><strong>ίδιοσυστά·</strong></span> 
     </span>
    </p>
   </div>
   <div class='ocr_carea' id='block_1_25' title="bbox 121 2528 1728 2601">
    <p class='ocr_par' dir='ltr' id='par_1_25' title="bbox 121 2528 1728 2601">
     <span class='ocr_line' id='line_1_25' title="bbox 121 2528 1728 2601; baseline -0.003 -18"><span class='ocrx_word' id='word_1_186' title='bbox 121 2551 231 2593; x_wconf 82' lang='grc' dir='ltr'><strong>τως.</strong></span> <span class='ocrx_word' id='word_1_187' title='bbox 295 2531 450 2584; x_wconf 77' lang='grc' dir='ltr'><strong>Οῦτι</strong></span> <span class='ocrx_word' id='word_1_188' title='bbox 508 2531 621 2601; x_wconf 78' lang='grc' dir='ltr'><strong>μὴν</strong></span> <span class='ocrx_word' id='word_1_189' title='bbox 677 2531 737 2583; x_wconf 80' lang='grc' dir='ltr'><strong>τὸ</strong></span> <span class='ocrx_word' id='word_1_190' title='bbox 793 2532 1092 2600; x_wconf 73' lang='grc' dir='ltr'><strong>ἰσομοιρεῖν</strong></span> <span class='ocrx_word' id='word_1_191' title='bbox 1141 2531 1221 2592; x_wconf 85' lang='grc' dir='ltr'><strong>εις</strong></span> <span class='ocrx_word' id='word_1_192' title='bbox 1271 2528 1450 2592; x_wconf 84' lang='grc' dir='ltr'><strong>δόξαν,</strong></span> <span class='ocrx_word' id='word_1_193' title='bbox 1504 2528 1728 2597; x_wconf 81' lang='grc' dir='ltr'><strong>ἀρκέσει</strong></span> 
     </span>
    </p>
   </div>
   <div class='ocr_carea' id='block_1_26' title="bbox 122 2620 1728 2695">
    <p class='ocr_par' dir='ltr' id='par_1_26' title="bbox 122 2620 1728 2695">
     <span class='ocr_line' id='line_1_26' title="bbox 122 2620 1728 2695; baseline -0.004 -20"><span class='ocrx_word' id='word_1_194' title='bbox 122 2628 241 2695; x_wconf 75' lang='grc' dir='ltr'><strong>πρὸς</strong></span> <span class='ocrx_word' id='word_1_195' title='bbox 277 2626 491 2677; x_wconf 74' lang='grc' dir='ltr'><strong>ἕνωσιν</strong></span> <span class='ocrx_word' id='word_1_196' title='bbox 515 2640 531 2655; x_wconf 86' lang='grc'><strong>·</strong></span> <span class='ocrx_word' id='word_1_197' title='bbox 570 2620 682 2675; x_wconf 74' lang='grc' dir='ltr'><strong>οἶόν</strong></span> <span class='ocrx_word' id='word_1_198' title='bbox 714 2623 768 2675; x_wconf 87' lang='grc' dir='ltr'><strong>τί</strong></span> <span class='ocrx_word' id='word_1_199' title='bbox 803 2640 978 2692; x_wconf 65' lang='grc' dir='ltr'><strong>φημν</strong></span> <span class='ocrx_word' id='word_1_200' title='bbox 1003 2622 1208 2692; x_wconf 84' lang='grc' dir='ltr'><strong>Πέτρος</strong></span> <span class='ocrx_word' id='word_1_201' title='bbox 1234 2638 1291 2675; x_wconf 87' lang='grc' dir='ltr'><strong>τε</strong></span> <span class='ocrx_word' id='word_1_202' title='bbox 1323 2622 1414 2672; x_wconf 71' lang='grc' dir='ltr'><strong>καὶ</strong></span> <span class='ocrx_word' id='word_1_203' title='bbox 1454 2622 1728 2688; x_wconf 81' lang='grc' dir='ltr'><strong>Ἰωάννης,</strong></span> 
     </span>
    </p>
   </div>
   <div class='ocr_carea' id='block_1_27' title="bbox 119 2714 1732 2787">
    <p class='ocr_par' dir='ltr' id='par_1_27' title="bbox 119 2714 1732 2787">
     <span class='ocr_line' id='line_1_27' title="bbox 119 2714 1732 2787; baseline -0.003 -18"><span class='ocrx_word' id='word_1_204' title='bbox 119 2720 273 2786; x_wconf 36' lang='lat' dir='ltr'><strong>ign;</strong></span> <span class='ocrx_word' id='word_1_205' title='bbox 310 2718 423 2787; x_wconf 81' lang='grc' dir='ltr'><strong>μὲν</strong></span> <span class='ocrx_word' id='word_1_206' title='bbox 455 2719 637 2787; x_wconf 70' lang='grc' dir='ltr'><strong>ἤστην</strong></span> <span class='ocrx_word' id='word_1_207' title='bbox 688 2714 978 2767; x_wconf 85' lang='grc' dir='ltr'><strong>ἀπόστολοί</strong></span> <span class='ocrx_word' id='word_1_208' title='bbox 1021 2732 1078 2766; x_wconf 89' lang='grc' dir='ltr'><strong>τε</strong></span> <span class='ocrx_word' id='word_1_209' title='bbox 1130 2716 1223 2766; x_wconf 78' lang='grc' dir='ltr'><strong>καὶ</strong></span> <span class='ocrx_word' id='word_1_210' title='bbox 1267 2715 1434 2781; x_wconf 77' lang='grc' dir='ltr'><strong>ἅγιοι,</strong></span> <span class='ocrx_word' id='word_1_211' title='bbox 1473 2714 1567 2765; x_wconf 76' lang='grc' dir='ltr'><strong>καὶ</strong></span> <span class='ocrx_word' id='word_1_212' title='bbox 1611 2716 1732 2775; x_wconf 80' lang='grc' dir='ltr'><strong>ταῖς</strong></span> 
     </span>
    </p>
   </div>
   <div class='ocr_carea' id='block_1_28' title="bbox 121 2806 1731 2881">
    <p class='ocr_par' dir='ltr' id='par_1_28' title="bbox 121 2806 1731 2881">
     <span class='ocr_line' id='line_1_28' title="bbox 121 2806 1731 2881; baseline -0.002 -20"><span class='ocrx_word' id='word_1_213' title='bbox 121 2812 435 2881; x_wconf 61' lang='grc' dir='ltr'><strong>ἀπομετροις</strong></span> <span class='ocrx_word' id='word_1_214' title='bbox 476 2811 695 2877; x_wconf 85' lang='grc' dir='ltr'><strong>τιμαῖς,</strong></span> <span class='ocrx_word' id='word_1_215' title='bbox 730 2809 825 2860; x_wconf 77' lang='grc' dir='ltr'><strong>καὶ</strong></span> <span class='ocrx_word' id='word_1_216' title='bbox 864 2806 1125 2876; x_wconf 83' lang='grc' dir='ltr'><strong>δυνάμεσι</strong></span> <span class='ocrx_word' id='word_1_217' title='bbox 1157 2810 1277 2869; x_wconf 82' lang='grc' dir='ltr'><strong>ταῖς</strong></span> <span class='ocrx_word' id='word_1_218' title='bbox 1312 2807 1400 2859; x_wconf 84' lang='grc' dir='ltr'><strong>διὰ</strong></span> <span class='ocrx_word' id='word_1_219' title='bbox 1429 2806 1521 2859; x_wconf 87' lang='grc' dir='ltr'><strong>τοῦ</strong></span> <span class='ocrx_word' id='word_1_220' title='bbox 1561 2806 1731 2859; x_wconf 81' lang='grc' dir='ltr'><strong>Πνεύ-</strong></span> 
     </span>
    </p>
   </div>
   <div class='ocr_carea' id='block_1_29' title="bbox 120 2897 1728 2971">
    <p class='ocr_par' dir='ltr' id='par_1_29' title="bbox 120 2897 1728 2971">
     <span class='ocr_line' id='line_1_29' title="bbox 120 2897 1728 2971; baseline -0.002 -17"><span class='ocrx_word' id='word_1_221' title='bbox 120 2921 276 2971; x_wconf 79' lang='grc' dir='ltr'><strong>ματος</strong></span> <span class='ocrx_word' id='word_1_222' title='bbox 316 2900 813 2970; x_wconf 82' lang='grc' dir='ltr'><strong>κατηγλαῖσμένοι</strong></span> <span class='ocrx_word' id='word_1_223' title='bbox 850 2900 1001 2968; x_wconf 86' lang='grc' dir='ltr'><strong>παρά</strong></span> <span class='ocrx_word' id='word_1_224' title='bbox 1034 2897 1129 2951; x_wconf 86' lang='grc' dir='ltr'><strong>τοῦ</strong></span> <span class='ocrx_word' id='word_1_225' title='bbox 1165 2900 1383 2951; x_wconf 84' lang='grc' dir='ltr'><strong>πάντων</strong></span> <span class='ocrx_word' id='word_1_226' title='bbox 1427 2898 1584 2969; x_wconf 73' lang='grc' dir='ltr'><strong>ἡμῶν</strong></span> <span class='ocrx_word' id='word_1_227' title='bbox 1617 2899 1728 2951; x_wconf 89' lang='grc' dir='ltr'><strong>Σω-</strong></span> 
     </span>
    </p>
   </div>
   <div class='ocr_carea' id='block_1_30' title="bbox 116 2988 1731 3061">
    <p class='ocr_par' dir='ltr' id='par_1_30' title="bbox 116 2988 1731 3061">
     <span class='ocr_line' id='line_1_30' title="bbox 116 2988 1731 3061; baseline -0.003 -17"><span class='ocrx_word' id='word_1_228' title='bbox 116 2994 267 3061; x_wconf 71' lang='grc' dir='ltr'><strong>τῆρος</strong></span> <span class='ocrx_word' id='word_1_229' title='bbox 291 2990 555 3061; x_wconf 75' lang='grc' dir='ltr'><strong>Χριστοῦ</strong></span> <span class='ocrx_word' id='word_1_230' title='bbox 574 3007 586 3019; x_wconf 93' lang='grc'><strong>·</strong></span> <span class='ocrx_word' id='word_1_231' title='bbox 607 2992 807 3059; x_wconf 66' lang='grc' dir='ltr'><strong>ἡκουον</strong></span> <span class='ocrx_word' id='word_1_232' title='bbox 828 2988 940 3059; x_wconf 82' lang='grc' dir='ltr'><strong>γὰρ</strong></span> <span class='ocrx_word' id='word_1_233' title='bbox 958 2988 1092 3058; x_wconf 86' lang='grc' dir='ltr'><strong>ὁμοῦ</strong></span> <span class='ocrx_word' id='word_1_234' title='bbox 1120 2992 1232 3049; x_wconf 86' lang='grc' dir='ltr'><strong>τοῖς</strong></span> <span class='ocrx_word' id='word_1_235' title='bbox 1257 2989 1438 3051; x_wconf 78' lang='grc' dir='ltr'><strong>ἄλλοις</strong></span> <span class='ocrx_word' id='word_1_236' title='bbox 1458 3006 1470 3017; x_wconf 86' lang='grc'><strong>·</strong></span> <span class='ocrx_word' id='word_1_237' title='bbox 1493 3006 1511 3038; x_wconf 81' lang='grc' dir='ltr'><strong>ι</strong></span> <span class='ocrx_word' id='word_1_238' title='bbox 1542 2990 1731 3057; x_wconf 82' lang='grc' dir='ltr'><strong>Ὑμεῖς</strong></span> 
     </span>
    </p>
   </div>
   <div class='ocr_carea' id='block_1_31' title="bbox 118 3079 1727 3149">
    <p class='ocr_par' dir='ltr' id='par_1_31' title="bbox 118 3079 1727 3149">
     <span class='ocr_line' id='line_1_31' title="bbox 118 3079 1727 3149; baseline -0.001 -16"><span class='ocrx_word' id='word_1_239' title='bbox 118 3102 228 3135; x_wconf 77' lang='grc' dir='ltr'><strong>;στε</strong></span> <span class='ocrx_word' id='word_1_240' title='bbox 296 3084 363 3134; x_wconf 88' lang='grc' dir='ltr'><strong>τὸ</strong></span> <span class='ocrx_word' id='word_1_241' title='bbox 425 3084 551 3149; x_wconf 71' lang='grc' dir='ltr'><strong>φῶς</strong></span> <span class='ocrx_word' id='word_1_242' title='bbox 591 3080 686 3132; x_wconf 87' lang='grc' dir='ltr'><strong>τοῦ</strong></span> <span class='ocrx_word' id='word_1_243' title='bbox 746 3081 956 3149; x_wconf 80' lang='grc' dir='ltr'><strong>κόσμου</strong></span> <span class='ocrx_word' id='word_1_244' title='bbox 1026 3098 1045 3131; x_wconf 77' lang='grc' dir='ltr'><strong>ι</strong></span> <span class='ocrx_word' id='word_1_245' title='bbox 1110 3080 1319 3132; x_wconf 69' lang='grc' dir='ltr'><strong>τούτου.</strong></span> <span class='ocrx_word' id='word_1_246' title='bbox 1379 3079 1484 3131; x_wconf 80' lang='grc' dir='ltr'><strong>Καὶ</strong></span> <span class='ocrx_word' id='word_1_247' title='bbox 1528 3079 1727 3133; x_wconf 58' lang='grc' dir='ltr'><strong>πάλιν</strong></span> 
     </span>
    </p>
   </div>
   <div class='ocr_carea' id='block_1_32' title="bbox 121 3171 1802 3267">
    <p class='ocr_par' dir='ltr' id='par_1_32' title="bbox 121 3171 1802 3267">
     <span class='ocr_line' id='line_1_32' title="bbox 121 3171 1802 3267; baseline -0.001 -43"><span class='ocrx_word' id='word_1_248' title='bbox 121 3196 134 3224; x_wconf 77' lang='grc' dir='ltr'><strong>ι</strong></span> <span class='ocrx_word' id='word_1_249' title='bbox 192 3174 605 3235; x_wconf 80' lang='grc' dir='ltr'><strong>Ἀσθενοῦντας</strong></span> <span class='ocrx_word' id='word_1_250' title='bbox 638 3173 970 3243; x_wconf 81' lang='grc' dir='ltr'><strong>θεραπεύετε</strong></span> <span class='ocrx_word' id='word_1_251' title='bbox 994 3189 1007 3202; x_wconf 87' lang='grc'><strong>·</strong></span> <span class='ocrx_word' id='word_1_252' title='bbox 1060 3174 1285 3242; x_wconf 80' lang='grc' dir='ltr'><strong>νεκροὺς</strong></span> <span class='ocrx_word' id='word_1_253' title='bbox 1330 3172 1571 3241; x_wconf 77' lang='grc' dir='ltr'><strong>ἐγείρετε</strong></span> <span class='ocrx_word' id='word_1_254' title='bbox 1594 3188 1606 3201; x_wconf 83' lang='grc'><strong>’</strong></span> <span class='ocrx_word' id='word_1_255' title='bbox 1642 3171 1729 3223; x_wconf 78' lang='grc' dir='ltr'><strong>λε·</strong></span> <span class='ocrx_word' id='word_1_256' title='bbox 1760 3212 1802 3267; x_wconf 75' lang='lat' dir='ltr'>C</span> 
     </span>
    </p>
   </div>
   <div class='ocr_carea' id='block_1_33' title="bbox 116 3258 1730 3337">
    <p class='ocr_par' dir='ltr' id='par_1_33' title="bbox 116 3258 1730 3337">
     <span class='ocr_line' id='line_1_33' title="bbox 116 3258 1730 3337; baseline -0.004 -19"><span class='ocrx_word' id='word_1_257' title='bbox 116 3272 279 3337; x_wconf 67' lang='grc' dir='ltr'><strong>προῦς</strong></span> <span class='ocrx_word' id='word_1_258' title='bbox 328 3264 719 3336; x_wconf 75' lang='grc' dir='ltr'><strong>καθαρίζετε·</strong></span> <span class='ocrx_word' id='word_1_259' title='bbox 770 3264 1024 3333; x_wconf 83' lang='grc' dir='ltr'><strong>δαιμόνια</strong></span> <span class='ocrx_word' id='word_1_260' title='bbox 1058 3263 1365 3315; x_wconf 73' lang='grc' dir='ltr'><strong>ἐκϐάλλετε.</strong></span> <span class='ocrx_word' id='word_1_261' title='bbox 1407 3280 1424 3313; x_wconf 76' lang='grc' dir='ltr'><strong>ι</strong></span> <span class='ocrx_word' id='word_1_262' title='bbox 1464 3258 1610 3333; x_wconf 75' lang='grc' dir='ltr'><strong>Ἀρα</strong></span> <span class='ocrx_word' id='word_1_263' title='bbox 1638 3258 1730 3314; x_wconf 82' lang='grc' dir='ltr'><strong>οὖν</strong></span> 
     </span>
    </p>
   </div>
   <div class='ocr_carea' id='block_1_34' title="bbox 117 3350 1730 3429">
    <p class='ocr_par' dir='ltr' id='par_1_34' title="bbox 117 3350 1730 3429">
     <span class='ocr_line' id='line_1_34' title="bbox 117 3350 1730 3429; baseline -0.004 -21"><span class='ocrx_word' id='word_1_264' title='bbox 117 3361 166 3422; x_wconf 69' lang='grc' dir='ltr'>ἐξ</span> <span class='ocrx_word' id='word_1_265' title='bbox 193 3357 603 3429; x_wconf 83' lang='grc' dir='ltr'><strong>ἰσομοιρούσης</strong></span> <span class='ocrx_word' id='word_1_266' title='bbox 636 3354 816 3418; x_wconf 80' lang='grc' dir='ltr'><strong>ἀξίας,</strong></span> <span class='ocrx_word' id='word_1_267' title='bbox 845 3355 1010 3422; x_wconf 71' lang='grc' dir='ltr'><strong>ἤγουν</strong></span> <span class='ocrx_word' id='word_1_268' title='bbox 1041 3352 1327 3411; x_wconf 80' lang='grc' dir='ltr'><strong>αὑΟεντίας</strong></span> <span class='ocrx_word' id='word_1_269' title='bbox 1352 3352 1533 3411; x_wconf 82' lang='grc' dir='ltr'><strong>αὐτοῖς</strong></span> <span class='ocrx_word' id='word_1_270' title='bbox 1556 3350 1730 3419; x_wconf 83' lang='grc' dir='ltr'><strong>ὑπάρ-</strong></span> 
     </span>
    </p>
   </div>
   <div class='ocr_carea' id='block_1_35' title="bbox 118 3435 1728 3517">
    <p class='ocr_par' dir='ltr' id='par_1_35' title="bbox 118 3435 1728 3517">
     <span class='ocr_line' id='line_1_35' title="bbox 118 3435 1728 3517; baseline -0.009 -17"><span class='ocrx_word' id='word_1_271' title='bbox 118 3453 194 3512; x_wconf 74' lang='grc' dir='ltr'><strong>ξαι</strong></span> <span class='ocrx_word' id='word_1_272' title='bbox 248 3451 473 3517; x_wconf 82' lang='grc' dir='ltr'><strong>φαμὲν,</strong></span> <span class='ocrx_word' id='word_1_273' title='bbox 536 3445 601 3497; x_wconf 72' lang='grc' dir='ltr'><strong>τὸ</strong></span> <span class='ocrx_word' id='word_1_274' title='bbox 655 3447 735 3505; x_wconf 77' lang='grc' dir='ltr'><strong>είς</strong></span> <span class='ocrx_word' id='word_1_275' title='bbox 799 3442 1086 3511; x_wconf 81' lang='grc' dir='ltr'><strong>ἄνθρωπον</strong></span> <span class='ocrx_word' id='word_1_276' title='bbox 1141 3440 1235 3491; x_wconf 77' lang='grc' dir='ltr'><strong>ἕνα</strong></span> <span class='ocrx_word' id='word_1_277' title='bbox 1276 3435 1728 3503; x_wconf 77' lang='grc' dir='ltr'><strong>καταλογίζεσθαι</strong></span> 
     </span>
    </p>
   </div>
   <div class='ocr_carea' id='block_1_36' title="bbox 118 3530 1726 3608">
    <p class='ocr_par' dir='ltr' id='par_1_36' title="bbox 118 3530 1726 3608">
     <span class='ocr_line' id='line_1_36' title="bbox 118 3530 1726 3608; baseline -0.007 -17"><span class='ocrx_word' id='word_1_278' title='bbox 118 3544 227 3605; x_wconf 61' lang='grc' dir='ltr'><strong>τοὺς</strong></span> <span class='ocrx_word' id='word_1_279' title='bbox 262 3542 387 3602; x_wconf 81' lang='grc' dir='ltr'><strong>δύο,</strong></span> <span class='ocrx_word' id='word_1_280' title='bbox 427 3541 529 3591; x_wconf 75' lang='grc' dir='ltr'><strong>καὶ</strong></span> <span class='ocrx_word' id='word_1_281' title='bbox 561 3538 723 3608; x_wconf 77' lang='grc' dir='ltr'><strong>ἀρκεῖ</strong></span> <span class='ocrx_word' id='word_1_282' title='bbox 749 3535 909 3587; x_wconf 88' lang='grc' dir='ltr'><strong>τοῦτο</strong></span> <span class='ocrx_word' id='word_1_283' title='bbox 939 3534 1076 3603; x_wconf 82' lang='grc' dir='ltr'><strong>πρὸς</strong></span> <span class='ocrx_word' id='word_1_284' title='bbox 1105 3532 1317 3592; x_wconf 71' lang='grc' dir='ltr'><strong>ἕνωσιν,</strong></span> <span class='ocrx_word' id='word_1_285' title='bbox 1348 3530 1445 3599; x_wconf 83' lang='grc' dir='ltr'><strong>τὴν</strong></span> <span class='ocrx_word' id='word_1_286' title='bbox 1472 3530 1546 3591; x_wconf 84' lang='grc' dir='ltr'><strong>ὡς</strong></span> <span class='ocrx_word' id='word_1_287' title='bbox 1576 3530 1631 3581; x_wconf 75' lang='grc' dir='ltr'><strong>ἐν</strong></span> <span class='ocrx_word' id='word_1_288' title='bbox 1663 3545 1726 3595; x_wconf 83' lang='grc' dir='ltr'><strong>γε</strong></span> 
     </span>
    </p>
   </div>
   <div class='ocr_carea' id='block_1_37' title="bbox 122 3620 1723 3696">
    <p class='ocr_par' dir='ltr' id='par_1_37' title="bbox 122 3620 1723 3696">
     <span class='ocr_line' id='line_1_37' title="bbox 122 3620 1723 3696; baseline -0.008 -11"><span class='ocrx_word' id='word_1_289' title='bbox 122 3638 219 3696; x_wconf 68' lang='grc' dir='ltr'><strong>ταῖς</strong></span> <span class='ocrx_word' id='word_1_290' title='bbox 251 3631 617 3684; x_wconf 77' lang='grc' dir='ltr'><strong>ὑποστάσεσι</strong></span> <span class='ocrx_word' id='word_1_291' title='bbox 647 3627 825 3694; x_wconf 87' lang='grc' dir='ltr'><strong>λέγω;</strong></span> <span class='ocrx_word' id='word_1_292' title='bbox 855 3620 990 3677; x_wconf 75' lang='grc' dir='ltr'><strong>Εἶτα</strong></span> <span class='ocrx_word' id='word_1_293' title='bbox 1020 3623 1137 3684; x_wconf 84' lang='grc' dir='ltr'><strong>πῶς</strong></span> <span class='ocrx_word' id='word_1_294' title='bbox 1160 3623 1260 3675; x_wconf 87' lang='grc' dir='ltr'><strong>οὑκ</strong></span> <span class='ocrx_word' id='word_1_295' title='bbox 1292 3621 1723 3696; x_wconf 38' lang='grc' dir='ltr'><strong>ἠλίθιονικομιδῇ</strong></span> 
     </span>
    </p>
   </div>
   <div class='ocr_carea' id='block_1_38' title="bbox 116 3714 1726 3793">
    <p class='ocr_par' dir='ltr' id='par_1_38' title="bbox 116 3714 1726 3793">
     <span class='ocr_line' id='line_1_38' title="bbox 116 3714 1726 3793; baseline -0.006 -18"><span class='ocrx_word' id='word_1_296' title='bbox 116 3727 168 3777; x_wconf 70' lang='grc' dir='ltr'><strong>τὸ</strong></span> <span class='ocrx_word' id='word_1_297' title='bbox 218 3720 323 3778; x_wconf 77' lang='grc' dir='ltr'><strong>ὧδε</strong></span> <span class='ocrx_word' id='word_1_298' title='bbox 388 3723 646 3793; x_wconf 82' lang='grc' dir='ltr'><strong>φρονεῖν.</strong></span> <span class='ocrx_word' id='word_1_299' title='bbox 698 3720 858 3771; x_wconf 84' lang='grc' dir='ltr'><strong>νοοῖτ⁹</strong></span> <span class='ocrx_word' id='word_1_300' title='bbox 897 3716 965 3769; x_wconf 86' lang='grc' dir='ltr'><strong>ἂν</strong></span> <span class='ocrx_word' id='word_1_301' title='bbox 1011 3716 1271 3779; x_wconf 84' lang='grc' dir='ltr'><strong>είκότως;</strong></span> <span class='ocrx_word' id='word_1_302' title='bbox 1324 3715 1389 3767; x_wconf 84' lang='grc' dir='ltr'><strong>Τί</strong></span> <span class='ocrx_word' id='word_1_303' title='bbox 1437 3714 1726 3784; x_wconf 80' lang='grc' dir='ltr'><strong>τοιγαροῦν</strong></span> 
     </span>
    </p>
   </div>
   <div class='ocr_carea' id='block_1_39' title="bbox 118 3805 1728 3884">
    <p class='ocr_par' dir='ltr' id='par_1_39' title="bbox 118 3805 1728 3884">
     <span class='ocr_line' id='line_1_39' title="bbox 118 3805 1728 3884; baseline -0.007 -16"><span class='ocrx_word' id='word_1_304' title='bbox 118 3818 445 3884; x_wconf 79' lang='grc' dir='ltr'><strong>ὑποπλάττῃ</strong></span> <span class='ocrx_word' id='word_1_305' title='bbox 500 3813 604 3881; x_wconf 81' lang='grc' dir='ltr'><strong>μὲν</strong></span> <span class='ocrx_word' id='word_1_306' title='bbox 640 3806 779 3863; x_wconf 77' lang='grc' dir='ltr'><strong>εἶναι</strong></span> <span class='ocrx_word' id='word_1_307' title='bbox 821 3809 919 3878; x_wconf 82' lang='grc' dir='ltr'><strong>τὴν</strong></span> <span class='ocrx_word' id='word_1_308' title='bbox 966 3809 1147 3860; x_wconf 87' lang='grc' dir='ltr'><strong>πίστιν</strong></span> <span class='ocrx_word' id='word_1_309' title='bbox 1180 3806 1361 3876; x_wconf 79' lang='grc' dir='ltr'><strong>ὀρθὸς,</strong></span> <span class='ocrx_word' id='word_1_310' title='bbox 1409 3805 1506 3859; x_wconf 70' lang='grc' dir='ltr'><strong>ἕνα</strong></span> <span class='ocrx_word' id='word_1_311' title='bbox 1552 3805 1728 3873; x_wconf 88' lang='grc' dir='ltr'><strong>λέγων</strong></span> 
     </span>
    </p>
   </div>
   <div class='ocr_carea' id='block_1_40' title="bbox 120 3895 1727 3979">
    <p class='ocr_par' dir='ltr' id='par_1_40' title="bbox 120 3895 1727 3979">
     <span class='ocr_line' id='line_1_40' title="bbox 120 3895 1727 3979; baseline -0.007 -18"><span class='ocrx_word' id='word_1_312' title='bbox 120 3910 346 3979; x_wconf 75' lang='grc' dir='ltr'><strong>Χριστὸν</strong></span> <span class='ocrx_word' id='word_1_313' title='bbox 421 3904 641 3975; x_wconf 81' lang='grc' dir='ltr'><strong>Ἰησοῦν</strong></span> <span class='ocrx_word' id='word_1_314' title='bbox 692 3902 930 3973; x_wconf 80' lang='grc' dir='ltr'><strong>Κύριον’</strong></span> <span class='ocrx_word' id='word_1_315' title='bbox 991 3895 1109 3953; x_wconf 81' lang='grc' dir='ltr'><strong>εἶτα</strong></span> <span class='ocrx_word' id='word_1_316' title='bbox 1160 3899 1463 3968; x_wconf 76' lang='grc' dir='ltr'><strong>διατέμνων</strong></span> <span class='ocrx_word' id='word_1_317' title='bbox 1516 3901 1594 3960; x_wconf 82' lang='grc' dir='ltr'><strong>είς</strong></span> <span class='ocrx_word' id='word_1_318' title='bbox 1636 3897 1727 3949; x_wconf 89' lang='grc' dir='ltr'><strong>δύο</strong></span> 
     </span>
    </p>
   </div>
   <div class='ocr_carea' id='block_1_41' title="bbox 120 3988 1727 4071">
    <p class='ocr_par' dir='ltr' id='par_1_41' title="bbox 120 3988 1727 4071">
     <span class='ocr_line' id='line_1_41' title="bbox 120 3988 1727 4071; baseline -0.008 -19"><span class='ocrx_word' id='word_1_319' title='bbox 120 4000 387 4071; x_wconf 71' lang='grc' dir='ltr'><strong>πρόσωπά</strong></span> <span class='ocrx_word' id='word_1_320' title='bbox 428 4015 491 4050; x_wconf 85' lang='grc' dir='ltr'><strong>τε</strong></span> <span class='ocrx_word' id='word_1_321' title='bbox 547 3996 644 4048; x_wconf 71' lang='grc' dir='ltr'><strong>καὶ</strong></span> <span class='ocrx_word' id='word_1_322' title='bbox 692 3993 1021 4054; x_wconf 77' lang='grc' dir='ltr'><strong>ὑποστάσεις</strong></span> <span class='ocrx_word' id='word_1_323' title='bbox 1068 3991 1158 4043; x_wconf 74' lang='grc' dir='ltr'><strong>τὸν</strong></span> <span class='ocrx_word' id='word_1_324' title='bbox 1202 3990 1318 4053; x_wconf 73' lang='grc' dir='ltr'><strong>ἕνα,</strong></span> <span class='ocrx_word' id='word_1_325' title='bbox 1357 3988 1453 4041; x_wconf 73' lang='grc' dir='ltr'><strong>καὶ</strong></span> <span class='ocrx_word' id='word_1_326' title='bbox 1495 3988 1586 4040; x_wconf 81' lang='grc' dir='ltr'><strong>τὸν</strong></span> <span class='ocrx_word' id='word_1_327' title='bbox 1629 3988 1727 4057; x_wconf 82' lang='grc' dir='ltr'><strong>μὲν</strong></span> 
     </span>
    </p>
   </div>
   <div class='ocr_carea' id='block_1_42' title="bbox 119 4076 1728 4163">
    <p class='ocr_par' dir='ltr' id='par_1_42' title="bbox 119 4076 1728 4163">
     <span class='ocr_line' id='line_1_42' title="bbox 119 4076 1728 4163; baseline -0.016 -20"><span class='ocrx_word' id='word_1_328' title='bbox 119 4097 203 4163; x_wconf 74' lang='grc' dir='ltr'><strong>τῆς</strong></span> <span class='ocrx_word' id='word_1_329' title='bbox 233 4090 490 4162; x_wconf 78' lang='grc' dir='ltr'><strong>ἀληθοῦς</strong></span> <span class='ocrx_word' id='word_1_330' title='bbox 527 4088 777 4149; x_wconf 82' lang='grc' dir='ltr'><strong>ὲνώσεως</strong></span> <span class='ocrx_word' id='word_1_331' title='bbox 811 4083 1100 4153; x_wconf 80' lang='grc' dir='ltr'><strong>ἀτιμάζεις</strong></span> <span class='ocrx_word' id='word_1_332' title='bbox 1134 4084 1355 4148; x_wconf 81' lang='grc' dir='ltr'><strong>τρόπον,</strong></span> <span class='ocrx_word' id='word_1_333' title='bbox 1386 4082 1452 4133; x_wconf 81' lang='grc' dir='ltr'><strong>δι’</strong></span> <span class='ocrx_word' id='word_1_334' title='bbox 1494 4076 1561 4151; x_wconf 76' lang='grc' dir='ltr'><strong>ἧς</strong></span> <span class='ocrx_word' id='word_1_335' title='bbox 1595 4081 1728 4149; x_wconf 75' lang='grc' dir='ltr'><strong>ἀλη-</strong></span> 
     </span>
    </p>
   </div>
   <div class='ocr_carea' id='block_1_43' title="bbox 121 4173 1727 4248">
    <p class='ocr_par' dir='ltr' id='par_1_43' title="bbox 121 4173 1727 4248">
     <span class='ocr_line' id='line_1_43' title="bbox 121 4173 1727 4248; baseline -0.011 -9"><span class='ocrx_word' id='word_1_336' title='bbox 121 4187 215 4248; x_wconf 67' lang='lat' dir='ltr'><strong>ﬁdi;</strong></span> <span class='ocrx_word' id='word_1_337' title='bbox 262 4182 349 4247; x_wconf 75' lang='grc' dir='ltr'><strong>εἷς</strong></span> <span class='ocrx_word' id='word_1_338' title='bbox 388 4199 459 4234; x_wconf 89' lang='grc' dir='ltr'><strong>τε</strong></span> <span class='ocrx_word' id='word_1_339' title='bbox 498 4180 598 4232; x_wconf 80' lang='grc' dir='ltr'><strong>καὶ</strong></span> <span class='ocrx_word' id='word_1_340' title='bbox 643 4179 804 4247; x_wconf 83' lang='grc' dir='ltr'><strong>μόνος</strong></span> <span class='ocrx_word' id='word_1_341' title='bbox 841 4178 906 4230; x_wconf 87' lang='grc' dir='ltr'><strong>ἂν</strong></span> <span class='ocrx_word' id='word_1_342' title='bbox 935 4178 1021 4245; x_wconf 81' lang='grc' dir='ltr'><strong>εἴη</strong></span> <span class='ocrx_word' id='word_1_343' title='bbox 1061 4177 1088 4227; x_wconf 87' lang='grc' dir='ltr'><strong>ό</strong></span> <span class='ocrx_word' id='word_1_344' title='bbox 1122 4173 1357 4242; x_wconf 87' lang='grc' dir='ltr'><strong>Χριστός</strong></span> <span class='ocrx_word' id='word_1_345' title='bbox 1384 4190 1397 4203; x_wconf 77' lang='grc' dir='ltr'><strong>ο</strong></span> <span class='ocrx_word' id='word_1_346' title='bbox 1436 4173 1727 4239; x_wconf 75' lang='grc' dir='ltr'><strong>συνάφειαν</strong></span> 
     </span>
    </p>
   </div>
   <div class='ocr_carea' id='block_1_44' title="bbox 119 4260 1722 4349">
    <p class='ocr_par' dir='ltr' id='par_1_44' title="bbox 119 4260 1722 4349">
     <span class='ocr_line' id='line_1_44' title="bbox 119 4260 1722 4349; baseline -0.009 -16"><span class='ocrx_word' id='word_1_347' title='bbox 119 4281 163 4332; x_wconf 61' lang='grc' dir='ltr'><strong>α</strong></span> <span class='ocrx_word' id='word_1_348' title='bbox 197 4277 427 4349; x_wconf 74' lang='grc' dir='ltr'><strong>ἀληθῶς</strong></span> <span class='ocrx_word' id='word_1_349' title='bbox 471 4273 768 4341; x_wconf 78' lang='grc' dir='ltr'><strong>ὀνομάζεις</strong></span> <span class='ocrx_word' id='word_1_350' title='bbox 812 4273 912 4340; x_wconf 78' lang='grc' dir='ltr'><strong>τὴν</strong></span> <span class='ocrx_word' id='word_1_351' title='bbox 951 4269 1257 4338; x_wconf 85' lang='grc' dir='ltr'><strong>ίσοτιμίαν;</strong></span> <span class='ocrx_word' id='word_1_352' title='bbox 1311 4268 1468 4327; x_wconf 87' lang='grc' dir='ltr'><strong>Ποῖος</strong></span> <span class='ocrx_word' id='word_1_353' title='bbox 1500 4266 1607 4334; x_wconf 85' lang='grc' dir='ltr'><strong>γὰρ</strong></span> <span class='ocrx_word' id='word_1_354' title='bbox 1640 4260 1722 4318; x_wconf 82' lang='grc' dir='ltr'><strong>οὑ-</strong></span> 
     </span>
    </p>
   </div>
   <div class='ocr_carea' id='block_1_45' title="bbox 120 4354 1727 4435">
    <p class='ocr_par' dir='ltr' id='par_1_45' title="bbox 120 4354 1727 4435">
     <span class='ocr_line' id='line_1_45' title="bbox 120 4354 1727 4435; baseline -0.012 -10"><span class='ocrx_word' id='word_1_355' title='bbox 120 4376 195 4434; x_wconf 63' lang='lat' dir='ltr'><strong>td;</strong></span> <span class='ocrx_word' id='word_1_356' title='bbox 221 4376 341 4424; x_wconf 78' lang='grc' dir='ltr'><strong>ἐστι</strong></span> <span class='ocrx_word' id='word_1_357' title='bbox 378 4366 697 4435; x_wconf 80' lang='grc' dir='ltr'><strong>συναφείας</strong></span> <span class='ocrx_word' id='word_1_358' title='bbox 731 4364 966 4434; x_wconf 84' lang='grc' dir='ltr'><strong>τρόπος;</strong></span> <span class='ocrx_word' id='word_1_359' title='bbox 1010 4363 1078 4413; x_wconf 85' lang='lat' dir='ltr'><strong>&#39;H</strong></span> <span class='ocrx_word' id='word_1_360' title='bbox 1124 4361 1225 4412; x_wconf 84' lang='grc' dir='ltr'><strong>οὑκ</strong></span> <span class='ocrx_word' id='word_1_361' title='bbox 1269 4354 1425 4411; x_wconf 82' lang='grc' dir='ltr'><strong>οἶσθα</strong></span> <span class='ocrx_word' id='word_1_362' title='bbox 1466 4358 1544 4408; x_wconf 85' lang='grc' dir='ltr'><strong>ὃτι</strong></span> <span class='ocrx_word' id='word_1_363' title='bbox 1574 4356 1727 4424; x_wconf 79' lang='grc' dir='ltr'><strong>φίλον</strong></span> 
     </span>
    </p>
   </div>
   <div class='ocr_carea' id='block_1_46' title="bbox 120 4448 1727 4525">
    <p class='ocr_par' dir='ltr' id='par_1_46' title="bbox 120 4448 1727 4525">
     <span class='ocr_line' id='line_1_46' title="bbox 120 4448 1727 4525; baseline -0.007 -14"><span class='ocrx_word' id='word_1_364' title='bbox 120 4482 224 4525; x_wconf 74' lang='grc' dir='ltr'><strong>πως</strong></span> <span class='ocrx_word' id='word_1_365' title='bbox 271 4464 365 4515; x_wconf 70' lang='grc' dir='ltr'><strong>ἀεὶ</strong></span> <span class='ocrx_word' id='word_1_366' title='bbox 423 4463 547 4518; x_wconf 79' lang='grc' dir='ltr'><strong>τοῖς</strong></span> <span class='ocrx_word' id='word_1_367' title='bbox 587 4456 727 4509; x_wconf 69' lang='grc' dir='ltr'><strong>κατὰ</strong></span> <span class='ocrx_word' id='word_1_368' title='bbox 775 4455 924 4507; x_wconf 84' lang='grc' dir='ltr'><strong>τόνδε</strong></span> <span class='ocrx_word' id='word_1_369' title='bbox 960 4453 1049 4505; x_wconf 79' lang='grc' dir='ltr'><strong>τὸν</strong></span> <span class='ocrx_word' id='word_1_370' title='bbox 1081 4451 1211 4522; x_wconf 83' lang='grc' dir='ltr'><strong>βίον,</strong></span> <span class='ocrx_word' id='word_1_371' title='bbox 1259 4450 1317 4501; x_wconf 80' lang='grc' dir='ltr'><strong>τὸ</strong></span> <span class='ocrx_word' id='word_1_372' title='bbox 1361 4452 1417 4501; x_wconf 85' lang='grc' dir='ltr'><strong>ὲν</strong></span> <span class='ocrx_word' id='word_1_373' title='bbox 1458 4448 1727 4509; x_wconf 86' lang='grc' dir='ltr'><strong>εὑκλείαις</strong></span> 
     </span>
    </p>
   </div>
   <div class='ocr_carea' id='block_1_47' title="bbox 1846 602 3421 669">
    <p class='ocr_par' dir='ltr' id='par_1_47' title="bbox 1846 602 3421 669">
     <span class='ocr_line' id='line_1_47' title="bbox 1846 602 3421 669; baseline 0 -12"><span class='ocrx_word' id='word_1_374' title='bbox 1846 602 2168 658; x_wconf 79' lang='lat' dir='ltr'><strong>confusione</strong></span> <span class='ocrx_word' id='word_1_375' title='bbox 2222 615 2317 659; x_wconf 90' lang='lat' dir='ltr'><strong>aut</strong></span> <span class='ocrx_word' id='word_1_376' title='bbox 2369 607 2750 661; x_wconf 76' lang='lat' dir='ltr'><strong>commistione</strong></span> <span class='ocrx_word' id='word_1_377' title='bbox 2798 605 2956 669; x_wconf 77' lang='lat' dir='ltr'><strong>facta,</strong></span> <span class='ocrx_word' id='word_1_378' title='bbox 2997 621 3118 659; x_wconf 89' lang='lat' dir='ltr'><strong>cuin</strong></span> <span class='ocrx_word' id='word_1_379' title='bbox 3175 606 3421 660; x_wconf 84' lang='lat' dir='ltr'><strong>doctores</strong></span> 
     </span>
    </p>
   </div>
   <div class='ocr_carea' id='block_1_48' title="bbox 1840 693 3421 752">
    <p class='ocr_par' dir='ltr' id='par_1_48' title="bbox 1840 693 3421 752">
     <span class='ocr_line' id='line_1_48' title="bbox 1840 693 3421 752; baseline 0.001 -5"><span class='ocrx_word' id='word_1_380' title='bbox 1840 693 2095 749; x_wconf 72' lang='lat' dir='ltr'><strong>Ecclesiae</strong></span> <span class='ocrx_word' id='word_1_381' title='bbox 2125 712 2231 750; x_wconf 91' lang='lat' dir='ltr'><strong>non</strong></span> <span class='ocrx_word' id='word_1_382' title='bbox 2259 698 2405 752; x_wconf 90' lang='lat' dir='ltr'><strong>hunc</strong></span> <span class='ocrx_word' id='word_1_383' title='bbox 2431 701 2644 752; x_wconf 88' lang='lat' dir='ltr'><strong>modum</strong></span> <span class='ocrx_word' id='word_1_384' title='bbox 2680 699 2836 752; x_wconf 87' lang='lat' dir='ltr'><strong>nobis</strong></span> <span class='ocrx_word' id='word_1_385' title='bbox 2861 698 3202 752; x_wconf 88' lang='lat' dir='ltr'><strong>tradiderint.</strong></span> <span class='ocrx_word' id='word_1_386' title='bbox 3228 697 3421 751; x_wconf 83' lang='lat' dir='ltr'><strong>Veram</strong></span> 
     </span>
    </p>
   </div>
   <div class='ocr_carea' id='block_1_49' title="bbox 1840 787 3419 857">
    <p class='ocr_par' dir='ltr' id='par_1_49' title="bbox 1840 787 3419 857">
     <span class='ocr_line' id='line_1_49' title="bbox 1840 787 3419 857; baseline -0.001 -16"><span class='ocrx_word' id='word_1_387' title='bbox 1840 802 2079 855; x_wconf 87' lang='lat' dir='ltr'><strong>namque</strong></span> <span class='ocrx_word' id='word_1_388' title='bbox 2104 788 2545 857; x_wconf 82' lang='lat' dir='ltr'><strong>conjunctionem</strong></span> <span class='ocrx_word' id='word_1_389' title='bbox 2575 788 2771 843; x_wconf 80' lang='lat' dir='ltr'><strong>factam</strong></span> <span class='ocrx_word' id='word_1_390' title='bbox 2810 789 3065 854; x_wconf 84' lang='lat' dir='ltr'><strong>dicimus,</strong></span> <span class='ocrx_word' id='word_1_391' title='bbox 3095 789 3164 842; x_wconf 84' lang='lat' dir='ltr'><strong>ita</strong></span> <span class='ocrx_word' id='word_1_392' title='bbox 3198 799 3256 840; x_wconf 90' lang='lat' dir='ltr'><strong>ut</strong></span> <span class='ocrx_word' id='word_1_393' title='bbox 3292 787 3419 841; x_wconf 81' lang='lat' dir='ltr'><strong>Ver-</strong></span> 
     </span>
    </p>
   </div>
   <div class='ocr_carea' id='block_1_50' title="bbox 1839 877 3419 947">
    <p class='ocr_par' dir='ltr' id='par_1_50' title="bbox 1839 877 3419 947">
     <span class='ocr_line' id='line_1_50' title="bbox 1839 877 3419 947; baseline -0.003 -15"><span class='ocrx_word' id='word_1_394' title='bbox 1839 880 1966 932; x_wconf 88' lang='lat' dir='ltr'><strong>bum</strong></span> <span class='ocrx_word' id='word_1_395' title='bbox 2005 877 2111 933; x_wconf 86' lang='lat' dir='ltr'><strong>sibi</strong></span> <span class='ocrx_word' id='word_1_396' title='bbox 2152 879 2372 947; x_wconf 85' lang='lat' dir='ltr'><strong>quidem</strong></span> <span class='ocrx_word' id='word_1_397' title='bbox 2412 894 2607 947; x_wconf 87' lang='lat' dir='ltr'><strong>corpus</strong></span> <span class='ocrx_word' id='word_1_398' title='bbox 2639 879 2843 943; x_wconf 90' lang='lat' dir='ltr'><strong>uniret,</strong></span> <span class='ocrx_word' id='word_1_399' title='bbox 2889 879 2983 934; x_wconf 87' lang='lat' dir='ltr'><strong>sed</strong></span> <span class='ocrx_word' id='word_1_400' title='bbox 3034 881 3083 932; x_wconf 90' lang='lat' dir='ltr'><strong>id</strong></span> <span class='ocrx_word' id='word_1_401' title='bbox 3118 880 3259 946; x_wconf 91' lang='lat' dir='ltr'><strong>quod</strong></span> <span class='ocrx_word' id='word_1_402' title='bbox 3305 889 3419 932; x_wconf 87' lang='lat' dir='ltr'><strong>erat</strong></span> 
     </span>
    </p>
   </div>
   <div class='ocr_carea' id='block_1_51' title="bbox 1843 969 3416 1042">
    <p class='ocr_par' dir='ltr' id='par_1_51' title="bbox 1843 969 3416 1042">
     <span class='ocr_line' id='line_1_51' title="bbox 1843 969 3416 1042; baseline -0.001 -17"><span class='ocrx_word' id='word_1_403' title='bbox 1843 981 2232 1039; x_wconf 89' lang='lat' dir='ltr'><strong>permaneret:</strong></span> <span class='ocrx_word' id='word_1_404' title='bbox 2285 971 2371 1025; x_wconf 92' lang='lat' dir='ltr'><strong>hic</strong></span> <span class='ocrx_word' id='word_1_405' title='bbox 2422 986 2551 1025; x_wconf 87' lang='lat' dir='ltr'><strong>vero</strong></span> <span class='ocrx_word' id='word_1_406' title='bbox 2597 969 2706 1042; x_wconf 57' lang='lat'><strong>35</strong></span> <span class='ocrx_word' id='word_1_407' title='bbox 2750 970 2885 1024; x_wconf 85' lang='lat' dir='ltr'><strong>nihil</strong></span> <span class='ocrx_word' id='word_1_408' title='bbox 2933 971 3200 1041; x_wconf 82' lang='lat' dir='ltr'><strong>ejusmodi</strong></span> <span class='ocrx_word' id='word_1_409' title='bbox 3241 971 3416 1024; x_wconf 66' lang='grc' dir='ltr'><strong>θουρί-</strong></span> 
     </span>
    </p>
   </div>
   <div class='ocr_carea' id='block_1_52' title="bbox 1838 1062 3419 1132">
    <p class='ocr_par' dir='ltr' id='par_1_52' title="bbox 1838 1062 3419 1132">
     <span class='ocr_line' id='line_1_52' title="bbox 1838 1062 3419 1132; baseline 0 -19"><span class='ocrx_word' id='word_1_410' title='bbox 1838 1062 1993 1130; x_wconf 91' lang='lat' dir='ltr'><strong>piens</strong></span> <span class='ocrx_word' id='word_1_411' title='bbox 2028 1062 2229 1125; x_wconf 86' lang='lat' dir='ltr'><strong>animo,</strong></span> <span class='ocrx_word' id='word_1_412' title='bbox 2259 1077 2365 1116; x_wconf 86' lang='lat' dir='ltr'><strong>non</strong></span> <span class='ocrx_word' id='word_1_413' title='bbox 2407 1064 2665 1116; x_wconf 81' lang='lat' dir='ltr'><strong>mediocri</strong></span> <span class='ocrx_word' id='word_1_414' title='bbox 2692 1062 2983 1132; x_wconf 79' lang='lat' dir='ltr'><strong>impietatis</strong></span> <span class='ocrx_word' id='word_1_415' title='bbox 3017 1064 3243 1117; x_wconf 83' lang='lat' dir='ltr'><strong>Crimine</strong></span> <span class='ocrx_word' id='word_1_416' title='bbox 3277 1063 3419 1114; x_wconf 84' lang='lat' dir='ltr'><strong>labo-</strong></span> 
     </span>
    </p>
   </div>
   <div class='ocr_carea' id='block_1_53' title="bbox 1839 1151 3421 1222">
    <p class='ocr_par' dir='ltr' id='par_1_53' title="bbox 1839 1151 3421 1222">
     <span class='ocr_line' id='line_1_53' title="bbox 1839 1151 3421 1222; baseline -0.001 -17"><span class='ocrx_word' id='word_1_417' title='bbox 1839 1162 1945 1213; x_wconf 92' lang='lat' dir='ltr'><strong>rat,</strong></span> <span class='ocrx_word' id='word_1_418' title='bbox 1992 1168 2112 1205; x_wconf 90' lang='lat' dir='ltr'><strong>cum</strong></span> <span class='ocrx_word' id='word_1_419' title='bbox 2177 1151 2230 1205; x_wconf 91' lang='lat' dir='ltr'><strong>in</strong></span> <span class='ocrx_word' id='word_1_420' title='bbox 2289 1153 2424 1207; x_wconf 82' lang='lat' dir='ltr'><strong>duas</strong></span> <span class='ocrx_word' id='word_1_421' title='bbox 2488 1167 2749 1222; x_wconf 78' lang='lat' dir='ltr'><strong>personas</strong></span> <span class='ocrx_word' id='word_1_422' title='bbox 2806 1162 2860 1207; x_wconf 86' lang='lat' dir='ltr'><strong>et</strong></span> <span class='ocrx_word' id='word_1_423' title='bbox 2906 1152 3040 1207; x_wconf 88' lang='lat' dir='ltr'><strong>duas</strong></span> <span class='ocrx_word' id='word_1_424' title='bbox 3102 1154 3421 1222; x_wconf 79' lang='lat' dir='ltr'><strong>hypostases</strong></span> 
     </span>
    </p>
   </div>
   <div class='ocr_carea' id='block_1_54' title="bbox 1838 1243 3419 1313">
    <p class='ocr_par' dir='ltr' id='par_1_54' title="bbox 1838 1243 3419 1313">
     <span class='ocr_line' id='line_1_54' title="bbox 1838 1243 3419 1313; baseline 0.001 -17"><span class='ocrx_word' id='word_1_425' title='bbox 1838 1243 2059 1296; x_wconf 88' lang='lat' dir='ltr'><strong>omnino</strong></span> <span class='ocrx_word' id='word_1_426' title='bbox 2086 1244 2226 1298; x_wconf 88' lang='lat' dir='ltr'><strong>inter</strong></span> <span class='ocrx_word' id='word_1_427' title='bbox 2246 1258 2307 1297; x_wconf 83' lang='lat' dir='ltr'><strong>se</strong></span> <span class='ocrx_word' id='word_1_428' title='bbox 2333 1245 2576 1299; x_wconf 84' lang='lat' dir='ltr'><strong>diversas</strong></span> <span class='ocrx_word' id='word_1_429' title='bbox 2607 1246 2935 1313; x_wconf 73' lang='lat' dir='ltr'><strong>abjunxerit,</strong></span> <span class='ocrx_word' id='word_1_430' title='bbox 2958 1246 3026 1297; x_wconf 90' lang='lat' dir='ltr'><strong>ita</strong></span> <span class='ocrx_word' id='word_1_431' title='bbox 3058 1256 3116 1297; x_wconf 91' lang='lat' dir='ltr'><strong>ut</strong></span> <span class='ocrx_word' id='word_1_432' title='bbox 3138 1260 3419 1299; x_wconf 81' lang='lat' dir='ltr'><strong>sermones</strong></span> 
     </span>
    </p>
   </div>
   <div class='ocr_carea' id='block_1_55' title="bbox 1836 1336 3419 1408">
    <p class='ocr_par' dir='ltr' id='par_1_55' title="bbox 1836 1336 3419 1408">
     <span class='ocr_line' id='line_1_55' title="bbox 1836 1336 3419 1408; baseline 0 -19"><span class='ocrx_word' id='word_1_433' title='bbox 1836 1336 2034 1405; x_wconf 86' lang='lat' dir='ltr'><strong>cuique</strong></span> <span class='ocrx_word' id='word_1_434' title='bbox 2081 1337 2475 1391; x_wconf 78' lang='lat' dir='ltr'><strong>convenientes</strong></span> <span class='ocrx_word' id='word_1_435' title='bbox 2526 1340 2746 1406; x_wconf 84' lang='lat' dir='ltr'><strong>utrique</strong></span> <span class='ocrx_word' id='word_1_436' title='bbox 2779 1354 3020 1406; x_wconf 68' lang='lat' dir='ltr'><strong>persona:</strong></span> <span class='ocrx_word' id='word_1_437' title='bbox 3065 1340 3283 1408; x_wconf 86' lang='lat' dir='ltr'><strong>proprie</strong></span> <span class='ocrx_word' id='word_1_438' title='bbox 3325 1340 3419 1390; x_wconf 87' lang='lat' dir='ltr'><strong>tri-</strong></span> 
     </span>
    </p>
   </div>
   <div class='ocr_carea' id='block_1_56' title="bbox 1838 1428 3420 1485">
    <p class='ocr_par' dir='ltr' id='par_1_56' title="bbox 1838 1428 3420 1485">
     <span class='ocr_line' id='line_1_56' title="bbox 1838 1428 3420 1485; baseline 0 -4"><span class='ocrx_word' id='word_1_439' title='bbox 1838 1429 2071 1482; x_wconf 87' lang='lat' dir='ltr'><strong>bueret:</strong></span> <span class='ocrx_word' id='word_1_440' title='bbox 2109 1438 2165 1482; x_wconf 92' lang='lat' dir='ltr'><strong>et</strong></span> <span class='ocrx_word' id='word_1_441' title='bbox 2210 1444 2400 1483; x_wconf 87' lang='lat' dir='ltr'><strong>rursus</strong></span> <span class='ocrx_word' id='word_1_442' title='bbox 2429 1444 2593 1482; x_wconf 90' lang='lat' dir='ltr'><strong>unum</strong></span> <span class='ocrx_word' id='word_1_443' title='bbox 2618 1430 2751 1484; x_wconf 87' lang='lat' dir='ltr'><strong>dicit</strong></span> <span class='ocrx_word' id='word_1_444' title='bbox 2788 1431 3065 1484; x_wconf 85' lang='lat' dir='ltr'><strong>Christum</strong></span> <span class='ocrx_word' id='word_1_445' title='bbox 3093 1428 3278 1485; x_wconf 84' lang='lat' dir='ltr'><strong>Jesuni</strong></span> <span class='ocrx_word' id='word_1_446' title='bbox 3318 1429 3420 1481; x_wconf 90' lang='lat' dir='ltr'><strong>Do-</strong></span> 
     </span>
    </p>
   </div>
   <div class='ocr_carea' id='block_1_57' title="bbox 1839 1520 3417 1592">
    <p class='ocr_par' dir='ltr' id='par_1_57' title="bbox 1839 1520 3417 1592">
     <span class='ocr_line' id='line_1_57' title="bbox 1839 1520 3417 1592; baseline 0.001 -19"><span class='ocrx_word' id='word_1_447' title='bbox 1839 1520 2071 1585; x_wconf 88' lang='lat' dir='ltr'><strong>minum,</strong></span> <span class='ocrx_word' id='word_1_448' title='bbox 2104 1531 2361 1591; x_wconf 80' lang='lat' dir='ltr'><strong>tanquam</strong></span> <span class='ocrx_word' id='word_1_449' title='bbox 2396 1522 2511 1574; x_wconf 89' lang='lat' dir='ltr'><strong>sola</strong></span> <span class='ocrx_word' id='word_1_450' title='bbox 2544 1522 2824 1592; x_wconf 75' lang='lat' dir='ltr'><strong>dignitatis</strong></span> <span class='ocrx_word' id='word_1_451' title='bbox 2860 1525 3091 1588; x_wconf 78' lang='lat' dir='ltr'><strong>ratione,</strong></span> <span class='ocrx_word' id='word_1_452' title='bbox 3133 1539 3238 1577; x_wconf 90' lang='lat' dir='ltr'><strong>non</strong></span> <span class='ocrx_word' id='word_1_453' title='bbox 3292 1539 3417 1576; x_wconf 83' lang='lat' dir='ltr'><strong>vera</strong></span> 
     </span>
    </p>
   </div>
   <div class='ocr_carea' id='block_1_58' title="bbox 1838 1612 3417 1677">
    <p class='ocr_par' dir='ltr' id='par_1_58' title="bbox 1838 1612 3417 1677">
     <span class='ocr_line' id='line_1_58' title="bbox 1838 1612 3417 1677; baseline 0.002 -15"><span class='ocrx_word' id='word_1_454' title='bbox 1838 1612 2058 1673; x_wconf 90' lang='lat' dir='ltr'><strong>unione,</strong></span> <span class='ocrx_word' id='word_1_455' title='bbox 2093 1612 2195 1665; x_wconf 92' lang='lat' dir='ltr'><strong>hoc</strong></span> <span class='ocrx_word' id='word_1_456' title='bbox 2217 1622 2320 1675; x_wconf 86' lang='lat' dir='ltr'><strong>est,</strong></span> <span class='ocrx_word' id='word_1_457' title='bbox 2349 1626 2453 1664; x_wconf 92' lang='lat' dir='ltr'><strong>non</strong></span> <span class='ocrx_word' id='word_1_458' title='bbox 2488 1612 2784 1666; x_wconf 87' lang='lat' dir='ltr'><strong>secundum</strong></span> <span class='ocrx_word' id='word_1_459' title='bbox 2814 1624 3084 1677; x_wconf 84' lang='lat' dir='ltr'><strong>naturam,</strong></span> <span class='ocrx_word' id='word_1_460' title='bbox 3112 1614 3276 1668; x_wconf 80' lang='lat' dir='ltr'><strong>hamo</strong></span> <span class='ocrx_word' id='word_1_461' title='bbox 3297 1629 3417 1666; x_wconf 88' lang='lat' dir='ltr'><strong>cum</strong></span> 
     </span>
    </p>
   </div>
   <div class='ocr_carea' id='block_1_59' title="bbox 1840 1700 3418 1777">
    <p class='ocr_par' dir='ltr' id='par_1_59' title="bbox 1840 1700 3418 1777">
     <span class='ocr_line' id='line_1_59' title="bbox 1840 1700 3418 1777; baseline 0.004 -24"><span class='ocrx_word' id='word_1_462' title='bbox 1840 1700 1949 1754; x_wconf 90' lang='lat' dir='ltr'><strong>Deo</strong></span> <span class='ocrx_word' id='word_1_463' title='bbox 1996 1702 2320 1770; x_wconf 74' lang='lat' dir='ltr'><strong>coniunctus</strong></span> <span class='ocrx_word' id='word_1_464' title='bbox 2357 1706 2447 1760; x_wconf 87' lang='lat' dir='ltr'><strong>sit.</strong></span> <span class='ocrx_word' id='word_1_465' title='bbox 2482 1706 2727 1771; x_wconf 87' lang='lat' dir='ltr'><strong>Quonam</strong></span> <span class='ocrx_word' id='word_1_466' title='bbox 2767 1707 2931 1777; x_wconf 90' lang='lat' dir='ltr'><strong>igitur</strong></span> <span class='ocrx_word' id='word_1_467' title='bbox 2983 1708 3142 1761; x_wconf 86' lang='lat' dir='ltr'><strong>modo</strong></span> <span class='ocrx_word' id='word_1_468' title='bbox 3169 1723 3309 1760; x_wconf 86' lang='lat' dir='ltr'><strong>unus</strong></span> <span class='ocrx_word' id='word_1_469' title='bbox 3337 1718 3418 1760; x_wconf 87' lang='lat' dir='ltr'><strong>est</strong></span> 
     </span>
    </p>
   </div>
   <div class='ocr_carea' id='block_1_60' title="bbox 1840 1792 3416 1867">
    <p class='ocr_par' dir='ltr' id='par_1_60' title="bbox 1840 1792 3416 1867">
     <span class='ocr_line' id='line_1_60' title="bbox 1840 1792 3416 1867; baseline 0.003 -20"><span class='ocrx_word' id='word_1_470' title='bbox 1840 1792 2120 1859; x_wconf 84' lang='lat' dir='ltr'><strong>Christus,</strong></span> <span class='ocrx_word' id='word_1_471' title='bbox 2169 1806 2223 1849; x_wconf 90' lang='lat' dir='ltr'><strong>et</strong></span> <span class='ocrx_word' id='word_1_472' title='bbox 2258 1795 2426 1851; x_wconf 85' lang='lat' dir='ltr'><strong>Filius</strong></span> <span class='ocrx_word' id='word_1_473' title='bbox 2465 1797 2748 1863; x_wconf 85' lang='lat' dir='ltr'><strong>Dominus,</strong></span> <span class='ocrx_word' id='word_1_474' title='bbox 2784 1797 3053 1867; x_wconf 83' lang='lat' dir='ltr'><strong>siquidem</strong></span> <span class='ocrx_word' id='word_1_475' title='bbox 3100 1809 3157 1852; x_wconf 91' lang='lat' dir='ltr'><strong>ut</strong></span> <span class='ocrx_word' id='word_1_476' title='bbox 3194 1800 3416 1859; x_wconf 86' lang='lat' dir='ltr'><strong>asseris,</strong></span> 
     </span>
    </p>
   </div>
   <div class='ocr_carea' id='block_1_61' title="bbox 1838 1886 3417 1959">
    <p class='ocr_par' dir='ltr' id='par_1_61' title="bbox 1838 1886 3417 1959">
     <span class='ocr_line' id='line_1_61' title="bbox 1838 1886 3417 1959; baseline 0.001 -21"><span class='ocrx_word' id='word_1_477' title='bbox 1838 1886 2056 1953; x_wconf 87' lang='lat' dir='ltr'><strong>utrique</strong></span> <span class='ocrx_word' id='word_1_478' title='bbox 2076 1888 2303 1941; x_wconf 84' lang='lat' dir='ltr'><strong>seorsim</strong></span> <span class='ocrx_word' id='word_1_479' title='bbox 2340 1891 2599 1943; x_wconf 87' lang='lat' dir='ltr'><strong>convenit</strong></span> <span class='ocrx_word' id='word_1_480' title='bbox 2620 1906 2725 1943; x_wconf 93' lang='lat' dir='ltr'><strong>non</strong></span> <span class='ocrx_word' id='word_1_481' title='bbox 2749 1893 2909 1944; x_wconf 85' lang='lat' dir='ltr'><strong>modo</strong></span> <span class='ocrx_word' id='word_1_482' title='bbox 2928 1901 2984 1943; x_wconf 91' lang='lat' dir='ltr'><strong>ut</strong></span> <span class='ocrx_word' id='word_1_483' title='bbox 3005 1893 3083 1944; x_wconf 87' lang='lat' dir='ltr'><strong>sic</strong></span> <span class='ocrx_word' id='word_1_484' title='bbox 3100 1890 3417 1959; x_wconf 80' lang='lat' dir='ltr'><strong>appelletur,</strong></span> 
     </span>
    </p>
   </div>
   <div class='ocr_carea' id='block_1_62' title="bbox 1838 1978 3422 2047">
    <p class='ocr_par' dir='ltr' id='par_1_62' title="bbox 1838 1978 3422 2047">
     <span class='ocr_line' id='line_1_62' title="bbox 1838 1978 3422 2047; baseline 0.003 -17"><span class='ocrx_word' id='word_1_485' title='bbox 1838 1992 2026 2031; x_wconf 89' lang='lat' dir='ltr'><strong>verum</strong></span> <span class='ocrx_word' id='word_1_486' title='bbox 2056 1978 2307 2034; x_wconf 90' lang='lat' dir='ltr'><strong>etiam.ut</strong></span> <span class='ocrx_word' id='word_1_487' title='bbox 2333 1982 2402 2034; x_wconf 92' lang='lat' dir='ltr'><strong>sit</strong></span> <span class='ocrx_word' id='word_1_488' title='bbox 2433 1995 2580 2047; x_wconf 86' lang='lat' dir='ltr'><strong>vere,</strong></span> <span class='ocrx_word' id='word_1_489' title='bbox 2609 1997 2733 2035; x_wconf 90' lang='lat' dir='ltr'><strong>cum</strong></span> <span class='ocrx_word' id='word_1_490' title='bbox 2766 1982 2869 2035; x_wconf 89' lang='lat' dir='ltr'><strong>isto</strong></span> <span class='ocrx_word' id='word_1_491' title='bbox 2905 1984 3064 2035; x_wconf 83' lang='lat' dir='ltr'><strong>modo</strong></span> <span class='ocrx_word' id='word_1_492' title='bbox 3091 1982 3181 2033; x_wconf 80' lang='lat' dir='ltr'><strong>ﬁat</strong></span> <span class='ocrx_word' id='word_1_493' title='bbox 3212 1990 3269 2033; x_wconf 90' lang='lat' dir='ltr'><strong>ut</strong></span> <span class='ocrx_word' id='word_1_494' title='bbox 3294 1983 3422 2034; x_wconf 88' lang='lat' dir='ltr'><strong>sub-</strong></span> 
     </span>
    </p>
   </div>
   <div class='ocr_carea' id='block_1_63' title="bbox 1838 2072 3424 2129">
    <p class='ocr_par' dir='ltr' id='par_1_63' title="bbox 1838 2072 3424 2129">
     <span class='ocr_line' id='line_1_63' title="bbox 1838 2072 3424 2129; baseline 0.001 -4"><span class='ocrx_word' id='word_1_495' title='bbox 1838 2072 2055 2126; x_wconf 70' lang='lat' dir='ltr'><strong>stantia:</strong></span> <span class='ocrx_word' id='word_1_496' title='bbox 2098 2074 2320 2128; x_wconf 87' lang='lat' dir='ltr'><strong>minime</strong></span> <span class='ocrx_word' id='word_1_497' title='bbox 2367 2074 2513 2129; x_wconf 90' lang='lat' dir='ltr'><strong>inter</strong></span> <span class='ocrx_word' id='word_1_498' title='bbox 2564 2090 2621 2129; x_wconf 89' lang='lat' dir='ltr'><strong>se</strong></span> <span class='ocrx_word' id='word_1_499' title='bbox 2665 2076 2959 2129; x_wconf 88' lang='lat' dir='ltr'><strong>secundum</strong></span> <span class='ocrx_word' id='word_1_500' title='bbox 2999 2076 3252 2129; x_wconf 89' lang='lat' dir='ltr'><strong>unionem</strong></span> <span class='ocrx_word' id='word_1_501' title='bbox 3291 2090 3424 2127; x_wconf 79' lang='lat' dir='ltr'><strong>con-</strong></span> 
     </span>
    </p>
   </div>
   <div class='ocr_carea' id='block_1_64' title="bbox 1837 2159 3423 2231">
    <p class='ocr_par' dir='ltr' id='par_1_64' title="bbox 1837 2159 3423 2231">
     <span class='ocr_line' id='line_1_64' title="bbox 1837 2159 3423 2231; baseline 0.005 -23"><span class='ocrx_word' id='word_1_502' title='bbox 1837 2159 2114 2221; x_wconf 80' lang='lat' dir='ltr'><strong>venerint,</strong></span> <span class='ocrx_word' id='word_1_503' title='bbox 2148 2161 2241 2213; x_wconf 88' lang='lat' dir='ltr'><strong>sed</strong></span> <span class='ocrx_word' id='word_1_504' title='bbox 2293 2162 2467 2215; x_wconf 88' lang='lat' dir='ltr'><strong>solum</strong></span> <span class='ocrx_word' id='word_1_505' title='bbox 2515 2164 2812 2216; x_wconf 86' lang='lat' dir='ltr'><strong>secundum</strong></span> <span class='ocrx_word' id='word_1_506' title='bbox 2855 2164 3167 2231; x_wconf 83' lang='lat' dir='ltr'><strong>dignitatem</strong></span> <span class='ocrx_word' id='word_1_507' title='bbox 3202 2163 3284 2216; x_wconf 83' lang='lat' dir='ltr'><strong>vel</strong></span> <span class='ocrx_word' id='word_1_508' title='bbox 3332 2180 3423 2216; x_wconf 83' lang='lat' dir='ltr'><strong>au-</strong></span> 
     </span>
    </p>
   </div>
   <div class='ocr_carea' id='block_1_65' title="bbox 1836 2250 3420 2322">
    <p class='ocr_par' dir='ltr' id='par_1_65' title="bbox 1836 2250 3420 2322">
     <span class='ocr_line' id='line_1_65' title="bbox 1836 2250 3420 2322; baseline 0.004 -21"><span class='ocrx_word' id='word_1_509' title='bbox 1836 2250 2167 2317; x_wconf 86' lang='lat' dir='ltr'><strong>ctoritatem,</strong></span> <span class='ocrx_word' id='word_1_510' title='bbox 2207 2252 2288 2306; x_wconf 88' lang='lat' dir='ltr'><strong>vel</strong></span> <span class='ocrx_word' id='word_1_511' title='bbox 2326 2263 2649 2321; x_wconf 90' lang='lat' dir='ltr'><strong>potestatem</strong></span> <span class='ocrx_word' id='word_1_512' title='bbox 2692 2255 2854 2307; x_wconf 70' lang='lat' dir='ltr'><strong>unita:</strong></span> <span class='ocrx_word' id='word_1_513' title='bbox 2878 2254 3211 2322; x_wconf 85' lang='lat' dir='ltr'><strong>sint?Atqui</strong></span> <span class='ocrx_word' id='word_1_514' title='bbox 3244 2255 3288 2308; x_wconf 87' lang='lat' dir='ltr'><strong>si</strong></span> <span class='ocrx_word' id='word_1_515' title='bbox 3328 2272 3420 2308; x_wconf 63' lang='lat' dir='ltr'><strong>na~</strong></span> 
     </span>
    </p>
   </div>
   <div class='ocr_carea' id='block_1_66' title="bbox 1838 2346 3421 2416">
    <p class='ocr_par' dir='ltr' id='par_1_66' title="bbox 1838 2346 3421 2416">
     <span class='ocr_line' id='line_1_66' title="bbox 1838 2346 3421 2416; baseline 0.006 -23"><span class='ocrx_word' id='word_1_516' title='bbox 1838 2350 1988 2395; x_wconf 79' lang='lat' dir='ltr'><strong>turns</strong></span> <span class='ocrx_word' id='word_1_517' title='bbox 2008 2357 2187 2395; x_wconf 91' lang='lat' dir='ltr'><strong>rerum</strong></span> <span class='ocrx_word' id='word_1_518' title='bbox 2220 2346 2665 2415; x_wconf 86' lang='lat' dir='ltr'><strong>pervestigenius,</strong></span> <span class='ocrx_word' id='word_1_519' title='bbox 2690 2348 2992 2400; x_wconf 86' lang='lat' dir='ltr'><strong>videbimus</strong></span> <span class='ocrx_word' id='word_1_520' title='bbox 3007 2362 3126 2416; x_wconf 67' lang='lat' dir='ltr'><strong>quae</strong></span> <span class='ocrx_word' id='word_1_521' title='bbox 3152 2350 3265 2415; x_wconf 89' lang='lat' dir='ltr'><strong>pari</strong></span> <span class='ocrx_word' id='word_1_522' title='bbox 3296 2358 3421 2402; x_wconf 79' lang='lat' dir='ltr'><strong>sunt</strong></span> 
     </span>
    </p>
   </div>
   <div class='ocr_carea' id='block_1_67' title="bbox 1836 2433 3417 2501">
    <p class='ocr_par' dir='ltr' id='par_1_67' title="bbox 1836 2433 3417 2501">
     <span class='ocr_line' id='line_1_67' title="bbox 1836 2433 3417 2501; baseline 0.004 -16"><span class='ocrx_word' id='word_1_523' title='bbox 1836 2433 2118 2501; x_wconf 75' lang='lat' dir='ltr'><strong>dignitate,</strong></span> <span class='ocrx_word' id='word_1_524' title='bbox 2155 2450 2258 2488; x_wconf 89' lang='lat' dir='ltr'><strong>non</strong></span> <span class='ocrx_word' id='word_1_525' title='bbox 2297 2450 2359 2489; x_wconf 90' lang='lat' dir='ltr'><strong>ea</strong></span> <span class='ocrx_word' id='word_1_526' title='bbox 2404 2437 2473 2490; x_wconf 85' lang='lat' dir='ltr'><strong>de</strong></span> <span class='ocrx_word' id='word_1_527' title='bbox 2524 2452 2687 2491; x_wconf 89' lang='lat' dir='ltr'><strong>causa</strong></span> <span class='ocrx_word' id='word_1_528' title='bbox 2737 2438 2787 2491; x_wconf 93' lang='lat' dir='ltr'><strong>id</strong></span> <span class='ocrx_word' id='word_1_529' title='bbox 2824 2439 3076 2492; x_wconf 89' lang='lat' dir='ltr'><strong>amittere</strong></span> <span class='ocrx_word' id='word_1_530' title='bbox 3123 2454 3189 2491; x_wconf 91' lang='lat' dir='ltr'><strong>ne</strong></span> <span class='ocrx_word' id='word_1_531' title='bbox 3236 2442 3417 2492; x_wconf 87' lang='lat' dir='ltr'><strong>minus</strong></span> 
     </span>
    </p>
   </div>
   <div class='ocr_carea' id='block_1_68' title="bbox 1845 2525 3419 2601">
    <p class='ocr_par' dir='ltr' id='par_1_68' title="bbox 1845 2525 3419 2601">
     <span class='ocr_line' id='line_1_68' title="bbox 1845 2525 3419 2601; baseline 0.005 -25"><span class='ocrx_word' id='word_1_532' title='bbox 1845 2525 1957 2593; x_wconf 74' lang='lat' dir='ltr'><strong>ipsa</strong></span> <span class='ocrx_word' id='word_1_533' title='bbox 2000 2528 2223 2596; x_wconf 90' lang='lat' dir='ltr'><strong>pr0prie</strong></span> <span class='ocrx_word' id='word_1_534' title='bbox 2276 2530 2643 2598; x_wconf 83' lang='lat' dir='ltr'><strong>privatimque</strong></span> <span class='ocrx_word' id='word_1_535' title='bbox 2689 2532 3010 2594; x_wconf 83' lang='lat' dir='ltr'><strong>consistant,</strong></span> <span class='ocrx_word' id='word_1_536' title='bbox 3058 2546 3231 2601; x_wconf 88' lang='lat' dir='ltr'><strong>neque</strong></span> <span class='ocrx_word' id='word_1_537' title='bbox 3276 2533 3419 2599; x_wconf 86' lang='lat' dir='ltr'><strong>quod</strong></span> 
     </span>
    </p>
   </div>
   <div class='ocr_carea' id='block_1_69' title="bbox 1839 2617 3417 2686">
    <p class='ocr_par' dir='ltr' id='par_1_69' title="bbox 1839 2617 3417 2686">
     <span class='ocr_line' id='line_1_69' title="bbox 1839 2617 3417 2686; baseline 0.006 -20"><span class='ocrx_word' id='word_1_538' title='bbox 1839 2617 1959 2683; x_wconf 88' lang='lat' dir='ltr'><strong>pari</strong></span> <span class='ocrx_word' id='word_1_539' title='bbox 1991 2617 2101 2669; x_wconf 91' lang='lat' dir='ltr'><strong>sint</strong></span> <span class='ocrx_word' id='word_1_540' title='bbox 2132 2618 2301 2686; x_wconf 88' lang='lat' dir='ltr'><strong>gloria</strong></span> <span class='ocrx_word' id='word_1_541' title='bbox 2334 2620 2384 2672; x_wconf 88' lang='lat' dir='ltr'><strong>id</strong></span> <span class='ocrx_word' id='word_1_542' title='bbox 2418 2621 2484 2674; x_wconf 89' lang='lat' dir='ltr'><strong>ad</strong></span> <span class='ocrx_word' id='word_1_543' title='bbox 2508 2622 2759 2676; x_wconf 90' lang='lat' dir='ltr'><strong>unionem</strong></span> <span class='ocrx_word' id='word_1_544' title='bbox 2786 2621 3120 2677; x_wconf 78' lang='lat' dir='ltr'><strong>emciendam</strong></span> <span class='ocrx_word' id='word_1_545' title='bbox 3150 2622 3417 2678; x_wconf 69' lang='lat' dir='ltr'><strong>sufficere.</strong></span> 
     </span>
    </p>
   </div>
   <div class='ocr_carea' id='block_1_70' title="bbox 1839 2705 3416 2782">
    <p class='ocr_par' dir='ltr' id='par_1_70' title="bbox 1839 2705 3416 2782">
     <span class='ocr_line' id='line_1_70' title="bbox 1839 2705 3416 2782; baseline 0.005 -25"><span class='ocrx_word' id='word_1_546' title='bbox 1839 2705 1998 2760; x_wconf 85' lang='lat' dir='ltr'><strong>Verbi</strong></span> <span class='ocrx_word' id='word_1_547' title='bbox 2046 2711 2239 2775; x_wconf 82' lang='lat' dir='ltr'><strong>gratia,</strong></span> <span class='ocrx_word' id='word_1_548' title='bbox 2293 2708 2494 2765; x_wconf 86' lang='lat' dir='ltr'><strong>Petrus</strong></span> <span class='ocrx_word' id='word_1_549' title='bbox 2527 2723 2580 2765; x_wconf 90' lang='lat' dir='ltr'><strong>et</strong></span> <span class='ocrx_word' id='word_1_550' title='bbox 2626 2711 2865 2768; x_wconf 83' lang='lat' dir='ltr'><strong>Joannes</strong></span> <span class='ocrx_word' id='word_1_551' title='bbox 2900 2715 3060 2767; x_wconf 84' lang='lat' dir='ltr'><strong>ambo</strong></span> <span class='ocrx_word' id='word_1_552' title='bbox 3092 2723 3145 2768; x_wconf 92' lang='lat' dir='ltr'><strong>et</strong></span> <span class='ocrx_word' id='word_1_553' title='bbox 3185 2715 3416 2782; x_wconf 87' lang='lat' dir='ltr'><strong>apostoli</strong></span> 
     </span>
    </p>
   </div>
   <div class='ocr_carea' id='block_1_71' title="bbox 1834 2802 3420 2874">
    <p class='ocr_par' dir='ltr' id='par_1_71' title="bbox 1834 2802 3420 2874">
     <span class='ocr_line' id='line_1_71' title="bbox 1834 2802 3420 2874; baseline 0.006 -24"><span class='ocrx_word' id='word_1_554' title='bbox 1834 2810 1888 2851; x_wconf 92' lang='lat' dir='ltr'><strong>et</strong></span> <span class='ocrx_word' id='word_1_555' title='bbox 1932 2802 2102 2853; x_wconf 68' lang='lat' dir='ltr'><strong>sancti</strong></span> <span class='ocrx_word' id='word_1_556' title='bbox 2143 2802 2239 2854; x_wconf 90' lang='lat' dir='ltr'><strong>viri</strong></span> <span class='ocrx_word' id='word_1_557' title='bbox 2294 2812 2475 2869; x_wconf 90' lang='lat' dir='ltr'><strong>erant,</strong></span> <span class='ocrx_word' id='word_1_558' title='bbox 2512 2814 2566 2857; x_wconf 90' lang='lat' dir='ltr'><strong>et</strong></span> <span class='ocrx_word' id='word_1_559' title='bbox 2596 2805 2710 2872; x_wconf 89' lang='lat' dir='ltr'><strong>pari</strong></span> <span class='ocrx_word' id='word_1_560' title='bbox 2745 2806 2949 2859; x_wconf 85' lang='lat' dir='ltr'><strong>honore</strong></span> <span class='ocrx_word' id='word_1_561' title='bbox 2992 2820 3053 2860; x_wconf 91' lang='lat' dir='ltr'><strong>ac</strong></span> <span class='ocrx_word' id='word_1_562' title='bbox 3094 2809 3293 2860; x_wconf 80' lang='lat' dir='ltr'><strong>virtute</strong></span> <span class='ocrx_word' id='word_1_563' title='bbox 3326 2822 3420 2874; x_wconf 90' lang='lat' dir='ltr'><strong>per</strong></span> 
     </span>
    </p>
   </div>
   <div class='ocr_carea' id='block_1_72' title="bbox 1836 2888 3419 2956">
    <p class='ocr_par' dir='ltr' id='par_1_72' title="bbox 1836 2888 3419 2956">
     <span class='ocr_line' id='line_1_72' title="bbox 1836 2888 3419 2956; baseline 0.004 -15"><span class='ocrx_word' id='word_1_564' title='bbox 1836 2888 2100 2956; x_wconf 85' lang='lat' dir='ltr'><strong>Spiritum</strong></span> <span class='ocrx_word' id='word_1_565' title='bbox 2147 2903 2391 2945; x_wconf 84' lang='lat' dir='ltr'><strong>sanctum</strong></span> <span class='ocrx_word' id='word_1_566' title='bbox 2460 2895 2527 2949; x_wconf 86' lang='lat' dir='ltr'><strong>ab</strong></span> <span class='ocrx_word' id='word_1_567' title='bbox 2574 2897 2816 2949; x_wconf 88' lang='lat' dir='ltr'><strong>omnium</strong></span> <span class='ocrx_word' id='word_1_568' title='bbox 2866 2898 3147 2950; x_wconf 87' lang='lat' dir='ltr'><strong>Salvatore</strong></span> <span class='ocrx_word' id='word_1_569' title='bbox 3196 2897 3419 2951; x_wconf 82' lang='lat' dir='ltr'><strong>Christo</strong></span> 
     </span>
    </p>
   </div>
   <div class='ocr_carea' id='block_1_73' title="bbox 1835 2982 3419 3043">
    <p class='ocr_par' dir='ltr' id='par_1_73' title="bbox 1835 2982 3419 3043">
     <span class='ocr_line' id='line_1_73' title="bbox 1835 2982 3419 3043; baseline 0.003 -7"><span class='ocrx_word' id='word_1_570' title='bbox 1835 2982 2074 3038; x_wconf 81' lang='lat' dir='ltr'><strong>decorati</strong></span> <span class='ocrx_word' id='word_1_571' title='bbox 2116 3002 2129 3036; x_wconf 90' lang='lat'>:</span> <span class='ocrx_word' id='word_1_572' title='bbox 2169 2985 2329 3039; x_wconf 87' lang='lat' dir='ltr'><strong>simul</strong></span> <span class='ocrx_word' id='word_1_573' title='bbox 2360 2988 2505 3040; x_wconf 88' lang='lat' dir='ltr'><strong>enim</strong></span> <span class='ocrx_word' id='word_1_574' title='bbox 2542 3003 2663 3041; x_wconf 85' lang='lat' dir='ltr'><strong>cum</strong></span> <span class='ocrx_word' id='word_1_575' title='bbox 2712 2990 2927 3043; x_wconf 74' lang='lat' dir='ltr'><strong>caeteris</strong></span> <span class='ocrx_word' id='word_1_576' title='bbox 2961 2990 3063 3041; x_wconf 87' lang='lat' dir='ltr'><strong>sibi</strong></span> <span class='ocrx_word' id='word_1_577' title='bbox 3096 2988 3297 3043; x_wconf 91' lang='lat' dir='ltr'><strong>dictum</strong></span> <span class='ocrx_word' id='word_1_578' title='bbox 3324 3007 3419 3041; x_wconf 82' lang='lat' dir='ltr'><strong>au-</strong></span> 
     </span>
    </p>
   </div>
   <div class='ocr_carea' id='block_1_74' title="bbox 1836 3073 3417 3150">
    <p class='ocr_par' dir='ltr' id='par_1_74' title="bbox 1836 3073 3417 3150">
     <span class='ocr_line' id='line_1_74' title="bbox 1836 3073 3417 3150; baseline 0.005 -25"><span class='ocrx_word' id='word_1_579' title='bbox 1836 3073 2050 3126; x_wconf 80' lang='lat' dir='ltr'><strong>dierant</strong></span> <span class='ocrx_word' id='word_1_580' title='bbox 2079 3093 2091 3127; x_wconf 91' lang='lat'><strong>:</strong></span> <span class='ocrx_word' id='word_1_581' title='bbox 2132 3093 2149 3125; x_wconf 80' lang='grc' dir='ltr'><strong>ι</strong></span> <span class='ocrx_word' id='word_1_582' title='bbox 2186 3076 2290 3130; x_wconf 80' lang='lat' dir='ltr'><strong>Vos</strong></span> <span class='ocrx_word' id='word_1_583' title='bbox 2322 3079 2455 3130; x_wconf 86' lang='lat' dir='ltr'><strong>estis</strong></span> <span class='ocrx_word' id='word_1_584' title='bbox 2488 3078 2574 3131; x_wconf 80' lang='lat' dir='ltr'><strong>lux</strong></span> <span class='ocrx_word' id='word_1_585' title='bbox 2612 3081 2796 3133; x_wconf 90' lang='lat' dir='ltr'><strong>mundi</strong></span> <span class='ocrx_word' id='word_1_586' title='bbox 2831 3100 2850 3132; x_wconf 87' lang='grc' dir='ltr'><strong>ι</strong></span> <span class='ocrx_word' id='word_1_587' title='bbox 2888 3081 3050 3150; x_wconf 83' lang='lat' dir='ltr'><strong>hujus</strong></span> <span class='ocrx_word' id='word_1_588' title='bbox 3077 3080 3164 3134; x_wconf 84' lang='lat'><strong>”:</strong></span> <span class='ocrx_word' id='word_1_589' title='bbox 3202 3091 3256 3133; x_wconf 88' lang='lat' dir='ltr'><strong>ct</strong></span> <span class='ocrx_word' id='word_1_590' title='bbox 3306 3098 3417 3133; x_wconf 91' lang='lat' dir='ltr'><strong>rur-</strong></span> 
     </span>
    </p>
   </div>
   <div class='ocr_carea' id='block_1_75' title="bbox 1836 3166 3420 3242">
    <p class='ocr_par' dir='ltr' id='par_1_75' title="bbox 1836 3166 3420 3242">
     <span class='ocr_line' id='line_1_75' title="bbox 1836 3166 3420 3242; baseline 0.007 -25"><span class='ocrx_word' id='word_1_591' title='bbox 1836 3179 1989 3221; x_wconf 89' lang='lat' dir='ltr'><strong>sum:</strong></span> <span class='ocrx_word' id='word_1_592' title='bbox 2020 3184 2039 3216; x_wconf 81' lang='grc' dir='ltr'><strong>ι</strong></span> <span class='ocrx_word' id='word_1_593' title='bbox 2078 3166 2324 3221; x_wconf 88' lang='lat' dir='ltr'><strong>lnlirmos</strong></span> <span class='ocrx_word' id='word_1_594' title='bbox 2348 3180 2559 3235; x_wconf 83' lang='lat' dir='ltr'><strong>curate,</strong></span> <span class='ocrx_word' id='word_1_595' title='bbox 2588 3183 2832 3225; x_wconf 90' lang='lat' dir='ltr'><strong>mortuos</strong></span> <span class='ocrx_word' id='word_1_596' title='bbox 2862 3173 3142 3239; x_wconf 90' lang='lat' dir='ltr'><strong>suscitate,</strong></span> <span class='ocrx_word' id='word_1_597' title='bbox 3175 3174 3420 3242; x_wconf 86' lang='lat' dir='ltr'><strong>leprosos</strong></span> 
     </span>
    </p>
   </div>
   <div class='ocr_carea' id='block_1_76' title="bbox 1841 3256 3419 3338">
    <p class='ocr_par' dir='ltr' id='par_1_76' title="bbox 1841 3256 3419 3338">
     <span class='ocr_line' id='line_1_76' title="bbox 1841 3256 3419 3338; baseline 0.009 -31"><span class='ocrx_word' id='word_1_598' title='bbox 1841 3256 2117 3319; x_wconf 89' lang='lat' dir='ltr'><strong>mundate,</strong></span> <span class='ocrx_word' id='word_1_599' title='bbox 2172 3258 2436 3312; x_wconf 78' lang='lat' dir='ltr'><strong>damionia</strong></span> <span class='ocrx_word' id='word_1_600' title='bbox 2484 3260 2666 3327; x_wconf 85' lang='lat' dir='ltr'><strong>ejicite</strong></span> <span class='ocrx_word' id='word_1_601' title='bbox 2710 3264 2777 3320; x_wconf 85' lang='lat'><strong>&quot;.</strong></span> <span class='ocrx_word' id='word_1_602' title='bbox 2826 3282 2845 3315; x_wconf 73' lang='grc' dir='ltr'><strong>ι</strong></span> <span class='ocrx_word' id='word_1_603' title='bbox 2898 3264 3033 3321; x_wconf 84' lang='lat' dir='ltr'><strong>Num</strong></span> <span class='ocrx_word' id='word_1_604' title='bbox 3069 3282 3199 3338; x_wconf 88' lang='lat' dir='ltr'><strong>ergo</strong></span> <span class='ocrx_word' id='word_1_605' title='bbox 3242 3283 3306 3322; x_wconf 79' lang='lat' dir='ltr'><strong>ex</strong></span> <span class='ocrx_word' id='word_1_606' title='bbox 3354 3284 3419 3321; x_wconf 91' lang='lat' dir='ltr'><strong>eo</strong></span> 
     </span>
    </p>
   </div>
   <div class='ocr_carea' id='block_1_77' title="bbox 1839 3345 3417 3421">
    <p class='ocr_par' dir='ltr' id='par_1_77' title="bbox 1839 3345 3417 3421">
     <span class='ocr_line' id='line_1_77' title="bbox 1839 3345 3417 3421; baseline 0.011 -26"><span class='ocrx_word' id='word_1_607' title='bbox 1839 3345 1982 3412; x_wconf 89' lang='lat' dir='ltr'><strong>quod</strong></span> <span class='ocrx_word' id='word_1_608' title='bbox 2044 3348 2157 3416; x_wconf 87' lang='lat' dir='ltr'><strong>pari</strong></span> <span class='ocrx_word' id='word_1_609' title='bbox 2208 3360 2363 3402; x_wconf 90' lang='lat' dir='ltr'><strong>erant</strong></span> <span class='ocrx_word' id='word_1_610' title='bbox 2418 3351 2684 3421; x_wconf 87' lang='lat' dir='ltr'><strong>dignitate</strong></span> <span class='ocrx_word' id='word_1_611' title='bbox 2743 3355 2826 3410; x_wconf 90' lang='lat' dir='ltr'><strong>vel</strong></span> <span class='ocrx_word' id='word_1_612' title='bbox 2881 3359 3233 3421; x_wconf 78' lang='lat' dir='ltr'><strong>auctoritate,</strong></span> <span class='ocrx_word' id='word_1_613' title='bbox 3284 3360 3417 3412; x_wconf 89' lang='lat' dir='ltr'><strong>illud</strong></span> 
     </span>
    </p>
   </div>
   <div class='ocr_carea' id='block_1_78' title="bbox 1836 3435 3417 3511">
    <p class='ocr_par' dir='ltr' id='par_1_78' title="bbox 1836 3435 3417 3511">
     <span class='ocr_line' id='line_1_78' title="bbox 1836 3435 3417 3511; baseline 0.009 -25"><span class='ocrx_word' id='word_1_614' title='bbox 1836 3435 1998 3487; x_wconf 88' lang='lat' dir='ltr'><strong>etiam</strong></span> <span class='ocrx_word' id='word_1_615' title='bbox 2027 3453 2123 3491; x_wconf 82' lang='lat' dir='ltr'><strong>eos</strong></span> <span class='ocrx_word' id='word_1_616' title='bbox 2158 3442 2411 3495; x_wconf 83' lang='lat' dir='ltr'><strong>habuisse</strong></span> <span class='ocrx_word' id='word_1_617' title='bbox 2445 3458 2779 3509; x_wconf 90' lang='lat' dir='ltr'><strong>asseremus,</strong></span> <span class='ocrx_word' id='word_1_618' title='bbox 2805 3456 2862 3499; x_wconf 89' lang='lat' dir='ltr'><strong>ut</strong></span> <span class='ocrx_word' id='word_1_619' title='bbox 2894 3464 3016 3501; x_wconf 88' lang='lat' dir='ltr'><strong>cum</strong></span> <span class='ocrx_word' id='word_1_620' title='bbox 3073 3450 3177 3502; x_wconf 89' lang='lat' dir='ltr'><strong>duo</strong></span> <span class='ocrx_word' id='word_1_621' title='bbox 3208 3457 3417 3511; x_wconf 89' lang='lat' dir='ltr'><strong>essent,</strong></span> 
     </span>
    </p>
   </div>
   <div class='ocr_carea' id='block_1_79' title="bbox 1838 3528 3417 3604">
    <p class='ocr_par' dir='ltr' id='par_1_79' title="bbox 1838 3528 3417 3604">
     <span class='ocr_line' id='line_1_79' title="bbox 1838 3528 3417 3604; baseline 0.011 -28"><span class='ocrx_word' id='word_1_622' title='bbox 1838 3541 1977 3579; x_wconf 89' lang='lat' dir='ltr'><strong>unus</strong></span> <span class='ocrx_word' id='word_1_623' title='bbox 2026 3528 2187 3582; x_wconf 87' lang='lat' dir='ltr'><strong>homo</strong></span> <span class='ocrx_word' id='word_1_624' title='bbox 2235 3535 2594 3587; x_wconf 75' lang='lat' dir='ltr'><strong>censeretur?</strong></span> <span class='ocrx_word' id='word_1_625' title='bbox 2640 3537 2802 3604; x_wconf 84' lang='lat' dir='ltr'><strong>idque</strong></span> <span class='ocrx_word' id='word_1_626' title='bbox 2852 3538 2919 3592; x_wconf 89' lang='lat' dir='ltr'><strong>ad</strong></span> <span class='ocrx_word' id='word_1_627' title='bbox 2967 3540 3221 3594; x_wconf 90' lang='lat' dir='ltr'><strong>unionem</strong></span> <span class='ocrx_word' id='word_1_628' title='bbox 3269 3551 3417 3594; x_wconf 78' lang='lat' dir='ltr'><strong>certe</strong></span> 
     </span>
    </p>
   </div>
   <div class='ocr_carea' id='block_1_80' title="bbox 1835 3617 3415 3695">
    <p class='ocr_par' dir='ltr' id='par_1_80' title="bbox 1835 3617 3415 3695">
     <span class='ocr_line' id='line_1_80' title="bbox 1835 3617 3415 3695; baseline 0.009 -27"><span class='ocrx_word' id='word_1_629' title='bbox 1835 3617 2195 3687; x_wconf 88' lang='lat' dir='ltr'><strong>Iiypostaseon</strong></span> <span class='ocrx_word' id='word_1_630' title='bbox 2234 3636 2356 3676; x_wconf 90' lang='lat' dir='ltr'><strong>esse</strong></span> <span class='ocrx_word' id='word_1_631' title='bbox 2398 3625 2577 3678; x_wconf 83' lang='lat' dir='ltr'><strong>satis?</strong></span> <span class='ocrx_word' id='word_1_632' title='bbox 2615 3626 2779 3695; x_wconf 85' lang='lat' dir='ltr'><strong>Atqui</strong></span> <span class='ocrx_word' id='word_1_633' title='bbox 2821 3644 2997 3682; x_wconf 90' lang='lat' dir='ltr'><strong>nonne</strong></span> <span class='ocrx_word' id='word_1_634' title='bbox 3034 3630 3415 3683; x_wconf 87' lang='lat' dir='ltr'><strong>stultissimum</strong></span> 
     </span>
    </p>
   </div>
   <div class='ocr_carea' id='block_1_81' title="bbox 1834 3713 3415 3789">
    <p class='ocr_par' dir='ltr' id='par_1_81' title="bbox 1834 3713 3415 3789">
     <span class='ocr_line' id='line_1_81' title="bbox 1834 3713 3415 3789; baseline 0.009 -26"><span class='ocrx_word' id='word_1_635' title='bbox 1834 3713 2167 3767; x_wconf 89' lang='lat' dir='ltr'><strong>censendum</strong></span> <span class='ocrx_word' id='word_1_636' title='bbox 2209 3716 2280 3769; x_wconf 89' lang='lat' dir='ltr'><strong>sit</strong></span> <span class='ocrx_word' id='word_1_637' title='bbox 2321 3717 2390 3769; x_wconf 91' lang='lat' dir='ltr'><strong>ita</strong></span> <span class='ocrx_word' id='word_1_638' title='bbox 2418 3718 2669 3773; x_wconf 85' lang='lat' dir='ltr'><strong>sentire?</strong></span> <span class='ocrx_word' id='word_1_639' title='bbox 2692 3721 2802 3774; x_wconf 91' lang='lat' dir='ltr'><strong>Cur</strong></span> <span class='ocrx_word' id='word_1_640' title='bbox 2832 3738 2958 3789; x_wconf 86' lang='lat' dir='ltr'><strong>ergo</strong></span> <span class='ocrx_word' id='word_1_641' title='bbox 2998 3731 3048 3775; x_wconf 90' lang='lat' dir='ltr'><strong>te</strong></span> <span class='ocrx_word' id='word_1_642' title='bbox 3080 3722 3304 3775; x_wconf 84' lang='lat' dir='ltr'><strong>simulas</strong></span> <span class='ocrx_word' id='word_1_643' title='bbox 3332 3738 3415 3777; x_wconf 85' lang='lat' dir='ltr'><strong>re-</strong></span> 
     </span>
    </p>
   </div>
   <div class='ocr_carea' id='block_1_82' title="bbox 1837 3802 3413 3869">
    <p class='ocr_par' dir='ltr' id='par_1_82' title="bbox 1837 3802 3413 3869">
     <span class='ocr_line' id='line_1_82' title="bbox 1837 3802 3413 3869; baseline 0.005 -13"><span class='ocrx_word' id='word_1_644' title='bbox 1837 3812 1980 3856; x_wconf 84' lang='lat' dir='ltr'><strong>etani</strong></span> <span class='ocrx_word' id='word_1_645' title='bbox 2014 3802 2170 3856; x_wconf 83' lang='lat' dir='ltr'><strong>ﬁdem</strong></span> <span class='ocrx_word' id='word_1_646' title='bbox 2213 3815 2422 3869; x_wconf 87' lang='lat' dir='ltr'><strong>tenere,</strong></span> <span class='ocrx_word' id='word_1_647' title='bbox 2451 3824 2570 3861; x_wconf 91' lang='lat' dir='ltr'><strong>cum</strong></span> <span class='ocrx_word' id='word_1_648' title='bbox 2599 3810 2873 3863; x_wconf 88' lang='lat' dir='ltr'><strong>Christum</strong></span> <span class='ocrx_word' id='word_1_649' title='bbox 2905 3811 3085 3864; x_wconf 85' lang='lat' dir='ltr'><strong>Jesum</strong></span> <span class='ocrx_word' id='word_1_650' title='bbox 3128 3811 3413 3865; x_wconf 86' lang='lat' dir='ltr'><strong>Dominum</strong></span> 
     </span>
    </p>
   </div>
   <div class='ocr_carea' id='block_1_83' title="bbox 1834 3896 3417 3973">
    <p class='ocr_par' dir='ltr' id='par_1_83' title="bbox 1834 3896 3417 3973">
     <span class='ocr_line' id='line_1_83' title="bbox 1834 3896 3417 3973; baseline 0.005 -24"><span class='ocrx_word' id='word_1_651' title='bbox 1834 3896 1970 3949; x_wconf 87' lang='lat' dir='ltr'><strong>dicis</strong></span> <span class='ocrx_word' id='word_1_652' title='bbox 1995 3898 2213 3964; x_wconf 85' lang='lat' dir='ltr'><strong>quidem</strong></span> <span class='ocrx_word' id='word_1_653' title='bbox 2248 3914 2435 3964; x_wconf 92' lang='lat' dir='ltr'><strong>unum,</strong></span> <span class='ocrx_word' id='word_1_654' title='bbox 2467 3902 2561 3953; x_wconf 86' lang='lat' dir='ltr'><strong>sed</strong></span> <span class='ocrx_word' id='word_1_655' title='bbox 2594 3902 2736 3955; x_wconf 89' lang='lat' dir='ltr'><strong>hunc</strong></span> <span class='ocrx_word' id='word_1_656' title='bbox 2769 3919 2934 3955; x_wconf 89' lang='lat' dir='ltr'><strong>unum</strong></span> <span class='ocrx_word' id='word_1_657' title='bbox 2981 3904 3030 3955; x_wconf 90' lang='lat' dir='ltr'><strong>in</strong></span> <span class='ocrx_word' id='word_1_658' title='bbox 3060 3904 3193 3957; x_wconf 90' lang='lat' dir='ltr'><strong>duas</strong></span> <span class='ocrx_word' id='word_1_659' title='bbox 3237 3920 3417 3973; x_wconf 80' lang='lat' dir='ltr'><strong>perso-</strong></span> 
     </span>
    </p>
   </div>
   <div class='ocr_carea' id='block_1_84' title="bbox 1836 3990 3415 4058">
    <p class='ocr_par' dir='ltr' id='par_1_84' title="bbox 1836 3990 3415 4058">
     <span class='ocr_line' id='line_1_84' title="bbox 1836 3990 3415 4058; baseline 0.006 -18"><span class='ocrx_word' id='word_1_660' title='bbox 1836 4002 1931 4041; x_wconf 85' lang='lat' dir='ltr'><strong>nas</strong></span> <span class='ocrx_word' id='word_1_661' title='bbox 1981 3998 2036 4041; x_wconf 90' lang='lat' dir='ltr'><strong>et</strong></span> <span class='ocrx_word' id='word_1_662' title='bbox 2091 3990 2410 4058; x_wconf 86' lang='lat' dir='ltr'><strong>hypostases</strong></span> <span class='ocrx_word' id='word_1_663' title='bbox 2454 3991 2689 4046; x_wconf 84' lang='lat' dir='ltr'><strong>dividis?</strong></span> <span class='ocrx_word' id='word_1_664' title='bbox 2729 4004 2781 4046; x_wconf 91' lang='lat' dir='ltr'><strong>et</strong></span> <span class='ocrx_word' id='word_1_665' title='bbox 2827 4009 2966 4046; x_wconf 73' lang='lat' dir='ltr'><strong>vera:</strong></span> <span class='ocrx_word' id='word_1_666' title='bbox 3016 3994 3159 4049; x_wconf 91' lang='lat' dir='ltr'><strong>illius</strong></span> <span class='ocrx_word' id='word_1_667' title='bbox 3201 3995 3415 4049; x_wconf 88' lang='lat' dir='ltr'><strong>unionis</strong></span> 
     </span>
    </p>
   </div>
   <div class='ocr_carea' id='block_1_85' title="bbox 1836 4081 3413 4153">
    <p class='ocr_par' dir='ltr' id='par_1_85' title="bbox 1836 4081 3413 4153">
     <span class='ocr_line' id='line_1_85' title="bbox 1836 4081 3413 4153; baseline 0.004 -21"><span class='ocrx_word' id='word_1_668' title='bbox 1836 4081 2077 4143; x_wconf 84' lang='lat' dir='ltr'><strong>modum,</strong></span> <span class='ocrx_word' id='word_1_669' title='bbox 2127 4096 2222 4147; x_wconf 90' lang='lat' dir='ltr'><strong>per</strong></span> <span class='ocrx_word' id='word_1_670' title='bbox 2269 4097 2427 4149; x_wconf 90' lang='lat' dir='ltr'><strong>quem</strong></span> <span class='ocrx_word' id='word_1_671' title='bbox 2458 4098 2585 4135; x_wconf 86' lang='lat' dir='ltr'><strong>vere</strong></span> <span class='ocrx_word' id='word_1_672' title='bbox 2616 4100 2753 4136; x_wconf 92' lang='lat' dir='ltr'><strong>unus</strong></span> <span class='ocrx_word' id='word_1_673' title='bbox 2801 4100 2862 4137; x_wconf 82' lang='lat' dir='ltr'><strong>ac</strong></span> <span class='ocrx_word' id='word_1_674' title='bbox 2895 4086 3039 4139; x_wconf 92' lang='lat' dir='ltr'><strong>solus</strong></span> <span class='ocrx_word' id='word_1_675' title='bbox 3082 4101 3201 4140; x_wconf 87' lang='lat' dir='ltr'><strong>esse</strong></span> <span class='ocrx_word' id='word_1_676' title='bbox 3232 4097 3413 4153; x_wconf 85' lang='lat' dir='ltr'><strong>potest</strong></span> 
     </span>
    </p>
   </div>
   <div class='ocr_carea' id='block_1_86' title="bbox 1835 4171 3407 4246">
    <p class='ocr_par' dir='ltr' id='par_1_86' title="bbox 1835 4171 3407 4246">
     <span class='ocr_line' id='line_1_86' title="bbox 1835 4171 3407 4246; baseline 0.006 -23"><span class='ocrx_word' id='word_1_677' title='bbox 1835 4171 2106 4231; x_wconf 84' lang='lat' dir='ltr'><strong>Christus,</strong></span> <span class='ocrx_word' id='word_1_678' title='bbox 2135 4173 2428 4239; x_wconf 88' lang='lat' dir='ltr'><strong>improbas,</strong></span> <span class='ocrx_word' id='word_1_679' title='bbox 2453 4174 2595 4227; x_wconf 85' lang='lat' dir='ltr'><strong>illam</strong></span> <span class='ocrx_word' id='word_1_680' title='bbox 2632 4192 2760 4228; x_wconf 90' lang='lat' dir='ltr'><strong>vero</strong></span> <span class='ocrx_word' id='word_1_681' title='bbox 2799 4177 3018 4230; x_wconf 87' lang='lat' dir='ltr'><strong>honoris</strong></span> <span class='ocrx_word' id='word_1_682' title='bbox 3047 4180 3407 4246; x_wconf 68' lang='lat' dir='ltr'><strong>mqmilitatem</strong></span> 
     </span>
    </p>
   </div>
   <div class='ocr_carea' id='block_1_87' title="bbox 1834 4264 3411 4334">
    <p class='ocr_par' dir='ltr' id='par_1_87' title="bbox 1834 4264 3411 4334">
     <span class='ocr_line' id='line_1_87' title="bbox 1834 4264 3411 4334; baseline 0.006 -19"><span class='ocrx_word' id='word_1_683' title='bbox 1834 4277 1961 4315; x_wconf 88' lang='lat' dir='ltr'><strong>vere</strong></span> <span class='ocrx_word' id='word_1_684' title='bbox 2012 4264 2448 4329; x_wconf 88' lang='lat' dir='ltr'><strong>conjunctioiicni</strong></span> <span class='ocrx_word' id='word_1_685' title='bbox 2502 4268 2778 4334; x_wconf 83' lang='lat' dir='ltr'><strong>appellas?</strong></span> <span class='ocrx_word' id='word_1_686' title='bbox 2820 4270 3004 4333; x_wconf 72' lang='lat' dir='ltr'><strong>Qualis</strong></span> <span class='ocrx_word' id='word_1_687' title='bbox 3040 4274 3181 4323; x_wconf 87' lang='lat' dir='ltr'><strong>enim</strong></span> <span class='ocrx_word' id='word_1_688' title='bbox 3227 4274 3270 4325; x_wconf 88' lang='lat' dir='ltr'><strong>is</strong></span> <span class='ocrx_word' id='word_1_689' title='bbox 3329 4284 3411 4325; x_wconf 80' lang='lat' dir='ltr'><strong>est</strong></span> 
     </span>
    </p>
   </div>
   <div class='ocr_carea' id='block_1_88' title="bbox 1837 4355 3411 4428">
    <p class='ocr_par' dir='ltr' id='par_1_88' title="bbox 1837 4355 3411 4428">
     <span class='ocr_line' id='line_1_88' title="bbox 1837 4355 3411 4428; baseline 0.006 -21"><span class='ocrx_word' id='word_1_690' title='bbox 1837 4355 2245 4423; x_wconf 88' lang='lat' dir='ltr'><strong>conjunctionis</strong></span> <span class='ocrx_word' id='word_1_691' title='bbox 2294 4356 2634 4410; x_wconf 87' lang='lat' dir='ltr'><strong>inodus?An</strong></span> <span class='ocrx_word' id='word_1_692' title='bbox 2674 4360 2889 4427; x_wconf 85' lang='lat' dir='ltr'><strong>ignoras</strong></span> <span class='ocrx_word' id='word_1_693' title='bbox 2924 4378 3120 4428; x_wconf 83' lang='lat' dir='ltr'><strong>cupere</strong></span> <span class='ocrx_word' id='word_1_694' title='bbox 3166 4364 3411 4417; x_wconf 88' lang='lat' dir='ltr'><strong>homines</strong></span> 
     </span>
    </p>
   </div>
   <div class='ocr_carea' id='block_1_89' title="bbox 1833 4445 3409 4522">
    <p class='ocr_par' dir='ltr' id='par_1_89' title="bbox 1833 4445 3409 4522">
     <span class='ocr_line' id='line_1_89' title="bbox 1833 4445 3409 4522; baseline 0.006 -27"><span class='ocrx_word' id='word_1_695' title='bbox 1833 4445 1923 4512; x_wconf 90' lang='lat' dir='ltr'><strong>qui</strong></span> <span class='ocrx_word' id='word_1_696' title='bbox 1952 4445 2004 4497; x_wconf 92' lang='lat' dir='ltr'><strong>in</strong></span> <span class='ocrx_word' id='word_1_697' title='bbox 2039 4445 2141 4499; x_wconf 88' lang='lat' dir='ltr'><strong>hoc</strong></span> <span class='ocrx_word' id='word_1_698' title='bbox 2172 4447 2370 4499; x_wconf 67' lang='lat' dir='ltr'><strong>saeculo</strong></span> <span class='ocrx_word' id='word_1_699' title='bbox 2402 4460 2708 4511; x_wconf 88' lang='lat' dir='ltr'><strong>versantur,</strong></span> <span class='ocrx_word' id='word_1_700' title='bbox 2738 4452 3007 4503; x_wconf 84' lang='lat' dir='ltr'><strong>mundana</strong></span> <span class='ocrx_word' id='word_1_701' title='bbox 3035 4455 3189 4516; x_wconf 87' lang='lat' dir='ltr'><strong>potiri</strong></span> <span class='ocrx_word' id='word_1_702' title='bbox 3216 4457 3409 4522; x_wconf 81' lang='lat' dir='ltr'><strong>gloria,</strong></span> 
     </span>
    </p>
   </div>
   <div class='ocr_carea' id='block_1_90' title="bbox 122 4538 1728 4622">
    <p class='ocr_par' dir='ltr' id='par_1_90' title="bbox 122 4539 1724 4622">
     <span class='ocr_line' id='line_1_90' title="bbox 122 4539 1724 4622; baseline -0.011 -17"><span class='ocrx_word' id='word_1_703' title='bbox 122 4552 247 4607; x_wconf 71' lang='grc' dir='ltr'><strong>εἶναι</strong></span> <span class='ocrx_word' id='word_1_704' title='bbox 282 4552 624 4622; x_wconf 84' lang='grc' dir='ltr'><strong>κοσμικαῖς,</strong></span> <span class='ocrx_word' id='word_1_705' title='bbox 664 4547 714 4599; x_wconf 84' lang='grc' dir='ltr'><strong>οἷ</strong></span> <span class='ocrx_word' id='word_1_706' title='bbox 743 4548 841 4607; x_wconf 80' lang='grc' dir='ltr'><strong>τὰς</strong></span> <span class='ocrx_word' id='word_1_707' title='bbox 875 4545 1025 4613; x_wconf 86' lang='grc' dir='ltr'><strong>παρά</strong></span> <span class='ocrx_word' id='word_1_708' title='bbox 1060 4542 1167 4594; x_wconf 86' lang='grc' dir='ltr'><strong>τῶν</strong></span> <span class='ocrx_word' id='word_1_709' title='bbox 1197 4540 1540 4611; x_wconf 82' lang='grc' dir='ltr'><strong>κρατούντων</strong></span> <span class='ocrx_word' id='word_1_710' title='bbox 1576 4539 1724 4590; x_wconf 84' lang='grc' dir='ltr'><strong>πλου-</strong></span> 
     </span>
    </p>
   </div>
   <div class='ocr_carea' id='block_1_91' title="bbox 1836 4538 3410 4622">
    <p class='ocr_par' dir='ltr' id='par_1_91' title="bbox 1837 4538 3410 4610">
     <span class='ocr_line' id='line_1_91' title="bbox 1837 4538 3410 4610; baseline 0.006 -21"><span class='ocrx_word' id='word_1_711' title='bbox 1837 4550 2041 4603; x_wconf 87' lang='lat' dir='ltr'><strong>eosque</strong></span> <span class='ocrx_word' id='word_1_712' title='bbox 2078 4553 2103 4588; x_wconf 90' lang='lat' dir='ltr'><strong>a</strong></span> <span class='ocrx_word' id='word_1_713' title='bbox 2132 4538 2467 4607; x_wconf 84' lang='lat' dir='ltr'><strong>principibus</strong></span> <span class='ocrx_word' id='word_1_714' title='bbox 2495 4542 2728 4595; x_wconf 85' lang='lat' dir='ltr'><strong>honores</strong></span> <span class='ocrx_word' id='word_1_715' title='bbox 2764 4548 3019 4609; x_wconf 75' lang='lat' dir='ltr'><strong>consequi</strong></span> <span class='ocrx_word' id='word_1_716' title='bbox 3045 4544 3067 4591; x_wconf 77' lang='lat'><strong>?</strong></span> <span class='ocrx_word' id='word_1_717' title='bbox 3089 4545 3191 4597; x_wconf 83' lang='lat' dir='ltr'><strong>Sed</strong></span> <span class='ocrx_word' id='word_1_718' title='bbox 3222 4563 3410 4610; x_wconf 71' lang='lat' dir='ltr'><strong>qnam-</strong></span> 
     </span>
    </p>
   </div>
   <div class='ocr_carea' id='block_1_92' title="bbox 124 4630 1726 4713">
    <p class='ocr_par' dir='ltr' id='par_1_92' title="bbox 124 4630 1726 4713">
     <span class='ocr_line' id='line_1_92' title="bbox 124 4630 1726 4713; baseline -0.009 -17"><span class='ocrx_word' id='word_1_719' title='bbox 124 4648 259 4699; x_wconf 68' lang='grc' dir='ltr'><strong>τοῦσι</strong></span> <span class='ocrx_word' id='word_1_720' title='bbox 306 4646 521 4713; x_wconf 78' lang='grc' dir='ltr'><strong>τιμάςς</strong></span> <span class='ocrx_word' id='word_1_721' title='bbox 576 4639 720 4692; x_wconf 75' lang='grc' dir='ltr'><strong>Ἀλλ’</strong></span> <span class='ocrx_word' id='word_1_722' title='bbox 771 4641 827 4689; x_wconf 80' lang='grc' dir='ltr'><strong>ὲν</strong></span> <span class='ocrx_word' id='word_1_723' title='bbox 871 4638 1005 4697; x_wconf 86' lang='grc' dir='ltr'><strong>ῐσοις</strong></span> <span class='ocrx_word' id='word_1_724' title='bbox 1041 4636 1190 4696; x_wconf 76' lang='grc' dir='ltr'><strong>ὄντες</strong></span> <span class='ocrx_word' id='word_1_725' title='bbox 1236 4632 1561 4702; x_wconf 78' lang='grc' dir='ltr'><strong>ἀξιώμασιν,</strong></span> <span class='ocrx_word' id='word_1_726' title='bbox 1615 4630 1726 4682; x_wconf 77' lang='grc' dir='ltr'><strong>ἔσθ’</strong></span> 
     </span>
    </p>
   </div>
   <div class='ocr_carea' id='block_1_93' title="bbox 127 4725 1725 4807">
    <p class='ocr_par' dir='ltr' id='par_1_93' title="bbox 127 4725 1725 4807">
     <span class='ocr_line' id='line_1_93' title="bbox 127 4725 1725 4807; baseline -0.011 -16"><span class='ocrx_word' id='word_1_727' title='bbox 127 4758 222 4805; x_wconf 58' lang='grc' dir='ltr'><strong>ατε,</strong></span> <span class='ocrx_word' id='word_1_728' title='bbox 262 4741 638 4807; x_wconf 76' lang='grc' dir='ltr'><strong>διεστήκασιν</strong></span> <span class='ocrx_word' id='word_1_729' title='bbox 675 4730 926 4801; x_wconf 83' lang='grc' dir='ltr'><strong>ἀλλήλων</strong></span> <span class='ocrx_word' id='word_1_730' title='bbox 968 4728 1198 4797; x_wconf 81' lang='grc' dir='ltr'><strong>ὑπάρξει</strong></span> <span class='ocrx_word' id='word_1_731' title='bbox 1243 4745 1301 4779; x_wconf 90' lang='grc' dir='ltr'><strong>τε</strong></span> <span class='ocrx_word' id='word_1_732' title='bbox 1341 4728 1406 4796; x_wconf 78' lang='grc' dir='ltr'><strong>τῇ</strong></span> <span class='ocrx_word' id='word_1_733' title='bbox 1439 4725 1559 4776; x_wconf 65' lang='grc' dir='ltr'><strong>καθ’</strong></span> <span class='ocrx_word' id='word_1_734' title='bbox 1605 4725 1725 4789; x_wconf 75' lang='grc' dir='ltr'><strong>ἕνα,</strong></span> 
     </span>
    </p>
   </div>
   <div class='ocr_carea' id='block_1_94' title="bbox 126 4816 1725 4899">
    <p class='ocr_par' dir='ltr' id='par_1_94' title="bbox 126 4816 1725 4899">
     <span class='ocr_line' id='line_1_94' title="bbox 126 4816 1725 4899; baseline -0.01 -16"><span class='ocrx_word' id='word_1_735' title='bbox 126 4834 287 4899; x_wconf 53' lang='grc' dir='ltr'><strong>«μημὶ,</strong></span> <span class='ocrx_word' id='word_1_736' title='bbox 341 4830 444 4881; x_wconf 75' lang='grc' dir='ltr'><strong>καὶ</strong></span> <span class='ocrx_word' id='word_1_737' title='bbox 497 4824 689 4893; x_wconf 77' lang='grc' dir='ltr'><strong>μέντοι</strong></span> <span class='ocrx_word' id='word_1_738' title='bbox 732 4822 793 4873; x_wconf 84' lang='grc' dir='ltr'><strong>τὸ</strong></span> <span class='ocrx_word' id='word_1_739' title='bbox 844 4819 954 4892; x_wconf 58' lang='lat' dir='ltr'><strong>[Ion</strong></span> <span class='ocrx_word' id='word_1_740' title='bbox 1008 4816 1107 4888; x_wconf 78' lang='grc' dir='ltr'><strong>τῷ]</strong></span> <span class='ocrx_word' id='word_1_741' title='bbox 1142 4818 1424 4886; x_wconf 84' lang='grc' dir='ltr'><strong>βούλεσθαι</strong></span> <span class='ocrx_word' id='word_1_742' title='bbox 1472 4818 1538 4868; x_wconf 73' lang='grc' dir='ltr'><strong>τὰ</strong></span> <span class='ocrx_word' id='word_1_743' title='bbox 1590 4818 1725 4867; x_wconf 63' lang='grc' dir='ltr'><strong>αὐτὰ</strong></span> 
     </span>
    </p>
   </div>
   <div class='ocr_carea' id='block_1_95' title="bbox 124 4906 1725 4988">
    <p class='ocr_par' dir='ltr' id='par_1_95' title="bbox 124 4906 1725 4988">
     <span class='ocr_line' id='line_1_95' title="bbox 124 4906 1725 4988; baseline -0.01 -14"><span class='ocrx_word' id='word_1_744' title='bbox 124 4925 327 4988; x_wconf 64' lang='grc' dir='ltr'><strong>Ἰιρονεῖν</strong></span> <span class='ocrx_word' id='word_1_745' title='bbox 358 4936 421 4971; x_wconf 85' lang='grc' dir='ltr'><strong>τε</strong></span> <span class='ocrx_word' id='word_1_746' title='bbox 458 4918 558 4969; x_wconf 68' lang='grc' dir='ltr'><strong>καὶ</strong></span> <span class='ocrx_word' id='word_1_747' title='bbox 589 4914 757 4983; x_wconf 78' lang='grc' dir='ltr'><strong>δρᾷν·</strong></span> <span class='ocrx_word' id='word_1_748' title='bbox 796 4911 911 4965; x_wconf 79' lang='grc' dir='ltr'><strong>ἀλλ’</strong></span> <span class='ocrx_word' id='word_1_749' title='bbox 934 4911 1090 4980; x_wconf 77' lang='grc' dir='ltr'><strong>εἴπερ</strong></span> <span class='ocrx_word' id='word_1_750' title='bbox 1120 4906 1185 4980; x_wconf 77' lang='grc' dir='ltr'><strong>ἦν</strong></span> <span class='ocrx_word' id='word_1_751' title='bbox 1218 4926 1298 4969; x_wconf 84' lang='grc' dir='ltr'><strong>τις</strong></span> <span class='ocrx_word' id='word_1_752' title='bbox 1332 4908 1525 4977; x_wconf 84' lang='grc' dir='ltr'><strong>δεσμὸς</strong></span> <span class='ocrx_word' id='word_1_753' title='bbox 1560 4909 1725 4974; x_wconf 84' lang='grc' dir='ltr'><strong>ἀναγ-</strong></span> 
     </span>
    </p>
   </div>
   <div class='ocr_carea' id='block_1_96' title="bbox 126 4999 1717 5076">
    <p class='ocr_par' dir='ltr' id='par_1_96' title="bbox 126 4999 1717 5076">
     <span class='ocr_line' id='line_1_96' title="bbox 126 4999 1717 5076; baseline -0.009 -12"><span class='ocrx_word' id='word_1_754' title='bbox 126 5019 260 5076; x_wconf 68' lang='grc' dir='ltr'><strong>καῖος</strong></span> <span class='ocrx_word' id='word_1_755' title='bbox 312 5014 396 5074; x_wconf 79' lang='grc' dir='ltr'><strong>εἰς</strong></span> <span class='ocrx_word' id='word_1_756' title='bbox 456 5008 699 5075; x_wconf 73' lang='grc' dir='ltr'><strong>ἑνότητα</strong></span> <span class='ocrx_word' id='word_1_757' title='bbox 760 5002 1035 5070; x_wconf 82' lang='grc' dir='ltr'><strong>συλλέγων</strong></span> <span class='ocrx_word' id='word_1_758' title='bbox 1076 5002 1274 5063; x_wconf 71' lang='grc' dir='ltr'><strong>αὑτοὺς</strong></span> <span class='ocrx_word' id='word_1_759' title='bbox 1328 5001 1424 5070; x_wconf 80' lang='grc' dir='ltr'><strong>τῆς</strong></span> <span class='ocrx_word' id='word_1_760' title='bbox 1482 4999 1638 5063; x_wconf 78' lang='grc' dir='ltr'><strong>ἀξίας</strong></span> <span class='ocrx_word' id='word_1_761' title='bbox 1690 5003 1717 5051; x_wconf 83' lang='grc' dir='ltr'>ὀ</span> 
     </span>
    </p>
   </div>
   <div class='ocr_carea' id='block_1_97' title="bbox 123 5091 1721 5171">
    <p class='ocr_par' dir='ltr' id='par_1_97' title="bbox 123 5091 1721 5171">
     <span class='ocr_line' id='line_1_97' title="bbox 123 5091 1721 5171; baseline -0.008 -15"><span class='ocrx_word' id='word_1_762' title='bbox 123 5110 325 5171; x_wconf 63' lang='grc' dir='ltr'><strong>τρόπος,</strong></span> <span class='ocrx_word' id='word_1_763' title='bbox 364 5101 640 5167; x_wconf 82' lang='grc' dir='ltr'><strong>καθάπερ</strong></span> <span class='ocrx_word' id='word_1_764' title='bbox 688 5096 877 5164; x_wconf 83' lang='grc' dir='ltr'><strong>ἀμέλει</strong></span> <span class='ocrx_word' id='word_1_765' title='bbox 918 5096 1011 5147; x_wconf 72' lang='grc' dir='ltr'><strong>καὶ</strong></span> <span class='ocrx_word' id='word_1_766' title='bbox 1046 5092 1316 5162; x_wconf 73' lang='grc' dir='ltr'><strong>σύμϐασις</strong></span> <span class='ocrx_word' id='word_1_767' title='bbox 1366 5092 1590 5161; x_wconf 78' lang='grc' dir='ltr'><strong>φυσικὴ,</strong></span> <span class='ocrx_word' id='word_1_768' title='bbox 1624 5091 1721 5143; x_wconf 76' lang='grc' dir='ltr'><strong>οὑκ</strong></span> 
     </span>
    </p>
   </div>
   <div class='ocr_carea' id='block_1_98' title="bbox 122 5186 1719 5263">
    <p class='ocr_par' dir='ltr' id='par_1_98' title="bbox 122 5186 1719 5263">
     <span class='ocr_line' id='line_1_98' title="bbox 122 5186 1719 5263; baseline -0.008 -16"><span class='ocrx_word' id='word_1_769' title='bbox 122 5202 175 5247; x_wconf 63' lang='grc' dir='ltr'><strong>ἀν</strong></span> <span class='ocrx_word' id='word_1_770' title='bbox 218 5216 274 5249; x_wconf 81' lang='grc' dir='ltr'><strong>εν</strong></span> <span class='ocrx_word' id='word_1_771' title='bbox 330 5198 551 5263; x_wconf 69' lang='grc' dir='ltr'><strong>ἰσότητι</strong></span> <span class='ocrx_word' id='word_1_772' title='bbox 590 5206 798 5260; x_wconf 84' lang='grc' dir='ltr'><strong>γερων,</strong></span> <span class='ocrx_word' id='word_1_773' title='bbox 848 5189 968 5258; x_wconf 69' lang='grc' dir='ltr'><strong>ἢτοι</strong></span> <span class='ocrx_word' id='word_1_774' title='bbox 1015 5188 1113 5254; x_wconf 83' lang='grc' dir='ltr'><strong>τῆς</strong></span> <span class='ocrx_word' id='word_1_775' title='bbox 1161 5186 1317 5251; x_wconf 80' lang='grc' dir='ltr'><strong>ἀξίας</strong></span> <span class='ocrx_word' id='word_1_776' title='bbox 1362 5187 1719 5254; x_wconf 82' lang='grc' dir='ltr'><strong>ὑπάρχοντες,</strong></span> 
     </span>
    </p>
   </div>
   <div class='ocr_carea' id='block_1_99' title="bbox 124 5273 1722 5350">
    <p class='ocr_par' dir='ltr' id='par_1_99' title="bbox 124 5273 1722 5350">
     <span class='ocr_line' id='line_1_99' title="bbox 124 5273 1722 5350; baseline -0.006 -13"><span class='ocrx_word' id='word_1_777' title='bbox 124 5287 448 5341; x_wconf 58' lang='grc' dir='ltr'><strong>ὑποστάσεσι</strong></span> <span class='ocrx_word' id='word_1_778' title='bbox 470 5301 531 5336; x_wconf 89' lang='grc' dir='ltr'><strong>τε</strong></span> <span class='ocrx_word' id='word_1_779' title='bbox 558 5282 656 5334; x_wconf 76' lang='grc' dir='ltr'><strong>καὶ</strong></span> <span class='ocrx_word' id='word_1_780' title='bbox 678 5280 897 5350; x_wconf 81' lang='grc' dir='ltr'><strong>γνώμῃ,</strong></span> <span class='ocrx_word' id='word_1_781' title='bbox 924 5280 1002 5339; x_wconf 84' lang='grc' dir='ltr'><strong>είς</strong></span> <span class='ocrx_word' id='word_1_782' title='bbox 1032 5277 1091 5329; x_wconf 71' lang='grc' dir='ltr'><strong>τὸ</strong></span> <span class='ocrx_word' id='word_1_783' title='bbox 1114 5278 1299 5348; x_wconf 76' lang='grc' dir='ltr'><strong>ἕτερος</strong></span> <span class='ocrx_word' id='word_1_784' title='bbox 1324 5273 1459 5329; x_wconf 81' lang='grc' dir='ltr'><strong>εἶναι</strong></span> <span class='ocrx_word' id='word_1_785' title='bbox 1487 5277 1581 5329; x_wconf 79' lang='grc' dir='ltr'><strong>καὶ</strong></span> <span class='ocrx_word' id='word_1_786' title='bbox 1607 5278 1722 5328; x_wconf 74' lang='grc' dir='ltr'><strong>ἓτε-</strong></span> 
     </span>
    </p>
   </div>
   <div class='ocr_carea' id='block_1_100' title="bbox 124 5366 1717 5447">
    <p class='ocr_par' dir='ltr' id='par_1_100' title="bbox 124 5366 1717 5447">
     <span class='ocr_line' id='line_1_100' title="bbox 124 5366 1717 5447; baseline -0.011 -13"><span class='ocrx_word' id='word_1_787' title='bbox 124 5399 202 5447; x_wconf 68' lang='lat' dir='ltr'><strong>po;</strong></span> <span class='ocrx_word' id='word_1_788' title='bbox 246 5380 438 5440; x_wconf 77' lang='grc' dir='ltr'><strong>ίδικὼς</strong></span> <span class='ocrx_word' id='word_1_789' title='bbox 484 5374 741 5443; x_wconf 75' lang='grc' dir='ltr'><strong>ἀλλήλων</strong></span> <span class='ocrx_word' id='word_1_790' title='bbox 790 5368 1237 5438; x_wconf 77' lang='grc' dir='ltr'><strong>ἀπενοσφίζοντο.</strong></span> <span class='ocrx_word' id='word_1_791' title='bbox 1288 5366 1396 5421; x_wconf 79' lang='grc' dir='ltr'><strong>Ποῦ</strong></span> <span class='ocrx_word' id='word_1_792' title='bbox 1427 5367 1717 5436; x_wconf 84' lang='grc' dir='ltr'><strong>τοιγαροῦν</strong></span> 
     </span>
    </p>
   </div>
   <div class='ocr_carea' id='block_1_101' title="bbox 118 5456 1716 5544">
    <p class='ocr_par' dir='ltr' id='par_1_101' title="bbox 118 5456 1716 5544">
     <span class='ocr_line' id='line_1_101' title="bbox 118 5456 1716 5544; baseline -0.01 -20"><span class='ocrx_word' id='word_1_793' title='bbox 118 5476 201 5542; x_wconf 60' lang='grc' dir='ltr'><strong>τὴν</strong></span> <span class='ocrx_word' id='word_1_794' title='bbox 249 5475 346 5544; x_wconf 76' lang='grc' dir='ltr'><strong>σὴν</strong></span> <span class='ocrx_word' id='word_1_795' title='bbox 392 5469 707 5537; x_wconf 77' lang='grc' dir='ltr'><strong>συνάφειαν</strong></span> <span class='ocrx_word' id='word_1_796' title='bbox 752 5463 1025 5533; x_wconf 85' lang='grc' dir='ltr'><strong>οήσομεν;</strong></span> <span class='ocrx_word' id='word_1_797' title='bbox 1060 5460 1123 5511; x_wconf 85' lang='grc' dir='ltr'><strong>Τί</strong></span> <span class='ocrx_word' id='word_1_798' title='bbox 1170 5459 1226 5512; x_wconf 81' lang='grc' dir='ltr'><strong>δὲ</strong></span> <span class='ocrx_word' id='word_1_799' title='bbox 1260 5459 1354 5510; x_wconf 69' lang='grc' dir='ltr'><strong>καὶ</strong></span> <span class='ocrx_word' id='word_1_800' title='bbox 1386 5458 1579 5526; x_wconf 78' lang='grc' dir='ltr'><strong>δρᾶσαι</strong></span> <span class='ocrx_word' id='word_1_801' title='bbox 1630 5456 1716 5508; x_wconf 89' lang='grc' dir='ltr'><strong>λο-</strong></span> 
     </span>
    </p>
   </div>
   <div class='ocr_carea' id='block_1_102' title="bbox 120 5550 1716 5635">
    <p class='ocr_par' dir='ltr' id='par_1_102' title="bbox 120 5550 1716 5635">
     <span class='ocr_line' id='line_1_102' title="bbox 120 5550 1716 5635; baseline -0.006 -24"><span class='ocrx_word' id='word_1_802' title='bbox 120 5566 411 5635; x_wconf 55' lang='grc' dir='ltr'><strong>-ςισέμε6α;</strong></span> <span class='ocrx_word' id='word_1_803' title='bbox 463 5557 918 5629; x_wconf 85' lang='grc' dir='ltr'><strong>Ὀμογνωμονεῖν</strong></span> <span class='ocrx_word' id='word_1_804' title='bbox 970 5554 1077 5624; x_wconf 80' lang='grc' dir='ltr'><strong>ἄρα</strong></span> <span class='ocrx_word' id='word_1_805' title='bbox 1117 5553 1379 5605; x_wconf 84' lang='grc' dir='ltr'><strong>πέπεικεν</strong></span> <span class='ocrx_word' id='word_1_806' title='bbox 1422 5551 1647 5613; x_wconf 70' lang='grc' dir='ltr'><strong>αὐτοὺς,</strong></span> <span class='ocrx_word' id='word_1_807' title='bbox 1684 5550 1716 5619; x_wconf 84' lang='grc' dir='ltr'>ἢ</span> 
     </span>
    </p>
   </div>
   <div class='ocr_carea' id='block_1_103' title="bbox 121 5640 1709 5727">
    <p class='ocr_par' dir='ltr' id='par_1_103' title="bbox 121 5640 1709 5727">
     <span class='ocr_line' id='line_1_103' title="bbox 121 5640 1709 5727; baseline -0.008 -20"><span class='ocrx_word' id='word_1_808' title='bbox 121 5659 383 5727; x_wconf 56' lang='grc' dir='ltr'><strong>ςιμόῆναι</strong></span> <span class='ocrx_word' id='word_1_809' title='bbox 422 5651 857 5725; x_wconf 81' lang='grc' dir='ltr'><strong>παρεσκεύασεν</strong></span> <span class='ocrx_word' id='word_1_810' title='bbox 894 5648 976 5708; x_wconf 83' lang='grc' dir='ltr'><strong>είς</strong></span> <span class='ocrx_word' id='word_1_811' title='bbox 1010 5645 1237 5715; x_wconf 77' lang='grc' dir='ltr'><strong>ἑνότητα</strong></span> <span class='ocrx_word' id='word_1_812' title='bbox 1291 5643 1558 5713; x_wconf 76' lang='grc' dir='ltr'><strong>μυστικήν</strong></span> <span class='ocrx_word' id='word_1_813' title='bbox 1597 5640 1709 5711; x_wconf 82' lang='grc' dir='ltr'><strong>[ῑσ.</strong></span> 
     </span>
    </p>
   </div>
   <div class='ocr_carea' id='block_1_104' title="bbox 185 5829 1183 5903">
    <p class='ocr_par' dir='ltr' id='par_1_104' title="bbox 185 5829 1183 5903">
     <span class='ocr_line' id='line_1_104' title="bbox 185 5829 1183 5903; baseline -0.014 -7"><span class='ocrx_word' id='word_1_814' title='bbox 185 5842 438 5898; x_wconf 71' lang='lat' dir='ltr'><strong>“Matth.</strong></span> <span class='ocrx_word' id='word_1_815' title='bbox 474 5856 529 5903; x_wconf 74' lang='grc' dir='ltr'><strong>ν,</strong></span> <span class='ocrx_word' id='word_1_816' title='bbox 572 5838 659 5891; x_wconf 75' lang='grc'><strong>14.</strong></span> <span class='ocrx_word' id='word_1_817' title='bbox 739 5836 784 5866; x_wconf 85' lang='lat'><strong>’°</strong></span> <span class='ocrx_word' id='word_1_818' title='bbox 815 5832 1008 5885; x_wconf 73' lang='lat' dir='ltr'><strong>Matth.</strong></span> <span class='ocrx_word' id='word_1_819' title='bbox 1050 5845 1098 5894; x_wconf 74' lang='grc' dir='ltr'><strong>ι,</strong></span> <span class='ocrx_word' id='word_1_820' title='bbox 1129 5829 1183 5882; x_wconf 89' lang='grc'><strong>8.</strong></span> 
     </span>
    </p>
   </div>
   <div class='ocr_carea' id='block_1_105' title="bbox 1836 4628 3411 4705">
    <p class='ocr_par' dir='ltr' id='par_1_105' title="bbox 1836 4628 3411 4705">
     <span class='ocr_line' id='line_1_105' title="bbox 1836 4628 3411 4705; baseline 0.008 -26"><span class='ocrx_word' id='word_1_821' title='bbox 1836 4628 1914 4681; x_wconf 89' lang='lat' dir='ltr'><strong>vis</strong></span> <span class='ocrx_word' id='word_1_822' title='bbox 1953 4644 2341 4696; x_wconf 81' lang='lat' dir='ltr'><strong>nonnunquam</strong></span> <span class='ocrx_word' id='word_1_823' title='bbox 2383 4632 2644 4698; x_wconf 58' lang='lat' dir='ltr'><strong>aqualem</strong></span> <span class='ocrx_word' id='word_1_824' title='bbox 2698 4634 2929 4687; x_wconf 83' lang='lat' dir='ltr'><strong>habeant</strong></span> <span class='ocrx_word' id='word_1_825' title='bbox 2978 4637 3259 4703; x_wconf 71' lang='lat' dir='ltr'><strong>dignitatis</strong></span> <span class='ocrx_word' id='word_1_826' title='bbox 3286 4652 3411 4705; x_wconf 72' lang='lat' dir='ltr'><strong>gra-</strong></span> 
     </span>
    </p>
   </div>
   <div class='ocr_carea' id='block_1_106' title="bbox 1830 4722 3414 4797">
    <p class='ocr_par' dir='ltr' id='par_1_106' title="bbox 1830 4722 3414 4797">
     <span class='ocr_line' id='line_1_106' title="bbox 1830 4722 3414 4797; baseline 0.006 -22"><span class='ocrx_word' id='word_1_827' title='bbox 1830 4722 1981 4784; x_wconf 91' lang='lat' dir='ltr'><strong>dum,</strong></span> <span class='ocrx_word' id='word_1_828' title='bbox 2028 4733 2207 4777; x_wconf 86' lang='lat' dir='ltr'><strong>tamen</strong></span> <span class='ocrx_word' id='word_1_829' title='bbox 2262 4726 2493 4778; x_wconf 83' lang='lat' dir='ltr'><strong>invicem</strong></span> <span class='ocrx_word' id='word_1_830' title='bbox 2535 4729 2738 4779; x_wconf 87' lang='lat' dir='ltr'><strong>distant</strong></span> <span class='ocrx_word' id='word_1_831' title='bbox 2784 4737 2893 4779; x_wconf 89' lang='lat' dir='ltr'><strong>tum</strong></span> <span class='ocrx_word' id='word_1_832' title='bbox 2935 4730 3193 4797; x_wconf 70' lang='lat' dir='ltr'><strong>singulari</strong></span> <span class='ocrx_word' id='word_1_833' title='bbox 3236 4734 3414 4784; x_wconf 87' lang='lat' dir='ltr'><strong>subsi-</strong></span> 
     </span>
    </p>
   </div>
   <div class='ocr_carea' id='block_1_107' title="bbox 1831 4816 3410 4888">
    <p class='ocr_par' dir='ltr' id='par_1_107' title="bbox 1831 4816 3410 4888">
     <span class='ocr_line' id='line_1_107' title="bbox 1831 4816 3410 4888; baseline 0.005 -20"><span class='ocrx_word' id='word_1_834' title='bbox 1831 4816 2047 4876; x_wconf 78' lang='lat' dir='ltr'><strong>stentia,</strong></span> <span class='ocrx_word' id='word_1_835' title='bbox 2094 4825 2203 4868; x_wconf 88' lang='lat' dir='ltr'><strong>tum</strong></span> <span class='ocrx_word' id='word_1_836' title='bbox 2240 4832 2369 4870; x_wconf 90' lang='lat' dir='ltr'><strong>vero</strong></span> <span class='ocrx_word' id='word_1_837' title='bbox 2396 4818 2447 4870; x_wconf 90' lang='lat' dir='ltr'><strong>in</strong></span> <span class='ocrx_word' id='word_1_838' title='bbox 2486 4833 2550 4871; x_wconf 91' lang='lat' dir='ltr'><strong>eo</strong></span> <span class='ocrx_word' id='word_1_839' title='bbox 2580 4821 2720 4886; x_wconf 84' lang='lat' dir='ltr'><strong>quod</strong></span> <span class='ocrx_word' id='word_1_840' title='bbox 2752 4836 2854 4872; x_wconf 90' lang='lat' dir='ltr'><strong>non</strong></span> <span class='ocrx_word' id='word_1_841' title='bbox 2888 4823 3073 4873; x_wconf 85' lang='lat' dir='ltr'><strong>eadem</strong></span> <span class='ocrx_word' id='word_1_842' title='bbox 3110 4838 3297 4888; x_wconf 88' lang='lat' dir='ltr'><strong>sapere</strong></span> <span class='ocrx_word' id='word_1_843' title='bbox 3323 4834 3410 4876; x_wconf 68' lang='lat' dir='ltr'><strong>ato</strong></span> 
     </span>
    </p>
   </div>
   <div class='ocr_carea' id='block_1_108' title="bbox 1830 4906 3406 4978">
    <p class='ocr_par' dir='ltr' id='par_1_108' title="bbox 1830 4906 3406 4978">
     <span class='ocr_line' id='line_1_108' title="bbox 1830 4906 3406 4978; baseline 0.004 -20"><span class='ocrx_word' id='word_1_844' title='bbox 1830 4920 1936 4972; x_wconf 87' lang='lat' dir='ltr'><strong>que</strong></span> <span class='ocrx_word' id='word_1_845' title='bbox 1980 4906 2239 4973; x_wconf 76' lang='lat' dir='ltr'><strong>perlicere</strong></span> <span class='ocrx_word' id='word_1_846' title='bbox 2272 4908 2418 4960; x_wconf 87' lang='lat' dir='ltr'><strong>libet.</strong></span> <span class='ocrx_word' id='word_1_847' title='bbox 2457 4910 2615 4975; x_wconf 80' lang='lat' dir='ltr'><strong>Atqui</strong></span> <span class='ocrx_word' id='word_1_848' title='bbox 2654 4908 2696 4960; x_wconf 92' lang='lat' dir='ltr'><strong>si</strong></span> <span class='ocrx_word' id='word_1_849' title='bbox 2741 4910 3019 4978; x_wconf 84' lang='lat' dir='ltr'><strong>dignitatis</strong></span> <span class='ocrx_word' id='word_1_850' title='bbox 3054 4913 3189 4963; x_wconf 87' lang='lat' dir='ltr'><strong>ratio</strong></span> <span class='ocrx_word' id='word_1_851' title='bbox 3221 4914 3406 4965; x_wconf 84' lang='lat' dir='ltr'><strong>vincu-</strong></span> 
     </span>
    </p>
   </div>
   <div class='ocr_carea' id='block_1_109' title="bbox 1832 4998 3406 5072">
    <p class='ocr_par' dir='ltr' id='par_1_109' title="bbox 1832 4998 3406 5072">
     <span class='ocr_line' id='line_1_109' title="bbox 1832 4998 3406 5072; baseline 0.003 -21"><span class='ocrx_word' id='word_1_852' title='bbox 1832 4998 1938 5051; x_wconf 87' lang='lat' dir='ltr'><strong>lnni</strong></span> <span class='ocrx_word' id='word_1_853' title='bbox 1981 5011 2123 5053; x_wconf 88' lang='lat' dir='ltr'><strong>esset</strong></span> <span class='ocrx_word' id='word_1_854' title='bbox 2159 5000 2523 5053; x_wconf 72' lang='lat' dir='ltr'><strong>neceSsariuni</strong></span> <span class='ocrx_word' id='word_1_855' title='bbox 2560 5017 2664 5068; x_wconf 88' lang='lat' dir='ltr'><strong>quo</strong></span> <span class='ocrx_word' id='word_1_856' title='bbox 2692 5003 2742 5054; x_wconf 94' lang='lat' dir='ltr'><strong>in</strong></span> <span class='ocrx_word' id='word_1_857' title='bbox 2788 5003 3046 5055; x_wconf 85' lang='lat' dir='ltr'><strong>unitatem</strong></span> <span class='ocrx_word' id='word_1_858' title='bbox 3081 5003 3406 5072; x_wconf 82' lang='lat' dir='ltr'><strong>colligeren-</strong></span> 
     </span>
    </p>
   </div>
   <div class='ocr_carea' id='block_1_110' title="bbox 1833 5090 3402 5160">
    <p class='ocr_par' dir='ltr' id='par_1_110' title="bbox 1833 5090 3402 5160">
     <span class='ocr_line' id='line_1_110' title="bbox 1833 5090 3402 5160; baseline 0.001 -14"><span class='ocrx_word' id='word_1_859' title='bbox 1833 5106 1939 5156; x_wconf 85' lang='lat' dir='ltr'><strong>tur,</strong></span> <span class='ocrx_word' id='word_1_860' title='bbox 1984 5103 2040 5143; x_wconf 89' lang='lat' dir='ltr'><strong>tit</strong></span> <span class='ocrx_word' id='word_1_861' title='bbox 2076 5103 2157 5146; x_wconf 90' lang='lat' dir='ltr'><strong>est</strong></span> <span class='ocrx_word' id='word_1_862' title='bbox 2199 5090 2382 5160; x_wconf 92' lang='lat' dir='ltr'><strong>procul</strong></span> <span class='ocrx_word' id='word_1_863' title='bbox 2417 5093 2579 5145; x_wconf 87' lang='lat' dir='ltr'><strong>dubio</strong></span> <span class='ocrx_word' id='word_1_864' title='bbox 2622 5093 2707 5145; x_wconf 82' lang='lat' dir='ltr'><strong>illa</strong></span> <span class='ocrx_word' id='word_1_865' title='bbox 2756 5093 3066 5160; x_wconf 87' lang='lat' dir='ltr'><strong>conjunctio</strong></span> <span class='ocrx_word' id='word_1_866' title='bbox 3117 5096 3402 5157; x_wconf 81' lang='lat' dir='ltr'><strong>naturalis,</strong></span> 
     </span>
    </p>
   </div>
   <div class='ocr_carea' id='block_1_111' title="bbox 1834 5183 3405 5255">
    <p class='ocr_par' dir='ltr' id='par_1_111' title="bbox 1834 5183 3405 5255">
     <span class='ocr_line' id='line_1_111' title="bbox 1834 5183 3405 5255; baseline -0.001 -16"><span class='ocrx_word' id='word_1_867' title='bbox 1834 5201 2107 5253; x_wconf 87' lang='lat' dir='ltr'><strong>nunquam</strong></span> <span class='ocrx_word' id='word_1_868' title='bbox 2147 5183 2198 5236; x_wconf 92' lang='lat' dir='ltr'><strong>in</strong></span> <span class='ocrx_word' id='word_1_869' title='bbox 2233 5185 2498 5236; x_wconf 90' lang='lat' dir='ltr'><strong>honorum</strong></span> <span class='ocrx_word' id='word_1_870' title='bbox 2533 5185 2615 5237; x_wconf 88' lang='lat' dir='ltr'><strong>vei</strong></span> <span class='ocrx_word' id='word_1_871' title='bbox 2647 5184 2925 5253; x_wconf 85' lang='lat' dir='ltr'><strong>dignitatis</strong></span> <span class='ocrx_word' id='word_1_872' title='bbox 2964 5185 3272 5253; x_wconf 63' lang='lat' dir='ltr'><strong>mqtinlitate</strong></span> <span class='ocrx_word' id='word_1_873' title='bbox 3312 5203 3405 5255; x_wconf 85' lang='lat' dir='ltr'><strong>po-</strong></span> 
     </span>
    </p>
   </div>
   <div class='ocr_carea' id='block_1_112' title="bbox 1829 5276 3408 5345">
    <p class='ocr_par' dir='ltr' id='par_1_112' title="bbox 1829 5276 3408 5345">
     <span class='ocr_line' id='line_1_112' title="bbox 1829 5276 3408 5345; baseline -0.001 -16"><span class='ocrx_word' id='word_1_874' title='bbox 1829 5276 1937 5339; x_wconf 84' lang='lat' dir='ltr'><strong>siti,</strong></span> <span class='ocrx_word' id='word_1_875' title='bbox 1992 5277 2267 5345; x_wconf 85' lang='lat' dir='ltr'><strong>liypostasi</strong></span> <span class='ocrx_word' id='word_1_876' title='bbox 2301 5286 2461 5342; x_wconf 83' lang='lat' dir='ltr'><strong>atque</strong></span> <span class='ocrx_word' id='word_1_877' title='bbox 2495 5278 2655 5328; x_wconf 88' lang='lat' dir='ltr'><strong>etiam</strong></span> <span class='ocrx_word' id='word_1_878' title='bbox 2685 5276 2947 5328; x_wconf 87' lang='lat' dir='ltr'><strong>sententia</strong></span> <span class='ocrx_word' id='word_1_879' title='bbox 2979 5277 3228 5341; x_wconf 80' lang='lat' dir='ltr'><strong>privatim</strong></span> <span class='ocrx_word' id='word_1_880' title='bbox 3266 5277 3408 5328; x_wconf 76' lang='lat' dir='ltr'><strong>inter</strong></span> 
     </span>
    </p>
   </div>
   <div class='ocr_carea' id='block_1_113' title="bbox 1829 5366 3401 5437">
    <p class='ocr_par' dir='ltr' id='par_1_113' title="bbox 1829 5366 3401 5437">
     <span class='ocr_line' id='line_1_113' title="bbox 1829 5366 3401 5437; baseline -0.001 -15"><span class='ocrx_word' id='word_1_881' title='bbox 1829 5386 1887 5422; x_wconf 83' lang='lat' dir='ltr'><strong>se</strong></span> <span class='ocrx_word' id='word_1_882' title='bbox 1912 5371 2339 5437; x_wconf 73' lang='lat' dir='ltr'><strong>sejungereutur,</strong></span> <span class='ocrx_word' id='word_1_883' title='bbox 2370 5366 2475 5436; x_wconf 84' lang='lat'><strong>35</strong></span> <span class='ocrx_word' id='word_1_884' title='bbox 2510 5378 2567 5420; x_wconf 90' lang='lat' dir='ltr'><strong>ut</strong></span> <span class='ocrx_word' id='word_1_885' title='bbox 2615 5368 2752 5421; x_wconf 90' lang='lat' dir='ltr'><strong>alter</strong></span> <span class='ocrx_word' id='word_1_886' title='bbox 2794 5367 2878 5419; x_wconf 91' lang='lat' dir='ltr'><strong>hic</strong></span> <span class='ocrx_word' id='word_1_887' title='bbox 2926 5378 3090 5427; x_wconf 86' lang='lat' dir='ltr'><strong>esset,</strong></span> <span class='ocrx_word' id='word_1_888' title='bbox 3124 5367 3211 5419; x_wconf 90' lang='lat' dir='ltr'><strong>ille</strong></span> <span class='ocrx_word' id='word_1_889' title='bbox 3246 5367 3401 5421; x_wconf 86' lang='lat' dir='ltr'><strong>alter.</strong></span> 
     </span>
    </p>
   </div>
   <div class='ocr_carea' id='block_1_114' title="bbox 1829 5458 3406 5527">
    <p class='ocr_par' dir='ltr' id='par_1_114' title="bbox 1829 5458 3406 5527">
     <span class='ocr_line' id='line_1_114' title="bbox 1829 5458 3406 5527; baseline 0.001 -18"><span class='ocrx_word' id='word_1_890' title='bbox 1829 5459 1945 5527; x_wconf 87' lang='lat' dir='ltr'><strong>Quo</strong></span> <span class='ocrx_word' id='word_1_891' title='bbox 2002 5461 2164 5526; x_wconf 82' lang='lat' dir='ltr'><strong>igitur</strong></span> <span class='ocrx_word' id='word_1_892' title='bbox 2220 5459 2336 5511; x_wconf 74' lang='lat' dir='ltr'><strong>loco</strong></span> <span class='ocrx_word' id='word_1_893' title='bbox 2396 5468 2539 5510; x_wconf 86' lang='lat' dir='ltr'><strong>tuam</strong></span> <span class='ocrx_word' id='word_1_894' title='bbox 2599 5458 3039 5525; x_wconf 70' lang='lat' dir='ltr'><strong>coniunctionem</strong></span> <span class='ocrx_word' id='word_1_895' title='bbox 3103 5460 3406 5525; x_wconf 82' lang='lat' dir='ltr'><strong>ponemus?</strong></span> 
     </span>
    </p>
   </div>
   <div class='ocr_carea' id='block_1_115' title="bbox 1828 5546 3405 5617">
    <p class='ocr_par' dir='ltr' id='par_1_115' title="bbox 1828 5546 3405 5617">
     <span class='ocr_line' id='line_1_115' title="bbox 1828 5546 3405 5617; baseline 0 -18"><span class='ocrx_word' id='word_1_896' title='bbox 1828 5550 2026 5617; x_wconf 90' lang='lat' dir='ltr'><strong>quidve</strong></span> <span class='ocrx_word' id='word_1_897' title='bbox 2076 5547 2291 5602; x_wconf 79' lang='lat' dir='ltr'><strong>emcere</strong></span> <span class='ocrx_word' id='word_1_898' title='bbox 2338 5549 2673 5617; x_wconf 82' lang='lat' dir='ltr'><strong>putabiinur?</strong></span> <span class='ocrx_word' id='word_1_899' title='bbox 2717 5547 3100 5601; x_wconf 84' lang='lat' dir='ltr'><strong>Consentirene</strong></span> <span class='ocrx_word' id='word_1_900' title='bbox 3146 5547 3306 5615; x_wconf 90' lang='lat' dir='ltr'><strong>igitur</strong></span> <span class='ocrx_word' id='word_1_901' title='bbox 3354 5546 3405 5599; x_wconf 85' lang='lat' dir='ltr'><strong>il—</strong></span> 
     </span>
    </p>
   </div>
   <div class='ocr_carea' id='block_1_116' title="bbox 1830 5638 3405 5709">
    <p class='ocr_par' dir='ltr' id='par_1_116' title="bbox 1830 5638 3405 5709">
     <span class='ocr_line' id='line_1_116' title="bbox 1830 5638 3405 5709; baseline -0.003 -14"><span class='ocrx_word' id='word_1_902' title='bbox 1830 5641 1892 5695; x_wconf 83' lang='lat' dir='ltr'><strong>lis</strong></span> <span class='ocrx_word' id='word_1_903' title='bbox 1949 5641 2238 5709; x_wconf 80' lang='lat' dir='ltr'><strong>persuasit.</strong></span> <span class='ocrx_word' id='word_1_904' title='bbox 2276 5650 2368 5692; x_wconf 89' lang='lat' dir='ltr'><strong>aut</strong></span> <span class='ocrx_word' id='word_1_905' title='bbox 2428 5638 2552 5694; x_wconf 81' lang='lat' dir='ltr'><strong>fecit</strong></span> <span class='ocrx_word' id='word_1_906' title='bbox 2605 5648 2661 5692; x_wconf 93' lang='lat' dir='ltr'><strong>ut</strong></span> <span class='ocrx_word' id='word_1_907' title='bbox 2693 5640 2761 5706; x_wconf 74' lang='grc' dir='ltr'><strong>⁸ιιι</strong></span> <span class='ocrx_word' id='word_1_908' title='bbox 2817 5638 3095 5707; x_wconf 80' lang='lat' dir='ltr'><strong>mysticam</strong></span> <span class='ocrx_word' id='word_1_909' title='bbox 3144 5638 3405 5691; x_wconf 84' lang='lat' dir='ltr'><strong>unitatem</strong></span> 
     </span>
    </p>
   </div>
  </div>
