4028 6428
590 371 660 424 67
1617 371 1674 425 S.
1716 368 1994 427 CYRILLI
2036 367 2504 425 ALEXANDRINI
2546 366 2866 424 ARCHIEP.
3796 372 3868 426 68

594 484 994 541 convenirent?
1051 485 1158 541 Sed
1189 484 1370 540 dicere
1397 485 1450 538 id
1487 501 1590 540 non
1636 489 1858 556 poteris.
1892 486 2024 540 Nam
2061 488 2161 540 hac

2288 483 2567 556 >υσικήν];
2604 483 2745 542 Ἀλλ’
2771 484 2871 535 οὐκ
2903 482 2969 534 ἂν
3005 481 3148 552 ἔχοις
3188 481 3380 534 εἰπεῖν·
3417 479 3713 548 Ἐκδέδειχε
3753 483 3867 550 γὰρ

599 577 810 631 ratione
861 578 1290 632 demonstratum
1322 586 1427 642 est,
1462 577 1605 630 illam
1630 591 1751 632 esse
1783 579 1837 632 in
1887 589 2173 647 utramque

595 675 803 731 partem
838 669 1132 723 admodum
1167 668 1464 722 inﬁrmam.
1508 669 1639 722 Illud
1671 683 1888 740 quoque
1923 670 2053 723 mihi
2086 685 2175 724 ex-

600 756 768 824 plices
815 759 1003 824 velim,
1051 775 1174 813 nam
1221 773 1412 828 rogare
1451 763 1761 814 necessario
1806 775 1991 829 cogor,
2044 761 2171 828 quid

600 849 714 915 ipsa
747 849 985 919 dignitas
1010 851 1209 918 juverit
1240 851 1535 914 hominem,
1564 860 1620 904 ut
1653 851 1767 920 ipse
1812 853 2016 915 dixisti,
2050 866 2171 903 cum

597 940 702 993 Deo
743 941 921 996 Verbo
947 941 1316 1006 coniunctum,
1345 951 1398 994 et
1429 955 1493 993 ex
1526 941 1752 994 muliere
1788 942 2008 994 natum?
2037 940 2170 993 Num

597 1045 723 1084 vero
754 1047 936 1100 parem
971 1032 1141 1101 gloria
1171 1041 1224 1084 et
1255 1031 1576 1086 excellentia
1609 1032 1866 1095 reddidit,
1902 1042 1955 1085 et
1993 1042 2174 1085 tantus

595 1131 653 1175 ut
686 1133 831 1177 esset
876 1122 1088 1188 effecit,
1131 1134 1394 1191 quantum
1442 1132 1498 1177 et
1557 1123 1729 1191 ipsum
1766 1138 1886 1178 esse
1939 1124 2172 1177 Verbum

591 1213 851 1267 credibile
875 1213 1005 1266 est?
1036 1214 1138 1266 Sed
1161 1214 1432 1282 quomodo
1463 1230 1568 1268 non
1595 1214 1684 1268 ille
1711 1218 2023 1278 mentietur,
2050 1231 2172 1266 cum

592 1304 768 1360 dicit:
824 1322 843 1355 ι
881 1304 1124 1360 Gloriam
1163 1322 1335 1360 meam
1390 1307 1547 1359 alteri
1580 1322 1684 1359 non
1727 1308 1866 1360 dabo
1895 1309 1981 1359 9‘?
2015 1326 2033 1358 ι
2067 1307 2175 1358 fru-

593 1406 706 1448 stra
748 1396 912 1450 etiam
965 1406 1197 1466 nugatus
1224 1397 1328 1450 erit
1367 1396 1454 1450 ille
1490 1397 1706 1450 divinus
1737 1397 2040 1450 carminum
2076 1414 2172 1449 au-

593 1496 731 1553 ctor,
791 1488 868 1541 sic
923 1485 1092 1541 ferme
1123 1489 1340 1541 dicens:
1380 1506 1397 1538 ι
1431 1486 1566 1551 Quis
1602 1489 1815 1541 tandem
1851 1489 1903 1540 in
1942 1489 2176 1543 nubibus

591 1577 901 1646 mquabitur
930 1577 1198 1631 Domino?
1227 1587 1318 1630 aut
1361 1577 1483 1646 quis
1515 1577 1710 1631 similis
1748 1579 1850 1630 erit
1892 1579 2000 1632 Deo
2037 1581 2088 1631 in
2124 1578 2178 1631 li-

595 1669 682 1722 liis
708 1669 798 1722 Dei
828 1667 914 1723 "?
951 1687 969 1719 ›
1007 1669 1088 1722 Au
1121 1683 1249 1722 vero
1297 1669 1340 1722 is
1380 1683 1487 1722 non
1531 1669 1637 1722 erit
1661 1669 1802 1723 alius
1833 1670 1902 1722 ab
1937 1670 2028 1723 illo
2065 1685 2174 1723 uno

592 1770 650 1814 et
689 1760 988 1814 secundum
1025 1767 1274 1812 naturam
1309 1759 1404 1813 Dei
1454 1759 1635 1813 Patris
1669 1758 1870 1822 Verbo,
1918 1761 2008 1828 qui
2061 1776 2180 1828 pro-

2272 575 2300 626 ὁ
2331 574 2486 641 λόγος
2537 572 2672 643 πρὸς
2708 573 2875 642 ἄμφω
2907 572 3090 638 ταυτὶ,
3121 570 3256 623 πολὺ
3287 569 3548 623 νοσοῦσαν
3588 569 3648 620 τὸ
3694 566 3868 634 ἀδρα-

2273 665 2380 729 νές.
2408 665 2584 736 Φρὰζε
2614 663 2670 716 δέ
2704 680 2795 733 μοι
2827 664 3068 715 κάκεῖνο·
3100 661 3515 732 προσερήσομαι
3549 659 3657 729 γάρ
3688 660 3867 725 ἀναγ-

2275 757 2475 821 καίως,
2530 755 2583 807 τί
2612 755 2673 808 τὸ
2705 754 2803 822 τῆς
2844 753 3002 820 ἀξίας
3049 753 3224 823 ὢνησε
3269 753 3457 823 χρῆμα
3510 752 3621 815 τὸν,
3675 749 3870 816 ὥσπερ

2275 848 2410 917 ἔφης
2434 847 2618 913 αὑτὸς,
2649 845 2727 916 τῷ
2755 845 2873 915 Θεῴ
2897 845 3055 914 Λόγῳ
3085 845 3425 915 συνημμένον
3454 843 3739 912 ἄνθρωπον
3769 842 3869 892 καὶ

2275 941 2339 992 ὲκ
2363 952 2365 954 ’
2389 939 2683 1007 γυναικός;
2718 933 2867 1008 Ἀρα
2903 938 3011 1006 γάρ
3047 938 3159 989 ἴσον
3193 936 3475 1006 ἀπέφηνεν
3510 936 3567 986 ὲν
3599 933 3722 1002 δόξῃ
3767 932 3870 984 καὶ

2276 1031 2541 1100 ὑπεροχῇ,
2584 1028 2679 1081 καὶ
2709 1027 2963 1080 τοσοῦτον
2995 1023 3132 1080 εἶναι
3165 1025 3599 1096 παρεσκεύασεν,
3635 1025 3757 1085 ὅσος
3799 1024 3870 1075 ἂν

2275 1119 2416 1176 εἶναι
2447 1120 2752 1174 πιστεύοιτο
2780 1121 2872 1173 καὶ
2903 1119 3098 1182 αὑτόςς
3127 1114 3260 1170 Εἶτα
3289 1118 3406 1180 πῶς
3430 1117 3490 1168 οὑ
3516 1114 3871 1183 διαψεύσεται

2275 1215 2468 1282 λέγων,
2505 1232 2522 1264 ι
2552 1212 2662 1282 Τὴν
2688 1213 2846 1277 δόξαν
2884 1229 2984 1281 μου
3031 1211 3202 1279 ἑτέρῳ
3241 1209 3302 1260 οὑ
3338 1207 3530 1271 δώσω;
3561 1225 3579 1256 ι
3620 1205 3872 1272 πεφλυά-

2281 1321 2412 1374 ρηκε
2446 1304 2500 1356 δὲ
2537 1304 2711 1373 μάτην
2740 1303 2834 1354 καὶ
2867 1302 3029 1364 αὑτὸς
3061 1302 3190 1370 ἡμῖν
3214 1301 3242 1351 ό
3277 1299 3564 1360 Θεσπέσιος
3602 1296 3869 1367 μελῳδὸς,

2276 1395 2372 1447 ὼδί
2408 1412 2509 1446 που
2548 1393 2744 1460 λέγων,
2784 1395 2866 1446 ὃτι
2911 1411 2928 1442 ι
2960 1393 3056 1453 Τίς
3103 1395 3158 1444 ὲν
3207 1389 3461 1460 νεφέλαις
3536 1389 3873 1457 ἰσωθήσεται

2276 1485 2353 1557 τῷ
2395 1487 2620 1556 Κυρίῳ;
2665 1486 2695 1554 ἦ
2734 1485 2816 1546 τίς
2859 1484 3261 1553 ὁμοιωθήσεται
3302 1481 3381 1551 τῷ
3417 1479 3608 1550 Κυρίῳ
3641 1481 3698 1531 ἐν
3730 1481 3873 1539 υἱοῖς

2277 1577 2442 1642 Θεοῦ;
2469 1598 2487 1628 ι
2531 1579 2601 1629 Ἢ
2636 1578 2734 1645 οὑχ
2769 1577 2954 1645 έτερος
2997 1576 3148 1645 παρὰ
3181 1576 3272 1627 τὸν
3302 1574 3398 1626 ἕνα
3429 1574 3522 1625 καὶ
3556 1571 3736 1638 φύσει,
3769 1572 3874 1622 καὶ

2278 1672 2342 1723 ὲκ
2375 1669 2510 1722 Θεοῦ
2555 1669 2768 1740 Πατρὸς
2805 1669 2999 1736 Λόγον,
3027 1669 3054 1718 ὁ
3085 1668 3206 1719 κατ’
3248 1665 3383 1719 ἰδίαν
3436 1664 3734 1716 ὑπόστασιν
3767 1663 3875 1731 ’τῆς

2278 1763 2414 1832 πρὸς
2460 1761 2622 1814 αὑτὸν
2663 1760 2914 1829 ένότητος
2960 1758 3178 1829 ἀληθῶς
3211 1757 3707 1828 διεσχοινισμένος;
3745 1750 3875 1806 εἶτα

595 1851 725 1921 prim
778 1851 1087 1920 hypostasis
1133 1851 1345 1905 ratione
1398 1865 1528 1905 vere
1577 1850 1650 1904 sit
1689 1849 1757 1904 ab
1792 1848 1914 1918 ejus
1970 1852 2180 1904 unitate

2288 1854 2398 1915 πῶς
2425 1854 2520 1920 οὑχ
2549 1852 2755 1905 ἅπασιν
2786 1852 3046 1922 ὲναργές;
3082 1850 3194 1902 ἀλλ’
3220 1851 3322 1902 οὑκ
3353 1850 3468 1902 ἴσον
3502 1848 3599 1917 μὲν
3639 1847 3717 1913 τῷ
3745 1845 3876 1915 Θεῷ

592 1942 937 2012 disjtmctus?
959 1942 1176 1996 cuinam
1200 1956 1326 1996 vero
1356 1941 1409 1997 id
1441 1956 1549 1996 non
1576 1941 1649 1996 sit
1671 1941 2176 1995 evidentissimum?

595 2033 700 2090 Sed
723 2032 1074 2102 coniunctum
1108 2046 1243 2089 sane
1274 2034 1446 2101 ipsum
1485 2032 1628 2085 haud
1659 2032 1867 2102 aequale
1901 2033 2010 2087 Deo
2049 2031 2178 2085 Ver-

596 2124 935 2193 bo.dignitas
970 2122 1117 2187 fecit,
1141 2123 1285 2190 quod
1313 2122 1538 2177 inferius
1568 2122 1659 2175 illo
1685 2138 1806 2176 esse
1836 2124 2176 2192 perspicuum

593 2223 714 2280 est;
739 2211 1190 2282 quomodoigitur
1222 2217 1386 2264 unum
1425 2213 1626 2266 asseris
1657 2213 1959 2278 Christum,
1994 2225 2048 2266 et
2088 2213 2179 2266 Fi-

599 2305 751 2370 lium,
787 2313 844 2358 et
886 2302 1195 2368 Dominum,
1229 2305 1483 2372 quamvis
1517 2319 1677 2368 unus,
1709 2306 1850 2373 quod
1888 2305 2180 2358 sententia-

597 2411 715 2449 rum
751 2395 857 2449 vim
895 2395 1110 2459 attinet,
1145 2396 1216 2448 sit
1248 2397 1621 2463 praestantior,
1660 2395 1799 2448 alter
1837 2395 2084 2457 inferior,
2127 2405 2181 2450 ct

595 2487 716 2554 ejus
745 2485 1025 2555 majestate
1058 2497 1113 2539 et
1155 2487 1326 2555 gloria
1363 2486 1586 2538 minor?
1625 2485 1915 2550 Praeterea,
1953 2497 2006 2540 ιιι
2053 2488 2180 2540 illud

597 2590 814 2646 quoque
863 2577 947 2629 his
1001 2591 1120 2644 quze
1156 2575 1396 2630 diximus
1451 2575 1765 2644 adjungam,
1821 2578 2066 2641 donavit,
2125 2588 2181 2630 ut

601 2667 714 2734 ipse
742 2666 1042 2728 existimat,
1079 2665 1207 2719 illud
1238 2680 1303 2718 ex
1348 2664 1456 2718 Deo
1489 2664 1649 2718 Patre
1691 2666 1927 2718 Verbum
1962 2668 2032 2719 illi
2069 2684 2181 2719 Illu-

599 2755 750 2809 lieris
783 2755 895 2808 lilio
936 2770 1092 2810 suom
1135 2755 1304 2824 ipsius
1338 2755 1680 2825 dignitatem.
1716 2757 1820 2809 Sed
1867 2758 1966 2809 hoc
2005 2759 2178 2826 ipsum

599 2861 832 2916 quonam
871 2848 1114 2900 sitmodo
1147 2858 1379 2915 gestum,
1415 2848 1711 2915 exquirere
1738 2859 1822 2902 est
1845 2865 2024 2917 operas
2055 2867 2178 2920 pre-

602 2937 734 2989 tium
768 2953 781 2989 :
817 2934 952 2988 Num
988 2938 1100 3004 ipse
1133 2951 1346 3007 quoque
1402 2937 1576 2990 lactus
1608 2950 1689 2991 est
1735 2938 1822 2991 lux
1857 2943 2020 2994 tera?
2052 2959 2178 2995 num

600 3043 667 3081 ex
700 3036 891 3081 natura
924 3028 1086 3094 Deus,
1118 3038 1170 3082 et
1199 3029 1327 3088 vita.
1353 3037 1406 3081 et
1445 3043 1622 3081 rerum
1662 3031 1863 3098 opifex,
1889 3043 1943 3085 et
1970 3037 2183 3101 sapien-

603 3122 698 3184 tia,
737 3130 792 3174 et
819 3121 1009 3186 virtus,
1042 3121 1220 3190 imago
1252 3120 1415 3172 etiam
1453 3131 1506 3173 et
1555 3121 1814 3188 Splendor
1864 3125 2180 3177 substantiae

604 3211 801 3278 Patris,
830 3223 884 3266 et
913 3212 1001 3264 illa
1033 3211 1251 3264 eximia:
1277 3226 1338 3263 ac
1373 3226 1642 3277 supremae
1688 3213 1834 3265 illius
1869 3213 2055 3280 gloria:
2090 3231 2182 3266 or-
2210 3204 2256 3264 C

605 3314 853 3357 tramenta
889 3304 939 3356 in
975 3317 1136 3353 unum
1168 3301 1401 3365 aliquem
1435 3317 1464 3354 e
1495 3303 1698 3354 creatis
1737 3304 2050 3356 hominibus
2087 3321 2182 3356 na-

609 3395 860 3448 turaliter
888 3394 1258 3446 inlluxerunt?
1286 3394 1420 3458 Quid
1447 3392 1611 3461 igitur
1636 3394 1894 3445 eximium
1934 3407 2015 3446 est
2043 3396 2093 3445 in
2121 3411 2183 3447 eo

603 3487 896 3540 secundum
927 3497 1172 3536 naturam
1224 3484 1371 3536 Deo?
1428 3486 1562 3550 quid
1613 3499 1863 3552 magnum
1914 3495 1967 3535 et
2019 3498 2181 3552 supra

605 3591 724 3641 nos,
757 3576 801 3629 si
838 3574 920 3629 fas
943 3585 1024 3629 est
1053 3583 1360 3627 creaturam
1391 3575 1474 3628 his
1513 3575 1671 3628 bonis
1699 3591 1821 3643 quae
1852 3575 1969 3641 ipse
1999 3576 2181 3640 habet,

603 3679 662 3724 et
716 3669 933 3737 quidem
985 3666 1436 3730 substantialiter,
1492 3682 1654 3733 posse
1712 3666 2062 3734 locupletari?
2115 3667 2190 3718 At

607 3761 751 3815 enim
791 3759 1105 3826 dignitatem
1156 3766 1412 3824 tanquam
1466 3759 1790 3826 participata
1844 3761 2077 3812 fortasse
2116 3759 2189 3811 di-

610 3853 732 3906 vina
777 3849 1092 3902 excellentia
1150 3850 1317 3915 gessit
1367 3866 1380 3902 :
1432 3849 1596 3917 igitur
1635 3850 1739 3903 duo
1791 3865 1980 3904 rursus
2030 3860 2191 3903 erunt

613 3943 798 4016 procul
848 3942 1009 3996 dubio
1083 3943 1228 4007 lilii,
1274 3941 1545 4010 siquidem
1615 3957 1804 3995 verum
1877 3951 1960 3995 est
2003 3944 2070 3994 ab
2124 3955 2190 3993 eo

614 4036 756 4105 quod
802 4034 1264 4102 participationem
1304 4033 1634 4101 impcrtitnr,
1680 4035 1952 4086 diversum
1990 4048 2108 4086 esse
2137 4042 2191 4085 et

613 4128 838 4182 inferius
874 4127 1168 4180 secundum
1205 4135 1477 4186 naturam,
1527 4125 1577 4177 id
1613 4125 1755 4193 quod
1793 4125 1910 4178 ideo
1954 4124 2191 4176 honora-

613 4229 722 4284 tur,
757 4218 882 4286 quia
935 4221 1000 4270 ad
1044 4218 1216 4284 ipsum
1270 4215 1582 4269 relationem
1619 4216 1800 4268 habet.
1843 4216 2193 4269 Convinceris

612 4326 743 4381 ergo
770 4326 837 4363 ne
871 4325 930 4362 ea
965 4310 1180 4376 quidem
1213 4309 1352 4362 scire
1384 4322 1503 4374 quae
1537 4307 1694 4359 dicis.
1729 4307 1839 4358 (Zur
1883 4315 2058 4356 autem
2101 4320 2194 4357 eos

615 4415 843 4455 accusas
869 4400 958 4468 qui
985 4414 1142 4459 voces
1173 4399 1224 4451 in
1261 4397 1569 4465 Evangeliis
1601 4396 1803 4462 pOsitas
1829 4397 1914 4447 ιιιιὶ
1956 4409 2194 4461 ιιετεοιιεε

618 4493 862 4544 tribuunt
883 4490 904 4542 ?
925 4492 1117 4542 Annon
1148 4488 1283 4550 ideo,
1336 4487 1458 4553 quin
1487 4501 1623 4537 noro
1647 4499 1795 4537 more
1824 4486 1957 4537 duos
1985 4484 2193 4536 inducis

2282 1944 2440 2012 Λόγῳ
2472 1941 2768 2010 πεποίηκεν
2811 1941 2844 2009 ἡ
2891 1940 3017 2002 ἀξία
3049 1939 3110 1989 τὸ
3156 1936 3533 2005 συνημμένον·
3562 1933 3758 2003 όρᾶταί
3803 1948 3875 2000 γε

2287 2036 2394 2104 μὴν
2420 2037 2512 2085 καὶ
2549 2034 2695 2084 ἐστιν
2721 2033 2778 2083 ὲν
2809 2031 2987 2100 μείοσι
3009 2047 3021 2059 ·
3059 2029 3176 2090 πῶς
3208 2024 3301 2080 οὖν
3343 2027 3439 2080 ’ἐνα
3469 2027 3573 2096 φὴς
3605 2025 3871 2092 Χριστὸν,

2285 2128 2378 2179 καὶ
2418 2126 2567 2190 Υἰὸν,
2599 2125 2691 2177 καὶ
2721 2123 2947 2192 Κύριον,
2981 2123 3156 2174 καίτοι
3187 2120 3516 2192 προύχοντος
3562 2117 3678 2181 ἐνὸς
3723 2116 3878 2168 κατά

2285 2237 2347 2286 γε
2380 2218 2488 2270 τῶν
2531 2217 2748 2270 ἐννοιῶν
2779 2217 2873 2284 τὴν
2911 2215 3159 2283 δύναμιν,
3189 2214 3284 2264 xat
3318 2210 3642 2281 ὑφιζηκότος
3679 2209 3874 2278 ἑτέρου

2285 2311 2382 2381 τῆς
2413 2309 2550 2381 πρὸς
2593 2308 2755 2360 αὑτὸν
2807 2305 3050 2376 ίσότητός
3079 2321 3139 2356 τε
3175 2304 3270 2355 καὶ
3298 2301 3488 2371 δόξηςς
3529 2300 3735 2361 Ἀλλως
3783 2316 3873 2362 τε,

2287 2401 2635 2472 προσεποὶσω
2673 2399 2781 2469 γὰρ
2813 2393 2891 2460 οἷς
2937 2399 3072 2466 ἔφην
3108 2396 3204 2448 καὶ
3241 2393 3382 2452 τόδε.
3413 2391 3708 2463 δεδώρηται
3742 2391 3874 2443 κατ’

2285 2493 2445 2546 αὑτὸν
2471 2495 2498 2544 ὁ
2524 2493 2586 2542 ὲκ
2621 2489 2757 2541 Θεοῦ
2793 2487 3005 2557 Πατρὺς
3033 2486 3202 2554 Λόγος
3226 2486 3326 2555 τὴν
3355 2484 3490 2538 ἰδίαν
3521 2483 3678 2547 ἀξίαν
3703 2479 3780 2550 τῷ
3803 2481 3876 2532 ὲκ

2286 2584 2576 2653 γυναικός·
2616 2581 2756 2633 κατά
2788 2579 2911 2632 τίνα
2957 2579 3014 2631 δὲ
3061 2577 3260 2648 τρόπον
3304 2577 3437 2629 αὑτὸ
3483 2575 3546 2645 δὴ
3578 2573 3726 2626 τουτὶ
3766 2589 3875 2625 πε-

2287 2675 2529 2746 πράχθαι
2577 2672 2744 2742 φησι,
2796 2669 3102 2742 βασανίζειν
3151 2665 3498 2737 ἀξιον.τΑρα
3544 2681 3735 2734 γεηονε
3774 2666 3879 2717 καὶ

2289 2763 2451 2825 αὐτὸς
2479 2762 2594 2830 φῶς
2635 2759 2923 2830 ἀληθινόν;
2949 2755 3096 2828 τΑρα
3135 2758 3296 2826 φύσει
3331 2758 3482 2818 Θεὸς,
3510 2757 3602 2808 καὶ
3634 2755 3746 2825 ζωὴ
3775 2757 3879 2807 καὶ

2286 2857 2636 2927 δημιουργὸς,
2667 2857 2761 2907 καὶ
2790 2853 2950 2921 σοφία
2986 2855 3080 2905 καὶ
3109 2853 3357 2921 δύναμις,
3380 2850 3543 2903 εἰκὼν
3574 2852 3667 2903 καὶ
3693 2850 3879 2903 ἀπαύ-

2288 2966 2478 3016 γασμα
2505 2947 2604 3014 τῆς
2641 2947 2988 3006 ὑποστάσεως
3019 2943 3112 2994 τοῦ
3143 2942 3383 3012 Πατρός;
3415 2943 3508 2994 καὶ
3539 2943 3605 2995 τὰ
3633 2943 3729 3010 τῆς
3759 2943 3883 2996 ἄνω

2287 3039 2443 3107 δόξης
2501 3037 2955 3105 πλεονεκτήματα
3011 3032 3296 3103 κεχώρηκε
3360 3034 3603 3101 φυσικῶς
3652 3034 3733 3095 είς
3775 3034 3881 3085 ἕνα

2287 3131 2412 3182 τινὰ
2449 3129 2555 3180 τῶν
2588 3127 3008 3195 πεποιημένωνς
3034 3125 3099 3176 Τί
3130 3122 3222 3176 οὖν
3263 3125 3378 3176 ἐστι
3417 3124 3477 3178 τὸ
3512 3124 3785 3190 ἐξαίρετον
3817 3125 3884 3176 ὲν

2285 3220 2363 3290 τῷ
2397 3220 2534 3270 κατά
2567 3219 2727 3286 φύσιν
2758 3216 2877 3286 Θεῷ
2903 3234 2915 3278 ;
2946 3217 2994 3268 τί
3026 3216 3086 3267 τὸ
3127 3216 3268 3285 μέγα
3325 3217 3420 3268 καὶ
3453 3217 3594 3286 ὑπὲρ
3625 3217 3792 3285 ἡμᾶς,
3828 3219 3885 3268 εἰ

2287 3312 2562 3380 ἐνδέχεται
2620 3311 2719 3378 τὴν
2772 3310 2949 3360 κτίσιν
3001 3309 3396 3359 καταπλουτιεῖν
3445 3307 3728 3368 δύνασθαι,
3779 3309 3887 3360 καὶ

2286 3403 2443 3454 τοῦτο
2476 3401 2770 3464 ούσιωδῶς,
2816 3401 2883 3452 τὰ
2918 3402 2974 3452 ὲν
3014 3394 3095 3463 οἷς
3139 3401 3286 3452 ἐστιν
3317 3400 3529 3468 ἀγαθὰ;
3574 3401 3688 3453 ἀλλ’
3711 3403 3784 3465 ὡς
3819 3404 3886 3453 ὲν

2293 3493 2505 3562 μεθέξει
2555 3492 2652 3560 τῆς
2701 3491 2851 3552 θείας
2903 3491 3062 3559 τυχὸν
3113 3491 3389 3560 ὑπεροχῆς
3443 3491 3723 3560 πεφόρηκε
3778 3492 3887 3562 τὴν

2290 3581 2481 3644 ἀξίαν;
2517 3580 2619 3632 Δύο
2654 3580 2716 3649 δὴ
2751 3580 2913 3632 πάλιν
2954 3579 3338 3648 ἀναμφιλόγως
3369 3580 3497 3641 υἱοὶ,
3530 3580 3688 3650 εἴπερ
3727 3582 3888 3635 ἐστὶν

2289 3675 2507 3742 ἀληθὲς,
2548 3675 2622 3732 ὡς
2651 3674 2835 3741 ἕτερόν
2877 3690 2948 3735 τι,
2979 3675 3070 3723 καὶ
3100 3672 3320 3723 ἔλαττον
3358 3673 3498 3724 κατά
3544 3672 3705 3740 φύσιν
3736 3676 3888 3742 ἐστὶ,

2291 3767 2384 3819 τοῦ
2433 3770 2530 3835 τὴν
2581 3766 2796 3835 μέθεξιν
2849 3765 3208 3834 ἐμποιοῦντος
3261 3765 3441 3835 αύτῷ,
3485 3767 3545 3818 τὸ
3585 3770 3766 3838 σχέσει
3810 3776 3888 3842 τῇ

2294 3855 2426 3923 πρὸς
2461 3854 2622 3905 αὑτὸν
2665 3853 2977 3922 τιμώμενον
3003 3870 3013 3882 ·
3048 3854 3231 3923 ἀλώσῃ
3267 3855 3329 3923 δὴ
3363 3852 3453 3908 οὖν
3483 3858 3604 3910 οὑδὲ
3648 3860 3805 3924 εἰδὼς
3848 3863 3890 3916 ἃ

2291 3945 2491 4010 λέγεις.
2534 3944 2697 4012 Αἰτιᾷ
2734 3945 2789 3996 δὲ
2823 3944 2939 3996 ἀνθ’
2965 3946 3085 3996 ὅτου
3125 3947 3251 4008 τοὺς
3282 3947 3363 3998 ἐνὶ
3402 3950 3679 4020 προσώπῳ
3711 3970 3889 4023 προσ-

2293 4034 2556 4111 νέμοντας
2591 4034 2689 4096 τὰς
2731 4036 2788 4086 έν
2831 4038 2940 4097 τοῖς
2968 4037 3320 4103 Εύαγγελίοις
3355 4041 3570 4106 φωνάς;
3601 4038 3726 4113 Ἆρ’
3759 4046 3891 4115 οὑχὶ

2292 4123 2384 4175 δύο
2425 4124 2762 4193 καινοτομῶν
2794 4125 2972 4188 υίούς;
3003 4127 3123 4189 Πῶς
3153 4128 3261 4198 γὰρ
3294 4129 3375 4181 ἔτι
3406 4132 3609 4202 Κύριος
3648 4129 3748 4198 εἷς,
3785 4138 3890 4188 καὶ

2295 4215 2546 4284 Χριστὸς,
2575 4216 2668 4266 καὶ
2703 4215 2851 4277 Υἱὸς,
2879 4218 2926 4268 εἰ
2970 4218 3262 4286 πρόσωπον
3294 4221 3458 4284 ἰδικὸν
3488 4223 3754 4294 ἐκατέρῳ,
3787 4231 3892 4281 καὶ

2297 4304 2471 4371 λόγος,
2521 4305 2612 4356 καὶ
2651 4305 2754 4374 μὴν
2801 4307 2896 4356 καὶ
2947 4307 3279 4375 ὑπόστασις,
3328 4311 3687 4382 ἀναχωροῦσα
3739 4319 3890 4387 πρὸς

2297 4397 2611 4466 ἑτερότητα,
2642 4398 2733 4449 καὶ
2765 4397 2822 4448 τὸ
2851 4397 2948 4466 τῆς
2978 4398 3211 4466 ἀληθοῦς
3241 4400 3488 4464 ὲνώσεως
3521 4405 3710 4474 χρῆμα
3740 4425 3891 4479 παρ-

2298 4488 2627 4556 αιτουμένη,
2684 4487 2774 4538 καὶ
2829 4488 2888 4539 τὸ
2946 4489 3262 4557 ἀσύμϐατον
3315 4491 3622 4563 ὀλοτρόπως
3684 4496 3893 4565 ἔχουσα

621 4579 798 4634 lilios?
841 4577 974 4631 Nam
1009 4577 1277 4646 quomodo
1310 4591 1448 4629 IlllllS
1477 4577 1586 4644 jam
1634 4576 1909 4639 Dominus,
1951 4583 2004 4628 et
2034 4574 2184 4628 Chri‘

2305 4577 2440 4646 πρὸς
2458 4551 2563 4647 ’τὴν
2584 4551 2819 4648 ⁷ιἐτέραν;
2845 4579 2955 4631 Καὶ
2984 4579 3042 4630 τό
3057 4551 3135 4646 ’γε
3176 4551 3476 4651 παράδοξον
3516 4551 3613 4636 καί
3635 4551 3742 4638 τῶῦ
3783 4551 3893 4642 ab:

616 4684 734 4728 stus
763 4679 817 4724 et
844 4669 1010 4722 Filius
1031 4668 1155 4731 erit,
1177 4669 1220 4722 si
1244 4667 1458 4733 utrique
1482 4682 1575 4720 sua
1607 4683 1831 4734 persona
1852 4677 1934 4720 est
1962 4678 2014 4721 et
2039 4670 2197 4732 ratio,

619 4764 730 4835 36
742 4771 904 4831 atque
924 4761 1083 4813 etiam
1103 4759 1425 4830 hypostasis,
1447 4760 1510 4812 ad
1536 4759 1900 4813 diversitatem
1919 4761 2198 4824 secedens,

619 4868 675 4912 et
705 4871 817 4911 rem
846 4868 986 4908 vera:
1020 4852 1233 4906 unionis
1279 4867 1554 4913 recusans,
1585 4860 1638 4904 et
1669 4867 1786 4918 qua:
1826 4853 2045 4904 omnino
2072 4867 2194 4905 cum

620 4949 789 5003 altera
825 4945 1117 5000 convenire
1155 4960 1258 4996 non
1294 4943 1504 5012 possit?
1537 4943 1797 5011 Quodque
1827 4943 1913 4997 vix
1939 4943 2197 4998 credibile

619 5049 727 5105 est,
775 5046 830 5093 et
881 5037 998 5106 ejus
1051 5035 1501 5103 blasphemiarum
1557 5035 1941 5103 turpitudinem
1991 5036 2190 5104 prodit,

620 5129 927 5185 communia
959 5125 1090 5179 dicit
1132 5139 1254 5178 esse
1303 5127 1414 5179 haec
1459 5126 1694 5189 nomina,
1743 5125 1909 5180 Filius
1953 5128 2192 5195 inquam,

620 5233 674 5277 et
697 5220 971 5280 Christus,
1004 5227 1056 5270 et
1091 5216 1346 5270 Dominus
1375 5236 1387 5271 :
1424 5232 1543 5285 qua:
1584 5217 1628 5271 si
1669 5219 1741 5269 ita
1774 5219 2077 5272 communia
2108 5217 2194 5271 di-

621 5314 716 5374 cit,
748 5317 806 5364 ut
841 5310 928 5362 uni
963 5307 1205 5372 Christo,
1231 5317 1282 5360 et
1309 5308 1628 5376 quibusdam
1655 5320 1849 5376 praeter
1875 5310 2044 5378 ipsum
2078 5309 2194 5364 aliis

621 5399 968 5463 conveniant,
999 5411 1106 5450 non
1134 5395 1364 5450 absurda
1397 5397 1511 5465 ejus
1538 5398 1641 5450 erit
1664 5399 1857 5452 oratio.
1893 5398 1984 5452 Sin
2023 5400 2194 5466 impe-

622 5491 723 5544 rite
761 5487 1040 5557 disjungit,
1075 5493 1332 5554 putatque
1362 5501 1422 5538 ea
1465 5486 1756 5552 convenire
1791 5496 1842 5540 et
1885 5488 1985 5556 ipsi
2021 5487 2194 5543 Verbo

622 5581 895 5649 privatim,
920 5588 971 5631 et
1000 5577 1070 5630 illi
1104 5592 1165 5632 ex
1201 5576 1426 5633 muliere
1469 5576 1613 5642 lilio;
1652 5578 1758 5632 duo
1789 5578 1943 5649 plane
1982 5595 2192 5636 rursum

691 5756 731 5785 θ’
760 5753 859 5807 lsa.
887 5769 1014 5820 xui,
1048 5753 1100 5807 8.
1194 5754 1239 5784 "
1266 5752 1407 5809 Psal.
1442 5768 1703 5821 Luxrm,
1744 5755 1795 5809 7.

2305 4669 2398 4721 τοῦ
2429 4668 2749 4738 δυσφημιῶν
2788 4671 3086 4739 ἀποφαῖνον
3114 4673 3210 4742 τὴν
3237 4673 3519 4744 βδελυρίαν
3540 4693 3551 4704 ·
3585 4679 3736 4731 κοινά
3779 4699 3890 4754 φη-

2306 4776 2390 4812 σιν
2430 4754 2568 4812 εἶναι
2603 4759 2669 4812 τά
2714 4760 2974 4830 ὀνόματα,
3023 4763 3082 4812 τό
3120 4780 3176 4814 τε
3222 4764 3375 4828 Υἱὸς,
3402 4765 3565 4836 φημὶ,
3609 4769 3701 4820 καὶ
3747 4771 3895 4841 Χρι-

2306 4851 2427 4913 στὸς
2468 4852 2561 4903 καὶ
2602 4852 2840 4921 Κύριος·
2873 4854 2965 4905 καὶ
2996 4855 3044 4905 εἰ
3085 4855 3183 4923 μὲν
3211 4850 3348 4908 εἶναι
3394 4857 3549 4910 κοινά
3600 4876 3762 4930 φησιν
3809 4862 3893 4927 ὡς

2304 4941 2385 4993 έν).
2414 4941 2490 5010 τῷ
2523 4942 2762 5012 Χριστῷ,
2792 4943 2884 4994 καί
2914 4960 3023 4994 τισι
3057 4946 3183 5014 παρ’
3214 4946 3376 5000 αὑτὸν
3402 4947 3629 5017 ἑτέροις,
3671 4949 3785 5018 ἔχοι
3819 4951 3893 5004 ἆυ

2301 5031 2444 5094 εἰκὸς
2480 5032 2509 5084 ό
2541 5032 2696 5100 λόγος
2728 5032 2894 5103 αὑτῷ.
2939 5035 2999 5086 El
3030 5035 3087 5087 δὲ
3122 5036 3386 5107 διῖστησιν
3431 5039 3678 5109 ἀμαθῶς,
3710 5040 3894 5097 οἴεταί

2302 5140 2358 5174 τε
2394 5122 2624 5193 πρέπειν
2663 5125 2800 5178 αὑτὰ
2835 5125 2930 5177 καὶ
2970 5127 3150 5189 ίδικῶς
3189 5127 3266 5196 τῷ
3294 5129 3470 5198 Λόγῳ,
3515 5132 3607 5182 καὶ
3652 5133 3758 5200 μὴν
3811 5135 3894 5204 τῷ

2304 5213 2368 5264 ὲκ
2408 5213 2684 5279 γυναικὸς,
2712 5214 2805 5267 δύο
2849 5233 2952 5267 που
2983 5218 3200 5280 πάντως
3245 5219 3406 5272 πάλιν
3447 5221 3541 5273 καὶ
3579 5223 3894 5292 ἀναμφιλό-

2301 5323 2410 5373 γως
2442 5306 2687 5375 Χριστοὶ,
2722 5308 2815 5359 καὶ⁵
2849 5309 2990 5372 Υἱοὶ,
3025 5311 3117 5362 καὶ
3153 5310 3367 5381 Κύριοι·
3395 5311 3496 5382 ἔφη
3537 5315 3666 5385 γὰρ,
3702 5317 3785 5369 ὅτι
3828 5320 3896 5370 τὸ

2301 5398 2531 5467 Χριστὸς
2561 5399 2752 5468 ὄνομα,
2789 5401 2919 5452 ποτὲ
2959 5401 3059 5470 μὲν
3113 5402 3295 5457 θετέον
3343 5406 3437 5457 ἐπὶ
3483 5407 3580 5476 τῆς
3629 5406 3895 5475 θεότητος

2301 5491 2491 5560 αὐτῆς,
2527 5492 2654 5544 ποτὲ
2685 5492 2742 5543 δὲ
2774 5493 2867 5546 καὶ
2893 5495 2986 5546 ἐπὶ
3015 5496 3110 5564 τῆς
3137 5495 3572 5566 ἀνθρωπότητος,
3607 5497 3639 5566 ἦ
3677 5498 3769 5550 καὶ
3798 5499 3895 5550 ἐπ’

2300 5583 2534 5653 ἀμφοῖν·
2575 5584 2818 5655 ὀνήσειεν
2849 5587 2892 5640 δ’
2921 5587 2984 5640 ἂν
3016 5589 3048 5657 ἡ
3079 5589 3369 5659 ὁμωνυμία
3405 5590 3464 5641 τὸ
3509 5589 3750 5658 σύμπαν,
3793 5591 3895 5642 ού-
