4028 6434
110 374 165 426 C9
1253 375 1630 432 ADVERSCS
1672 375 2076 433 NESTORIUM
2118 377 2245 433 LIB.
2289 372 2357 431 ll.
3333 377 3405 434 70

108 497 199 560 ὁὲν,
225 494 305 556 είς
346 511 418 562 γε
460 493 529 547 τὸ
568 494 685 548 δεῖν
724 494 821 549 ἕνα
855 495 1094 550 νοεῖσθαι
1140 498 1399 568 Χριστὸν,
1439 498 1535 551 καὶ
1568 499 1706 565 Υἱὸν1

1821 510 1874 555 et
1906 500 2046 555 citra
2076 500 2468 554 dubitationem
2495 505 2654 552 erunt
2685 493 2912 561 Christi,
2956 502 3010 550 et
3040 492 3188 557 Filii,
3223 502 3270 548 et
3300 494 3402 548 Do-

108 589 186 639 καὶ
216 585 456 655 Κύριον,
494 586 777 655 τέμνοντα
807 587 934 656 δίχα
975 586 1070 639 τοῦ
1114 589 1210 641 καὶ
1247 590 1417 652 αὑτᾶς
1460 590 1705 659 ἀλλήλων

105 680 188 738 ei;
226 676 578 738 ὑποστάσεις
606 678 915 745 ἁποφοιτᾷν
941 693 952 705 ’
982 678 1077 729 καὶ
1104 679 1185 740 είς
1216 678 1390 750 ἰδικὴν
1420 681 1713 750 ἑτερότητα

104 769 199 817 τῶν
240 768 572 836 προσώπων
621 768 1051 837 διεσταλμένων.
1096 770 1348 839 Ἑμφανῆ
1386 772 1494 839 γὰρ
1522 772 1711 843 ὥσπερ

106 863 225 927 ἡμῖν
278 860 570 922 καθιστὰς
616 863 716 940 τῆς
768 862 999 931 ἐνούσης
1050 862 1197 932 αύτῷ
1248 863 1556 933 δυσμαθίας
1614 865 1713 935 τὴν

106 952 343 1020 δύναμιν,
389 953 754 1022 προσεπάγει
785 953 879 1005 καί
913 961 1099 1023 φησιν’

1818 590 1971 645 mini.
2026 591 2169 645 Dixit
2215 596 2358 645 enim
2409 588 2611 644 Christi
2660 602 2855 643 nomen
2900 601 3285 653 nonnunquam
3340 586 3405 638 de

1818 681 1931 751 ipsa
1978 681 2277 743 divinitate,
2328 694 2715 747 nonnunquam
2771 680 2838 733 de
2894 676 3256 740 humanitate,
3314 683 3402 727 aut

1816 774 1981 825 etiam
2017 772 2083 825 de
2118 782 2347 838 utroque
2395 771 2823 838 intelligendum.
2870 766 2927 822 In
2965 768 3276 821 universum
3308 781 3376 817 au

1818 873 1924 916 terti
1956 863 2086 915 nihil
2116 862 2443 916 dividentem
2476 862 2676 930 juverit
2698 861 2937 928 ejusdem
2970 861 3204 913 nominis
3233 861 3403 927 aequi-

1814 956 2028 1008 vocatio
2053 955 2105 1007 in
2132 955 2255 1017 hoc,
2288 963 2343 1006 ut
2376 969 2515 1006 unus
2549 953 2799 1006 Christus
2832 953 3188 1020 intelligatur.
3214 962 3267 1005 et
3315 950 3402 1003 Fi-

105 1051 214 1106 lius.
252 1058 309 1101 et
338 1046 643 1110 Dominus,
676 1049 892 1103 etiamsi
941 1050 1070 1118 ipsa:
1131 1050 1455 1120 hypostases
1512 1050 1744 1104 invicem
1780 1050 2044 1119 sejuncttn
2109 1068 2215 1104 non
2255 1050 2384 1111 sint,
2427 1064 2490 1103 ac
2537 1063 2780 1117 persona:
2827 1051 3044 1117 propria
3091 1048 3403 1103 diversitate

104 1138 395 1192 distinctae.
436 1135 512 1190 Ut
544 1140 692 1191 enim
726 1154 839 1192 sua:
871 1141 1027 1195 nobis
1066 1142 1351 1209 imperitia:
1381 1144 1489 1195 vim
1522 1148 1797 1211 ostendat,
1828 1144 2072 1212 adjnngit
2100 1153 2153 1197 et
2180 1146 2255 1196 ait
2293 1162 2306 1197 :

166 1230 363 1302 [Ὅταν
406 1227 506 1284 οὖν
536 1233 569 1301 ἡ
605 1230 726 1285 θεία
751 1234 944 1304 Γραφὴ
982 1234 1148 1305 μέλλῃ
1170 1234 1370 1302 λέγειν,
1397 1236 1429 1306 ἢ
1466 1237 1718 1306 γέννησιν

100 1324 181 1375 τοῦ
218 1322 471 1393 Χριστοῦ
521 1323 621 1393 τὴν
655 1324 719 1375 ἐκ
754 1325 855 1393 τῆς
887 1326 1159 1397 μακαρίας
1195 1327 1498 1398 Παρθένου,
1548 1328 1579 1397 ἢ
1614 1328 1713 1381 θά-

99 1434 267 1479 νατον,
299 1413 562 1482 οὐδαμοῦ
607 1415 861 1481 φαίνεται
892 1416 1107 1472 τιθεῖσα
1129 1456 1143 1481 ,
1183 1417 1339 1482 Θεὸς,
1372 1419 1544 1490 ἀλλ’ἢ
1581 1421 1715 1491 Χρι-

99 1509 232 1571 στὸς,
271 1507 307 1575 ἦ
343 1506 505 1571 Υἱὸς,
536 1507 569 1576 ἢ
610 1506 841 1577 Κύριος.
881 1508 1105 1576 Ἐπειδὴ
1134 1509 1309 1563 ταῦτα
1343 1510 1411 1563 τὰ
1440 1512 1569 1582 τρία
1598 1512 1710 1566 τῶν

97 1603 177 1652 διο
216 1598 453 1667 φύσεων
492 1601 609 1651 εἰσι
641 1602 965 1671 σημαντικά
990 1617 1003 1630 ·
1030 1602 1159 1655 ποτέ
1191 1604 1290 1673 μὲν
1320 1604 1547 1674 ταύτης,
1574 1606 1705 1658 ποτὲ

95 1697 132 1746 5'
171 1696 428 1763 ἐκείνης,
483 1695 626 1747 ποτέ
655 1695 713 1747 δέ
748 1681 955 1767 ταύτης
994 1698 1286 1769 κάκείνης⁹
1318 1696 1430 1754 οἷόν
1466 1718 1518 1753 τι
1552 1701 1714 1770 λέγω,

96 1790 213 1839 ὅταν
246 1788 351 1857 τὴν
388 1787 452 1851 ἐξ
496 1787 739 1856 ούρανοῦ
771 1788 1029 1859 γέννησιν
1065 1791 1197 1860 ἡμῖν
1225 1792 1258 1861 ἠ
1290 1790 1483 1863 Γραφὴ
1526 1793 1717 1863 διηγῆ-

1893 1238 2156 1310 [Νεετοιι.
2203 1237 2303 1293 Ubi
2329 1240 2491 1308 igitur
2524 1252 2691 1293 sacrm
2714 1236 2931 1291 Littera:
2957 1237 3038 1292 vel
3066 1238 3402 1292 nativitatem

1819 1330 2023 1385 Christi
2060 1333 2125 1385 de
2155 1330 2309 1385 beata
2337 1330 2561 1400 Virgine
2590 1339 2684 1384 aut
2714 1330 2830 1399 ejus
2854 1339 3081 1383 mortem
3104 1336 3402 1397 exlionunt,

1818 1440 2080 1493 nusquam
2101 1434 2305 1493 ponunt
2323 1424 2511 1487 Deum,
2537 1424 2629 1478 sed
2653 1424 2734 1478 vel
2756 1424 3051 1487 Christum,
3079 1424 3159 1476 vel
3184 1422 3400 1487 Filium,

1819 1516 1900 1569 vel
1922 1516 2238 1581 Dominum;
2269 1531 2390 1568 nam
2416 1517 2527 1569 haec
2549 1516 2650 1569 tria
2674 1515 2808 1568 duas
2830 1524 3053 1567 naturas
3073 1513 3400 1583 signiﬁcant,

1816 1623 1957 1661 nunc
1999 1608 2161 1671 hanc,
2214 1622 2358 1660 nunc
2414 1606 2589 1670 illam;
2639 1620 2782 1659 nunc
2820 1613 2875 1658 et
2922 1607 3059 1659 hanc
3103 1614 3157 1656 et
3208 1603 3351 1656 illam
3384 1620 3397 1633 ο

1820 1698 1969 1751 verbi
1996 1698 2190 1766 gratia,
2216 1713 2337 1751 cum
2362 1698 2509 1751 illam
2536 1712 2565 1751 e
2590 1696 2726 1751 cutio
2751 1696 3089 1750 nativitatem
3122 1694 3401 1763 Scriptura

1820 1790 1976 1844 nobis
1991 1789 2231 1857 exponit,
2253 1788 2382 1855 quid
2401 1788 2517 1841 ait?
2536 1787 2679 1841 Misit
2710 1788 2850 1841 Deus
2865 1785 3058 1840 Filium
3078 1801 3233 1840 suum
3258 1804 3272 1852 ;
3296 1801 3400 1840 non

99 1897 197 1943 ται,
236 1880 287 1931 τί
324 1879 528 1947 λέγεις
575 1880 996 1945 Ἐξαπέστειλεν
1024 1883 1051 1933 6
1083 1881 1215 1945 Θεὸς
1243 1882 1336 1936 τὸν
1371 1884 1498 1937 Υἱὸν
1525 1884 1706 1938 αὐτοῦ.

1818 1890 1996 1935 autem
2029 1897 2044 1934 :
2083 1878 2232 1934 Misit
2259 1880 2398 1934 Dens
2415 1880 2577 1932 Deum
2616 1877 2873 1942 Verbum,
2905 1879 2998 1933 sed
3026 1893 3221 1932 nomen
3239 1878 3404 1930 sumit

98 1972 202 2024 Οὔκ
225 1967 414 2037 εἶπεν,
438 1971 870 2035 Ἐξαπέστειὶεν
891 1974 918 2023 6
935 1972 1067 2036 Θεὸς
1092 1973 1184 2025 τὸν
1209 1974 1341 2027 Θεὸν
1365 1976 1556 2043 Λόγον·
1582 1974 1706 2028 ἀλλὰ

1822 1970 1963 2040 quod
1991 1972 2127 2024 duas
2155 1980 2375 2023 naturas
2405 1971 2770 2023 indicatznam
2793 1971 2916 2038 quia
2947 1968 3112 2022 Filius
3140 1969 3299 2021 homo
3318 1976 3403 2020 est

97 2062 361 2131 λαμϐάνει
407 2063 474 2114 τὸ
524 2063 701 2130 ὄνομα
734 2062 795 2113 τὸ
835 2062 1042 2130 μηνύον
1081 2064 1181 2125 τὰς
1234 2064 1427 2132 φύσεις
1462 2065 1563 2129 τὰς
1599 2066 1713 2120 δύο.

109 2155 321 2224 Ἐπειδὴ
356 2154 479 2222 γάρ
511 2156 541 2204 6
575 2154 709 2215 Υίὸς
744 2152 1033 2221 ἄνθρωπός
1062 2153 1177 2205 ἐστι
1210 2156 1305 2207 καὶ
1339 2155 1492 2220 Θεὸς,
1528 2156 1714 2224 λέγει·

103 2261 115 2289 ι
153 2242 592 2308 Ἑξαπέστειλεν
618 2242 711 2294 τὸν
763 2242 893 2294 Υἰὸν
937 2241 1101 2295 αὐτοῦ
1150 2243 1494 2315 γεννώμενον
1521 2246 1584 2297 ἐκ
1616 2263 1715 2314 γυ-

98 2335 309 2395 ναικός·
346 2354 367 2386 ι
411 2333 511 2386 ἶνα
563 2332 694 2384 ὅταν
741 2331 985 2402 ἀκούσῃς
1025 2332 1086 2385 τὸ
1134 2332 1476 2402 γεννώμενον
1508 2334 1571 2386 ἐκ
1612 2352 1714 2401 γυ⁴

99 2424 299 2485 ναικὸς,
326 2417 459 2473 εἶτα
487 2421 608 2492 ἴδῃς
636 2421 699 2473 τὸ
724 2421 894 2491 ὄνομα
921 2421 1278 2492 προκείμενον
1300 2422 1361 2473 τὸ
1388 2424 1591 2491 μηνύον
1618 2425 1715 2486 τὰς

98 2516 276 2580 aibat;
315 2513 428 2575 τὰς
456 2512 580 2577 δύο,
616 2513 706 2565 ῖνα
739 2513 838 2583 τὴν
872 2512 1126 2583 γέννησιν
1165 2515 1265 2582 τὴν
1300 2514 1365 2566 ἐκ
1395 2515 1492 2583 τῆς
1538 2531 1717 2583 μακα..

101 2606 208 2673 pix;
242 2604 575 2675 Παρθένου,
608 2602 742 2655 Υίοῦ
778 2602 1091 2672 μέν,καλῇς
1113 2619 1125 2632 ⁸
1159 2602 1287 2655 Υἱὸν
1317 2602 1425 2673 γὰρ
1452 2604 1712 2673 ἐγέννησε

95 2694 219 2748 Θεοῦ
282 2698 387 2749 καὶ
421 2698 457 2764 ἡ
496 2695 872 2764 Χριστοτόκος
904 2693 1195 2763 Παρθένος.
1236 2694 1376 2745 Ἀλλ’
1407 2694 1703 2764 ἐπειδήπερ

1820 2077 1883 2117 ac
1918 2062 2083 2127 Deus,
2116 2063 2329 2130 inquit:
2356 2080 2373 2111 ι
2412 2061 2767 2115 MisitFilium
2800 2077 2955 2114 suum
2992 2070 3174 2114 natum
3204 2076 3267 2113 ex
3288 2074 3398 2111 mu—

1819 2153 1951 2207 liere
1978 2154 2059 2217 ";
2087 2172 2103 2204 ι
2131 2164 2325 2207 utcum
2356 2153 2617 2219 audieris,
2651 2164 2834 2221 nutum
2860 2167 2926 2205 ex
2956 2152 3198 2213 muliere,
3225 2151 3399 2204 conti-

1820 2256 1927 2298 nuo
1948 2242 2131 2295 videas
2150 2243 2492 2309 praepositum
2520 2256 2712 2295 nomen
2734 2241 2877 2309 quod
2911 2241 3045 2293 duas
3078 2249 3301 2292 naturas
3322 2241 3402 2292 in-

1820 2332 1987 2396 dicat,
2023 2341 2079 2385 ut
2115 2331 2451 2384 nativitatem
2487 2346 2551 2385 ex
2583 2331 2737 2385 beata
2774 2330 2991 2401 Virgine
3018 2331 3135 2384 Filii
3170 2346 3291 2383 esse
3322 2331 3401 2383 di-

1819 2437 1935 2487 cas;
1957 2437 2079 2476 nam
2112 2422 2202 2475 Dei
2229 2422 2422 2476 Filium
2448 2422 2810 2488 genuitetiam
2835 2422 2923 2476 illa
2948 2421 3149 2476 Christi
3168 2422 3400 2488 genitrix

1820 2514 2003 2583 Virgo.
2038 2514 2143 2568 Sed
2168 2515 2293 2583 quia
2322 2513 2416 2568 Dei
2442 2514 2612 2569 Filius
2628 2515 2821 2584 duplex
2857 2523 2941 2569 est
2985 2514 3279 2569 secundum
3308 2530 3401 2566 na-

1819 2611 1995 2666 turas,
2023 2605 2209 2672 genuit
2250 2604 2665 2668 humanitatem,
2698 2620 2817 2674 quze
2870 2615 2955 2659 est
2998 2604 3140 2659 filius
3182 2614 3401 2674 propter

1815 2696 2158 2765 conjunctutn
2194 2695 2294 2749 sibi
2332 2694 2577 2767 Filium.)

94 2788 116 2835 ὁ
152 2788 273 2851 Υἱὸς
304 2788 409 2841 τοῦ
444 2787 592 2839 Θεοῦ
618 2786 842 2849 διπλοῦς
871 2787 987 2838 ἐστι
1021 2785 1121 2848 τὰς
1143 2785 1357 2853 φύσεις,
1385 2786 1642 2856 ἐγέννησε
1673 2786 1793 2854 [oux
1828 2786 2109 2858 ἐγέννησε]
2146 2787 2245 2859 μὲν
2275 2787 2366 2841 τὸν
2397 2787 2524 2843 Υίὸν
2565 2785 2660 2839 τοῦ
2692 2785 2849 2853 Θεοῦ,
2872 2787 2987 2839 ἀλλ’
3017 2787 3271 2857 ἐγέννησε
3302 2787 3399 2859 τὴν

94 2880 528 2951 ἁνθρωπότητα,
550 2882 676 2950 ἥτις
706 2883 858 2933 ἐστὶν
881 2881 1016 2947 υίὸς,
1043 2881 1131 2936 διὰ
1158 2881 1250 2935 τὸν
1279 2881 1624 2953 συνημμένον
1646 2880 1821 2952 Υίόν.]

733 3020 985 3074 ΚΕΦΛΛ.
1023 3022 1095 3077 Β’.

167 3154 310 3206 Ἀλλ’
350 3153 528 3222 ἡμεῖς
561 3167 648 3217 γε,
691 3142 737 3203 ὦ
767 3150 904 3214 ’τᾶν,
929 3152 978 3204 οἱ
1011 3152 1118 3204 τῶν
1154 3152 1261 3204 σῶν
1301 3155 1709 3225 τερετισμάτων

94 3246 150 3296 τὰ
188 3243 412 3313 ἀμείνω
450 3242 685 3311 φρονεῖν
718 3241 1048 3307 ἐγνωκότες
1082 3242 1177 3295 καὶ
1212 3242 1311 3310 τῆς
1346 3242 1709 3297 θεοπνεύστου

94 3336 126 3386 Γ
134 3336 313 3404 ραςῆς
366 3332 806 3403 ίχνηλατοῦντες
847 3332 939 3386 τὸν
972 3333 1173 3405 κόσμον
1206 3331 1316 3403 [ἴσ.
1344 3334 1589 3405 σκοπὸν],
1618 3335 1711 3386 ἕνα

96 3428 360 3493 λεγούσης
407 3426 509 3475 τὸν
550 3422 777 3490 Πατέρα
814 3422 906 3473 καὶ
933 3422 1062 3476 Θεὸν
1104 3422 1163 3485 ἐξ
1195 3416 1255 3475 οὗ
1283 3423 1351 3475 τά
1386 3426 1585 3488 πάντα,
1619 3427 1712 3477 καὶ

96 3522 175 3569 ἔτι
220 3518 441 3588 Κύριον
480 3512 701 3582 Ἰησοῦν
747 3512 1005 3580 Χριστὸν,
1039 3512 1105 3563 δι’
1136 3507 1196 3566 οὗ
1229 3514 1298 3565 τά
1339 3514 1516 3566 πάντα
1564 3532 1708 3584 παρ-

96 3611 221 3679 ἦίῦη
280 3608 428 3679 πρὸς
482 3604 731 3672 γένεσιν,
779 3603 907 3654 ὅταν
951 3601 1275 3671 ἀκούσωμεν
1306 3604 1371 3655 ἐκ
1416 3605 1513 3673 τῆς
1547 3604 1711 3671 ἁγίας

98 3702 369 3770 Παρθένου
428 3692 807 3763 γεγεννῆσθαι
862 3692 1125 3761 Χριστὸν,
1169 3694 1291 3745 τότε
1324 3693 1410 3763 δὴ,
1446 3694 1567 3745 τότε
1616 3699 1710 3747 καὶ

99 3794 229 3859 μὰλα
283 3791 631 3861 ἐμφρόνως,
665 3785 761 3837 καὶ
798 3785 921 3836 κατ’
949 3782 1078 3835 εύθὺ
1118 3784 1217 3855 τῆς
1265 3784 1524 3853 ἀληθείας
1571 3786 1707 3838 ίέναι

101 3885 528 3948 σπουδάζοντες,
571 3878 663 3930 τὸν
694 3879 757 3928 ἐκ
790 3874 925 3928 Θεοῦ
960 3875 1172 3945 Πατρὸς
1210 3874 1383 3942 φύντα
1413 3874 1585 3943 Λόγον
1625 3878 1709 3928 ἐν⁴

99 3973 461 4045 ανθρωπῆσαί
513 3971 584 4039 γέ
634 3985 837 4038 φαμεν,
896 3968 990 4019 καὶ
1021 3966 1308 4037 ἑνωθῆναι
1373 3968 1537 4037 σαρκὶ
1584 3968 1706 4021 καθ’

100 4070 417 4129 axes-uani,
454 4061 793 4132 γεννηθῆναί
823 4077 882 4113 τε
914 4058 1054 4112 κατὰ
1096 4060 1308 4129 σάρκαο
1339 4062 1435 4113 καὶ
1474 4062 1572 4131 τῆς
1608 4063 1707 4131 σῆς

100 4163 163 4222 εἰς
196 4159 360 4212 τοῦτο
389 4153 698 4225 τερθρείας
728 4152 827 4203 οὐκ
863 4148 1165 4218 ἀνεξόμεθα
1187 4166 1201 4181 θ
1234 4151 1314 4203 ἐνὶ
1346 4151 1400 4202 δὲ
1434 4151 1527 4202 καί
1562 4153 1705 4220 μόνῳ

98 4253 162 4315 τῷ
210 4250 357 4303 κατὰ
410 4246 587 4315 φύσιν
625 4241 738 4311 Υίῷ
783 4241 845 4293 τὸ
888 4239 1122 4311 Χριστὸς
1156 4240 1328 4309 ὄνομα
1374 4243 1707 4311 προσνεμοῦ-

102 4361 207 4408 μεν,
237 4342 481 4399 εἰκότως
507 4354 531 4385 ο.
557 4336 874 4404 γεννήσεως
902 4332 1330 4403 ὀνομαζομένης,
1358 4333 1459 4403 τῆς
1491 4333 1578 4387 διὰ
1608 4336 1706 4405 τῆς

99 4435 245 4499 ἁγίας
277 4429 607 4500 Παρθένου.
643 4424 813 4477 Κοινὰ
847 4424 946 4492 μέν
980 4425 1110 4495 γάρ,
1139 4425 1214 4486 ὼς
1244 4424 1402 4493 ἔφην,
1436 4425 1582 4495 αὐτῷ
1614 4428 1705 4478 καὶ

2487 3017 2638 3072 CAP.
2683 3016 2744 3071 ll.

1888 3154 1957 3207 At
1988 3169 2087 3207 nos
2130 3162 2297 3217 certe,
2330 3168 2361 3206 ο
2403 3153 2483 3205 vir
2530 3153 2757 3221 optime,
2806 3152 2895 3221 qui
2931 3152 3035 3205 tuis
3085 3152 3241 3219 nugis
3285 3166 3399 3206 me-

1817 3244 1949 3298 liora
1986 3245 2188 3296 sentire
2222 3244 2580 3309 decrevimus,
2625 3250 2678 3296 et
2723 3242 3026 3295 divinarum
3069 3239 3402 3294 Litterarum

1816 3335 2151 3404 propositum
2196 3336 2642 3404 pervestigamus,
2695 3348 2815 3401 quae
2866 3332 3055 3385 dicunt
3090 3348 3254 3386 unum
3301 3331 3399 3385 Pa-

1816 3434 2039 3479 tremet
2088 3427 2254 3479 Deum
2298 3441 2362 3479 ex
2417 3440 2522 3493 quo
2569 3425 2772 3486 omnia,
2804 3432 2856 3477 et
2902 3440 3066 3477 unum
3113 3427 3399 3479 Dontiuum

1813 3513 1996 3567 .lesum
2047 3514 2342 3576 Christum,
2388 3529 2484 3581 per
2532 3528 2690 3580 quem
2729 3513 2909 3565 omnia
2954 3521 3013 3566 ιιι
3055 3524 3236 3567 essent
3274 3529 3399 3582 pro-

1814 3607 1971 3659 ducta
2012 3605 2226 3670 sunt”,
2258 3619 2379 3659 cum
2424 3604 2675 3659 audimus
2721 3620 2785 3659 ex
2815 3605 2921 3673 37
2952 3615 3140 3659 sancta
3180 3606 3398 3675 Virgine

1813 3708 1997 3751 natum
2034 3710 2155 3749 esse
2180 3695 2480 3757 Christum,
2511 3694 2652 3748 illico
2681 3694 2974 3763 prudenter
3007 3696 3296 3749 admodum
3342 3704 3398 3751 et

1814 3800 1963 3843 recto
2016 3789 2081 3841 ad
2126 3790 2411 3842 veritatem
2460 3788 2654 3842 itinere
2700 3795 3077 3856 properantes,
3144 3787 3273 3839 illml
3328 3800 3393 3840 ex

1812 3879 1923 3935 Deo
1946 3878 2112 3934 Patre
2140 3889 2323 3932 natum
2353 3878 2582 3933 Verbum
2610 3879 2879 3931 hominem
2906 3880 3107 3933 factum
3136 3880 3392 3946 dicimus,

1809 3980 1862 4024 et
1910 3971 2119 4023 unitum
2170 3969 2320 4022 carni
2372 3968 2669 4022 secundum
2718 3968 3075 4039 bypostasim,
3107 3978 3162 4023 et
3208 3978 3393 4023 natum

1810 4059 2107 4114 secundum
2149 4073 2391 4123 carnem,
2447 4068 2502 4112 et
2552 4068 2668 4113 tuas
2718 4060 2771 4111 in
2826 4059 2927 4114 hac
2984 4075 3043 4115 re
3092 4062 3392 4132 praestigias

1818 4150 1965 4204 nullo
2022 4149 2183 4203 modo
2231 4149 2500 4217 patiemur
2531 4166 2544 4202 :
2575 4149 2669 4202 sed
2714 4149 2807 4202 uni
2854 4158 2909 4202 et
2957 4151 3055 4203 soli
3094 4154 3390 4206 secundum

1812 4252 2058 4295 naturam
2096 4241 2234 4294 Filio
2264 4241 2463 4295 Christi
2504 4256 2697 4295 nomen
2727 4242 3025 4296 tribuemus
3056 4260 3070 4304 ;
3096 4252 3149 4296 et
3178 4243 3391 4311 quidem

1806 4334 1952 4404 jure,
1984 4349 2103 4387 cum
2133 4334 2217 4387 illa
2248 4348 2343 4401 per
2374 4344 2616 4386 sanctam
2651 4332 2926 4403 Virginem
2956 4334 3141 4399 editio,
3170 4350 3394 4400 genera-

1810 4429 1883 4480 tio
1920 4436 2281 4493 nuncupetur.
2329 4424 2650 4478 Communia
2705 4440 2938 4493 namque
2983 4436 3109 4479 sunt
3158 4427 3231 4479 illi
3267 4442 3390 4481 cunt

100 4524 292 4593 ἑτέροις
340 4514 465 4573 εἷεν
498 4519 573 4569 ἂν
609 4514 679 4566 τὰ
723 4514 901 4565 τοιάδε
944 4513 1051 4565 τῶν
1087 4514 1369 4583 ὀνομάτων
1409 4514 1703 4583 ὁμολογου-

1815 4519 1933 4571 aliis
1963 4532 2200 4587 quoque,
2230 4527 2287 4570 ut
2310 4517 2445 4581 dixi,
2478 4516 2741 4585 ejusmodi
2784 4517 3024 4571 nomina.
3056 4516 3207 4569 Multi
3246 4533 3391 4570 nam-

102 4618 285 4681 μένως.
331 4610 546 4665 Πολλοὶ
590 4607 702 4677 γάρ
742 4607 849 4657 υἱοὶ
884 4605 1026 4657 κατὰ
1072 4605 1253 4675 χάριν,
1292 4607 1384 4658 καὶ
1427 4607 1558 4669 θεοὶ,
1609 4608 1702 4658 καὶ

98 4708 284 4773 κύριοι,
320 4706 381 4757 ἐν
412 4719 479 4753 τε
530 4698 752 4769 οὐρανῷ
802 4700 897 4749 καὶ
932 4698 1023 4749 ἐπὶ
1058 4698 1157 4767 τῆς
1196 4698 1318 4767 γῆς,
1354 4698 1497 4750 καθὰ
1542 4701 1633 4751 καὶ
1675 4702 1702 4751 6

100 4798 376 4860 εεςπέσιος
406 4782 555 4864 ἡμῖν
586 4790 790 4859 γράφει
830 4788 1064 4852 Παῦλος,
1109 4788 1247 4859 πλὴν
1279 4789 1355 4851 ὡς
1395 4792 1453 4843 ἐν
1487 4790 1701 4859 μεθέξει

99 4892 178 4941 τοῖο
206 4891 350 4943 κατὰ
379 4887 582 4956 φύσιν,
614 4882 706 4934 καὶ
736 4880 879 4933 κατὰ
912 4882 1161 4951 μίμησιν.
1191 4881 1263 4932 Τὸ
1294 4879 1350 4931 δέ
1381 4898 1443 4947 γε
1469 4881 1699 4951 Χριστὸς

101 4982 253 5051 ἱβομά
282 4998 343 5033 τε
381 4979 484 5031 καὶ
516 4974 738 5045 χρῆμα,
772 4970 973 5041 πρέποι
1020 4970 1085 5022 ἂν
1130 4970 1249 5023 κατ’
1278 4970 1467 5022 οὐδένα
1501 4971 1699 5039 τρόπον

100 5072 163 5139 τῷ
202 5077 263 5125 ἐκ
308 5068 542 5139 Πατρὸς
588 5065 705 5116 ὄντι
737 5062 897 5131 Λόγῳ
947 5060 1157 5131 γυμνῷ,
1202 5062 1296 5115 καὶ
1336 5061 1457 5114 καθ’
1486 5062 1695 5127 ἐαυτὸν,

102 5168 181 5217 καί
204 5166 306 5228 ἔξω
336 5160 555 5231 σαρκὸς
580 5156 718 5226 πρὸς
740 5153 897 5223 ἡμῶν
918 5154 1213 5222 νοουμένῳ.
1240 5154 1301 5205 Εί
1323 5153 1379 5205 δὲ
1400 5153 1464 5222 δὴ
1487 5152 1695 5219 λέγοιτο

102 5258 321 5309 laudaui
360 5271 424 5305 τε
464 5249 691 5311 ἐαυτὸν,
720 5246 815 5299 καὶ
852 5247 910 5297 ἐν
941 5246 1005 5314 τῇ
1036 5244 1127 5295 τοῦ
1162 5244 1345 5296 δούλου
1375 5244 1693 5297 καθικέσθαι

108 5353 294 5419 wgf),
328 5348 431 5399 καὶ
474 5340 605 5395 καθ’
645 5339 796 5407 ἡμᾶς
837 5334 1090 5404 γενέσθαι
1119 5334 1207 5386 διὰ
1238 5335 1335 5400 τὴν
1378 5334 1577 5403 σάρκα,
1607 5350 1695 5385 κε·

104 5448 349 5513 γρνήσεται
382 5440 485 5491 καὶ
519 5433 713 5495 αὐτὸς,
733 5430 823 5484 διά
866 5446 946 5481 τοι
987 5428 1049 5479 τὸ
1082 5427 1389 5498 κεκρίσθαι,
1430 5428 1692 5497 Χριστός·

105 5538 152 5585 σε)
184 5540 289 5605 γὰρ
322 5535 631 5600 κεχρισται
666 5522 788 5577 κατ’
820 5520 958 5573 ίδίαν
993 5519 1153 5588 φύσιν
1183 5519 1313 5579 Θεὸς
1339 5518 1414 5570 ὢν
1442 5520 1468 5570 6
1493 5518 1659 5585 Λόγος
1683 5534 1694 5547 ·

104 5626 274 5691 γέγονε
303 5623 364 5675 δὲ
394 5618 611 5691 μᾶλλον
640 5616 675 5685 ὴ
706 5612 887 5683 χρίσις
914 5608 1064 5678 αὐτῷ
1096 5610 1221 5679 περὶ
1244 5608 1304 5661 τὸ
1338 5606 1695 5679 ἀνθρώπινον.

167 5800 413 5855 "Calai.
454 5813 530 5860 tv,
564 5796 618 5848 4.

1814 4624 1917 4677 que
1962 4610 2057 4662 ﬁlii
2106 4609 2406 4663 secundum
2466 4608 2716 4674 gratiam,
2756 4616 2809 4660 et
2852 4608 2945 4671 dii,
2977 4617 3031 4661 et
3080 4609 3285 4661 domini
3335 4609 3387 4660 in

1811 4701 1954 4754 cmlo
1989 4710 2042 4754 et
2088 4702 2138 4753 in
2189 4712 2357 4761 terra,
2396 4708 2453 4751 ut
2483 4700 2674 4752 beatus
2722 4698 2919 4753 Paulus
2959 4700 3237 4764 scribit",
3290 4702 3385 4755 sed

1809 4790 1928 4858 ejus
1964 4792 2377 4861 participatione
2408 4801 2569 4859 atque
2608 4792 2927 4855 imitatione,
2967 4792 3056 4861 qui
3087 4795 3384 4848 secundum

1810 4891 2060 4935 naturam
2109 4882 2367 4951 ejusmodi
2416 4892 2517 4936 est.
2555 4882 2624 4935 At
2671 4898 2797 4935 vero
2838 4883 3037 4937 Christi
3082 4899 3275 4937 nomen
3319 4901 3386 4939 ac

1810 4988 1913 5035 res,
1952 4972 2129 5027 Verbo
2161 4974 2233 5026 illi
2269 4988 2333 5027 ex
2362 4972 2521 5026 Patre
2554 4974 2857 5032 exsistenti.
2890 4988 2954 5026 ac
2991 4973 3134 5025 nudo
3158 4984 3210 5025 et
3234 4988 3382 5027 seor-

1806 5064 1906 5116 sim
1936 5070 1990 5115 et
2039 5069 2188 5115 extra
2221 5076 2438 5115 carnem
2490 5062 2852 5127 considerato,
2888 5062 3032 5115 nullo
3064 5063 3222 5116 modo
3252 5077 3384 5115 con-

1809 5155 1979 5207 venit.
2033 5154 2182 5218 Quod
2228 5154 2269 5206 si
2324 5152 2521 5205 dicitur
2560 5152 2791 5220 seipsum
2842 5153 3171 5217 exinanisse,
3225 5163 3277 5207 et
3327 5154 3380 5207 in

1802 5244 1944 5298 servi
1992 5243 2165 5297 forma
2222 5244 2585 5308 descendisse,
2630 5254 2685 5297 et
2728 5244 2929 5297 factum
2984 5244 3153 5297 fuisse
3200 5246 3377 5298 nostri

1803 5336 2034 5391 similem
2083 5344 2303 5404 prepter
2353 5350 2572 5389 carnem
2598 5338 2664 5399 ",
2697 5337 2811 5404 ipse
2857 5350 3072 5403 quoque
3110 5346 3377 5403 quatenus

1803 5439 2000 5483 unctus
2053 5436 2160 5493 est,
2186 5428 2435 5482 Christus
2459 5428 2742 5482 vocabitur
2774 5448 2784 5481 :
2816 5442 2924 5481 non
2972 5429 3113 5481 enim
3144 5426 3375 5481 Verbum

1804 5519 1947 5587 quod
1999 5516 2141 5572 Deus
2184 5526 2303 5571 erat
2328 5517 2623 5571 secundum
2666 5532 2817 5571 suam
2863 5526 3113 5571 naturam
3160 5527 3241 5569 est
3279 5533 3379 5568 un-

1806 5619 1974 5673 ctuin,
2008 5608 2104 5661 sed
2136 5608 2304 5677 ipsius
2351 5608 2536 5663 unctio
2572 5608 2748 5679 potius
2802 5608 2853 5662 in
2898 5608 3132 5663 hominis
3188 5616 3381 5660 natura

701 5792 788 5846 ³⁸1
820 5791 947 5847 Cor.
986 5805 1103 5856 vm,
1134 5789 1186 5844 6.
1263 5786 1309 5819 "
1344 5787 1475 5842 Ibid.
1507 5786 1557 5839 5.
1636 5784 1680 5813 ’⁸
1706 5784 1933 5854 Philipp.
1971 5801 2028 5849 Il,
2062 5785 2111 5850 7,
2149 5786 2198 5837 8.
