4028 6428
603 377 664 432 Ἠ
1613 368 1670 422 S.
1711 367 1991 422 CYRILLI
2038 365 2514 421 ALEXANDRINI
2564 363 2884 420 ARCl-lll‘ll‘.
3842 363 3907 416 7'2

611 500 733 553 luit.
772 495 864 551 Sic
912 493 1078 565 igitur
1117 491 1208 548 illo
1239 502 1559 561 antegresso
1589 491 1642 544 in
1686 505 1792 558 quo
1837 490 2021 543 unctio
2065 488 2204 543 facta

2327 488 2470 541 )ῦτω
2504 485 2798 559 τοιγαροῦν
2828 482 3269 555 προσϐεϐηκότος
3299 481 3531 544 ἐκείνου,
3567 481 3696 550 περί
3726 498 3786 533 ου
3821 481 3909 546 γέ-

606 596 690 643 est
733 590 881 656 (nam
929 584 1046 652 ejus
1096 584 1313 653 propria
1358 581 1673 636 humanitas
1728 583 1894 634 estin
1946 597 2050 649 qua
2100 579 2202 633 fuit

609 679 839 746 unctio),
877 692 999 730 cum
1028 675 1304 730 Christum
1335 674 1486 727 illum
1513 674 1871 741 appellamus,
1905 687 2010 726 non
2054 682 2112 724 ut
2147 680 2200 724 tu

607 770 870 825 eﬂ’renate
911 768 1191 838 loqueris,
1251 781 1598 822 communem
1647 766 1919 820 hominem
1968 765 2203 819 aVerbo

612 860 870 922 divisum,
907 869 961 912 et
993 858 1227 912 seorsim
1261 859 1495 926 positum
1523 872 1587 909 ex
1623 867 1808 909 sancta
1845 855 2064 923 Virgine
2098 854 2206 906 edi-

613 961 726 1004 tum
782 964 1057 1020 putamus,
1101 951 1195 1004 sed
1247 951 1444 1018 ipsum,
1499 958 1556 1000 ut
1585 948 1716 1011 dixi,
1779 963 1842 1002 ex
1893 947 2000 1000 Deo
2044 945 2206 1000 Patre

612 1040 875 1107 Verbum,
905 1042 1114 1096 unitum
1159 1038 1333 1104 carni,
1371 1047 1427 1091 et
1459 1037 1581 1092 oleo
1611 1035 1993 1089 exsultatimiis
2035 1048 2065 1088 a
2098 1036 2206 1088 Deo

613 1142 670 1187 et
708 1131 872 1188 Patre
921 1141 1144 1185 unctum
1183 1129 1522 1183 humanitus.
1561 1126 1734 1180 Porro
1779 1125 1874 1179 Dei
1910 1124 2071 1180 Verbi
2107 1141 2206 1176 un-

613 1225 848 1278 ctionem
891 1223 944 1276 in
983 1220 1321 1277 humanitate
1357 1217 1555 1273 factam
1589 1218 1783 1280 fuisse,
1825 1230 1935 1285 quo
1967 1225 2208 1283 tempore

615 1313 811 1370 similis
845 1313 1004 1367 nobis
1047 1310 1324 1382 apparuit,
1377 1324 1547 1364 sacra:
1585 1307 1809 1362 Littera:
1840 1307 1996 1361 nobis
2021 1315 2211 1362 osten-

614 1405 764 1457 dent.
797 1402 931 1457 Cum
968 1403 1111 1456 enim
1146 1401 1340 1454 beatus
1365 1398 1536 1454 Jacob
1569 1407 1792 1467 paterna
1823 1396 1986 1452 domo
2005 1397 2210 1451 cedens

615 1495 669 1550 in
707 1493 1151 1562 Mesopotamiam
1187 1503 1459 1562 pergeret,
1503 1502 1556 1544 ει
1593 1491 1658 1544 ad
1693 1490 1877 1543 Laban
1922 1488 2212 1541 contende-

615 1599 701 1644 ret
736 1587 1015 1642 Batlmclis
1044 1587 1237 1650 lilium,
1264 1586 1315 1640 in
1347 1586 1521 1639 locum
1549 1585 1838 1652 quemdam
1867 1582 2207 1650 interjectum

616 1680 889 1749 pervenit,
925 1679 1108 1746 ibique
1140 1677 1471 1740 diversatus,
1508 1677 1562 1728 in
1601 1675 1942 1743 suppositum
1976 1672 2210 1740 lapidem

617 1770 903 1824 inclinavit
931 1778 1110 1838 caput,
1145 1775 1200 1822 et
1239 1781 1491 1820 somnum
1528 1767 1704 1834 cepit;
1741 1780 1804 1820 ac
1849 1779 1943 1834 per
1971 1765 2210 1832 quietem

2313 597 2471 648 γονεν
2503 582 2535 649 ή
2569 580 2749 648 χρίσις
2795 576 2982 648 (αὐτοῦ
3016 577 3121 646 γὰρ
3149 576 3182 645 ή
3221 571 3659 643 ένανθρώπησις,
3693 573 3823 643 περ).
3851 564 3910 623 οῦ

2314 673 2540 740 γέγονεν
2565 673 2599 742 ἡ
2631 670 2856 741 χρίσις),
2885 669 3013 722 ὅταν
3033 669 3166 738 ἡμῖν
3198 663 3535 735 ὀνομάζηται
3566 663 3822 732 Χριστὸς,
3851 663 3910 714 ού

2315 765 2458 819 κατά
2494 781 2556 832 γε
2611 763 2710 834 τὴν
2752 763 2850 831 σὴν
2892 760 3314 830 ἀθυροστομίαν,
3370 757 3656 828 ἄνθρωπον
3719 755 3910 818 ἁπλῶς

2315 855 2760 924 ὑποτοπήσομεν,
2782 853 3113 923 διῃρημένον
3142 849 3237 903 τοῦ
3261 849 3456 917 Λόγου,
3491 849 3584 901 καὶ
3611 847 3715 901 ἀνὰ
3746 848 3913 917 μέρος

2315 945 2589 1014 κείμενον,
2630 946 2694 996 ὲκ
2727 947 2826 1015 τῆς
2865 943 3026 1011 ἁγίας
3059 942 3310 1010 τετέχθαι
3343 941 3643 1010 Παρθένου,
3676 940 3787 993 ἀλλ’
3821 941 3916 992 αὑ·

2314 1037 2427 1100 τὸν,
2457 1037 2534 1100 ὡς
2569 1035 2694 1107 ἔφη,
2729 1036 2818 1089 τὸν
2870 1037 2935 1089 ὲκ
2973 1034 3110 1088 Θεοῦ
3164 1033 3376 1103 Πατρδς
3423 1033 3596 1101 Λόγον
3640 1031 3915 1084 ένωθέντα

2319 1129 2488 1199 σαρκὶ
2516 1167 2530 1190 ,
2573 1127 2666 1180 καὶ
2697 1127 2775 1198 τῷ
2809 1127 2972 1197 ἐλαίῳ
3003 1127 3103 1196 τῆς
3142 1124 3519 1192 ἀγαλλιάσεως
3555 1121 3917 1192 κεχρισμένον

2316 1218 2673 1289 ἀνθρωπίνως
2713 1219 2868 1288 παρά
2901 1217 2995 1271 τοῦ
3025 1216 3161 1271 Θεοῦ
3192 1216 3287 1269 καὶ
3317 1216 3550 1285 Πατρός.
3578 1215 3700 1267 Ὀτι
3731 1214 3788 1266 δὲ
3825 1211 3918 1279 γέ⁹

2317 1327 2442 1379 γονε
2469 1309 2548 1380 τῷ
2569 1309 2691 1380 Θεῷ
2715 1311 2875 1381 Λόγῳ
2908 1310 3036 1381 περὶ
3073 1309 3135 1362 τὸ
3166 1307 3506 1379 ἀνθρώπινον
3535 1307 3568 1376 ἡ
3596 1305 3795 1376 χρίσις,
3828 1305 3917 1358 ὅτε

2320 1403 2528 1473 πέφηνε
2565 1402 2687 1456 καθ’
2715 1405 2885 1474 ἡμᾶς,
2921 1403 3065 1474 ἱερὸν
3096 1403 3247 1472 ήμᾶς
3284 1400 3616 1454 πιστώσεται
3654 1400 3917 1470 Γράμμα.

2330 1493 2389 1546 Ὀ
2423 1493 2521 1564 μὲν
2548 1495 2656 1564 γὰρ
2683 1494 2969 1557 θεσπέσιος
3006 1493 3220 1556 Ἰακὼϐ,
3248 1495 3346 1562 τῆς
3379 1491 3474 1544 τοῦ
3507 1492 3721 1561 Πατρός
3751 1490 3920 1543 ἀπαίο

2325 1599 2431 1655 ρων
2471 1584 2689 1648 έστίας,
2733 1585 2814 1646 εἰς
2847 1583 2949 1654 τὴν
2977 1581 3089 1635 τῶν
3133 1581 3406 1652 ποταμῶν
3441 1582 3684 1650 ὑπήγετο
3720 1581 3918 1651 μέσην,

2321 1678 2416 1729 καὶ
2453 1677 2591 1746 πρὸς
2621 1675 2809 1730 Λάϐαν
2839 1676 2924 1746 ᾔει
2952 1674 3044 1729 τὸν
3077 1674 3171 1728 τοῦ
3209 1673 3478 1745 Βαθουὴλ,
3507 1674 3587 1726 ἑνὶ
3609 1672 3666 1725 δὲ
3695 1672 3802 1726 τῶν
3835 1673 3925 1725 διὰ

2326 1767 2492 1837 μέσου
2531 1768 2746 1838 χωρίων
2777 1766 3135 1838 ἐμϐεϐληκὼς
3174 1765 3548 1836 κατηυλίζετο.
3579 1766 3689 1818 Καὶ
3732 1764 3795 1835 δὴ
3831 1766 3925 1818 καὶ

617 1879 740 1918 cum
770 1863 870 1916 sibi
901 1861 1106 1916 scalam
1142 1859 1327 1913 videre
1349 1860 1496 1912 visus
1526 1869 1675 1912 esset
1706 1860 1773 1911 de
1801 1857 1961 1911 terris
1993 1857 2059 1909 ad
2095 1869 2208 1908 (τωο

2327 1860 2446 1928 ιίθῳ
2483 1858 2584 1928 τὴν
2619 1859 2863 1928 κεφαλὴν
2894 1858 3194 1920 ὑποκλίνας
3213 1900 3227 1923 ,
3253 1859 3344 1910 τὸν
3369 1855 3536 1910 ὕπνον
3573 1856 3880 1927 εἰσδέχεται
3909 1872 3920 1884 °

618 1954 727 2008 lum
758 1953 1180 2022 pertingentcm,
1211 1949 1436 2020 angelos
1466 1960 1727 2019 praeterea
1761 1966 1857 2018 per
1881 1963 2001 2003 eam
2029 1963 2214 2002 ascen-

619 2048 808 2099 dentes
838 2061 902 2100 ac
949 2044 1364 2106 descendentes,
1422 2043 1781 2110 innixumque
1815 2057 1979 2109 super
2003 2056 2066 2095 ea
2108 2039 2215 2094 Do-

623 2141 870 2203 ιιιίιιιιιιι,
935 2138 1227 2192 admodum
1281 2135 1547 2199 visionem
1603 2145 1689 2190 est
1759 2134 2101 2197 admiratus,
2159 2140 2218 2187 et

621 2242 906 2299 acceptum
953 2230 1188 2297 lapidem
1241 2244 1338 2296 pro
1391 2227 1554 2282 titulo
1602 2227 1818 2290 statuit,
1877 2236 1932 2279 et
1987 2225 2044 2280 in
2097 2226 2217 2295 eius

620 2333 928 2376 extremum
973 2320 1169 2375 infudit
1210 2319 1390 2374 oleum
1413 2318 1482 2374 ".
1515 2317 1634 2373 Jam
1686 2319 1740 2372 in
1789 2319 1874 2373 liis
1923 2318 2213 2372 considera

621 2412 909 2467 Dominum
951 2423 1194 2467 nostrum
1225 2409 1410 2466 Jesum
1441 2410 1722 2466 Christum
1768 2409 1918 2463 illum
1965 2425 2132 2464 unum
2163 2417 2217 2464 et

623 2506 796 2559 solum
841 2515 898 2560 et
940 2519 1071 2560 vere
1104 2503 1324 2567 Filium,
1371 2502 1528 2572 quasi
1553 2501 1664 2572 38
1692 2501 1924 2570 lapidem
1974 2512 2214 2555 erectum

623 2598 678 2652 in
728 2596 988 2650 titulum:
1033 2596 1078 2649 is
1125 2595 1270 2649 enim
1322 2604 1405 2647 est
1456 2595 1592 2664 lapis
1629 2595 1860 2657 electus,
1918 2594 2216 2660 angularis,

624 2691 912 2759 pretiosus,
970 2687 1022 2740 in
1074 2695 1237 2756 caput.
1277 2685 1482 2755 anguli,
1530 2695 1587 2740 et
1635 2701 1664 2738 a
1702 2686 1811 2739 Deo
1854 2695 1908 2738 et
1951 2683 2114 2738 Patre
2163 2683 2216 2737 in

625 2780 982 2834 fundamenta
1011 2777 1142 2831 Sion
1179 2777 1387 2846 positus
1409 2777 1477 2829 “.
1512 2776 1594 2830 Ad
1627 2776 1764 2842 hac,
1803 2777 2022 2830 modum
2050 2775 2218 2830 etiam

625 2873 786 2925 velim
821 2867 1104 2939 inspicias,
1135 2883 1242 2937 quo
1270 2867 1342 2922 sit
1380 2875 1582 2922 unctus
1611 2884 1624 2920 :
1660 2882 1765 2921 non
1807 2866 1951 2920 enim
1983 2865 2102 2920 oleo
2137 2874 2220 2920 to-

630 2970 741 3011 tum
769 2959 1005 3027 undique
1043 2956 1274 3026 lapidem
1308 2957 1504 3010 beatus
1539 2955 1707 3010 Jacob
1737 2956 2004 3025 irrigavit,
2031 2955 2123 3009 sed
2167 2956 2218 3008 iu

628 3050 774 3104 illius
801 3057 1109 3102 extremum
1142 3045 1360 3102 inludit.
1391 3045 1583 3116 Igitur,
1617 3056 1676 3098 ut
1706 3046 1778 3100 ita
1813 3046 2081 3108 dicamus,
2113 3061 2218 3099 non

630 3152 776 3196 totus
803 3141 891 3197 ille
920 3138 1266 3209 Uuigenitus,
1298 3151 1475 3207 neque
1502 3137 1556 3192 iu
1592 3151 1689 3193 sua
1723 3138 1838 3207 ipse
1868 3147 2080 3204 natura,
2114 3152 2218 3206 qua

630 3233 867 3291 Verbum
911 3244 1016 3302 est,
1067 3241 1267 3288 unctus
1311 3241 1433 3297 est;
1474 3246 1599 3286 nam
1651 3231 1924 3300 quomodo
1972 3246 2102 3285 suus
2146 3232 2220 3285 illi

629 3330 856 3400 spiritus
899 3327 1208 3398 impertitus
1266 3325 1492 3394 intelligi
1543 3325 1750 3394 possit?
1789 3325 1881 3378 sed
1929 3325 2131 3392 potius,
2165 3332 2227 3377 ut

629 3421 764 3487 dixi,
796 3421 848 3474 in
883 3430 1134 3474 extremo
1159 3419 1402 3488 ungitur,
1436 3417 1540 3470 hoc
1571 3427 1676 3480 est,
1713 3415 1976 3478 exterius,
2014 3423 2070 3466 et
2106 3423 2225 3466 tan-

630 3528 792 3584 quam
830 3513 883 3567 in
922 3523 1076 3579 parte
1107 3523 1272 3579 atque
1308 3519 1578 3572 extremo,
1618 3505 1875 3560 nimirum
1909 3505 1960 3558 in
1997 3520 2099 3560 suo
2129 3519 2226 3574 per

630 3619 817 3658 veram
843 3605 1097 3658 unionem
1120 3615 1351 3670 corpore
1383 3617 1400 3656 :
1432 3609 1487 3654 et
1517 3600 1660 3654 sicut
1695 3613 1888 3667 passus
1915 3613 2038 3652 esse
2060 3611 2226 3652 carne

633 3697 835 3752 dicitur
856 3695 1174 3751 humanitus
1194 3695 1266 3759 ",
1297 3691 1548 3762 quamvis
1582 3705 1678 3760 per
1709 3701 1958 3743 naturam
1993 3698 2050 3742 ut
2084 3686 2226 3742 Deus

634 3797 781 3842 esset
807 3785 1160 3857 impassibilis
1181 3825 1196 3851 ,
1239 3784 1312 3839 ita
1357 3781 1681 3852 intelligitur
1708 3789 1904 3834 unctus
1931 3778 2224 3832 secundum

635 3879 1062 3942 humanitatem,
1116 3877 1245 3932 licet
1299 3885 1470 3945 ungat
1525 3875 1644 3944 ipse
1701 3888 1798 3927 suo
1843 3871 2036 3942 spiritu
2090 3885 2226 3940 quos

638 3971 811 4042 ipsius
841 3971 1184 4025 sanctitatem
1219 3969 1546 4038 participare
1573 3967 1753 4020 decet.
1784 3965 1859 4019 lta
1897 3977 1992 4018 nos
2018 3971 2070 4017 et
2099 3978 2226 4017 sen-

639 4064 744 4117 tire
787 4063 1099 4124 statuimus,
1157 4069 1212 4113 et
1262 4069 1412 4113 recte
1454 4057 1668 4128 ingredi
1711 4057 2113 4117 consuevimus,
2170 4062 2229 4108 ut

638 4155 787 4225 regia
833 4166 1091 4222 rectaque
1117 4153 1201 4204 via
1247 4149 1554 4205 tendamus.
1601 4149 1720 4218 Ipse
1764 4162 1892 4201 vero
1925 4161 2049 4200 cum
2085 4145 2229 4214 ejus-

640 4248 784 4302 modi
827 4249 1046 4303 nomina
1079 4250 1214 4300 duas
1263 4255 1490 4298 naturas
1518 4241 1828 4310 signiﬁcare
1861 4240 2029 4302 dicat,
2064 4238 2230 4293 alter-

641 4339 748 4392 utri
780 4341 923 4409 quod
956 4340 1056 4392 sibi
1087 4336 1290 4406 placuit
1327 4351 1424 4404 pro
1454 4349 1554 4388 suo
1577 4332 1806 4387 arbitrio
1846 4331 2055 4395 tribuit,
2087 4341 2143 4386 et
2164 4332 2231 4385 de

642 4429 941 4486 humilibus
976 4431 1160 4484 verbis
1206 4431 1271 4482 ad
1319 4427 1507 4481 carnis
1553 4423 2016 4494 dispensationem
2059 4423 2231 4492 perti-

2315 1951 2567 2022 κλίμακά
2593 1969 2653 2004 τε
2697 1951 3060 2021 τεθεαμένος,
3098 1950 3196 2020 τὴν
3227 1953 3289 2003 ὲκ
3324 1951 3430 2020 γῆς
3470 1950 3582 2003 ἄνω
3625 1950 3928 2020 διήκουσαν

2314 2044 2395 2105 εἰς
2420 2043 2513 2095 τὸν
2549 2043 2802 2113 οὐρανὸν,
2853 2042 3246 2106 ἀναϐαίνοντάς
3275 2060 3333 2095 τε
3369 2043 3464 2095 καὶ
3494 2042 3928 2106 καταϐαίνοντας

2315 2132 2382 2185 δι’
2415 2132 2588 2202 αὐτῆς
2656 2133 2786 2195 τοὺς
2847 2132 3134 2200 ἀγγέλους,
3202 2133 3677 2204 έπεστηριγμένον
3724 2135 3780 2188 δὲ
3835 2134 3931 2188 τὸν

2317 2225 2525 2295 Κύριον
2560 2222 2647 2275 ἐπ’
2675 2224 2866 2294 αὐτῆς,
2898 2223 3085 2295 θαῦμα
3121 2226 3219 2295 μὲν
3253 2225 3363 2278 τῶν
3406 2228 3652 2296 όράσεων
3688 2229 3932 2280 ἐποιεῖτο

2320 2314 2454 2369 πολύ
2481 2329 2495 2343 ·
2539 2313 2722 2368 λαϐὼν
2760 2315 2817 2368 δὲ
2865 2315 2957 2369 τὸν
2991 2315 3161 2381 λίθον,
3212 2318 3443 2388 ἔστησεν
3489 2319 3654 2372 αὑτὸν
3698 2319 3929 2390 στήλην,

2319 2409 2414 2463 καὶ
2463 2411 2690 2482 ἐπέχεεν
2727 2410 2904 2463 ἔλαιον
2942 2410 3034 2463 ἐπὶ
3078 2410 3140 2462 τὸ
3193 2411 3361 2479 ἀκρον
3397 2410 3588 2482 αὐτῆς.
3625 2412 3818 2484 Ἀθρει
3864 2415 3932 2485 δὴ

2324 2503 2386 2554 ὲν
2429 2503 2642 2566 τούτοις
2691 2502 2782 2556 τὸν
2839 2502 3044 2572 Κύριον
3092 2502 3249 2573 ήμῶν
3287 2503 3495 2574 Ἰησοῦν
3540 2506 3792 2574 Χριστὸν,
3839 2507 3933 2560 τὸν

2319 2594 2418 2648 ἱνα
2450 2596 2547 2650 καὶ
2598 2595 2760 2666 μόνον
2811 2597 2906 2648 καὶ
2953 2595 3178 2665 ἀληθῶς
3207 2596 3359 2660 Υἰὺν,
3388 2596 3462 2659 ὡς
3501 2597 3647 2649 λίθον
3686 2599 3934 2670 ἀναστη-

2321 2685 2582 2758 λούμενον
2609 2704 2624 2718 ο
2667 2687 2764 2740 καὶ
2817 2686 2925 2757 γάρ
2957 2689 3089 2766 ¹ἐστι
3133 2687 3280 2751 λίθος
3327 2688 3620 2755 ἐκλεκτὸς,
3667 2691 3931 2760 ἀκρογω-

2321 2782 2513 2846 νιαῖος,
2542 2779 2779 2849 ἔντιμος,
2827 2782 2908 2842 εἰς
2942 2779 3184 2850 κεφαλὴν
3222 2779 3448 2847 γωνίας,
3495 2781 3589 2833 καὶ
3624 2783 3702 2845 εἰς
3735 2782 3803 2834 τὰ
3843 2782 3934 2835 θεο

2327 2871 2487 2941 μέλια
2522 2870 2660 2924 Σιὼν
2707 2871 3017 2942 τεθειμένος
3068 2875 3220 2943 παρά
3261 2873 3357 2928 τοῦ
3387 2874 3524 2928 Θεοῦ
3557 2876 3652 2929 καὶ
3687 2877 3933 2945 Πατρός.

2327 2962 2522 3032 ’Λθρει
2564 2962 2619 3014 δέ
2655 2979 2747 3032 μοι
2781 2963 2918 3034 πρὸς
2957 2963 3132 3035 τούτῳ
3168 2966 3263 3018 καὶ
3301 2966 3423 3020 τίνα
3464 2967 3749 3038 κέχρισται
3797 2969 3934 3040 τρόο

2325 3067 2457 3104 πον·
2489 3053 2550 3105 οὐ
2578 3051 2687 3122 γὰρ
2723 3051 2844 3105 ὅλον
2891 3052 2955 3104 δι’
2992 3052 3115 3105 ὅλου
3157 3052 3235 3123 τῷ
3267 3053 3432 3124 ἐλαίῳ
3486 3055 3777 3107 κατέδευσε
3810 3056 3934 3125 llo.

2326 3142 2649 3215 κατέχευσε]
2693 3143 2785 3197 τὸν
2814 3143 2961 3196 λίθον
2987 3146 3015 3196 ό
3045 3145 3334 3209 θεσπέσιος
3373 3147 3569 3201 Ἰακώϐ
3593 3163 3607 3179 ο
3641 3147 3836 3216 ὲπέχεε
3877 3149 3936 3202 δὲ

2330 3236 2532 3306 μᾶλλον
2573 3237 2665 3290 ἐπὶ
2702 3237 2764 3289 τὸ
2794 3237 2964 3307 ἀκρον
2991 3237 3178 3292 αὑτοῦ.
3213 3238 3445 3304 Οὐκοῦν,
3471 3239 3539 3292 ἶν’
3559 3239 3732 3302 οὕτως
3762 3240 3938 3294 εἴπω-

2330 3345 2451 3398 μεν,
2481 3329 2579 3398 οὐχ
2611 3327 2778 3391 ἀπας,
2807 3327 2928 3380 οὗτε
2958 3329 3063 3398 μὴν
3159 3329 3333 3398 Λόγος
3363 3330 3511 3382 ἐστὶν
3539 3331 3568 3383 ό
3592 3332 3937 3404 Μονογενὴς,

2328 3421 2407 3482 εἰς
2445 3419 2580 3472 ἰδίαν
2604 3419 2767 3482 αὐτὸς
2802 3419 3099 3491 κέχρισται
3129 3419 3312 3488 φύσιν·
3348 3421 3490 3491 (πῶς
3520 3423 3628 3495 γὰρ
3662 3423 3727 3477 ἂν
3757 3429 3942 3480 νοοῖτο

2331 3509 2684 3581 μετεσχηκὼς
2713 3511 2811 3565 τοῦ
2847 3512 2977 3565 ἰδίου
3009 3511 3325 3584 πνεύματος
3348 3515 3388 3584 ;)
3440 3517 3652 3587 χρίεται
3683 3518 3738 3571 δὲ
3789 3521 3941 3588 μᾶλ-

2327 3602 2438 3666 λον,
2469 3603 2545 3665 ὼς
2589 3602 2746 3673 ἔφην,
2777 3604 2870 3656 ἐπὶ
2914 3605 2978 3657 τὸ
3013 3604 3203 3676 ἀκρον,
3255 3608 3558 3670 τουτέστιν,
3607 3608 3937 3677 ὲξωφανῶς,

2328 3694 2425 3746 καὶ
2452 3687 2563 3745 οἷον
2604 3694 2662 3745 ὲν
2700 3693 2856 3764 μέρει
2887 3695 2983 3746 καὶ
3009 3693 3164 3766 ἄκρῳ
3191 3695 3267 3765 τῷ
3315 3695 3436 3748 καθ’
3463 3697 3655 3750 ἕνωσιν
3680 3698 3779 3769 τὴν
3803 3701 3942 3769 ἀληο

2331 3783 2483 3853 θινὴν
2515 3783 2630 3852 ἰδίῳ
2664 3783 2910 3854 σώματιο
2943 3786 3038 3837 καὶ
3068 3786 3258 3857 ὥσπερ
3286 3786 3506 3854 λέγεται
3539 3787 3732 3840 παθεῖν
3764 3806 3944 3861 σαρκι

2329 3875 2709 3945 ἀνθρωπίνως,
2740 3874 2920 3927 καίτοι
2961 3875 3058 3945 τὴν
3100 3877 3262 3944 φύσιν
3293 3877 3556 3947 ὑπάρχων
3595 3879 3809 3949 ἀπαθής
3857 3882 3943 3943 ὡς

2330 3965 2494 4028 Θεός·
2533 3963 2678 4018 οὕτω
2712 3967 2917 4017 νοεῖται
2947 3965 3304 4036 κεχρισμένος
3341 3968 3484 4019 κατὰ
3516 3984 3578 4034 γε
3619 3967 3678 4019 τὸ
3716 3969 3940 4038 ἀνθρώ-

2331 4074 2510 4122 πινον,
2557 4056 2735 4110 καίτοι
2769 4056 2940 4129 χρίων
2983 4057 3145 4120 αὑτὸς
3194 4058 3273 4128 τῷ
3321 4058 3438 4126 ἰδίῳ
3482 4058 3755 4128 πνεύματι
3802 4063 3943 4124 τοὺς

2331 4144 2412 4211 οἷς
2462 4148 2528 4202 ἂν
2567 4150 2769 4220 πρέποι
2827 4150 3156 4220 μεταλαχεῖν
3221 4150 3321 4220 τῆς
3383 4151 3677 4221 ἁγιότητος
3733 4153 3936 4207 αὑτοῦ.

2346 4242 2484 4295 Ἀλλ’
2531 4243 2692 4312 ἡμεῖς
2742 4244 2841 4313 μὲν
2887 4237 2990 4296 ὧδέ
3041 4260 3099 4294 τε
3158 4247 3375 4314 φρονεῖν
3432 4244 3788 4314 ἐγνώκαμεν,
3837 4249 3944 4300 καὶ

2331 4335 2643 4406 όρθοποδεῖν
2699 4335 3020 4406 εἰθίσμεθα,
3072 4337 3172 4406 τὴν
3216 4336 3503 4406 βασιλικήν
3541 4354 3601 4390 τε
3636 4337 3727 4391 καὶ
3773 4339 3943 4392 ἀδιά-

2336 4443 2570 4498 στροφον
2602 4428 2892 4497 ἐρχόμενοι
2922 4428 3131 4500 τρίϐον.
3175 4429 3494 4500 Σημαντικά
3525 4430 3581 4484 δὲ
3613 4430 3790 4497 λέγων
3836 4435 3946 4486 αὑ-

642 4523 898 4575 nentibus
946 4520 1224 4574 erubescit
1274 4527 1378 4572 :et
1436 4518 1685 4586 quamvis
1739 4516 1957 4569 beatum
2003 4513 2218 4567 Paulum

2337 4521 2427 4582 τὸς
2462 4518 2574 4571 τῶν
2621 4519 2714 4572 δύο
2744 4519 2960 4588 φύσεων
2997 4521 3066 4573 τὰ
3097 4521 3274 4574 τοιάδε
3307 4522 3413 4573 τῶν
3457 4521 3757 4591 ὀνομάτων,
3803 4524 3944 4576 ἑκα-

641 4615 825 4667 audiat
857 4614 1124 4668 dicentem
1163 4629 1177 4666 ;
1210 4630 1227 4661 ι
1261 4609 1405 4662 Misit
1439 4607 1584 4661 Deus
1609 4606 1806 4660 Filium
1843 4620 2002 4660 suum
2029 4605 2229 4661 factum

640 4723 706 4762 ex
754 4705 1002 4769 muliere,
1046 4704 1248 4758 factum
1281 4703 1382 4756 sub
1411 4701 1527 4770 lege
1551 4701 1607 4764 i;
1641 4718 1658 4751 ι
1692 4702 1898 4766 Apage,
1936 4698 2130 4766 inquit,
2165 4712 2231 4750 ne

642 4797 882 4851 Verbum
929 4811 994 4850 ex
1053 4795 1162 4848 Deo
1211 4804 1400 4847 natum
1452 4803 1573 4846 esse
1612 4789 1835 4843 missum
1885 4799 2082 4856 putes:
2122 4802 2228 4841 non

639 4890 785 4944 enim
817 4904 887 4942 ex
931 4887 1159 4941 muliere
1193 4886 1397 4939 factum
1436 4892 1539 4948 est,
1585 4895 1693 4935 non
1727 4879 1928 4932 factum
1960 4879 2058 4932 sub
2090 4877 2225 4946 lege.

639 4982 816 5051 Atque
865 4990 922 5033 ut
964 4978 1321 5033 ostendamus
1379 4976 1526 5043 quod
1585 4971 1817 5026 dicimus
1872 4985 1977 5023 non
2031 4985 2226 5023 vanum

639 5089 762 5128 esse
791 5072 1129 5141 figmentum,
1159 5067 1256 5123 sed
1281 5067 1448 5136 ipsius
1477 5079 1574 5118 nos
1602 5065 1676 5116 uti
1701 5065 1942 5125 vocibus,
1971 5062 2084 5132 ipSa
2111 5064 2225 5130 jam

642 5177 832 5218 rursus
858 5162 972 5228 ejus
1004 5162 1166 5214 verba
1199 5159 1250 5212 in
1281 5158 1516 5212 medium
1555 5155 1799 5209 all'eram.

2338 4614 2472 4684 τέρᾳ
2508 4612 2570 4665 τδ
2609 4613 2800 4666 δοκοῦν
2845 4613 3111 4683 ἀπονέμει
3144 4614 3261 4684 μετ’
3289 4612 3568 4677 ἐξουσίας·
3604 4614 3696 4667 καί
3727 4614 3789 4666 τὸ
3835 4617 3947 4685 μέ-

2340 4720 2488 4774 τριον
2517 4704 2592 4768 εἰς
2631 4703 2826 4772 λόγους
2855 4704 2954 4772 τῆς
2989 4703 3128 4773 μετά
3155 4702 3358 4774 σαρκὸς
3388 4705 3700 4775 οἰκονομίας
3736 4706 3946 4774 αἰσχύ-

2339 4810 2517 4846 νεται’
2552 4795 2658 4848 κᾶν
2698 4794 2908 4865 ἀκούσῃ
2954 4794 3205 4860 λέγοντος
3239 4793 3334 4846 τοῦ
3370 4793 3641 4863 μακαρίου
3679 4793 3941 4848 Παύλουο

2343 4905 2361 4937 ι
2399 4886 2812 4950 Ἐξαπέστειλεν
2843 4889 2869 4938 ό
2893 4884 3024 4948 Θεὸς
3050 4886 3144 4938 τὸν
3167 4885 3296 4939 Υἰὸν
3328 4884 3517 4949 αὑτοῦ,
3547 4885 3842 4955 γενόμενον
3869 4889 3945 4940 ὲκ

2338 4979 2615 5045 γυναικὸς,
2656 4979 2949 5048 γενόμενον
2979 4978 3084 5031 ὑπὸ
3121 4978 3314 5048 νόμον’
3348 4999 3365 5029 ι
3395 4981 3629 5046 Ἄπαγε,
3666 4980 3823 5048 φησί,
3855 4983 3943 5051 μὴ

2333 5070 2424 5124 τὸν
2464 5073 2526 5123 ὲκ
2564 5071 2698 5124 Θεοῦ
2742 5072 2915 5141 φύντα
2959 5071 3129 5138 Λάγον
3175 5070 3515 5123 ἀπεστάλθαι
3562 5070 3819 5141 νομίσῃς·
3869 5074 3941 5124 ού

2335 5164 2442 5235 γὰρ
2468 5164 2690 5234 γέγονεν
2714 5167 2778 5217 ὲκ
2811 5165 3072 5233 γυναικός
3092 5181 3105 5194 ·
3133 5164 3192 5216 ού
3231 5164 3453 5232 γέγονεν
3477 5164 3580 5216 ὑπὸ
3616 5166 3782 5234 νόμον
3802 5179 3816 5194 ο
3846 5163 3944 5215 ὅτι

638 5261 774 5314 δὲού
816 5255 1152 5327 φενακισμὸς
1177 5255 1383 5316 εἰκαῖος
1421 5252 1491 5305 τὰ
1524 5249 1872 5322 παρ’ήμῶΨ
1907 5248 2232 5319 κεχρήμεθα
2268 5254 2325 5307 δὲ
2382 5259 2582 5328 μᾶλλον
2643 5262 2760 5322 ταῖς
2822 5259 2986 5312 αὑτοῦ
3041 5262 3278 5328 φωναῖς,
3332 5259 3472 5311 αὑτὰ
3522 5259 3585 5330 δὴ
3632 5257 3794 5311 πάλιν
3851 5263 3945 5322 εἰς

640 5349 803 5418 μέσον
836 5347 966 5400 οἴσω
997 5345 1065 5399 τὰ
1095 5345 1378 5415 εἰρημένα.

710 5445 972 5515 ιΝεετυιι.
1018 5443 1352 5503 Misitenim,
1385 5440 1575 5508 inquit,
1623 5439 1761 5494 Deus
1807 5437 2002 5492 Filium
2047 5451 2225 5500 suum,

641 5548 822 5590 natum
860 5552 924 5590 ex
966 5535 1214 5598 muliere,
1287 5535 1484 5587 factum
1535 5533 1634 5586 sub
1673 5533 1807 5602 lege.
1843 5531 1955 5586 lloc
1988 5533 2106 5586 loco
2154 5533 2229 5586 in-

643 5630 780 5683 dicat
819 5628 1036 5698 quidem
1083 5627 1218 5681 duas
1252 5636 1494 5691 naturas,
1530 5626 1624 5679 sed
1677 5625 1729 5678 id
1779 5625 1914 5679 dicit
1941 5626 2082 5694 quod
2121 5626 2223 5679 liti-

717 5809 758 5838 ’⁷
785 5808 918 5862 Gen.
953 5821 1140 5869 xxviii,
1179 5805 1368 5862 {2-18.
1445 5805 1490 5837 "
1519 5803 1617 5859 Isa.
1644 5819 1834 5868 xxnn,
1879 5804 1964 5859 16.
2040 5804 2082 5835 ”
2110 5803 2125 5855 l
2158 5802 2298 5855 l‘ctt'.
2332 5820 2403 5865 iv,
2446 5802 2489 5853 Ι.

2399 5438 2814 5511 [Ἐξαπέστειλε
2847 5441 2975 5511 γὰρ,
3005 5441 3192 5513 φησὶν,
3223 5443 3252 5493 ό
3281 5444 3411 5507 Θεὸς
3439 5442 3531 5496 τδν
3573 5444 3700 5496 Υἰὺν
3727 5444 3938 5511 αὐτοῦ,

2326 5533 2620 5602 γενόμενον
2672 5533 2734 5584 ὲκ
2775 5534 3067 5600 γυναικὸς,
3109 5533 3404 5603 γενόμενον
3444 5534 3550 5586 ὑπὸ
3582 5535 3764 5604 νόμον.
3805 5535 3943 5588 Ἐν-

2326 5625 2500 5678 ταῦθα
2559 5627 2752 5695 μηνύει
2811 5627 2910 5696 μὲν
2949 5628 3046 5689 τὰς
3089 5626 3182 5680 δύο
3234 5627 3464 5696 φύσεις⁸
3506 5627 3566 5681 τδ
3622 5627 3941 5698 συμϐαῖνον

2573 5803 2788 5854 ⁸(Σειίλιι.
2828 5809 2983 5862 1ν,.ἱ,
