4028 6442
125 330 172 381 73
1224 333 1592 387 ADVERSUS
1631 331 2032 385 NESTURIUM
2077 334 2201 387 LIB.
2246 335 2312 388 ll.
3319 332 3380 385 τό

120 445 378 517 [συμϐάν]
428 447 492 497 δὲ
541 450 675 516 περὶ
725 449 826 519 τὴν
879 450 1303 522 άνΟρωπότητα,
1352 451 1534 519 λέγει·
1589 451 1711 502 ἐπεὶ

1821 453 2063 506 manitati
2104 456 2356 509 convenit
2385 477 2395 511 :
2424 455 2623 523 alioqui
2682 466 2808 523 roga
2853 453 3250 507 contentiosum
3288 453 3383 506 ho-

117 535 402 606 ἀπαίτησον
443 537 543 590 τὸν
576 538 906 607 φιλόνεικον,
952 540 1035 602 τίς
1078 540 1293 608 ἐγένετο
1327 540 1432 593 ὑπὸ
1460 542 1653 610 νόμον;
1683 543 1711 593 ό

116 628 227 689 Θεὸς
245 628 427 695 Λόγος
447 626 494 699 ς]

723 765 978 821 ΚΕΦΛΛ.
1023 766 1095 820 Γ.

171 895 300 949 Εἶτα
347 896 479 960 πῶς
533 898 637 950 οὐκ
683 900 1057 971 ὲμϐρόντητος
1108 901 1325 971 άληθῶς
1370 900 1454 970 εἴη
1507 899 1594 966 ἂν,
1645 900 1711 953 τά

115 983 236 1036 οὕτω
288 986 449 1055 σαφῆ
510 990 610 1041 καὶ
659 990 862 1044 ἆπασιν
897 992 1272 1062 ἐγνωσμένα,
1324 993 1421 1044 καὶ
1467 992 1708 1061 ἀναμφι-

113 1074 267 1141 λόγως
300 1076 549 1146 ἔχοντα,
601 1081 665 1132 τό
720 1098 784 1149 γε
841 1079 977 1154 ἧκον
1026 1084 1106 1146 είς
1165 1083 1330 1137 αὐτὸν
1386 1084 1710 1153 ἀνατρέπειν

113 1165 488 1237 πειρώμενοςς
549 1171 690 1224 Τίνα
744 1173 1041 1244 πέπομφεν
1093 1176 1226 1244 ἡμῖν
1279 1173 1338 1240 ἐξ
1391 1173 1635 1239 οὐρανῶν
1683 1176 1712 1228 6

114 1257 306 1328 Πατὴρ,
343 1259 597 1332 Σωτῆρα
630 1263 727 1314 καὶ
769 1265 1105 1335 Λυτρωτήν;
1133 1265 1194 1318 οὺ
1241 1265 1334 1317 τὸν
1371 1267 1437 1318 ὲκ
1477 1264 1577 1333 τῆς
1619 1265 1709 1318 οὑ-

114 1351 215 1413 σεας
259 1352 442 1406 αὑτοῦ
481 1354 670 1422 φύντα
701 1356 914 1424 Λόγον;
955 1358 1052 1420 Τίς
1080 1359 1230 1410 ἐστιν
1263 1358 1292 1410 6
1336 1357 1580 1420 καταϐὰς
1618 1359 1714 1411 καὶ

113 1442 303 1506 ἀναϐὰς
357 1445 638 1516 ὑπεράνω
703 1446 814 1499 τῶν
860 1447 1129 1518 οὐρανῶν,
1178 1449 1267 1502 ἵνα
1325 1448 1590 1520 πληρώσῃ
1643 1449 1713 1503 τά

113 1536 308 1599 πάντες
346 1530 470 1606 ἆρα
519 1537 585 1589 16
617 1536 803 1591 πάντα
849 1537 1111 1592 δύνασθαι
1157 1538 1421 1609 πληροῦν,
1450 1539 1546 1609 τῆς
1589 1538 1711 1592 καθ’

111 1629 238 1694 ἡμεῖς
293 1627 535 1695 φύσεως
582 1628 749 1698 ἔργον
798 1624 940 1682 εἶναι
987 1631 1125 1700 φής’,
1174 1632 1272 1683 καὶ
1313 1632 1427 1694 τοῖς
1478 1630 1578 1700 τῆς
1611 1630 1709 1683 άν-

110 1719 461 1790 θρωπότητος
518 1721 754 1788 ἀνάψεις
811 1719 1067 1791 μέτροις;
1123 1722 1253 1791 περὶ
1298 1720 1444 1784 τίνος
1501 1722 1708 1791 γέγρα-

110 1829 193 1878 φεν
221 1813 246 1865 6
283 1812 588 1882 μακάριος
628 1811 888 1882 Ἰωάννης
911 1851 926 1876 ,
970 1831 988 1863 ι
1033 1810 1089 1866 ’0
1130 1811 1336 1866 ἄνωθεν
1381 1813 1710 1883 ἐρχόμενος,
1745 1791 1785 1845 Β

109 1904 278 1956 ἐπάνω
336 1903 579 1956 πάντων
636 1904 817 1969 ὲστίνς
867 1923 886 1955 ι
942 1905 1010 1956 Ἢ
1063 1904 1203 1974 τάχα
1251 1921 1355 1956 που
1407 1905 1502 1957 καὶ
1553 1905 1714 1968 αὐτὸς

108 1996 585 2064 ψευδομυθὴσειεν
634 1995 703 2048 ἂν
737 1997 854 2058 τοῖς
895 1994 1161 2047 Ἰουδαίων
1199 1993 1394 2065 δήμοις
1442 1994 1714 2064 ἐπιτιμῶν

107 2105 154 2138 τε
197 2089 292 2140 καὶ
327 2087 524 2152 λέγων
549 2103 563 2116 ·
605 2104 625 2137 ι
670 2085 858 2155 Ὑμεῖς
888 2086 952 2138 ὲκ
985 2085 1094 2138 τῶν
1137 2085 1288 2138 κάτω
1327 2087 1469 2149 ὲστὲ,
1506 2085 1616 2152 ἐγὼ
1650 2087 1715 2138 ἐκ

106 2174 202 2224 τῶν
229 2175 349 2227 ἄνω
390 2174 560 2243 sitsi;
593 2192 612 2223 ι
640 2174 736 2227 καὶ
771 2173 967 2226 πάλιν
1008 2193 1026 2226 ι
1066 2173 1208 2242 Ἐγὼ
1237 2175 1336 2228 οὐκ
1375 2176 1491 2245 εἰμὶ
1521 2176 1585 2228 ὲκ
1617 2174 1712 2228 τοῦ

106 2269 300 2334 κόσμου
336 2267 570 2319 τούτου.
613 2284 631 2316 ι
676 2266 738 2318 Εἰ
788 2267 900 2336 γὰρ
937 2262 1005 2336 ἦν
1034 2267 1316 2338 ἄνθρωπος
1343 2269 1408 2319 ἐκ
1453 2267 1714 2335 γυναικὸς

106 2360 216 2411 καθ’
247 2361 348 2412 ἕνα
381 2359 503 2411 τῶν
536 2358 742 2421 ἄλλων,
768 2359 865 2412 καὶ
893 2359 1012 2427 οὐχὶ
1039 2358 1102 2426 δὴ
1130 2359 1334 2427 μᾶλλον
1362 2358 1715 2429 σεσαρκωμέ·

107 2466 203 2511 νος,
229 2451 328 2500 καὶ
359 2450 423 2500 ἐν
453 2447 789 2516 ἀνθρωπεία
819 2450 1003 2516 μορφῇ
1046 2447 1324 2517 πεφηνὼς,
1357 2450 1385 2500 6
1415 2448 1623 2502 ἄνωθέν
1655 2466 1714 2501 τε

104 2542 187 2592 καὶ
224 2543 288 2591 ἐκ
323 2537 475 2592 Θεοῦ
521 2536 745 2606 Πατρὸς
778 2535 974 2603 Λόγος,
1001 2536 1118 2599 πῶς
1145 2537 1210 2589 ἂν
1237 2539 1410 2590 νοοῖτο
1453 2539 1547 2590 καὶ
1573 2537 1714 2590 ἅνω-

106 2629 185 2680 ῦεν
232 2631 331 2684 καὶ
384 2629 452 2694 ἐξ
503 2626 785 2697 οὺρανοῦ;
825 2626 946 2688 πῶς
993 2626 1175 2678 ὲπάνω
1221 2627 1440 2679 πάντων
1489 2625 1584 2680 καὶ¹
1618 2627 1716 2679 οὐκ

103 2723 200 2775 ἀπό
233 2741 298 2790 γε
327 2721 431 2775 τοῦ
476 2722 700 2790 κόσμου
725 2759 740 2782 ,
778 2719 873 2773 καί
900 2734 981 2772 τοι
1011 2719 1215 2789 κόσμου
1263 2718 1432 2788 μέρος
1456 2717 1717 2788 ὑπάρχων

102 2813 181 2868 διὰ
209 2817 312 2884 τὴν
367 2815 572 2882 σάρκα
600 2853 616 2878 ,
655 2812 751 2864 καὶ
797 2812 920 2864 ὅσον
962 2809 1096 2881 ἧκεν
1142 2811 1320 2864 εἰπεῖν
1351 2811 1493 2864 κατά
1542 2827 1606 2879 γε
1656 2811 1718 2862 τὸ

101 2906 308 2973 πρέπον
341 2908 414 2974 τῇ
448 2903 850 2972 άνθρωπότητι
885 2902 1106 2972 μέτρον,
1133 2901 1377 2970 γεγονὼς
1407 2903 1546 2971 μετὰ
1581 2903 1716 2956 πάν-

101 3013 200 3048 των
231 2997 341 3048 ὑπὸ
375 2994 530 3048 Θεοῦ
563 2994 794 3065 ;Ταυτῃ
819 3010 923 3056 τοι,
954 2995 1047 3046 καὶ
1085 2994 1216 3046 Θεὸν
1247 2993 1439 3046 ἑαυτοῦ
1474 2995 1716 3046 κατωνό-

102 3086 238 3151 μαζε
271 3086 367 3138 16v
399 3083 680 3152 Πατέρα·
715 3082 896 3136 καίτοι
930 3082 1091 3150 φύσει
1129 3084 1226 3136 καὶ
1258 3083 1419 3145 aint;
1453 3083 1714 3154 ὑπάρχων

99 3175 222 3238 Θεὸς
244 3216 262 3241 ,
290 3177 389 3229 καὶ
424 3177 498 3228 ὲκ
530 3175 636 3243 τῆς
668 3173 858 3238 οὐσίας
896 3174 1064 3227 αὐτοῦ
1101 3175 1358 3243 πεφηνὼς
1398 3175 1524 3238 Υἱὸς
1559 3193 1716 3244 μονο-

99 3269 277 3338 γενής.
335 3269 483 3337 Περὶ
544 3267 697 3328 τίνος
745 3264 855 3334 ἄρα
905 3267 1070 3335 φησὶν
1131 3268 1160 3319 6
1209 3266 1478 3336 μακάριος
1535 3265 1717 3330 Δαὸὶδ,

104 3379 117 3407 ι
139 3358 551 3424 Ἐξαπέστειλε
587 3357 683 3408 16v
705 3358 879 3423 Λόγον
911 3357 1103 3424 αὐτοῦ,
1123 3360 1218 3411 καὶ
1249 3359 1435 3412 ἰάσατο
1455 3358 1648 3421 αὐτούς
1669 3374 1714 3421 ςι

99 3449 318 3502 Σέσωκε
359 3450 479 3518 γὰρ
519 3447 710 3516 ἡμᾶς,
758 3449 818 3498 οὺ
868 3447 1146 3516 πρέσϐυς,
1179 3449 1278 3500 οὐκ
1305 3448 1566 3515 ἄγγελος,
1604 3449 1718 3501 ἀλλ’

100 3545 254 3605 αὐτὸς
289 3545 320 3596 6
349 3542 600 3612 Κύριος,
633 3538 780 3590 κατὰ
804 3538 905 3601 τὰς
937 3539 1180 3607 Γραφάς.
1219 3538 1380 3591 Ἀλλὰ
1416 3539 1502 3591 ναί
1534 3557 1698 3609 φησιν

97 3635 122 3684 ό
149 3636 336 3687 πάντα
369 3629 635 3702 πληροῦν
681 3627 980 3698 δυνάμενος
1010 3627 1141 3691 Θεὸς
1168 3628 1339 3696 Λόγος
1367 3629 1716 3682 ἀπέσταλται.

100 3724 227 3775 Τίνα.
263 3725 483 3792 τρόπον
509 3738 524 3785 ;
558 3718 664 3771 ποῦ
693 3719 802 3790 γάρ
839 3718 940 3771 οὐκ
970 3714 1112 3771 εἴναί
1137 3735 1318 3788 φαμεν
1344 3719 1538 3785 αὐτόνς
1569 3720 1601 3789 ἦ
1631 3720 1721 3772 καὶ

99 3815 213 3867 ὅποι
269 3814 725 3884 πεμφθήσεται;
759 3809 1189 3881 καταγορεύσεις
1219 3805 1312 3863 οὖν
1348 3809 1455 3880 ἄρα
1498 3811 1590 3863 καὶ
1628 3810 1722 3863 τοῦ

103 3909 390 3972 πανσόφου
412 3902 788 3965 Μωσέως,ὼς
820 3901 920 3971 τὴν
951 3901 1263 3971 ἀπόρρητον
1289 3900 1383 3953 τοῦ
1401 3899 1534 3952 Θεοῦ
1565 3900 1722 3964 δόξαν

101 3997 155 4048 οὐ
192 3996 451 4066 μετρίως
483 3993 832 4061 ἠδικηκότα;
866 3991 968 4060 ἔφη
1001 3992 1231 4062 γᾴρ,ὃτι
1266 4009 1285 4041 ι
1322 3989 1716 4060 Καταόἑϐηκεν

101 4088 124 4136 ὁ
155 4087 288 4150 Θεὸς
324 4087 469 4139 εῖδει
507 4081 690 4150 πυρὸς
730 4080 826 4131 ἐπὶ
857 4080 917 4131 τὸ
942 4080 1066 4149 ὅρος
1100 4080 1248 4131 Σινᾶ.
1293 4100 1311 4130 ι
1347 4078 1462 4130 Κᾶν
1488 4079 1725 4149 ἀκούσῃς

105 4177 360 4243 ὶέγοντος
398 4172 504 4226 τοῦ
547 4171 828 4242 μακαρίου
881 4169 1048 4222 Δαόὶδ
1103 4171 1237 4239 πρὸς
1269 4168 1378 4220 τῶν
1419 4169 1554 4222 ὅλων
1590 4187 1725 4239 κρα-

108 4270 296 4320 ὀὖντα
322 4267 537 4329 ,Θεόψ
579 4283 596 4314 t
644 4261 1057 4328 Ἐξαποστελεῖς
1105 4261 1166 4312 τὸ
1195 4260 1419 4330 Πνεῦμά
1466 4277 1583 4325 σου,
1632 4262 1726 4313 καὶ

111 4360 556 4428 κτισθήσονταιζ
621 4353 719 4404 καὶ
773 4353 1111 4414 ἀνακαινιεῖς
1167 4352 1229 4404 τὸ
1285 4350 1578 4421 πρόσωπον
1629 4351 1727 4420 τῆς

108 4469 199 4521 της
223 4469 235 4480 ⁸

102 4543 483 4613 ψευδηγορεῖν
527 4539 699 4607 οἰήσῃ
741 4536 832 4588 τὸν
879 4536 1361 4605 πνευματοφόρον;
1408 4536 1468 4587 οὐ
1505 4536 1612 4604 γάρ
1646 4552 1727 4587 τοι

103 4638 319 4706 κίνησιν
384 4629 784 4704 μεταδατικὴν
815 4630 1053 4680 ποιεῖται
1094 4627 1154 4680 16
1181 4626 1336 4679 Θεῖον
1365 4643 1376 4654 ·
1408 4627 1516 4679 οὐδ’
1555 4628 1620 4679 ἂν
1659 4627 1723 4678 ὲκ

104 4729 263 4780 τόπου
304 4729 460 4798 πρὸς
510 4722 684 4776 τόπον
734 4720 1176 4790 μεταχωρήσειεν
1221 4717 1308 4779 ἂν,
1361 4718 1433 4774 ὡς
1461 4717 1559 4769 οὐκ
1612 4717 1727 4769 ὲνὸν

104 4821 246 4890 αὐτῷ
302 4820 373 4872 16
407 4821 471 4870 ἐν
539 4815 716 4867 πᾶσιν
771 4807 913 4864 εἶναι
969 4812 1064 4863 καὶ
1113 4813 1181 4862 τὰ
1232 4811 1411 4864 πάντα
1463 4808 1724 4880 πληροῦν.

104 4912 294 4966 Ταῦτά
332 4926 453 4961 που
487 4906 593 4958 καὶ
625 4903 642 4976 [
669 4903 758 4958 lo’.
788 4901 971 4974 κατὰ]
1006 4902 1196 4954 σαυτόν
1217 4918 1229 4929 ·
1269 4901 1425 4972 λογιῇ
1453 4900 1508 4954 δὲ
1543 4900 1725 4963 πάλιν,

104 5007 191 5058 καὶ
231 5005 357 5058 τῶν
409 4997 649 5070 ἀληθῶν
684 4997 1052 5065 ἁπαναστήσῃ
1083 4994 1388 5064 δογμάτων,
1438 4992 1618 5062 σαυτῷ
1669 5009 1726 5044 τε

107 5100 192 5150 καὶ
237 5097 408 5167 μόνῳ
463 5087 901 5147 κατακολουθεῖν
933 5087 1239 5158 ᾑρημένος’
1289 5084 1403 5138 ἀλλ’
1436 5079 1582 5154 ἦσθά
1621 5101 1724 5137 που

106 5193 324 5252 πάντως
361 5190 430 5240 ὲν
459 5183 755 5253 ἀμείνοσιν
777 5177 1009 5241 ἐννοίαις
1031 5179 1206 5230 ὲκεῖνο
1233 5175 1690 5245 διενθυμούμενος
1709 5191 1723 5206 ο

105 5282 173 5342 ὡς
201 5281 358 5342 ἄπας
393 5277 542 5346 ἡμῖν
573 5273 602 5324 ό
634 5271 766 5341 περὶ
792 5269 930 5321 Θεοῦ
963 5267 1134 5336 Λόγος
1170 5267 1462 5336 πεποίηται
1494 5267 1593 5336 μὲν
1635 5267 1729 5319 άν-

106 5369 409 5439 Θρωπίνως
432 5382 446 5394 ο
481 5360 693 5415 νοεῖται
723 5376 789 5427 γε
823 5357 966 5428 μὴν,
1013 5356 1087 5419 ὼς
1137 5355 1203 5409 ἂν
1250 5355 1398 5425 αὺτῷ
1437 5357 1529 5406 καὶ
1580 5355 1728 5425 μόνῳ

107 5463 343 5529 πρέποι·
401 5453 761 5526 τεθορύϐηκε
807 5451 866 5503 δὲ
909 5450 972 5502 οὐ
1027 5449 1261 5518 μετρίως
1313 5448 1442 5500 αὐτὸ
1490 5448 1566 5511 16,
1624 5449 1729 5500 ὑπὸ

184 5662 436 5729 Igphes.
476 5673 554 5729 tv,
586 5655 674 5729 ω.
757 5651 960 5729 ’Joan.
995 5652 1205 5729 lll,5ml.‘
1267 5650 1287 5680 ⁸
1311 5649 1467 5729 Joan.
1509 5667 1617 5721 rm,
1652 5653 1742 5708 '25.

111 5749 217 5798 xIx,
257 5721 353 5788 i8.
469 5729 490 5759 ‘
522 5725 671 5780 i'sal.
714 5739 838 5786 cm,
874 5721 964 5775 50.
1066 5725 1085 5753 ⁹
1109 5721 1290 5779 Galat.
1321 5735 1391 5786 .v,
1422 5722 1474 5773 4.

410 5826 698 5883 νιτηοι.
745 5819 864 5879 Gn.
900 5815 1138 5879 LXXVI

1816 541 2035 607 miucm,
2074 546 2320 611 quisnam
2370 545 2544 600 factus
2585 553 2671 601 est
2709 545 2809 600 sub
2849 543 3002 613 lege?
3041 543 3201 600 illene
3246 543 3388 599 Deus

1815 631 2049 688 Verbum
2065 635 2087 664 "

2457 775 2606 830 CAP.
2652 774 2736 829 lll.

1884 900 2000 955 Jam
2035 918 2162 956 vero
2201 906 2466 973 quomodo
2511 921 2615 959 nun
2664 906 2733 960 sit
2783 906 2939 974 plane
2985 905 3253 976 stupidus,
3296 907 3382 973 qui

1814 1006 1902 1046 res
1935 993 2069 1046 adeo
2106 994 2303 1056 claras,
2343 1004 2397 1049 et
2431 995 2682 1049 omnibus
2729 1003 2906 1057 notas,
2933 1003 2987 1049 et
3013 993 3080 1047 ab
3110 993 3256 1048 omni
3290 995 3386 1046 du-

1813 1080 2073 1136 bitatione
2117 1082 2344 1146 alienas,
2385 1083 2527 1152 quod
2576 1085 2640 1137 ad
2691 1085 2869 1153 ipsum
2903 1085 3118 1148 attinet,
3158 1094 3388 1136 conatur

1813 1173 2095 1227 evertere?
2127 1173 2295 1238 Quem
2321 1175 2474 1229 nobis
2503 1174 2665 1230 Pater
2700 1175 2767 1229 de
2798 1175 2937 1229 coelo
2972 1174 3118 1228 misit
3141 1172 3389 1227 Salvato-

1815 1277 1926 1317 rem
1976 1278 2039 1317 ac
2087 1261 2543 1333 Redemptorem?
2594 1279 2774 1320 nonne
2823 1265 2999 1332 ipsum
3045 1263 3275 1317 Verlmm
3322 1265 3388 1315 de

1814 1369 1909 1408 sua
1945 1356 2181 1410 essentia
2238 1357 2463 1410 natum?
2491 1357 2748 1422 Quisnam
2796 1356 2883 1410 ille
2918 1364 3001 1410 est
3031 1357 3119 1424 qui
3161 1355 3389 1408 descen-

1815 1445 1893 1499 dit
1924 1454 1978 1498 et
2020 1446 2267 1500 ascendit
2314 1461 2476 1516 super
2519 1446 2709 1512 ccelos,
2755 1457 2814 1500 ut
2843 1445 3094 1514 impleret
3130 1443 3392 1499 omnia"?

1815 1551 1941 1588 num
1980 1535 2085 1592 hoc
2119 1537 2290 1605 ipsum
2325 1553 2484 1606 posse
2513 1540 2693 1593 omnia
2742 1537 2984 1608 implere,
3031 1549 3231 1592 nostra:
3268 1552 3390 1591 esse

1813 1641 1946 1695 npus
1989 1637 2195 1683 natura:
2253 1639 2430 1697 putas,
2483 1638 2538 1683 et
2584 1629 2938 1683 humanitatis
2979 1643 3246 1682 mensurae
3294 1628 3390 1680 tri-

1816 1718 1967 1771 buis?
2005 1719 2072 1773 de
2121 1733 2354 1786 quonam
2411 1722 2628 1789 scripsit
2683 1719 2794 1790 39
2840 1721 3029 1775 beatus
3086 1718 3318 1773 Joannes
3373 1736 3386 1771 :

1825 1823 1842 1855 ι
1878 1806 1979 1871 Qui
2038 1810 2323 1861 desursum
2374 1808 2559 1871 venit,
2606 1823 2767 1876 supra
2809 1809 2990 1862 omnia
3042 1807 3255 1862 est'?»
3308 1808 3390 1859 Au

1816 1897 1988 1964 ipsum
2015 1912 2231 1966 quoque
2266 1899 2485 1952 mentiri
2532 1899 2764 1953 fortasse
2796 1900 3090 1967 putandum
3122 1908 3224 1963 est,
3263 1912 3388 1951 cum

1813 1983 2118 2038 JlldiBOl‘Ulﬂ
2153 1987 2377 2054 populos
2399 1987 2692 2055 obiurgans
2728 1989 2858 2042 dicit
2888 2006 2899 2040 :
2937 2006 2954 2039 ι
2992 1988 3096 2042 Vos
3121 1989 3188 2043 de
3229 1988 3389 2042 deor-

1815 2090 1933 2129 sum
1974 2077 2128 2140 estis,
2172 2091 2274 2146 ego
2317 2078 2384 2132 de
2433 2080 2682 2145 supernis
2731 2079 2925 2133 sum‘?
2953 2098 2972 2130 ι
3025 2088 3078 2133 et
3129 2095 3390 2134 rursum:

1822 2187 1840 2220 ι
1874 2169 1982 2238 Ego
2031 2185 2136 2222 non
2180 2185 2300 2224 sum
2343 2172 2409 2224 de
2460 2172 2562 2225 hoc
2603 2172 2805 2225 mundo
2828 2173 2869 2224 '.
2910 2191 2928 2224 ι
2964 2172 3095 2227 Nam
3142 2175 3187 2228 si
3231 2176 3392 2229 homo

1815 2269 1957 2316 esset
1982 2275 2046 2315 ex
2073 2259 2299 2315 muliere
2330 2261 2420 2314 uni
2453 2262 2671 2315 cuilibet
2701 2264 2926 2318 aliorum
2951 2266 3148 2329 simile,
3184 2281 3247 2321 ac
3279 2283 3386 2321 nou

1815 2352 1993 2420 potius
2016 2352 2354 2405 iucarnatum
2398 2363 2452 2406 et
2486 2354 2537 2406 in
2577 2353 2813 2407 humana
2839 2354 3009 2408 forma
3040 2365 3388 2424 conspectum

1819 2443 1945 2496 illud
1977 2444 2260 2498 desursum
2290 2456 2344 2498 et
2382 2457 2446 2498 ex
2485 2445 2592 2498 Deo
2631 2443 2795 2499 Patre
2830 2445 3085 2510 Verbum,
3121 2449 3394 2516 quomodo

1817 2534 2102 2588 desursum
2141 2535 2280 2588 idem
2312 2545 2366 2589 et
2399 2536 2463 2590 de
2493 2535 2632 2590 coelo
2665 2535 3096 2604 intelligeretur?
3125 2539 3394 2607 quomodo

1819 2638 1982 2691 supra
2019 2625 2201 2677 omnia
2253 2634 2308 2679 et
2354 2639 2459 2678 non
2514 2626 2581 2678 de
2629 2626 2850 2689 mundo,
2891 2629 3137 2694 quamvis
3176 2641 3398 2697 propter

1819 2731 2035 2770 carnem
2085 2731 2209 2784 pars
2241 2725 2390 2771 esset
2434 2717 2642 2780 mundi,
2679 2726 2734 2770 et
2780 2728 3038 2787 quantum
3089 2720 3271 2774 dicere
3312 2720 3397 2772 fas

1819 2817 1919 2871 est,
1953 2823 2017 2861 ex
2061 2821 2311 2861 mensura
2341 2823 2460 2877 quae
2491 2810 2812 2864 humanitati
2839 2811 3110 2875 convenit,
3155 2813 3258 2866 sub
3289 2812 3398 2864 Deo

1822 2901 2019 2953 factum
2084 2917 2205 2955 eum
2263 2903 2551 2958 omnibus?
2598 2903 2710 2956 Hac
2765 2901 2968 2955 ratione
3018 2903 3180 2956 etiam
3228 2901 3398 2956 Deum

1821 3007 1975 3045 Suum
2007 2994 2311 3060 appellabat
2356 2995 2530 3062 ipsum
2572 2993 2808 3058 Patrem,
2844 2995 3091 3064 quamvis
3122 2996 3235 3062 ipse
3267 3010 3400 3061 quo-

1746 3112 1791 3173 Ο
1823 3099 1927 3151 que
1973 3100 2036 3139 ex
2087 3097 2278 3139 natura
2330 3087 2472 3141 Deus
2516 3096 2682 3151 esset,
2714 3097 2770 3140 et
2825 3102 2892 3140 ex
2941 3087 3058 3155 ejus
3095 3087 3396 3140 substantia

1821 3176 1990 3230 Filius
2023 3179 2331 3244 unigenitus
2372 3180 2694 3234 exstitisset.
2729 3177 2804 3233 De
2833 3192 3065 3248 quonam
3097 3193 3226 3247 ergo
3271 3178 3400 3232 dicit

1823 3265 2013 3319 beatus
2067 3266 2277 3322 David:
2317 3287 2334 3319 ε
2365 3271 2507 3323 Misit
2564 3268 2798 3323 Verbum
2852 3284 3029 3334 suum,
3076 3279 3130 3321 et
3190 3271 3401 3323 sanat-it

1821 3372 1916 3410 eos
1940 3358 2020 3410 "‘?
2050 3377 2068 3408 ›
2109 3358 2346 3413 Salvavit
2373 3361 2516 3416 enim
2558 3374 2654 3414 nos
2690 3375 2793 3414 non
2830 3360 3058 3427 legatus,
3101 3375 3203 3413 non
3238 3375 3399 3427 auge-

1822 3450 1939 3514 lus,
2001 3453 2092 3505 sed
2138 3453 2252 3519 ipse
2314 3453 2605 3518 Dominus,
2660 3454 2956 3507 secundum
3018 3453 3330 3520 Scripturas
3353 3449 3396 3503 ‘.

1828 3542 1978 3604 Esto,
2024 3543 2219 3610 inquit,
2257 3542 2495 3597 Verbum
2539 3545 2680 3610 quod
2717 3544 2897 3595 omnia
2935 3553 3110 3611 potest
3152 3544 3396 3612 implere,

1827 3634 2049 3686 missum
2074 3642 2160 3686 est
2191 3651 2203 3686 :
2233 3634 2325 3688 sed
2359 3633 2663 3703 quomodo?
2687 3635 2772 3687 ubi
2807 3634 2950 3688 enim
2993 3649 3097 3687 non
3130 3635 3256 3688 illud
3282 3651 3402 3689 esse

1826 3725 2106 3778 dicemus?
2144 3734 2235 3779 aut
2261 3741 2369 3794 quo
2401 3726 2683 3779 mittetur?
2712 3726 3052 3781 Insitnulabis
3095 3728 3256 3797 igitur
3288 3729 3404 3782 Mo-

1825 3831 1920 3871 sen
1962 3817 2112 3871 illum
2147 3819 2636 3885 sapientissimum,
2685 3820 2836 3886 quasi
2877 3834 2980 3872 non
3013 3821 3271 3873 mediocri
3320 3822 3403 3872 in-

1820 3908 1963 3975 juria
2005 3907 2098 3960 Dei
2150 3907 2375 3975 gloriam
2415 3906 2693 3973 all'ecerit;
2727 3908 2860 3960 dixit
2888 3907 3075 3960 enim:
3114 3927 3130 3958 ι
3169 3907 3403 3963 Descen-

1827 3999 1906 4051 dit
1967 3996 2109 4052 Deus
2168 3998 2306 4066 iguis
2375 3998 2554 4066 specie
2615 4000 2665 4050 iu
2731 4006 2964 4050 montem
3025 3998 3278 4064 Sina'p
3349 4009 3404 4053 et

1826 4090 2072 4158 quamvis
2108 4089 2324 4142 beatum
2357 4087 2523 4144 David
2565 4088 2754 4142 audias
2780 4089 2962 4143 dicere
2993 4091 3232 4143 omnium
3267 4107 3403 4158 pra:-

1828 4179 2031 4248 potenti
2068 4177 2176 4232 Deo
2211 4194 2224 4230 :
2261 4197 2276 4228 ι
2308 4179 2535 4230 Emittes
2564 4175 2825 4245 Spiritum
2866 4189 3038 4241 tuum,
3063 4188 3114 4230 et
3141 4179 3404 4232 creabun—

1832 4279 1936 4333 tur,
1987 4276 2040 4320 et
2080 4267 2364 4320 renovabis
2413 4266 2608 4320 faciem
2655 4267 2884 4320 terra":
2935 4285 2953 4317 ο
3009 4266 3239 4320 fortasse
3299 4283 3402 4318 nou

1831 4359 2041 4421 credes,
2093 4367 2148 4411 et
2198 4358 2473 4410 hominem
2535 4358 2627 4411 Dei
2682 4358 2872 4425 spiritu
2923 4357 3136 4425 plenum
3191 4360 3404 4410 mentiri

278 4471 299 4502 ι
336 4446 697 4515 ἁποστὴσεις
729 4443 745 4514 Ῐ
771 4445 857 4496 ἴσ.
890 4442 1251 4513 ἀπιστήσεις]
1279 4443 1419 4513 τάχα
1453 4459 1555 4496 που
1576 4481 1590 4504 ,
1631 4442 1717 4494 καὶ

1833 4449 2046 4517 putabis
2077 4468 2090 4502 :
2123 4465 2298 4518 neque
2335 4450 2481 4503 enim
2514 4448 2657 4503 Deus
2692 4449 2971 4515 migrando
3004 4457 3268 4509 movetur,
3313 4463 3408 4499 ne-

1831 4555 1936 4610 que
1974 4540 2041 4593 de
2081 4539 2196 4593 loco
2232 4540 2298 4593 ad
2328 4540 2504 4593 locum
2538 4540 2749 4601 transit,
2781 4539 3001 4607 perinde
3035 4553 3098 4591 ac
3136 4539 3179 4591 si
3218 4554 3323 4590 non
3356 4538 3404 4590 ci

1833 4629 2110 4698 proprium
2140 4629 2210 4682 sit
2257 4630 2308 4682 in
2345 4630 2599 4683 omnibus
2644 4644 2767 4683 esse
2804 4637 2858 4680 ct
2891 4632 3068 4681 omnia
3115 4630 3404 4697 complere.

1832 4720 1955 4774 llzec
1989 4729 2164 4774 tecum
2197 4723 2310 4790 ipse
2343 4721 2582 4774 vicissim
2636 4718 2921 4788 cogitabis,
2949 4728 3004 4772 et
3051 4734 3078 4770 a
3116 4734 3242 4771 vera
3291 4734 3409 4772 sen-

1833 4812 1996 4866 tentia
2049 4812 2334 4876 discedes,
2383 4811 2476 4864 tibi
2527 4811 2628 4878 ipsi
2680 4821 2733 4863 et
2771 4811 2987 4877 quidem
3035 4810 3135 4862 soli
3184 4811 3407 4879 obsequi

1840 4913 2046 4957 certus.
2095 4901 2201 4956 Sed
2250 4903 2302 4955 in
2357 4901 2570 4955 meliori
2622 4916 2771 4955 esses
2810 4901 2996 4969 utique
3046 4902 3313 4955 sententia
3364 4905 3408 4955 si

1837 4995 1962 5047 illud
2007 4995 2297 5064 cogitares,
2346 5008 2561 5045 omnem
2605 5009 2631 5044 a
2661 4993 2812 5047 nobis
2854 4993 2920 5045 de
2961 4993 3072 5044 Deo
3105 5006 3409 5045 sermonem

1838 5086 2020 5139 haberi
2058 5085 2275 5153 quidem
2328 5084 2565 5136 humano
2611 5099 2781 5147 more,
2829 5085 2909 5137 sie
2944 5093 3119 5136 tamen
3161 5083 3408 5152 intelligi,

1837 5185 1893 5228 ut
1930 5177 2002 5229 illi
2041 5175 2140 5229 soli
2182 5177 2454 5228 convenit.
2497 5173 2600 5228 Sed
2631 5175 2776 5227 illum
2817 5189 2923 5226 non
2973 5174 3161 5228 leviter
3192 5183 3413 5226 contur-

1838 5273 2006 5333 bavit,
2053 5269 2193 5336 quod
2243 5268 2335 5320 Dci
2385 5265 2564 5320 Patris
2619 5265 2848 5319 Verbum
2899 5265 2999 5318 sub
3045 5265 3163 5335 lege
3209 5264 3411 5316 factum

1835 5375 1955 5414 esse
2003 5360 2292 5412 dicitur“:
2333 5358 2512 5412 nullus
2567 5367 2745 5410 tamen
2804 5365 2889 5409 est
2935 5357 2984 5408 in
3042 5357 3141 5408 hac
3191 5367 3250 5407 re
3298 5367 3413 5406 me—

1841 5451 2022 5507 tuendi
2064 5452 2214 5505 locus
2244 5469 2258 5515 ;
2292 5465 2414 5502 nam
2461 5448 2756 5517 permansit
2791 5447 2933 5514 quod
2969 5455 3106 5510 erat,
3139 5442 3416 5511 Iegislator

2658 5651 2677 5677 ⁸
2703 5647 2804 5701 lsa.
2840 5661 2995 5709 um,
3031 5644 3084 5697 9.
3199 5643 3212 5666 ’
3245 5640 3412 5694 Exod.

1826 5653 1844 5682 '
1871 5653 2003 5705 ibitl.
2116 5651 2156 5679 ⁸⁸
2184 5646 2321 5703 Psal.
2350 5664 2455 5712 CVI,
2487 5648 2578 5704 ‘20.

3015 5804 3047 5860 3
