4028 6422
645 323 716 380 '75
1635 317 1695 369 S.
1735 313 2009 369 CYRILLI
2051 309 2521 366 ALEXANDRINI
2565 312 2876 368 ARCHIEP.
3845 313 3914 366 7G

648 444 866 509 inquam
901 447 954 492 et
995 435 1160 490 Deus.
1199 433 1278 488 Ac
1317 432 1359 488 si
1406 447 1510 488 non
1538 431 1710 487 lactus
1737 443 1883 489 esset
1910 434 2096 496 homo,
2129 445 2223 484 ne-

2338 431 2493 500 νόμον
2520 431 2774 499 λέγεσθαι
2804 434 2896 486 τὸν
2922 435 2985 486 ἐκ
3021 432 3158 486 Θεοῦ
3193 431 3406 501 Πατρὸς
3436 431 3769 500 γεγενῆσθαι
3813 431 3918 482 Λό-

644 545 749 600 que
775 529 944 585 etiam
991 529 1092 582 sub
1125 527 1239 595 lege
1282 525 1458 580 lactus
1493 523 1699 580 fuisset.
1731 524 1835 580 Sed
1869 526 1994 594 quia
2039 537 2223 577 verum

644 633 728 676 est
765 621 1001 690 seipsum
1031 617 1370 680 humiliasse,
1416 617 1506 684 qui
1538 632 1603 671 ex
1649 629 1840 671 natura
1873 631 1966 670 sua
2012 628 2224 668 sursum

644 721 761 766 erat
788 726 852 766 ac
893 710 1164 770 sublimis.
1217 719 1272 762 et
1303 720 1565 777 przeterea
1604 710 1802 763 factum
1847 705 2225 777 essemno-

647 808 744 860 stri
779 805 1037 869 similem,
1067 804 1158 870 qui
1191 817 1354 870 supra
1394 815 1612 856 omnem
1645 808 1951 853 creaturam
1985 805 2122 858 erat,
2172 805 2226 847 et

646 912 770 951 cum
809 896 959 951 dives
980 903 1155 956 esset,
1188 905 1484 962 pauperem
1529 890 1730 945 factum
1751 902 1874 943 esse
1906 888 1961 941 in
1991 902 2056 940 eo
2080 887 2226 956 quod

647 999 730 1042 est
769 988 944 1041 factus
976 985 1170 1040 similis
1208 983 1385 1038 nostri
1413 983 1480 1046 ὀ,
1513 980 1783 1049 quomodo
1811 981 1962 1033 nefas
2000 977 2074 1031 sit
2102 991 2225 1030 eum

647 1080 831 1135 dicere
878 1078 1076 1132 factum
1129 1091 1250 1130 esse
1308 1074 1590 1129 nobiscum
1641 1087 1704 1126 ac
1745 1071 1847 1125 sub
1898 1068 2056 1140 lege?
2089 1068 2228 1134 Quid

648 1170 834 1225 enim?
870 1186 936 1224 an
965 1184 1072 1224 non
1111 1179 1259 1222 reme
1291 1167 1556 1221 sentimus
1587 1179 1710 1218 cum
1743 1165 1990 1216 humana!
2020 1169 2229 1214 natura;

651 1279 960 1318 mensuram
991 1273 1242 1332 putamus
1272 1276 1338 1315 eo
1365 1258 1599 1322 deliniri,
1628 1259 1770 1327 quod
1804 1257 1875 1310 sit
1902 1255 2002 1324 legi
2045 1253 2228 1323 subje-

648 1354 776 1409 cta?
813 1369 936 1407 nam
967 1352 1058 1407 illa
1089 1351 1266 1405 soluta
1295 1359 1348 1403 et
1381 1363 1544 1416 supra
1577 1348 1746 1417 legem
1779 1345 2046 1409 essentia,
2077 1351 2132 1396 et
2161 1358 2227 1398 ex

649 1456 844 1498 natura
882 1458 943 1498 ac
978 1459 1106 1498 vere
1157 1443 1349 1506 libera,
1397 1440 1532 1494 nihil
1565 1439 1711 1493 aliud
1755 1451 1876 1492 esse
1906 1444 2084 1506 potest
2121 1436 2226 1490 nisi

651 1537 793 1591 Deus
819 1554 831 1588 :
859 1549 987 1605 ergo
1016 1549 1139 1588 cum
1175 1532 1412 1587 Verbum
1444 1531 1643 1585 factum
1671 1539 1753 1585 est
1775 1543 1925 1592 caro,
1959 1537 2068 1581 tum
2094 1541 2230 1597 quo-

648 1642 752 1696 que
794 1626 895 1680 sub
936 1626 1050 1695 lege
1104 1625 1307 1678 factum
1350 1633 1434 1677 est
1468 1641 1480 1675 :
1516 1637 1638 1676 nam
1684 1635 1790 1675 una
1831 1634 1952 1674 cum
2014 1619 2098 1673 his
2138 1619 2226 1687 qui

651 1718 911 1772 tributum
957 1715 1286 1786 pendebant,
1332 1713 1650 1767 didrachma
1683 1712 1863 1782 posuit
1887 1711 1953 1774 ¹¹,
1985 1709 2231 1779 quamvis

647 1823 710 1860 ex
761 1823 858 1860 sua
909 1817 1103 1859 natura
1155 1806 1296 1860 liber
1336 1815 1501 1868 esset,
1537 1813 1722 1872 utpote
1753 1802 1896 1856 Dens
1923 1816 1985 1855 ac
2036 1800 2226 1862 Filius,

648 1914 712 1953 ac
740 1898 904 1952 etiam
938 1910 1003 1951 eo
1047 1907 1291 1964 tempore
1327 1909 1433 1964 quo
1469 1894 1670 1948 factum
1702 1900 1785 1948 est
1818 1907 1969 1946 caro.
2006 1891 2100 1945 Sin
2134 1892 2227 1946 tibi

652 1991 830 2057 placet
870 2004 1034 2042 unum
1081 1989 1133 2040 in
1189 1988 1296 2040 duo
1333 1985 1596 2052 dividere,
1638 1994 1697 2039 et
1740 2000 1864 2038 cum
1913 1984 2004 2052 qui
2037 1992 2122 2037 est
2163 1998 2226 2036 ex

652 2081 898 2144 muliere,
927 2078 1154 2132 seorsim
1186 2078 1463 2132 hominem
1505 2077 1880 2145 pronuntiare,
1920 2091 2153 2145 quonam
2189 2077 2232 2128 is

657 2171 813 2226 modo
860 2171 962 2224 sub
1005 2170 1120 2238 lege
1171 2169 1343 2221 factus
1373 2168 1586 2221 dicetur
1633 2169 1725 2236 qui
1777 2177 1982 2222 natura:
2027 2169 2100 2222 sit
2132 2168 2231 2222 sub

653 2267 770 2333 lege
794 2260 1021 2330 posita)?
1057 2259 1170 2313 Non
1199 2259 1343 2312 enim
1379 2260 1522 2327 quod
1551 2259 1663 2327 jam
1690 2266 1776 2313 est
1804 2258 1904 2327 legi
1934 2258 2230 2320 subditum,

653 2353 706 2406 id
749 2351 864 2404 ﬁeri
897 2349 998 2404 sub
1024 2349 1139 2417 lege
1172 2357 1373 2416 potest,
1404 2350 1496 2401 sed
1536 2349 1586 2400 id
1611 2348 1751 2416 quod
1792 2359 2042 2402 naturam
2071 2348 2234 2402 habet

653 2442 770 2510 lege
807 2441 1165 2509 superiorem,
1210 2451 1265 2492 et
1299 2449 1449 2492 extra
1487 2438 1681 2507 legem.
1715 2438 1841 2493 Sola
1876 2449 1958 2493 est
1977 2440 2143 2504 enim,
2178 2449 2233 2493 ut

654 2534 788 2600 dixi,
831 2532 918 2586 illa
947 2531 1127 2586 divina
1166 2544 1528 2600 supremaque
1560 2539 1750 2583 natura
1779 2539 1832 2584 et
1868 2531 2007 2583 ultra
2037 2530 2230 2598 legem,

648 2632 708 2678 et
745 2630 1003 2691 praeterea
1047 2620 1237 2684 libera,
1272 2627 1328 2673 et
1369 2633 1488 2687 quae
1537 2619 1641 2673 sibi
1681 2619 1994 2690 praafectum
2043 2619 2235 2674 habeat

654 2727 880 2784 prorsus
914 2711 1211 2776 neminem,
1246 2711 1340 2763 sed
1388 2710 1504 2778 ipsa
1539 2709 1610 2763 sit
1649 2709 1830 2779 potius
1861 2711 2232 2764 universorum

655 2803 896 2866 domina,
945 2811 999 2857 et
1044 2800 1296 2853 omnibus
1354 2801 1516 2853 rebus
1564 2815 1675 2853 sua:
1725 2800 2113 2854 dominationis
2148 2799 2234 2868 jn-

656 2915 782 2967 gum
816 2901 1076 2967 imponat.
1111 2896 1215 2951 Sed
1249 2897 1351 2950 iste
1382 2896 1464 2948 vir
1491 2910 1519 2948 a
1559 2902 1708 2948 recta
1758 2892 2115 2945 ratiocinandi
2146 2890 2232 2943 via

656 3007 781 3047 cum
827 2990 1118 3053 aberrarit,
1151 2989 1204 3043 in
1251 3004 1372 3043 eam
1419 2998 1502 3043 est
1551 2987 1800 3055 delapsus
1846 2983 2232 3054 cogitationum

2327 541 2444 592 γον.
2489 525 2628 577 Ἀλλ’
2669 525 2822 578 οὐδὲν
2868 527 2924 578 ὲν
2957 525 3130 594 τούτῳ
3161 524 3221 575 τὸ
3267 523 3459 592 δεῖμα·
3496 521 3774 591 μεμένηκε
3803 520 3920 590 γὰρ

2327 616 2355 668 ὃ
2402 612 2468 687 ἦν
2491 633 2503 646 ο
2553 616 2850 686 νομοθέτης
2877 616 3116 687 δηλονότι
3151 614 3247 668 καὶ
3291 613 3443 676 Θεός.
3478 614 3590 666 Καὶ
3624 614 3671 664 εί
3713 613 3814 681 μὲν
3852 611 3921 664 οὐ

2327 707 2554 776 γέγονεν
2583 708 2889 778 ἄνθρωπος,
2923 709 2982 760 ού
3012 707 3234 776 γέγονεν
3263 705 3369 760 ὑπὸ
3400 705 3584 774 νόμον.
3605 703 3831 774 Ἐπειδὴ
3859 701 3922 755 δέ

2329 803 2476 854 ἔστιν
2511 799 2730 870 ἀληθὲς,
2755 800 2836 852 ὅτι
2866 799 3263 852 τεταπείνωκεν
3295 796 3486 851 ἑαυτὸν
3511 798 3539 850 ὁ
3585 795 3729 848 κατὰ
3752 794 3924 863 φύσιν

2333 891 2474 946 ίδίαν
2508 891 2621 945 ἄνω
2657 908 2761 944 που
2792 891 2887 944 καὶ
2913 890 3116 962 ὑψηλός
3136 907 3150 921 ο
3198 886 3318 942 εἷτα
3346 889 3538 958 γέγονε
3571 887 3694 942 καθ’
3729 888 3882 957 ἡμᾶς
3904 924 3920 948 ,

2327 987 2357 1038 ὁ
2388 985 2529 1058 ὑπὲρ
2563 987 2746 1040 πᾶσαν
2790 985 2890 1056 τὴν
2931 985 3139 1040 κτίσιν·
3176 985 3272 1038 καὶ
3302 983 3559 1046 πλούσιος
3590 981 3687 1048 ὣν,
3739 981 3927 1035 ὲπτὼ-

2329 1095 2491 1150 χευσε
2537 1079 2626 1132 διὰ
2669 1077 2764 1131 τοῦ
2793 1077 3046 1146 γενέσθαι
3073 1076 3194 1131 καθ’
3226 1077 3392 1147 ἡμᾶς,
3433 1074 3552 1137 πῶς
3583 1075 3683 1128 οὐκ
3723 1074 3791 1127 ἂν
3828 1073 3926 1126 λέο

2329 1187 2481 1238 γοιτο
2512 1169 2631 1240 μεθ’
2656 1171 2812 1240 ήμῶν
2843 1169 3097 1240 γενέσθαι
3127 1170 3220 1221 καὶ
3247 1167 3353 1219 ὑπὸ
3389 1167 3588 1237 νόμον;
3620 1165 3653 1236 ἢ
3691 1163 3814 1236 [ῑσ.

2329 1263 2438 1332 γὰρ
2479 1263 2541 1315 οὐ
2591 1261 2919 1332 λογιούμεθα
2968 1260 3293 1332 φρονοῦντες
3326 1257 3540 1330 ὀρθῶς,
3587 1257 3648 1311 τὸ
3677 1257 3774 1328 τῆς
3824 1258 3930 1310 ἀν-

2331 1353 2552 1423 θρώπου
2583 1353 2798 1420 φύσεως
2823 1352 3103 1422 ὁρίζεσθαι
3153 1351 3369 1422 μέτρον,
3413 1349 3489 1413 ὡς
3515 1347 3571 1402 ἐν
3600 1364 3664 1416 γε
3693 1345 3769 1417 τῷ
3805 1346 3928 1400 δεῖν

2331 1446 2426 1498 καί
2471 1445 2793 1499 ὑποκεῖσθαι
2843 1446 3026 1514 νόμῳ;
3071 1445 3134 1496 τὸ
3178 1443 3285 1512 γὰρ
3329 1441 3528 1510 ἄφετόν
3555 1457 3613 1493 τε
3655 1441 3746 1494 καὶ
3775 1440 3927 1511 ὑπὲρ

2331 1535 2513 1605 νόμον,
2546 1533 2704 1603 φύσει
2731 1550 2790 1585 τε
2823 1533 2916 1584 καὶ
2950 1531 3163 1601 ἀληθῶς
3194 1528 3478 1599 ἐλεύθερον
3515 1527 3600 1597 εἴη
3630 1526 3695 1579 ἂν
3720 1526 3923 1596 ἕτερον

2331 1627 2502 1691 οὐδὲν,
2539 1625 2680 1696 πλὴν
2727 1625 2810 1678 ὅτι
2841 1624 2903 1676 τὸ
2933 1624 3104 1677 Θεῖον·
3151 1620 3348 1674 οὐκοῦν
3377 1620 3465 1672 ὅτε
3497 1619 3690 1686 γέγονε
3741 1615 3884 1686 σὰρξ
3909 1654 3927 1678 ,

2331 1721 2454 1773 τότε
2501 1719 2693 1787 γέγονε
2739 1721 2833 1771 καὶ
2908 1717 3012 1770 ὑπὸ
3057 1717 3254 1788 νόμον·
3302 1711 3617 1765 συνετέλεσε
3657 1711 3765 1780 γὰρ
3803 1711 3930 1771 τοῖς

2331 1809 2724 1880 δασμολογοῦσι
2752 1809 2811 1861 τὸ
2838 1809 3131 1878 δίδραχμον
3153 1825 3164 1834 ο
3197 1805 3372 1858 καίτοι
3412 1803 3554 1856 κατὰ
3585 1801 3747 1870 φύσιν
3779 1801 3929 1853 ἰδίαν

2332 1901 2616 1971 ἐλεύθερος
2637 1901 2736 1964 ὢν,
2764 1900 2838 1963 ὠς
2862 1899 2992 1961 Θεὸς
3015 1898 3108 1950 καὶ
3133 1897 3278 1960 Υἱὸς,
3309 1896 3402 1948 καὶ
3425 1897 3514 1947 ὅτε
3539 1896 3730 1962 γέγονε
3754 1892 3925 1960 σάρξ.

2333 1993 2395 2045 El
2426 1992 2482 2045 δέ
2512 2009 2593 2045 σοι
2622 1992 2770 2045 δοκεῖ
2798 1992 2887 2043 τὸν
2933 1992 3028 2042 ἕνα
3059 1991 3278 2058 τέμνειν
3307 1990 3386 2051 είς
3417 1986 3544 2053 δύο,
3592 1985 3686 2039 καὶ
3733 1985 3930 2047 ίδικῶς

2334 2084 2464 2154 ἡμῖν
2497 2083 2783 2153 ἄνθρωπον
2814 2081 3137 2150 ἀποφαίνειν
3167 2081 3258 2132 τὸν
3287 2081 3349 2132 ὲκ
3379 2077 3636 2146 γυναικὸς
3658 2119 3670 2142 ,
3701 2077 3816 2140 πῶς
3853 2076 3931 2130 ἂν

2333 2174 2542 2242 λέγοιτο
2587 2173 2837 2240 γενέσθαι
2868 2173 2962 2224 καὶ
2992 2171 3095 2221 ὑπὸ
3123 2171 3305 2238 νόμον,
3356 2170 3384 2220 ὁ
3436 2169 3538 2236 τῆς
3584 2168 3690 2220 ὑπὸ
3743 2167 3921 2235 νόμον

2334 2265 2548 2333 φύσεως
2580 2264 2683 2329 ῶν;
2724 2264 2797 2315 Ού
2831 2264 2939 2332 γάρ
2967 2279 3048 2314 τοι
3077 2261 3136 2315 τὸ
3164 2261 3304 2330 ἕχον,
3337 2259 3397 2312 τὸ
3440 2260 3548 2311 δεῖν
3592 2257 3928 2310 ὑποκεῖσθαι

2334 2359 2508 2428 νόμῳ,
2542 2356 2734 2424 γένοιτ’
2761 2357 2826 2409 ἂν
2854 2354 2960 2407 ὑπὸ
3001 2353 3194 2422 νόμου,
3222 2351 3359 2404 ἀλλὰ
3384 2351 3442 2403 τὸ
3474 2350 3637 2418 φύσιν
3671 2350 3790 2419 ἔχον
3818 2351 3930 2420 τὴν

2336 2449 2475 2518 ὑπὲρ
2515 2448 2694 2516 νόμον,
2743 2447 2838 2500 καὶ
2883 2444 2986 2511 ἔξω
3036 2444 3222 2512 νόμον.
3262 2443 3411 2512 Μόνη
3459 2443 3591 2514 γὰρ,
3642 2443 3715 2503 ὡς
3752 2441 3929 2510 ἔφην,

2335 2540 2503 2600 ἐστὶν,
2555 2540 2587 2607 ἡ
2637 2537 2756 2589 θεία
2817 2553 2873 2588 τε
2910 2536 3004 2588 καὶ
3042 2535 3320 2604 ὑπερτάτη
3353 2533 3545 2600 φύσις,
3594 2533 3688 2585 καὶ
3736 2533 3928 2602 νόμων

2336 2628 2611 2688 ἐπέκεινα,
2648 2625 2740 2677 καὶ
2785 2625 2884 2694 μέν
2919 2640 3002 2675 τοι
3049 2623 3144 2675 καλ⁹
3187 2620 3484 2692 ἐλευθέρα·
3533 2621 3626 2673 καὶ
3664 2619 3754 2672 τὸν
3793 2622 3928 2672 ὲπι-

2338 2718 2539 2786 στάτην
2597 2716 2799 2784 ἔχουσα
2847 2712 3126 2776 παντελῶς
3176 2711 3388 2778 οὐδένα,
3442 2711 3791 2780 κατάρχουσα
3865 2711 3931 2764 δὲ

2341 2810 2541 2880 μᾶλλον
2588 2808 2726 2875 αὑτὴ
2776 2807 2883 2860 τῶν
2911 2806 3070 2871 ὅλων,
3120 2805 3216 2857 καὶ
3250 2805 3382 2857 πᾶσι
3425 2803 3518 2856 τὸν
3548 2802 3747 2872 ἑαυτῆς
3785 2802 3932 2855 Cmo-

2337 2901 2547 2954 τιθεῖσα
2590 2899 2772 2967 ζυγόν.
2825 2898 2882 2951 Ὀ
2933 2898 2990 2949 δὲ
3035 2896 3297 2965 λογισμοῦ
3350 2894 3446 2947 τοῦ
3490 2893 3792 2964 πρέποντος
3843 2894 3933 2946 διο

2339 3013 2370 3064 η
2380 2991 2695 3064 μαρτηκὼς,
2717 2989 3033 3052 δυσσεϐείας
3053 2991 3131 3052 είς
3145 2989 3302 3042 τοῦτο
3323 2986 3655 3040 κατώλισθεν
3676 2986 3930 3051 ἐννοιῶν,

658 3084 1014 3153 impietatem,
1065 3089 1120 3134 et
1168 3093 1339 3148 usque
1392 3078 1528 3132 adeo
1578 3076 1644 3130 ad
1697 3089 1938 3130 summas
1987 3071 2230 3142 pervenit

2338 3088 2431 3139 καὶ
2465 3087 2544 3146 είς
2573 3085 2742 3153 ἄκρον
2777 3084 2901 3153 ἥκει
2933 3083 3252 3151 σκαιότητος
3277 3121 3291 3145 ,
3325 3079 3431 3133 ἀπό
3459 3097 3521 3148 γε
3556 3079 3651 3132 τοῦ
3689 3079 3930 3149 διαιρεῖν

659 3175 891 3244 ineptias
932 3189 999 3228 ex
1034 3188 1098 3228 eo
1126 3174 1267 3242 quod
1313 3186 1476 3226 unum
1520 3168 1808 3224 Dominum
1854 3165 2042 3222 Jesum
2074 3163 2234 3219 Chri-

659 3279 799 3322 stum
834 3266 886 3319 in
923 3267 1030 3318 duo
1058 3264 1270 3327 dividit,
1303 3273 1362 3317 ut
1392 3263 1652 3315 audacter
1673 3260 1872 3314 dixerit
1896 3259 2069 3326 ipsum
2104 3255 2232 3309 Em-

658 3358 960 3415 manuelem
1002 3373 1177 3425 neque
1211 3371 1336 3410 vere
1374 3355 1542 3408 Deum
1572 3367 1718 3417 esse,
1767 3364 1942 3421 neque
1969 3359 2231 3419 praeterea

659 3451 958 3505 secundum
1007 3460 1254 3501 naturam
1302 3444 1500 3499 Filium
1542 3463 1552 3498 :
1597 3444 1676 3498 sic
1721 3458 1850 3497 vero
1908 3440 2233 3510 appellatum

656 3541 933 3596 Christum
956 3548 1010 3593 et
1030 3548 1302 3602 sanctum,
1333 3547 1391 3590 ut
1419 3534 1507 3588 alii
1535 3547 1751 3602 quoque
1792 3531 2034 3586 nonnulli
2064 3532 2232 3584 nostri

658 3632 885 3695 similes,
935 3639 1028 3684 aut
1079 3630 1416 3696 impnrorum
1470 3625 1774 3680 dannonum
1823 3624 2083 3677 cultores.
2142 3620 2232 3675 Sic

659 3738 894 3794 namque
928 3736 1116 3776 rursus
1143 3721 1278 3773 dixit
1309 3737 1322 3770 :

731 3815 997 3888 [Νεετοιι.
1042 3814 1148 3868 Sed
1175 3813 1315 3867 sicut
1347 3810 1580 3864 dicimus
1610 3809 1775 3862 Deum
1816 3807 1959 3861 illum
1992 3804 2240 3858 omnium

659 3910 1035 3970 Conditorem,
1076 3914 1130 3960 et
1164 3903 1324 3958 deum
1354 3903 1527 3970 ipsum
1553 3899 1733 3954 Mosen
1764 3917 1777 3952 :
1809 3917 1826 3949 ι
1860 3897 2025 3951 Deum
2065 3895 2233 3954 enim,

659 4002 856 4070 inquit,
891 3997 1042 4068 posui
1082 4007 1133 4049 te
1165 3994 1434 4048 Pharaoni
1460 3993 1546 4058 ¹¹;
1581 4010 1598 4044 ι
1649 4001 1704 4046 et
1739 3991 1912 4060 ipsum
1961 3986 2124 4041 Israel
2171 3984 2234 4038 li-

661 4096 790 4146 lium
853 4092 947 4145 Dei
989 4109 1002 4144 :
1039 4107 1057 4140 ι
1089 4085 1300 4151 Filius,
1363 4085 1576 4154 inquit,
1631 4081 2020 4152 primogenitus
2084 4093 2237 4132 meus

661 4182 823 4239 lsrael
843 4182 924 4246 ¹³;
955 4200 971 4231 ›
1006 4191 1065 4235 ιιι
1087 4179 1251 4234 etiam
1281 4175 1412 4230 Saul
1443 4177 1614 4246 ipsum
1645 4173 1875 4227 dicimus
1917 4171 2182 4225 Christum
2217 4185 2231 4223 :

665 4294 682 4326 ι
719 4273 959 4337 Minime,
987 4270 1180 4340 inquit,
1209 4270 1496 4323 extendam
1533 4281 1750 4320 manum
1784 4279 1956 4318 meam
1988 4261 2041 4316 in
2086 4275 2234 4324 eum,

659 4368 786 4436 quia
831 4365 1070 4420 christus
1099 4362 1310 4417 Domini
1341 4371 1425 4415 est
1447 4359 1526 4424 “;
1565 4377 1582 4408 ι
1619 4367 1674 4411 et
1704 4357 1901 4426 Cyrum
1936 4354 2231 4409 similiter:

2337 3166 2427 3239 εἰς’
2450 3175 2544 3229 δύο
2573 3175 2664 3229 τὸν
2692 3176 2790 3228 ἕνα
2834 3173 3041 3245 Κύριον
3079 3170 3288 3242 Ἰησοῦν
3322 3171 3578 3242 Χριστὸν,
3611 3172 3685 3232 ὡς
3712 3173 3931 3225 ἀνυπο-

2338 3269 2539 3331 στόλως
2571 3269 2774 3330 εἰπεῖν,
2819 3268 2955 3338 μήτε
2997 3266 3130 3319 Θεὸν
3161 3263 3400 3335 ἀληθῶς,
3461 3265 3601 3334 μήτε
3641 3264 3748 3333 μὴν
3783 3263 3924 3315 Υῐὸν

2336 3357 2474 3414 εἶναι
2526 3361 2668 3413 κατὰ
2711 3359 2870 3427 φύσιν
2921 3359 3011 3411 τὸν
3065 3357 3449 3428 Ἐμμανουήλο
3491 3355 3806 3425 ὠνομάσθαι
3866 3357 3932 3411 δὲ

2335 3453 2478 3506 οὕτω
2512 3451 2746 3522 Χριστὸν
2780 3451 2874 3503 καὶ
2906 3450 3079 3519 ἅγιον,
3106 3449 3358 3521 καθάπερ
3392 3448 3583 3518 ἀμέλει
3614 3450 3706 3501 καὶ
3740 3449 3933 3517 ἕτεροι

2335 3564 2478 3607 τινες
2523 3545 2632 3596 τῶν
2678 3542 2798 3596 καθ’
2852 3545 3033 3613 ἡμᾶς,
3096 3544 3265 3612 ἤγουν
3320 3541 3428 3593 τῶν
3476 3541 3934 3611 λελατρευκότων

2338 3639 2448 3697 τοῖς
2473 3634 2804 3704 ἀκαθάρτοις
2831 3634 3082 3703 δαίμοσιν
3103 3649 3114 3660 ·
3154 3631 3257 3701 ἔφη
3285 3630 3390 3701 γὰρ
3421 3629 3565 3685 οὕτω
3601 3630 3796 3683 πάλινο.

2407 3809 2583 3881 [Ἀλλ’
2627 3809 2815 3879 ὥσπερ
2842 3808 3069 3878 λέγομεν
3101 3807 3232 3861 Θεὸν
3265 3807 3353 3859 τὸν
3400 3807 3619 3860 πάντων
3650 3811 3930 3878 Δημίουρ⁴

2337 3898 2454 3965 γὸν,
2487 3897 2582 3950 καὶ
2598 3897 2718 3949 θεὸν
2735 3899 2826 3949 τὸν
2847 3898 3053 3950 Μωσέα
3075 3912 3088 3926 ⁸
3129 3916 3146 3946 ι
3179 3897 3312 3949 Θεὸν
3329 3894 3458 3966 γὰρ,
3492 3898 3624 3967 φησὶ
3645 3936 3659 3957 ,
3695 3896 3937 3952 τέθεικά

2340 4007 2398 4043 σε
2438 3989 2532 4042 τοῦ
2565 3988 2784 4058 Φαραώ·
2842 4007 2859 4037 ι
2909 3987 3003 4039 καὶ
3052 3986 3165 4038 υἱὸν
3208 3986 3301 4040 τὸν
3347 3987 3563 4057 Ἰσραὴλ
3614 3987 3708 4040 τοῦ
3759 3988 3933 4041 θεοῦ⁹

2344 4101 2361 4133 ι
2400 4081 2525 4142 Υἱὸς
2571 4079 2700 4149 γὰρ,
2738 4079 2902 4149 φησι,
2943 4077 3289 4148 πρωτότοκός
3326 4094 3425 4146 μου
3479 4077 3725 4148 Ἰσραήλ·
3775 4096 3793 4127 ι
3826 4080 3937 4131 καὶ

2337 4175 2526 4243 ὥσπερ
2578 4172 2809 4241 λέγομεν
2869 4169 3088 4240 χριστὸν
3133 4169 3224 4221 τὸν
3270 4167 3476 4221 Σαούλ·
3516 4187 3534 4218 ι
3565 4169 3636 4219 Οὔ
3677 4166 3751 4236 μὴ
3788 4168 3934 4237 γὰρ,

2339 4266 2521 4336 φησιν.
2553 4263 2797 4317 ἐπιϐαλῶ
2822 4265 2920 4331 τὴν
2951 4262 3108 4332 χεῖρά
3138 4277 3238 4331 μου
3265 4260 3350 4312 ἐπ’
3381 4259 3662 4321 αύτὸν,ὃτι
3696 4262 3936 4329 χριστὸς

2339 4357 2544 4426 Κυρίου
2592 4357 2738 4409 ἐστί’
2779 4373 2798 4406 ι
2836 4354 2931 4407 καὶ
2984 4353 3166 4423 Κῦρον
3208 4350 3494 4413 ὡσαύτως·
3535 4369 3550 4401 ι
3586 4350 3725 4402 Τάδε
3771 4349 3937 4418 λέγει

666 4427 842 4513 illaec
891 4458 1022 4510 dicit
1075 4453 1336 4508 Dominus
1389 4453 1593 4506 christo
1647 4465 1768 4504 meo
1819 4449 1960 4517 Cyro
2000 4448 2081 4514 ";
2115 4467 2132 4498 ι
2181 4456 2230 4500 et

2340 4451 2546 4522 Κύριος
2567 4449 2645 4520 τῷ
2673 4447 2880 4520 χριστῷ
2911 4464 3012 4517 μου
3040 4445 3207 4516 Κύρῳ
3226 4458 3240 4474 °
3266 4463 3284 4494 ο
3328 4443 3422 4496 καὶ
3455 4443 3547 4495 τὸν
3580 4442 3940 4496 Βαϐυλώνιον

663 4554 835 4619 ipsum
873 4547 1224 4617 Babylonium
1253 4553 1500 4597 sanctum
1536 4559 1547 4594 :
1582 4561 1600 4592 ι
1638 4540 1772 4610 Ego,
1810 4541 2004 4609 inquit,
2040 4540 2232 4608 praeci-

662 4643 749 4710 pio
798 4639 878 4694 eis
901 4639 944 4669 ¹⁶
971 4655 985 4692 :
1011 4657 1041 4688 -›
1081 4638 1159 4691 sic
1198 4635 1432 4690 dicimus
1474 4635 1649 4703 ipsum
1694 4647 1910 4702 quoque
1950 4632 2236 4685 Dominum

661 4734 958 4793 Christum,
994 4740 1048 4783 et
1096 4726 1286 4788 Deum,
1344 4735 1398 4779 et
1446 4723 1669 4787 Filium,
1722 4733 1777 4776 et
1809 4731 2079 4775 sanctum.
2130 4720 2235 4774 Sed

659 4822 906 4890 quamvis
950 4820 1140 4872 eadem
1192 4818 1262 4869 sit
1299 4815 1611 4869 communio
1658 4811 1960 4876 nominum,
2011 4825 2118 4864 non
2158 4820 2235 4864 ta-

661 4931 782 4968 men
819 4921 900 4966 est
929 4913 1116 4966 eadem
1145 4907 1429 4980 dignitas]

1307 5022 1458 5077 CAP.
1501 5022 1590 5076 ιγ.

728 5145 864 5210 Quid
894 5142 1066 5197 dicis?
1093 5141 1310 5211 qualem
1357 5153 1662 5193 sermonem
1702 5148 1918 5195 eructas
1961 5144 2027 5196 de
2077 5142 2242 5200 corde

731 5300 773 5369 ῗο
800 5299 840 5352 Il
865 5299 991 5356 Cor.
1025 5296 1238 5369 "11,9.
1336 5296 1375 5326 “
1406 5295 1592 5369 Matth.
1632 5312 1764 5364 xvn,
1795 5299 1869 5354 23
1902 5315 2055 5369 seqq.

661 5368 830 5422 "lsa.
861 5384 984 5434 xu,
1027 5369 1078 5420 l.
1159 5366 1201 5397 "
1227 5367 1327 5420 lsa.
1367 5365 1565 5432 xtn,‘5.

2162 5302 2205 5332 "
2244 5298 2416 5356 Exod.
2455 5314 2556 5364 vn,
2602 5297 2654 5350 l.

2341 4547 2530 4614 ἅγιον
2570 4563 2586 4594 ι
2627 4541 2770 4610 Ἐγὼ
2807 4540 2937 4610 γὰρ,
2970 4538 3126 4607 φησὶ,
3165 4537 3448 4590 συντάσσω
3491 4537 3672 4595 αὐτοῖς
3702 4534 3816 4599 (Η)
3845 4551 3859 4563 ο
3915 4556 3933 4585 ι

2339 4635 2482 4687 οὕτω
2514 4632 2747 4701 λέγομεν
2793 4632 2881 4682 καὶ
2913 4629 3001 4679 τὸν
3028 4626 3305 4694 Δεσπότην
3336 4625 3596 4694 Χριστὸν,
3647 4623 3740 4674 καὶ
3793 4621 3944 4674 Θεὸν

2348 4727 2440 4780 καὶ
2473 4725 2598 4779 Υίὸν
2633 4725 2726 4776 καὶ
2769 4723 2946 4789 ἆγιον.
2985 4719 3122 4771 Ἀλλ’
3155 4719 3188 4786 ἠ
3239 4718 3336 4786 μὲν
3384 4714 3638 4768 κοινωνία
3669 4707 3779 4764 τῶν
3807 4714 3940 4767 ὀνο-

2347 4819 2532 4890 μάτων
2561 4817 2741 4886 ὁμοία,
2774 4814 2872 4882 οὐχ
2904 4814 2936 4882 ὴ
2965 4813 3102 4882 αὑτὴ
3131 4811 3173 4863 δ’
3209 4807 3371 4878 ἀξία]

2946 5024 3194 5079 ΚΕΦᾹΛ.
3250 5023 3322 5072 Δ’.

2415 5142 2480 5198 Τί
2515 5143 2652 5212 (Mc;
2686 5140 2838 5193 ποῖον
2861 5135 3064 5207 ὲρεύγῃ
3092 5132 3248 5200 λόγον
3275 5127 3383 5182 ἀπὸ
3417 5127 3640 5198 καρδίας
3668 5130 3765 5198 τῆς
3803 5133 3942 5202 σῆς,

2764 5291 3001 5348 "Exod.
3037 5307 3110 5360 tv,
3140 5290 3234 5344 22.
3357 5289 3400 5319 “
3441 5288 3457 5343 Ι
3502 5285 3632 5357 Reg.
3673 5301 3824 5352 xxw,
3873 5287 3939 5342 7.

1926 5498 2086 5555 ΑΝΤ.
2127 5497 2404 5555 AGELLll
2447 5497 2680 5554 ΝΟΤᾸΞ.

738 5661 844 5733 (ll)
870 5663 1099 5718 Omnino
1130 5659 1410 5731 legendum
1441 5665 1546 5721 est,
1576 5657 1773 5733 ᾴγίοις,
1800 5656 2048 5733 quamvis
2070 5655 2228 5733 codd.

663 5727 994 5806 repugnent.
1031 5735 1113 5794 sic
1160 5727 1390 5798 namque
1438 5728 1723 5798 requirunt
1769 5727 2096 5796 sequentia:
2152 5729 2230 5781 sic

2343 5656 2507 5708 etiam
2546 5653 2746 5705 habent
2781 5650 2988 5706 Hebrazi
3024 5651 3182 5707 codd.
3221 5651 3369 5706 Isaiae
3422 5665 3540 5715 χιιι,
3581 5661 3632 5704 et
3680 5651 3943 5706 nonnulli

2342 5724 2539 5788 Gnaei,
2572 5721 2894 5793 ἡγιασμένοι
2920 5723 3046 5776 είσί.
