4028 6428
133 338 188 389 77
1281 330 1650 387 Αυνιιιιδυδ
1687 328 2087 385 ΝΕδΤΟΒΙυΜ
2128 327 2254 383 UB.
2285 329 2348 384 Il.
3334 331 3403 383 78

131 447 212 497 καὶ
241 446 343 496 οἰικ
373 443 492 495 ἀπὸ
521 445 791 515 στόματος
811 445 1039 516 Κυρίου,
1061 444 1202 497 κατὰ
1231 445 1288 498 τὸ
1322 446 1727 515 γεγραμμένονς

1843 453 1949 508 ιιιο,
1981 461 2086 498 non
2113 443 2179 498 ab
2209 459 2303 497 ore
2331 441 2562 505 Domini,
2593 453 2648 495 nt
2687 441 2946 511 scriptum
2970 450 3052 496 est
3081 441 3120 474 "
3147 441 3168 495 2
3192 460 3208 492 ι
3239 442 3408 497 Nemo

134 558 150 584 ι
172 535 360 597 Οὐδεὶς
383 536 550 602 λέγει
581 538 748 592 ἀνάθε
760 538 1078 608 μαΊησοῦν,
1101 540 1148 590 εί
1174 537 1249 608 μὴ
1273 540 1328 591 ὲν
1350 536 1728 601 Βεελζεϐούλ.»

143 628 218 688 Ὠς
262 626 330 678 ἂν
381 630 570 681 νοοῖτο
603 628 794 698 τυχὸν,
831 630 865 698 ἢ
901 630 1110 698 λέγοιτο
1159 630 1295 698 πρὸς
1340 629 1495 700 ἡμῶν
1541 629 1674 690 Θεὸς
1708 630 1735 680 ὁ

129 721 350 788 Μωσῆς,
391 723 550 774 οὓτω
582 725 683 776 καὶ
711 726 740 776 6
767 724 1035 792 Χριστός;
1067 723 1188 777 καθ’
1222 725 1517 794 ὁμοιότητα
1549 723 1606 776 δὲ
1639 722 1736 794 τὴν

130 813 256 879 πρὸς
279 829 344 876 γε
375 813 476 864 τὸν
513 814 742 884 Ἰσραὴλ
763 815 850 883 εἴη
883 814 950 867 ἂν
979 817 1072 868 καὶ
1092 815 1206 876 υἱός
1229 831 1241 879 ;
1271 815 1389 867 είπέ
1413 830 1525 882 μοι·
1548 814 1610 866 Ὢ
1638 814 1736 880 τῆς

128 905 450 966 δυσσεϐείας
473 922 484 934 ·
535 905 584 958 ὣ
608 906 790 974 λόγων
822 907 1198 977 ἡφειδηκότων
1232 908 1332 977 τῆς
1366 906 1458 958 τοῦ
1485 905 1735 975 Σωτῆρος

127 993 276 1061 ἡμῶν
313 993 775 1064 κατεπαίρεσθαι
819 995 1005 1062 δόξης·
1041 995 1085 1048 ὣ
1112 995 1414 1065 δυσμαθίας
1453 996 1691 1065 ἀκράτου
1717 1032 1733 1057 ,

127 1086 215 1134 καὶ
258 1084 447 1136 πάντα
485 1085 740 1155 νικώσης
776 1086 963 1152 ὄκνον,
997 1087 1090 1139 τὸν
1118 1086 1212 1138 ἐπὶ
1254 1087 1316 1138 τὸ
1357 1085 1554 1156 χρῆναί
1594 1102 1734 1154 φημι

124 1174 228 1225 τῶν
275 1173 385 1241 τῆς
453 1175 802 1245 Ἐκκλησίας
849 1177 1135 1246 δογμάτων
1182 1176 1413 1238 ἀνοσίως
1459 1176 1736 1245 καταθρα-

127 1261 386 1315 σύνεσθαι
412 1265 424 1315 !
456 1263 735 1317 Ψαλλέτω
764 1265 860 1316 καὶ
894 1264 990 1316 νῦν
1017 1267 1044 1317 6
1077 1266 1346 1334 μακάριος
1379 1263 1574 1317 Δαὸίδ·
1615 1283 1634 1316 ι
1674 1265 1737 1317 Oi

126 1355 308 1424 ἐχθροὶ
345 1355 576 1424 Κυρίου
606 1355 910 1423 ἐψεύσαντο
958 1356 1125 1426 αύτῷ.
1163 1375 1181 1407 ι
1216 1355 1413 1428 Μωσῆς
1448 1356 1546 1426 μὲν
1575 1357 1680 1426 γὰρ
1709 1359 1736 1409 6

126 1445 444 1508 θεσπέσιος,
477 1444 780 1516 ἄνθρωπος
827 1441 897 1516 ἦν
928 1449 1050 1500 καθ’
1091 1449 1237 1518 ἡμᾶς
1273 1448 1371 1518 τὴν
1416 1447 1606 1516 φύσιν,
1640 1449 1735 1500 καὶ

123 1537 310 1602 ἕτερον
380 1535 573 1588 οὐδέν.
646 1531 866 1606 Ἐπειδὴ
906 1535 962 1589 δὲ
998 1535 1132 1590 Θεοῦ
1165 1537 1447 1604 λέγοντος·
1487 1556 1505 1587 ι
1542 1535 1731 1606 Δεῦρο,

123 1626 441 1678 ἀποστείλω
489 1642 556 1678 σε
603 1627 742 1697 πρὸς
782 1628 984 1698 Φαραὼ
1017 1628 1243 1697 βασιλέα
1291 1628 1598 1697 Αἰγύπτου,
1640 1631 1735 1683 καὶ

122 1719 340 1783 ἐξάξεις
405 1722 548 1782 τοὺς
605 1722 759 1783 υἱοὺς
829 1720 1043 1790 Ἰσραὴλ
1097 1721 1162 1772 ἐκ
1215 1721 1319 1790 γῆς
1371 1721 1668 1788 Αἰγύπτου·
1710 1737 1727 1769 ι

123 1812 532 1881 παραιτήσεως
593 1811 856 1881 ἀφορμὰς
914 1814 1148 1864 ἐποιεῖτο
1203 1812 1302 1882 τὴν
1374 1811 1730 1881 ίχνομυθίαν,

122 1903 212 1955 καὶ
247 1901 312 1952 τὸ
353 1901 437 1971 μὴ
470 1899 708 1964 εὔλαλος
736 1894 880 1953 εἶναι
900 1941 916 1963 ,
948 1901 1051 1971 πρὸ
1081 1901 1178 1970 τῆς
1205 1899 1353 1969 χθὲς,
1386 1902 1479 1951 καὶ
1501 1900 1608 1968 πρὸ
1634 1902 1734 1968 τῆς

120 1994 357 2060 τοίτης,
411 1993 627 2060 ἧκουσε
681 1992 818 2044 Θεοῦ
866 1991 1141 2060 λέγοντος·
1181 2009 1198 2042 ι
1247 1990 1376 2043 Ἰδοὺ
1426 1989 1632 2044 δέδωκά
1675 2007 1732 2042 σε

121 2085 240 2134 θεὸν
281 2082 535 2150 Φαραώ·
577 2084 671 2134 καὶ
715 2081 926 2153 Ἀαρὼν
963 2083 992 2133 6
1034 2081 1260 2149 ἀδελφός
1313 2097 1407 2134 σου
1456 2080 1608 2133 ἐσται
1651 2097 1733 2132 σοι

121 2173 447 2242 ὑποφήτης.
484 2190 504 2220 ι
559 2171 824 2240 Ἀδρανὴς
867 2171 966 2240 μὲν
1009 2173 1114 2242 γὰρ
1161 2173 1189 2223 6
1221 2173 1382 2241 νόμος
1411 2174 1490 2234 εἰς
1521 2171 1580 2223 τὸ
1627 2172 1734 2224 ἀπο

119 2267 423 2319 ἀλλάττειν
454 2263 726 2318 δύνασθαί
770 2281 894 2317 τινα
939 2263 1039 2332 τῆς
1084 2265 1186 2316 ὑπὸ
1226 2263 1303 2334 τῷ
1343 2263 1572 2333 διαϐόλῳ
1615 2263 1736 2316 δου-

121 2357 289 2418 λείας.
353 2353 776 2418 Μεσιτεύοντος
837 2353 895 2406 δὲ
944 2353 1035 2407 τοῦ
1102 2353 1363 2426 Χριστοῦ,
1425 2356 1519 2406 καὶ
1575 2353 1737 2406 τοῦτο

121 2445 532 2517 κατώρθωται.
570 2446 843 2516 Καθάπερ
885 2445 1076 2515 ἀμέλει
1110 2447 1360 2506 συνόντος
1385 2445 1445 2498 τὸ
1478 2445 1732 2506 τηνικάδε

119 2539 211 2591 τοῦ
254 2535 492 2607 Ἀαρὼν
530 2534 613 2606 τῷ
651 2536 926 2606 θεσπεσίῳ
955 2538 1124 2606 Μωσῇ
1150 2578 1165 2601 ,
1227 2537 1327 2605 τῆς
1372 2537 1431 2589 ἐν
1477 2535 1738 2602 Αἰγύπτῳ

120 2631 378 2692 δουλείας
430 2630 460 2681 6
528 2628 754 2697 Ἰσραὴλ
797 2627 1202 2696 ἀπηλλάττετο·
1251 2626 1438 2696 ἐπειδὴ
1491 2626 1545 2678 δὲ
1596 2624 1737 2678 κατά

122 2723 358 2790 καιροὺς
414 2718 655 2790 ἔμελλεν
685 2721 712 2769 6
742 2717 976 2788 Χριστὸς
1014 2716 1266 2785 γενέσθαι
1299 2718 1392 2769 καὶ
1425 2715 1530 2768 ύπὸ
1553 2715 1736 2784 νόμον,

122 2813 190 2874 ὡς
236 2812 370 2864 καθ’
421 2812 582 2880 ἡμᾶς
634 2827 693 2862 τε
741 2809 836 2862 καὶ
884 2807 1208 2879 ἄνθρωπος,
1241 2807 1479 2861 τέθειταί
1530 2823 1646 2869 πως
1679 2807 1738 2858 ἐν

118 2906 414 2974 δευτέροις
467 2901 574 2955 τοῦ
614 2901 863 2964 Μωσέως
922 2904 950 2954 ὁ
1004 2900 1246 2971 Ἀαρών·
1285 2901 1383 2953 καὶ
1423 2901 1451 2952 6
1504 2898 1605 2966 μὲν
1643 2896 1737 2950 τοῦ

122 2994 448 3065 μυστηρίου
484 2992 674 3058 λόγος,
697 2992 902 3043 ούτοσί.
945 2991 1091 3062 Πλὴν
1121 2993 1169 3043 εἰ
1208 2990 1380 3043 ἕλοιτό
1409 3005 1492 3050 τις
1517 2988 1739 3040 κάκεῖνο

1837 538 1963 590 dicit
2009 537 2291 590 anathema
2334 533 2536 599 Jesum,
2583 535 2686 589 nisi
2733 536 2784 588 in
2827 535 3126 590 Beelzebub
3165 536 3228 588 ".
3275 555 3293 587 ι
3338 533 3409 590 Ut

1838 626 2172 696 intelligitur,
2221 626 2366 680 verbi
2401 627 2569 696 gratia
2594 669 2608 692 ,
2640 634 2734 680 aut
2770 626 2970 680 dicitur
3004 641 3033 680 a
3080 626 3238 681 nobis
3277 627 3408 681 deus

1839 718 1950 786 ipse
1983 716 2178 781 Moses,
2204 717 2281 772 sic
2308 717 2469 771 etiam
2491 717 2780 772 Christus?
2804 716 2908 788 41
2931 718 3098 780 itane,
3143 718 3229 772 dic
3252 718 3407 783 mihi,

1837 806 1904 860 ad
1928 807 2336 861 similitudinem
2355 806 2567 860 lsraelis
2588 815 2670 860 est
2694 807 2857 860 etiam
2884 805 3059 861 lilius?
3077 803 3121 860 Ο
3138 820 3406 860 summam

1839 897 2191 968 impietatem,
2221 913 2256 953 o
2291 899 2452 952 verba
2481 913 2598 965 qua:
2633 912 2734 950 nec
2768 896 2940 966 ipsius
2974 895 3273 952 Salvatoris
3309 914 3409 953 no-

1837 988 1934 1040 stri
1971 987 2193 1057 gloriam
2222 988 2526 1058 deprimere
2556 999 2846 1054 verentur;
2889 1003 2921 1044 ο
2949 988 3267 1044 effrenatam
3309 988 3409 1043 im-

1837 1078 2085 1146 peritiam
2120 1088 2174 1134 et
2205 1088 2428 1144 tantam,
2463 1090 2521 1133 ut
2551 1080 2770 1134 minime
2803 1079 3114 1136 reformidet
3150 1081 3410 1135 adversus

1838 1168 2094 1222 Ecclesiae
2143 1171 2394 1239 dogmata
2450 1169 2614 1238 impie
2673 1178 2727 1224 et
2792 1170 3052 1224 audacter
3104 1169 3406 1241 insurgere.

1837 1258 2038 1313 Psallat
2073 1276 2216 1316 nunc
2251 1277 2466 1331 quoque
2500 1264 2694 1318 beatus
2747 1260 2912 1316 David
2950 1279 2964 1316 :
3003 1280 3020 1312 ι
3052 1260 3261 1316 Inimici
3301 1262 3411 1316 Do-

1837 1351 1969 1404 mini
2000 1351 2209 1406 mentiti
2252 1363 2378 1407 sunt
2408 1353 2456 1406 ei
2483 1352 2546 1405 ¹⁹.
2579 1370 2598 1404 ι
2644 1351 2778 1406 Nam
2815 1352 3002 1407 beatus
3044 1350 3217 1407 Moses
3250 1352 3412 1406 homo

1835 1452 1973 1505 erat,
2011 1458 2076 1497 ex
2124 1454 2311 1498 natura
2343 1445 2536 1500 similis
2585 1445 2760 1508 nobis,
2796 1445 2930 1499 nihil
2957 1455 3246 1513 praeterea.
3275 1444 3412 1510 Quia

1840 1547 1966 1587 vero
1989 1534 2201 1589 dicente
2235 1536 2342 1590 Deo
2371 1553 2385 1589 :
2422 1555 2439 1587 ι
2470 1533 2628 1601 Veni,
2657 1535 2866 1588 mittam
2900 1547 2952 1589 te
2976 1536 3043 1589 ad
3075 1533 3410 1589 Pharaonem

1841 1638 2017 1693 regem
2047 1623 2285 1696 Egypti,
2317 1635 2371 1681 et
2394 1626 2590 1680 educes
2622 1627 2761 1682 filios
2784 1624 2949 1680 Israel
2984 1627 3050 1679 de
3080 1635 3220 1681 terra
3246 1625 3414 1695 Egy-

1838 1718 1912 1783 pti
1943 1717 1988 1747 '°
2015 1731 2027 1767 :
2062 1735 2080 1767 ι
2115 1731 2214 1785 pro
2242 1718 2527 1772 recusandi
2557 1719 2846 1772 occasione
2873 1717 3230 1786 exiguitatem
3265 1717 3417 1770 vocis

1764 1787 1808 1844 Β
1837 1806 2098 1870 obtendit,
2137 1817 2390 1862 causatus
2419 1810 2560 1876 quod
2602 1809 2825 1863 minime
2866 1818 3014 1864 esset
3057 1807 3315 1877 eloquens
3346 1807 3416 1860 ab

1840 1897 1953 1949 heri
1986 1907 2039 1949 et
2068 1900 2261 1952 nudius
2288 1900 2500 1962 tertius,
2527 1899 2645 1954 ideo
2671 1898 2835 1954 Deum
2865 1900 3130 1954 dicentem
3157 1898 3365 1952 audivit
3395 1915 3413 1951 :

1842 2005 1859 2034 ι
1889 1985 2026 2041 Ecce
2068 1989 2187 2042 dedi
2239 1998 2289 2042 te
2333 1990 2492 2044 deum
2539 1988 2856 2055 Pharaonis,
2905 1998 2960 2044 et
3016 1991 3194 2044 Aaron
3248 1989 3416 2043 frater

1839 2088 1960 2131 tuus
1986 2080 2089 2130 erit
2127 2077 2222 2131 tibi
2253 2079 2522 2146 interpres
2550 2080 2615 2132 ".
2649 2098 2668 2131 ι
2709 2079 2928 2134 lnfinna
2964 2094 3196 2149 namque
3228 2087 3310 2134 est
3331 2080 3413 2134 lex

1838 2169 1903 2221 ad
1945 2168 2252 2237 quempiam
2289 2183 2319 2222 a
2366 2168 2567 2224 diaboli
2604 2173 2868 2226 servitute
2900 2170 3258 2226 liberandum.
3306 2171 3414 2226 Sed

1839 2258 1891 2312 id
1925 2259 2474 2328 quoque‘mediatore
2499 2260 2721 2316 Christo
2764 2261 3058 2331 perfectum
3089 2270 3193 2326 est,
3221 2276 3414 2331 quem-

1839 2347 2127 2400 admodum
2157 2347 2362 2401 scilicet
2386 2363 2450 2402 eo
2476 2358 2716 2416 tempore
2740 2350 2792 2402 in
2819 2347 3056 2418 Egypto
3087 2363 3208 2402 cum
3263 2352 3418 2403 beato

1841 2437 1971 2491 Mosi
2007 2437 2119 2507 ipse
2146 2439 2325 2492 Aaron
2363 2439 2555 2493 fuisset
2589 2440 2895 2508 adjunctus,
2935 2440 3093 2494 Israel
3124 2451 3208 2494 est
3238 2455 3266 2493 a
3300 2455 3416 2494 ser-

1841 2530 2009 2582 vitute
2043 2529 2321 2585 liberatus.
2353 2530 2456 2584 Sed
2489 2532 2613 2598 quia
2643 2544 2899 2585 successu
2927 2540 3231 2600 temporum
3267 2530 3415 2585 futu-

1842 2635 1958 2672 rum
1989 2631 2106 2674 erat
2140 2631 2197 2673 ut
2227 2623 2476 2677 Christus
2517 2626 2683 2677 etiam
2719 2624 2819 2678 sub
2862 2623 2980 2694 lege
3022 2624 3195 2682 ﬁeret,
3230 2633 3419 2690 utpote

1843 2712 2011 2766 nostri
2047 2712 2245 2767 similis
2291 2724 2344 2767 et
2378 2717 2560 2780 homo,
2619 2716 2738 2770 ideo
2783 2725 2906 2785 post
2956 2715 3137 2770 Mosen
3181 2716 3418 2770 secundo

1841 2800 1958 2856 loro
1991 2804 2196 2871 positus
2223 2815 2305 2860 est
2329 2807 2530 2860 Aaron.
2561 2806 2734 2876 Atque
2766 2807 2880 2861 hac
2913 2816 2996 2861 est
3031 2806 3245 2875 quidem
3283 2807 3418 2860 ratio

1843 2895 2107 2965 mysterii.
2149 2896 2254 2950 Sed
2298 2908 2476 2951 tamen
2509 2901 2551 2950 si
2594 2900 2714 2966 quis
2744 2899 2877 2953 velit
2919 2899 3048 2952 illud
3091 2914 3308 2969 quoque
3337 2901 3419 2954 di-

1841 2997 1984 3047 cere,
2024 2982 2208 3039 Mosen
2242 2984 2388 3038 illum
2420 3002 2666 3056 magnum
2700 2989 2870 3042 virum
2917 2990 3016 3043 hac
3061 2992 3144 3043 dei
3182 2990 3417 3060 appella-

121 3090 323 3152 εἰπεῖν,
353 3086 441 3147 ὡς
473 3086 550 3153 τῇ
581 3083 680 3134 τοῦ
711 3081 848 3135 Θεοῦ
888 3083 1076 3150 κλήσει
1118 3083 1213 3134 καὶ
1246 3084 1274 3134 6
1327 3081 1502 3150 μέγας
1533 3081 1738 3140 ἐκεῖνος

1846 3074 1992 3128 tionc
2024 3074 2186 3129 fuisse
2222 3077 2566 3142 honoratum,
2589 3077 2742 3147 juxta
2774 3093 3061 3135 commune
3093 3081 3245 3145 illud,
3276 3092 3327 3135 et
3352 3097 3416 3136 ex

121 3181 432 3250 τετίμηται
461 3175 680 3244 Μωσῆς
702 3215 715 3238 ,
758 3174 902 3226 κατά
938 3175 997 3225 τὸ
1032 3174 1206 3226 κοινὸν
1238 3173 1301 3242 δὴ
1328 3172 1504 3233 τοῦτο,
1538 3171 1635 3224 καὶ
1663 3170 1738 3232 ὡς

121 3274 175 3322 ἐν
207 3272 410 3342 χάριτι
442 3269 545 3321 καὶ
583 3266 870 3336 φιλοτιμία
901 3268 966 3336 τῇ
990 3266 1142 3335 παρά
1168 3263 1304 3317 Θεοῦ
1332 3264 1391 3316 τὸ
1419 3263 1554 3334 πρὸς
1590 3263 1739 3330 ἡμᾶς

121 3364 451 3432 εἰρημένον·
490 3379 512 3409 ι
540 3357 688 3425 Ἐγὼ
717 3352 875 3408 εἶπα·
905 3357 1027 3409 Θεοί
1057 3358 1200 3418 ἐστε,
1222 3357 1318 3409 καὶ
1346 3355 1451 3407 υἱοὶ
1484 3353 1740 3422 Ὑψίστου

121 3458 353 3515 πάντες·
398 3471 418 3503 ι
453 3448 577 3520 ἆρα
605 3451 702 3501 καὶ
728 3448 871 3501 οὕτω
896 3449 1025 3509 Θεὸς
1054 3449 1081 3499 6
1102 3448 1372 3516 Χριστός;
1406 3447 1600 3499 Καίτοι
1626 3446 1739 3507 πῶς

121 3545 181 3596 οὐ
223 3543 402 3612 μανία
441 3539 616 3593 τοῦτό
644 3554 732 3605 γε,
770 3539 864 3590 καὶ
887 3538 1082 3605 φρενὸς
1118 3535 1364 3604 ἀμαθοῦς
1405 3535 1742 3604 ἀπόὗρασμα

125 3635 317 3699 κενόη
367 3634 430 3684 '0
468 3630 581 3701 μὲν
612 3629 747 3698 γὰρ,
782 3627 857 3689 ὡς
897 3626 1055 3695 ἔφην,
1105 3624 1233 3695 ψιλῇ
1288 3624 1382 3677 καὶ
1429 3624 1568 3694 μόνῃ
1599 3622 1742 3674 τετί-

127 3743 299 3794 μηται
351 3725 590 3793 κλήσει,
619 3721 723 3790 τὴν
760 3719 921 3788 φύσιν
967 3718 1250 3789 ἅνθρωπος
1281 3716 1389 3769 ὥν·
1441 3720 1468 3769 6
1518 3716 1574 3768 δέ
1625 3717 1744 3768 ἐστὶ

124 3815 258 3877 Θεὸς
303 3814 538 3882 άληθῶς
564 3826 580 3841 ·
620 3810 757 3871 Θεὸς
789 3809 897 3878 γὰρ
926 3803 993 3877 ἦν
1042 3809 1069 3861 6
1115 3809 1283 3875 Λόγος
1335 3809 1392 3859 ἐν
1425 3806 1742 3876 ἀνθρωπεία

129 3911 316 3976 μορφῇ
345 3947 358 3968 ,
407 3907 520 3974 τῆς
578 3902 721 3963 ἰδίας
757 3901 970 3966 φύσεως
1016 3902 1113 3966 τὴν
1147 3902 1288 3952 κατὰ
1321 3899 1542 3950 πάντων
1571 3899 1742 3968 ὑπερ-

125 4001 257 4068 οχὴν
301 3998 699 4063 ἁδιαλώὸῃτον
731 3993 869 4062 ἔχων
892 4009 903 4020 ·
935 3993 1002 4068 0'3.
1027 3992 1136 4061 γὰρ
1168 3992 1232 4044 ἂν
1266 3994 1322 4044 ἐν
1356 3992 1741 4062 παρατροπαϊς

125 4095 246 4151 ταῖς
285 4092 378 4140 ἐπὶ
409 4089 478 4139 τὸ
517 4089 712 4155 χεῖρον
737 4086 770 4153 ὴ
800 4083 917 4134 θεία
965 4083 1174 4150 γένοιτο
1203 4083 1363 4150 φύσις
1388 4121 1403 4146 ,
1437 4081 1526 4134 διά
1554 4097 1616 4148 γε
1647 4080 1740 4133 τοῦ

128 4181 462 4236 καθικέσθαι
500 4177 651 4246 πρὸς
684 4176 967 4228 κοινωνίαν
999 4175 1228 4243 αἵματος
1260 4175 1354 4225 καὶ
1388 4173 1618 4242 σαρκός·
1651 4173 1747 4224 καὶ

126 4275 257 4341 γοῦν
286 4274 362 4335 ὡς
395 4271 542 4332 Θεὸς
572 4266 998 4334 ἐπιγινώσκεται
1030 4265 1122 4319 καὶ
1149 4265 1433 4336 ἄνθρωπος
1454 4264 1705 4333 πείρηνώς
1731 4281 1741 4291 ·

127 4365 220 4415 καὶ
254 4357 688 4435 τούτουβαφὴς
725 4354 997 4419 ἀπόδειξις
1035 4355 1104 4408 τά
1145 4357 1202 4407 ὲν
1241 4358 1348 4417 τοῖς
1396 4354 1746 4421 Εὑαγγελίοις

1843 3165 2016 3232 gratia
2052 3174 2214 3236 atque
2243 3167 2641 3236 magnilicentia
2668 3169 2760 3223 Dei
2781 3171 2831 3224 in
2865 3186 2964 3224 nos
2992 3171 3191 3225 dictum
3225 3191 3238 3226 :
3266 3189 3283 3224 t
3309 3173 3420 3241 Ego

1844 3257 1983 3309 dixi:
2010 3257 2088 3310 Dii
2115 3258 2272 3320 estis,
2299 3269 2353 3311 et
2383 3258 2474 3311 filii
2499 3259 2708 3313 Excelsi
2734 3276 2924 3315 omnes
2946 3263 3024 3314 “z
3054 3281 3071 3313 ι
3101 3278 3226 3315 num
3257 3264 3419 3317 etiam

1847 3347 1946 3400 hoc
1973 3349 2129 3402 modo
2153 3348 2402 3402 Christus
2431 3359 2512 3402 est
2549 3349 2726 3405 Deus?
2754 3351 2872 3406 Jam
2904 3367 3030 3406 vero
3059 3354 3328 3421 quomodo
3367 3354 3420 3407 id

1847 3452 1950 3492 non
1981 3439 2050 3491 sit
2093 3439 2322 3502 insania,
2359 3451 2411 3494 et
2449 3441 2608 3495 inane
2653 3441 2830 3496 stulta:
2872 3444 3068 3497 mentis
3097 3457 3420 3497 excremen-

1847 3530 1997 3582 tum?
2038 3529 2127 3583 Ille
2168 3532 2337 3590 enim,
2372 3542 2424 3583 ut
2465 3533 2575 3600 jam
2611 3533 2740 3596 dixi,
2781 3537 2917 3586 nuda
2953 3543 3006 3587 et
3055 3534 3288 3602 simplici
3339 3544 3424 3589 est

1848 3619 2160 3672 honestatus
2187 3620 2565 3688 appellatione,
2587 3637 2708 3674 cum
2736 3621 2896 3676 homo
2919 3637 2983 3674 ex
3018 3632 3209 3674 natura
3239 3633 3419 3689 esset;

1847 3711 1939 3764 sed
1974 3710 2062 3764 hic
2095 3722 2178 3765 est
2208 3727 2332 3765 vere
2363 3711 2504 3767 Deus
2537 3714 2695 3782 (nam
2737 3713 2878 3775 Deus
2913 3724 3029 3768 erat
3060 3714 3332 3786 Verbum)
3369 3717 3421 3770 in

1849 3803 2077 3855 humana
2107 3802 2280 3856 forma
2311 3806 2675 3872 praestantiam
2707 3820 2818 3859 sua:
2855 3817 3058 3860 natura:
3080 3822 3181 3875 qua
3211 3807 3424 3861 cunctis

1846 3893 2082 3957 excellit,
2119 3894 2378 3962 integram
2410 3909 2636 3949 servans
2666 3915 2679 3951 :
2719 3911 2890 3966 neque
2926 3897 3070 3950 enim
3109 3908 3301 3949 natura
3334 3898 3412 3949 di-

1850 3981 1971 4033 vina
2007 3997 2071 4034 ex
2105 3997 2169 4035 eo
2198 3985 2340 4050 quod
2367 3983 2648 4038 descendit
2673 3987 2738 4039 ad
2769 3987 3203 4040 communionem
3236 3988 3419 4042 carnis

1847 4082 1900 4126 et
1947 4074 2242 4142 sanguinis,
2303 4074 2353 4128 in
2407 4077 2559 4144 pejus
2617 4090 2852 4144 unquam
2899 4079 3130 4145 perverti
3184 4089 3358 4147 potest
3405 4097 3418 4133 :

1849 4165 2030 4232 itaque
2079 4166 2237 4219 etiam
2285 4181 2406 4219 cum
2460 4168 2618 4220 homo
2650 4166 2917 4234 apparuit,
2959 4177 3015 4221 ut
3057 4166 3196 4222 Deus
3242 4178 3419 4222 tamen

1851 4248 2182 4322 agnoscitur,
2205 4255 2425 4324 ejusque
2459 4258 2532 4311 rei
2565 4258 2842 4326 perspicua
2873 4269 2999 4312 sunt
3029 4273 3342 4327 argumenta
3369 4261 3421 4313 in

1851 4346 2154 4418 Evangeliis
2175 4349 2239 4401 de
2262 4363 2326 4401 eo
2352 4348 2572 4415 scripta.
2608 4346 2752 4402 Dixit
2775 4350 2916 4402 enim
2943 4349 3128 4403 beatus
3149 4347 3381 4403 Joannes
3407 4366 3421 4401 :

117 4441 260 4528 ’περὶ
315 4454 494 4509 αὑτοῦ
556 4451 948 4520 γεγραμμένα,
1017 4449 1162 4518 Ἔφη
1219 4447 1325 4518 γὰρ
1380 4448 1408 4499 6
1461 4446 1738 4508 θεσπέσιος

1859 4437 2033 4492 «Cum
2072 4455 2201 4493 vero
2236 4450 2380 4493 esset
2429 4438 2816 4510 Hierosolymis
2854 4442 2904 4493 in
2943 4441 3029 4494 die
3068 4440 3226 4504 festo,
3271 4441 3422 4494 multi

141 4551 440 4616 Ἰωάννης·
490 4563 510 4594 ι
568 4544 659 4604 Ὠς
702 4542 759 4594 δὲ
802 4538 868 4611 ἦν
901 4543 958 4593 ἐν
987 4544 1099 4603 τοῖς
1160 4539 1546 4610 Ἰεροσολύμοις
1577 4540 1635 4590 ἐν
1677 4540 1742 4606 τῇ

128 4645 318 4710 ἑορτῇ,
357 4637 564 4690 πολλοὶ
604 4634 933 4688 ἐπίστευσαν
979 4633 1060 4694 είς
1087 4633 1146 4684 τὸ
1179 4631 1347 4700 ὄνομα
1383 4628 1568 4693 αὐτοῦ,
1613 4628 1746 4678 θεω-

131 4733 360 4799 ,ωὖντες
395 4726 578 4783 αὑτοῦ
613 4725 683 4778 τὰ
721 4724 920 4792 σημεῖα
951 4721 986 4775 ἂ
1030 4721 1220 4774 ἐποίει.
1254 4721 1424 4782 Αὐτὸς
1462 4718 1518 4771 δὲ
1563 4719 1591 4769 6
1644 4718 1748 4786 Ἰη-

131 4826 280 4888 σοῦς,
336 4827 445 4875 clx
500 4819 796 4871 ἐπίστευεν
835 4815 1027 4868 ἑαυτὸν
1078 4815 1298 4878 αὐτοῖς,
1350 4813 1438 4866 διὰ
1478 4812 1536 4864 τὸ
1587 4811 1748 4864 αὑτὸν

129 4919 436 4984 γινώσκειν
483 4914 704 4967 πάντα”
763 4911 853 4963 καὶ
889 4911 968 4962 ὃτι
1007 4909 1066 4960 οὐ
1117 4907 1302 4978 χρείαν
1335 4902 1497 4975 εἶχεν,
1550 4905 1635 4957 ἵνα
1666 4922 1747 4966 τις

134 5011 480 5079 μαρτυρήσῃ
520 5006 656 5075 περὶ
682 5004 776 5056 τοῦ
805 5003 1092 5074 ἀνθρώπου
1117 5019 1128 5030 ·
1159 5002 1318 5063 αὐτὸς
1346 5001 1453 5070 γὰρ
1484 5000 1746 5067 ἐγίνωσκε

129 5103 177 5152 τί
311 5103 373 5152 ἐν
407 5097 491 5167 τῷ
533 5093 833 5163 ἀνθρώπῳ.
871 5112 888 5143 ι
915 5090 1101 5144 Καίτοι
1129 5091 1189 5142 τὸ
1225 5088 1461 5158 καθορᾷν
1490 5086 1745 5139 δύνασθαι

133 5194 365 5263 καρῦἷαν
418 5187 649 5260 ἀνδρὸς,
683 5185 882 5238 εἰδέναι
918 5201 974 5236 τε
1024 5183 1093 5234 τὰ
1138 5181 1512 5252 κεκρυμμένα,
1555 5179 1748 5250 πρέποι

132 5286 193 5336 ἂν
225 5286 336 5337 οὐκ
368 5280 659 5351 ἀνθρώπῳ
695 5278 860 5329 ποθὲν
894 5275 1002 5328 τῶν
1022 5273 1140 5327 καθ’
1176 5275 1317 5342 ἡμᾶς
1341 5272 1420 5325 ἐνί
1443 5287 1455 5300 ·
1492 5271 1605 5323 ἀλλ’
1638 5269 1746 5322 οὐδ’

135 5379 194 5427 ἂν
259 5375 447 5444 ἐτέρῳ
487 5388 578 5440 τῳ
614 5368 724 5421 τῶν
788 5365 1203 5434 πεποιημένων·
1262 5364 1406 5432 μόνῳ
1454 5361 1505 5413 δὲ
1550 5361 1748 5429 μᾶλλον

134 5471 352 5535 ἐκείνῳ,
393 5465 454 5527 ὃς
505 5460 605 5514 καὶ
650 5458 852 5512 πλάσαι
877 5457 1088 5523 λέγεται
1120 5454 1427 5516 καταμόνας
1470 5453 1562 5514 τὰς
1611 5468 1744 5517 καρ-

201 5663 248 5696 n
269 5669 489 5722 “rem.
527 5671 688 5716 xxttt,
727 5653 810 5707 16.
889 5649 1126 5722 f‘lCor.
1164 5664 1258 5722 aut,

141 5717 331 5796 Lxxxvt,
372 5730 427 5784 6.
513 5728 560 5758 ’³
588 5726 745 5779 Joan.
788 5741 848 5787 ιι,
883 5721 1072 5774 ἓῦ-Ξὸ.
1150 5722 1193 5749 ἰ
1225 5718 1365 5771 Psal.
1413 5733 1578 5782 amt,
1622 5717 1704 5767 15.

1446 5649 1487 5677 ⁸³
1526 5645 1661 5698 Psal.
1700 5661 1857 5706 tam,
1891 5641 1970 5695 16.

1851 4532 2197 4584 crediderunt
2246 4531 2297 4584 in
2348 4531 2564 4584 nomine
2611 4533 2748 4600 ejus,
2808 4533 3053 4587 videntes
3097 4535 3249 4600 signa
3300 4547 3421 4601 qua:

1852 4623 2083 4677 faciebat
2110 4640 2123 4688 ;
2154 4623 2268 4691 ipse
2291 4638 2416 4676 vero
2446 4620 2600 4675 Jesns
2628 4638 2731 4675 non
2756 4624 3008 4676 credebat
3030 4624 3266 4690 seipsum
3291 4625 3420 4689 illis,

1852 4715 1976 4783 quia
2013 4714 2125 4782 ipse
2155 4713 2358 4767 sciebat
2390 4714 2591 4774 omnia,
2627 4722 2676 4764 et
2722 4714 2843 4778 quia
2882 4727 2984 4766 non
3029 4727 3162 4779 opus
3194 4712 3426 4768 habebat

1855 4818 1909 4860 ut
1941 4807 2062 4874 quis
2109 4806 2476 4859 testimoiiium
2526 4804 2834 4873 perhiberet
2875 4805 2940 4859 de
2989 4806 3205 4860 homine
3252 4825 3263 4859 :
3311 4808 3424 4874 ipse

1853 4901 1998 4952 enim
2027 4897 2231 4951 sciebat
2277 4897 2402 4964 quid
2437 4905 2579 4949 esset
2609 4896 2660 4948 in
2693 4895 2908 4949 homine
2947 4897 3010 4949 ³³.
3052 4916 3070 4946 ›
3107 4896 3215 4966 42
3260 4898 3423 4966 Atqui

1857 4993 2125 5058 inspicere
2167 5003 2324 5057 posse
2359 5003 2454 5040 cor
2495 4988 2750 5053 hominis,
2787 4999 2840 5042 et
2867 4988 3078 5042 occulta
3110 4991 3273 5055 scire,
3318 5006 3425 5046 non

1857 5085 1949 5136 ulli
1991 5082 2192 5136 homini
2227 5082 2314 5149 qui
2356 5082 2423 5134 sit
2473 5083 2641 5134 nostri
2698 5081 2887 5134 similis
2933 5082 3202 5144 convenit,
3255 5098 3428 5149 neque

1857 5189 1985 5227 vero
2021 5173 2108 5225 ulli
2136 5173 2288 5224 alteri
2321 5185 2604 5234 creatura,
2636 5173 2729 5222 sed
2765 5171 2835 5223 illi
2869 5171 2966 5225 soli
3005 5172 3093 5237 qui
3123 5173 3284 5224 etiam
3319 5173 3422 5225 fin.

1856 5280 1981 5335 gere
2012 5265 2207 5316 dicitur
2242 5263 2550 5331 singillatim
2601 5263 2762 5314 corda
2796 5274 2979 5315 nostra
3003 5263 3066 5314 “.
3110 5263 3217 5317 Hoc
3268 5264 3310 5318 si
3355 5265 3424 5319 ita

1855 5364 1957 5418 est,
1991 5367 2225 5420 quonam
2259 5353 2415 5404 modo
2445 5351 2554 5403 sola
2589 5365 2652 5404 ac
2682 5350 2910 5420 simplici
2941 5352 3297 5421 appellatione
3325 5354 3424 5407 ho-

1858 5454 2077 5496 noratus
2102 5455 2179 5496 est
2213 5442 2546 5503 Ennnanuel,
2586 5452 2641 5493 ut
2677 5443 2897 5511 perinde
2934 5457 2998 5496 ac
3031 5442 3200 5497 Muses
3243 5443 3398 5512 appel

2053 5640 2096 5671 ’°
2131 5640 2294 5693 Exod.
2335 5656 2414 5700 tn,
2457 5641 2535 5692 l0.
2630 5641 2670 5669 "
2709 5640 2871 5694 Exod.
2922 5657 3020 5705 vn,
3063 5645 3109 5696 i.
3199 5645 3242 5674 “
3276 5643 3419 5702 Psai.
