4028 6426
624 320 684 374 79
1623 315 1678 368 S.
1724 314 1997 370 CYRILLI
2035 314 2510 370 ALEXANDRINI
2549 314 2869 373 ARCHIEP.
3841 326 3906 376 8t)

625 435 764 490 letur
799 435 960 499 Deus,
988 442 1042 490 et
1077 448 1182 490 non
1217 435 1396 504 potius
1443 435 1494 490 id
1525 449 1654 490 vere
1696 436 1768 490 sit
1805 437 1948 505 quod
1978 450 2100 491 esse
2127 436 2204 489 (Ιί-

2310 435 2426 499 δίας
2457 436 2634 506 ἡμῶν.
2674 432 2805 490 Εἶτα
2834 435 2951 499 πῶς
2975 436 3106 507 ψιλῇ
3141 437 3235 490 καὶ
3265 437 3404 510 μόνῃ
3441 438 3732 510 τετίμηται
3771 440 3904 509 κΑή·

624 527 799 583 citur?
831 525 1061 580 Rursum
1093 527 1158 582 de
1181 541 1246 580 eo
1275 525 1467 581 scribit
1495 526 1548 579 in
1588 527 1731 580 hunc
1768 528 1983 580 modum
2031 525 2199 582 Joan-

625 633 721 673 nes
747 635 763 672 :
793 637 812 670 ι
844 616 1014 683 Quem
1043 617 1191 672 enim
1238 619 1388 672 misit
1423 617 1583 683 Deus,
1615 619 1778 672 verba
1809 617 1900 672 Dei
1947 619 2207 688 loquitur,

622 719 678 764 et
701 724 806 764 non
831 711 896 762 ad
930 722 1235 763 mensuram
1263 710 1355 763 dat
1383 708 1645 778 Spiritum
1675 709 1742 763 ".
1775 728 1793 761 ι
1821 709 2081 780 lntelligis
2111 711 2213 780 igi-

625 810 714 855 tur
758 800 1211 870 quemadmodum
1263 801 1428 856 verba
1484 801 1577 856 Dei
1627 801 1906 870 loquatur,
1960 803 2212 871 quamvis

625 894 786 948 homo
815 894 1040 962 perinde
1076 908 1139 948 ac
1181 908 1279 946 nos
1316 893 1600 947 videatur?
1637 908 1758 946 nam
1792 893 1892 947 soli
1919 904 1977 948 et
2017 909 2211 949 secun-

624 986 750 1039 dum
778 995 1028 1040 naturam
1064 1000 1128 1040 ac
1164 999 1290 1038 vere
1322 985 1432 1038 Deo
1462 992 1720 1054 tanquam
1758 984 2014 1039 eximium
2049 1000 2208 1053 supra

622 1073 804 1128 omnia
841 1086 1022 1128 creata
1055 1075 1313 1127 convenit
1344 1074 1506 1128 etiam
1542 1073 1700 1126 verba
1747 1087 1904 1142 posse
1945 1075 2210 1143 perﬁcere

623 1167 766 1237 quod
787 1166 835 1221 ei
869 1166 1151 1235 placuerit,
1183 1176 1238 1220 et
1271 1166 1442 1220 sancti
1479 1163 1712 1235 Spiritus
1757 1166 2052 1235 participes
2091 1164 2208 1220 είῐί-

623 1271 750 1312 cere
799 1257 1048 1312 homines
1103 1257 1204 1310 ﬁde
1251 1256 1600 1325 justiﬁcatos.
1637 1253 1807 1309 Porro
1863 1255 1977 1309 haec
2026 1255 2207 1309 omnia

624 1354 805 1408 inesse
829 1352 1053 1408 Christo
1081 1352 1310 1421 quisque
1337 1350 1521 1404 videre
1562 1359 1737 1419 pOtest
1768 1367 1781 1404 :
1817 1349 2034 1418 Ieproso
2059 1363 2210 1401 nam-

623 1457 728 1512 que
761 1443 913 1507 dixlt,
942 1461 962 1492 ι
993 1441 1150 1504 Volo,
1180 1441 1442 1494 mundare
1463 1440 1542 1504 '°;
1574 1457 1595 1492 ι
1623 1439 1799 1494 viduae
1831 1452 2044 1510 quoque
2075 1439 2208 1503 ﬁlio,

629 1553 645 1584 ι
680 1533 1032 1597 Adolescens,
1065 1532 1158 1586 tibi
1191 1532 1333 1595 dico,
1363 1545 1524 1600 surge
1544 1529 1612 1583 ’⁷.
1645 1548 1664 1580 ι
1713 1530 2013 1600 Participes
2043 1529 2209 1583 etiam

623 1625 797 1679 sancti
846 1623 1080 1693 Spiritus
1134 1622 1426 1692 discipulos
1484 1636 1613 1676 suos
1657 1620 1872 1689 eii‘eeit;
1922 1619 2214 1676 insuﬂlavit

620 1717 766 1772 enim
791 1717 842 1769 in
867 1699 960 1769 eos
986 1715 1174 1769 dicens
1201 1731 1212 1767 :
1244 1730 1263 1784 ι
1290 1714 1532 1783 Accipite
1553 1712 1814 1782 Spiritum
1833 1721 2079 1767 sanctum
2103 1712 2204 1766 η.»

2318 544 2400 579 σει
2444 527 2584 580 κατὰ
2630 528 2832 580 Μωσέα
2878 527 3231 599 χρηματίζων
3264 528 3396 592 Θεὸς
3433 529 3462 582 6
3521 530 3904 601 Ἐμμανουήλ·

2315 619 2408 670 καὶ
2435 618 2557 688 οὐχὶ
2591 619 2655 689 δὴ
2708 619 2904 688 μᾶλλον
2941 619 3202 691 ὑπάρχων
3233 620 3391 674 τοῦτο
3433 621 3577 674 κατὰ
3624 621 3906 693 ἀλήθειαν,

2311 708 2449 777 ὅπερ
2477 705 2615 762 εἶναι
2649 709 2743 762 καὶ
2773 708 3018 777 λέγεται;
3049 710 3255 780 Γράφει
3285 709 3433 763 οὕτω
3468 711 3631 763 πάλιν
3659 713 3687 763 6
3722 710 3907 764 Ἰωάν-

2313 817 2410 869 νης
2455 800 2584 870 περὶ
2619 799 2813 853 αὐτοῦ·
2851 818 2870 851 ι
2915 802 3012 853 Ὃν
3057 801 3165 870 γὰρ
3209 801 3530 854 ἀπέστειλεν
3559 803 3588 854 6
3650 803 3804 863 Θεὸς,
3839 804 3907 852 τὰ

2316 891 2538 961 ῥήματα
2565 889 2661 944 τοῦ
2691 889 2826 944 Θεοῦ
2873 891 3056 945 λαλεῖ·
3095 893 3192 945 καὶ
3234 892 3334 945 οὐκ
3377 894 3441 946 ἐκ
3478 893 3677 963 μέτρου
3723 893 3907 945 δίδωσι

2312 983 2373 1034 τὸ
2414 981 2660 1052 Πνεῦμα.
2701 1002 2719 1034 ι
2758 985 2969 1047 Συνιεὶς
3016 983 3125 1055 [ιον.
3175 985 3396 1050 συνίεις,
3443 985 3502 1054 ἢ,
3557 985 3767 1058 συνίης]
3815 982 3908 1038 οῦν

2313 1074 2480 1140 ὅπως,
2514 1074 2690 1128 καίτοι
2728 1075 2850 1128 καθ’
2877 1077 3027 1145 ἡμᾶς
3059 1074 3334 1146 ὁρώμενος
3361 1076 3668 1147 ἄνθρωπος,
3716 1077 3784 1130 τὰ
3811 1078 3910 1146 ῥή-

2318 1180 2463 1232 ματα
2490 1163 2584 1216 τοῦ
2607 1163 2742 1218 Θεοῦ
2771 1165 2955 1231 λαλεῖς
2986 1165 3107 1236 Θεῷ
3135 1166 3244 1236 γάρ
3280 1166 3429 1236 μόνῳ
3469 1167 3546 1236 τῷ
3576 1166 3713 1220 κατὰ
3745 1166 3910 1232 φύσιν

2317 1254 2412 1305 καὶ
2449 1253 2687 1322 άληθῶς,
2718 1255 2919 1324 πρέποι
2961 1255 3028 1309 ἂν
3070 1256 3145 1320 ὡς
3195 1255 3470 1326 ἐξαίρετον
3507 1257 3601 1310 καὶ
3635 1258 3775 1328 ὑπὲρ
3808 1258 3910 1327 τὴν

2316 1343 2516 1407 κτίσιν,
2556 1344 2616 1397 τὸ
2662 1346 2756 1397 καὶ
2803 1346 3006 1415 ῥήματι
3035 1346 3295 1400 δύνασθαι
3329 1348 3626 1418 κατορθοῦν
3655 1348 3718 1401 τὸ
3764 1350 3909 1403 κατὰ

2316 1435 2541 1505 γνώμην
2591 1435 2760 1504 αὐτῷ,
2812 1437 2906 1488 καὶ
2957 1437 3216 1506 μετόχους
3267 1437 3548 1491 ἀποτελεῖν
3598 1439 3692 1492 τοῦ
3748 1441 3909 1508 ἁγίου

2316 1523 2656 1593 Πνεύματος,
2710 1524 2837 1587 τοὺς
2872 1525 2930 1577 ὲν
2965 1525 3150 1578 πίστει
3195 1526 3652 1596 δεδικαιομένους.
3701 1531 3834 1582 ’Ὶδοι
3865 1529 3910 1580 δ’

2315 1614 2380 1669 ἄν
2406 1634 2490 1680 τις
2532 1617 2590 1670 ἐν
2617 1616 2827 1679 τούτοις
2871 1616 3001 1670 ὄντα
3048 1618 3305 1688 Χριστόν.
3353 1619 3495 1688 Ἔφη
3548 1619 3646 1686 μὲν
3675 1619 3785 1690 γὰρ
3832 1619 3914 1691 τῷ

2314 1705 2530 1777 λεπρῷο
2551 1725 2570 1758 ι
2597 1706 2769 1770 Θέλω,
2784 1707 3146 1778 καθαρίσθητι
3167 1725 3180 1738 '
3217 1728 3236 1759 ›
3257 1708 3336 1780 τῷ
3359 1709 3416 1761 δὲ
3443 1710 3539 1781 τῆς
3557 1713 3743 1784 χήρας
3771 1714 3877 1784 υίῷ
3895 1729 3910 1745 ·

625 1807 748 1861 “me
775 1820 896 1861 cum
937 1807 1006 1860 ita
1039 1806 1170 1872 sint,
1206 1805 1477 1875 quomodo
1521 1804 1612 1859 ille
1650 1805 1744 1874 qui
1792 1811 1902 1858 tam
1959 1804 2204 1859 sublimis

2319 1816 2337 1849 ι
2384 1799 2676 1865 Νεανίσκε,
2710 1800 2794 1852 σοὶ
2823 1799 2986 1868 λέγω,
3024 1800 3302 1872 ἐγέρθητι.
3354 1818 3373 1852 ›
3403 1802 3680 1873 Μετόχους
3718 1806 3774 1857 δὲ
3811 1805 3911 1860 τοῦ

620 1907 728 1963 est,
754 1898 844 1966 qui
871 1897 1069 1950 divinis
1098 1896 1392 1950 honoribus
1412 1905 1656 1960 ornatus,
1683 1895 1910 1964 perinde
1939 1909 2004 1950 ac
2027 1894 2206 1949 Moses

622 1990 765 2044 Deus
797 1988 938 2044 erit?
964 1987 1128 2055 Cujus
1155 1986 1301 2041 enim
1330 1985 1434 2040 iste
1473 1999 1567 2039 cor
1604 1985 1796 2038 novit?
1824 1984 1946 2054 quis
1978 1985 2208 2040 credidit

620 2083 675 2136 in
707 2081 926 2135 nomine
953 2079 1113 2149 ejus?
1139 2092 1298 2148 quem
1340 2091 1437 2145 per
1472 2076 1630 2131 ﬁdem
1660 2077 1713 2130 in
1759 2091 1819 2131 se
1842 2076 2206 2146 justiticavit?

620 2167 840 2221 ubinam
878 2167 1093 2220 locutus
1129 2175 1233 2231 est,
1265 2173 1322 2219 ut
1355 2163 1548 2230 Filius,
1582 2165 1748 2219 verba
1782 2163 1921 2220 Dei?
1955 2166 2204 2235 quamvis

620 2258 964 2326 pmpicuum
995 2256 1065 2310 sit
1093 2256 1268 2326 ipsum
1302 2255 1367 2309 ad
1398 2254 1538 2310 ﬁlios
1564 2253 1732 2310 lsrael
1761 2256 2052 2322 clamasse,
2080 2256 2205 2312 Haec

620 2347 753 2403 dicit
791 2347 1087 2412 Dominus;
1115 2354 1171 2402 et
1209 2346 1492 2401 domestici
1534 2346 1768 2402 hominis
1807 2361 2115 2401 mensuram
2152 2357 2206 2402 et

619 2438 845 2507 gradum
885 2435 1174 2501 habuisse;
1208 2435 1310 2489 fuit
1343 2434 1490 2489 enim
1528 2436 1645 2505 ipse
1677 2445 1935 2505 tanquam
1970 2436 2205 2490 famulus

621 2531 674 2583 in
695 2532 854 2584 domo
875 2529 967 2582 Dei
991 2526 1190 2581 ".Jam
1221 2527 1266 2582 si
1297 2541 1362 2582 eo
1384 2529 1543 2582 modo
1567 2527 1733 2583 Filius
1749 2538 1834 2583 est
1864 2527 2203 2597 Emmanuel,

621 2636 727 2689 quo
764 2628 820 2675 et
860 2619 948 2674 ille
978 2619 1274 2675 secundum
1305 2633 1526 2674 carnem
1578 2619 1768 2684 Israel,
1817 2619 1873 2674 in
1921 2633 2202 2674 servorum

620 2711 866 2768 ordinem
899 2709 1154 2781 redegisti
1187 2709 1337 2764 illum
1362 2725 1426 2765 ex
1456 2719 1650 2764 natura
1677 2711 1929 2778 liberum,
1956 2713 2206 2782 quamvis

619 2809 840 2870 propter
866 2813 1088 2855 carnem
1133 2808 1190 2854 et
1231 2800 1594 2869 proprietates
1635 2802 1819 2856 carnis
1847 2802 1991 2856 servi
2029 2801 2202 2857 forma

619 2890 692 2946 sit
747 2890 922 2945 factus
962 2905 977 2944 :
1013 2890 1066 2945 in
1112 2891 1300 2944 eadem
1354 2905 1607 2947 mensura
1662 2892 1969 2962 eodemque
2015 2895 2205 2951 ordine

619 2981 893 3039 collocasti
932 2997 1056 3037 cum
1100 2982 1187 3038 his
1233 2983 1325 3052 qui
1361 2992 1488 3037 sunt
1520 2997 1616 3052 per
1654 2984 1888 3053 gratiam
1923 2986 2038 3050 ﬁlii,
2079 3001 2201 3040 eum

617 3089 716 3144 per
756 3088 918 3144 quem
960 3073 1038 3128 illi
1078 3074 1385 3142 adoptionis
1413 3075 1586 3144 gratia
1618 3084 1748 3130 sunt
1795 3076 1973 3130 ditati.
2006 3075 2202 3132 Factus

2314 1886 2470 1954 ἁγίου
2510 1887 2826 1958 Πνεύματος
2863 1890 2989 1952 τοὺς
3036 1889 3200 1952 ἰδίους
3246 1890 3472 1961 ἐνέφηνε
3503 1891 3614 1963 [τσ.
3643 1894 3910 1967 ἀνέφηνε]

2317 1981 2566 2051 μαθητάς
2591 1998 2604 2013 ’
2653 1980 2952 2051 ἐνεφύσησε
2995 1981 3104 2052 γὰρ
3128 1981 3346 2048 αὐτοῖς,
3392 1982 3595 2050 λέγων·
3634 2002 3654 2035 ι
3696 1986 3910 2040 Λάϐετε

2313 2073 2537 2143 Πνεῦμα
2582 2073 2756 2141 ἆγιον.
2794 2091 2813 2124 ι
2848 2069 2982 2127 Εἶτα
3019 2074 3142 2127 τίνα
3171 2075 3376 2146 τρόπον
3417 2077 3447 2129 6
3490 2078 3572 2140 είς
3599 2073 3758 2132 τοῦτο
3794 2079 3908 2133 διε-

2312 2163 2583 2232 ληλακὼς,
2623 2166 2718 2217 καὶ
2748 2164 3114 2234 θεοπρεπέσιν
3145 2167 3418 2231 εὐκλείαις
3441 2173 3907 2241 κατεστεμμένος,

2311 2255 2454 2310 οὕτω
2481 2256 2613 2319 Θεὸς
2637 2256 2704 2310 ἂν
2730 2255 2838 2329 εἴη,
2863 2257 3117 2329 καθάπερ
3142 2258 3335 2328 ἀμέλει
3366 2263 3460 2313 καὶ
3479 2263 3508 2314 6
3538 2263 3777 2332 Μωσῆς;
3807 2265 3910 2334 τὴν

2315 2345 2423 2418 [Ian
2445 2345 2503 2410 ὃς
2519 2346 2640 2419 τὴν]
2659 2348 2803 2410 τίνος
2818 2346 2961 2415 ἐγνω
2983 2347 3210 2419 καρδίαν
3230 2367 3243 2415 ;
3260 2349 3344 2412 τίς
3361 2351 3726 2405 πεπίστευκεν
3746 2355 3828 2417 εἰς
3848 2354 3912 2406 τὸ

2311 2438 2481 2508 δνομα
2507 2439 2671 2492 αὐτοῦ
2690 2456 2702 2505 ;
2723 2439 2844 2492 τίνα
2865 2439 3179 2493 δεδικαίωκε
3212 2441 3298 2494 διὰ
3321 2443 3418 2512 τῆς
3441 2443 3676 2508 πίστεως
3696 2446 3796 2515 τῆς
3825 2448 3909 2510 είς

2311 2530 2538 2595 ἐαυτόν;
2589 2529 2693 2583 ποῦ
2744 2529 3064 2600 λελάληκεν,
3094 2531 3167 2594 ὡς
3210 2531 3360 2596 Υἱὸς,
3390 2532 3485 2584 τοῦ
3529 2533 3663 2586 Θεοῦ
3695 2535 3764 2586 τὰ
3802 2539 3907 2607 ῥή-

2315 2640 2490 2692 ματα;
2527 2623 2705 2675 καίτοι
2748 2639 2811 2688 γε
2854 2622 3141 2691 κεκραγὼς
3170 2624 3361 2693 ὁρᾶται
3417 2627 3527 2688 τοῖς
3560 2625 3618 2691 ἐξ
3660 2628 3905 2696 Ἰσραὴλ,

2311 2715 2450 2769 Τάδε
2479 2715 2628 2782 λέγει
2676 2714 2898 2784 Κύριοςο
2930 2715 3024 2767 καὶ
3079 2716 3277 2785 μέτρον
3310 2715 3448 2785 ἔχων
3475 2718 3775 2770 οἰκετικόν·
3818 2721 3907 2788 γέ.

2310 2821 2434 2874 γονε
2473 2806 2582 2875 γὰρ
2613 2804 2803 2867 πιστὸς
2829 2806 2905 2868 ὡς
2944 2805 3200 2876 θεράπων
3232 2807 3289 2859 ἐν
3325 2807 3404 2877 τῷ
3439 2807 3573 2878 οἴκῳ
3609 2809 3703 2861 τοῦ
3737 2810 3901 2867 Θεοῦ.

2310 2894 2373 2947 Ei
2400 2894 2455 2947 δὲ
2487 2894 2549 2964 δὴ
2584 2895 2678 2947 καὶ
2711 2894 2880 2958 οὕτως
2913 2895 3041 2957 Υίὸς
3079 2896 3108 2947 6
3149 2895 3516 2966 Ἐμμανουὴλ,
3556 2897 3700 2950 καθὰ
3744 2900 3845 2954 καὶ
3875 2902 3905 2953 6

2310 2985 2450 3038 κατὰ
2496 2987 2676 3056 σάρκα
2717 2984 2955 3054 γεγονὼς
3003 2985 3240 3057 Ἰσραὴλ,
3275 2987 3646 3057 κατεκόμισας
3684 2990 3744 3042 ἐν
3778 2989 3904 3043 606-

2309 3074 2420 3137 λοις
2473 3075 2561 3127 τὸν
2606 3075 2749 3128 κατὰ
2781 3075 2941 3142 φύσιν
2975 3075 3110 3129 ίδίαν
3144 3075 3445 3146 ἐλεύθερον,
3484 3078 3587 3131 κᾶν
3616 3080 3665 3130 εί
3707 3079 3904 3148 γέγονε

622 3173 708 3219 est
755 3164 900 3219 enim
934 3162 1334 3234 Primogeaitus
1361 3174 1602 3218 nostrum
1631 3175 1853 3234 prepter
1899 3166 2204 3221 humanita-

2310 3165 2494 3218 δούλου
2525 3165 2726 3236 μορφὴ,
2770 3166 2858 3220 διά
2895 3183 2977 3218 τοι
3002 3165 3100 3238 τὴν
3147 3166 3324 3237 σάρκα
3372 3168 3468 3221 καὶ
3501 3168 3572 3222 τὰ
3601 3170 3807 3240 αὐτῆς
3843 3173 3904 3223 ἐν

622 3265 764 3320 tem;
784 3254 876 3309 sed
896 3254 1058 3309 etiam
1083 3255 1164 3309 sic.
1187 3269 1292 3322 qua
1326 3255 1538 3308 ratione
1575 3253 1717 3309 Deus
1742 3265 1877 3320 erat,
1905 3257 2206 3326 permansit

619 3350 950 3418 unigenitus.
989 3347 1100 3404 Hac
1139 3350 1372 3412 ratione,
1418 3358 1476 3401 ut
1511 3348 1587 3400 ait
1633 3348 1822 3401 beatus
1851 3345 2072 3412 Paulus,
2123 3345 2203 3399 in-

623 3444 929 3496 troductum
965 3455 993 3492 a
1036 3439 1198 3493 Patre
1246 3438 1673 3507 Primogenitum
1709 3439 1760 3491 in
1795 3436 1980 3492 orbem
2033 3448 2205 3492 terra-

624 3548 764 3596 rum,
799 3547 1045 3601 supernaz
1076 3530 1178 3585 illa:
1213 3533 1439 3584 virtutes
1480 3531 1711 3584 adorare
1737 3528 1998 3596 iubentur
2033 3529 2077 3561 ³ο
2106 3545 2121 3582 :
2151 3536 2205 3582 et

619 3623 796 3677 latens
839 3623 892 3675 in
937 3623 1052 3690 ipso
1085 3620 1406 3691 mysterium
1450 3619 1677 3684 edoctae,
1720 3618 2206 3689 glorilicationibus

621 3726 894 3780 nunquam
929 3711 1269 3766 cessantibus
1303 3709 1584 3764 celebrant
1622 3709 1770 3763 illum
1805 3725 1970 3763 unum
2013 3718 2069 3763 et
2109 3723 2206 3762 na-

624 3811 740 3856 tura
769 3811 824 3855 et
849 3815 976 3855 vere
1012 3799 1227 3854 Filium.
1267 3799 1399 3853 Nam
1434 3800 1480 3854 si
1516 3799 1582 3854 iis
1615 3799 1706 3868 qui
1760 3814 1820 3855 se
1859 3809 2202 3868 receperunt,

622 3891 715 3945 dat
743 3899 1064 3961 potestatem
1092 3901 1149 3944 ut
1180 3889 1272 3944 ﬁlii
1306 3891 1396 3945 Dei
1431 3889 1582 3955 ﬁant,
1611 3899 1669 3944 ut
1693 3889 1928 3944 Joannes
1954 3892 2031 3944 ait
2053 3891 2119 3954 ³¹,
2151 3901 2205 3945 ει

621 3983 668 4036 si
716 3996 900 4036 verum
956 3990 1040 4036 est
1082 3981 1202 4048 ejus
1268 3982 1463 4049 spiritu
1511 3979 1760 4051 nosipsos
1808 3995 2023 4050 quoque
2066 3980 2205 4037 ﬁlios

623 4070 777 4126 ﬁeri:
810 4069 917 4142 43
954 4088 973 4123 ι
1010 4071 1161 4126 Misit
1197 4072 1342 4124 enim
1381 4070 1524 4125 Deus
1563 4070 1812 4140 spiritum
1855 4069 1974 4124 Filii
2019 4073 2098 4125 sui
2149 4071 2202 4126 in

623 4164 786 4218 corda
807 4171 991 4217 nostra
1011 4162 1356 4228 clamantem,
1377 4161 1529 4216 Abba
1551 4161 1709 4217 Pater
1728 4162 1771 4193 "
1794 4178 1842 4214 ει
1884 4177 2040 4216 nemo
2063 4175 2205 4218 recte

622 4255 862 4310 sentiens
891 4254 1034 4308 hunc
1088 4253 1225 4308 ferat
1261 4254 1554 4319 dicentem,
1589 4254 1739 4308 illum
1771 4254 1956 4307 eodem
1993 4268 2205 4323 quoque

623 4347 783 4399 modo
833 4359 953 4400 esse
981 4345 1199 4410 Filium,
1236 4361 1343 4413 quo
1373 4344 1647 4400 lsraelem.
1701 4344 1801 4410 Qui
1854 4355 2034 4398 autem
2088 4344 2202 4399 ﬁeri

623 4443 799 4503 potest
824 4446 882 4490 ut
907 4437 1096 4491 eodem
1135 4436 1344 4492 dicatur
1376 4437 1536 4491 modo
1567 4436 1838 4501 Christus,
1868 4452 1974 4506 quo
2007 4437 2205 4492 dicitur

2309 3257 2410 3328 ἴσῳ
2436 3259 2685 3320 τέθεικας
2713 3260 2896 3329 μέτρῳ
2920 3261 3034 3321 τοῖς
3057 3260 3198 3312 κατὰ
3236 3260 3398 3332 χάριν
3430 3263 3566 3323 υίοῖς
3614 3262 3706 3314 τὸν
3743 3263 3813 3315 δι’
3841 3264 3905 3319 ὃν

2307 3348 2504 3402 ἐκεῖνοι
2543 3350 2640 3418 τὴν
2679 3352 2778 3420 τῆς
2808 3349 3074 3412 υἱοθεσίας
3120 3351 3525 3423 πεπλουτήκασι
3564 3353 3754 3424 χάριν·
3809 3374 3904 3410 κε.

2307 3440 2614 3510 χρημάτικε
2646 3441 2744 3508 μὲν
2771 3439 2879 3510 γὰρ
2904 3439 3255 3511 Πρωτότοκος
3283 3442 3440 3512 ἡμῶν
3473 3443 3562 3496 διὰ
3591 3444 3652 3496 τὸ
3680 3445 3902 3514 ἀνθρώ-

2307 3546 2491 3583 πινον*
2535 3530 2673 3601 πλὴν
2714 3532 2808 3584 καὶ
2835 3531 2977 3584 οὕτω
3017 3533 3294 3602 μεμένηκε
3331 3535 3628 3603 μονογενὴς
3659 3535 3736 3598 ὡς
3763 3536 3905 3600 Θεὸς

2305 3620 2580 3692 ταύτῃτοι,
2633 3621 2776 3675 καθὰ
2836 3624 3004 3692 φησὶν
3051 3627 3079 3678 6
3131 3623 3440 3692 σοφώτατος
3486 3625 3717 3690 Παῦλος,
3763 3629 3906 3681 alce-

2305 3710 2563 3780 νεχθέντα
2590 3711 2740 3780 παρὰ
2777 3710 2871 3763 τοῦ
2907 3710 3122 3780 Πατρὸς
3167 3710 3258 3763 τὸν
3307 3711 3651 3781 πρωτότοκον
3674 3713 3754 3775 είς
3797 3714 3904 3786 τὴν

2306 3805 2630 3875 οἰκουμένην
2675 3806 3101 3876 προστάττονται
3135 3807 3469 3877 προσκυνεῖν
3501 3806 3554 3857 αῖ
3587 3806 3701 3858 ἄνω
3731 3805 3903 3861 δυνά·-

2297 3914 2464 3966 ,μεις’
2500 3897 2594 3950 καὶ
2630 3898 2690 3949 τὸ
2721 3899 2808 3951 ἐπ’
2840 3898 2986 3968 αὑτῷ
3024 3897 3292 3968 μαθοῦσαι
3327 3898 3644 3968 μυστήριον,
3690 3897 3901 3952 ἀκατα-

2306 3987 2526 4056 λήκτοις
2577 3987 2904 4055 δοξολογίαις
2954 3988 3273 4058 γεραίρουσι
3315 3987 3407 4039 τὸν
3450 3986 3544 4038 ἕνα
3589 3985 3683 4039 καὶ
3733 3986 3904 4054 φύσει

2308 4076 2400 4129 καὶ
2438 4075 2650 4146 άληθῶς
2680 4078 2827 4131 Υἱόν.
2863 4079 2924 4131 Εἰ
2954 4078 3064 4148 γὰρ
3114 4077 3329 4130 δίδωσιν
3372 4075 3624 4140 ἐξουσίαν
3657 4079 3771 4139 τοῖς
3805 4077 3906 4132 λα-

2307 4167 2493 4222 ϐοῦσιν
2548 4169 2710 4222 αὑτὸν
2761 4169 2927 4223 τέκνα
2972 4169 3105 4222 Θεοῦ
3158 4167 3443 4235 γενέσθαι,
3490 4167 3632 4221 κατά
3681 4183 3746 4235 γε
3800 4169 3904 4240 τὴν

2320 4259 2566 4314 Ἰωάννου
2599 4262 2804 4331 φωνὴν,
2837 4263 2928 4315 καὶ
2959 4260 3119 4330 εἴπερ
3151 4260 3298 4311 ἐστὶν
3327 4258 3520 4326 ἀληθὲς
3551 4258 3627 4320 ὡς
3663 4259 3907 4313 υίοποιεῖ

2307 4349 2367 4402 τὸ
2401 4347 2626 4417 Πνεῦμα
2655 4348 2821 4401 αὐτοῦ
2850 4351 2943 4402 καὶ
2991 4352 3136 4420 ἡμᾶς
3167 4349 3364 4410 αὐτούς
3385 4365 3400 4379 ο
3441 4367 3459 4399 ι
3514 4348 3902 4411 Ἐξαπέστειλε

2308 4437 2416 4509 γὰρ
2447 4441 2475 4491 6
2506 4439 2636 4502 Θεὸς
2667 4440 2727 4492 τὸ
2760 4440 2983 4511 Πνεῦμα
3015 4440 3108 4493 τοῦ
3143 4440 3274 4493 Υίοῦ
3321 4439 3484 4492 αὑτοῦ
3513 4441 3591 4502 είς
3623 4439 3720 4502 τὰς
3758 4458 3903 4511 καρ-

620 4541 741 4581 esse
793 4527 956 4581 etiam
1007 4526 1183 4596 Cyrus
1238 4527 1330 4582 ille
1382 4543 1476 4583 rex
1522 4529 1832 4591 Persarum,
1877 4538 1932 4583 et
1981 4539 2200 4584 sanctus

2310 4529 2421 4591 δίας
2452 4529 2611 4598 ἡμῶν
2659 4531 2882 4599 κρᾶζον,
2920 4531 3088 4584 ’Λὸὃᾶ
3132 4533 3158 4582 6
3198 4532 3385 4602 Πατήρ
3408 4547 3419 4560 ·
3458 4549 3475 4579 ›
3507 4531 3795 4599 ἀνάσχοιτο
3832 4532 3904 4585 ἂν

621 4619 893 4686 quomodo
940 4617 1076 4672 Medi
1121 4632 1339 4687 quoque
1393 4618 1494 4688 ipsi
1531 4635 1595 4673 ac
1642 4618 1862 4675 Persae?
1912 4619 2028 4675 Jam
2073 4636 2200 4676 vero

2310 4621 2475 4685 οὐδεὶς
2518 4621 2624 4674 τῶν
2673 4620 2733 4676 εὖ
2788 4626 3003 4696 φρονεῖν
3048 4625 3339 4685 εἰωθότων,
3377 4623 3566 4676 τούτου
3613 4622 3904 4690 λέγοντος,

623 4710 804 4762 dicere
845 4707 1047 4774 licebit,
1093 4725 1160 4764 ne
1196 4711 1592 4765 sanctiﬁcatum
1633 4712 1850 4780 quidem
1890 4728 2010 4767 esse
2039 4711 2197 4767 Chri-

623 4807 764 4852 stum
802 4800 1135 4867 humanitus,
1167 4802 1416 4871 quamvis
1459 4801 1511 4854 in
1557 4817 1681 4855 eum
1725 4804 1988 4859 columbae
2022 4805 2201 4872 specie

621 4897 841 4943 sanctus
887 4887 1121 4958 S'piritus
1167 4890 1424 4944 insederit
1468 4889 1531 4943 ³³.
1584 4888 1718 4944 Nam
1765 4890 1938 4961 Cyrus
1985 4891 2198 4959 quidem

621 4978 907 5048 Cambysae
939 4980 1080 5036 ﬁlius
1101 4980 1229 5036 olim
1259 4980 1559 5036 exercitum
1592 4981 1744 5035 duxit
1770 4982 1822 5035 in
1852 4981 2196 5052 Babylonios,

621 5067 715 5121 sed
745 5079 922 5124 tamen
949 5068 1001 5123 iu
1033 5084 1222 5127 errore
1255 5071 1593 5138 versabatur,
1634 5083 1689 5126 et
1735 5071 1962 5140 impuris
2001 5073 2198 5127 daemo-

695 5248 739 5278 ’⁵
762 5246 916 5302 Joan.
947 5265 1026 5310 ιιι,
1054 5250 1144 5308 54.
1219 5251 1264 5283 ³⁸
1299 5249 1483 5304 Matth.
1512 5266 1626 5315 vm,
1653 5252 1704 5305 5.

1783 5253 1828 5282 ²⁷
1869 5251 1999 5306 Luc.
2035 5268 2130 5319 vlt,
2174 5254 2260 5308 14.

2302 4714 2474 4777 οὕτως
2501 4711 2638 4768 εἶναι
2669 4717 2762 4768 καὶ
2785 4718 2945 4770 αὑτὸν
2977 4717 3122 4778 Υίὸν,
3156 4717 3232 4778 ὡς
3257 4716 3345 4768 τὸν
3391 4715 3630 4786 Ἰσραήλ.
3673 4714 3799 4778 Πῶς
3841 4716 3907 4769 δὲ

2305 4806 2398 4857 καὶ
2439 4805 2579 4858 οῦτω
2627 4807 2857 4876 Χριστὸς
2904 4806 2998 4859 καὶ
3047 4806 3221 4874 ἅγιος,
3271 4807 3345 4869 ὡς
3382 4809 3449 4860 ἂν
3499 4801 3638 4859 εἶναι
3684 4805 3907 4874 λέγοιτο

2306 4897 2524 4965 χριστὸς
2565 4898 2747 4967 Κῦρός
2787 4915 2845 4949 τε
2883 4900 2912 4950 6
2937 4898 3045 4951 τῶν
3076 4898 3302 4969 Περσῶν
3346 4895 3767 4966 βεϐασιλευκὼς,
3802 4899 3905 4951 καὶ

2309 4987 2413 5057 μὴν
2455 4987 2550 5041 καὶ
2575 4989 2726 5042 αὐτοὶ
2760 4989 2870 5059 (1‘2)
2898 4989 3105 5060 Πέρσαι
3135 5007 3196 5042 τε
3245 4992 3340 5043 καὶ
3375 4989 3586 5058 Μῆδοιε
3617 4989 3757 5058 Ὅρα
3786 4989 3905 5058 γὰρ

2306 5077 2478 5129 εἰπεῖν
2525 5075 2658 5146 μηδέ
2695 5077 2953 5146 ἡγιάσθαι
3002 5079 3236 5149 Χριστὸν
3284 5077 3660 5147 ἀνθρωπίνως,
3715 5077 3902 5130 καίτοι

2362 5255 2408 5287 ³³
2436 5255 2594 5312 Joan.
2618 5274 2707 5323 xx,
2732 5258 2821 5313 22.
2920 5261 2965 5292 ”
2999 5259 3167 5315 Hebr.
3206 5275 3288 5326 ιιι,
3313 5260 3366 5314 4.
3447 5260 3493 5292 ³ο
3529 5259 3693 5315 Hebr.
3725 5275 3764 5324 ι,
3801 5261 3858 5317 6.

623 5317 662 5346 ⁸¹
697 5315 893 5372 lJoau.
929 5335 1011 5385 ιιι,
1045 5319 1095 5373 1.
1173 5321 1215 5353 ³¹
1245 5319 1421 5374 Galat.
1464 5336 1535 5384 tv,
1568 5322 1621 5375 6.
1699 5321 1743 5350 ³³
1780 5320 1968 5375 Matth.
2007 5340 2087 5382 ιιι.
2116 5315 2304 5388 ’16,17.

1865 5497 2024 5553 ΛΝΤ.
2064 5499 2334 5555 AGELLII
2377 5499 2586 5555 NOTzE
2599 5541 2611 5555 .

702 5647 814 5734 (l2)
841 5648 1158 5721 Legendum
1185 5650 1416 5721 videtur,
1483 5651 1573 5706 καὶ
1609 5652 1716 5724 μὴν
1756 5653 1849 5706 καὶ
1928 5653 2073 5723 ἆγιοι
2117 5655 2204 5726 Πέι

2311 5676 2345 5713 ι.
2398 5658 2488 5715 Sic
2558 5677 2792 5734 namque
2839 5665 3196 5733 praecedentia
3268 5679 3330 5721 ac
3377 5663 3659 5733 sequentia
3702 5662 3890 5732 requi-

622 5729 768 5775 l‘lllll.
