4028 6428
663 374 731 428 83
1652 357 1709 411 S.
1752 350 2029 411 εγιιιιω
2068 344 2533 405 ΑιΕΧΑΝυιιιΝι
2573 348 2893 403 ARCHIEP.
3845 352 3909 406 at

666 496 850 541 mutua
895 481 1295 547 communione,
1348 488 1510 548 atque
1563 474 1726 529 etiam
1769 470 2081 541 aequalitate
2127 474 2234 519 tam

2340 464 2478 529 νίας,
2510 467 2604 518 καὶ
2640 466 2747 539 μὴν
2792 467 2885 519 καὶ
2935 465 3177 536 ἰσότητος
3206 465 3479 530 οὐσιωδῶς
3511 467 3760 519 τοσοῦτον
3809 469 3913 539 ἀφε-

668 592 861 647 magno
886 574 1136 632 essentia:
1157 571 1470 627 discrimine
1496 566 1761 635 disjuncta
1789 572 1938 627 sunt,
1963 562 2016 615 in
2050 572 2233 620 unam,

666 682 724 725 ut
754 671 870 739 ipse
907 668 1063 731 dicis,
1108 663 1488 721 auctoritatem
1522 657 1845 729 colligenda,
1895 663 1950 707 et
1988 651 2101 721 pari
2142 649 2238 701 ho-

664 776 796 815 nore
822 773 1013 815 censes
1056 755 1338 813 ornanda?
1381 753 1482 809 Ubi
1528 763 1762 819 namque
1802 760 2024 816 prorsus
2062 740 2238 795 minor

664 860 745 907 est
775 861 993 914 natura,
1021 849 1109 905 cui
1136 847 1304 902 altera
1348 841 1753 913 superponitur,
1782 837 1871 905 qui
1916 832 2029 888 ﬁeri
2063 838 2237 900 potest

666 952 725 994 ut
747 939 820 994 illi
862 938 1141 1005 contingat
1165 944 1219 990 ct
1249 933 1452 1003 paritas
1482 926 1727 989 honoris,
1759 933 1823 976 et
1846 919 2124 990 aequalitas
2156 915 2234 1005 dif

658 1029 905 1100 gnitatis,
929 1036 985 1083 et
1009 1004 1148 1082 idem
1176 1023 1502 1090 minimeque
1525 1019 1769 1072 diversus
1791 1011 1974 1080 gloria:
2006 1004 2236 1100 modus?

666 1096 819 1185 Quod
856 1126 1037 1171 autem
1078 1113 1510 1184 coniunctionem
1548 1104 1842 1175 appellans.
1876 1116 1992 1155 eam
2029 1096 2237 1153 scilicet

664 1223 783 1277 qua:
808 1222 874 1264 ex
902 1207 1097 1263 vicinia
1129 1206 1245 1260 sola
1281 1202 1363 1257 vel
1393 1200 1684 1257 secundum
1714 1192 2124 1265 appositionem,
2152 1185 2236 1240 vel

664 1276 959 1354 secundum
988 1295 1361 1353 habitudinem
1398 1290 1735 1360 intelligitur,
1776 1285 1891 1353 ipse
1920 1281 2033 1335 suis
2074 1276 2237 1331 ratio-

666 1391 822 1444 nibus
850 1388 1190 1453 adversatur,
1216 1395 1272 1441 et
1302 1400 1421 1454 qua:
1451 1381 1720 1438 destruxit
1748 1374 2000 1437 adiﬁcat,
2032 1379 2086 1424 et
2116 1382 2235 1438 qua!

664 1472 950 1529 demolitus
978 1482 1060 1528 est
1083 1474 1265 1543 erigit,
1296 1473 1512 1543 planum
1551 1468 1639 1523 ﬁet
1667 1481 1731 1523 ex
1756 1466 1858 1520 hoc
1889 1474 2077 1516 rursus
2108 1476 2123 1511 :
2158 1457 2237 1511 sic

664 1578 896 1634 namque
924 1564 1059 1619 dixit
1085 1583 1102 1618 ι

733 1652 1014 1726 ιΝεετοιι.
1045 1654 1168 1709 ideo
1202 1653 1324 1707 volo
1354 1666 1446 1706 vos
1474 1656 1632 1706 caute
1666 1647 1997 1714 ﬁrmiterque
2028 1653 2227 1696 tenere.

666 1741 866 1797 Divisio
892 1740 1035 1796 nulla
1070 1739 1564 1810 estconiunctionis
1581 1737 1889 1808 dignitatis,
1920 1732 2192 1787 ﬁliationis
2221 1750 2231 1783 :

664 1834 765 1888 hoc
805 1832 978 1902 ipsum
1013 1835 1153 1902 quod
1199 1832 1445 1887 Christus
1481 1838 1585 1893 est,
1620 1828 1818 1882 nullam
1862 1825 2067 1893 patitur
2100 1822 2235 1877 divi-

661 1925 866 1981 sionem
891 1943 903 1979 :
929 1927 1024 1981 sed
1050 1924 1263 1980 deitatis
1290 1934 1339 1977 et
1360 1921 1712 1978 humanitatis
1734 1926 1817 1972 est
1842 1917 2054 1971 divisio.
2075 1912 2235 1967 Chri-

662 2024 800 2082 stus,
827 2032 928 2086 qua
954 2017 1221 2081 Christus,
1251 2015 1555 2069 individuus
1581 2018 1664 2065 est
1690 2028 1702 2063 :
1732 2021 1905 2077 neque
1931 2004 2074 2060 enim
2098 2003 2235 2056 duos

660 2110 899 2164 christos
948 2108 1232 2171 habemus,
1266 2121 1437 2175 neque
1463 2106 1596 2159 duos
1637 2102 1813 2157 ﬁlios:
1844 2116 1945 2154 non
1987 2098 2129 2152 enim
2154 2103 2237 2151 est

664 2200 800 2269 apud
830 2214 927 2253 nos
947 2200 1149 2270 primus
1172 2210 1227 2253 et
1249 2198 1541 2259 secundus,
1572 2209 1742 2263 neque
1769 2194 1907 2246 alius
1959 2202 2012 2245 et
2051 2190 2190 2244 alius
2216 2203 2230 2242 :

662 2304 835 2359 neque
861 2304 1049 2346 rursus
1082 2290 1222 2344 alius
1265 2288 1522 2351 Filius,et
1549 2286 1685 2340 alius
1708 2299 1923 2340 rursum
1950 2299 1965 2348 ;
1992 2284 2085 2339 sed
2120 2283 2233 2351 ipse

663 2380 750 2436 ille
783 2396 921 2438 unus
960 2390 1044 2437 est
1074 2382 1310 2438 duplex:
1360 2396 1465 2435 nun
1509 2379 1794 2442 dignitate,
1834 2377 1927 2433 sed
1973 2387 2188 2431 natura.
2220 2373 2231 2446 |

1291 2516 1444 2573 CAP.
1490 2516 1596 2571 VL.

732 2662 952 2731 Explica
988 2660 1123 2716 mihi
1171 2672 1363 2713 rursus
1410 2656 1667 2727 quidnam
1722 2667 1844 2709 esse
1903 2651 2231 2706 individuam

660 2749 1106 2821 coniunctionem
1142 2749 1327 2803 dicis?
1367 2745 1730 2807 Uuitatemne,
1786 2744 2084 2799 secundum
2138 2743 2234 2812 hy-

663 2842 921 2911 postasim
950 2840 1224 2903 nimirum,
1262 2853 1424 2910 quam
1456 2838 1558 2906 ipsi
1593 2838 1949 2905 praedicamus
1985 2850 2106 2890 cum
2138 2850 2233 2904 pro

661 2934 970 3005 dogmatum
1023 2932 1254 2987 veritate
1307 2939 1604 2993 certamus,
1640 2944 1706 2983 an
1755 2943 1882 2983 vero
1938 2927 2078 2982 hanc
2111 2942 2231 2993 quae

661 3025 956 3082 secundum
984 3026 1398 3095 appositionem,
1422 3032 1477 3078 et
1504 3022 1728 3092 alicujus
1757 3022 1821 3076 ad
1850 3020 2054 3089 aliquid
2092 3021 2221 3074 vici-

2339 561 2607 631 εστηκότα
2651 559 2933 629 συλλέγειν
2979 563 3059 623 είς
3108 561 3258 632 μίαν,
3290 561 3431 615 καθά
3477 563 3583 631 φὴς
3610 561 3792 624 αὐτὸς.
3824 564 3914 615 αὐ-

2339 656 2589 719 θεντίαν,
2634 656 2729 709 καὶ
2770 657 2955 726 τιμαῖς
3006 657 3125 717 ταῖς
3174 656 3316 717 ῐσαις
3361 655 3657 723 στεφανοῦν
3705 654 3911 717 ἀξιοῖς;

2341 747 2514 801 Ὅπου
2546 747 2655 817 γὰρ
2686 747 2822 809 ὅλως
2851 749 3239 816 μειονεκτείται
3292 744 3473 814 φύσις,
3510 747 3700 815 ἑτέρας
3748 746 3914 815 ὑπερ.

2338 838 2617 908 κειμένης,
2659 838 2775 900 πῶς
2807 838 2874 891 ἂν
2901 837 3037 907 αὐτῇ
3079 838 3433 907 προσγένοιτο
3460 839 3553 891 καὶ
3582 837 3761 909 γερῶν
3804 837 3911 889 lod-

2337 950 2456 1003 της,
2490 933 2582 985 καὶ
2615 928 2924 1000 ίσομοιροῦν
2965 928 3203 999 ἀξίωμα,
3240 931 3333 983 καὶ
3358 932 3385 983 6
3410 931 3510 999 τῆς
3535 930 3785 992 εὐκλείας
3820 931 3933 998 οὐχ.

2337 1024 2522 1094 ἔτερος
2561 1022 2797 1095 τρόπος;
2829 1022 2948 1074 Ὀτι
2992 1020 3052 1073 δὲ
3100 1020 3395 1089 συνάφειαν
3441 1021 3741 1091 ὀνομάζων,
3770 1022 3912 1090 τάχα

2338 1133 2437 1169 που
2494 1115 2593 1186 τὴν
2650 1116 2766 1168 κατ’
2795 1114 3071 1183 ἐγγύτητα
3117 1114 3286 1184 μόνην
3331 1114 3427 1165 καὶ
3486 1113 3617 1183 [ῐσ.
3649 1112 3724 1183 ἢ]
3770 1113 3914 1166 κατά

2337 1205 2659 1277 παράθεσιν,
2691 1206 2857 1274 ήγουν
2902 1202 3158 1273 σχετικὴν
3210 1203 3528 1274 νοουμένην,
3577 1204 3741 1265 αὐτὸς
3801 1205 3914 1265 τοῖς

2340 1301 2487 1364 ίδίοις
2514 1299 2897 1353 ἀντανίσταται
2944 1295 3143 1363 λόγοις.
3179 1295 3215 1348 ἀ
3252 1293 3547 1348 κατέλυσεν
3590 1294 3909 1365 οἰκοδομῶν,

2338 1392 2432 1445 καὶ
2474 1390 2694 1452 ἀνιστὰς
2738 1388 2796 1441 τὸ
2828 1386 3230 1458 καθῃρημένον,
3270 1386 3441 1455 σαφὲς
3472 1386 3537 1440 ἂν
3576 1386 3787 1456 γένοιτο
3820 1387 3913 1439 καὶ

2336 1481 2423 1535 διὰ
2461 1480 2612 1535 τοῦδε
2642 1480 2705 1549 δὴ
2735 1479 2925 1533 πάλιν
2963 1478 3064 1549 ἔφη
3090 1477 3200 1547 γὰρ
3226 1476 3417 1539 οὕτως’

2410 1656 2528 1725 ῖΔιά
2561 1654 2716 1708 τοῦτο
2767 1653 3031 1723 βούλομαι
3066 1655 3211 1721 ὑμᾶς
3250 1655 3386 1722 μετὰ
3436 1654 3737 1721 ἀσφαλείας
3780 1670 3915 1723 xpet-

2337 1751 2449 1800 τείν
2466 1765 2483 1777 ’λ
2510 1748 2769 1815 διαίρεσις
2799 1746 2898 1798 οὐκ
2928 1746 3045 1797 ἐστι
3076 1748 3175 1816 τῆς
3209 1745 3501 1814 συναφείας
3546 1744 3639 1797 τοῦ
3672 1743 3918 1813 ἀξιώμα-

2337 1856 2447 1903 τος,
2478 1839 2577 1909 τῆς
2608 1839 2885 1908 υίότητοςι
2916 1835 3087 1889 αὑτοῦ
3115 1836 3209 1889 τοῦ
3236 1832 3375 1888 εἶναι
3406 1836 3641 1905 Χριστὸς
3668 1837 3768 1887 οὐκ
3798 1834 3919 1885 ἐστι

2336 1931 2598 2000 διαίρεσις
2623 1946 2635 1959 ·
2687 1930 2785 1999 τῆς
2830 1929 2886 1982 δὲ
2934 1928 3183 1996 θεότητος
3216 1928 3307 1982 καὶ
3343 1926 3756 1997 ἀνθρωπότητός
3799 1928 3917 1977 ἐστι

2336 2024 2597 2093 διαίρεσις
2616 2039 2630 2053 ·
2658 2024 2687 2075 6
2711 2022 2962 2092 Χριστὸς,
2989 2021 3129 2073 κατὰ
3173 2020 3235 2071 τὸ
3280 2020 3535 2089 Χριστὸς,
3568 2018 3874 2089 ἀδιαίρετος
3903 2033 3913 2045 ’

2334 2116 2395 2169 οὐ
2440 2116 2549 2185 γὰρ
2577 2116 2771 2185 ἔχομεν
2806 2114 2899 2166 δύο
2926 2113 3202 2185 χριστοὺς,
3234 2112 3354 2165 οὐδὲ
3387 2111 3480 2165 δύο
3506 2110 3681 2172 υἱούς·
3713 2110 3772 2161 οὐ
3806 2109 3920 2178 γάρ

2335 2210 2451 2261 ὲστι
2486 2208 2615 2276 παρ’
2640 2208 2770 2275 ἡμῖν
2796 2204 3011 2275 πρῶτος
3039 2205 3133 2257 καὶ
3162 2204 3430 2273 δεύτερος,
3470 2202 3590 2255 οὐδὲ
3618 2200 3775 2263 ἀλλος
3823 2200 3919 2252 καὶ⁸

2334 2298 2492 2359 ἄλλος
2512 2313 2525 2327 ·
2551 2294 2672 2349 οὐδὲ
2702 2294 2864 2348 πάλιν
2890 2293 3046 2357 ἀλλος
3071 2294 3217 2357 Υἱὸς,
3257 2294 3349 2347 καὶ
3380 2292 3536 2353 ἄλλος
3566 2290 3725 2344 πάλιν
3747 2306 3758 2318 ·
3787 2288 3923 2342 ἀλλ’

2336 2387 2498 2451 αὐτὸς
2534 2389 2563 2439 6
2598 2380 2679 2451 εἷς
2720 2388 2834 2440 ἐστι
2853 2384 3072 2448 διπλοῦς
3094 2401 3104 2413 ·
3128 2385 3188 2437 οὐ
3206 2387 3269 2455 τῇ
3294 2383 3439 2454 ἀξίᾳ,
3467 2384 3601 2437 ἀλλά
3615 2384 3680 2451 τῇ
3704 2378 3923 2451 φῦσαι

2936 2524 3181 2577 ΚΕΦΑΛ.
3227 2525 3315 2588 ς’.

2405 2658 2583 2729 Φράξε
2607 2657 2669 2725 δή
2705 2674 2793 2727 μοι
2821 2656 3005 2714 πάλιν,
3030 2654 3081 2708 τί
3109 2654 3171 2720 δὴ
3200 2655 3306 2724 ἄρα
3338 2654 3435 2724 τὴν
3462 2655 3763 2723 ἀδιαίρετον
3788 2668 3921 2705 συν-

2336 2754 2528 2822 άφειαν
2559 2745 2697 2803 εἶναι
2736 2750 2841 2819 φής
2866 2766 2879 2813 ;
2902 2745 3049 2818 *Αρα
3074 2748 3172 2815 τὴν
3196 2746 3409 2807 ἕνωσιν,
3442 2746 3598 2815 δῆλον
3619 2745 3675 2798 δὲ
3703 2746 3780 2797 ὅτι
3817 2744 3921 2807 τὴν

2337 2844 2460 2898 καθ’
2492 2843 2818 2906 ὑπόστασιν,
2868 2841 2936 2909 ἣν
2976 2840 3145 2908 ἡμεῖς
3196 2836 3606 2907 πρεσὸεύομεν.
3655 2836 3765 2897 τοῖς
3817 2836 3923 2904 τῆς

2336 2936 2594 3009 ἀληθείας
2620 2932 3007 2995 συναθλοῦντες
3030 2931 3291 3000 δόγμασιν
3313 2946 3325 2959 ’
3351 2929 3383 2998 ἦ
3409 2927 3635 2997 ταυτηνὶ
3656 2926 3755 2995 τὴν
3776 2926 3923 2978 κατά

2339 3028 2657 3101 παράθεσιν,
2688 3028 2783 3078 καὶ¹
2814 3025 2911 3095 τὴν
2942 3023 3077 3094 πρὸς
3101 3022 3223 3073 τόδε
3248 3038 3302 3072 τι
3328 3018 3423 3072 τοῦ
3449 3020 3617 3081 δεῖνος
3642 3016 3924 3085 ἐγγύτητα

660 3118 883 3172 nitatem
953 3116 1322 3187 intelligitur?
1357 3115 1491 3170 Nam
1546 3116 1625 3171 sic
1670 3115 1834 3168 etiam
1899 3112 2007 3187 45
2064 3127 2233 3169 sacrae

2339 3122 2668 3193 νοουμένην;
2701 3118 2925 3187 Δέχεται
2952 3115 3063 3185 γὰρ
3094 3114 3239 3167 οὕτω
3265 3112 3363 3183 τὴν
3400 3110 3545 3176 λέξιν
3578 3111 3611 3179 ἡ
3655 3108 3922 3161 θεόπνευ-

658 3210 877 3266 Littera:
937 3210 1076 3266 hanc
1136 3210 1430 3265 dictionem
1487 3208 2023 3276 accipiunt:itaque
2090 3204 2227 3258 dixit

660 3306 803 3360 Deus
830 3303 895 3357 ad
930 3303 1144 3357 beatum
1180 3300 1386 3365 Mosen,
1445 3299 1510 3355 de
1536 3298 1703 3352 veteri
1742 3296 1831 3350 illo
1880 3294 2229 3349 tabernaculo

663 3397 886 3465 loquens
918 3412 930 3449 :
967 3411 987 3445 ι
1019 3392 1085 3446 Et
1120 3390 1286 3445 facies
1314 3389 1501 3443 ﬁbulas
1524 3387 1914 3458 quinquaginta
1945 3400 2157 3447 aureas,
2178 3393 2231 3437 et

662 3485 955 3555 conjuugcs
999 3485 1236 3538 cortinas
1281 3481 1506 3535 alteram
1565 3478 1719 3533 alteri
1749 3478 1819 3528 ".
1862 3496 1881 3528 ι
1909 3477 2040 3531 Cum
2087 3476 2229 3529 enim

658 3576 894 3647 quinque
922 3581 1124 3635 essent,
1158 3582 1214 3626 et
1239 3584 1573 3640 unaquaeque
1598 3568 1821 3623 seorsim
1843 3566 2055 3621 diversa
2087 3573 2233 3618 esset

658 3671 725 3722 ab
758 3667 900 3732 aliis,
923 3663 1346 3735 conjungebatur
1376 3660 1662 3715 ﬁbulis.At
1684 3674 1809 3713 vero
1836 3673 1934 3712 nos
1966 3656 2104 3711 haud
2130 3656 2231 3708 isto

660 3758 818 3813 modo
846 3756 1039 3812 factam
1064 3755 1115 3809 in
1134 3752 1351 3809 Christo
1377 3752 1632 3806 unionem
1658 3750 1890 3804 dicimus
1918 3768 1930 3803 :
1958 3764 2063 3803 non
2087 3748 2230 3801 enim

656 3859 717 3904 ut
764 3846 1058 3917 quispiam,
1111 3842 1259 3897 verbi
1304 3842 1500 3911 gratia,
1560 3840 1911 3908 conjungitur
1959 3836 2115 3891 alteri
2150 3836 2235 3890 vel

656 3953 755 4007 per
792 3935 1163 3992 unanimitatis
1204 3933 1443 3998 modum,
1471 3933 1552 3985 vel
1572 3944 1667 3998 per
1695 3929 1938 3998 corporis
1954 3928 2231 3990 viciniam,

660 4032 740 4084 sic
774 4027 861 4082 ille
900 4038 1116 4095 quoque
1143 4024 1465 4093 coniunctus
1498 4030 1612 4085 est;
1645 4019 1761 4083 sed,
1800 4026 1857 4070 ut
1894 4016 2092 4085 saepius
2122 4015 2232 4085 iam

660 4118 793 4184 dixi,
843 4130 999 4173 suum
1035 4113 1215 4168 eﬁecit
1262 4127 1457 4180 corpus
1494 4124 1559 4165 ex
1596 4118 1779 4163 sancta
1822 4106 2046 4177 Virgine
2088 4122 2235 4161 sum-

661 4222 833 4281 ptum,
859 4220 912 4264 et
946 4208 1073 4262 illud
1133 4219 1201 4260 ex
1255 4203 1364 4258 Deo
1399 4202 1633 4257 Verbum
1689 4200 1839 4254 carni
1898 4215 2001 4253 non
2062 4198 2236 4252 inani-

660 4311 819 4357 mutae
852 4315 977 4355 vere
1019 4298 1229 4355 unitum
1257 4295 1505 4351 dicimus.
1535 4292 1703 4365 Igitur
1734 4293 1778 4347 si
1806 4291 2229 4363 conjunctiouis,

663 4405 720 4447 ut
762 4393 879 4463 ipse
920 4398 1101 4454 vocat,
1137 4390 1219 4444 vis
1269 4402 1390 4442 eam
1438 4388 1702 4440 unitatem
1752 4383 2027 4454 signiﬁcat
2073 4398 2234 4453 quam

664 4485 762 4553 ipsi
814 4484 1184 4551 intelligimus,
1217 4480 1385 4542 illam,
1443 4478 1683 4547 inquam,
1736 4476 2033 4530 secundum
2067 4477 2236 4545 hypo-
2268 4473 2313 4528 D

661 4577 873 4639 stasim,
916 4582 1060 4629 recte
1091 4586 1223 4628 sane
1251 4571 1408 4633 dixit,
1455 4569 1653 4623 nullam
1709 4584 1833 4623 esse
1870 4567 2095 4631 Christi,
2132 4582 2236 4635 qua

660 4668 913 4724 Christus
961 4674 1066 4730 est,
1118 4663 1490 4718 divisionem:
1529 4674 1704 4728 neque
1750 4659 1896 4712 enim
1943 4670 2029 4713 est
2077 4658 2234 4723 alter,

662 4773 838 4834 neque
882 4756 1024 4811 ﬁlius
1056 4765 1109 4809 et
1148 4754 1312 4816 ﬁlius,
1373 4752 1510 4806 alius
1560 4761 1722 4820 atque
1776 4751 1935 4814 alius,
1986 4750 2137 4818 prior
2184 4760 2239 4805 et

661 4850 949 4909 secundus,
980 4846 1072 4903 sed
1099 4860 1237 4898 unus
1264 4844 1539 4903 nimirum,
1564 4852 1616 4897 et
1638 4853 1762 4897 ante
1792 4858 2009 4897 carnem
2038 4853 2090 4895 et
2119 4851 2239 4911 post

661 4954 879 4997 carnem
914 4959 926 4993 :
964 4939 1043 4993 sic
1095 4950 1329 5004 namque
1361 4936 1485 5001 erit,
1523 4943 1580 4988 ut
1636 4944 1687 4988 tu
1740 4935 1899 5000 dicis,
1937 4934 2232 4989 secundum

659 5033 977 5103 dignitatem
1005 5040 1167 5099 atque
1194 5030 1355 5082 etiam
1385 5026 1681 5083 secundum
1710 5027 2005 5095 potentiam
2038 5025 2230 5079 indivi-

662 5127 822 5187 duus,
872 5124 983 5177 imo
1008 5136 1135 5176 vero
1180 5122 1343 5175 idem.
1372 5118 1425 5173 [tl
1460 5120 1503 5172 si
1533 5118 1604 5172 ita
1630 5127 1735 5181 est,
1788 5117 2057 5185 quomodo
2086 5118 2231 5170 illum

663 5233 824 5272 unum
851 5226 906 5271 et
938 5214 1267 5269 individuum
1296 5211 1561 5281 duplicem
1592 5226 1713 5265 esse
1736 5211 1837 5273 ais,
1860 5218 1912 5264 et
1937 5224 2043 5264 non
2061 5210 2241 5277 digni-

663 5319 793 5373 tate,
848 5307 940 5362 sed
987 5314 1178 5359 natura
1197 5303 1349 5358 ?Non
1399 5303 1543 5357 enim
1578 5303 1706 5371 quia
1753 5302 1843 5355 Dei
1891 5301 2069 5356 Patris
2102 5301 2237 5354 Ver-

662 5402 786 5455 bum
846 5406 1122 5467 assumpta
1186 5412 1349 5451 carne
1381 5398 1580 5467 prodiit
1632 5399 1792 5451 homo
1822 5398 2017 5453 similis
2059 5398 2233 5460 nobis,

652 5493 783 5570 uideo
806 5491 1002 5557 duplex
1031 5498 1113 5542 est
1136 5488 1489 5557 appellandus
1522 5507 1533 5541 :
1573 5504 1711 5543 unus
1759 5499 1841 5543 est
1877 5490 2019 5542 enim
2049 5498 2103 5542 et
2133 5503 2236 5540 non

656 5588 777 5641 sine
802 5596 990 5647 carne,
1035 5583 1127 5652 qui
1160 5580 1453 5637 secundum
1484 5582 1758 5652 propriam
1800 5592 2046 5638 naturam
2084 5591 2235 5637 extra

729 5766 772 5799 ”
803 5765 971 5820 Exod.
1010 5780 1153 5826 xxvt,
1186 5765 1235 5825 l.
1272 5764 1324 5817 2.

2337 3232 2461 3278 στος
2486 3212 2708 3283 Γραφήο
2740 3208 2838 3262 καὶ
2866 3206 2998 3275 γοῦν
3027 3205 3128 3274 ἐφη
3168 3204 3303 3275 πρὸς
3337 3202 3539 3256 Μωσέα
3566 3200 3658 3253 τὸν
3685 3197 3909 3269 ἱερώτα-

2333 3324 2442 3366 τον,
2479 3303 2607 3368 περὶ
2636 3302 2736 3371 τῆς
2764 3298 2999 3371 ἀρχαίας
3031 3296 3246 3365 ἐκείνης
3270 3293 3474 3362 σκηνῆς
3497 3291 3765 3353 συντιθεὶς
3788 3291 3925 3353 τοὺς

2332 3398 2519 3463 λόγους
2538 3412 2551 3425 ’
2594 3414 2611 3445 ι
2644 3392 2755 3446 Καὶ
2781 3390 3026 3459 ποιήσεις
3051 3387 3273 3456 κρίκους
3295 3385 3634 3452 πεντήκοντα
3658 3379 3922 3451 χρυσοῦς,

2336 3489 2426 3541 καὶ
2459 3485 2713 3554 συνάψεις
2742 3482 2839 3545 τὰς
2866 3479 3094 3543 αὐλαίας
3139 3478 3331 3546 ἑτέραν
3370 3479 3435 3545 τῇ
3466 3475 3627 3544 ἑτέρᾳ
3656 3475 3764 3534 τοῖς
3793 3475 3924 3541 κρί-

2337 3596 2467 3641 κοις.
2501 3595 2520 3629 ›
2556 3574 2724 3629 Πέντε
2751 3572 2860 3641 γὰρ
2886 3565 3064 3628 οὖσαι,
3106 3567 3202 3620 καὶ
3235 3565 3417 3627 ίδικῶς
3447 3563 3650 3631 ἑκάστη
3692 3560 3828 3629 πρὸς
3863 3561 3927 3613 τὸ

2337 3670 2497 3739 ἑτέρα
2517 3668 2599 3729 τίς
2622 3661 2761 3717 εἶναι
2793 3660 2944 3731 παρά
2970 3659 3066 3722 τὰς
3092 3658 3257 3720 ἀλλας
3279 3654 3493 3725 ἔχουσα.
3535 3652 3770 3721 τυνῆτττο
3804 3653 3929 3711 τοῖς

2338 3758 2774 3832 κρίκοις.Ἢμεῖς
2820 3754 2875 3807 δὲ
2924 3752 3021 3820 οὐχ
3055 3749 3196 3803 οὕτω
3238 3749 3417 3815 φαμὲν
3463 3744 3775 3813 πεπρᾶχθαι
3828 3744 3928 3795 ἐπὶ

2338 3850 2573 3920 Χριστοῦ
2606 3850 2703 3920 τὴν
2734 3848 2929 3900 ἕνωσιν
2949 3863 2961 3875 ·
2996 3843 3116 3897 οὐδὲ
3156 3842 3264 3910 γὰρ
3299 3840 3487 3908 ὥσπερ
3519 3841 3546 3890 6
3578 3838 3724 3889 δεῖνα
3756 3837 3928 3904 τυχὸν

2337 3942 2413 4009 τῷ
2459 3941 2589 3993 δεῖνι
2641 3938 2964 3991 συνάπτοιτο
3006 3934 3092 3995 ἂν,
3120 3933 3153 4002 ἢ
3189 3931 3329 3985 κατά
3362 3930 3452 3981 τὸν
3482 3931 3580 3999 τῆς
3612 3927 3927 3997 όμοιῖιυχίας

2298 4042 2301 4045 ’
2337 4032 2555 4103 τρόπον,
2590 4030 2756 4098 ἤγουν
2800 4026 2941 4079 κατά
2984 4023 3043 4077 τὸ
3090 4022 3257 4089 ἐγγὺς
3295 4022 3352 4072 ὲν
3384 4019 3616 4087 σώματι,
3652 4016 3794 4070 οὕτω
3823 4019 3931 4069 καὶ

2338 4124 2529 4187 αὑτός·
2583 4119 2719 4175 ἀλλὰ
2768 4116 3001 4188 γὰρςὼς
3051 4115 3149 4184 ἤδη
3200 4112 3515 4173 πλειστάκις
3568 4110 3735 4179 ἔφην,
3788 4109 3930 4162 ἴδιον

2338 4215 2630 4285 ἐποιήσατο
2666 4211 2825 4279 σῶμα
2856 4208 2917 4260 τὸ
2946 4206 3147 4276 ληφθὲν
3178 4206 3241 4257 ὲκ
3269 4203 3370 4272 τῆς
3414 4202 3571 4271 ἀγίας
3598 4201 3883 4272 Παρθένου
3914 4218 3928 4231 ο

2340 4308 2431 4361 καὶ
2466 4304 2680 4373 ἀληθῶς
2711 4298 2951 4371 ήνῶσθαί
2986 4314 3183 4366 φαμεν,
3213 4297 3313 4349 οὐκ
3337 4293 3529 4364 ἀψύχῳ
3553 4294 3715 4363 σαρκὶ
3741 4293 3831 4346 τὸν
3862 4295 3933 4346 ὲκ

2340 4396 2475 4451 Θεοῦ
2504 4396 2687 4463 Λόγον.
2728 4389 2935 4445 Οὐκοῦν
2961 4388 3061 4457 τῆς
3100 4388 3229 4455 παρ’
3257 4383 3421 4438 αὐτοῦ
3457 4384 3757 4453 λεγομένης
3792 4400 3931 4435 συν-

2342 4488 2536 4557 αφείας
2556 4487 2587 4554 ἡ
2610 4484 2856 4551 δύναμις,
2875 4480 2921 4533 εί
2947 4480 3045 4548 τὴν
3069 4478 3190 4531 καθ’
3208 4477 3354 4547 ἡμᾶς
3378 4476 3669 4545 νοουμένην
3692 4476 3935 4545 ἑνότητα,

2341 4580 2508 4651 δηλοῖ,
2545 4575 2687 4645 φημὶ
2716 4574 2780 4643 δὴ
2811 4572 2909 4642 τὴν
2939 4569 3059 4623 καθ’
3084 4569 3400 4628 ὑπόστασιν,
3436 4565 3537 4637 ἔφη
3574 4565 3639 4620 ἂν
3670 4566 3930 4631 εἰκότως,

2346 4672 2480 4743 μηδὲ
2506 4669 2634 4739 μίαν
2654 4662 2793 4720 εἶναι
2815 4663 3051 4735 Χριστοῦ
3082 4662 3179 4731 τὴν
3212 4660 3497 4729 διαίρεσιν,
3527 4658 3665 4711 κατά
3690 4658 3752 4709 τὸ
3779 4652 3932 4711 εἶναι.

2340 4764 2606 4836 Χριστόν·
2640 4762 2701 4814 οὐ
2736 4760 2843 4827 γάρ
2876 4760 3023 4810 ἐστιν
3053 4756 3237 4826 ἕτερος
3282 4754 3374 4807 καὶ
3404 4753 3617 4822 ἔτεροςο
3652 4750 3776 4803 οὔτε
3817 4753 3935 4823 μὴν

2342 4862 2453 4923 υίὸς
2483 4858 2575 4912 καὶ
2598 4856 2730 4918 υἱὸς,
2767 4852 2921 4914 ἀλλος
2945 4852 3037 4904 κα)⁵
3070 4848 3245 4911 ἄλλος,
3283 4845 3497 4917 πρῶτος
3527 4846 3619 4898 καὶ
3647 4844 3935 4914 δεύτερος,

2345 4952 2456 5005 ἀλλ’
2496 4943 2575 5011 εἷς
2603 4944 2843 5015 δηλονότι
2874 4942 2966 4994 καὶ
2994 4939 3101 5010 πρὸ
3133 4936 3333 5007 σαρκὸς
3366 4935 3460 4989 καὶ
3513 4934 3649 5004 μετά
3696 4936 3885 5004 σάρκα
3916 4952 3929 4963 ·

2344 5045 2495 5097 ἔσται
2529 5039 2636 5107 γὰρ
2684 5037 2823 5090 οὕτω
2855 5034 2996 5087 κατά
3021 5049 3083 5099 γε
3114 5030 3210 5099 τὴν
3238 5028 3413 5092 ἀξίαν,
3444 5028 3519 5089 ὡς
3566 5026 3629 5077 σὺ
3674 5026 3802 5093 φὴς,
3834 5030 3939 5079 καὶ

2350 5132 2531 5202 μέντοι
2575 5128 2667 5180 καὶ
2717 5125 2814 5193 τὴν
2854 5120 3171 5175 δυναστείαν
3217 5116 3537 5185 ἀδιαίρετος,
3583 5114 3781 5184 μᾶλλον
3816 5112 3878 5167 δὲ
3908 5117 3940 5167 ὁ

2342 5223 2525 5283 αὑτός.
2552 5215 2681 5272 Εἶτα
2706 5216 2820 5278 πῶς
2842 5214 2930 5266 τὸν
2963 5213 3057 5265 ἕνα
3088 5211 3181 5262 καὶ
3217 5206 3519 5275 ἀδιαίρετον
3545 5203 3764 5260 διπλοῦν
3787 5201 3940 5259 εἶναι

2347 5314 2470 5383 φὴς,
2507 5314 2598 5365 καὶ
2640 5310 2759 5378 οὐχὶ
2793 5311 2857 5377 τῇ
2889 5305 3014 5375 ἀξίᾳ
3063 5302 3281 5369 μᾶλλον,
3326 5298 3461 5352 ἀλλὰ
3509 5302 3573 5369 τῇ
3622 5299 3817 5366 φύσεις
3854 5301 3937 5351 Οὐ

2346 5408 2453 5477 γὰρ
2487 5404 2690 5457 ὲπείτοι
2728 5402 2905 5469 σάρκα
2936 5396 3115 5449 λαϐὼν
3144 5396 3171 5447 6
3204 5398 3266 5447 ὲκ
3313 5391 3446 5444 Θεοῦ
3486 5391 3697 5461 Πατρὸς
3724 5390 3937 5457 Λόγος,

2345 5495 2613 5567 προῆλθεν
2654 5493 2933 5561 ἄνθρωπος
2986 5488 3104 5541 καθ’
3141 5488 3319 5557 ἡμᾶς,
3368 5484 3571 5553 ταύτης
3616 5483 3777 5536 ἕνεκα
3827 5486 3940 5551 τῆς

2344 5588 2545 5654 αἰτίας,
2581 5585 2899 5657 ὀνομάζοιτο
2926 5582 2989 5636 ἂν
3020 5581 3111 5634 καὶ
3141 5579 3357 5642 διπλοῦς
3384 5596 3395 5609 ·
3428 5574 3506 5641 εἷς
3542 5578 3646 5647 γάρ
3676 5578 3792 5628 ἐστι
3833 5580 3937 5631 καὶ
