4028 6426
142 351 186 405 85

1203 347 1572 406 ADVERSUS
1600 346 2001 407 NESTORIUM
2046 349 2172 406 LIB.
2206 347 2271 405 11.

3266 348 3334 403 86

142 471 179 521 οὗ
205 469 301 538 δίχα
327 469 519 539 σαρκὸς
561 469 592 523 6
638 469 783 523 κατὰ
832 470 1001 540 φύσιν
1034 470 1170 526 ίδίαν
1195 471 1301 537 ἔξω
1329 471 1532 544 σαρκὸς
1565 472 1660 525 καὶ

1765 489 1981 531 carnem
2009 484 2062 530 et
2093 473 2433 545 sanguinem.
2470 470 2545 528 Ut
2583 470 2726 528 enim
2784 472 2874 542 qui
2906 468 3077 526 nostri
3104 468 3332 525 similem

142 560 536 631 αἰματος.Ὦοπερ
560 561 672 633 γὰρ
704 564 757 615 εί
768 579 855 625 τις
891 562 1000 617 τῶν
1032 563 1154 617 καθ’
1189 566 1333 634 ἡμᾶς
1374 564 1657 634 ἄνθρωπον

136 651 406 714 ἁτοκτενὼν,
434 652 531 722 οὐχ
553 651 631 715 ὡς
658 652 755 706 δύο
784 670 886 706 που
916 654 1118 724 μᾶλλον
1146 654 1423 726 ἠδικηκὼς
1450 654 1659 726 ἀνθρώ-

137 762 251 807 πους,
279 746 602 815 κατηγοροῖτ’
638 745 707 799 ἂν
741 746 989 809 είκότως,
1033 746 1145 800 ἀλλ’
1173 747 1268 800 ἕνα
1322 748 1414 801 καὶ
1470 747 1655 816 μόνον,

134 838 211 890 κᾶν
245 838 451 889 ὲννοοῖτο
476 839 640 908 τυχὸν
695 841 759 892 ἐκ
784 839 963 908 ψυχῆς
993 840 1086 892 καὶ
1122 839 1395 909 σώματος,
1429 842 1520 894 καὶ
1548 840 1657 894 τῶν

135 929 329 997 ἀλλήλοις
371 928 795 1000 συμϐεϐηκότων
826 932 858 999 ἡ
891 929 1053 999 φύσις
1081 930 1147 985 ἂν
1185 931 1270 1001 εἴη
1299 932 1397 1002 οὐχ
1440 933 1474 1001 ἡ
1519 932 1658 1001 αὐτὴ

135 1021 306 1090 μᾶλλον,
338 1020 467 1074 ἀλλὰ
514 1021 816 1092 διζιιρορος⁸
869 1020 1015 1075 οὕτω
1067 1021 1228 1076 πάλιν
1276 1022 1369 1076 ἐπὶ
1417 1023 1656 1093 Χριστοῦ

134 1112 323 1180 νοητέον·
354 1113 410 1164 οὐ
444 1112 551 1181 γάρ
594 1129 678 1164 τοι
729 1112 951 1174 διπλοῦς
983 1114 1161 1166 ἐστιν’
1186 1112 1305 1166 ἀλλ’
1329 1108 1408 1177 εἷς
1455 1130 1514 1167 τε
1563 1115 1659 1167 καὶ

134 1203 253 1267 μόνος
278 1202 457 1271 Κύριος
498 1203 591 1255 καὶ
618 1202 767 1266 Υίὸς,
798 1205 825 1255 ὁ
866 1205 930 1256 ὲκ
958 1203 1093 1257 Θεοῦ
1120 1203 1332 1275 Πατρός
1367 1205 1560 1272 Λόγος,
1595 1205 1656 1258 οὐ

131 1294 217 1361 δίχα
258 1293 468 1363 σαρκός’
518 1293 944 1363 ἀνθρωπότητος
978 1295 1078 1362 μὲν
1129 1295 1238 1366 γὰρ
1273 1296 1367 1348 καὶ
1406 1296 1658 1367 Θεότητος

132 1383 242 1450 δοίην
270 1383 328 1435 ἂν
353 1384 439 1435 καὶ
486 1385 653 1447 αὐτὸς
691 1383 810 1451 ἐγὼ
833 1385 1099 1455 πλείστην
1143 1381 1281 1438 εἶναι
1330 1386 1428 1457 τὴν
1472 1386 1657 1455 διαφο-

133 1476 219 1543 ρὰν,
242 1477 343 1544 ἦτοι
368 1475 679 1529 διάστασινο
706 1477 872 1545 ἕτερα
904 1476 1013 1546 γὰρ
1052 1477 1193 1530 κατά
1214 1494 1277 1544 γε
1302 1478 1393 1530 τὸν
1418 1479 1513 1530 τοῦ
1542 1479 1658 1543 πῶς

130 1562 230 1616 εἶναι
270 1564 430 1633 λόγον,
462 1565 557 1619 καὶ
590 1567 746 1619 οὐδὲν
785 1568 1043 1639 ἀλλήλοις
1073 1568 1289 1621 ἐοικότα
1314 1570 1562 1635 φαίνεται
1588 1570 1659 1624 τὰ

128 1654 451 1723 ὡνομασμένα.
483 1656 973 1728 Παρενηνεγμένου
1000 1675 1063 1727 γε
1094 1659 1201 1728 μὴν
1223 1661 1304 1723 εἰς
1330 1661 1495 1729 μέσον
1527 1663 1658 1731 ἡμῖν

133 1744 372 1813 μυστηρίου
405 1745 500 1797 τοῦ
540 1747 685 1800 κατὰ
715 1748 974 1817 Χριστὸν,
1004 1752 1032 1801 ὀ
1061 1752 1158 1819 τῆς
1211 1749 1459 1812 ἐνώσεως
1500 1741 1659 1817 λόγος

1768 568 2043 623 hominem
2075 567 2391 631 occidisset,
2412 578 2519 620 non
2551 565 2741 635 utique
2774 573 3029 633 tanquam
3055 562 3191 617 duos
3215 561 3335 615 vio-

1765 660 1929 715 lasset
1962 660 2208 714 homines
2235 658 2360 727 jure
2403 665 2772 720 accnsaretur,
2799 656 2895 710 sed
2923 668 3091 708 unum
3138 652 3333 714 solum,

1764 752 2011 822 quamvis
2035 750 2269 805 fortasse
2294 765 2357 804 ex
2391 749 2568 802 anima
2601 758 2658 803 et
2680 761 2910 816 corpore
2938 743 3334 806 consideretur,

1764 850 1821 896 et
1865 842 1931 897 iis
1960 856 2080 910 quae
2109 839 2351 894 alterutri
2385 838 2657 901 accidunt,
2683 844 2877 890 natura
2898 836 2969 889 sit
2998 849 3102 888 non
3124 833 3334 896 eadem,

1764 936 1859 991 sed
1890 935 2102 988 diversa
2134 950 2149 995 ;
2184 933 2256 986 ita
2290 931 2527 987 vicissim
2559 931 2611 984 in
2639 928 2862 985 Christo
2891 935 2977 981 est
3028 923 3338 993 intelligeno

1766 1026 1891 1081 dum
1924 1043 1937 1078 :
1973 1040 2078 1079 non
2117 1024 2260 1077 enim
2287 1031 2370 1076 est
2409 1021 2627 1091 duplex,
2656 1021 2750 1076 sed
2784 1033 2922 1074 unus
2946 1026 3000 1073 et
3030 1016 3179 1072 solus
3225 1013 3334 1069 Do-

1767 1117 1944 1174 minus
1968 1131 2030 1171 ae
2067 1115 2235 1169 Filius
2288 1114 2414 1168 illud
2461 1129 2527 1167 ex
2582 1113 2691 1166 Deo
2735 1111 2894 1165 Patre
2947 1109 3204 1170 Verbum.
3230 1121 3336 1160 non

1765 1207 1883 1262 sine
1909 1220 2110 1268 carne;
2142 1219 2263 1257 nam
2297 1204 2441 1258 inter
2474 1202 2866 1257 humanitatem
2895 1208 2949 1253 et
2994 1198 3334 1253 divinitatem

1766 1300 2057 1353 maximam
2119 1312 2240 1351 esse
2294 1295 2653 1349 differentiam
2708 1293 2827 1347 sive
2878 1291 3193 1345 distantiam
3237 1302 3337 1354 ego

1764 1404 1981 1459 quoque
2038 1389 2209 1442 fateor
2241 1387 2495 1440 :diversa
2528 1396 2652 1441 sunt
2703 1387 2849 1442 enim
2882 1397 3003 1453 quae
3032 1381 3114 1435 his
3159 1378 3337 1432 nomi-

1766 1483 1923 1537 nibus
1960 1482 2288 1545 indicantur,
2321 1479 2463 1548 quod
2494 1480 2559 1533 ad
2591 1480 2855 1533 rationem
2912 1474 3167 1530 essentiae
3210 1486 3336 1538 per-

1767 1575 1923 1635 tinet,
1952 1578 2006 1626 et
2030 1570 2160 1624 nihil
2196 1570 2336 1623 inter
2359 1584 2416 1624 se
2445 1569 2639 1623 similia
2660 1568 2931 1623 videntur.
2961 1568 3028 1618 At
3065 1564 3153 1619 ubi
3184 1562 3338 1616 nobis

1766 1662 2037 1733 profertur
2066 1663 2117 1716 in
2145 1662 2379 1717 medium
2405 1660 2607 1716 Christi
2638 1660 2978 1731 mysterium,
3005 1657 3151 1711 illius
3186 1657 3339 1707 unio-

1768 1752 1851 1805 nis
1894 1753 2033 1807 ratio
2103 1768 2209 1806 non
2267 1754 2479 1821 ignorat
2534 1751 2751 1821 quidem
2816 1748 3195 1812 diﬂ‘erentiam,
3248 1747 3340 1799 sed

129 1836 199 1887 οὐκ
230 1836 395 1903 ἀγνοεῖ
418 1838 516 1905 μὲν
546 1839 645 1906 τὴν
671 1838 954 1908 διαφορὰν,
990 1839 1230 1907 ἐξίστησι
1253 1840 1309 1892 δὲ
1338 1839 1436 1908 τὴν
1458 1840 1660 1909 διαίρε-

1765 1843 2084 1897 divisionem
2158 1819 2568 1909 excludit;non
2656 1843 2799 1912 quod
2881 1839 3177 1897 confundat
3250 1846 3342 1889 aut

132 1940 218 1978 σιν⁶
248 1929 301 1979 οὐ
329 1929 567 1996 συγχέων
604 1927 726 1998 [τὰς
760 1927 973 1998 φύσεις]
1008 1928 1041 1999 ἧ
1088 1930 1399 2001 ἀνακιρνῶν
1424 1932 1522 1993 τὰς
1561 1930 1663 2001 φύ·

131 2033 240 2079 σεις·
268 2017 373 2070 ω’
399 2019 481 2071 ὅτι
523 2017 731 2089 σαρκὸς
753 2020 848 2071 καὶ
874 2018 1106 2088 αῖματος
1139 2019 1493 2090 μετεσχηκὼς
1517 2022 1545 2072 ό
1567 2020 1663 2074 τοῦ

127 2108 226 2160 Θεοῦ
250 2108 423 2176 Λόγος,
442 2102 523 2172 εἷς
548 2109 617 2179 δὴ
649 2108 813 2162 πάλιν
840 2110 935 2162 καὶ
969 2109 1145 2171 οὕτως
1170 2112 1199 2163 6
1225 2111 1352 2172 Υἱὸς
1369 2109 1478 2181 [Ion
1508 2107 1665 2176 οὗτος

129 2197 244 2270 Υἱὸς]
277 2202 465 2252 νοεῖται
511 2201 614 2252 καὶ
656 2200 1004 2269 ὀνομάζεται.
1038 2200 1173 2253 Οὐδὲ
1204 2199 1333 2273 [τον.
1363 2204 1427 2255 σὺ
1453 2203 1509 2255 δὲ
1543 2203 1558 2269 Ῐ
1588 2205 1662 2275 μὴ

126 2288 279 2357 χρῆναι
309 2288 477 2355 λέγων
518 2288 782 2358 χριστοὺς
809 2286 1169 2359 ὀνομάζεσθαι
1215 2289 1329 2353 δύο,
1368 2292 1507 2361 μήτε
1556 2293 1663 2362 μὴν

126 2379 239 2441 υίοὺς
261 2379 529 2449 ὁμολογεῖν
563 2375 708 2433 εἶναι
735 2380 848 2444 δύο,
874 2382 971 2432 καὶ
999 2380 1095 2448 τῆς
1120 2383 1201 2443 είς
1226 2380 1385 2434 τοῦτο
1406 2381 1667 2453 δογματι-

125 2471 197 2538 xi);
217 2470 485 2543 ὀρθότητος
510 2469 863 2544 [ἁπλότητος]
897 2471 1254 2524 ὑποκλέπτων
1286 2471 1387 2543 τὴν
1409 2471 1660 2543 δόκησιν,

123 2560 191 2613 Wo
214 2562 268 2634 δὴ
292 2563 455 2631 λέγων
488 2564 692 2632 ἁλίσκῃ
718 2564 995 2631 χριστοὺς,
1043 2562 1137 2615 καὶ
1168 2564 1247 2629 είς
1280 2564 1453 2636 ίδικὴν
1480 2566 1666 2638 ἑτερό-

123 2672 227 2724 τητα
254 2655 447 2718 διῖστὰς
473 2653 769 2725 ἄνθρωπον
798 2653 891 2706 καὶ
929 2654 1062 2707 Θεόν
1083 2669 1098 2684 ο
1145 2656 1241 2709 καὶ
1285 2656 1377 2709 τὸν
1431 2656 1552 2725 μὲν,
1579 2660 1666 2711 ὲν-

122 2745 400 2815 εργούμενον
418 2761 436 2775 ⁸
472 2745 569 2797 τὸν
592 2744 672 2807 δὲ,
704 2743 797 2796 καὶ
826 2744 1172 2815 ἑνηργηκότα
1202 2745 1520 2811 καταδεῖξαι
1546 2764 1667 2800 πει-

122 2838 420 2907 ρᾶσαι.Ἐχει
458 2837 517 2890 δὲ
557 2836 705 2891 οὕτω
743 2839 811 2890 τὰ
852 2838 1007 2908 παρὰ
1046 2837 1169 2890 σοῦ’

172 2926 378 2997 [Ἤγουν
405 2928 500 2982 τοῦ
534 2928 882 2997 Μονογενοῦς
908 2928 1118 2993 εὐδοξία
1166 2932 1296 2983 ποτὲ
1328 2933 1427 3001 μὲν
1451 2932 1529 3003 τῷ
1555 2936 1668 2987 Πα-

119 3020 184 3083 τρὶ
215 3021 530 3088 περιῆπται·
571 3020 768 3073 «Ἐστι
802 3018 927 3090 γὰρ,
962 3021 1151 3089 φησὶν,
1190 3023 1219 3073 6
1264 3022 1449 3095 Πατήρ
1493 3041 1595 3094 μου
1638 3029 1668 3079 6

120 3110 309 3173 δοξάζων
354 3129 454 3181 με’
493 3132 511 3162 ι
565 3111 703 3164 ποτὲ
756 3110 835 3175 δὲ,
889 3111 968 3181 τῷ
1020 3113 1331 3182 Πνεύματι·
1389 3133 1407 3165 t
1439 3114 1513 3166 Τὸ
1556 3114 1665 3186 γὰρ

121 3202 298 3271 Πνεῦμα
320 3205 419 3275 τῆς
446 3204 736 3276 ἀληθείας,
766 3200 1084 3273 φησὶν,’ἔμὲ
1115 3203 1363 3268 δοξάσει·
1400 3224 1417 3255 ι
1454 3206 1582 3259 ποτὲ
1607 3206 1663 3259 δὲ

119 3297 164 3362 τῇ
190 3297 400 3365 Χριστοῦ
432 3296 759 3366 δυναστείᾳ·
800 3316 819 3347 r
844 3295 1182 3361 Ἐξελθόντες
1228 3297 1356 3366 γὰρ,
1393 3298 1551 3366 φησὶ,
1584 3297 1664 3350 δι-

118 3390 369 3455 εκήρυσσον
416 3387 513 3441 τὸν
562 3387 726 3454 λόγον
756 3386 1056 3457 πανταχοῦ,
1086 3386 1182 3440 τοῦ
1213 3388 1419 3459 Κυρίου
1468 3404 1665 3457 συνερ-

119 3478 310 3541 γοῦντος,
342 3480 434 3532 καὶ
482 3482 579 3532 τὸν
630 3480 788 3545 λόγον
824 3478 1190 3548 βεβαιοῦντος,
1217 3479 1303 3532 διὰ
1331 3479 1440 3534 τῶν
1466 3482 1665 3535 ἐπακο-

120 3567 442 3638 λουθησάντων
478 3571 751 3640 σημείων.
766 3568 819 3641 r}

683 3704 937 3759 ΚΕΦΛΛ.
984 3708 1058 3759 Z'.

169 3836 216 3889 El
253 3840 345 3907 μὲν
372 3839 449 3900 ὡς
487 3836 654 3910 δόξης
702 3838 893 3891 ἐπιδεᾶ
934 3838 1026 3889 τὸν
1077 3841 1343 3910 μονογενῆ
1385 3842 1478 3894 τοῦ
1525 3842 1662 3895 Θεοῦ

119 3927 265 3996 Λόγον,
290 3930 420 3984 καθό
443 3932 566 3984 ἔστι
591 3932 686 3983 καὶ
717 3932 917 3984 νοεῖται
938 3930 1131 4000 Λόγος,
1158 3934 1250 3985 καὶ
1282 3933 1434 3986 οῦπω
1465 3950 1661 4005 escap-

120 4024 332 4089 κωμένος,
362 4023 689 4090 δεδοξάσθαι
724 4024 858 4092 φησὶ
887 4023 1042 4095 παρὰ
1075 4024 1170 4077 τοῦ
1198 4026 1412 4097 Πατρὸς
1440 4028 1532 4080 καὶ
1563 4027 1659 4080 τοῦ

120 4111 234 4177 ἁγίου
263 4113 600 4185 Πνεύματος,
636 4115 718 4167 ὅτι
743 4114 837 4166 καὶ
869 4115 1205 4185 παραπταίει
1229 4118 1322 4169 καὶ
1355 4117 1662 4189 διημάρτη-

120 4219 160 4253 κε
181 4204 217 4254 τ’
233 4205 477 4275 ἀληθοῦς,
507 4207 748 4276 παρήσω
778 4206 959 4275 λέγειν
982 4208 1062 4272 είς
1094 4209 1154 4261 τὸ
1180 4210 1381 4279 παρόν·
1408 4209 1530 4276 ἄγει
1552 4211 1660 4281 γὰρ

120 4295 227 4360 ἡμᾶς
250 4300 328 4369 ἐφ’
354 4299 544 4371 ἓτερον
580 4300 609 4352 6
649 4300 859 4369 καιρός.
880 4299 1262 4369 Ἑπιλελῆσθαι
1300 4300 1355 4353 δέ
1384 4318 1475 4371 μοι
1515 4302 1663 4355 δοκεῖ

118 4384 194 4438 τῶν
218 4391 405 4459 ἀρτίως
442 4388 602 4459 αὐτῷ
636 4388 1065 4460 τεθεωρημένων
1106 4407 1165 4442 τε
1206 4392 1297 4442 καὶ
1326 4392 1654 4462 εἰρημένων.

1768 1935 1991 1988 misceat
2049 1943 2292 1998 naturas,
2357 1935 2449 1989 sed
2508 1935 2651 2002 quod
2709 1933 2889 1988 carnis
2936 1940 2993 1986 et
3062 1928 3345 1997 sanguinis

1767 2026 2037 2096 particeps
2070 2025 2269 2081 factum
2297 2026 2470 2093 ipsum
2507 2024 2599 2079 Dei
2633 2024 2894 2089 Verbum,
2922 2036 3061 2077 unus
3089 2019 3199 2092 ω
3225 2035 3345 2073 rur-

1767 2134 1883 2173 sum
1900 2119 2061 2174 etiam
2086 2118 2188 2173 hoc
2220 2118 2378 2171 modo
2410 2116 2578 2173 Filius
2602 2116 2922 2184 intelligitur
2947 2124 2999 2169 et
3019 2113 3339 2183 appellatur.

1770 2211 1847 2265 'l‘u
1876 2225 2005 2265 vero
2052 2224 2173 2264 cum
2210 2208 2344 2263 duos
2390 2209 2629 2263 christos
2682 2207 2938 2277 appellari
2987 2221 3094 2259 non
3145 2205 3342 2257 debere

1768 2300 1937 2361 dicas,
1972 2314 2145 2366 neque
2179 2313 2368 2352 rursus
2389 2298 2525 2353 filios
2555 2297 2713 2353 fateri
2747 2298 2901 2362 duos,
2944 2303 2997 2350 et
3029 2294 3338 2364 Opinionem

1768 2388 1900 2441 recti
1926 2387 2193 2455 dogmatis
2220 2387 2463 2447 simules,
2520 2388 2655 2441 duos
2684 2396 2861 2439 tamen
2890 2386 3127 2440 christos
3158 2385 3340 2437 dicere

1766 2475 2130 2539 convinceris,
2157 2484 2209 2528 et
2236 2475 2288 2528 in
2330 2475 2606 2544 propriam
2647 2473 3020 2529 diversitatem
3063 2471 3339 2524 hominem

1769 2568 2046 2636 Deumque
2088 2566 2443 2636 distinguere,
2476 2573 2530 2619 et
2570 2564 2716 2618 illum
2744 2565 2960 2634 quidem
2993 2565 3063 2617 ad
3104 2575 3339 2630 operan-

1768 2660 1893 2715 dum
1924 2660 2075 2722 cieri,
2096 2659 2240 2713 hunc
2275 2658 2438 2712 etiam
2468 2658 2535 2711 ad
2558 2672 2694 2727 opus
2720 2658 2884 2722 ciere,
2910 2655 3125 2711 conaris
3153 2664 3338 2708 osten-

1768 2753 1915 2807 dere.
1954 2749 2066 2803 Tua
2102 2764 2336 2820 namque
2364 2749 2448 2803 illa
2483 2750 2561 2804 sic
2586 2750 2784 2803 habent

1841 2927 2115 3001 [Νεετοιι.
2168 2926 2260 2981 Illa
2311 2936 2460 2981 certe
2506 2925 2778 2997 Unigeniti
2834 2922 3155 2996 gloriﬁcatio
3205 2937 3340 2975 non-

1771 3035 2041 3089 nunquam
2096 3018 2245 3074 Patri
2301 3019 2633 3073 ascribitur:
2675 3036 2693 3069 ι
2750 3016 2865 3083 Est,
2928 3018 3127 3086 inquit,
3184 3014 3344 3068 Pater

1772 3125 1926 3165 mens
1970 3110 2061 3178 qui
2110 3110 2377 3179 gloriﬁcat
2422 3124 2508 3163 me
2530 3109 2572 3140 ³⁷
2606 3126 2623 3174 ;
2657 3128 2677 3162 ο
2732 3123 3117 3177 nonnunquam
3167 3106 3342 3176 Βρίγες

1772 3203 1844 3257 tui
1884 3221 1897 3257 :
1939 3221 1955 3253 ι
1984 3200 2239 3270 Spiritus,
2261 3201 2455 3269 inquit,
2479 3200 2724 3255 veritatis
2743 3215 2827 3254 mc
2854 3198 3174 3269 gloriﬁcabit
3212 3199 3255 3228 ³⁸
3279 3214 3293 3262 ;
3317 3217 3334 3249 ο

1767 3293 2059 3362 aliquando
2111 3303 2295 3347 autem
2358 3292 2557 3345 Christi
2617 3293 2915 3359 potentiae:
2972 3309 2990 3341 ι
3070 3290 3342 3344 Exeuntes

1765 3385 1935 3447 enim,
1982 3383 2175 3452 inquit,
2204 3380 2812 3451 praedicabantverbum
2859 3381 3077 3451 ubique,
3112 3379 3339 3433 Omnino

1766 3485 2110 3545 cooperante,
2141 3485 2191 3529 et
2247 3488 2551 3530 sermonem
2589 3473 2949 3528 conlirmante
2990 3472 3341 3541 sequentibus

1766 3568 1935 3639 signis
1966 3568 2029 3622 ”.
2048 3586 2064 3618 ι
2089 3565 2108 3638 ]

2396 3702 2547 3757 CAP.
2596 3701 2703 3755 VII.

1848 3839 1902 3893 Si
1948 3847 2203 3905 tanquam
2237 3852 2429 3906 expers
2477 3838 2663 3906 gloriae
2702 3836 3035 3905 unigenitum
3077 3836 3168 3889 Dei
3203 3834 3336 3890 Ver-

1765 3930 1912 3992 bum,
1951 3947 2054 3999 qua
2102 3940 2187 3984 est
2231 3939 2283 3983 et
2349 3929 2662 3999 intelligitur
2705 3928 2960 3990 Verbum,
3013 3938 3065 3980 et
3103 3929 3336 3981 nondum

1766 4024 2125 4087 incarnatum,
2150 4021 2283 4075 dicit
2307 4033 2427 4073 esse
2461 4018 2815 4088 gloriﬁcatum
2848 4032 2876 4070 a
2911 4016 3088 4079 Patre,
3123 4024 3338 4069 sancto-

1763 4128 1869 4182 que
1910 4111 2152 4181 Spiritu;
2206 4112 2309 4165 labi
2362 4111 2510 4164 illum
2544 4119 2598 4165 et
2628 4127 2657 4165 a
2695 4111 2921 4164 veritate
2954 4110 3230 4169 aberrare,
3270 4108 3335 4158 ml

1764 4219 2003 4275 praesens
2036 4206 2189 4258 mitto
2234 4204 2436 4265 dicere.
2498 4205 2562 4255 ad
2592 4202 2735 4257 aliud
2784 4216 3017 4270 namque
3066 4215 3164 4255 nos
3203 4214 3337 4268 prae-

1763 4311 1887 4351 sens
1914 4295 2061 4350 ducit
2082 4294 2314 4348 occasio.
2352 4292 2457 4347 Sed
2485 4293 2615 4347 mihi
2653 4291 2868 4347 videtur
2895 4292 3096 4347 oblitus
3148 4306 3338 4346 eorum

1763 4404 1883 4456 quae
1964 4401 2136 4454 nuper
2188 4385 2255 4438 ab
2303 4384 2417 4452 ipso
2467 4383 2805 4437 considente
2865 4383 3115 4453 dictaque
3165 4393 3335 4437 sunt:

121 4476 228 4548 Ἔφη
256 4480 373 4550 γὰρ,
398 4482 513 4551 Οὐχ
541 4482 735 4551 ἕτερος
767 4483 863 4534 καὶ
893 4481 1079 4552 ἕτερος
1108 4484 1137 4534 ό
1163 4482 1415 4552 Χριστὸς,
1446 4484 1546 4537 οὐκ
1572 4484 1658 4537 ἄλ-

1767 4481 1903 4535 dixit
1933 4480 2078 4533 enim
2119 4496 2131 4531 :
2173 4476 2283 4530 Non
2340 4486 2424 4529 est
2478 4474 2618 4529 alios
2659 4484 2710 4528 et
2759 4474 2898 4529 alius
2931 4474 3202 4541 Christus,
3231 4489 3337 4529 non

117 4566 178 4630 λος
203 4572 281 4622 καὶ
314 4572 473 4634 ἄλλος
516 4572 683 4635 Υίός·
713 4571 833 4625 οὐδὲ
860 4574 970 4643 γὰρ
1016 4573 1213 4646 ἔχομεν
1252 4578 1507 4645 χριστοὺς
1540 4576 1653 4641 δύο,

118 4658 185 4706 καὶ
210 4660 341 4723 υίούς
368 4661 481 4714 δύο.
503 4660 675 4726 Ἀλλ’,
707 4654 753 4714 ὦ
784 4661 1141 4728 συνετώτατε,
1180 4664 1348 4734 φαίην
1395 4665 1482 4730 ἂν,
1512 4668 1557 4718 εί
1586 4669 1652 4737 τῇ

117 4747 303 4815 Χριστοῦ
362 4753 667 4823 δυναστείᾳ
715 4753 1020 4824 περιῆφθαι
1071 4754 1375 4808 διαὸεὸαιοῖ
1416 4756 1515 4827 τὴν
1561 4755 1654 4809 τοῦ

117 4836 394 4909 Ἀσιαγενοῦς
427 4844 705 4909 εὐδοξίαν,
732 4843 849 4908 πῶς
878 4846 975 4916 οὐχ
997 4846 1181 4918 ἕτερος
1219 4847 1313 4899 καὶ
1339 4846 1524 4917 ἕτερος
1545 4843 1656 4901 εἷεν

118 4928 177 4997 ἂν,
208 4936 361 5005 ﬁmi);
385 4937 448 4990 οὐ
472 4937 574 4990 δύο
604 4936 786 5007 πάντη
817 4953 877 4989 τε
912 4936 1006 4990 καὶ
1026 4936 1242 4999 πάντως
1266 4976 1281 5001 ,
1315 4936 1475 5009 εἴπερ
1508 4938 1656 4991 ἐστὶν

117 5024 222 5093 ῡὺχὸ
242 5029 389 5093 αὐτὸς
412 5031 442 5081 ό
469 5029 659 5091 διδοὺς
679 5029 775 5083 καὶ
799 5028 1109 5099 δεχόμενος,
1139 5030 1308 5098 ἤγουν
1333 5030 1655 5101 περιάπτων

115 5115 167 5179 ὥς
188 5119 331 5193 ἑτέρῳ
356 5124 490 5193 παρ’
511 5122 713 5176 ἑαυτὸν
751 5121 820 5175 τὰ
855 5120 1012 5191 φύσει
1046 5123 1315 5193 προσόντα
1344 5122 1512 5192 αὐτῷ.
1532 5124 1652 5175 Ἐν-

118 5208 275 5281 ΐργτικι
312 5214 440 5283 γοῦν
492 5214 918 5286 ὲνεργούμενος,
945 5214 1020 5277 ὡς
1065 5214 1251 5286 ἕτερός
1276 5231 1359 5277 τις
1394 5215 1653 5284 ὑπάρχων

118 5296 295 5367 Χριστὸς
322 5306 475 5377 παρὰ
513 5305 613 5360 τὸν
660 5305 945 5374 Μονογενῆ
1012 5305 1063 5357 εί
1092 5304 1198 5375 γὰρ
1231 5304 1528 5374 περιῆπται
1555 5303 1652 5374 μὲν

118 5391 241 5461 αὐτῷ,
268 5397 401 5450 καθὰ
446 5396 583 5467 φὴς,
629 5396 661 5466 ἡ
691 5394 789 5448 τοῦ
829 5394 1167 5462 Μονογενοῦς
1200 5394 1448 5460 εὐδοξία,
1495 5395 1561 5463 τῇ
1596 5394 1653 5447 δὲ

118 5485 211 5553 παρ’
238 5487 388 5541 αὐτοῦ
442 5486 742 5557 δυναστείᾳ
780 5485 1076 5557 χρώμενοι,
1107 5484 1526 5557 διεκηρύττοντο
1558 5486 1651 5537 καὶ

120 5580 377 5644 ιὶργάςοντο
433 5583 539 5646 τὰς
589 5580 919 5650 θεοσημείας
962 5580 1012 5633 οί
1056 5579 1335 5633 θεσπέσιοι
1385 5577 1646 5649 μαθηταὶ,

120 5752 146 5779 θ
176 5756 301 5815 Joan.
330 5778 441 5827 \‘lll,
485 5762 579 5817 54.
655 5762 698 5793 ³⁸
724 5760 880 5815 Joan.
920 5774 1023 5820 va,
1058 5759 1138 5813 Η.
1222 5759 1264 5788 ³³
1298 5756 1462 5811 Marc.
1498 5770 1606 5818 xw,
1638 5755 1723 5807 20.

1764 4572 1903 4627 alius
1950 4580 2003 4625 et
2056 4570 2191 4622 alius
2230 4567 2441 4621 Filius:
2491 4581 2665 4635 neque
2696 4567 2835 4621 enim
2893 4564 3152 4621 habemus
3204 4566 3340 4621 duos

1764 4663 1999 4717 christos
2041 4662 2282 4728 duosque
2314 4657 2473 4712 ﬁlios.
2503 4654 2631 4723 Sed,
2662 4672 2695 4709 ο
2750 4656 2833 4709 vir
2892 4656 3335 4723 prudentissime,

1765 4754 2006 4821 inquam,
2049 4751 2091 4805 si
2117 4749 2317 4803 Christi
2374 4746 2627 4816 potentia:
2685 4747 2882 4801 ascribi
2931 4746 3167 4801 aﬂirmas
3202 4746 3337 4801 Uni-

1766 4845 1931 4915 gcnili
1991 4844 2460 4913 glorificationem,
2510 4840 2780 4909 quomodo
2828 4854 2933 4893 non
2979 4839 3117 4894 alter
3170 4841 3243 4893 sit
3284 4848 3339 4893 et

1762 4937 1922 5001 alter,
1949 4946 2041 4988 aut
2077 4936 2346 5003 quomodo
2379 4949 2483 4988 non
2522 4946 2746 5003 prorsus
2772 4933 2897 4995 duo,
2928 4931 3197 5001 siquidem
3228 4947 3336 4985 non

1760 5031 1904 5084 idem
1965 5038 2049 5083 est
2081 5027 2170 5095 qui
2231 5027 2323 5079 dat
2353 5036 2405 5079 et
2434 5026 2523 5095 qui
2576 5025 2794 5093 accipit,
2849 5034 2942 5077 aut
2973 5024 3063 5092 qui
3113 5023 3340 5078 ascribit

1763 5119 1916 5175 alteri
1945 5130 2198 5188 tanquam
2227 5134 2254 5170 a
2286 5133 2344 5172 se
2399 5118 2630 5183 diverso,
2680 5133 2799 5187 qua:
2824 5117 3051 5185 sibi'per
3086 5128 3333 5168 naturam

1763 5211 2281 5281 insunt?0peratus
2342 5222 2423 5266 est
2466 5226 2594 5281 ergo
2642 5212 2908 5272 Christus,
2959 5209 3211 5275 idemque
3266 5208 3332 5260 ad

1761 5303 2093 5373 operandum
2123 5302 2332 5357 excitus
2366 5313 2621 5371 tanquam
2646 5302 2890 5355 diversus
2910 5299 2975 5354 ab
3005 5298 3293 5368 Unigenito
3318 5318 3333 5354 :

1764 5411 1885 5450 nam
1912 5396 1958 5450 si
1998 5395 2288 5449 ascribitur
2339 5395 2462 5462 ipsi,
2503 5404 2559 5447 ut
2591 5392 2815 5453 asseris,
2868 5390 3134 5461 Unigeniti
3172 5393 3335 5462 glori-

1764 5486 1964 5548 ﬁcatio.
2003 5494 2056 5540 et
2112 5486 2345 5554 potentia
2395 5485 2606 5553 ahipso
2634 5485 2755 5537 data
2811 5493 3021 5537 utentes
3062 5483 3200 5536 beati
3258 5482 3329 5536 illi

1762 5576 2006 5647 discipuli
2030 5576 2416 5647 praedicabant,
2452 5586 2503 5631 ct
2530 5577 2706 5631 divina
2739 5575 2823 5630 illa
2861 5575 3012 5645 signa
3040 5574 3328 5635 faciebant,
