4028 6428
638 345 706 398 37
1628 335 1684 388 S.
1725 333 2001 390 CYRlLLl
2037 334 2506 391 ALEXANDRINI
2549 337 2864 395 ARCIIIEP.
3825 346 3894 400 88

640 461 907 534 quomodo
957 457 1099 528 quod
1159 455 1271 512 dixi
1328 455 1512 526 negari
1558 453 1781 524 potest?
1813 451 2078 520 Operatus
2107 452 2214 506 erit

2317 455 2433 519 πῶς
2458 457 2556 510 ούκ
2589 458 2782 527 ἀληθὲς
2818 459 2954 528 ὅπερ
2982 457 3147 528 ἐφην;
3185 460 3305 529 Ἐνή
3317 477 3486 530 ργηκε
3507 461 3613 532 γάρ
3637 463 3896 532 ἀλλοτρίᾳ

641 556 783 611 enim
825 551 998 610 aliena
1029 552 1228 605 virtute
1265 559 1443 610 utens,
1481 555 1540 600 ut
1571 560 1677 602 non
1715 544 1848 612 ipse,
1881 543 1974 598 sed
2005 543 2098 613 qui
2147 543 2212 597 ad

2315 546 2541 616 δυνάμει
2587 547 2902 618 χρώμενος,
2937 548 3004 600 ἵν’
3038 551 3068 601 ὁ
3109 550 3433 620 ἐνεργήσας,
3481 551 3576 603 καὶ
3621 551 3722 604 οὐκ
3764 551 3900 605 αὑτό

641 659 776 714 opus
802 645 1002 704 ciebat,
1033 643 1100 698 ab
1137 641 1222 699 his
1250 639 1341 710 qui
1389 638 1444 694 in
1475 637 1674 693 mundo
1727 647 1908 698 erant,
1949 634 2216 704 gloriﬁca-

2313 634 2428 704 Ιτσ.
2465 635 2650 708 αὐτός]
2682 654 2782 689 που
2812 637 3012 706 μᾶλλον
3040 638 3190 708 παρά
3213 639 3322 690 τῶν
3354 639 3416 691 ἐν
3446 639 3638 710 κόσμῳ
3670 639 3900 710 δοξάζη-

644 745 811 798 retur.
841 732 981 802 Quid
1017 733 1200 802 igitur,
1242 744 1446 799 quaeso,
1500 729 1554 783 in
1584 743 1648 783 eo
1687 726 1919 796 amplius
1970 725 2215 782 cernitur

2316 750 2429 786 ται.
2457 733 2523 785 Τί
2560 729 2674 795 οὖν,
2711 733 2830 786 εἰπέ
2859 751 2969 803 μοι,
2995 732 3058 786 τὸ
3087 733 3249 787 πλέον
3279 733 3335 786 ἐν
3365 750 3424 786 τε
3445 734 3594 805 αῦτῷ
3621 734 3900 803 φαίνεται,

643 839 804 893 quam
839 824 892 877 in
919 824 1126 878 sanctis
1155 820 1419 887 apostolis
1445 819 1466 873 ?
1495 833 1619 872 nam
1649 817 1704 872 bi
1753 830 1856 870 non
1890 829 1984 870 sua
2012 815 2217 870 virtute

2319 823 2545 883 καὶτοῖς
2568 821 2743 888 ἁγίοις
2764 821 3118 886 ἀποστόλοις;
3163 821 3609 875 Ἀποτετελέκασι
3646 823 3754 892 γὰρ
3798 824 3902 875 οὐκ

645 914 907 973 miracula
955 913 1344 982 perfecerunt:
1391 911 1553 981 idque
1583 907 1686 978 ipsi
1737 916 1925 976 aperte
1981 906 2214 962 confessi

2322 912 2429 983 ἰδίᾳ
2477 912 2704 983 δυνάμει
2743 913 2840 977 τὰς
2881 913 3356 983 θαυματουργίαςο
3403 915 3499 966 καὶ
3541 912 3702 966 τοῦτο
3743 914 3902 967 αὐτοὶ

644 1012 770 1060 sunt
793 1022 808 1060 :
829 1004 971 1074 digni
1001 1016 1237 1073 namque
1305 1010 1431 1057 sunt
1491 998 1650 1054 laude
1675 1007 1732 1053 et
1761 999 1886 1068 quia
1935 999 1986 1052 id
2014 1011 2217 1066 cogno-

2317 1003 2674 1075 ὡμολόγησαν
2699 1003 2942 1075 ἐναργῶς
2963 1019 2976 1034 ⁸
3003 1003 3328 1071 ἀξιάγαστοι
3358 1003 3466 1072 γὰρ
3495 1003 3602 1075 [δέῙ
3629 1005 3719 1060 καὶ
3741 1003 3905 1055 τοῦτο

644 1104 862 1160 verunt,
901 1104 957 1149 et
989 1094 1114 1163 quia
1160 1094 1213 1148 in
1259 1093 1390 1164 ipsis
1443 1099 1758 1162 operantem
1819 1088 2214 1159 gloriﬁcabant.

2319 1089 2542 1155 εἰδότες,
2591 1091 2684 1143 καὶ
2720 1091 2812 1144 τὸν
2854 1093 2915 1144 ἐν
2956 1092 3138 1155 αὐτοῖς
3171 1091 3500 1162 ἐνεργοῦντα
3545 1092 3861 1158 δοξάζοντες
3887 1110 3901 1122 υ

646 1184 760 1241 Hoc
787 1184 835 1242 si
861 1185 933 1239 ita
956 1193 1062 1250 est,
1099 1198 1281 1239 annon
1347 1196 1559 1253 aequum
1581 1189 1699 1236 erat
1749 1188 1807 1235 ut
1853 1179 2105 1235 Christus
2127 1178 2217 1246 qui

2320 1178 2439 1235 εἶτα
2465 1181 2579 1245 πῶς
2601 1182 2702 1236 οὐκ
2729 1181 2836 1236 ἔδει
2859 1182 2948 1236 τὸν
2969 1183 3361 1254 ἐνεργούμενον
3385 1183 3514 1254 παρ’
3545 1182 3734 1252 ἐτέρου
3761 1183 3906 1235 κατὰ

646 1277 715 1331 ab
761 1275 888 1340 alio,
944 1283 1001 1330 ut
1039 1283 1092 1330 tu
1126 1273 1349 1336 asseris,
1377 1271 1444 1326 ad
1496 1269 1827 1340 operandum
1858 1268 2124 1330 ciebatur,
2165 1277 2220 1320 et

2323 1272 2383 1324 σέ
2417 1272 2668 1342 Χριστὸν,
2702 1273 2796 1326 καὶ
2833 1273 3065 1344 θύραθεν
3098 1274 3290 1344 ἔχοντα
3316 1274 3414 1344 τὴν
3438 1273 3531 1327 τοῦ
3565 1273 3906 1341 Μονογενοῦς

647 1368 990 1422 extrinsecus
1050 1365 1284 1422 habebat
1312 1362 1584 1434 Unigeniti
1617 1362 1868 1432 gloriam,
1895 1359 1960 1413 ad
2001 1373 2059 1414 se
2086 1366 2218 1412 tan-

2321 1362 2584 1428 εὐδοξίαν,
2613 1366 2726 1427 τοῖς
2753 1363 3070 1436 προσιοῦσιν
3093 1364 3170 1428 ὼς
3202 1362 3344 1434 Θεῷ,
3368 1364 3464 1417 καὶ
3507 1363 3608 1432 τῆς
3650 1362 3780 1431 παρ’
3803 1361 3906 1414 αὒ-

646 1474 809 1528 quam
834 1459 900 1516 ad
928 1458 1035 1530 47
1070 1458 1233 1513 Deum
1275 1454 1683 1517 accedentibus,
1729 1461 1784 1508 et
1817 1451 1937 1521 ejus
1993 1464 2097 1519 ope
2132 1450 2218 1503 in-

2320 1454 2414 1507 τοῦ
2455 1455 2795 1526 δεδεημένοις
2839 1456 3160 1527 ἐπικουρίας
3214 1457 3529 1525 ἐπιφωνεῖν,
3564 1456 3622 1506 ἐν
3672 1453 3909 1522 ὀνόματι

648 1549 950 1619 digentibus
1015 1547 1357 1612 inclamaret,
1419 1546 1474 1600 ln
1531 1544 1768 1606 nomine,
1794 1557 1886 1596 seu
1935 1541 1986 1594 in
2021 1541 2222 1593 virtute

2322 1545 2415 1599 τοῦ
2440 1546 2800 1614 Μονογενοῦς.
2826 1549 2992 1618 ἦγουν
3015 1549 3072 1602 ἐν
3093 1547 3492 1618 δυνάμει,Τόδε
3515 1546 3566 1601 τί
3590 1563 3670 1599 σοι
3694 1545 3913 1613 γένοιτο

649 1638 922 1707 Unigeuiti
955 1639 1078 1702 hoc,
1102 1636 1250 1692 verbi
1271 1637 1466 1707 gratia,
1494 1635 1588 1689 tibi
1611 1633 1952 1688 commodum
1975 1629 2225 1684 eveniat?

2323 1636 2433 1691 τῶν
2460 1637 2716 1705 ἀγαθῶν;
2741 1638 2899 1692 τοῦτο
2923 1639 3031 1708 γάρ
3063 1639 3234 1710 ἔδρων
3259 1641 3310 1693 οἱ
3340 1641 3604 1706 πάνσοφοι
3639 1636 3909 1709 μαθηταὶ,

648 1744 770 1782 nam
807 1729 856 1783 id
890 1727 1159 1783 faciebant
1194 1727 1267 1782 illi
1291 1724 1678 1796 sapientissimi
1719 1721 1988 1790 discipuli,
2026 1720 2223 1786 ubique

2337 1723 2544 1798 Ἰησοῦν
2568 1729 2659 1782 τὸν
2680 1731 2745 1784 ἐκ
2773 1730 3028 1801 Ναζαρὲτ
3056 1731 3413 1801 ὀνομάζοντες
3438 1729 3734 1799 πανταχοῦ.
3750 1728 3882 1781 Ἀλλ
3901 1727 3915 1747 ’

645 1816 833 1873 Iesum
865 1834 928 1874 ex
961 1817 1232 1872 Nazareth
1255 1784 1736 1887 appellantes.Sed
1761 1811 2033 1865 neminem
2069 1824 2221 1878 pror-

2326 1784 2502 1870 οὑδενὶ
2542 1818 2641 1887 μὲν
2671 1818 2828 1872 τοῦτο
2854 1784 3296 1890 προσπεφύίνηξιε
3327 1784 3649 1881 πα-ντελῶςῗ
3670 1815 3913 1869 ἀνετίθει

648 1924 742 1965 sus
765 1910 838 1963 ita
867 1920 951 1963 est
980 1908 1270 1972 allocutus,
1311 1920 1528 1974 suaeque
1570 1905 1749 1972 potius
1787 1901 1977 1955 virtuti
2025 1913 2224 1969 perpe-

2326 1906 2384 1958 δὲ
2414 1906 2617 1976 μᾶλλον
2651 1907 2758 1978 ἰδίᾳ
2793 1908 3019 1976 δυνάμει
3051 1907 3124 1962 τά
3158 1908 3596 1980 κατορθούμενα·
3627 1906 3757 1961 ποτέ
3808 1905 3914 1974 μὲν

656 2009 797 2053 trata
824 1999 979 2069 signa
1015 1999 1305 2061 tribuebat,
1335 2011 1479 2050 nunc
1526 1994 1742 2062 quidem
1773 1991 1932 2046 caecis
1987 1991 2171 2046 dicens
2207 2007 2222 2042 :

2328 1996 2504 2064 λέγων
2547 2000 2660 2062 τοῖς
2703 1999 2943 2069 τυφλοῖς,
2981 2018 3000 2052 ι
3031 2002 3323 2054 Πιστεύετε
3362 2001 3445 2053 ὅτι
3485 1998 3718 2068 δύναμαι
3746 1996 3919 2051 τοῦτο

656 2113 674 2144 ι
712 2091 945 2148 Creditis
975 2089 1118 2160 quod
1143 2088 1348 2159 possim
1379 2086 1434 2140 id
1457 2086 1636 2141 facere
1659 2082 1742 2136 “‘3
1764 2101 1783 2134 ι
1821 2092 1872 2136 et
1903 2095 2226 2136 consensum

2330 2091 2588 2160 ποιῆσαι;
2621 2110 2640 2144 ι
2668 2092 2762 2144 καὶ
2787 2093 2889 2160 τὴν
2915 2094 3221 2147 συναίνεσιν
3246 2093 3520 2147 ἀπαιτῶν⁸
3544 2092 3674 2145 ποτέ
3694 2091 3750 2146 δὲ
3778 2107 3886 2160 μετ
3907 2091 3919 2110 ’

650 2196 948 2252 exposcens
981 2197 998 2247 ;
1029 2194 1174 2234 nunc
1195 2192 1318 2232 cum
1360 2175 1584 2244 imperio
1619 2175 1865 2242 exigens,
1897 2187 1960 2226 ac
1987 2171 2176 2226 dicens
2210 2190 2223 2225 :

2329 2180 2577 2244 ἐξουσίας
2628 2182 2876 2234 ἀπαιτῶν
2927 2181 3052 2255 [Ion
3083 2181 3385 2254 παρέλκει]
3437 2182 3633 2250 λέγων,
3687 2199 3704 2231 ι
3735 2180 3917 2242 Θέλω,

659 2293 679 2328 ι
713 2273 870 2338 Volo,
899 2272 1159 2326 mundare
1192 2269 1234 2301 ⁸¹
1265 2287 1280 2337 ;
1313 2287 1334 2322 ι
1374 2283 1471 2323 cur
1501 2281 1609 2322 non
1642 2263 2021 2335 praetermissis
2063 2263 2226 2318 anili-

2332 2270 2724 2342 καθαρίσθητι·
2755 2290 2774 2322 ι
2805 2271 2856 2324 τί
2898 2273 2972 2342 μὴ
2996 2272 3191 2342 παρεὶς
3216 2272 3284 2324 τά
3309 2270 3493 2341 σαυτῴ
3527 2288 3585 2323 τε
3623 2269 3718 2323 καὶ
3761 2268 3923 2339 μόνῳ

653 2366 752 2420 bus
773 2363 1005 2427 fabellis,
1029 2375 1165 2432 quas
1186 2361 1280 2415 tibi
1322 2369 1376 2415 et
1394 2359 1494 2414 soli
1518 2368 1858 2412 commentus
1879 2372 1958 2420 es,
1985 2354 2228 2427 mysterii

2331 2361 2672 2431 ἐξευρημένα
2696 2363 3025 2434 γραοπρεπῆ
3062 2362 3298 2433 μυθάρια
3329 2365 3465 2432 σοφῇ
3489 2360 3694 2430 διανοίᾳ
3719 2360 3783 2413 τὸ
3817 2359 3919 2413 τοῦ

652 2454 1074 2525 profunditatem
1109 2451 1336 2521 sapienti
1361 2448 1592 2505 consilio
1622 2447 1892 2517 perquiris
1922 2447 1946 2500 ?
1981 2447 2086 2502 Sed
2115 2461 2230 2514 per-

2335 2451 2638 2521 μυστηρίου
2670 2453 3009 2525 περιεργάςῃ
3049 2453 3244 2522 βάθοςς
3286 2453 3402 2506 ἀλλ’
3441 2452 3589 2507 ἐστιν
3635 2452 3781 2515 ἰδεῖν,
3833 2453 3923 2504 ὅτι

654 2547 898 2616 spicuum
928 2554 1010 2601 est
1030 2559 1210 2599 rerum
1238 2544 1291 2598 in
1319 2542 1510 2612 primis
1559 2541 1768 2595 utilium
1795 2540 2044 2610 exiguam
2076 2554 2231 2608 pror-

2332 2543 2438 2598 τῶν
2469 2542 2569 2611 μὲν
2598 2542 2910 2610 ἀναγκαίων
2932 2544 3010 2603 εἰς
3031 2542 3238 2612 ὄνησιν,
3261 2541 3438 2609 ὀλίγος
3459 2541 3608 2611 αὺτῷ
3633 2540 3923 2604 παντελῶς

656 2653 747 2691 sus
786 2638 860 2690 illi
897 2651 1085 2691 curam
1137 2649 1281 2699 esse,
1340 2648 1404 2686 ac
1445 2629 1843 2702 quodammodo
1876 2637 2121 2683 metuere
2165 2643 2231 2681 ne

2331 2637 2359 2688 ὁ
2391 2633 2546 2702 λόγος
2567 2651 2578 2662 ·
2610 2633 2746 2687 δέδιε
2790 2633 3060 2704 δὲῶσπερ
3101 2633 3175 2705 μὴ
3205 2633 3312 2706 ἄρα
3344 2651 3397 2686 τι
3429 2634 3523 2687 καὶ
3551 2633 3660 2686 τῶν
3690 2633 3921 2700 ἀληθῶν

659 2730 787 2796 quid
820 2729 932 2782 veri
988 2742 1178 2794 parum
1219 2726 1512 2780 advertens
1567 2723 1730 2786 dicat,
1761 2730 1811 2775 et
1862 2721 1994 2774 recti
2028 2719 2230 2790 aliquid

2334 2725 2804 2796 παραφθέγξαιτοο
2845 2726 3022 2779 καίτοι
3062 2725 3169 2797 [τσ.
3209 2725 3408 2797 καίτε]
3444 2726 3555 2779 τῶν
3584 2725 3922 2796 ἐπαινουμέ-

657 2817 862 2870 sentire
922 2815 1358 2883 deprehendatur
1406 2831 1418 2866 :
1473 2823 1528 2868 et
1575 2810 1958 2865 absurdissima
2005 2823 2233 2877 quaeque

2340 2833 2441 2868 νων
2490 2814 2643 2884 ἁλοίη
2691 2815 3077 2887 πεφρονηκώςο
3127 2815 3298 2870 οἴεται
3337 2815 3394 2870 δέ
3443 2817 3551 2869 πᾶν
3593 2814 3768 2868 ἁτιοῦν
3805 2815 3931 2868 τῶν

658 2909 876 2979 cogitat,
910 2918 964 2962 et
985 2907 1383 2963 inconsiderate
1403 2903 1692 2960 admodum
1729 2909 1949 2956 accusat
1983 2899 2233 2955 Ecclesiae

2340 2905 2750 2975 άπηχεστάτων,
2783 2907 2878 2960 καλ⁴
2901 2906 3287 2961 ἀκατάσκοπον
3316 2907 3512 2978 κομιδῆ
3539 2906 3648 2959 τῶν
3671 2906 3770 2977 τῆς
3798 2905 3931 2960 Ἐκ-

662 3003 935 3070 dogmata.
976 2998 1138 3068 Atqui
1180 2997 1490 3052 meminisse
1526 3009 1647 3049 eum
1697 2993 1935 3063 oportuit
1977 2991 2068 3046 Dei
2117 3006 2234 3046 ver-

2337 2997 2565 3067 κλησίας
2593 2999 2876 3068 δογμάτων
2905 2998 3140 3053 ποιεῖται
3189 2999 3288 3070 τὴν
3332 3001 3704 3070 κατάῤῥησινο
3738 2999 3927 3053 καίτοι

662 3093 877 3157 borum,
908 3088 1210 3160 praepositis
1248 3085 1592 3142 rationalium
1644 3099 1866 3155 gregum
1921 3097 2016 3150 per
2044 3096 2231 3136 vocem

2338 3105 2405 3158 με
2415 3087 2648 3159 μνῆσθαι
2685 3089 2801 3144 δέον
2823 3088 2985 3142 αὑτὸν
3006 3089 3139 3143 Θεοῦ
3160 3089 3407 3158 λέγοντος
3429 3088 3516 3142 διά
3544 3089 3730 3159 φωνῆς
3759 3089 3929 3152 Ἰεζε-

662 3183 913 3239 Ezechiel
947 3183 1212 3238 dicentis:
1252 3197 1272 3232 ι
1342 3177 1605 3234 Prteclara
1657 3190 1853 3247 pascua
1902 3175 2232 3244 depasceha-

2339 3178 2462 3250 χιὴλ
2493 3182 2607 3242 τοῖς
2637 3180 2744 3233 τῶν
2783 3179 3015 3248 λογικῶν
3074 3181 3339 3248 ποιμνίων
3379 3179 3794 3249 προεστηκόσιν,
3839 3177 3930 3231 ὅτε

663 3277 816 3341 mini,
869 3285 924 3330 et
970 3289 1166 3344 aquam
1227 3273 1613 3328 consistentem
1671 3268 1937 3324 bibebatis
1966 3284 1980 3333 ;
2013 3280 2068 3321 et
2111 3269 2236 3322 reli-

2341 3276 2436 3343 τὴν
2497 3290 2516 3324 ι
2551 3271 2738 3343 Καλὴν
2790 3271 2961 3342 νομὴν
2999 3271 3288 3342 ἐνέμεσθε,
3337 3272 3431 3325 καὶ
3472 3271 3533 3324 τὺ
3582 3270 3932 3340 καθεστηκὸς

663 3385 824 3438 quain
854 3367 1154 3422 turbabatis
1178 3365 1402 3436 pedibus
1429 3362 1647 3428 vestris,
1687 3372 1741 3415 et
1786 3373 1916 3414 oves
1948 3373 2079 3413 meae
2106 3373 2237 3413 con-

2343 3363 2484 3435 ῦδωρ
2527 3364 2763 3428 ἐπίνετε,
2795 3363 2890 3417 καὶ
2937 3363 3000 3416 τὸ
3051 3364 3379 3418 κατάλοιπον
3427 3364 3753 3435 ἐταράττετε
3807 3365 3934 3426 τοῖς

664 3461 884 3514 culeata:
908 3457 1133 3528 pedibus
1173 3455 1370 3510 vestris
1399 3453 1848 3522 depaseebantur,
1878 3460 1931 3503 et
1967 3451 2236 3503 turbatam

2348 3463 2501 3516 ποσὶν
2536 3462 2712 3532 ὑμῶν,
2745 3462 2842 3516 καὶ
2872 3461 2943 3518 τ,ἀ
2967 3461 3216 3533 πρόδατά
3247 3479 3347 3532 μου
3385 3461 3453 3514 τά
3473 3461 3618 3531 nec",
3630 3479 3774 3531 ματα
3811 3461 3939 3513 τῶν

664 3565 859 3619 aquam
923 3549 1146 3618 pedibus
1196 3547 1396 3601 vestris
1441 3545 1697 3599 bibebant
1725 3544 1792 3596 “.
1835 3561 1854 3593 ι
1896 3540 2004 3596 Nos
2066 3541 2234 3606 enim,

2348 3555 2518 3608 ποδῶν
2558 3553 2711 3625 ὑμῶν
2754 3555 3042 3624 ἐνέμοντοι·
3096 3554 3191 3607 καὶ
3237 3553 3297 3607 τὸ
3334 3553 3736 3624 τεταρξλγμένον
3778 3551 3939 3623 ὕδωρ

666 3641 922 3696 divinitus
976 3639 1256 3710 inspiratis
1313 3637 1533 3691 Litteris
1603 3635 1840 3688 animum
1890 3632 2235 3703 adjicientes,

2345 3647 2448 3700 ὑπὸ
2478 3647 2587 3699 τῶν
2624 3646 2800 3700 ποδῶν
2846 3645 2999 3716 ὑμῶν
3029 3645 3293 3699 ἐνέπινον.
3327 3664 3346 3696 ι
3383 3644 3516 3708 Ταῖς
3542 3643 3642 3714 μὲν
3666 3643 3774 3714 γὰρ
3801 3643 3934 3697 θεο-

666 3735 921 3802 praeclara
942 3747 1140 3802 pascua
1165 3727 1528 3798 depascimur,
1548 3736 1605 3780 ut
1625 3725 1886 3795 scriptum
1910 3733 2014 3789 est,
2045 3738 2239 3794 aquam

2346 3735 2477 3789 πνεύ
2487 3753 2630 3797 στοις
2649 3736 2894 3805 Γραφαῖς
2918 3735 3007 3789 τὸν
3027 3735 3150 3789 νοῦν
3174 3736 3405 3798 ἐνιέντες
3426 3737 3606 3805 ἡμεῖς,
3628 3734 3726 3805 τὴν
3751 3733 3937 3805 καλὴν

666 3829 830 3884 etiam
886 3827 1272 3880 consistentem
1309 3822 1568 3883 bibimus,
1622 3821 1724 3874 hoc
1775 3829 1884 3884 est,
1935 3833 2242 3873 sermonem

2348 3830 2515 3899 νομὴν
2547 3827 2843 3900 νεμόμεθα,
2878 3826 3020 3882 κατά
3045 3827 3105 3880 τὸ
3131 3827 3545 3899 γεγραμμένον·
3581 3828 3676 3879 καὶ
3697 3826 3806 3896 μὴν
3831 3827 3939 3879 καὶ

668 3923 903 3992 Spiritus
938 3922 1159 3976 minime
1208 3918 1489 3972 mendacio
1525 3916 1764 3981 mistum,
1819 3927 1872 3971 et
1899 3917 2242 3986 perspicuum

2346 3922 2405 3974 τὸ
2427 3919 2570 3992 ὕδωρ
2600 3919 2828 3990 πίνομεν
2853 3919 2914 3972 τὸ
2946 3918 3307 3989 καθεστηκὸς,
3331 3919 3596 3984 τουτέστι,
3620 3917 3712 3971 τὸν
3747 3918 3937 3988 ἀμιγῆ

670 4031 732 4068 ac
758 4013 1106 4081 purissimum
1141 4029 1154 4065 :
1187 4010 1278 4065 ubi
1308 4024 1436 4064 vero
1466 4009 1632 4064 veluti
1695 4011 1934 4078 ingratas
1985 4006 2243 4078 quasdam

2352 4011 2422 4081 τῷ
2441 4011 2647 4082 ψεύδει,
2670 4011 2837 4083 διειδῆ
2862 4029 2923 4066 τε
2951 4012 3046 4067 καὶ
3075 4012 3463 4084 καθαρώτατον
3485 4011 3577 4064 τοῦ
3610 4009 3748 4065 Πνεύ
3758 4028 3943 4081 ματος

673 4115 978 4159 nostrarum
1017 4103 1408 4174 cogitationum
1439 4102 1586 4157 faces
1619 4101 1670 4154 in
1690 4115 1756 4156 eo
1779 4114 2032 4156 sermone
2058 4099 2248 4155 misee-

2352 4103 2523 4170 λόγον·
2566 4103 2901 4174 ἐμφύροντες
2925 4103 2984 4157 δέ
3012 4103 3105 4158 καὶ
3133 4103 3527 4174 ἀναμίσγοντες
3555 4102 3708 4156 θολὸν
3733 4101 3892 4155 ῶσπε
3903 4120 3943 4172 ρ

672 4215 812 4262 mus,
844 4213 1077 4265 emuque
1104 4196 1508 4261 contundimus,
1537 4195 1838 4250 Salvatoris
1871 4195 2040 4250 nostri
2067 4193 2248 4264 gregi-

2352 4195 2470 4248 τινά
2506 4195 2614 4248 τῶν
2652 4195 2794 4248 ἰδίων
2822 4195 3223 4266 ἐνθυμημάτων
3249 4195 3311 4250 τὸ
3335 4195 3570 4266 ἀτερπὲς
3609 4193 3778 4263 αὐτῷ,
3805 4197 3943 4255 ταῖς

670 4293 771 4345 bus
805 4290 1153 4345 insidiantur.
1185 4287 1298 4342 lloe
1334 4289 1510 4357 ipsum
1540 4302 1726 4342 verum
1757 4301 1900 4348 esse.
1934 4285 2089 4340 nobis
2121 4299 2245 4354 per-

2358 4286 2442 4340 τοῦ
2471 4287 2720 4358 Σωτῆρος
2758 4287 2981 4355 ἀγέλαις
3007 4287 3449 4357 ἐπιϐουλεύομεν.
3481 4286 3800 4354 Ἐκδείξειεν
3867 4287 3949 4341 ἂν

672 4384 917 4452 spicuum
971 4382 1172 4435 facient
1219 4396 1282 4435 ea
1337 4395 1457 4450 quae
1510 4380 1576 4434 de
1612 4379 1831 4434 Christo
1867 4394 2057 4434 rursus
2090 4377 2158 4432 ab
2183 4391 2248 4431 co

2354 4377 2446 4430 καὶ
2501 4377 2657 4432 τοῦτο
2709 4380 2844 4449 ἡμῖν
2899 4379 2976 4443 ὼς
3029 4379 3174 4434 ἐστιν
3205 4379 3406 4444 ἀληθὲς
3435 4379 3502 4434 τὰ
3531 4379 3657 4449 περὶ
3688 4379 3945 4449 Χριστοῦ

671 4484 727 4529 et
767 4473 1097 4542 excogitata,
1151 4481 1204 4526 et
1257 4481 1462 4526 temere
1507 4470 1651 4525 dicta
1683 4478 1831 4536 sunt,
1882 4484 2001 4539 qute
2034 4469 2114 4526 sic
2144 4469 2244 4524 ha-

2354 4470 2514 4523 πάλιν
2543 4469 2693 4540 αὑτῷ
2716 4470 3102 4542 τεθεωρημένα
3123 4488 3182 4524 τε
3206 4471 3301 4525 καὶ
3328 4469 3616 4540 ἀτημελῶς
3637 4468 3941 4539 εἰρημένω

674 4569 838 4620 bent:

2354 4559 2468 4629 ἔχει
2507 4559 2564 4612 δὲ
2603 4558 2793 4621 οὕτως·

745 4657 1027 4729 [Νεςτοιι.
1063 4653 1191 4706 Erat
1224 4651 1555 4720 quidemille
1602 4651 1746 4705 Deus
1784 4651 2041 4712 Verbum,
2085 4653 2246 4706 etiam

2425 4649 2555 4724 ['Hv
2589 4651 2688 4722 μὲν
2721 4651 2829 4721 γάρ
2859 4652 2887 4704 ὁ
2916 4651 3046 4715 Θεὸς
3079 4653 3250 4719 Λόγος
3277 4650 3372 4703 καὶ
3401 4648 3509 4720 πρὸ
3537 4648 3638 4718 τῆς
3662 4648 3948 4719 ἐνανθρω-

675 4760 963 4817 antequam
993 4747 1158 4800 homo
1193 4742 1365 4809 ﬁeret,
1407 4742 1576 4796 Filius
1606 4753 1660 4797 et
1703 4745 1860 4808 Deus,
1917 4753 1973 4798 et
2023 4759 2252 4797 consen-

2360 4748 2597 4816 πήσεως,
2633 4744 2759 4805 Υἱὸς
2791 4743 2882 4796 καὶ
2904 4743 3056 4806 Θεὸς,
3087 4743 3182 4795 καὶ
3203 4741 3466 4794 συναινῶν
3491 4740 3566 4811 τῷ
3597 4741 3770 4811 Πατρί
3795 4757 3809 4772 ·
3839 4742 3951 4796 άν-

678 4843 815 4893 tiens
838 4837 983 4891 Patri
1015 4854 1027 4888 :
1056 4836 1300 4903 suscepit
1323 4849 1451 4888 vero
1491 4835 1880 4904 posterioribus
1919 4835 2252 4903 temporibus

2357 4838 2516 4890 έλαὸε
2555 4836 2612 4888 δέ
2642 4837 2698 4887 ἐν
2728 4835 2972 4904 ὑστέροις
3003 4835 3214 4903 καιροῖς
3244 4833 3342 4900 τὴν
3365 4832 3458 4885 τοῦ
3480 4832 3665 4885 δούλου
3694 4835 3948 4903 μορφήν.

677 4931 820 4985 servi
850 4929 1112 4982 fortnam:
1142 4927 1234 4980 sed
1275 4940 1399 4979 cum
1439 4933 1580 4980 esset
1616 4936 1774 4978 antea
1810 4923 1980 4979 Filius
2005 4935 2062 4980 et
2089 4941 2250 4980 voca-

2372 4928 2508 4981 Ἀλλ’
2542 4927 2617 4980 ὢν
2646 4926 2751 4997 πρὸ
2777 4926 2964 4979 τούτου
2989 4925 3137 4989 Υἱὸς,
3161 4923 3254 4978 καὶ
3288 4924 3638 4993 καλούμενος,
3674 4925 3812 4992 μετά
3837 4924 3953 4997 τὴν

679 5028 847 5084 retur,
879 5029 996 5086 post
1020 5016 1444 5083 assumptionem
1474 5030 1579 5069 non
1609 5023 1784 5084 potest
1811 5017 1990 5070 vocari
2021 5017 2248 5070 seorsim

2358 5018 2623 5086 ἀνάληψιν
2656 5017 2716 5069 οὺ
2750 5015 2971 5069 δύναται
3016 5013 3298 5068 καλεῖσθαι
3329 5014 3748 5084 κεχωρισμένως
3781 5013 3948 5079 Υἱὸς,

681 5111 871 5172 Filius,
904 5123 974 5163 ne
1009 5107 1142 5161 duos
1175 5105 1318 5160 ﬁlios
1375 5105 1821 5176 dogmatizemus.
1872 5105 1977 5159 Sed
2025 5108 2148 5175 quia
2177 5105 2251 5160 illi

2363 5113 2443 5164 ἵνα
2469 5111 2543 5181 μὴ
2564 5110 2657 5163 δύο
2678 5110 2825 5172 υἱοὺς
2857 5108 3291 5179 δογματίσωμεν.
3311 5106 3450 5159 Ἀλλ’
3475 5106 3770 5175 ἐπειδήπερ
3792 5107 3887 5158 ἐκε
3902 5108 3919 5136 ³
3936 5139 3954 5150 ο

680 5201 1000 5268 conjunctus
1030 5208 1113 5251 est
1166 5195 1305 5250 Filio
1333 5195 1424 5266 qui
1465 5204 1583 5248 erat
1617 5196 1669 5248 in
1708 5195 1992 5263 principio,
2052 5198 2253 5266 quique

2366 5220 2434 5272 νῳ
2465 5202 2733 5272 συνῆπται
2789 5201 2865 5272 τῷ
2915 5203 2973 5253 ἐν
3016 5202 3158 5272 ἀρχῇ
3210 5202 3321 5253 δντι
3352 5199 3466 5270 Υίῷ
3508 5198 3585 5269 τῷ
3613 5198 3748 5268 πρὸς
3772 5200 3957 5253 αὑτὸν

680 5291 778 5344 sibi
814 5289 1094 5358 copulatus
1127 5297 1230 5351 est,
1269 5301 1373 5340 non
1431 5295 1608 5355 potest
1656 5287 1796 5354 quod
1829 5287 1896 5340 ad
1937 5286 2250 5356 dignitatem

2363 5294 2704 5363 συναφθέντι,
2729 5296 2790 5347 οὑ
2823 5294 3040 5347 δύναται
3068 5294 3206 5346 κατά
3234 5293 3295 5345 τὸ
3317 5291 3530 5362 ἀξίωμα
3560 5292 3658 5361 τῆς
3688 5292 3954 5362 υίότητος

683 5382 960 5436 tiliationis
1015 5380 1228 5444 attinet,
1278 5377 1598 5431 divisionem
1653 5377 1929 5446 suscipere
1973 5380 2158 5448 :quod
2187 5379 2253 5433 ad

2368 5385 2623 5456 διαίρεσιν
2653 5385 2903 5453 δέξασθαι
2930 5402 2943 5416 ο
2977 5383 3116 5438 κατὰ
3140 5385 3198 5436 τὸ
3224 5381 3439 5453 ἀξίωμά
3463 5401 3606 5454 φημι
3629 5384 3724 5453 τῆς
3755 5387 3959 5459 υίότη-

683 5474 998 5540 dignitatem
1021 5470 1316 5533 ﬁliationis,
1339 5471 1578 5539 inquam,
1602 5485 1704 5522 non
1730 5470 1872 5536 quod
1899 5470 1962 5521 ad
1995 5479 2250 5524 naturas:

2366 5494 2472 5538 τος,
2512 5477 2571 5527 οὐ
2607 5476 2746 5530 κατά
2773 5475 2873 5538 τὰς
2903 5475 3109 5544 φύσεις.
3146 5475 3243 5528 Διά
3292 5475 3449 5527 τοῦτο
3499 5476 3592 5528 καὶ
3619 5477 3877 5545 Χριστὸς,
3924 5485 3957 5536 ό

684 5567 801 5620 ideo
834 5564 994 5617 etiam
1022 5563 1272 5617 Christus
1309 5562 1604 5632 appellatur
1641 5561 1726 5614 ille
1769 5560 1881 5632 48
1935 5561 2074 5616 Deus
2118 5561 2248 5619 Ver-

2362 5569 2491 5630 θεὸς
2524 5569 2692 5637 Λόγος
2731 5569 3074 5636 ὀνομάζεται,
3104 5568 3332 5638 ἐπείπερ
3371 5568 3481 5638 ἔχει
3510 5569 3608 5639 τὴν
3642 5571 3947 5638 συνάφειαι.

757 5741 800 5772 ³ο
831 5740 1022 5793 Matth.
1061 5757 1133 5806 ix,
1171 5741 1257 5794 ‘28.
1338 5741 1375 5771 “
1416 5739 1604 5792 Matth.
1646 5755 1757 5802 vui,
1796 5741 1846 5793 ’5.
1929 5742 1965 5769 ³³
2002 5739 2198 5794 Εωιιιι.
2229 5756 2415 5806 xxxiv,
2447 5745 2526 5798 18.
