4028 6432
134 366 194 419 39
1276 351 1652 411 ADVERSUS
1694 348 2100 407 NESTORIUM
2141 345 2269 401 LIB.
2312 344 2375 399 11.
3344 336 3413 392 90

132 483 217 551 τὴν
247 481 384 550 πρὸς
406 480 504 532 τὸν
531 478 770 551 Χριστὸν
798 478 1028 547 διηνεκῆ
1048 495 1061 507 ο
1096 476 1185 530 καὶ
1218 475 1319 528 οὐκ
1350 474 1465 527 ἔστι
1489 472 1580 527 τὸν
1604 471 1735 525 Θεὸν

1846 471 1990 536 bum,
2057 468 2181 538 quia
2216 465 2375 520 habet
2423 471 2739 532 perpetuam
2773 476 2894 514 cttm
2921 457 3139 513 Christo
3181 455 3412 525 conjun-

132 574 290 640 Λόγον
319 572 458 625 ἄνευ
486 571 587 640 τῆς
618 570 1041 640 άνθρωπότητος
1071 565 1274 637 πρᾶξαί
1296 583 1378 619 τι·
1401 564 1725 634 ἀπηκρίϐω-

133 680 209 714 ται
255 662 369 731 γὰρ
405 662 491 724 είς
532 660 715 728 ἄκραν
765 659 1082 725 συνάφειαν,
1125 658 1226 709 οὐκ
1274 657 1353 716 εἰς
1398 654 1727 718 ἀποθέωσιν,

132 751 262 803 κατὰ
312 751 451 816 τοὺς
517 750 729 819 σαφοῦς
778 748 889 801 τῶν
941 747 1320 819 δογματιστῶν
1374 746 1485 799 τῶν
1534 745 1730 799 νεωτέ-

133 842 280 914 ρωνοί

745 974 1001 1027 ΚΕΦΔΛ.
1044 975 1127 1028 H'.

204 1113 263 1165 '0
296 1112 483 1181 φάναι
511 1112 798 1183 τολμήσας
829 1112 931 1182 τὴν
972 1111 1067 1165 τοῦ
1115 1108 1455 1180 Μονογενοῦς
1491 1107 1729 1173 εὐδοξίαν

130 1220 187 1272 τῃ
219 1203 473 1274 Χριστοῦ
512 1203 820 1274 περιῆφθαι
845 1203 1151 1274 δυναστείᾳ,
1184 1201 1392 1256 καὶτὸν
1418 1201 1519 1270 τῆς
1543 1202 1732 1272 ἑνότη-

129 1312 211 1357 τος
242 1294 564 1365 σύνδεσμον
596 1296 931 1360 διασπάσας,
964 1295 1186 1361 συνάγει
1220 1294 1382 1350 πάλιν
1410 1293 1491 1357 είς
1518 1293 1732 1356 ἕνωσιν,

128 1387 328 1439 διαλύει
362 1404 431 1440 τε
472 1383 572 1451 αὖ,
620 1387 717 1439 καὶ
753 1387 1029 1457 ἐξίστησιν
1078 1386 1324 1456 ἀλλήλων
1365 1384 1465 1447 τὰς
1516 1384 1730 1453 φύσεις,

133 1481 369 1533 πλεῖστά
407 1496 474 1533 τε
513 1482 622 1533 ὅσα
656 1480 786 1549 περὶ
827 1478 1033 1532 τούτων
1060 1478 1193 1547 ἡμῖν
1223 1476 1498 1543 κενολογεῖ
1524 1475 1617 1527 καὶ
1647 1489 1730 1525 τε·

130 1572 445 1641 ρατεύεται,
468 1573 564 1625 ἵνα
595 1571 701 1625 κᾶν
724 1571 842 1624 εἴτι
872 1571 1114 1640 φαίνοιτο
1144 1570 1317 1636 λέγων
1342 1568 1451 1621 τῶν
1479 1568 1557 1631 είς
1581 1566 1735 1637 ὀρθό-

126 1683 255 1736 τητα
287 1664 673 1727 νενευκότων,
702 1664 1059 1735 ἐξελέγχηται
1095 1660 1282 1731 σαφῶς
1312 1662 1386 1733 μὴ
1416 1660 1570 1723 εἰδὼς
1596 1661 1624 1713 ὃ
1649 1660 1737 1713 λέ-

126 1774 219 1825 γει.
252 1754 426 1811 Εἶναι
474 1756 581 1827 μὲν
616 1756 727 1827 γὰρ
751 1755 940 1808 ἐνθάδε
976 1755 1109 1824 φησὶ
1137 1753 1226 1806 τὸν
1250 1752 1345 1806 τοῦ
1374 1751 1509 1805 Θεοῦ
1538 1752 1731 1819 Λόγον,

128 1814 215 1901 irai.
248 1849 392 1902 Υίὸν
418 1814 524 1903 καὶ
550 1814 710 1914 Θεδν,
737 1849 831 1901 καὶ
862 1848 969 1917 πρὸ
988 1814 1095 1914 si];
1114 1846 1582 1916 ὲνανθρωπήσεως
1602 1814 1736 1897 ’-καῖ
1768 1814 1810 1868 Β

131 1940 229 2007 μὴν
260 1940 353 1992 ὅτι
393 1940 496 1993 καὶ
546 1940 607 1991 έν
658 1939 909 2008 ὑπέροις
948 1940 1160 2007 καιροῖς
1209 1937 1437 1989 ἀνέλαϐε
1488 1937 1589 2006 τὴν
1641 1934 1735 1989 τοῦ

125 2031 311 2084 δούλου
345 2032 604 2101 μορφήν.
637 2029 819 2102 Φράζε
854 2030 919 2102 δὴ
952 2026 1064 2093 οὖν,
1097 2032 1144 2083 εἰ
1178 2031 1250 2100 μή
1289 2047 1371 2082 σοι
1397 2030 1539 2083 δοκῶ
1567 2030 1634 2082 τὰ
1665 2032 1739 2083 εί-

126 2123 251 2176 κότα
278 2124 504 2191 λέγειν,
535 2122 618 2185 τίς
646 2123 713 2192 δὴ
753 2123 863 2193 ἄρα
893 2124 1041 2176 ἐστὶν
1072 2124 1101 2175 ὀ
1129 2122 1550 2192 ὲνανθρωπῆσαι
1576 2121 1736 2189 λεγό-

127 2233 285 2283 μενος
310 2233 326 2281 ;
359 2216 466 2267 καὶ
494 2214 553 2267 τί
582 2214 665 2281 τὸ,
695 2214 1136 2284 ὲνανθρωπῆσαι,
1169 2214 1310 2283 φής;
1347 2212 1432 2273 τίς
1459 2214 1486 2265 ὁ
1515 2212 1614 2281 τήν
1643 2212 1738 2264 τοῦ

124 2306 310 2360 δούλου
363 2306 600 2376 μορφὴν
644 2306 966 2371 άναλαϐών;
1011 2305 1286 2375 ἀνελήφθη
1319 2304 1375 2358 δὲ
1407 2304 1539 2374 παρ’
1571 2304 1737 2356 αὐτοῦ

124 2398 237 2451 τίνα
268 2398 529 2467 τρόπονς
563 2398 690 2451 Ὀτι
723 2400 822 2469 μὲν
867 2392 961 2451 οὖν
993 2397 1280 2466 ἄνθρωπον
1320 2395 1737 2466 ἐνανθρωπῆσαι

124 2489 319 2556 λέγων,
355 2488 613 2558 γέλωτος
661 2488 820 2554 ἀξίαν
870 2491 1141 2558 ἀποφανεῖ
1182 2489 1282 2557 τὴν
1313 2486 1507 2541 ἑαυτοῦ
1545 2487 1737 2558 φρένα,

127 2582 238 2645 πῶς
271 2584 344 2636 ἂν
377 2582 694 2636 ὲνδοιάσειέ
719 2600 803 2645 τις
828 2600 842 2647 ;
870 2585 899 2634 ὁ
930 2582 1036 2652 γὰρ
1068 2580 1142 2635 ὢν
1167 2579 1451 2652 ἄνθρωπος
1478 2580 1619 2634 κατὰ
1642 2580 1741 2649 φύ-

127 2692 225 2737 σιν,
259 2675 391 2737 πῶς
431 2674 504 2728 ἂν
550 2674 577 2726 ὃ
619 2670 690 2744 ἦν
742 2674 955 2741 γένοιτο
995 2673 1177 2740 πάλιν,
1211 2675 1305 2727 καὶ
1333 2674 1408 2738 ὡς
1442 2675 1524 2743 ἐφ’
1550 2673 1743 2744 ἕτερόν

125 2782 171 2817 τι
196 2763 708 2835 μετακεχωρηκὼς
735 2764 819 2835 εἴη
847 2764 935 2827 ἃν,
964 2766 1104 2820 κατά
1132 2767 1196 2834 γέ
1225 2784 1368 2836 φημι
1398 2765 1488 2819 τὸν
1520 2767 1615 2834 τῆς
1644 2766 1743 2835 φύ-

127 2873 260 2918 σεως
287 2855 501 2922 λὸγον;
545 2854 620 2906 Τὸ
667 2854 723 2906 δὲ
762 2857 904 2909 κατὰ
939 2856 1098 2926 φύσιν
1132 2858 1269 2911 ἰδίαν
1301 2858 1401 2911 οὐκ
1435 2858 1738 2927 ἐλεύθερον,

126 2948 239 3001 τίνα
273 2946 496 3018 τρόπον
525 2947 596 3001 ἂν
626 2946 841 3015 λέγοιτο
884 2950 1216 3020 γεγενῆσθαι
1248 2950 1453 3013 δοῦλον,
1483 2952 1557 3014 ὡς
1587 2950 1743 3003 τοῦτο

125 3040 221 3091 οὐκ
254 3039 317 3091 ὃν
354 3040 423 3093 ὲν
457 3041 701 3111 ἀρχαῖςς
736 3039 950 3093 Οὐκοῦν
993 3042 1093 3094 οὐκ
1137 3041 1412 3113 ἀνθρώπῳ
1444 3043 1643 3113 πρέποι
1676 3043 1743 3096 ἂν

125 3130 203 3193 τὸ,
227 3130 703 3201 ἐνανθρωπῆσαι,
736 3129 933 3181 πολλοῦ
959 3146 1022 3198 γε
1048 3130 1155 3182 δεῖ·
1184 3131 1277 3183 καὶ
1304 3132 1403 3199 τὴν
1430 3132 1522 3184 τοῦ
1553 3132 1740 3184 δούλου
1770 3147 1811 3202 (ς

130 3222 345 3292 μορφὴν
374 3221 599 3285 λαϐεῖν,
624 3220 746 3289 οὐχὶ
775 3219 851 3289 τῷ
880 3223 973 3273 καὶ
996 3222 1054 3273 ὲν
1077 3221 1273 3291 ᾁρχαῖς
1302 3223 1361 3274 τὸ
1382 3222 1478 3291 τῆς
1501 3222 1743 3285 δουλείας

128 3314 301 3383 ἔχοντι
336 3312 583 3381 μέτρον,
609 3311 729 3364 ἀλλ’
754 3312 949 3382 ἐκείνῳ
978 3312 1197 3381 μᾶλλον,
1221 3312 1279 3375 ὃς
1312 3314 1409 3364 οὑκ
1435 3313 1508 3365 ὢν
1530 3312 1625 3367 ἄνθ
1636 3330 1741 3381 ρω-

129 3424 223 3469 πος
250 3404 406 3459 κατὰ
438 3402 639 3473 φύσιν,
668 3402 828 3456 τοῦτο
858 3403 1111 3472 γενέσθαι
1143 3403 1477 3457 πιστεύεταισ
1511 3404 1605 3457 καὶ
1638 3404 1744 3458 τῶν

129 3499 258 3551 ὅλων
288 3498 581 3567 ὑπάρχων
606 3496 910 3565 Δεσπότης,
935 3495 1009 3559 ὡς
1040 3495 1194 3559 Θεὸς,
1211 3495 1452 3564 καθῆκεν
1472 3496 1663 3549 ἑαυτὸν
1687 3497 1745 3548 ὲν

131 3593 236 3650 τοῖς
264 3588 396 3641 καθ’
422 3590 608 3659 ἡμᾶς,
644 3586 853 3648 ένώσας
881 3584 1058 3655 ἐαυτῷ
1092 3586 1212 3640 καθ’
1236 3587 1538 3639 ὑπόστασιν
1564 3586 1625 3639 τὸ
1653 3589 1745 3641 άν-

133 3680 431 3749 θρώπινον,
472 3679 578 3733 καὶ⁵
628 3678 731 3747 τὴν
782 3676 879 3730 τοῦ
928 3677 1114 3730 δούλου
1174 3676 1387 3748 μορφὴν
1436 3676 1742 3732 ἀναλαϐών.

134 3772 282 3825 Οὕτω
312 3774 434 3843 γὰρ
472 3772 637 3823 ἔσται
669 3770 765 3821 καὶ
798 3769 996 3840 ἀληθὲς
1025 3771 1162 3839 ὅπερ
1196 3768 1351 3840 ἔφης,
1380 3768 1462 3823 ὅτι
1486 3768 1623 3841 μετᾶ
1648 3769 1746 3841 τὴν

136 3861 402 3932 ἀνάληψιν
434 3862 504 3912 οὺ
538 3858 771 3911 δύναται
797 3858 1078 3911 καλεῖσθαι
1124 3858 1550 3929 κεχωρισμένως
1594 3859 1743 3923 Υἱὸς,

136 3951 214 4002 ἵνα
256 3952 335 4022 μὴ
368 3950 474 4005 δύο
506 3948 667 4009 υἱοὺς
700 3946 1143 4017 δογματίσωμεν.
1176 3948 1285 4002 Καὶ
1312 3950 1345 4018 ή
1382 3948 1483 4019 μὲν
1519 3948 1626 4001 τῶν
1659 3948 1743 4001 δο-

137 4044 354 4111 γμάτων
402 4040 555 4113 ὀρθή
592 4057 654 4093 τε
712 4041 804 4092 καὶ
833 4039 1212 4110 ἀδιάστροφος,
1260 4041 1355 4093 καὶ
1382 4042 1463 4104 είς
1493 4041 1621 4093 εὺθίι
1666 4040 1747 4094 δι-

142 4138 370 4217 άττουσα
410 4133 643 4207 τρίϐος,
677 4132 771 4202 ἥδε
798 4131 857 4183 τέ
885 4131 1003 4184 ἐστι
1032 4132 1126 4184 καὶ
1154 4133 1252 4201 οὐχ
1282 4131 1465 4203 ἑτέρα.
1496 4130 1668 4195 Αὐτὸς
1692 4131 1748 4185 δὲ

138 4227 194 4293 δὴ
224 4229 417 4295 πάλιν,
458 4227 492 4277 ὁ
519 4224 632 4290 τὴν
658 4220 1075 4294 ὲνανθρώπησιν
1105 4223 1239 4292 ἡμῖν
1271 4222 1545 4291 ὀνομάσας
1566 4220 1661 4275 τοῦ
1685 4222 1749 4274 ὲκ

142 4316 342 4386 Πατρδς
375 4316 552 4375 ὄντος
590 4310 792 4378 Λόγου,
837 4311 1123 4382 μονονουχὶ
1152 4310 1247 4363 καὶ
1280 4311 1359 4374 είς
1390 4310 1559 4381 λήθην
1588 4310 1749 4373 εὐθὺς

140 4398 203 4457 ὧν
234 4409 337 4478 ἔφη
384 4401 793 4476 παρενεχθεὶς,
829 4402 1066 4471 διῖστησι
1096 4402 1257 4455 πάλιν
1287 4403 1366 4465 είς
1394 4402 1487 4454 δύο
1513 4401 1605 4455 τὸν
1630 4400 1746 4467 ἕνα,

1833 564 2068 617 ctionem
2109 572 2331 627 :neque
2385 554 2651 625 contingit
2699 563 2757 607 ut
2801 552 2942 605 Deus
3006 548 3243 603 Verbum
3293 547 3413 601 sine

1836 651 2175 707 humanitate
2226 647 2393 701 faciat
2446 642 2648 714 aliquid
2680 660 2695 698 :
2723 642 3016 710 perductus
3054 646 3139 693 est
3169 639 3311 690 enim
3344 634 3412 687 ad

1834 756 2102 798 summam
2158 736 2620 806 coniunctionem,
2657 748 2762 787 non
2793 732 2859 785 ad
2899 728 3324 789 deiﬁcationem,
3352 732 3413 778 ut

1835 833 2107 904 sapientes
2144 845 2176 886 e
2205 825 2603 885 recentioribus
2650 821 2997 894 dogmatistis
3031 813 3342 887 asserunt.]

2460 958 2614 1016 CAP.
2651 954 2789 1011 VIII.

1908 1100 2013 1169 Qui
2064 1099 2250 1154 dicere
2302 1110 2466 1151 ausus
2511 1101 2595 1151 est
2633 1090 2910 1161 Unigeniti
2965 1087 3410 1160 gloriﬁcationem

1837 1192 2042 1251 Christi
2074 1188 2329 1261 potentiae
2370 1186 2561 1249 tribui,
2619 1193 2674 1239 et
2724 1182 2814 1253 qui
2864 1181 3138 1236 vinculum
3191 1179 3413 1233 unitatis

1836 1283 2109 1349 distraxit,
2128 1294 2317 1336 rursus
2344 1278 2410 1332 ad
2433 1277 2685 1331 unionem
2703 1273 2822 1342 conj
2835 1273 3007 1342 ungit,
3049 1269 3414 1340 disjungitque

1841 1391 2055 1440 rursus,
2085 1383 2142 1429 et
2174 1379 2396 1427 naturas
2426 1370 2657 1423 invicem
2682 1375 2925 1436 separat,
2956 1374 3013 1418 et
3044 1364 3131 1418 his
3163 1362 3229 1419 de
3251 1362 3414 1417 rebus

1840 1464 2238 1537 quamplurima
2283 1460 2439 1518 nobis
2458 1473 2596 1513 vane
2618 1466 3042 1527 portentoscque
3071 1453 3330 1522 loquitur,
3357 1459 3417 1504 ut

1838 1556 2072 1613 etiamsi
2102 1554 2233 1624 qttid
2268 1552 2402 1608 recti
2440 1550 2621 1605 dicere
2672 1547 2942 1611 videatur,
2999 1553 3175 1599 tamen
3228 1552 3415 1612 aperte

1840 1656 2167 1718 coarguatur
2191 1645 2443 1715 ignorare
2469 1643 2598 1713 quid
2620 1641 2783 1696 dicat.
2803 1638 2936 1694 Nam
2964 1638 3067 1692 hoc
3096 1637 3214 1691 loco
3241 1635 3413 1704 ipsum

1845 1740 1936 1793 Dci
1970 1736 2206 1792 Verbum
2237 1744 2291 1789 et
2338 1732 2535 1786 Filium
2563 1740 2618 1786 ct
2659 1731 2825 1784 Deum
2856 1742 2977 1783 esse
3022 1724 3219 1781 asserit
3252 1724 3415 1778 etiam

1840 1838 2132 1895 antequam
2170 1825 2334 1877 homo
2362 1824 2516 1876 ﬁeret
2540 1838 2555 1887 ;
2582 1827 2840 1889 praeterea
2860 1816 3255 1885 posterioribus
3282 1823 3419 1868 tem-

1840 1918 2059 1989 poribus
2099 1913 2330 1969 i‘ormam
2380 1911 2522 1966 servi
2585 1909 2885 1976 accepisse.
2951 1905 3173 1975 Explica
3229 1903 3417 1971 igitur,

1840 2011 1942 2065 nisi
1980 2009 2073 2063 tibi
2123 2004 2511 2074 consequentia
2574 2002 2761 2057 videor
2797 2001 2999 2065 dicere,
3042 1997 3289 2067 quisnam
3330 1994 3423 2050 ille

1841 2110 1923 2156 est
1947 2100 2037 2169 qui
2091 2100 2253 2153 homo
2286 2096 2461 2150 factus
2508 2109 2627 2148 esse
2671 2092 2919 2146 dicitur?
2950 2090 3081 2160 quid
3119 2089 3282 2143 etiam
3318 2088 3422 2141 hoc

1842 2194 2014 2262 ipsum
2045 2190 2320 2245 hominem
2381 2185 2499 2240 ﬁeri
2530 2184 2666 2240 dicis
2697 2185 2719 2236 ?
2748 2184 2995 2251 quisnam
3034 2181 3122 2234 ille
3165 2179 3256 2247 qui
3304 2177 3421 2231 for-

1842 2300 1982 2337 mam
2008 2283 2150 2337 servi
2184 2279 2471 2348 suscepit?
2507 2287 2561 2332 et
2590 2291 2826 2345 quonam
2864 2274 3023 2328 modo
3059 2272 3125 2327 ab
3149 2286 3213 2326 eo
3235 2284 3423 2325 susce-

1842 2381 1930 2442 pta
1956 2380 2040 2426 est
2067 2370 2185 2423 ?Ac
2216 2369 2260 2423 si
2302 2367 2575 2421 hominem
2626 2365 2828 2419 dixerit
2882 2375 3002 2417 esse
3045 2363 3422 2423 humanatum,

1843 2464 2127 2533 quisquam
2160 2475 2228 2515 ne
2263 2458 2471 2513 dubitet
2517 2457 2648 2527 quin
2709 2454 3039 2509 sententiam
3088 2469 3251 2508 suam
3308 2453 3420 2505 risu

1844 2557 2059 2624 dignam
2090 2553 2158 2607 sit
2190 2550 2510 2622 proditurus
2542 2549 2564 2602 ‘i
2591 2561 2717 2602 nam
2762 2546 2853 2615 qui
2900 2546 3060 2599 homo
3099 2544 3172 2599 sit
3224 2558 3421 2599 secun-

1844 2648 1971 2702 dum
2003 2654 2275 2706 naturam,
2319 2641 2590 2713 quomodo
2645 2639 2790 2710 quod
2829 2651 2948 2693 erat
2994 2653 3185 2692 rursus
3230 2635 3343 2703 (iet,
3370 2643 3425 2689 ct

1847 2750 2104 2808 tanquam
2129 2735 2181 2789 in
2212 2735 2356 2788 aliud
2388 2733 2669 2802 quidpiam
2718 2730 2996 2795 transibit,
3033 2729 3176 2798 quod
3207 2727 3275 2781 ad
3332 2743 3425 2780 na-

1847 2846 2001 2900 turae,
2031 2833 2274 2901 inquam,
2301 2831 2499 2883 attinet
2527 2829 2789 2881 rationem
2821 2827 2969 2892 ?Qui
3001 2827 3164 2880 etiam
3196 2841 3261 2879 ex
3307 2824 3423 2894 ipsa

1845 2941 1941 2979 sua
1994 2933 2187 2976 natura
2239 2935 2344 2974 non
2386 2929 2469 2973 est
2500 2918 2654 2983 liber,
2707 2915 2977 2985 quomodo
3017 2930 3210 2970 servus
3251 2915 3425 2969 factus

1845 3031 1965 3071 esse
1994 3014 2225 3076 dicetur,
2278 3021 2530 3080 tanquam
2573 3008 2836 3078 ejusmodi
2895 3015 3021 3061 ante
3066 3022 3171 3060 non
3207 3005 3423 3059 fuerit?

1847 3108 1988 3176 Ergo
2019 3106 2225 3160 homini
2259 3118 2363 3156 non
2389 3102 2675 3156 conveniet
2709 3099 2982 3154 hominem
3024 3098 3164 3161 ﬁeri,
3202 3112 3426 3167 prorsus

1848 3197 1993 3251 nullo
2042 3195 2220 3259 modo,
2257 3202 2312 3246 et
2343 3192 2485 3247 servi
2522 3192 2752 3246 formam
2796 3191 3066 3260 accipere,
3122 3203 3227 3244 non
3259 3190 3307 3243 ei
3332 3190 3426 3257 qui

1847 3294 2011 3348 etiam
2055 3307 2084 3345 a
2138 3288 2405 3359 principio
2458 3298 2770 3341 mensuram
2838 3292 2999 3351 atque
3056 3281 3427 3337 conditionem

1846 3384 2119 3440 servitutis
2148 3382 2376 3445 habeat;
2435 3378 2529 3433 sed
2557 3378 2633 3431 illi
2668 3376 2948 3441 nimirum,
2978 3374 3067 3445 qui
3101 3387 3224 3427 cum
3259 3372 3427 3425 homo

1848 3493 1953 3531 non
2006 3484 2152 3531 esset
2191 3471 2489 3528 secundum
2522 3478 2796 3532 naturam,
2828 3467 2879 3521 id
2914 3467 3090 3520 factus
3134 3478 3258 3519 esse
3302 3477 3426 3517 cre-

1848 3568 1993 3623 ditur
2024 3576 2116 3631 ;et
2144 3580 2266 3619 cum
2297 3562 2675 3616 universorum
2728 3566 2876 3613 esset
2913 3555 3197 3618 Dominus,
3243 3562 3432 3623 utpote

1848 3662 2013 3724 Deus,
2071 3660 2315 3727 seipsum
2376 3654 2444 3707 ad
2498 3663 2689 3706 nostra
2752 3648 2973 3718 deiecit,
3069 3648 3266 3701 uniens
3326 3647 3433 3701 sibi

1847 3753 2140 3807 secundum
2198 3747 2536 3818 hypostasim
2628 3744 2800 3813 ipsam
2872 3740 3296 3805 humanitatem,
3373 3747 3429 3793 et

1848 3844 1989 3899 servi
2057 3841 2285 3897 formam
2340 3850 2643 3893 assumens.
2693 3833 2787 3889 Sic
2823 3848 3058 3902 namque
3080 3847 3265 3886 verum
3322 3830 3431 3885 erit

1850 3936 1991 4005 quod
2016 3933 2224 3997 dixisti,
2258 3940 2380 4000 post
2413 3926 2847 3995 assumptionem
2886 3941 2991 3979 non
3028 3940 3187 3992 posse
3232 3922 3431 3978 Filium

1850 4026 2036 4081 vocari
2116 4023 2372 4087 seorsim,
2448 4035 2514 4074 ne
2576 4019 2713 4074 duos
2790 4018 2929 4073 ﬁlios
2977 4016 3427 4084 dogmatizemus.

1850 4118 1927 4171 Ac
1959 4125 2105 4171 recta
2134 4114 2351 4183 quidem
2370 4120 2424 4165 et
2452 4108 2674 4164 minime
2707 4122 2984 4178 perversa,
3006 4116 3061 4161 et
3082 4107 3134 4160 in
3158 4106 3427 4160 directum

1853 4208 2077 4264 tendens
2136 4204 2447 4273 dogmalum
2489 4199 2682 4255 semita
2724 4208 2921 4269 praeter
2972 4198 3112 4253 hanc
3165 4196 3308 4251 nulla
3349 4207 3434 4251 est

1852 4299 1991 4353 alia:
2024 4297 2147 4365 ipse
2195 4304 2374 4347 autem
2416 4291 2506 4361 qui
2557 4288 2997 4343 humanationem
3040 4284 3203 4342 Verbi
3233 4300 3297 4340 ex
3320 4285 3439 4341 Deo

1852 4387 2165 4445 exsistentis
2242 4382 2404 4449 dixit,
2482 4379 2876 4449 propemodum
2968 4378 3021 4431 in
3104 4375 3435 4431 oblivionem

144 4498 223 4549 καὶ
246 4472 373 4561 ταῖς
394 4472 516 4551 τῶν
535 4494 827 4563 ὀνομάτων
855 4492 1185 4565 [νοημάτων]
1214 4492 1511 4565 ὲξιτηλίαις
1536 4494 1742 4563 ἀσυφή-

1854 4481 1998 4537 illico
2040 4492 2228 4533 eorum
2269 4490 2388 4545 qua:
2464 4472 2624 4539 dixit,
2689 4473 2968 4539 abreptus,
3029 4484 3219 4523 rursus
3265 4483 3434 4521 unum

144 4590 231 4655 ὶως
257 4590 717 4661 ἐπινηχὸμενος·
755 4587 845 4640 καὶ
888 4588 1091 4655 φωναῖς
1127 4587 1511 4650 ἀϐασανίστοις
1541 4586 1628 4640 ἀεὶ
1660 4604 1752 4638 κε-

144 4685 434 4753 χρημένος.
486 4679 648 4748 Ἔφη
683 4679 813 4748 γάρ·
846 4679 1022 4749 [‘AD.‘
1050 4678 1348 4750 ἐπειδήπερ
1394 4678 1594 4747 ἐκείνῳ
1629 4695 1753 4731 συν-

144 4777 297 4844 ἧπται
331 4776 418 4847 τῷ
476 4775 544 4826 ὲν
605 4772 752 4843 ἀρχῇ
788 4771 903 4824 ὄντι
935 4770 1073 4841 Υίῷ,
1113 4770 1192 4842 τῷ
1244 4771 1379 4843 πρὸς
1422 4770 1585 4824 αὑτὸν
1626 4788 1751 4823 συν-

146 4871 388 4936 αφθέντι,
424 4868 492 4921 οὺ
557 4864 789 4918 δύναται
825 4864 967 4917 κατὰ
1005 4863 1065 4917 τὸ
1112 4862 1330 4934 ἀξίωμα
1360 4863 1460 4933 τῆς
1506 4862 1753 4931 υίότητος

145 4963 405 5036 διαίρεσιν
442 4955 722 5025 δέξασθαι
749 4974 762 4988 ·
800 4956 941 5009 κατὰ
967 4956 1028 5009 τὸ
1060 4955 1276 5025 ἀξίωμά
1318 4972 1481 5025 φησιν
1511 4954 1611 5023 τῆς
1636 4954 1749 5005 υίὸ-

145 5076 311 5129 τητος,
346 5059 414 5111 οὐ
456 5051 616 5108 κατὰ
659 5050 761 5115 τὰς
790 5049 1003 5119 φύσεις.
1032 5049 1053 5121 ]
1087 5047 1293 5121 Ὀρθῶς
1335 5065 1419 5117 γε,
1454 5040 1497 5099 ὧ
1521 5049 1618 5101 τάν
1644 5064 1657 5076 ·
1693 5046 1753 5099 τὸ

148 5149 457 5218 magis;
512 5139 664 5198 εἶναι
711 5144 911 5209 δοκεῖν,
936 5182 949 5196 .
982 5182 997 5196 .
1025 5182 1039 5197 .
1072 5141 1290 5213 ἀχρεῖον
1333 5141 1597 5210 παραιτῇ.
1640 5139 1753 5191 Ἀεὶ

145 5240 582 5313 διεγηγερμένῳ
619 5234 929 5306 κεχρῆσθαι
956 5233 1033 5305 τῷ
1061 5233 1225 5303 λόγῳ,
1259 5230 1345 5285 διὰ
1389 5231 1625 5299 σπουδῆς
1661 5231 1751 5283 τέ-

147 5334 309 5387 Betui
351 5351 466 5404 cpt.
504 5327 649 5381 Ἰδοὺ
678 5326 808 5395 γὰρ,
843 5324 954 5378 ίδοὺ
985 5324 1209 5394 διαιρῶν
1239 5322 1339 5386 τὰς
1384 5321 1595 5390 φύσεις,
1627 5320 1751 5373 συλ-

146 5429 313 5496 λέγεις
367 5427 455 5487 εἰς
522 5422 729 5473 ἕνωσιν
778 5418 923 5471 κατὰ
963 5415 1024 5469 τὸ
1059 5415 1279 5485 ἀξίωμα
1339 5416 1435 5486 τῆς
1480 5414 1748 5483 υίότητος.

146 5519 261 5592 Ἆρ’
291 5518 390 5575 οὖν
430 5517 663 5585 ἀπόχρη
697 5511 838 5581 πρὸς
866 5510 1060 5563 ἕνωσιν
1088 5508 1259 5579 ἀληθῆ
1287 5510 1398 5571 τοῖς
1420 5506 1561 5560 κατὰ
1589 5506 1751 5574 φύσιν

150 5612 385 5683 αλλήλων
429 5602 829 5673 διεστηκόσιν,
889 5601 923 5669 ή
966 5598 1071 5653 τῶν
1126 5600 1404 5668 ὀνομάτων
1461 5597 1747 5667 ταυτότης,

152 5705 308 5770 ἤγουν
338 5697 673 5771 ὁμωνυμία,
698 5695 795 5747 καὶ
819 5694 880 5745 τὸ
905 5694 1025 5744 κατ’
1051 5692 1216 5763 αὐτὴν
1242 5691 1496 5762 agitetur;
1535 5690 1616 5743 σοὶ
1642 5691 1749 5761 γὰρ

162 5798 241 5849 καὶ
270 5796 417 5850 οὕτω
447 5792 623 5862 φάναι
657 5787 831 5841 δοκεῖ.
864 5783 1094 5853 Οὐκοῦν,
1121 5784 1414 5851 ἐπειδήπερ
1441 5783 1500 5837 τό
1534 5800 1589 5837 τε
1621 5783 1750 5845 Χρι-

1860 4575 1912 4628 in
2004 4571 2109 4623 duo
2186 4568 2399 4629 dividit,
2496 4564 2743 4617 inanitati
2833 4562 3108 4614 nominum
3200 4560 3439 4613 absurde

1855 4666 2130 4726 innatans,
2187 4670 2241 4714 et
2288 4659 2508 4713 vocibus
2558 4671 2748 4724 parum
2822 4652 3151 4708 examinatis
3220 4666 3438 4721 semper

1854 4757 1964 4829 [ιθ
1992 4769 2149 4810 utens
2184 4778 2194 4810 :
2230 4752 2466 4806 aitenim
2498 4768 2509 4803 :
2554 4748 2684 4820 [Sed
2716 4748 2843 4817 quia
2892 4748 2967 4801 illi
3004 4746 3321 4815 coniunctus
3346 4755 3432 4800 est

1853 4848 1991 4903 Filio
2023 4847 2110 4914 qui
2144 4854 2263 4898 erat
2293 4844 2343 4896 in
2378 4841 2661 4909 principio,
2696 4839 2796 4892 sibi
2856 4836 3107 4907 capulato
3130 4876 3144 4900 ,
3183 4852 3287 4891 non
3332 4849 3433 4905 po-

1857 4950 1981 5004 test,
2020 4938 2166 5008 quod
2198 4938 2262 4990 ad
2306 4935 2622 5005 dignitatem
2666 4930 2941 4986 ﬁliationis
2973 4932 3167 4982 attinet
3193 4968 3208 4992 ,
3256 4928 3435 4983 susci-

1852 5047 1980 5102 pere
2034 5028 2403 5084 divisionem:
2456 5026 2600 5095 quod
2640 5028 2707 5078 ad
2760 5023 3081 5094 dignitatem
3118 5021 3426 5088 ﬁliationis,

1853 5124 2095 5193 inquam,
2135 5136 2237 5176 non
2267 5121 2409 5189 quod
2440 5119 2507 5174 ad
2542 5115 2811 5187 naturas.]
2846 5116 3036 5179 Recte,
3079 5115 3164 5168 vir
3198 5115 3430 5183 optime.

1852 5216 1993 5281 quod
2029 5215 2248 5267 minime
2276 5221 2450 5266 tutum
2484 5226 2608 5266 esse
2665 5209 2978 5263 videtur....
3038 5216 3295 5275 tanquam
3343 5207 3429 5259 in-

1853 5307 1983 5360 utile
2040 5304 2264 5370 refugis.
2321 5302 2548 5371 Semper
2596 5300 2693 5354 tibi
2756 5298 2998 5369 vigilanti
3059 5311 3311 5350 sermone
3351 5296 3428 5349 uti

1853 5395 2089 5449 studium
2154 5392 2271 5445 fuit.
2326 5392 2464 5445 Ecce
2504 5390 2616 5459 jam
2662 5398 2811 5443 certe
2862 5388 3152 5441 dividendo
3204 5396 3430 5441 naturas

1852 5484 2060 5553 colligis
2080 5485 2143 5535 ad
2175 5484 2434 5537 unitatem
2453 5481 2744 5536 secundum
2766 5479 3040 5533 ﬁliutionis
3069 5478 3426 5547 dignitatem:

1854 5594 1979 5633 num
2011 5578 2176 5646 igitur
2202 5579 2265 5629 ad
2283 5576 2534 5630 unionem
2553 5590 2735 5627 verum
2770 5586 2945 5625 rerum
2976 5574 3117 5624 inter
3144 5587 3200 5625 se
3228 5581 3426 5624 natura

1851 5670 2161 5725 distantium
2188 5668 2384 5723 suiftcit
2424 5665 2821 5736 cognoniinatio
2846 5704 2860 5725 ,
2913 5678 3005 5717 seu
3054 5663 3427 5734 homonymia,

1852 5773 1905 5821 ct
1938 5763 2172 5835 dignitas
2220 5778 2340 5832 qua:
2388 5761 2507 5815 inde
2538 5758 2795 5813 exsistit?
2848 5756 2923 5811 sic
2956 5771 3187 5825 uatnque
3240 5756 3423 5809 dicere
