4028 6432
627 357 688 409 9|
1653 352 1714 408 Β.
1751 350 2024 406 αιίιιιιιιι
2066 349 2536 406 ALEXANDRINI
2577 348 2898 406 ARCHIEP.
3833 352 3910 408 92

627 468 724 521 tibi
756 468 946 537 placet.
979 469 1117 538 Ergo
1144 468 1398 538 quioniam
1420 466 1623 524 Christi
1656 484 1876 532 nomen,
1912 478 1966 522 et
1995 484 2191 522 nomen

2307 467 2430 529 στδς
2453 466 2646 536 ὄνομα,
2678 467 2772 520 καὶ
2812 465 2918 536 μὴν
2953 465 3040 532 τὸ,
3076 465 3205 529 Υἱὸς
3236 465 3331 518 καὶ
3361 466 3587 537 Κύριος,
3627 467 3785 522 κοινὰ
3810 469 3908 522 τέ-

627 568 915 627 propterea
951 556 1069 610 Filii
1103 568 1156 611 et
1214 557 1422 611 Domini
1471 558 1635 611 etiam
1672 557 1795 612 aliis
1841 561 2206 612 communiter

625 652 874 718 imposita
905 660 1052 712 sunt,
1090 666 1211 703 nam
1247 650 1462 718 plurimi
1499 664 1632 703 sane
1672 647 1825 703 fuere
1876 649 2106 712 Christi,
2152 657 2206 702 et

626 741 801 794 vocati
833 749 959 794 sunt
987 739 1082 794 ﬁlii
1125 751 1180 795 et
1229 740 1457 806 domini,
1505 749 1665 794 erunt
1711 739 1811 808 ipsi
1859 754 2075 807 quoque
2119 754 2204 792 se-

626 831 864 885 cundum
922 831 1206 885 liliationis
1238 831 1557 900 dignitatem
1612 831 1754 884 inter
1809 845 1868 884 se
1912 830 2201 895 individui,

2307 555 2512 610 θεινται
2551 558 2643 610 καὶ
2668 557 2896 628 ἑτέροις,
2926 557 3170 610 πλεῖστοι
3199 556 3307 629 γὰρ
3336 559 3452 612 ὅσοι
3485 559 3741 627 γεγόνασι
3783 576 3910 629 χρι-

2309 649 2446 712 στοὶ,
2483 648 2777 718 κέκληνται
2806 646 2864 700 δὲ
2909 649 3006 701 καὶ
3054 647 3159 702 υῖοὶ
3189 649 3284 700 καὶ
3319 647 3522 718 κύριοι,
3557 645 3668 700 εἷεν
3699 647 3764 700 ἂν
3801 650 3909 702 καὶ

2306 739 2463 792 αὐτοὶ
2501 736 2642 790 κατὰ
2673 736 2732 789 τὸ
2775 735 2991 806 ἀξίωμα
3033 737 3132 806 τῆς
3176 736 3461 804 νεότητος,
3503 737 3802 807 ἀδιαίρετοι
3837 755 3906 788 τε

2305 828 2570 899 ἀλλήλων,
2594 826 2688 880 καὶ
2718 824 2776 878 ἓν
2803 829 2853 879 οἱ
2883 826 3082 890 πάντες
3111 825 3233 879 καθ’
3258 825 3474 891 ἕνωσιν,
3495 826 3561 895 ῆν
3584 826 3647 893 δὴ
3675 828 3907 897 πεπρᾶ-

2306 921 2434 990 χθαι
2458 921 2701 998 νομίζεις
2746 920 2908 983 αὐτὸς
2942 921 3036 972 καὶ
3085 920 3177 972 ἐπὶ
3219 918 3489 991 Χριστοῦ·
3520 917 3790 986 διεστήξει
3827 920 3904 989 δὴ

625 1007 843 1063 Christo
875 1027 994 1065 esse
1018 1011 1310 1080 perfectam
1347 1023 1503 1081 putas
1536 1031 1546 1064 :
1582 1013 1809 1067 distabit
1837 1023 2018 1068 autem
2046 1027 2191 1082 pror-

2304 1013 2444 1077 ὅλως
2475 1012 2612 1082 πρὸς
2643 1012 2735 1064 τὸν
2767 1013 2830 1064 ὲκ
2867 1009 3002 1064 Θεοῦ
3045 1012 3217 1078 Λόγον
3247 1009 3533 1080 ἄνθρωπος
3573 1009 3692 1061 καθ’
3716 1011 3747 1079 η
3758 1011 3898 1078 μᾶς.

627 1115 718 1151 sus
759 1101 917 1154 homo
954 1103 1124 1156 nostri
1169 1103 1362 1158 similis
1391 1120 1420 1156 a
1455 1104 1562 1158 Deo
1619 1102 1814 1158 Verbo.
1865 1103 1982 1158 Hoc
2022 1104 2191 1174 posito

2304 1101 2438 1157 Εῐτα
2465 1103 2583 1167 πῶς
2627 1105 2689 1156 οὑ
2725 1104 3010 1174 διῄρηνται
3041 1102 3220 1164 πάλιν,
3252 1101 3368 1164 πῶς
3401 1101 3457 1155 δὲ
3500 1102 3592 1154 καὶ
3626 1102 3749 1164 Υἱὸς
3783 1097 3896 1164 εἷς,

625 1197 896 1259 quomodo
944 1209 1048 1247 non
1109 1209 1298 1248 rursus
1336 1194 1495 1248 divisi
1545 1205 1739 1258 erunt,
1793 1205 1885 1249 aut
1929 1194 2191 1264 quomoda

2301 1195 2403 1246 οὐκ
2425 1194 2532 1264 ἔχω
2557 1197 2718 1256 νοεῖν,
2741 1196 2788 1246 εί
2821 1194 2896 1262 μὴ
2918 1193 3041 1246 καθ’
3063 1193 3256 1245 ’ἐνωσιν
3283 1192 3458 1263 ἀληθῆ
3484 1192 3900 1262 συμϐεϐηκέναι

624 1283 788 1336 etiam
843 1299 981 1337 unus
1014 1283 1223 1350 Filius,
1273 1285 1575 1354 intelligere
1627 1301 1733 1338 non
1781 1300 2040 1353 possum,
2097 1285 2191 1338 nisi

2301 1285 2482 1356 φαμὲν
2515 1285 2594 1354 τῷ
2623 1286 2780 1355 Λόγῳ
2815 1284 2875 1336 τὸ
2906 1285 3268 1353 ἀνθρώπινον.
3305 1285 3521 1354 Ἐπειδὴ
3556 1285 3611 1337 δὲ
3643 1286 3768 1356 χρὴ,
3801 1286 3902 1338 διά

622 1373 916 1427 secundum
954 1376 1209 1428 unionem
1247 1389 1428 1428 veram
1461 1376 1783 1430 convenisse
1808 1375 2191 1428 humanitatem

2298 1394 2362 1444 γε
2388 1377 2488 1440 τὰς
2508 1376 2696 1429 τούτου
2728 1375 2932 1443 φωνὰς,
2959 1379 3054 1428 καὶ
3083 1378 3163 1437 εἰς
3194 1377 3462 1440 ἐκτύπους
3491 1376 3698 1440 ἐννοίας
3728 1395 3897 1448 περι-

624 1477 746 1516 cum
799 1461 977 1518 Verbo
1039 1464 1361 1521 dixerimus.
1433 1462 1539 1518 Sed
1597 1465 1725 1534 quia
1778 1473 1996 1533 prOpter
2036 1463 2191 1532 hujus

2298 1472 2545 1537 ινεγκεῖν
2577 1469 2666 1521 τὸν
2723 1467 2902 1534 λόγον,
2937 1468 3023 1520 ἴνα
3075 1468 3410 1537 πανταχόθεν
3455 1467 3742 1539 ἐλέγχηται
3791 1487 3899 1523 πε-

623 1553 861 1608 homiuis
891 1569 1052 1609 voces
1085 1569 1308 1610 necesse
1335 1564 1418 1610 est
1443 1556 1610 1610 etiam
1636 1571 1736 1625 per
1765 1555 2031 1610 absurdas
2064 1571 2191 1609 sen-

2297 1560 2586 1630 φρονηκὼς
2613 1561 2712 1612 οὐκ
2738 1559 2894 1630 ὀρθὰ,
2921 1559 3052 1628 φέρε
3079 1559 3166 1628 δὴ,
3191 1559 3343 1629 φέρε,
3367 1561 3587 1613 κάκεῖνο
3614 1560 3890 1632 λέγωμενο

624 1645 818 1698 tentias
852 1646 1152 1699 orationem
1185 1645 1578 1712 circumferre,
1635 1655 1695 1700 ut
1749 1647 1989 1717 undique
2032 1661 2191 1701 coar-

2298 1652 2360 1703 El
2393 1652 2501 1721 γὰρ
2531 1653 2691 1720 ἀρκεῖ
2713 1650 2849 1719 πρὸς
2877 1650 3091 1712 ἕνωσιν,
3133 1654 3233 1719 τῆς
3265 1651 3514 1721 υίότητος
3551 1651 3611 1704 τὸ
3643 1652 3894 1720 ἀξίωμα,

620 1745 815 1804 guatur
854 1737 996 1790 haud
1047 1748 1192 1792 recte
1220 1739 1500 1802 sensisse,
1565 1739 1792 1806 agedum
1843 1737 1972 1794 illud
2029 1740 2190 1793 etiam

2297 1740 2484 1810 ἐπειδὴ
2524 1739 2770 1793 καλεῖταί
2797 1757 2854 1792 τε
2887 1741 2983 1792 καὶ
3017 1740 3164 1791 ἐστιν
3200 1740 3324 1803 Υἱὸς
3353 1741 3445 1792 τοῦ
3479 1741 3612 1793 Θεοῦ
3648 1743 3741 1794 καὶ
3772 1744 3895 1796 Πα-

618 1828 889 1882 dicamus:
913 1827 1044 1882 Nam
1077 1829 1122 1884 si
1153 1831 1287 1884 satis
1317 1839 1401 1884 est
1427 1832 1491 1884 ad
1518 1833 1768 1885 unionem
1791 1832 2024 1899 dignitas
2057 1831 2191 1884 ﬁlia-

2294 1830 2420 1898 τρὸς
2447 1808 2480 1882 ὁτ
2531 1830 2590 1894 ἐξ
2641 1830 2805 1882 αὐτοῦ
2854 1831 3048 1898 Λόγος,
3096 1832 3272 1883 κοινὸν
3319 1831 3374 1884 δὲ
3427 1833 3642 1895 πολλοῖς
3700 1833 3897 1898 ἄλλοις

620 1921 801 1986 tionis,
861 1923 1114 1989 quoniam
1174 1923 1480 1990 appellatur
1539 1930 1723 1976 etest
1783 1921 1951 1976 Filius
1994 1922 2085 1976 Dei
2130 1937 2191 1977 ac

2294 1919 2552 1990 τοῦνομα,
2577 1921 2629 1971 τί
2663 1920 2724 1972 τὸ
2752 1920 2980 1984 λυποῦν,
2999 1922 3120 1974 είπέ
3157 1940 3271 1990 μοι,
3292 1923 3388 1976 καὶ
3416 1923 3613 1986 αὐτοὺς
3639 1923 3892 1992 ἡνῶσθαι

617 2010 796 2066 Patris
831 2013 959 2066 illud
999 2029 1061 2066 ex
1104 2014 1217 2082 ipso
1249 2012 1502 2074 Verbum,
1530 2024 1584 2067 et
1617 2029 1906 2068 commune
1941 2025 2022 2068 est
2050 2014 2189 2067 mul-

617 2105 684 2156 tis
718 2103 837 2157 aliis
871 2104 971 2158 hoc
1004 2119 1224 2166 nomen,
1258 2105 1412 2172 quid,
1449 2120 1579 2173 rogo
1607 2115 1679 2170 te,
1716 2107 1966 2174 prohibet
2005 2109 2190 2162 dicere

613 2204 668 2247 et
701 2196 844 2263 ipsos
869 2205 923 2250 et
956 2195 1090 2250 alios
1113 2210 1300 2250 omnes
1329 2195 1400 2248 illi
1442 2196 1623 2250 unitos
1653 2211 1774 2251 esse
1795 2238 1810 2262 ,
1866 2205 1924 2251 ut
1965 2197 2190 2251 Emma-

615 2285 736 2339 nuel
767 2287 899 2340 nihil
926 2287 1253 2354 praecipuum
1284 2302 1444 2354 supra
1483 2288 1628 2354 ipsos
1676 2289 1912 2342 habeat?
1957 2299 2184 2343 conten-

611 2377 703 2430 det
729 2377 870 2430 enim
899 2392 1020 2432 cum
1050 2393 1135 2443 eo,
1172 2387 1227 2432 ut
1259 2390 1686 2433 consentaneum
1720 2390 1824 2447 est,
1878 2381 1946 2436 de
1989 2383 2184 2451 aequali

611 2467 815 2522 honore
875 2469 1175 2522 decertahit
1230 2470 1280 2522 id
1314 2471 1676 2540 quodcunque
1720 2473 2033 2526 earumdem
2090 2489 2185 2527 no-

611 2558 816 2612 minum
866 2561 1179 2631 dignitatem
1229 2573 1314 2615 est
1362 2563 1656 2631 adeptum;
1710 2574 1766 2617 et
1829 2565 1916 2619 ille
1962 2567 2186 2635 conjun-

611 2649 809 2705 ctionis
829 2652 1018 2706 modus
1047 2653 1096 2705 in
1121 2656 1260 2704 nuda
1286 2653 1507 2722 solaque
1528 2656 2180 2725 residehitappellatione,

611 2742 692 2796 vel
720 2743 1086 2813 homOnymia.
1124 2743 1240 2797 Jam
1269 2760 1395 2799 vero
1418 2747 1677 2815 quidnam
1713 2763 1832 2802 esse
1857 2750 2184 2820 intelligetur

610 2833 726 2901 ipsa
759 2835 1112 2888 humanatio?
1139 2837 1269 2904 quid
1324 2846 1585 2903 prmterea
1620 2839 1727 2892 erit
1765 2840 1908 2908 quod
1935 2841 2002 2893 ad
2037 2841 2179 2895 servi

619 926 677 974 'et
702 936 864 974 unum
922 936 1108 974 omnes
1164 937 1226 976 ea
1287 923 1493 977 unitate
1539 938 1701 991 quam
1763 922 1882 990 ipse
1936 924 2100 977 etiam
2150 923 2202 975 in

2293 2012 2474 2080 λέγειν
2497 2013 2664 2082 αὐτῷ,
2689 2014 2781 2066 καὶ
2804 2016 2929 2077 τοὺς
2951 2014 3145 2077 ἄλλους
3172 2016 3438 2080 ἅπαντας,
3457 2017 3544 2071 ἴνα
3585 2019 3749 2088 μηδὲν
3779 2020 3898 2092 ἔχῃ

2292 2103 2423 2173 παρ’
2455 2104 2653 2165 αὐτοὺς
2696 2104 2754 2157 τὸ
2801 2104 3036 2157 πλεῖονό
3085 2107 3466 2176 Ἑμμανουήλ;
3510 2109 3894 2180 φιλονεικήσει

2290 2192 2399 2261 γὰρ
2431 2193 2570 2245 κατὰ
2605 2194 2663 2245 τὸ
2692 2195 2842 2257 εἰκὸς
2871 2194 3040 2263 αὐτῷ,
3076 2196 3168 2248 καὶ
3203 2198 3334 2266 περὶ
3352 2197 3460 2250 τῶν
3494 2198 3625 2251 ῑσων
3647 2199 3890 2270 ἁμιλλή-

2292 2300 2444 2337 σεται
2477 2285 2537 2336 τὸ
2581 2285 2687 2337 τῶν
2717 2286 2896 2337 αὐτῶν
2951 2288 3228 2356 ὀνομάτων
3263 2290 3598 2359 ἠξιωμένον·
3646 2291 3738 2344 καὶ
3777 2295 3889 2361 τῆς

2290 2374 2585 2441 συναφείας
2625 2377 2754 2443 ἡμῖν
2789 2378 2815 2428 ό
2864 2377 3101 2446 τρόπος,
3151 2379 3293 2431 κατὰ
3339 2379 3501 2450 ψιλὴν
3551 2383 3643 2433 καὶ
3706 2381 3886 2453 μόνην

2289 2464 2442 2516 ἔσται
2475 2465 2571 2534 τὴν
2602 2467 2815 2536 κλῆσιν,
2852 2469 3021 2538 ῆγουν
3063 2470 3162 2539 τὴν
3191 2473 3533 2540 ὁμωνυμίαν.
3563 2470 3697 2526 Εῐτα
3733 2473 3786 2526 τί
3819 2475 3889 2527 τὸ

2286 2546 2401 2624 τῆς’
2432 2556 2900 2627 ὲνανθρωπήσεως
2924 2561 3124 2612 νοεῖται
3164 2560 3386 2630 χρῆμα;
3422 2562 3473 2613 τί
3503 2561 3561 2614 δὲ
3591 2562 3726 2633 πρὸς
3748 2562 3887 2615 τού-

2285 2665 2382 2717 τῳ,
2414 2649 2510 2701 καὶ
2550 2650 2631 2710 τὸ,
2669 2651 2726 2701 ὲν
2757 2653 2825 2721 τῇ
2852 2649 2947 2702 τοῦ
2975 2650 3163 2704 δούλου
3205 2653 3526 2706 καθικέσθαι
3557 2658 3772 2725 μορφῆ;
3813 2655 3888 2708 Ei.

2285 2737 2393 2808 γάρ
2437 2739 2554 2790 ἑστι
2582 2740 2704 2790 κατ’
2746 2738 2910 2791 αὑτὸν
2947 2739 2975 2790 ό
3016 2741 3115 2810 τῆς
3159 2742 3628 2813 ὲνανθρωπήσεως
3668 2745 3885 2814 τρόπος

2286 2828 2555 2897 συνάφειὰ
2579 2845 2664 2892 τις
2698 2829 2850 2900 ψιλὴ.
2895 2831 2990 2882 καὶ
3025 2831 3166 2884 κατὰ
3200 2833 3360 2902 μόνον
3401 2834 3500 2904 τῆς
3539 2837 3776 2905 υίότητος
3817 2835 3884 2890 τὸ

610 2923 837 2978 formam
872 2925 1193 2980 descendit?
1230 2925 1361 2980 Nam
1399 2929 1467 2989 si,
1503 2940 1558 2982 ut
1590 2930 1702 2997 ipse
1731 2931 1948 2993 asserit,
1985 2932 2175 2986 huma-

2294 2919 2519 2991 iEt’wpa,
2544 2921 2596 2973 τί
2621 2921 2682 2974 τὸ
2717 2921 2925 2975 κωλῦον
2963 2922 3041 2975 ἔτι
3079 2925 3173 2977 καὶ
3215 2925 3308 2977 ἐπὶ
3345 2927 3455 2987 τοῖς,
3491 2926 3669 2990 ἄλλοις
3697 2928 3885 2982 ἅπασι

607 3017 843 3070 nationis
877 3021 1064 3072 modus
1087 3019 1400 3086 coniunctio
1433 3019 1678 3090 quaedam
1728 3031 1812 3075 est
1860 3023 2085 3091 simplex
2128 3036 2181 3078 ct

2294 3013 2597 3083 πεπρᾶχθαι
2627 3014 2808 3080 λέγειν
2841 3015 3047 3084 αὑτήν;
3084 3016 3222 3067 Ἀλλ’
3245 3012 3345 3084 δ’ρα
3367 3017 3478 3086 (15)
3505 3035 3606 3071 που
3630 3019 3880 3080 πάντως,

606 3107 903 3160 secundum
962 3107 1129 3160 solam
1175 3108 1450 3163 liliationis
1506 3112 1845 3180 dignitatem,
1875 3115 2001 3182 quid
2052 3133 2168 3185 pro-

2294 3106 2309 3156 5
2341 3104 2668 3174 φιλομαθὴς.
2697 3105 2792 3157 τοῦ
2823 3105 2982 3174 λόγου
3014 3107 3074 3158 τὸ
3103 3107 3356 3171 ἀκαλλὲς.
3389 3109 3488 3161 Ποῖ
3509 3108 3572 3178 δὴ
3603 3105 3696 3162 οῦν
3726 3111 3880 3164 ἁπο-

607 3195 756 3251 hibet
811 3211 927 3251 eam
1015 3198 1450 3266 conjunctionem
1485 3201 1534 3253 in
1590 3201 1709 3256 aliis
1767 3204 1932 3258 etiam
2007 3209 2184 3260 omni-

2294 3195 2510 3265 φέρεται
2558 3195 2694 3265 πρὸς
2734 3195 2769 3248 ἃ.
2809 3195 2882 3265 μὴ
2932 3196 3092 3266 θέμις
3119 3196 3462 3266 ὲξεστηκώς;
3497 3199 3788 3269 Εἰρήσεται
3816 3201 3882 3254 δὲ

604 3290 707 3343 bus
751 3288 946 3342 factam
975 3289 1197 3345 dicere?
1247 3291 1354 3347 Sed
1417 3294 1602 3361 procul
1647 3294 1815 3350 dubio
1873 3297 1962 3366 qui
2008 3300 2182 3353 solers

2294 3288 2417 3357 πρὸς
2450 3287 2605 3356 ἡμῶν
2622 3287 2770 3358 αὐτῷ
2801 3288 2860 3340 τὸ
2891 3288 2976 3340 διὰ
3007 3289 3101 3358 τῆς
3138 3289 3402 3362 Ἱερεμίου
3437 3290 3623 3361 φωνῆς
3645 3308 3658 3320 ·
3683 3309 3701 3342 ι
3735 3290 3881 3357 Ταῖς

605 3389 690 3435 est
723 3391 777 3435 et
807 3390 1018 3446 acutus,
1039 3383 1302 3452 prospicit
1327 3383 1444 3453 ejus
1474 3386 1745 3441 orationis
1763 3386 2175 3444 absurditatem.

2294 3378 2588 3440 πολυοδίαις
2621 3396 2712 3430 σου
2748 3380 3095 3442 ὲκοπίασας.»
3129 3380 3531 3444 Κλυδωνίζεται
3561 3385 3882 3456 γὰράνέμῳ

605 3473 846 3538 Quonam
881 3473 1042 3542 igitur
1076 3473 1263 3538 fertur,
1293 3478 1362 3530 ad
1389 3491 1450 3530 ea
1489 3491 1610 3545 qua:
1653 3479 1838 3534 dicere
1890 3480 2045 3535 nefas
2074 3492 2178 3548 est,

2294 3471 2447 3523 παντὶ
2473 3472 2928 3539 περιφερόμενος,
2968 3471 3111 3524 καθά
3141 3489 3306 3542 φησιν
3324 3474 3352 3526 ό
3381 3473 3693 3543 σοφώτατος
3731 3477 3884 3530 Παῦ-

605 3564 910 3633 impulsus?
961 3563 1185 3620 Dicetur
1207 3576 1387 3622 autem
1417 3567 1494 3622 illi
1529 3583 1558 3621 a
1590 3569 1747 3624 nobis
1779 3570 1908 3626 illud
1931 3571 2181 3629 Jeremize

2294 3566 2398 3623 λος.
2423 3559 2633 3613 Οὐκοῦν
2661 3561 2817 3631 δέχου
2854 3561 2950 3631 τὴν
2978 3563 3225 3632 ἄγκυραν
3252 3563 3348 3633 τῆς
3376 3563 3555 3635 ψυχῆς
3577 3565 3672 3636 τὴν
3696 3567 3882 3635 ἀσφα-

603 3656 806 3710 dictum
843 3671 858 3708 :
905 3673 923 3706 ι
949 3655 1004 3709 1η
1035 3657 1378 3712 multitudine
1403 3659 1506 3712 viae
1529 3667 1632 3713 tua:
1659 3660 1916 3718 laborasti
1943 3664 2053 3730 ⁸³;›
2083 3663 2181 3718 ﬂu-

2294 3653 2349 3722 tﬁ
2379 3654 2474 3706 καὶ
2506 3654 2754 3723 βεϐαίαν,
2790 3658 2986 3726 στῆσον
3021 3658 3114 3709 ἐπὶ
3156 3658 3364 3727 πέτραν
3390 3661 3513 3722 τοὺς
3545 3660 3737 3714 ἑαυτοῦ
3772 3665 3880 3714 πό-

601 3757 750 3802 ctuat
786 3748 952 3812 enim,
987 3757 1042 3804 et
1062 3749 1212 3802 omni
1245 3759 1406 3806 vento
1430 3751 1840 3822 circumfertur,
1897 3764 1955 3810 ut
1984 3758 2179 3813 beatus

2294 3744 2397 3808 Βας.
2428 3746 2489 3797 El
2530 3746 2946 3816 ὲνανθρωπῆσαι
2975 3748 3082 3818 φὴς
3122 3749 3213 3800 τὸν
3254 3748 3346 3801 τοῦ
3380 3750 3512 3801 Θεοῦ
3543 3752 3732 3819 Λόγον.
3765 3754 3879 3823 ἁρ-

602 3836 802 3893 Paulus
832 3840 906 3892 ait
962 3839 1030 3894 “.
1065 3841 1268 3911 Accipe
1301 3843 1466 3912 igitur
1497 3845 1798 3900 anchoram
1852 3847 1960 3917 5o
1984 3850 2180 3906 anima:

2294 3838 2437 3890 κὲσει
2466 3839 2622 3892 τοῦτο
2658 3839 2794 3906 πρὸς
2835 3840 3065 3912 δήλωσιν
3113 3843 3203 3894 τοῦ
3249 3842 3371 3896 καθ’
3421 3845 3568 3914 ἡμᾶς
3609 3846 3876 3912 γενέσθαι

601 3938 772 3982 tutam
803 3946 868 3984 ac
911 3931 1141 3995 ﬁrmam,
1173 3942 1352 3986 statue
1377 3949 1540 4001 supra
1583 3945 1796 4004 petram
1831 3940 1996 4007 pedes
2027 3950 2173 3996 tuos.

2294 3932 2370 3984 τὸν
2402 3931 2544 4003 ὑπὲρ
2595 3933 2777 3986 πᾶσαν
2806 3933 2907 4003 τὴν
2939 3934 3114 3986 κτίσιν
3138 3951 3149 3963 ·
3197 3934 3356 3987 ἔλαϐε
3408 3936 3505 4005 τὴν
3548 3935 3639 3988 τοῦ
3677 3937 3875 3991 δούλου

602 4023 658 4076 Si
697 4023 969 4078 hominem
999 4022 1201 4077 factum
1242 4025 1414 4093 ipsum
1451 4025 1542 4080 Dei
1578 4027 1813 4082 Verbum
1842 4030 2016 4098 dicis,
2074 4033 2176 4088 huc

2294 4023 2516 4093 ιορφὴν,
2544 4023 2718 4077 καίτοι
2742 4024 2842 4095 τὴν
2872 4023 3187 4096 ἐλευθερίαν
3213 4025 3351 4096 ἔχων
3370 4026 3443 4090 ὡς
3466 4023 3729 4090 Θεός.⁷Ην
3755 4030 3875 4101 γὰρ

602 4115 774 4180 ipsum
799 4114 932 4168 satis
961 4124 1044 4168 est
1072 4114 1137 4168 ad
1168 4115 1546 4184 explicandum
1579 4119 1748 4173 nostri
1776 4120 2010 4176 similem
2093 4124 2177 4178 l'a-

2294 4118 2338 4167 '-:v
2377 4114 2584 4186 ἰσότητι
2614 4115 2708 4168 τοῦ
2737 4116 2972 4186 Πατρὸς,
3004 4116 3098 4169 τοῦ
3126 4117 3187 4170 τὸ
3221 4117 3363 4170 κατὰ
3399 4119 3616 4172 πάντων
3646 4120 3876 4190 ἔχοντος

604 4213 753 4259 ctum
783 4220 904 4260 esse
927 4206 1106 4270 illum,
1139 4207 1230 4276 qui
1263 4217 1345 4262 est
1376 4224 1540 4277 supra
1569 4225 1782 4266 omnem
1816 4226 2126 4270 creaturam
2159 4236 2172 4272 :

2294 4202 2502 4273 ιράτος.
2540 4204 2754 4257 Παῦσαι
2775 4204 3000 4275 διαιρῶν
3021 4206 3128 4276 ¹τεὰς
3154 4206 3342 4274 φύσεις
3374 4209 3511 4278 μετὰ
3532 4211 3627 4280 τὴν
3646 4210 3869 4268 ἕνωσιν,

598 4296 807 4364 accepit
838 4296 978 4350 servi
1018 4286 1274 4364 formam,
1322 4302 1569 4365 quamvis
1597 4302 1898 4358 libertatem
1927 4317 1986 4361 ut
2036 4309 2176 4368 Deus

2294 4294 2404 4350 Ὀτι
2428 4295 2526 4364 μὲν
2543 4296 2649 4367 γὰρ
2677 4296 2860 4362 ἔτερόν
2889 4313 2960 4356 τι,
2983 4297 3076 4350 καὶ
3113 4297 3300 4368 ἕτερόν
3321 4302 3468 4352 ἐστιν
3492 4302 3524 4370 ῆ
3547 4319 3606 4354 τε
3630 4301 3749 4353 θεία
3769 4307 3873 4357 καὶ

599 4386 856 4450 haberet;
906 4403 1027 4442 nam
1079 4403 1200 4444 erat
1243 4391 1297 4445 in
1340 4393 1648 4462 aequalitate
1704 4393 1880 4453 Patris
1926 4397 2045 4465 ejus
2080 4403 2170 4470 qui

2294 4387 2623 4458 jévﬂptbmu
2656 4387 2835 4456 φύσις,
2859 4389 3062 4459 πρέποι
3095 4388 3160 4441 ἂν
3193 4390 3411 4454 εἰδέναι,
3446 4392 3536 4444 καὶ
3567 4393 3873 4460 ἀναγκαῖον

597 4490 762 4544 super
813 4478 996 4531 omnia
1050 4478 1258 4535 obtinet
1315 4482 1624 4551 imperium.
1683 4485 1880 4542 Desine
1926 4491 2169 4547 dividere

2294 4474 2413 4529 :ival
2452 4495 2595 4547 φημι
2621 4481 2734 4540 τοῖς
2763 4478 3074 4548 ἀρτίφροσι.
3112 4483 3440 4551 Διεστήκασι
3472 4483 3580 4552 γὰρ
3615 4483 3873 4551 ἀλλήλων

598 4578 821 4624 naturas
841 4579 961 4638 post
987 4571 1242 4628 unionem
1277 4596 1290 4631 :
1326 4591 1449 4630 nam
1481 4579 1622 4634 scire
1661 4579 1806 4636 aliud
1837 4593 2001 4654 atque
2027 4587 2172 4642 aliud

2294 4567 2374 4620 ιαὶ
2431 4567 2785 4638 ἀσυγκρίτοις
2834 4566 3143 4640 διαφοραῖς.
3218 4571 3340 4625 Ἐπὶ
3386 4575 3443 4626 δὲ
3493 4573 3586 4626 τοῦ
3643 4575 3873 4630 πάντων

597 4674 720 4715 esse
762 4661 1000 4715 divinam
1061 4662 1462 4737 humanamque
1512 4679 1759 4725 naturam
1792 4713 1806 4738 ,
1860 4691 1966 4730 non
2016 4680 2174 4732 modo

2294 4660 2434 4730 ἡμῶν
2465 4661 2718 4731 Σωτῆρος
2747 4661 3015 4732 Χριστοῦ,
3060 4664 3494 4732 συνεισενεγκὼν
3535 4667 3615 4729 είς
3663 4666 3870 4721 ἕνωσιν

599 4755 890 4808 convenire
929 4755 1281 4824 prudentibus
1312 4759 1440 4814 viris
1468 4801 1483 4823 ,
1537 4776 1726 4818 verum
1757 4766 1922 4820 etiam
1979 4785 2173 4824 neces-

2294 4750 2372 4821 τὴν
2399 4751 2573 4822 ἀληθῆ
2607 4769 2667 4804 τε
2706 4753 2800 4805 καὶ
2836 4753 2956 4806 καθ’
2985 4755 3310 4820 ὑπόστασιν,
3340 4757 3608 4827 παραιτοῦ
3649 4758 3750 4828 τὴν
3781 4759 3869 4813 δι-

600 4844 803 4899 sarium
827 4859 949 4900 esse
979 4861 1178 4902 censeo
1204 4865 1219 4901 :
1248 4849 1449 4906 distant
1471 4853 1616 4906 enim
1647 4854 1790 4910 inter
1813 4870 1874 4910 se
1904 4897 1918 4919 .
1968 4867 2022 4912 et
2051 4859 2172 4928 qui-

2294 4841 2520 4914 ιίρεσιν’
2563 4844 2662 4897 ἕνα
2699 4845 2806 4917 γὰρ
2835 4845 3007 4908 οῦτως
3059 4847 3421 4918 ὁμολογήσεις
3468 4849 3725 4919 Χριστὸν,
3766 4853 3869 4904 καὶ

599 4931 722 4987 dem
746 4935 1108 4992 mmstimabili
1133 4937 1561 4995 differentiarum
1591 4945 1765 5011 spatio
1797 4965 1809 4999 :
1843 4947 1894 4999 in
1923 4948 2167 5003 omnium

2294 4934 2430 4998 Γὶδν,
2456 4934 2550 4988 καὶ
2573 4935 2797 5007 Κύριον.
2833 4936 2992 5002 Ἀλλ’,
3021 4937 3121 4991 οὐκ
3137 4934 3234 4993 οἵδ’
3263 4941 3431 5005 ὅπως,
3478 4942 3506 4994 ό
3532 4939 3641 4995 τῶν
3677 4940 3868 5011 ἐξιτή-

600 5031 779 5078 autem
819 5036 1060 5080 nostrum
1117 5027 1397 5086 Salvatore
1445 5031 1664 5089 Christo
1727 5037 1816 5092 ubi
1873 5039 1993 5094 illas
2036 5055 2170 5094 con-

2294 5032 2389 5078 λων
2416 5027 2550 5096 ἡμῖν
2573 5026 2860 5096 δογμάτων
2895 5028 3145 5100 εὑρετὴς,
3185 5031 3243 5083 ὲν
3269 5030 3488 5101 σμικρῷ
3529 5029 3628 5100 μὲν
3662 5033 3867 5104 κομιδῆ

594 5113 842 5182 iunxeris
894 5118 946 5171 in
993 5134 1179 5174 veram
1215 5130 1268 5176 et
1310 5125 1610 5179 secundum
1666 5127 1999 5197 hypostasint
2047 5133 2169 5186 uni~

2294 5116 2577 5188 πεποίηται
2607 5117 2750 5188 λόγῳ
2779 5120 2840 5173 τὸ
2868 5121 2966 5192 τῆς
2998 5119 3241 5184 ὲνώσεως
3269 5123 3458 5193 χρῆμα
3476 5139 3491 5152 ι
3521 5119 3865 5190 διωσάμενο,

671 5272 715 5303 ⁸³
752 5273 884 5336 Ιιηο,
914 5273 1016 5328 lsa.
1052 5290 1181 5340 ινιι,
1212 5275 1292 5330 ll).
1377 5277 1419 5307 “
1451 5278 1646 5348 Ephes.
1687 5296 1759 5345 tv,
1799 5281 1881 5336 Η.

1871 5437 2027 5491 ANT.
2075 5439 2344 5495 AGI‘ILLII
2385 5438 2612 5496 NOTAE.

673 5610 1135 5701 (l3)!Legendilm,
1163 5616 1282 5701 δρᾷ,
1327 5627 1381 5668 ιιι
1420 5618 1509 5701 ιρι.
1553 5633 1765 5701 I'i,_pag.
1804 5619 1905 5701 ill,
1930 5618 2166 5688 ἀλλ’ὀρᾷ

2294 5620 2400 5700 lum
2430 5618 2831 5701 ὢίριλομαθῆς,
2861 5619 3200 5701 ἵρθεοφιλὴς,
3242 5623 3698 5701 ωχρηστομαθὴς
3723 5645 3736 5658 ·
3769 5632 3859 5701 cui

602 5699 709 5767 arm:
731 5683 953 5767 ’πάντως
983 5686 1020 5762 ό.
1040 5683 1312 5767 θεοφιλής,
1347 5698 1400 5738 et
1433 5689 1518 5751 55,
1555 5689 1654 5767 ὁρᾷ
1680 5689 1742 5758 δὴ
1770 5685 1860 5767 οῦν
1886 5692 1912 5741 ό
1941 5683 2167 5767 χρηστοὶ

2295 5691 2490 5742 eclioni
2520 5683 2670 5767 "favet
2701 5683 2847 5767 locus
2880 5692 2969 5767 lib.
3009 5683 3087 5767 Ill,
3267 5683 3358 5754 ϐῖξ
3388 5683 3489 5767 ὅρα
3522 5683 3586 5750 ’δέ
3623 5683 3713 5767 μὀι
3748 5700 3860 5753 τῶν

605 5752 802 5821 μαθής.
837 5756 940 5807 Aut
981 5757 1022 5809 si
1057 5752 1285 5810 srcuuda
1331 5773 1555 5826 persona
1587 5752 1790 5828 legatur
1825 5752 2168 5828 59:,mlegen-

2294 5759 2628 5829 τροφητικῶν
2657 5760 2872 5814 ἐννοιῶν
2900 5761 2994 5832 τὴν
3028 5752 3374 5836 ἐγρήγορσιν.
