  <div class='ocr_page' id='page_1' title='image "/cluster/home/n/w/nwhite01/storage/ocr_20150623/76/ien.35556001661040/058.png"; bbox 0 0 4028 6470; ppageno 0'>
   <div class='ocr_carea' id='block_1_1' title="bbox 155 367 221 423">
    <p class='ocr_par' dir='ltr' id='par_1_1' title="bbox 155 367 221 423">
     <span class='ocr_line' id='line_1_1' title="bbox 155 367 221 423; baseline 0 0"><span class='ocrx_word' id='word_1_1' title='bbox 155 367 221 423; x_wconf 69' lang='grc' dir='ltr'><strong>π</strong></span> 
     </span>
    </p>
   </div>
   <div class='ocr_carea' id='block_1_2' title="bbox 1329 376 2427 438">
    <p class='ocr_par' dir='ltr' id='par_1_2' title="bbox 1329 376 2427 438">
     <span class='ocr_line' id='line_1_2' title="bbox 1329 376 2427 438; baseline 0.007 -8"><span class='ocrx_word' id='word_1_2' title='bbox 1329 376 1701 433; x_wconf 76' lang='lat' dir='ltr'><strong>ADVERSUS</strong></span> <span class='ocrx_word' id='word_1_3' title='bbox 1741 378 2147 438; x_wconf 81' lang='lat' dir='ltr'><strong>NESTORIUM</strong></span> <span class='ocrx_word' id='word_1_4' title='bbox 2187 381 2317 437; x_wconf 87' lang='lat' dir='ltr'><strong>LIB.</strong></span> <span class='ocrx_word' id='word_1_5' title='bbox 2364 381 2427 438; x_wconf 88' lang='lat' dir='ltr'><strong>ll.</strong></span> 
     </span>
    </p>
   </div>
   <div class='ocr_carea' id='block_1_3' title="bbox 3388 386 3454 439">
    <p class='ocr_par' dir='ltr' id='par_1_3' title="bbox 3388 386 3454 439">
     <span class='ocr_line' id='line_1_3' title="bbox 3388 386 3454 439; baseline 0.015 -1"><span class='ocrx_word' id='word_1_6' title='bbox 3388 386 3454 439; x_wconf 71' lang='lat'><strong>94</strong></span> 
     </span>
    </p>
   </div>
   <div class='ocr_carea' id='block_1_4' title="bbox 152 481 1757 564">
    <p class='ocr_par' dir='ltr' id='par_1_4' title="bbox 152 481 1757 560">
     <span class='ocr_line' id='line_1_4' title="bbox 152 481 1757 560; baseline 0.004 -26"><span class='ocrx_word' id='word_1_7' title='bbox 152 481 205 533; x_wconf 76' lang='grc' dir='ltr'>δὲ</span> <span class='ocrx_word' id='word_1_8' title='bbox 240 483 341 536; x_wconf 79' lang='grc' dir='ltr'>καὶ</span> <span class='ocrx_word' id='word_1_9' title='bbox 387 483 533 537; x_wconf 80' lang='grc' dir='ltr'>αὐτὸ</span> <span class='ocrx_word' id='word_1_10' title='bbox 568 485 807 540; x_wconf 79' lang='grc' dir='ltr'>κατὰτὸ</span> <span class='ocrx_word' id='word_1_11' title='bbox 860 485 1028 550; x_wconf 74' lang='grc' dir='ltr'>εἰκὸς.</span> <span class='ocrx_word' id='word_1_12' title='bbox 1072 489 1163 541; x_wconf 83' lang='grc' dir='ltr'>καὶ</span> <span class='ocrx_word' id='word_1_13' title='bbox 1211 488 1313 557; x_wconf 82' lang='grc' dir='ltr'>τῆς</span> <span class='ocrx_word' id='word_1_14' title='bbox 1362 489 1620 559; x_wconf 79' lang='grc' dir='ltr'><strong>ἀληθείας</strong></span> <span class='ocrx_word' id='word_1_15' title='bbox 1670 506 1757 560; x_wconf 59' lang='grc' dir='ltr'>τηκ</span> 
     </span>
    </p>
   </div>
   <div class='ocr_carea' id='block_1_5' title="bbox 1862 481 3457 564">
    <p class='ocr_par' dir='ltr' id='par_1_5' title="bbox 1876 494 3457 564">
     <span class='ocr_line' id='line_1_5' title="bbox 1876 494 3457 564; baseline 0.005 -19"><span class='ocrx_word' id='word_1_16' title='bbox 1876 502 2063 560; x_wconf 87' lang='lat' dir='ltr'><strong>tatem,</strong></span> <span class='ocrx_word' id='word_1_17' title='bbox 2105 510 2237 549; x_wconf 84' lang='lat' dir='ltr'><strong>cave</strong></span> <span class='ocrx_word' id='word_1_18' title='bbox 2300 494 2618 550; x_wconf 76' lang='lat' dir='ltr'><strong>divisionem</strong></span> <span class='ocrx_word' id='word_1_19' title='bbox 2653 510 2667 546; x_wconf 88' lang='lat'><strong>:</strong></span> <span class='ocrx_word' id='word_1_20' title='bbox 2706 494 2785 549; x_wconf 91' lang='lat' dir='ltr'><strong>sic</strong></span> <span class='ocrx_word' id='word_1_21' title='bbox 2818 509 3049 564; x_wconf 83' lang='lat' dir='ltr'><strong>namque</strong></span> <span class='ocrx_word' id='word_1_22' title='bbox 3100 512 3263 552; x_wconf 85' lang='lat' dir='ltr'><strong>unum</strong></span> <span class='ocrx_word' id='word_1_23' title='bbox 3304 499 3457 553; x_wconf 81' lang='lat' dir='ltr'><strong>Chri-</strong></span> 
     </span>
    </p>
   </div>
   <div class='ocr_carea' id='block_1_6' title="bbox 149 572 1765 650">
    <p class='ocr_par' dir='ltr' id='par_1_6' title="bbox 149 572 1765 650">
     <span class='ocr_line' id='line_1_6' title="bbox 149 572 1765 650; baseline 0.009 -29"><span class='ocrx_word' id='word_1_24' title='bbox 149 572 416 641; x_wconf 69' lang='grc' dir='ltr'>δὺναμιν,</span> <span class='ocrx_word' id='word_1_25' title='bbox 472 574 771 647; x_wconf 78' lang='grc' dir='ltr'><strong>κεχώρηκε</strong></span> <span class='ocrx_word' id='word_1_26' title='bbox 820 577 985 631; x_wconf 80' lang='grc' dir='ltr'>πάλιν</span> <span class='ocrx_word' id='word_1_27' title='bbox 1011 579 1103 631; x_wconf 82' lang='grc' dir='ltr'><strong>ἐπὶ</strong></span> <span class='ocrx_word' id='word_1_28' title='bbox 1129 580 1187 632; x_wconf 90' lang='grc' dir='ltr'><strong>τὸ</strong></span> <span class='ocrx_word' id='word_1_29' title='bbox 1235 581 1385 650; x_wconf 80' lang='grc' dir='ltr'>αὐτῷ</span> <span class='ocrx_word' id='word_1_30' title='bbox 1417 578 1631 643; x_wconf 76' lang='grc' dir='ltr'>δοκοῦν,</span> <span class='ocrx_word' id='word_1_31' title='bbox 1669 583 1765 635; x_wconf 89' lang='grc' dir='ltr'><strong>καί</strong></span> 
     </span>
    </p>
   </div>
   <div class='ocr_carea' id='block_1_7' title="bbox 150 665 1767 743">
    <p class='ocr_par' dir='ltr' id='par_1_7' title="bbox 150 665 1767 743">
     <span class='ocr_line' id='line_1_7' title="bbox 150 665 1767 743; baseline 0.007 -27"><span class='ocrx_word' id='word_1_32' title='bbox 150 682 285 735; x_wconf 70' lang='grc' dir='ltr'>φησι</span> <span class='ocrx_word' id='word_1_33' title='bbox 306 682 320 694; x_wconf 90' lang='grc'>·</span> <span class='ocrx_word' id='word_1_34' title='bbox 367 665 519 737; x_wconf 74' lang='grc' dir='ltr'>[Διὰ</span> <span class='ocrx_word' id='word_1_35' title='bbox 552 668 717 720; x_wconf 89' lang='grc' dir='ltr'>τοῦτο</span> <span class='ocrx_word' id='word_1_36' title='bbox 743 669 838 721; x_wconf 76' lang='grc' dir='ltr'>καὶ</span> <span class='ocrx_word' id='word_1_37' title='bbox 867 670 1103 740; x_wconf 83' lang='grc' dir='ltr'>Χριστὸς</span> <span class='ocrx_word' id='word_1_38' title='bbox 1137 674 1166 725; x_wconf 92' lang='grc' dir='ltr'><strong>ὁ</strong></span> <span class='ocrx_word' id='word_1_39' title='bbox 1198 671 1330 736; x_wconf 87' lang='grc' dir='ltr'>Θεὸς</span> <span class='ocrx_word' id='word_1_40' title='bbox 1366 673 1535 741; x_wconf 83' lang='grc' dir='ltr'>Λόγος</span> <span class='ocrx_word' id='word_1_41' title='bbox 1566 675 1767 743; x_wconf 87' lang='grc' dir='ltr'>ὁνομά-</span> 
     </span>
    </p>
   </div>
   <div class='ocr_carea' id='block_1_8' title="bbox 149 759 1771 838">
    <p class='ocr_par' dir='ltr' id='par_1_8' title="bbox 149 759 1771 838">
     <span class='ocr_line' id='line_1_8' title="bbox 149 759 1771 838; baseline 0.007 -28"><span class='ocrx_word' id='word_1_42' title='bbox 149 759 324 820; x_wconf 75' lang='grc' dir='ltr'>ξεται,</span> <span class='ocrx_word' id='word_1_43' title='bbox 362 761 612 833; x_wconf 76' lang='grc' dir='ltr'>ἐπείπερ</span> <span class='ocrx_word' id='word_1_44' title='bbox 642 761 757 833; x_wconf 78' lang='grc' dir='ltr'>ἔχει</span> <span class='ocrx_word' id='word_1_45' title='bbox 781 764 882 833; x_wconf 77' lang='grc' dir='ltr'>τὴν</span> <span class='ocrx_word' id='word_1_46' title='bbox 914 763 1212 832; x_wconf 82' lang='grc' dir='ltr'>συνάφειαν</span> <span class='ocrx_word' id='word_1_47' title='bbox 1245 765 1344 834; x_wconf 76' lang='grc' dir='ltr'>τὴν</span> <span class='ocrx_word' id='word_1_48' title='bbox 1368 765 1500 836; x_wconf 76' lang='grc' dir='ltr'>πρὸς</span> <span class='ocrx_word' id='word_1_49' title='bbox 1522 767 1614 819; x_wconf 88' lang='grc' dir='ltr'><strong>τὸν</strong></span> <span class='ocrx_word' id='word_1_50' title='bbox 1644 769 1771 838; x_wconf 78' lang='grc' dir='ltr'>Χρι-</span> 
     </span>
    </p>
   </div>
   <div class='ocr_carea' id='block_1_9' title="bbox 151 851 1769 929">
    <p class='ocr_par' dir='ltr' id='par_1_9' title="bbox 151 851 1769 929">
     <span class='ocr_line' id='line_1_9' title="bbox 151 851 1769 929; baseline 0.004 -25"><span class='ocrx_word' id='word_1_51' title='bbox 151 851 275 905; x_wconf 78' lang='grc' dir='ltr'>στὸν</span> <span class='ocrx_word' id='word_1_52' title='bbox 310 852 581 923; x_wconf 81' lang='grc' dir='ltr'>διηνεκῆ.</span> <span class='ocrx_word' id='word_1_53' title='bbox 615 855 727 907; x_wconf 77' lang='grc' dir='ltr'>Καὶ</span> <span class='ocrx_word' id='word_1_54' title='bbox 749 857 852 908; x_wconf 86' lang='grc' dir='ltr'>οὐκ</span> <span class='ocrx_word' id='word_1_55' title='bbox 888 854 1004 909; x_wconf 77' lang='grc' dir='ltr'>ἐστι</span> <span class='ocrx_word' id='word_1_56' title='bbox 1056 856 1146 908; x_wconf 91' lang='grc' dir='ltr'><strong>τὸν</strong></span> <span class='ocrx_word' id='word_1_57' title='bbox 1173 854 1306 908; x_wconf 88' lang='grc' dir='ltr'>Θεὸν</span> <span class='ocrx_word' id='word_1_58' title='bbox 1324 857 1494 925; x_wconf 85' lang='grc' dir='ltr'>Λόγον</span> <span class='ocrx_word' id='word_1_59' title='bbox 1516 858 1644 910; x_wconf 77' lang='grc' dir='ltr'>ἄνευ</span> <span class='ocrx_word' id='word_1_60' title='bbox 1670 860 1769 929; x_wconf 86' lang='grc' dir='ltr'>τῆς</span> 
     </span>
    </p>
   </div>
   <div class='ocr_carea' id='block_1_10' title="bbox 146 943 1769 1018">
    <p class='ocr_par' dir='ltr' id='par_1_10' title="bbox 146 943 1769 1018">
     <span class='ocr_line' id='line_1_10' title="bbox 146 943 1769 1018; baseline 0.005 -24"><span class='ocrx_word' id='word_1_61' title='bbox 146 943 600 1014; x_wconf 81' lang='grc' dir='ltr'>ἀνθρωπὸτητος</span> <span class='ocrx_word' id='word_1_62' title='bbox 661 945 868 1015; x_wconf 79' lang='grc' dir='ltr'>πρᾶξαί</span> <span class='ocrx_word' id='word_1_63' title='bbox 914 962 987 998; x_wconf 87' lang='grc' dir='ltr'><strong>τι.</strong></span> <span class='ocrx_word' id='word_1_64' title='bbox 1044 946 1456 1015; x_wconf 78' lang='grc' dir='ltr'>’Λπηκρίὸωται</span> <span class='ocrx_word' id='word_1_65' title='bbox 1525 948 1633 1018; x_wconf 85' lang='grc' dir='ltr'>γὰρ</span> <span class='ocrx_word' id='word_1_66' title='bbox 1686 952 1769 1013; x_wconf 80' lang='grc' dir='ltr'><strong>εἰς</strong></span> 
     </span>
    </p>
   </div>
   <div class='ocr_carea' id='block_1_11' title="bbox 144 1036 1766 1105">
    <p class='ocr_par' dir='ltr' id='par_1_11' title="bbox 144 1036 1766 1105">
     <span class='ocr_line' id='line_1_11' title="bbox 144 1036 1766 1105; baseline 0.004 -17"><span class='ocrx_word' id='word_1_67' title='bbox 144 1036 331 1104; x_wconf 73' lang='grc' dir='ltr'>ἄκραν</span> <span class='ocrx_word' id='word_1_68' title='bbox 358 1036 699 1105; x_wconf 78' lang='grc' dir='ltr'>συνάφειαν,</span> <span class='ocrx_word' id='word_1_69' title='bbox 728 1039 830 1090; x_wconf 80' lang='grc' dir='ltr'>οὐκ</span> <span class='ocrx_word' id='word_1_70' title='bbox 867 1040 950 1100; x_wconf 82' lang='grc' dir='ltr'><strong>είς</strong></span> <span class='ocrx_word' id='word_1_71' title='bbox 982 1036 1314 1100; x_wconf 82' lang='grc' dir='ltr'><strong>ἀποθέωσιν,</strong></span> <span class='ocrx_word' id='word_1_72' title='bbox 1343 1038 1488 1092; x_wconf 88' lang='grc' dir='ltr'><strong>κατά</strong></span> <span class='ocrx_word' id='word_1_73' title='bbox 1516 1042 1643 1103; x_wconf 80' lang='grc' dir='ltr'>τοὺς</span> <span class='ocrx_word' id='word_1_74' title='bbox 1674 1058 1766 1093; x_wconf 83' lang='grc' dir='ltr'>σο·-</span> 
     </span>
    </p>
   </div>
   <div class='ocr_carea' id='block_1_12' title="bbox 146 1128 1767 1201">
    <p class='ocr_par' dir='ltr' id='par_1_12' title="bbox 146 1128 1767 1201">
     <span class='ocr_line' id='line_1_12' title="bbox 146 1128 1767 1201; baseline 0.004 -22"><span class='ocrx_word' id='word_1_75' title='bbox 146 1128 286 1194; x_wconf 79' lang='grc' dir='ltr'>φοὺς</span> <span class='ocrx_word' id='word_1_76' title='bbox 326 1128 456 1180; x_wconf 81' lang='grc' dir='ltr'><strong>τῶν</strong></span> <span class='ocrx_word' id='word_1_77' title='bbox 504 1128 896 1199; x_wconf 79' lang='grc' dir='ltr'>δογματιστῶν</span> <span class='ocrx_word' id='word_1_78' title='bbox 926 1129 1035 1182; x_wconf 91' lang='grc' dir='ltr'><strong>τῶν</strong></span> <span class='ocrx_word' id='word_1_79' title='bbox 1072 1128 1402 1201; x_wconf 82' lang='grc' dir='ltr'>νεωτέρων.]</span> <span class='ocrx_word' id='word_1_80' title='bbox 1433 1131 1561 1183; x_wconf 86' lang='grc' dir='ltr'><strong>Ὅτε</strong></span> <span class='ocrx_word' id='word_1_81' title='bbox 1588 1132 1767 1185; x_wconf 82' lang='grc' dir='ltr'><strong>τοίνυν</strong></span> 
     </span>
    </p>
   </div>
   <div class='ocr_carea' id='block_1_13' title="bbox 142 1219 1768 1296">
    <p class='ocr_par' dir='ltr' id='par_1_13' title="bbox 142 1219 1768 1296">
     <span class='ocr_line' id='line_1_13' title="bbox 142 1219 1768 1296; baseline 0.003 -25"><span class='ocrx_word' id='word_1_82' title='bbox 142 1219 396 1289; x_wconf 79' lang='grc' dir='ltr'>Χριστὸν</span> <span class='ocrx_word' id='word_1_83' title='bbox 430 1221 760 1293; x_wconf 76' lang='grc' dir='ltr'><strong>ὠνομάσθαι</strong></span> <span class='ocrx_word' id='word_1_84' title='bbox 789 1223 955 1291; x_wconf 73' lang='grc' dir='ltr'>φησὶν</span> <span class='ocrx_word' id='word_1_85' title='bbox 986 1220 1168 1284; x_wconf 85' lang='grc' dir='ltr'>ίδικῶς</span> <span class='ocrx_word' id='word_1_86' title='bbox 1190 1222 1281 1275; x_wconf 89' lang='grc' dir='ltr'><strong>τὸν</strong></span> <span class='ocrx_word' id='word_1_87' title='bbox 1302 1223 1364 1274; x_wconf 82' lang='grc' dir='ltr'>ὲκ</span> <span class='ocrx_word' id='word_1_88' title='bbox 1384 1221 1521 1275; x_wconf 89' lang='grc' dir='ltr'>Θεοῦ</span> <span class='ocrx_word' id='word_1_89' title='bbox 1554 1224 1768 1296; x_wconf 83' lang='grc' dir='ltr'>Πατρὸς</span> 
     </span>
    </p>
   </div>
   <div class='ocr_carea' id='block_1_14' title="bbox 142 1313 1767 1386">
    <p class='ocr_par' dir='ltr' id='par_1_14' title="bbox 142 1313 1767 1386">
     <span class='ocr_line' id='line_1_14' title="bbox 142 1313 1767 1386; baseline 0.003 -23"><span class='ocrx_word' id='word_1_90' title='bbox 142 1313 350 1379; x_wconf 80' lang='grc' dir='ltr'>Λόγον,</span> <span class='ocrx_word' id='word_1_91' title='bbox 385 1313 472 1377; x_wconf 82' lang='grc' dir='ltr'>ὡς</span> <span class='ocrx_word' id='word_1_92' title='bbox 501 1313 700 1383; x_wconf 72' lang='grc' dir='ltr'>ἔχοντα</span> <span class='ocrx_word' id='word_1_93' title='bbox 750 1314 851 1385; x_wconf 82' lang='grc' dir='ltr'><strong>τὴν</strong></span> <span class='ocrx_word' id='word_1_94' title='bbox 885 1315 1185 1384; x_wconf 84' lang='grc' dir='ltr'>συνάφειαν</span> <span class='ocrx_word' id='word_1_95' title='bbox 1224 1314 1362 1385; x_wconf 89' lang='grc' dir='ltr'>πρὸς</span> <span class='ocrx_word' id='word_1_96' title='bbox 1405 1315 1659 1386; x_wconf 83' lang='grc' dir='ltr'>Χριστὸν,</span> <span class='ocrx_word' id='word_1_97' title='bbox 1691 1316 1767 1379; x_wconf 86' lang='grc' dir='ltr'><strong>ὡς</strong></span> 
     </span>
    </p>
   </div>
   <div class='ocr_carea' id='block_1_15' title="bbox 143 1404 1766 1476">
    <p class='ocr_par' dir='ltr' id='par_1_15' title="bbox 143 1404 1766 1476">
     <span class='ocr_line' id='line_1_15' title="bbox 143 1404 1766 1476; baseline 0.002 -22"><span class='ocrx_word' id='word_1_98' title='bbox 143 1404 285 1473; x_wconf 73' lang='grc' dir='ltr'>πρὸς</span> <span class='ocrx_word' id='word_1_99' title='bbox 319 1404 527 1475; x_wconf 73' lang='grc' dir='ltr'>ἔτερόν</span> <span class='ocrx_word' id='word_1_100' title='bbox 569 1422 674 1458; x_wconf 90' lang='grc' dir='ltr'><strong>που</strong></span> <span class='ocrx_word' id='word_1_101' title='bbox 720 1406 989 1476; x_wconf 85' lang='grc' dir='ltr'>δηλονότι,</span> <span class='ocrx_word' id='word_1_102' title='bbox 1017 1406 1133 1469; x_wconf 88' lang='grc' dir='ltr'><strong>πῶς</strong></span> <span class='ocrx_word' id='word_1_103' title='bbox 1182 1406 1244 1459; x_wconf 86' lang='grc' dir='ltr'>οὐ</span> <span class='ocrx_word' id='word_1_104' title='bbox 1273 1405 1628 1475; x_wconf 56' lang='grc' dir='ltr'>αφλυάρηκέ</span> <span class='ocrx_word' id='word_1_105' title='bbox 1665 1422 1766 1458; x_wconf 87' lang='grc' dir='ltr'><strong>που</strong></span> 
     </span>
    </p>
   </div>
   <div class='ocr_carea' id='block_1_16' title="bbox 144 1493 1766 1565">
    <p class='ocr_par' dir='ltr' id='par_1_16' title="bbox 144 1493 1766 1565">
     <span class='ocr_line' id='line_1_16' title="bbox 144 1493 1766 1565; baseline 0.001 -19"><span class='ocrx_word' id='word_1_106' title='bbox 144 1494 332 1562; x_wconf 75' lang='grc' dir='ltr'>μάτην</span> <span class='ocrx_word' id='word_1_107' title='bbox 367 1493 648 1565; x_wconf 77' lang='grc' dir='ltr'>εἰρηκὼς,</span> <span class='ocrx_word' id='word_1_108' title='bbox 683 1496 767 1547; x_wconf 81' lang='grc' dir='ltr'>ὅτι</span> <span class='ocrx_word' id='word_1_109' title='bbox 818 1495 958 1565; x_wconf 85' lang='grc' dir='ltr'>μετὰ</span> <span class='ocrx_word' id='word_1_110' title='bbox 1013 1494 1112 1564; x_wconf 84' lang='grc' dir='ltr'>τὴν</span> <span class='ocrx_word' id='word_1_111' title='bbox 1144 1494 1413 1564; x_wconf 77' lang='grc' dir='ltr'>ἀνάληψιν</span> <span class='ocrx_word' id='word_1_112' title='bbox 1452 1494 1514 1546; x_wconf 85' lang='grc' dir='ltr'>οὐ</span> <span class='ocrx_word' id='word_1_113' title='bbox 1543 1494 1766 1547; x_wconf 76' lang='grc' dir='ltr'>δύναται</span> 
     </span>
    </p>
   </div>
   <div class='ocr_carea' id='block_1_17' title="bbox 141 1585 1765 1659">
    <p class='ocr_par' dir='ltr' id='par_1_17' title="bbox 141 1585 1765 1659">
     <span class='ocr_line' id='line_1_17' title="bbox 141 1585 1765 1659; baseline -0.001 -21"><span class='ocrx_word' id='word_1_114' title='bbox 141 1587 452 1639; x_wconf 77' lang='grc' dir='ltr'>καλεῖσθαι</span> <span class='ocrx_word' id='word_1_115' title='bbox 500 1586 975 1659; x_wconf 80' lang='grc' dir='ltr'>κεχωρισμένως;</span> <span class='ocrx_word' id='word_1_116' title='bbox 1024 1587 1181 1657; x_wconf 83' lang='grc' dir='ltr'>εῐπερ</span> <span class='ocrx_word' id='word_1_117' title='bbox 1227 1586 1325 1656; x_wconf 73' lang='grc' dir='ltr'><strong>οὐχ</strong></span> <span class='ocrx_word' id='word_1_118' title='bbox 1356 1585 1414 1637; x_wconf 73' lang='grc' dir='ltr'>ἓν</span> <span class='ocrx_word' id='word_1_119' title='bbox 1458 1602 1509 1638; x_wconf 91' lang='grc' dir='ltr'><strong>τι</strong></span> <span class='ocrx_word' id='word_1_120' title='bbox 1560 1587 1765 1638; x_wconf 81' lang='grc' dir='ltr'>νοεῖται</span> 
     </span>
    </p>
   </div>
   <div class='ocr_carea' id='block_1_18' title="bbox 139 1677 1767 1749">
    <p class='ocr_par' dir='ltr' id='par_1_18' title="bbox 139 1677 1767 1749">
     <span class='ocr_line' id='line_1_18' title="bbox 139 1677 1767 1749; baseline -0.001 -20"><span class='ocrx_word' id='word_1_121' title='bbox 139 1680 280 1749; x_wconf 77' lang='grc' dir='ltr'>πρὸς</span> <span class='ocrx_word' id='word_1_122' title='bbox 312 1679 515 1749; x_wconf 70' lang='grc' dir='ltr'>ἡμῶν,</span> <span class='ocrx_word' id='word_1_123' title='bbox 547 1680 612 1731; x_wconf 84' lang='grc' dir='ltr'><strong>τὸ</strong></span> <span class='ocrx_word' id='word_1_124' title='bbox 642 1679 816 1749; x_wconf 79' lang='grc' dir='ltr'>ἑτέρῳ</span> <span class='ocrx_word' id='word_1_125' title='bbox 844 1680 952 1731; x_wconf 73' lang='grc' dir='ltr'>τινὶ</span> <span class='ocrx_word' id='word_1_126' title='bbox 1006 1677 1272 1749; x_wconf 84' lang='grc' dir='ltr'>σχετικῶς</span> <span class='ocrx_word' id='word_1_127' title='bbox 1307 1678 1577 1747; x_wconf 76' lang='grc' dir='ltr'>συνῆφθαι</span> <span class='ocrx_word' id='word_1_128' title='bbox 1610 1678 1767 1744; x_wconf 78' lang='grc' dir='ltr'>λεγό·</span> 
     </span>
    </p>
   </div>
   <div class='ocr_carea' id='block_1_19' title="bbox 142 1767 1761 1842">
    <p class='ocr_par' dir='ltr' id='par_1_19' title="bbox 142 1767 1761 1842">
     <span class='ocr_line' id='line_1_19' title="bbox 142 1767 1761 1842; baseline -0.001 -21"><span class='ocrx_word' id='word_1_129' title='bbox 142 1787 310 1838; x_wconf 87' lang='grc' dir='ltr'>μενον</span> <span class='ocrx_word' id='word_1_130' title='bbox 340 1788 355 1798; x_wconf 89' lang='grc'><strong>·</strong></span> <span class='ocrx_word' id='word_1_131' title='bbox 402 1771 507 1825; x_wconf 83' lang='grc' dir='ltr'><strong>δύο</strong></span> <span class='ocrx_word' id='word_1_132' title='bbox 547 1771 658 1842; x_wconf 85' lang='grc' dir='ltr'>γὰρ</span> <span class='ocrx_word' id='word_1_133' title='bbox 692 1772 911 1834; x_wconf 81' lang='grc' dir='ltr'>πάντως</span> <span class='ocrx_word' id='word_1_134' title='bbox 957 1769 1027 1822; x_wconf 86' lang='grc' dir='ltr'><strong>τὰ</strong></span> <span class='ocrx_word' id='word_1_135' title='bbox 1072 1769 1324 1839; x_wconf 86' lang='grc' dir='ltr'>ἀλλήλοις</span> <span class='ocrx_word' id='word_1_136' title='bbox 1371 1767 1761 1833; x_wconf 76' lang='grc' dir='ltr'>συμϐαίνοντα,</span> 
     </span>
    </p>
   </div>
   <div class='ocr_carea' id='block_1_20' title="bbox 139 1844 1835 1932">
    <p class='ocr_par' dir='ltr' id='par_1_20' title="bbox 139 1844 1835 1932">
     <span class='ocr_line' id='line_1_20' title="bbox 139 1844 1835 1932; baseline -0.002 -18"><span class='ocrx_word' id='word_1_137' title='bbox 139 1863 234 1914; x_wconf 76' lang='grc' dir='ltr'>καὶ</span> <span class='ocrx_word' id='word_1_138' title='bbox 266 1864 379 1932; x_wconf 80' lang='grc' dir='ltr'><strong>οὐχ</strong></span> <span class='ocrx_word' id='word_1_139' title='bbox 411 1864 474 1915; x_wconf 76' lang='grc' dir='ltr'>ἓν</span> <span class='ocrx_word' id='word_1_140' title='bbox 499 1864 635 1915; x_wconf 79' lang='grc' dir='ltr'>αὐτό</span> <span class='ocrx_word' id='word_1_141' title='bbox 658 1880 733 1923; x_wconf 90' lang='grc' dir='ltr'><strong>τι,</strong></span> <span class='ocrx_word' id='word_1_142' title='bbox 765 1862 826 1914; x_wconf 89' lang='grc' dir='ltr'><strong>τὸ</strong></span> <span class='ocrx_word' id='word_1_143' title='bbox 852 1860 1031 1928; x_wconf 76' lang='grc' dir='ltr'>ἑαυτῷ</span> <span class='ocrx_word' id='word_1_144' title='bbox 1059 1861 1484 1929; x_wconf 85' lang='grc' dir='ltr'>συναπτόμενον,</span> <span class='ocrx_word' id='word_1_145' title='bbox 1508 1861 1664 1911; x_wconf 79' lang='grc' dir='ltr'>νοοῖτ¹</span> <span class='ocrx_word' id='word_1_146' title='bbox 1693 1859 1759 1910; x_wconf 87' lang='grc' dir='ltr'>ἂν</span> <span class='ocrx_word' id='word_1_147' title='bbox 1794 1844 1835 1896; x_wconf 75' lang='grc' dir='ltr'><strong>Β</strong></span> 
     </span>
    </p>
   </div>
   <div class='ocr_carea' id='block_1_21' title="bbox 137 1947 1760 2022">
    <p class='ocr_par' dir='ltr' id='par_1_21' title="bbox 137 1947 1760 2022">
     <span class='ocr_line' id='line_1_21' title="bbox 137 1947 1760 2022; baseline -0.001 -17"><span class='ocrx_word' id='word_1_148' title='bbox 137 1955 409 2016; x_wconf 72' lang='grc' dir='ltr'>εἰκότως.</span> <span class='ocrx_word' id='word_1_149' title='bbox 468 1952 829 2021; x_wconf 79' lang='grc' dir='ltr'>Ψευδομυθία</span> <span class='ocrx_word' id='word_1_150' title='bbox 873 1952 937 2022; x_wconf 81' lang='grc' dir='ltr'><strong>δὴ</strong></span> <span class='ocrx_word' id='word_1_151' title='bbox 984 1947 1077 2005; x_wconf 81' lang='grc' dir='ltr'><strong>οῦν</strong></span> <span class='ocrx_word' id='word_1_152' title='bbox 1108 1951 1175 2004; x_wconf 83' lang='grc' dir='ltr'>τὰ</span> <span class='ocrx_word' id='word_1_153' title='bbox 1217 1953 1428 2004; x_wconf 72' lang='grc' dir='ltr'>ἐκείνου</span> <span class='ocrx_word' id='word_1_154' title='bbox 1472 1953 1565 2004; x_wconf 76' lang='grc' dir='ltr'>καὶ</span> <span class='ocrx_word' id='word_1_155' title='bbox 1595 1952 1760 2022; x_wconf 83' lang='grc' dir='ltr'>λῆρος</span> 
     </span>
    </p>
   </div>
   <div class='ocr_carea' id='block_1_22' title="bbox 139 2044 1761 2115">
    <p class='ocr_par' dir='ltr' id='par_1_22' title="bbox 139 2044 1761 2115">
     <span class='ocr_line' id='line_1_22' title="bbox 139 2044 1761 2115; baseline -0.001 -18"><span class='ocrx_word' id='word_1_156' title='bbox 139 2046 381 2114; x_wconf 73' lang='grc' dir='ltr'>ἑτέρως.</span> <span class='ocrx_word' id='word_1_157' title='bbox 440 2046 639 2115; x_wconf 82' lang='grc' dir='ltr'>Ἡμεῖς</span> <span class='ocrx_word' id='word_1_158' title='bbox 672 2046 731 2098; x_wconf 84' lang='grc' dir='ltr'><strong>δὲ</strong></span> <span class='ocrx_word' id='word_1_159' title='bbox 786 2045 925 2115; x_wconf 86' lang='grc' dir='ltr'>μετὰ</span> <span class='ocrx_word' id='word_1_160' title='bbox 974 2044 1073 2115; x_wconf 79' lang='grc' dir='ltr'>τὴν</span> <span class='ocrx_word' id='word_1_161' title='bbox 1118 2045 1333 2107; x_wconf 75' lang='grc' dir='ltr'>ἕνωσιν,</span> <span class='ocrx_word' id='word_1_162' title='bbox 1388 2046 1492 2098; x_wconf 73' lang='grc' dir='ltr'>κᾶν</span> <span class='ocrx_word' id='word_1_163' title='bbox 1541 2046 1590 2096; x_wconf 85' lang='grc' dir='ltr'><strong>εί</strong></span> <span class='ocrx_word' id='word_1_164' title='bbox 1628 2045 1761 2097; x_wconf 85' lang='grc' dir='ltr'><strong>Θεὸν</strong></span> 
     </span>
    </p>
   </div>
   <div class='ocr_carea' id='block_1_23' title="bbox 135 2135 1760 2207">
    <p class='ocr_par' dir='ltr' id='par_1_23' title="bbox 135 2135 1760 2207">
     <span class='ocr_line' id='line_1_23' title="bbox 135 2135 1760 2207; baseline -0.001 -19"><span class='ocrx_word' id='word_1_165' title='bbox 135 2138 318 2203; x_wconf 83' lang='grc' dir='ltr'>Λόγον</span> <span class='ocrx_word' id='word_1_166' title='bbox 345 2137 658 2207; x_wconf 84' lang='grc' dir='ltr'>ὁνομάσειέ</span> <span class='ocrx_word' id='word_1_167' title='bbox 690 2154 795 2196; x_wconf 84' lang='grc' dir='ltr'>τις,</span> <span class='ocrx_word' id='word_1_168' title='bbox 819 2138 879 2189; x_wconf 83' lang='grc' dir='ltr'>οὐ</span> <span class='ocrx_word' id='word_1_169' title='bbox 911 2137 1033 2205; x_wconf 84' lang='grc' dir='ltr'>δίχα</span> <span class='ocrx_word' id='word_1_170' title='bbox 1064 2135 1291 2207; x_wconf 80' lang='grc' dir='ltr'>νοοῦμεν</span> <span class='ocrx_word' id='word_1_171' title='bbox 1312 2136 1474 2188; x_wconf 82' lang='grc' dir='ltr'>αὑτὸν</span> <span class='ocrx_word' id='word_1_172' title='bbox 1501 2136 1600 2206; x_wconf 83' lang='grc' dir='ltr'>τῆς</span> <span class='ocrx_word' id='word_1_173' title='bbox 1624 2135 1760 2199; x_wconf 76' lang='grc' dir='ltr'>ἰδίας</span> 
     </span>
    </p>
   </div>
   <div class='ocr_carea' id='block_1_24' title="bbox 136 2224 1760 2294">
    <p class='ocr_par' dir='ltr' id='par_1_24' title="bbox 136 2224 1760 2294">
     <span class='ocr_line' id='line_1_24' title="bbox 136 2224 1760 2294; baseline -0.002 -17"><span class='ocrx_word' id='word_1_174' title='bbox 136 2226 354 2293; x_wconf 78' lang='grc' dir='ltr'>σαρκός</span> <span class='ocrx_word' id='word_1_175' title='bbox 382 2243 398 2254; x_wconf 88' lang='grc'>·</span> <span class='ocrx_word' id='word_1_176' title='bbox 453 2225 561 2277; x_wconf 77' lang='grc' dir='ltr'>κᾶν</span> <span class='ocrx_word' id='word_1_177' title='bbox 596 2226 727 2294; x_wconf 75' lang='grc' dir='ltr'><strong>εἴπῃ</strong></span> <span class='ocrx_word' id='word_1_178' title='bbox 773 2225 1030 2294; x_wconf 86' lang='grc' dir='ltr'>Χριστὸν,</span> <span class='ocrx_word' id='word_1_179' title='bbox 1071 2224 1427 2294; x_wconf 82' lang='grc' dir='ltr'>σαρκωθέντα</span> <span class='ocrx_word' id='word_1_180' title='bbox 1468 2225 1559 2276; x_wconf 90' lang='grc' dir='ltr'><strong>τὸν</strong></span> <span class='ocrx_word' id='word_1_181' title='bbox 1591 2225 1760 2291; x_wconf 83' lang='grc' dir='ltr'>Λόγον</span> 
     </span>
    </p>
   </div>
   <div class='ocr_carea' id='block_1_25' title="bbox 134 2312 1759 2385">
    <p class='ocr_par' dir='ltr' id='par_1_25' title="bbox 134 2312 1759 2385">
     <span class='ocr_line' id='line_1_25' title="bbox 134 2312 1759 2385; baseline -0.001 -19"><span class='ocrx_word' id='word_1_182' title='bbox 134 2314 631 2384; x_wconf 78' lang='grc' dir='ltr'>ὲπ.γινὼσκομεν.</span> <span class='ocrx_word' id='word_1_183' title='bbox 668 2314 765 2377; x_wconf 86' lang='grc' dir='ltr'>Τίς</span> <span class='ocrx_word' id='word_1_184' title='bbox 806 2315 863 2368; x_wconf 84' lang='grc' dir='ltr'><strong>δὲ</strong></span> <span class='ocrx_word' id='word_1_185' title='bbox 893 2314 956 2385; x_wconf 81' lang='grc' dir='ltr'>δὴ</span> <span class='ocrx_word' id='word_1_186' title='bbox 1002 2315 1110 2385; x_wconf 78' lang='grc' dir='ltr'>ἄρα</span> <span class='ocrx_word' id='word_1_187' title='bbox 1140 2316 1291 2367; x_wconf 85' lang='grc' dir='ltr'><strong>καὶὸ</strong></span> <span class='ocrx_word' id='word_1_188' title='bbox 1326 2316 1426 2383; x_wconf 80' lang='grc' dir='ltr'>τῆς</span> <span class='ocrx_word' id='word_1_189' title='bbox 1464 2314 1615 2384; x_wconf 80' lang='grc' dir='ltr'>παρὰ</span> <span class='ocrx_word' id='word_1_190' title='bbox 1666 2312 1759 2365; x_wconf 90' lang='grc' dir='ltr'><strong>σοῦ</strong></span> 
     </span>
    </p>
   </div>
   <div class='ocr_carea' id='block_1_26' title="bbox 133 2406 1760 2477">
    <p class='ocr_par' dir='ltr' id='par_1_26' title="bbox 133 2406 1760 2477">
     <span class='ocr_line' id='line_1_26' title="bbox 133 2406 1760 2477; baseline -0.001 -18"><span class='ocrx_word' id='word_1_191' title='bbox 133 2408 468 2477; x_wconf 76' lang='grc' dir='ltr'>λεγομένης</span> <span class='ocrx_word' id='word_1_192' title='bbox 524 2408 824 2475; x_wconf 79' lang='grc' dir='ltr'>συναφείας</span> <span class='ocrx_word' id='word_1_193' title='bbox 880 2409 1081 2459; x_wconf 86' lang='grc' dir='ltr'>νοεῖται</span> <span class='ocrx_word' id='word_1_194' title='bbox 1134 2406 1367 2477; x_wconf 86' lang='grc' dir='ltr'>τρόπος;</span> <span class='ocrx_word' id='word_1_195' title='bbox 1402 2406 1463 2459; x_wconf 83' lang='grc' dir='ltr'>Εἰ</span> <span class='ocrx_word' id='word_1_196' title='bbox 1505 2406 1605 2476; x_wconf 80' lang='grc' dir='ltr'>μὲν</span> <span class='ocrx_word' id='word_1_197' title='bbox 1652 2406 1760 2477; x_wconf 81' lang='grc' dir='ltr'>γὰρ</span> 
     </span>
    </p>
   </div>
   <div class='ocr_carea' id='block_1_27' title="bbox 132 2490 1760 2570">
    <p class='ocr_par' dir='ltr' id='par_1_27' title="bbox 132 2490 1760 2570">
     <span class='ocr_line' id='line_1_27' title="bbox 132 2490 1760 2570; baseline -0.002 -19"><span class='ocrx_word' id='word_1_198' title='bbox 132 2500 398 2569; x_wconf 76' lang='grc' dir='ltr'>ἡνῶσθαι</span> <span class='ocrx_word' id='word_1_199' title='bbox 432 2499 544 2570; x_wconf 84' lang='grc' dir='ltr'>φὴς</span> <span class='ocrx_word' id='word_1_200' title='bbox 582 2498 706 2551; x_wconf 76' lang='grc' dir='ltr'>καθ’</span> <span class='ocrx_word' id='word_1_201' title='bbox 733 2490 1035 2551; x_wconf 82' lang='grc' dir='ltr'>ὑπόστασιν</span> <span class='ocrx_word' id='word_1_202' title='bbox 1061 2497 1137 2567; x_wconf 88' lang='grc' dir='ltr'>τῷ</span> <span class='ocrx_word' id='word_1_203' title='bbox 1164 2501 1226 2550; x_wconf 81' lang='grc' dir='ltr'>ὲκ</span> <span class='ocrx_word' id='word_1_204' title='bbox 1252 2497 1388 2550; x_wconf 83' lang='grc' dir='ltr'>Θεοῦ</span> <span class='ocrx_word' id='word_1_205' title='bbox 1411 2498 1568 2567; x_wconf 81' lang='grc' dir='ltr'>φύντι</span> <span class='ocrx_word' id='word_1_206' title='bbox 1598 2498 1760 2566; x_wconf 82' lang='grc' dir='ltr'>Λόγῳ</span> 
     </span>
    </p>
   </div>
   <div class='ocr_carea' id='block_1_28' title="bbox 133 2588 1760 2661">
    <p class='ocr_par' dir='ltr' id='par_1_28' title="bbox 133 2588 1760 2661">
     <span class='ocr_line' id='line_1_28' title="bbox 133 2588 1760 2661; baseline -0.002 -18"><span class='ocrx_word' id='word_1_207' title='bbox 133 2592 193 2642; x_wconf 85' lang='grc' dir='ltr'><strong>τὸ</strong></span> <span class='ocrx_word' id='word_1_208' title='bbox 232 2590 628 2661; x_wconf 75' lang='grc' dir='ltr'>ἀνθρώπινον,</span> <span class='ocrx_word' id='word_1_209' title='bbox 664 2589 717 2643; x_wconf 83' lang='grc' dir='ltr'><strong>τί</strong></span> <span class='ocrx_word' id='word_1_210' title='bbox 743 2590 843 2659; x_wconf 73' lang='grc' dir='ltr'>τὴν</span> <span class='ocrx_word' id='word_1_211' title='bbox 884 2590 1055 2654; x_wconf 80' lang='grc' dir='ltr'>θείαν,</span> <span class='ocrx_word' id='word_1_212' title='bbox 1081 2590 1201 2643; x_wconf 83' lang='grc' dir='ltr'>είπέ</span> <span class='ocrx_word' id='word_1_213' title='bbox 1229 2606 1341 2659; x_wconf 83' lang='grc' dir='ltr'>μοι,</span> <span class='ocrx_word' id='word_1_214' title='bbox 1382 2588 1760 2659; x_wconf 76' lang='grc' dir='ltr'>περιυϐρίζεις</span> 
     </span>
    </p>
   </div>
   <div class='ocr_carea' id='block_1_29' title="bbox 136 2678 1756 2751">
    <p class='ocr_par' dir='ltr' id='par_1_29' title="bbox 136 2678 1756 2751">
     <span class='ocr_line' id='line_1_29' title="bbox 136 2678 1756 2751; baseline -0.002 -19"><span class='ocrx_word' id='word_1_215' title='bbox 136 2684 367 2751; x_wconf 71' lang='grc' dir='ltr'>σάρκας</span> <span class='ocrx_word' id='word_1_216' title='bbox 412 2681 604 2733; x_wconf 87' lang='grc' dir='ltr'>καίτοι</span> <span class='ocrx_word' id='word_1_217' title='bbox 636 2683 967 2750; x_wconf 85' lang='grc' dir='ltr'>προσκυνεῖν</span> <span class='ocrx_word' id='word_1_218' title='bbox 1009 2679 1144 2748; x_wconf 86' lang='grc' dir='ltr'>αὐτῇ</span> <span class='ocrx_word' id='word_1_219' title='bbox 1179 2678 1253 2748; x_wconf 85' lang='grc' dir='ltr'>μὴ</span> <span class='ocrx_word' id='word_1_220' title='bbox 1298 2678 1756 2749; x_wconf 86' lang='grc' dir='ltr'>παραιτούμενος,</span> 
     </span>
    </p>
   </div>
   <div class='ocr_carea' id='block_1_30' title="bbox 134 2768 1757 2843">
    <p class='ocr_par' dir='ltr' id='par_1_30' title="bbox 134 2768 1757 2843">
     <span class='ocr_line' id='line_1_30' title="bbox 134 2768 1757 2843; baseline -0.001 -20"><span class='ocrx_word' id='word_1_221' title='bbox 134 2773 476 2843; x_wconf 74' lang='grc' dir='ltr'>πρέποντος</span> <span class='ocrx_word' id='word_1_222' title='bbox 516 2771 658 2842; x_wconf 83' lang='grc' dir='ltr'>μόνῃ</span> <span class='ocrx_word' id='word_1_223' title='bbox 688 2772 754 2840; x_wconf 74' lang='grc' dir='ltr'>τῇ</span> <span class='ocrx_word' id='word_1_224' title='bbox 785 2768 908 2839; x_wconf 80' lang='grc' dir='ltr'>θείᾳ</span> <span class='ocrx_word' id='word_1_225' title='bbox 943 2785 1003 2821; x_wconf 91' lang='grc' dir='ltr'><strong>τε</strong></span> <span class='ocrx_word' id='word_1_226' title='bbox 1026 2769 1118 2821; x_wconf 75' lang='grc' dir='ltr'>καὶ</span> <span class='ocrx_word' id='word_1_227' title='bbox 1154 2769 1450 2840; x_wconf 81' lang='grc' dir='ltr'>ἀπορρήτῳ</span> <span class='ocrx_word' id='word_1_228' title='bbox 1471 2768 1633 2836; x_wconf 86' lang='grc' dir='ltr'>φύσει</span> <span class='ocrx_word' id='word_1_229' title='bbox 1665 2769 1757 2821; x_wconf 85' lang='grc' dir='ltr'><strong>τοῦ</strong></span> 
     </span>
    </p>
   </div>
   <div class='ocr_carea' id='block_1_31' title="bbox 134 2861 1759 2935">
    <p class='ocr_par' dir='ltr' id='par_1_31' title="bbox 134 2861 1759 2935">
     <span class='ocr_line' id='line_1_31' title="bbox 134 2861 1759 2935; baseline -0.001 -18"><span class='ocrx_word' id='word_1_230' title='bbox 134 2864 599 2935; x_wconf 75' lang='grc' dir='ltr'>προσκυνεῖσθαι</span> <span class='ocrx_word' id='word_1_231' title='bbox 634 2862 767 2915; x_wconf 88' lang='grc' dir='ltr'><strong>δεῖν.</strong></span> <span class='ocrx_word' id='word_1_232' title='bbox 802 2862 865 2914; x_wconf 82' lang='lat' dir='ltr'><strong>El</strong></span> <span class='ocrx_word' id='word_1_233' title='bbox 893 2862 949 2912; x_wconf 76' lang='grc' dir='ltr'>δὲ</span> <span class='ocrx_word' id='word_1_234' title='bbox 982 2861 1160 2932; x_wconf 83' lang='grc' dir='ltr'>ἀληθῆ</span> <span class='ocrx_word' id='word_1_235' title='bbox 1202 2862 1303 2931; x_wconf 85' lang='grc' dir='ltr'>μὲν</span> <span class='ocrx_word' id='word_1_236' title='bbox 1337 2862 1439 2915; x_wconf 84' lang='grc' dir='ltr'>οὐκ</span> <span class='ocrx_word' id='word_1_237' title='bbox 1464 2863 1567 2916; x_wconf 83' lang='grc' dir='ltr'>οῐει</span> <span class='ocrx_word' id='word_1_238' title='bbox 1605 2864 1759 2931; x_wconf 82' lang='grc' dir='ltr'>γενέ-</span> 
     </span>
    </p>
   </div>
   <div class='ocr_carea' id='block_1_32' title="bbox 134 2955 1760 3028">
    <p class='ocr_par' dir='ltr' id='par_1_32' title="bbox 134 2955 1760 3028">
     <span class='ocr_line' id='line_1_32' title="bbox 134 2955 1760 3028; baseline -0.001 -19"><span class='ocrx_word' id='word_1_239' title='bbox 134 2958 265 3012; x_wconf 83' lang='grc' dir='ltr'>σθαι</span> <span class='ocrx_word' id='word_1_240' title='bbox 301 2958 414 3028; x_wconf 75' lang='grc' dir='ltr'>τὴν</span> <span class='ocrx_word' id='word_1_241' title='bbox 450 2956 675 3019; x_wconf 69' lang='grc' dir='ltr'>ἕνωσιν,</span> <span class='ocrx_word' id='word_1_242' title='bbox 717 2956 1013 3022; x_wconf 76' lang='grc' dir='ltr'>συνάφειαν</span> <span class='ocrx_word' id='word_1_243' title='bbox 1047 2955 1101 3007; x_wconf 84' lang='grc' dir='ltr'><strong>δὲ</strong></span> <span class='ocrx_word' id='word_1_244' title='bbox 1134 2955 1337 3020; x_wconf 80' lang='grc' dir='ltr'>μᾶλλον</span> <span class='ocrx_word' id='word_1_245' title='bbox 1383 2958 1514 3025; x_wconf 80' lang='grc' dir='ltr'>ἡμῖν</span> <span class='ocrx_word' id='word_1_246' title='bbox 1561 2956 1760 3025; x_wconf 83' lang='grc' dir='ltr'>ὀνομά-</span> 
     </span>
    </p>
   </div>
   <div class='ocr_carea' id='block_1_33' title="bbox 134 3046 1759 3119">
    <p class='ocr_par' dir='ltr' id='par_1_33' title="bbox 134 3046 1759 3119">
     <span class='ocr_line' id='line_1_33' title="bbox 134 3046 1759 3119; baseline -0.003 -16"><span class='ocrx_word' id='word_1_247' title='bbox 134 3053 251 3114; x_wconf 74' lang='grc' dir='ltr'>ζεις</span> <span class='ocrx_word' id='word_1_248' title='bbox 283 3052 395 3119; x_wconf 74' lang='grc' dir='ltr'>τὴν</span> <span class='ocrx_word' id='word_1_249' title='bbox 439 3049 587 3102; x_wconf 83' lang='grc' dir='ltr'>κατά</span> <span class='ocrx_word' id='word_1_250' title='bbox 622 3066 683 3116; x_wconf 91' lang='grc' dir='ltr'><strong>γε</strong></span> <span class='ocrx_word' id='word_1_251' title='bbox 718 3050 818 3118; x_wconf 83' lang='grc' dir='ltr'>τὴν</span> <span class='ocrx_word' id='word_1_252' title='bbox 849 3047 1194 3117; x_wconf 81' lang='grc' dir='ltr'>ὁμωνυμίαν,</span> <span class='ocrx_word' id='word_1_253' title='bbox 1226 3047 1323 3099; x_wconf 75' lang='grc' dir='ltr'>καὶ</span> <span class='ocrx_word' id='word_1_254' title='bbox 1354 3047 1450 3116; x_wconf 83' lang='grc' dir='ltr'>τὴν</span> <span class='ocrx_word' id='word_1_255' title='bbox 1490 3049 1547 3099; x_wconf 81' lang='grc' dir='ltr'>ὲν</span> <span class='ocrx_word' id='word_1_256' title='bbox 1572 3046 1759 3116; x_wconf 75' lang='grc' dir='ltr'>ψιλαῖς</span> 
     </span>
    </p>
   </div>
   <div class='ocr_carea' id='block_1_34' title="bbox 133 3137 1826 3235">
    <p class='ocr_par' dir='ltr' id='par_1_34' title="bbox 133 3137 1826 3235">
     <span class='ocr_line' id='line_1_34' title="bbox 133 3137 1826 3235; baseline -0.003 -42"><span class='ocrx_word' id='word_1_257' title='bbox 133 3144 231 3195; x_wconf 80' lang='grc' dir='ltr'><strong>καί</strong></span> <span class='ocrx_word' id='word_1_258' title='bbox 258 3142 479 3211; x_wconf 88' lang='grc' dir='ltr'>μόναις</span> <span class='ocrx_word' id='word_1_259' title='bbox 501 3144 628 3202; x_wconf 90' lang='grc' dir='ltr'>ταῖς</span> <span class='ocrx_word' id='word_1_260' title='bbox 653 3140 800 3201; x_wconf 83' lang='grc' dir='ltr'>ἴσαις</span> <span class='ocrx_word' id='word_1_261' title='bbox 831 3138 1088 3206; x_wconf 84' lang='grc' dir='ltr'>κλήσεσιν</span> <span class='ocrx_word' id='word_1_262' title='bbox 1106 3137 1354 3204; x_wconf 78' lang='grc' dir='ltr'>ἀξίαν,τί</span> <span class='ocrx_word' id='word_1_263' title='bbox 1378 3138 1753 3209; x_wconf 85' lang='grc' dir='ltr'>σεμνοληρείς,</span> <span class='ocrx_word' id='word_1_264' title='bbox 1786 3180 1826 3235; x_wconf 79' lang='lat' dir='ltr'>C</span> 
     </span>
    </p>
   </div>
   <div class='ocr_carea' id='block_1_35' title="bbox 134 3228 1757 3305">
    <p class='ocr_par' dir='ltr' id='par_1_35' title="bbox 134 3228 1757 3305">
     <span class='ocr_line' id='line_1_35' title="bbox 134 3228 1757 3305; baseline -0.004 -18"><span class='ocrx_word' id='word_1_265' title='bbox 134 3232 597 3305; x_wconf 68' lang='grc' dir='ltr'>ἀπηκριϐῶσθαι</span> <span class='ocrx_word' id='word_1_266' title='bbox 633 3232 811 3297; x_wconf 75' lang='grc' dir='ltr'>λέγων</span> <span class='ocrx_word' id='word_1_267' title='bbox 859 3229 950 3281; x_wconf 84' lang='grc' dir='ltr'><strong>τὸν</strong></span> <span class='ocrx_word' id='word_1_268' title='bbox 979 3230 1043 3281; x_wconf 77' lang='grc' dir='ltr'>ὲκ</span> <span class='ocrx_word' id='word_1_269' title='bbox 1081 3229 1341 3296; x_wconf 84' lang='grc' dir='ltr'>γυναικὸς</span> <span class='ocrx_word' id='word_1_270' title='bbox 1397 3228 1534 3299; x_wconf 87' lang='grc' dir='ltr'>πρὸς</span> <span class='ocrx_word' id='word_1_271' title='bbox 1580 3228 1757 3298; x_wconf 79' lang='grc' dir='ltr'>ἄκραν</span> 
     </span>
    </p>
   </div>
   <div class='ocr_carea' id='block_1_36' title="bbox 134 3319 1758 3393">
    <p class='ocr_par' dir='ltr' id='par_1_36' title="bbox 134 3319 1758 3393">
     <span class='ocr_line' id='line_1_36' title="bbox 134 3319 1758 3393; baseline -0.004 -15"><span class='ocrx_word' id='word_1_272' title='bbox 134 3328 483 3393; x_wconf 78' lang='grc' dir='ltr'>συνάφειαν,</span> <span class='ocrx_word' id='word_1_273' title='bbox 521 3321 683 3393; x_wconf 86' lang='grc' dir='ltr'>δῆλον</span> <span class='ocrx_word' id='word_1_274' title='bbox 718 3321 777 3375; x_wconf 86' lang='grc' dir='ltr'><strong>δὲ</strong></span> <span class='ocrx_word' id='word_1_275' title='bbox 806 3322 888 3375; x_wconf 78' lang='grc' dir='ltr'>ὅτι</span> <span class='ocrx_word' id='word_1_276' title='bbox 931 3320 1031 3391; x_wconf 83' lang='grc' dir='ltr'>τὴν</span> <span class='ocrx_word' id='word_1_277' title='bbox 1058 3321 1195 3391; x_wconf 83' lang='grc' dir='ltr'>πρὸς</span> <span class='ocrx_word' id='word_1_278' title='bbox 1221 3320 1313 3372; x_wconf 86' lang='grc' dir='ltr'><strong>τὸν</strong></span> <span class='ocrx_word' id='word_1_279' title='bbox 1347 3320 1553 3389; x_wconf 88' lang='grc' dir='ltr'>Λόγον;</span> <span class='ocrx_word' id='word_1_280' title='bbox 1582 3319 1758 3388; x_wconf 84' lang='grc' dir='ltr'><strong>Ὁμώ-</strong></span> 
     </span>
    </p>
   </div>
   <div class='ocr_carea' id='block_1_37' title="bbox 131 3408 1759 3488">
    <p class='ocr_par' dir='ltr' id='par_1_37' title="bbox 131 3408 1759 3488">
     <span class='ocr_line' id='line_1_37' title="bbox 131 3408 1759 3488; baseline -0.004 -17"><span class='ocrx_word' id='word_1_281' title='bbox 131 3436 310 3488; x_wconf 84' lang='grc' dir='ltr'>νυμον</span> <span class='ocrx_word' id='word_1_282' title='bbox 340 3417 456 3487; x_wconf 79' lang='grc' dir='ltr'>μὲν</span> <span class='ocrx_word' id='word_1_283' title='bbox 493 3415 604 3485; x_wconf 77' lang='grc' dir='ltr'>γὰρ</span> <span class='ocrx_word' id='word_1_284' title='bbox 635 3414 888 3483; x_wconf 76' lang='grc' dir='ltr'>ἀλλήλοις</span> <span class='ocrx_word' id='word_1_285' title='bbox 919 3408 1033 3465; x_wconf 77' lang='grc' dir='ltr'>εἷεν</span> <span class='ocrx_word' id='word_1_286' title='bbox 1057 3411 1141 3475; x_wconf 75' lang='grc' dir='ltr'>ἂν,</span> <span class='ocrx_word' id='word_1_287' title='bbox 1169 3413 1229 3465; x_wconf 88' lang='grc' dir='ltr'><strong>τό</strong></span> <span class='ocrx_word' id='word_1_288' title='bbox 1257 3428 1315 3464; x_wconf 92' lang='grc' dir='ltr'>τε</span> <span class='ocrx_word' id='word_1_289' title='bbox 1344 3411 1473 3475; x_wconf 76' lang='grc' dir='ltr'>Υἱὸς</span> <span class='ocrx_word' id='word_1_290' title='bbox 1503 3411 1639 3480; x_wconf 80' lang='grc' dir='ltr'>Υἱῷ,</span> <span class='ocrx_word' id='word_1_291' title='bbox 1662 3411 1759 3464; x_wconf 75' lang='grc' dir='ltr'>καὶ</span> 
     </span>
    </p>
   </div>
   <div class='ocr_carea' id='block_1_38' title="bbox 132 3504 1757 3581">
    <p class='ocr_par' dir='ltr' id='par_1_38' title="bbox 132 3504 1757 3581">
     <span class='ocr_line' id='line_1_38' title="bbox 132 3504 1757 3581; baseline -0.004 -18"><span class='ocrx_word' id='word_1_292' title='bbox 132 3512 353 3581; x_wconf 75' lang='grc' dir='ltr'>Κύριος</span> <span class='ocrx_word' id='word_1_293' title='bbox 394 3508 631 3578; x_wconf 77' lang='grc' dir='ltr'>Κυρίῳο</span> <span class='ocrx_word' id='word_1_294' title='bbox 662 3507 777 3559; x_wconf 78' lang='grc' dir='ltr'>ἀλλ’</span> <span class='ocrx_word' id='word_1_295' title='bbox 818 3506 972 3558; x_wconf 75' lang='grc' dir='ltr'>οὐδὲν</span> <span class='ocrx_word' id='word_1_296' title='bbox 1007 3504 1254 3575; x_wconf 82' lang='grc' dir='ltr'>ἀλλήλων</span> <span class='ocrx_word' id='word_1_297' title='bbox 1293 3509 1664 3575; x_wconf 86' lang='grc' dir='ltr'>μειονεκτοῖτο</span> <span class='ocrx_word' id='word_1_298' title='bbox 1691 3505 1757 3558; x_wconf 82' lang='grc' dir='ltr'>ἂν</span> 
     </span>
    </p>
   </div>
   <div class='ocr_carea' id='block_1_39' title="bbox 134 3594 1757 3670">
    <p class='ocr_par' dir='ltr' id='par_1_39' title="bbox 134 3594 1757 3670">
     <span class='ocr_line' id='line_1_39' title="bbox 134 3594 1757 3670; baseline -0.006 -15"><span class='ocrx_word' id='word_1_299' title='bbox 134 3605 203 3655; x_wconf 72' lang='grc' dir='ltr'>τὰ</span> <span class='ocrx_word' id='word_1_300' title='bbox 242 3602 548 3670; x_wconf 75' lang='grc' dir='ltr'>ὀνόματαο</span> <span class='ocrx_word' id='word_1_301' title='bbox 590 3596 778 3651; x_wconf 77' lang='grc' dir='ltr'>καὶτὸ</span> <span class='ocrx_word' id='word_1_302' title='bbox 824 3594 1081 3668; x_wconf 87' lang='grc' dir='ltr'>περιττὸν</span> <span class='ocrx_word' id='word_1_303' title='bbox 1125 3596 1181 3648; x_wconf 81' lang='grc' dir='ltr'>ὲν</span> <span class='ocrx_word' id='word_1_304' title='bbox 1210 3595 1422 3657; x_wconf 77' lang='grc' dir='ltr'>τούτοις</span> <span class='ocrx_word' id='word_1_305' title='bbox 1469 3595 1757 3664; x_wconf 83' lang='grc' dir='ltr'>πολυπρα-</span> 
     </span>
    </p>
   </div>
   <div class='ocr_carea' id='block_1_40' title="bbox 135 3684 1755 3765">
    <p class='ocr_par' dir='ltr' id='par_1_40' title="bbox 135 3684 1755 3765">
     <span class='ocr_line' id='line_1_40' title="bbox 135 3684 1755 3765; baseline -0.006 -19"><span class='ocrx_word' id='word_1_306' title='bbox 135 3698 400 3765; x_wconf 79' lang='grc' dir='ltr'>γμονεῖν,</span> <span class='ocrx_word' id='word_1_307' title='bbox 444 3693 657 3744; x_wconf 78' lang='grc' dir='ltr'>εἰκαῖον</span> <span class='ocrx_word' id='word_1_308' title='bbox 702 3684 855 3758; x_wconf 78' lang='grc' dir='ltr'>οἶμαί</span> <span class='ocrx_word' id='word_1_309' title='bbox 903 3705 1038 3741; x_wconf 91' lang='grc' dir='ltr'>που·</span> <span class='ocrx_word' id='word_1_310' title='bbox 1073 3687 1200 3749; x_wconf 82' lang='grc' dir='ltr'>Υἱὸς</span> <span class='ocrx_word' id='word_1_311' title='bbox 1231 3688 1339 3758; x_wconf 82' lang='grc' dir='ltr'><strong>γὰρ</strong></span> <span class='ocrx_word' id='word_1_312' title='bbox 1381 3686 1532 3751; x_wconf 88' lang='grc' dir='ltr'>Υίοῦ,</span> <span class='ocrx_word' id='word_1_313' title='bbox 1564 3687 1660 3739; x_wconf 67' lang='grc' dir='ltr'><strong>καὶ⁹</strong></span> <span class='ocrx_word' id='word_1_314' title='bbox 1695 3686 1755 3737; x_wconf 92' lang='grc' dir='ltr'><strong>τὸ</strong></span> 
     </span>
    </p>
   </div>
   <div class='ocr_carea' id='block_1_41' title="bbox 135 3777 1751 3858">
    <p class='ocr_par' dir='ltr' id='par_1_41' title="bbox 135 3777 1751 3858">
     <span class='ocr_line' id='line_1_41' title="bbox 135 3777 1751 3858; baseline -0.007 -19"><span class='ocrx_word' id='word_1_315' title='bbox 135 3789 270 3850; x_wconf 62' lang='grc' dir='ltr'>Υἱὸς</span> <span class='ocrx_word' id='word_1_316' title='bbox 303 3786 426 3858; x_wconf 60' lang='lat' dir='ltr'><strong>[Ion</strong></span> <span class='ocrx_word' id='word_1_317' title='bbox 466 3782 614 3834; x_wconf 76' lang='grc' dir='ltr'>καθὰ</span> <span class='ocrx_word' id='word_1_318' title='bbox 649 3780 798 3844; x_wconf 77' lang='grc' dir='ltr'>Υἱὸς,</span> <span class='ocrx_word' id='word_1_319' title='bbox 819 3780 880 3848; x_wconf 81' lang='grc' dir='ltr'>ἢ,</span> <span class='ocrx_word' id='word_1_320' title='bbox 912 3779 1047 3833; x_wconf 84' lang='grc' dir='ltr'>καθὸ</span> <span class='ocrx_word' id='word_1_321' title='bbox 1079 3780 1207 3843; x_wconf 83' lang='grc' dir='ltr'>Υἱὸς</span> <span class='ocrx_word' id='word_1_322' title='bbox 1227 3778 1269 3849; x_wconf 91' lang='grc'>],</span> <span class='ocrx_word' id='word_1_323' title='bbox 1313 3777 1437 3831; x_wconf 68' lang='grc' dir='ltr'>οὔτε</span> <span class='ocrx_word' id='word_1_324' title='bbox 1467 3777 1529 3829; x_wconf 93' lang='grc' dir='ltr'><strong>τὸ</strong></span> <span class='ocrx_word' id='word_1_325' title='bbox 1547 3778 1751 3848; x_wconf 80' lang='grc' dir='ltr'>μεῖζον,</span> 
     </span>
    </p>
   </div>
   <div class='ocr_carea' id='block_1_42' title="bbox 135 3869 1755 3945">
    <p class='ocr_par' dir='ltr' id='par_1_42' title="bbox 135 3869 1755 3945">
     <span class='ocr_line' id='line_1_42' title="bbox 135 3869 1755 3945; baseline -0.009 -10"><span class='ocrx_word' id='word_1_326' title='bbox 135 3883 265 3935; x_wconf 66' lang='grc' dir='ltr'>οὔτε</span> <span class='ocrx_word' id='word_1_327' title='bbox 298 3882 362 3933; x_wconf 89' lang='grc' dir='ltr'><strong>τὸ</strong></span> <span class='ocrx_word' id='word_1_328' title='bbox 387 3878 622 3932; x_wconf 79' lang='grc' dir='ltr'>ἔλαττον</span> <span class='ocrx_word' id='word_1_329' title='bbox 652 3874 787 3944; x_wconf 79' lang='grc' dir='ltr'>ἔχει.</span> <span class='ocrx_word' id='word_1_330' title='bbox 805 3875 1197 3945; x_wconf 86' lang='grc' dir='ltr'>Περισσοεπείς</span> <span class='ocrx_word' id='word_1_331' title='bbox 1225 3869 1318 3925; x_wconf 79' lang='grc' dir='ltr'>οὖν</span> <span class='ocrx_word' id='word_1_332' title='bbox 1345 3871 1455 3942; x_wconf 80' lang='grc' dir='ltr'>ἄρα</span> <span class='ocrx_word' id='word_1_333' title='bbox 1482 3872 1575 3924; x_wconf 74' lang='grc' dir='ltr'><strong>καὶ</strong></span> <span class='ocrx_word' id='word_1_334' title='bbox 1613 3870 1755 3939; x_wconf 82' lang='grc' dir='ltr'>μάλα</span> 
     </span>
    </p>
   </div>
   <div class='ocr_carea' id='block_1_43' title="bbox 140 3963 1754 4043">
    <p class='ocr_par' dir='ltr' id='par_1_43' title="bbox 140 3963 1754 4043">
     <span class='ocr_line' id='line_1_43' title="bbox 140 3963 1754 4043; baseline -0.009 -16"><span class='ocrx_word' id='word_1_335' title='bbox 140 3973 364 4043; x_wconf 77' lang='grc' dir='ltr'>σαφῶς,</span> <span class='ocrx_word' id='word_1_336' title='bbox 403 3967 841 4040; x_wconf 81' lang='grc' dir='ltr'>ἀπηκριϐῶσθαι</span> <span class='ocrx_word' id='word_1_337' title='bbox 863 3966 1038 4033; x_wconf 82' lang='grc' dir='ltr'>λέγων</span> <span class='ocrx_word' id='word_1_338' title='bbox 1058 3965 1223 4019; x_wconf 84' lang='grc' dir='ltr'>αὑτὸν</span> <span class='ocrx_word' id='word_1_339' title='bbox 1258 3963 1393 4034; x_wconf 79' lang='grc' dir='ltr'>πρὸς</span> <span class='ocrx_word' id='word_1_340' title='bbox 1426 3963 1603 4033; x_wconf 84' lang='grc' dir='ltr'>ἄκραν</span> <span class='ocrx_word' id='word_1_341' title='bbox 1631 3978 1754 4014; x_wconf 89' lang='grc' dir='ltr'>συν-</span> 
     </span>
    </p>
   </div>
   <div class='ocr_carea' id='block_1_44' title="bbox 140 4055 1750 4137">
    <p class='ocr_par' dir='ltr' id='par_1_44' title="bbox 140 4055 1750 4137">
     <span class='ocr_line' id='line_1_44' title="bbox 140 4055 1750 4137; baseline -0.009 -16"><span class='ocrx_word' id='word_1_342' title='bbox 140 4070 367 4137; x_wconf 59' lang='grc' dir='ltr'>άφειαν.</span> <span class='ocrx_word' id='word_1_343' title='bbox 403 4063 625 4133; x_wconf 78' lang='grc' dir='ltr'>Πρέποι</span> <span class='ocrx_word' id='word_1_344' title='bbox 658 4062 702 4115; x_wconf 80' lang='grc' dir='ltr'><strong>δ’</strong></span> <span class='ocrx_word' id='word_1_345' title='bbox 733 4060 822 4123; x_wconf 83' lang='grc' dir='ltr'>ἂν,</span> <span class='ocrx_word' id='word_1_346' title='bbox 856 4058 1002 4112; x_wconf 86' lang='grc' dir='ltr'><strong>κατά</strong></span> <span class='ocrx_word' id='word_1_347' title='bbox 1038 4075 1100 4126; x_wconf 90' lang='grc' dir='ltr'><strong>γε</strong></span> <span class='ocrx_word' id='word_1_348' title='bbox 1134 4058 1194 4111; x_wconf 93' lang='grc' dir='ltr'><strong>τὸ</strong></span> <span class='ocrx_word' id='word_1_349' title='bbox 1230 4056 1380 4127; x_wconf 82' lang='grc' dir='ltr'><strong>αὐτῷ</strong></span> <span class='ocrx_word' id='word_1_350' title='bbox 1418 4072 1508 4126; x_wconf 86' lang='grc' dir='ltr'><strong>μοι</strong></span> <span class='ocrx_word' id='word_1_351' title='bbox 1540 4055 1750 4121; x_wconf 84' lang='grc' dir='ltr'>δοκοῦν,</span> 
     </span>
    </p>
   </div>
   <div class='ocr_carea' id='block_1_45' title="bbox 139 4146 1752 4230">
    <p class='ocr_par' dir='ltr' id='par_1_45' title="bbox 139 4146 1752 4230">
     <span class='ocr_line' id='line_1_45' title="bbox 139 4146 1752 4230; baseline -0.009 -17"><span class='ocrx_word' id='word_1_352' title='bbox 139 4163 262 4230; x_wconf 62' lang='grc' dir='ltr'>οὐχὶ</span> <span class='ocrx_word' id='word_1_353' title='bbox 299 4160 431 4220; x_wconf 81' lang='grc' dir='ltr'>ταῖς</span> <span class='ocrx_word' id='word_1_354' title='bbox 454 4155 807 4226; x_wconf 83' lang='grc' dir='ltr'>ὁμωνυμίαις</span> <span class='ocrx_word' id='word_1_355' title='bbox 844 4152 904 4205; x_wconf 90' lang='grc' dir='ltr'><strong>τὸ</strong></span> <span class='ocrx_word' id='word_1_356' title='bbox 928 4150 1355 4220; x_wconf 56' lang='grc' dir='ltr'>ἀηκρισῶσθαι</span> <span class='ocrx_word' id='word_1_357' title='bbox 1378 4149 1557 4218; x_wconf 80' lang='grc' dir='ltr'>λέγειν</span> <span class='ocrx_word' id='word_1_358' title='bbox 1581 4146 1752 4209; x_wconf 80' lang='grc' dir='ltr'>αὑτὰς</span> 
     </span>
    </p>
   </div>
   <div class='ocr_carea' id='block_1_46' title="bbox 140 4239 1752 4322">
    <p class='ocr_par' dir='ltr' id='par_1_46' title="bbox 140 4239 1752 4322">
     <span class='ocr_line' id='line_1_46' title="bbox 140 4239 1752 4322; baseline -0.007 -17"><span class='ocrx_word' id='word_1_359' title='bbox 140 4253 447 4322; x_wconf 62' lang='grc' dir='ltr'>ἀλλήλαιςι</span> <span class='ocrx_word' id='word_1_360' title='bbox 482 4250 717 4309; x_wconf 76' lang='grc' dir='ltr'>ἐκείνοις</span> <span class='ocrx_word' id='word_1_361' title='bbox 752 4246 809 4298; x_wconf 78' lang='grc' dir='ltr'><strong>δὲ</strong></span> <span class='ocrx_word' id='word_1_362' title='bbox 862 4243 1084 4314; x_wconf 74' lang='grc' dir='ltr'>μᾶλλον.</span> <span class='ocrx_word' id='word_1_363' title='bbox 1112 4243 1147 4296; x_wconf 82' lang='grc' dir='ltr'>δι</span> <span class='ocrx_word' id='word_1_364' title='bbox 1188 4243 1287 4313; x_wconf 81' lang='grc' dir='ltr'>τὴν</span> <span class='ocrx_word' id='word_1_365' title='bbox 1317 4244 1396 4305; x_wconf 82' lang='grc' dir='ltr'><strong>είς</strong></span> <span class='ocrx_word' id='word_1_366' title='bbox 1432 4244 1540 4295; x_wconf 75' lang='grc' dir='ltr'><strong>πᾶν</strong></span> <span class='ocrx_word' id='word_1_367' title='bbox 1576 4239 1752 4294; x_wconf 83' lang='grc' dir='ltr'>ὁτιοῦν</span> 
     </span>
    </p>
   </div>
   <div class='ocr_carea' id='block_1_47' title="bbox 144 4330 1753 4414">
    <p class='ocr_par' dir='ltr' id='par_1_47' title="bbox 144 4330 1753 4414">
     <span class='ocr_line' id='line_1_47' title="bbox 144 4330 1753 4414; baseline -0.007 -18"><span class='ocrx_word' id='word_1_368' title='bbox 144 4344 376 4414; x_wconf 81' lang='grc' dir='ltr'>ἰσότητὰ</span> <span class='ocrx_word' id='word_1_369' title='bbox 412 4358 475 4393; x_wconf 86' lang='grc' dir='ltr'><strong>τε</strong></span> <span class='ocrx_word' id='word_1_370' title='bbox 512 4342 610 4392; x_wconf 66' lang='grc' dir='ltr'><strong>καὶ</strong></span> <span class='ocrx_word' id='word_1_371' title='bbox 644 4337 942 4408; x_wconf 83' lang='grc' dir='ltr'>ὁμοιότητα</span> <span class='ocrx_word' id='word_1_372' title='bbox 978 4334 1085 4386; x_wconf 91' lang='grc' dir='ltr'><strong>τῶν</strong></span> <span class='ocrx_word' id='word_1_373' title='bbox 1113 4334 1169 4388; x_wconf 80' lang='grc' dir='ltr'>ἒν</span> <span class='ocrx_word' id='word_1_374' title='bbox 1212 4330 1348 4388; x_wconf 80' lang='grc' dir='ltr'>εἶναι</span> <span class='ocrx_word' id='word_1_375' title='bbox 1385 4332 1753 4402; x_wconf 63' lang='grc' dir='ltr'>πεπιστευμέι</span> 
     </span>
    </p>
   </div>
   <div class='ocr_carea' id='block_1_48' title="bbox 140 4418 1751 4501">
    <p class='ocr_par' dir='ltr' id='par_1_48' title="bbox 140 4418 1751 4501">
     <span class='ocr_line' id='line_1_48' title="bbox 140 4418 1751 4501; baseline -0.009 -14"><span class='ocrx_word' id='word_1_376' title='bbox 140 4453 270 4493; x_wconf 63' lang='grc' dir='ltr'>νυνι,</span> <span class='ocrx_word' id='word_1_377' title='bbox 302 4430 648 4501; x_wconf 80' lang='grc' dir='ltr'>διαλαχόντα</span> <span class='ocrx_word' id='word_1_378' title='bbox 693 4426 981 4496; x_wconf 82' lang='grc' dir='ltr'>φαίνεται·</span> <span class='ocrx_word' id='word_1_379' title='bbox 1024 4418 1162 4489; x_wconf 71' lang='grc' dir='ltr'>οἷον,</span> <span class='ocrx_word' id='word_1_380' title='bbox 1229 4423 1361 4492; x_wconf 80' lang='grc' dir='ltr'>φέρε</span> <span class='ocrx_word' id='word_1_381' title='bbox 1396 4425 1593 4484; x_wconf 77' lang='grc' dir='ltr'>εἰπεῖν,</span> <span class='ocrx_word' id='word_1_382' title='bbox 1642 4423 1751 4474; x_wconf 80' lang='grc' dir='ltr'>ἀπ-</span> 
     </span>
    </p>
   </div>
   <div class='ocr_carea' id='block_1_49' title="bbox 142 4511 1824 4596">
    <p class='ocr_par' dir='ltr' id='par_1_49' title="bbox 142 4511 1824 4596">
     <span class='ocr_line' id='line_1_49' title="bbox 142 4511 1824 4596; baseline -0.009 -17"><span class='ocrx_word' id='word_1_383' title='bbox 142 4523 509 4596; x_wconf 72' lang='grc' dir='ltr'>ηκριόὦσθαὶ</span> <span class='ocrx_word' id='word_1_384' title='bbox 554 4536 735 4588; x_wconf 86' lang='grc' dir='ltr'>φαμεν</span> <span class='ocrx_word' id='word_1_385' title='bbox 778 4519 917 4589; x_wconf 84' lang='grc' dir='ltr'>πρὸς</span> <span class='ocrx_word' id='word_1_386' title='bbox 952 4517 1129 4587; x_wconf 76' lang='grc' dir='ltr'>ἄκραν</span> <span class='ocrx_word' id='word_1_387' title='bbox 1179 4515 1479 4585; x_wconf 65' lang='grc' dir='ltr'>ἐμφέρειαν</span> <span class='ocrx_word' id='word_1_388' title='bbox 1523 4511 1624 4581; x_wconf 81' lang='grc' dir='ltr'>τῆς</span> <span class='ocrx_word' id='word_1_389' title='bbox 1652 4514 1747 4565; x_wconf 92' lang='grc' dir='ltr'><strong>τοῦ</strong></span> <span class='ocrx_word' id='word_1_390' title='bbox 1783 4520 1824 4571; x_wconf 92' lang='lat' dir='ltr'><strong>D</strong></span> 
     </span>
    </p>
   </div>
   <div class='ocr_carea' id='block_1_50' title="bbox 141 4604 1746 4687">
    <p class='ocr_par' dir='ltr' id='par_1_50' title="bbox 141 4604 1746 4687">
     <span class='ocr_line' id='line_1_50' title="bbox 141 4604 1746 4687; baseline -0.012 -15"><span class='ocrx_word' id='word_1_391' title='bbox 141 4621 314 4682; x_wconf 72' lang='grc' dir='ltr'>δεῖνος</span> <span class='ocrx_word' id='word_1_392' title='bbox 356 4614 610 4687; x_wconf 72' lang='grc' dir='ltr'>μορφῆς,</span> <span class='ocrx_word' id='word_1_393' title='bbox 653 4611 686 4681; x_wconf 80' lang='grc' dir='ltr'>ἦ</span> <span class='ocrx_word' id='word_1_394' title='bbox 728 4610 818 4664; x_wconf 90' lang='grc' dir='ltr'><strong>τὸν</strong></span> <span class='ocrx_word' id='word_1_395' title='bbox 876 4609 938 4673; x_wconf 72' lang='grc' dir='ltr'><strong>ἐξ</strong></span> <span class='ocrx_word' id='word_1_396' title='bbox 988 4607 1153 4661; x_wconf 83' lang='grc' dir='ltr'>αὑτοῦ</span> <span class='ocrx_word' id='word_1_397' title='bbox 1212 4606 1476 4675; x_wconf 86' lang='grc' dir='ltr'>γεγονότα</span> <span class='ocrx_word' id='word_1_398' title='bbox 1520 4605 1654 4668; x_wconf 85' lang='grc' dir='ltr'>υἱὸν,</span> <span class='ocrx_word' id='word_1_399' title='bbox 1691 4604 1746 4674; x_wconf 77' lang='grc' dir='ltr'>ἢ,</span> 
     </span>
    </p>
   </div>
   <div class='ocr_carea' id='block_1_51' title="bbox 144 4695 1751 4780">
    <p class='ocr_par' dir='ltr' id='par_1_51' title="bbox 144 4695 1751 4780">
     <span class='ocr_line' id='line_1_51' title="bbox 144 4695 1751 4780; baseline -0.012 -14"><span class='ocrx_word' id='word_1_400' title='bbox 144 4714 281 4780; x_wconf 70' lang='grc' dir='ltr'>φέρε</span> <span class='ocrx_word' id='word_1_401' title='bbox 316 4710 532 4768; x_wconf 71' lang='grc' dir='ltr'>εἰπεῖν,</span> <span class='ocrx_word' id='word_1_402' title='bbox 572 4704 778 4758; x_wconf 72' lang='grc' dir='ltr'>εἰκόνα.</span> <span class='ocrx_word' id='word_1_403' title='bbox 828 4700 988 4754; x_wconf 83' lang='grc' dir='ltr'>Κατὰ</span> <span class='ocrx_word' id='word_1_404' title='bbox 1022 4700 1078 4753; x_wconf 81' lang='grc' dir='ltr'><strong><em>δέ</em></strong></span> <span class='ocrx_word' id='word_1_405' title='bbox 1106 4715 1167 4766; x_wconf 92' lang='grc' dir='ltr'><strong>γε</strong></span> <span class='ocrx_word' id='word_1_406' title='bbox 1193 4699 1283 4751; x_wconf 89' lang='grc' dir='ltr'><strong>τὸν</strong></span> <span class='ocrx_word' id='word_1_407' title='bbox 1312 4699 1411 4767; x_wconf 71' lang='grc' dir='ltr'>τῆς</span> <span class='ocrx_word' id='word_1_408' title='bbox 1456 4695 1751 4763; x_wconf 85' lang='grc' dir='ltr'>συναφείας</span> 
     </span>
    </p>
   </div>
   <div class='ocr_carea' id='block_1_52' title="bbox 142 4787 1748 4875">
    <p class='ocr_par' dir='ltr' id='par_1_52' title="bbox 142 4787 1748 4875">
     <span class='ocr_line' id='line_1_52' title="bbox 142 4787 1748 4875; baseline -0.01 -20"><span class='ocrx_word' id='word_1_409' title='bbox 142 4806 368 4875; x_wconf 77' lang='grc' dir='ltr'>τρόπον,</span> <span class='ocrx_word' id='word_1_410' title='bbox 404 4798 532 4860; x_wconf 83' lang='grc' dir='ltr'><strong>πῶς</strong></span> <span class='ocrx_word' id='word_1_411' title='bbox 567 4796 633 4850; x_wconf 83' lang='grc' dir='ltr'>ἂν</span> <span class='ocrx_word' id='word_1_412' title='bbox 664 4793 1092 4865; x_wconf 78' lang='grc' dir='ltr'>ἀπηκριϐῶσθαι</span> <span class='ocrx_word' id='word_1_413' title='bbox 1134 4790 1377 4857; x_wconf 82' lang='grc' dir='ltr'>λέγοιντο</span> <span class='ocrx_word' id='word_1_414' title='bbox 1419 4789 1515 4841; x_wconf 69' lang='grc' dir='ltr'><strong>καὶ</strong></span> <span class='ocrx_word' id='word_1_415' title='bbox 1544 4787 1748 4840; x_wconf 83' lang='grc' dir='ltr'>νοοίντό</span> 
     </span>
    </p>
   </div>
   <div class='ocr_carea' id='block_1_53' title="bbox 142 4880 1748 4963">
    <p class='ocr_par' dir='ltr' id='par_1_53' title="bbox 142 4880 1748 4963">
     <span class='ocr_line' id='line_1_53' title="bbox 142 4880 1748 4963; baseline -0.012 -13"><span class='ocrx_word' id='word_1_416' title='bbox 142 4915 303 4963; x_wconf 61' lang='lat' dir='ltr'><strong>tu;</strong></span> <span class='ocrx_word' id='word_1_417' title='bbox 346 4890 502 4947; x_wconf 75' lang='grc' dir='ltr'>Ἀλλ’</span> <span class='ocrx_word' id='word_1_418' title='bbox 540 4889 704 4951; x_wconf 83' lang='grc' dir='ltr'>αὐτὸς</span> <span class='ocrx_word' id='word_1_419' title='bbox 757 4887 859 4957; x_wconf 80' lang='grc' dir='ltr'>μὲν</span> <span class='ocrx_word' id='word_1_420' title='bbox 896 4886 1246 4956; x_wconf 83' lang='grc' dir='ltr'>ἡρμήνευσεν</span> <span class='ocrx_word' id='word_1_421' title='bbox 1289 4882 1424 4952; x_wconf 80' lang='grc' dir='ltr'>ἡμῖν</span> <span class='ocrx_word' id='word_1_422' title='bbox 1468 4880 1570 4949; x_wconf 85' lang='grc' dir='ltr'>τῆς</span> <span class='ocrx_word' id='word_1_423' title='bbox 1621 4896 1748 4932; x_wconf 87' lang='grc' dir='ltr'>συν-</span> 
     </span>
    </p>
   </div>
   <div class='ocr_carea' id='block_1_54' title="bbox 144 4971 1748 5055">
    <p class='ocr_par' dir='ltr' id='par_1_54' title="bbox 144 4971 1748 5055">
     <span class='ocr_line' id='line_1_54' title="bbox 144 4971 1748 5055; baseline -0.011 -15"><span class='ocrx_word' id='word_1_424' title='bbox 144 4990 339 5055; x_wconf 62' lang='grc' dir='ltr'>αφείας</span> <span class='ocrx_word' id='word_1_425' title='bbox 372 4985 479 5053; x_wconf 76' lang='grc' dir='ltr'>τὴν</span> <span class='ocrx_word' id='word_1_426' title='bbox 521 4981 777 5049; x_wconf 79' lang='grc' dir='ltr'>δύναμιν.</span> <span class='ocrx_word' id='word_1_427' title='bbox 813 4976 921 5050; x_wconf 87' lang='grc' dir='ltr'><strong>[οὑ</strong></span> <span class='ocrx_word' id='word_1_428' title='bbox 951 4977 1058 5047; x_wconf 82' lang='grc' dir='ltr'>γὰρ</span> <span class='ocrx_word' id='word_1_429' title='bbox 1092 4974 1233 5039; x_wconf 73' lang='grc' dir='ltr'>ἐστι,</span> <span class='ocrx_word' id='word_1_430' title='bbox 1289 4974 1447 5044; x_wconf 75' lang='grc' dir='ltr'>φησὶ,</span> <span class='ocrx_word' id='word_1_431' title='bbox 1492 4972 1583 5025; x_wconf 93' lang='grc' dir='ltr'><strong>τὸν</strong></span> <span class='ocrx_word' id='word_1_432' title='bbox 1615 4971 1748 5024; x_wconf 86' lang='grc' dir='ltr'><strong>Θεὸν</strong></span> 
     </span>
    </p>
   </div>
   <div class='ocr_carea' id='block_1_55' title="bbox 146 5063 1751 5148">
    <p class='ocr_par' dir='ltr' id='par_1_55' title="bbox 146 5063 1751 5148">
     <span class='ocr_line' id='line_1_55' title="bbox 146 5063 1751 5148; baseline -0.019 -14"><span class='ocrx_word' id='word_1_433' title='bbox 146 5082 340 5148; x_wconf 79' lang='grc' dir='ltr'>Λόγον,</span> <span class='ocrx_word' id='word_1_434' title='bbox 365 5079 505 5132; x_wconf 78' lang='grc' dir='ltr'>ἄνευ</span> <span class='ocrx_word' id='word_1_435' title='bbox 532 5076 632 5142; x_wconf 80' lang='grc' dir='ltr'>τῆς</span> <span class='ocrx_word' id='word_1_436' title='bbox 662 5070 1087 5141; x_wconf 85' lang='grc' dir='ltr'>ἀνθρωπότητος</span> <span class='ocrx_word' id='word_1_437' title='bbox 1121 5066 1326 5139; x_wconf 71' lang='grc' dir='ltr'>πρᾶξαί</span> <span class='ocrx_word' id='word_1_438' title='bbox 1349 5063 1445 5137; x_wconf 89' lang='grc' dir='ltr'>τι].</span> <span class='ocrx_word' id='word_1_439' title='bbox 1480 5064 1751 5134; x_wconf 82' lang='grc' dir='ltr'>Ὀμόφρο-</span> 
     </span>
    </p>
   </div>
   <div class='ocr_carea' id='block_1_56' title="bbox 145 5156 1749 5235">
    <p class='ocr_par' dir='ltr' id='par_1_56' title="bbox 145 5156 1749 5235">
     <span class='ocr_line' id='line_1_56' title="bbox 145 5156 1749 5235; baseline -0.011 -10"><span class='ocrx_word' id='word_1_440' title='bbox 145 5191 230 5234; x_wconf 69' lang='lat' dir='ltr'><strong>vs;</strong></span> <span class='ocrx_word' id='word_1_441' title='bbox 257 5168 356 5226; x_wconf 61' lang='grc' dir='ltr'>οὖν</span> <span class='ocrx_word' id='word_1_442' title='bbox 391 5165 657 5235; x_wconf 79' lang='grc' dir='ltr'>ἀλλήλοις</span> <span class='ocrx_word' id='word_1_443' title='bbox 693 5164 789 5216; x_wconf 72' lang='grc' dir='ltr'>καὶ</span> <span class='ocrx_word' id='word_1_444' title='bbox 816 5159 1201 5231; x_wconf 81' lang='grc' dir='ltr'>ὁμογνώμονες</span> <span class='ocrx_word' id='word_1_445' title='bbox 1228 5158 1369 5212; x_wconf 84' lang='grc' dir='ltr'>κατὰ</span> <span class='ocrx_word' id='word_1_446' title='bbox 1405 5156 1485 5222; x_wconf 81' lang='grc' dir='ltr'>σὲ,</span> <span class='ocrx_word' id='word_1_447' title='bbox 1514 5157 1609 5209; x_wconf 69' lang='grc' dir='ltr'>καὶ</span> <span class='ocrx_word' id='word_1_448' title='bbox 1641 5156 1749 5208; x_wconf 87' lang='grc' dir='ltr'><strong>ἀπὸ</strong></span> 
     </span>
    </p>
   </div>
   <div class='ocr_carea' id='block_1_57' title="bbox 148 5248 1747 5329">
    <p class='ocr_par' dir='ltr' id='par_1_57' title="bbox 148 5248 1747 5329">
     <span class='ocr_line' id='line_1_57' title="bbox 148 5248 1747 5329; baseline -0.013 -11"><span class='ocrx_word' id='word_1_449' title='bbox 148 5265 344 5317; x_wconf 73' lang='grc' dir='ltr'>κοινῶν</span> <span class='ocrx_word' id='word_1_450' title='bbox 382 5257 734 5329; x_wconf 80' lang='grc' dir='ltr'>σκεμμάτων</span> <span class='ocrx_word' id='word_1_451' title='bbox 766 5256 850 5321; x_wconf 77' lang='grc' dir='ltr'><strong>ἐφ’</strong></span> <span class='ocrx_word' id='word_1_452' title='bbox 883 5254 1090 5305; x_wconf 75' lang='grc' dir='ltr'>ἕκαστα</span> <span class='ocrx_word' id='word_1_453' title='bbox 1116 5251 1227 5303; x_wconf 87' lang='grc' dir='ltr'><strong>τῶν</strong></span> <span class='ocrx_word' id='word_1_454' title='bbox 1272 5248 1564 5320; x_wconf 85' lang='grc' dir='ltr'>πρακτέων</span> <span class='ocrx_word' id='word_1_455' title='bbox 1610 5248 1747 5301; x_wconf 75' lang='grc' dir='ltr'>ξέναι</span> 
     </span>
    </p>
   </div>
   <div class='ocr_carea' id='block_1_58' title="bbox 150 5338 1747 5423">
    <p class='ocr_par' dir='ltr' id='par_1_58' title="bbox 150 5338 1747 5423">
     <span class='ocr_line' id='line_1_58' title="bbox 150 5338 1747 5423; baseline -0.012 -14"><span class='ocrx_word' id='word_1_456' title='bbox 150 5356 533 5423; x_wconf 73' lang='grc' dir='ltr'>πιστεύσομεν</span> <span class='ocrx_word' id='word_1_457' title='bbox 586 5350 686 5418; x_wconf 79' lang='grc' dir='ltr'><strong>τὴν</strong></span> <span class='ocrx_word' id='word_1_458' title='bbox 735 5347 855 5400; x_wconf 86' lang='grc' dir='ltr'><strong>τῶν</strong></span> <span class='ocrx_word' id='word_1_459' title='bbox 905 5344 1056 5415; x_wconf 73' lang='grc' dir='ltr'>παρὰ</span> <span class='ocrx_word' id='word_1_460' title='bbox 1098 5343 1190 5396; x_wconf 90' lang='grc' dir='ltr'><strong>σοῦ</strong></span> <span class='ocrx_word' id='word_1_461' title='bbox 1247 5340 1557 5411; x_wconf 82' lang='grc' dir='ltr'>λεγομένων</span> <span class='ocrx_word' id='word_1_462' title='bbox 1616 5338 1747 5391; x_wconf 75' lang='grc' dir='ltr'>υἱῶν</span> 
     </span>
    </p>
   </div>
   <div class='ocr_carea' id='block_1_59' title="bbox 150 5431 1748 5519">
    <p class='ocr_par' dir='ltr' id='par_1_59' title="bbox 150 5431 1748 5519">
     <span class='ocr_line' id='line_1_59' title="bbox 150 5431 1748 5519; baseline -0.012 -18"><span class='ocrx_word' id='word_1_463' title='bbox 150 5448 459 5519; x_wconf 59' lang='grc' dir='ltr'>ξυνωρίδα·</span> <span class='ocrx_word' id='word_1_464' title='bbox 498 5439 641 5503; x_wconf 75' lang='grc' dir='ltr'>εἶτα,</span> <span class='ocrx_word' id='word_1_465' title='bbox 679 5440 798 5503; x_wconf 86' lang='grc' dir='ltr'><strong>πῶς</strong></span> <span class='ocrx_word' id='word_1_466' title='bbox 858 5440 917 5491; x_wconf 82' lang='grc' dir='ltr'>οὐ</span> <span class='ocrx_word' id='word_1_467' title='bbox 943 5438 1035 5490; x_wconf 86' lang='grc' dir='ltr'><strong>δύο</strong></span> <span class='ocrx_word' id='word_1_468' title='bbox 1081 5435 1317 5507; x_wconf 68' lang='grc' dir='ltr'>χριστοὶ,</span> <span class='ocrx_word' id='word_1_469' title='bbox 1355 5435 1451 5487; x_wconf 72' lang='lat' dir='ltr'><strong>xui.</strong></span> <span class='ocrx_word' id='word_1_470' title='bbox 1490 5434 1615 5495; x_wconf 77' lang='grc' dir='ltr'>υἱοὶ,</span> <span class='ocrx_word' id='word_1_471' title='bbox 1654 5431 1748 5484; x_wconf 79' lang='grc' dir='ltr'>καὶ</span> 
     </span>
    </p>
   </div>
   <div class='ocr_carea' id='block_1_60' title="bbox 144 5524 1748 5613">
    <p class='ocr_par' dir='ltr' id='par_1_60' title="bbox 144 5524 1748 5613">
     <span class='ocr_line' id='line_1_60' title="bbox 144 5524 1748 5613; baseline -0.012 -19"><span class='ocrx_word' id='word_1_472' title='bbox 144 5544 355 5613; x_wconf 75' lang='grc' dir='ltr'>κῦριοι;</span> <span class='ocrx_word' id='word_1_473' title='bbox 418 5537 561 5591; x_wconf 79' lang='grc' dir='ltr'>Ἀλλ’</span> <span class='ocrx_word' id='word_1_474' title='bbox 596 5536 673 5598; x_wconf 83' lang='grc' dir='ltr'><strong>ὡς</strong></span> <span class='ocrx_word' id='word_1_475' title='bbox 696 5531 917 5603; x_wconf 79' lang='grc' dir='ltr'>ὀργάνῳ</span> <span class='ocrx_word' id='word_1_476' title='bbox 960 5528 1035 5599; x_wconf 82' lang='grc' dir='ltr'>τῷ</span> <span class='ocrx_word' id='word_1_477' title='bbox 1067 5527 1278 5598; x_wconf 83' lang='grc' dir='ltr'>σώματι</span> <span class='ocrx_word' id='word_1_478' title='bbox 1322 5524 1621 5597; x_wconf 78' lang='grc' dir='ltr'>κεχρῆσθαι</span> <span class='ocrx_word' id='word_1_479' title='bbox 1656 5524 1748 5576; x_wconf 88' lang='grc' dir='ltr'><strong>τὸν</strong></span> 
     </span>
    </p>
   </div>
   <div class='ocr_carea' id='block_1_61' title="bbox 152 5615 1747 5701">
    <p class='ocr_par' dir='ltr' id='par_1_61' title="bbox 152 5615 1747 5701">
     <span class='ocr_line' id='line_1_61' title="bbox 152 5615 1747 5701; baseline -0.014 -13"><span class='ocrx_word' id='word_1_480' title='bbox 152 5636 320 5701; x_wconf 80' lang='grc' dir='ltr'>Λόγον</span> <span class='ocrx_word' id='word_1_481' title='bbox 354 5628 673 5700; x_wconf 79' lang='grc' dir='ltr'>διῖσχυρίζῃ</span> <span class='ocrx_word' id='word_1_482' title='bbox 708 5626 852 5680; x_wconf 73' lang='grc' dir='ltr'>κατὰ</span> <span class='ocrx_word' id='word_1_483' title='bbox 873 5623 934 5676; x_wconf 88' lang='grc' dir='ltr'><strong>τὸ</strong></span> <span class='ocrx_word' id='word_1_484' title='bbox 959 5622 1124 5684; x_wconf 86' lang='grc' dir='ltr'>εἰκός.</span> <span class='ocrx_word' id='word_1_485' title='bbox 1146 5620 1285 5673; x_wconf 74' lang='grc' dir='ltr'>Ἀλλ’</span> <span class='ocrx_word' id='word_1_486' title='bbox 1310 5620 1354 5670; x_wconf 83' lang='grc' dir='ltr'>εξ</span> <span class='ocrx_word' id='word_1_487' title='bbox 1389 5619 1486 5688; x_wconf 83' lang='grc' dir='ltr'>μὲν</span> <span class='ocrx_word' id='word_1_488' title='bbox 1509 5615 1607 5669; x_wconf 76' lang='grc' dir='ltr'>ἕνα</span> <span class='ocrx_word' id='word_1_489' title='bbox 1642 5615 1747 5686; x_wconf 80' lang='grc' dir='ltr'>φὴς</span> 
     </span>
    </p>
   </div>
   <div class='ocr_carea' id='block_1_62' title="bbox 150 5714 1746 5794">
    <p class='ocr_par' dir='ltr' id='par_1_62' title="bbox 150 5714 1746 5794">
     <span class='ocr_line' id='line_1_62' title="bbox 150 5714 1746 5794; baseline -0.01 -15"><span class='ocrx_word' id='word_1_490' title='bbox 150 5729 292 5792; x_wconf 76' lang='grc' dir='ltr'>Υἱὸν,</span> <span class='ocrx_word' id='word_1_491' title='bbox 337 5726 439 5778; x_wconf 66' lang='grc' dir='ltr'>καὶ</span> <span class='ocrx_word' id='word_1_492' title='bbox 482 5724 615 5794; x_wconf 87' lang='grc' dir='ltr'>μίαν</span> <span class='ocrx_word' id='word_1_493' title='bbox 649 5721 956 5775; x_wconf 84' lang='grc' dir='ltr'>ὑπόστασιν</span> <span class='ocrx_word' id='word_1_494' title='bbox 1002 5717 1100 5788; x_wconf 85' lang='grc' dir='ltr'>τὴν</span> <span class='ocrx_word' id='word_1_495' title='bbox 1132 5714 1224 5768; x_wconf 89' lang='grc' dir='ltr'><strong>τοῦ</strong></span> <span class='ocrx_word' id='word_1_496' title='bbox 1263 5714 1434 5781; x_wconf 81' lang='grc' dir='ltr'>Λόγου</span> <span class='ocrx_word' id='word_1_497' title='bbox 1462 5727 1746 5780; x_wconf 68' lang='grc' dir='ltr'>σεσαρκωο</span> 
     </span>
    </p>
   </div>
   <div class='ocr_carea' id='block_1_63' title="bbox 152 5803 1749 5891">
    <p class='ocr_par' dir='ltr' id='par_1_63' title="bbox 152 5803 1749 5891">
     <span class='ocr_line' id='line_1_63' title="bbox 152 5803 1749 5891; baseline -0.014 -16"><span class='ocrx_word' id='word_1_498' title='bbox 152 5821 344 5891; x_wconf 66' lang='grc' dir='ltr'>μένην,</span> <span class='ocrx_word' id='word_1_499' title='bbox 378 5820 484 5873; x_wconf 73' lang='grc' dir='ltr'><strong>οὐκ</strong></span> <span class='ocrx_word' id='word_1_500' title='bbox 508 5817 670 5881; x_wconf 79' lang='grc' dir='ltr'>αὐτὸς</span> <span class='ocrx_word' id='word_1_501' title='bbox 709 5816 873 5869; x_wconf 65' lang='lat' dir='ltr'><strong>{aut</strong></span> <span class='ocrx_word' id='word_1_502' title='bbox 902 5810 1163 5882; x_wconf 81' lang='grc' dir='ltr'>Θεότητος</span> <span class='ocrx_word' id='word_1_503' title='bbox 1184 5808 1447 5878; x_wconf 72' lang='grc' dir='ltr'>ὄργανον·</span> <span class='ocrx_word' id='word_1_504' title='bbox 1486 5803 1749 5874; x_wconf 69' lang='grc' dir='ltr'>κεχρήσεπ</span> 
     </span>
    </p>
   </div>
   <div class='ocr_carea' id='block_1_64' title="bbox 1875 588 3453 652">
    <p class='ocr_par' dir='ltr' id='par_1_64' title="bbox 1875 588 3453 652">
     <span class='ocr_line' id='line_1_64' title="bbox 1875 588 3453 652; baseline 0 -9"><span class='ocrx_word' id='word_1_505' title='bbox 1875 598 2017 643; x_wconf 87' lang='lat' dir='ltr'><strong>stum</strong></span> <span class='ocrx_word' id='word_1_506' title='bbox 2044 589 2323 652; x_wconf 77' lang='lat' dir='ltr'><strong>fateberis,</strong></span> <span class='ocrx_word' id='word_1_507' title='bbox 2353 600 2405 643; x_wconf 83' lang='lat' dir='ltr'><strong>et</strong></span> <span class='ocrx_word' id='word_1_508' title='bbox 2429 588 2623 642; x_wconf 78' lang='lat' dir='ltr'><strong>Filium</strong></span> <span class='ocrx_word' id='word_1_509' title='bbox 2656 598 2711 642; x_wconf 87' lang='lat' dir='ltr'><strong>et</strong></span> <span class='ocrx_word' id='word_1_510' title='bbox 2748 588 3052 642; x_wconf 90' lang='lat' dir='ltr'><strong>Dominum.</strong></span> <span class='ocrx_word' id='word_1_511' title='bbox 3107 590 3215 644; x_wconf 90' lang='lat' dir='ltr'><strong>Sed</strong></span> <span class='ocrx_word' id='word_1_512' title='bbox 3266 592 3453 643; x_wconf 83' lang='lat' dir='ltr'><strong>nescio</strong></span> 
     </span>
    </p>
   </div>
   <div class='ocr_carea' id='block_1_65' title="bbox 1874 676 3456 747">
    <p class='ocr_par' dir='ltr' id='par_1_65' title="bbox 1874 676 3456 747">
     <span class='ocr_line' id='line_1_65' title="bbox 1874 676 3456 747; baseline 0.001 -17"><span class='ocrx_word' id='word_1_513' title='bbox 1874 680 2157 747; x_wconf 88' lang='lat' dir='ltr'><strong>quomodo</strong></span> <span class='ocrx_word' id='word_1_514' title='bbox 2182 679 2269 733; x_wconf 85' lang='lat' dir='ltr'><strong>hic</strong></span> <span class='ocrx_word' id='word_1_515' title='bbox 2303 694 2563 731; x_wconf 86' lang='lat' dir='ltr'><strong>vanorum</strong></span> <span class='ocrx_word' id='word_1_516' title='bbox 2596 679 2848 731; x_wconf 74' lang='lat' dir='ltr'><strong>inventor</strong></span> <span class='ocrx_word' id='word_1_517' title='bbox 2887 676 3199 745; x_wconf 77' lang='lat' dir='ltr'><strong>dogmatnm</strong></span> <span class='ocrx_word' id='word_1_518' title='bbox 3230 692 3342 733; x_wconf 82' lang='lat' dir='ltr'><strong>rem</strong></span> <span class='ocrx_word' id='word_1_519' title='bbox 3374 679 3456 745; x_wconf 87' lang='lat' dir='ltr'><strong>ip-</strong></span> 
     </span>
    </p>
   </div>
   <div class='ocr_carea' id='block_1_66' title="bbox 1874 767 3452 838">
    <p class='ocr_par' dir='ltr' id='par_1_66' title="bbox 1874 767 3452 838">
     <span class='ocr_line' id='line_1_66' title="bbox 1874 767 3452 838; baseline -0.003 -13"><span class='ocrx_word' id='word_1_520' title='bbox 1874 784 1986 825; x_wconf 82' lang='lat' dir='ltr'><strong>sam</strong></span> <span class='ocrx_word' id='word_1_521' title='bbox 2021 770 2241 825; x_wconf 81' lang='lat' dir='ltr'><strong>unionis</strong></span> <span class='ocrx_word' id='word_1_522' title='bbox 2273 770 2559 824; x_wconf 83' lang='lat' dir='ltr'><strong>admodum</strong></span> <span class='ocrx_word' id='word_1_523' title='bbox 2593 770 2959 838; x_wconf 79' lang='lat' dir='ltr'><strong>parvipendit,</strong></span> <span class='ocrx_word' id='word_1_524' title='bbox 2995 770 3193 837; x_wconf 82' lang='lat' dir='ltr'><strong>illaque</strong></span> <span class='ocrx_word' id='word_1_525' title='bbox 3227 767 3452 835; x_wconf 75' lang='lat' dir='ltr'><strong>reiecta,</strong></span> 
     </span>
    </p>
   </div>
   <div class='ocr_carea' id='block_1_67' title="bbox 1873 861 3453 933">
    <p class='ocr_par' dir='ltr' id='par_1_67' title="bbox 1873 861 3453 933">
     <span class='ocr_line' id='line_1_67' title="bbox 1873 861 3453 933; baseline -0.001 -17"><span class='ocrx_word' id='word_1_526' title='bbox 1873 872 1931 916; x_wconf 85' lang='lat' dir='ltr'><strong>ut</strong></span> <span class='ocrx_word' id='word_1_527' title='bbox 1968 878 2309 933; x_wconf 79' lang='lat' dir='ltr'><strong>consequens</strong></span> <span class='ocrx_word' id='word_1_528' title='bbox 2340 873 2487 918; x_wconf 83' lang='lat' dir='ltr'><strong>certe</strong></span> <span class='ocrx_word' id='word_1_529' title='bbox 2514 871 2649 927; x_wconf 86' lang='lat' dir='ltr'><strong>erat,</strong></span> <span class='ocrx_word' id='word_1_530' title='bbox 2683 873 2738 916; x_wconf 87' lang='lat' dir='ltr'><strong>et</strong></span> <span class='ocrx_word' id='word_1_531' title='bbox 2775 864 2823 914; x_wconf 89' lang='lat' dir='ltr'><strong>vi</strong></span> <span class='ocrx_word' id='word_1_532' title='bbox 2845 862 3005 916; x_wconf 83' lang='lat' dir='ltr'><strong>simul</strong></span> <span class='ocrx_word' id='word_1_533' title='bbox 3038 863 3149 931; x_wconf 85' lang='lat' dir='ltr'><strong>ipsa</strong></span> <span class='ocrx_word' id='word_1_534' title='bbox 3209 861 3453 916; x_wconf 75' lang='lat' dir='ltr'><strong>veritatis</strong></span> 
     </span>
    </p>
   </div>
   <div class='ocr_carea' id='block_1_68' title="bbox 1872 954 3447 1023">
    <p class='ocr_par' dir='ltr' id='par_1_68' title="bbox 1872 954 3447 1023">
     <span class='ocr_line' id='line_1_68' title="bbox 1872 954 3447 1023; baseline -0.004 -12"><span class='ocrx_word' id='word_1_535' title='bbox 1872 956 2123 1012; x_wconf 78' lang='lat' dir='ltr'><strong>abdicata</strong></span> <span class='ocrx_word' id='word_1_536' title='bbox 2158 971 2349 1010; x_wconf 87' lang='lat' dir='ltr'><strong>rursus</strong></span> <span class='ocrx_word' id='word_1_537' title='bbox 2378 956 2443 1010; x_wconf 88' lang='lat' dir='ltr'><strong>ad</strong></span> <span class='ocrx_word' id='word_1_538' title='bbox 2482 955 2536 1008; x_wconf 85' lang='lat' dir='ltr'><strong>id</strong></span> <span class='ocrx_word' id='word_1_539' title='bbox 2564 955 2795 1008; x_wconf 91' lang='lat' dir='ltr'><strong>recurrit</strong></span> <span class='ocrx_word' id='word_1_540' title='bbox 2846 955 2988 1021; x_wconf 88' lang='lat' dir='ltr'><strong>quod</strong></span> <span class='ocrx_word' id='word_1_541' title='bbox 3033 954 3133 1008; x_wconf 86' lang='lat' dir='ltr'><strong>sibi</strong></span> <span class='ocrx_word' id='word_1_542' title='bbox 3180 954 3447 1023; x_wconf 74' lang='lat' dir='ltr'><strong>placebat,</strong></span> 
     </span>
    </p>
   </div>
   <div class='ocr_carea' id='block_1_69' title="bbox 1871 1044 3449 1118">
    <p class='ocr_par' dir='ltr' id='par_1_69' title="bbox 1871 1044 3449 1118">
     <span class='ocr_line' id='line_1_69' title="bbox 1871 1044 3449 1118; baseline -0.003 -17"><span class='ocrx_word' id='word_1_543' title='bbox 1871 1056 1927 1101; x_wconf 90' lang='lat' dir='ltr'><strong>et</strong></span> <span class='ocrx_word' id='word_1_544' title='bbox 1962 1047 2080 1101; x_wconf 83' lang='lat' dir='ltr'><strong>ait:</strong></span> <span class='ocrx_word' id='word_1_545' title='bbox 2130 1044 2282 1118; x_wconf 85' lang='lat' dir='ltr'><strong>[ideo</strong></span> <span class='ocrx_word' id='word_1_546' title='bbox 2310 1047 2476 1101; x_wconf 86' lang='lat' dir='ltr'><strong>etiam</strong></span> <span class='ocrx_word' id='word_1_547' title='bbox 2514 1045 2768 1102; x_wconf 86' lang='lat' dir='ltr'><strong>Christus</strong></span> <span class='ocrx_word' id='word_1_548' title='bbox 2822 1045 3124 1115; x_wconf 70' lang='lat' dir='ltr'><strong>appellatur</strong></span> <span class='ocrx_word' id='word_1_549' title='bbox 3163 1045 3250 1099; x_wconf 91' lang='lat' dir='ltr'><strong>ille</strong></span> <span class='ocrx_word' id='word_1_550' title='bbox 3308 1046 3449 1099; x_wconf 85' lang='lat' dir='ltr'><strong>Deus</strong></span> 
     </span>
    </p>
   </div>
   <div class='ocr_carea' id='block_1_70' title="bbox 1874 1138 3445 1207">
    <p class='ocr_par' dir='ltr' id='par_1_70' title="bbox 1874 1138 3445 1207">
     <span class='ocr_line' id='line_1_70' title="bbox 1874 1138 3445 1207; baseline -0.001 -16"><span class='ocrx_word' id='word_1_551' title='bbox 1874 1138 2131 1204; x_wconf 84' lang='lat' dir='ltr'><strong>Verbum,</strong></span> <span class='ocrx_word' id='word_1_552' title='bbox 2166 1139 2293 1207; x_wconf 83' lang='lat' dir='ltr'><strong>quia</strong></span> <span class='ocrx_word' id='word_1_553' title='bbox 2337 1139 2492 1192; x_wconf 89' lang='lat' dir='ltr'><strong>habet</strong></span> <span class='ocrx_word' id='word_1_554' title='bbox 2536 1147 2850 1207; x_wconf 85' lang='lat' dir='ltr'><strong>perpetuam</strong></span> <span class='ocrx_word' id='word_1_555' title='bbox 2894 1152 3016 1190; x_wconf 93' lang='lat' dir='ltr'><strong>cum</strong></span> <span class='ocrx_word' id='word_1_556' title='bbox 3047 1138 3268 1191; x_wconf 93' lang='lat' dir='ltr'><strong>Christo</strong></span> <span class='ocrx_word' id='word_1_557' title='bbox 3311 1151 3445 1189; x_wconf 89' lang='lat' dir='ltr'><strong>con-</strong></span> 
     </span>
    </p>
   </div>
   <div class='ocr_carea' id='block_1_71' title="bbox 1866 1227 3447 1297">
    <p class='ocr_par' dir='ltr' id='par_1_71' title="bbox 1866 1227 3447 1297">
     <span class='ocr_line' id='line_1_71' title="bbox 1866 1227 3447 1297; baseline -0.001 -15"><span class='ocrx_word' id='word_1_558' title='bbox 1866 1230 2243 1297; x_wconf 70' lang='lat' dir='ltr'><strong>iunctionem;</strong></span> <span class='ocrx_word' id='word_1_559' title='bbox 2279 1243 2454 1296; x_wconf 73' lang='lat' dir='ltr'><strong>neque</strong></span> <span class='ocrx_word' id='word_1_560' title='bbox 2484 1229 2742 1295; x_wconf 79' lang='lat' dir='ltr'><strong>contingit</strong></span> <span class='ocrx_word' id='word_1_561' title='bbox 2774 1238 2829 1281; x_wconf 92' lang='lat' dir='ltr'><strong>ut</strong></span> <span class='ocrx_word' id='word_1_562' title='bbox 2861 1228 3003 1281; x_wconf 88' lang='lat' dir='ltr'><strong>Deus</strong></span> <span class='ocrx_word' id='word_1_563' title='bbox 3052 1227 3289 1281; x_wconf 84' lang='lat' dir='ltr'><strong>Verbum</strong></span> <span class='ocrx_word' id='word_1_564' title='bbox 3327 1227 3447 1281; x_wconf 86' lang='lat' dir='ltr'><strong>sine</strong></span> 
     </span>
    </p>
   </div>
   <div class='ocr_carea' id='block_1_72' title="bbox 1872 1316 3446 1387">
    <p class='ocr_par' dir='ltr' id='par_1_72' title="bbox 1872 1316 3446 1387">
     <span class='ocr_line' id='line_1_72' title="bbox 1872 1316 3446 1387; baseline -0.003 -13"><span class='ocrx_word' id='word_1_565' title='bbox 1872 1320 2207 1375; x_wconf 84' lang='lat' dir='ltr'><strong>humanitate</strong></span> <span class='ocrx_word' id='word_1_566' title='bbox 2254 1319 2422 1373; x_wconf 82' lang='lat' dir='ltr'><strong>faciat</strong></span> <span class='ocrx_word' id='word_1_567' title='bbox 2452 1319 2654 1387; x_wconf 87' lang='lat' dir='ltr'><strong>aliquid</strong></span> <span class='ocrx_word' id='word_1_568' title='bbox 2691 1337 2704 1372; x_wconf 89' lang='lat'><strong>:</strong></span> <span class='ocrx_word' id='word_1_569' title='bbox 2746 1322 3040 1385; x_wconf 88' lang='lat' dir='ltr'><strong>perductus</strong></span> <span class='ocrx_word' id='word_1_570' title='bbox 3078 1326 3161 1372; x_wconf 87' lang='lat' dir='ltr'><strong>est</strong></span> <span class='ocrx_word' id='word_1_571' title='bbox 3206 1318 3349 1371; x_wconf 90' lang='lat' dir='ltr'><strong>enim</strong></span> <span class='ocrx_word' id='word_1_572' title='bbox 3379 1316 3446 1370; x_wconf 79' lang='lat' dir='ltr'><strong>ad</strong></span> 
     </span>
    </p>
   </div>
   <div class='ocr_carea' id='block_1_73' title="bbox 1870 1409 3446 1481">
    <p class='ocr_par' dir='ltr' id='par_1_73' title="bbox 1870 1409 3446 1481">
     <span class='ocr_line' id='line_1_73' title="bbox 1870 1409 3446 1481; baseline -0.003 -15"><span class='ocrx_word' id='word_1_573' title='bbox 1870 1427 2138 1466; x_wconf 87' lang='lat' dir='ltr'><strong>summam</strong></span> <span class='ocrx_word' id='word_1_574' title='bbox 2172 1412 2647 1481; x_wconf 73' lang='lat' dir='ltr'><strong>coiijunctionem;</strong></span> <span class='ocrx_word' id='word_1_575' title='bbox 2684 1425 2786 1463; x_wconf 87' lang='lat' dir='ltr'><strong>non</strong></span> <span class='ocrx_word' id='word_1_576' title='bbox 2820 1410 2884 1463; x_wconf 88' lang='lat' dir='ltr'><strong>ad</strong></span> <span class='ocrx_word' id='word_1_577' title='bbox 2920 1409 3339 1474; x_wconf 69' lang='lat' dir='ltr'><strong>deificationem,</strong></span> <span class='ocrx_word' id='word_1_578' title='bbox 3391 1418 3446 1461; x_wconf 88' lang='lat' dir='ltr'><strong>ut</strong></span> 
     </span>
    </p>
   </div>
   <div class='ocr_carea' id='block_1_74' title="bbox 1872 1498 3445 1572">
    <p class='ocr_par' dir='ltr' id='par_1_74' title="bbox 1872 1498 3445 1572">
     <span class='ocr_line' id='line_1_74' title="bbox 1872 1498 3445 1572; baseline -0.004 -15"><span class='ocrx_word' id='word_1_579' title='bbox 1872 1504 2149 1572; x_wconf 88' lang='lat' dir='ltr'><strong>sapientes</strong></span> <span class='ocrx_word' id='word_1_580' title='bbox 2202 1519 2234 1557; x_wconf 93' lang='lat' dir='ltr'><strong>e</strong></span> <span class='ocrx_word' id='word_1_581' title='bbox 2298 1502 2697 1556; x_wconf 79' lang='lat' dir='ltr'><strong>recentioribus</strong></span> <span class='ocrx_word' id='word_1_582' title='bbox 2756 1501 3097 1569; x_wconf 83' lang='lat' dir='ltr'><strong>dogmatistis</strong></span> <span class='ocrx_word' id='word_1_583' title='bbox 3151 1498 3445 1569; x_wconf 82' lang='lat' dir='ltr'><strong>asserunt.]</strong></span> 
     </span>
    </p>
   </div>
   <div class='ocr_carea' id='block_1_75' title="bbox 1869 1592 3447 1665">
    <p class='ocr_par' dir='ltr' id='par_1_75' title="bbox 1869 1592 3447 1665">
     <span class='ocr_line' id='line_1_75' title="bbox 1869 1592 3447 1665; baseline -0.003 -15"><span class='ocrx_word' id='word_1_584' title='bbox 1869 1596 2001 1651; x_wconf 90' lang='lat' dir='ltr'><strong>Cum</strong></span> <span class='ocrx_word' id='word_1_585' title='bbox 2035 1595 2202 1665; x_wconf 77' lang='lat' dir='ltr'><strong>igitur</strong></span> <span class='ocrx_word' id='word_1_586' title='bbox 2234 1596 2380 1649; x_wconf 82' lang='lat' dir='ltr'><strong>dicat</strong></span> <span class='ocrx_word' id='word_1_587' title='bbox 2410 1594 2685 1648; x_wconf 85' lang='lat' dir='ltr'><strong>Christum</strong></span> <span class='ocrx_word' id='word_1_588' title='bbox 2720 1594 3045 1663; x_wconf 83' lang='lat' dir='ltr'><strong>appellatum</strong></span> <span class='ocrx_word' id='word_1_589' title='bbox 3080 1607 3201 1647; x_wconf 91' lang='lat' dir='ltr'><strong>esse</strong></span> <span class='ocrx_word' id='word_1_590' title='bbox 3224 1592 3354 1645; x_wconf 91' lang='lat' dir='ltr'><strong>illud</strong></span> <span class='ocrx_word' id='word_1_591' title='bbox 3380 1607 3447 1646; x_wconf 78' lang='lat' dir='ltr'><strong>ex</strong></span> 
     </span>
    </p>
   </div>
   <div class='ocr_carea' id='block_1_76' title="bbox 1872 1682 3447 1754">
    <p class='ocr_par' dir='ltr' id='par_1_76' title="bbox 1872 1682 3447 1754">
     <span class='ocr_line' id='line_1_76' title="bbox 1872 1682 3447 1754; baseline -0.004 -14"><span class='ocrx_word' id='word_1_592' title='bbox 1872 1687 1981 1740; x_wconf 92' lang='lat' dir='ltr'><strong>Deo</strong></span> <span class='ocrx_word' id='word_1_593' title='bbox 2010 1686 2168 1741; x_wconf 81' lang='lat' dir='ltr'><strong>Patre</strong></span> <span class='ocrx_word' id='word_1_594' title='bbox 2197 1685 2455 1747; x_wconf 83' lang='lat' dir='ltr'><strong>Verbum,</strong></span> <span class='ocrx_word' id='word_1_595' title='bbox 2499 1684 2625 1754; x_wconf 86' lang='lat' dir='ltr'><strong>quia</strong></span> <span class='ocrx_word' id='word_1_596' title='bbox 2668 1684 2865 1737; x_wconf 88' lang='lat' dir='ltr'><strong>habeat</strong></span> <span class='ocrx_word' id='word_1_597' title='bbox 2889 1699 3013 1738; x_wconf 85' lang='lat' dir='ltr'><strong>cum</strong></span> <span class='ocrx_word' id='word_1_598' title='bbox 3047 1682 3268 1737; x_wconf 86' lang='lat' dir='ltr'><strong>Christo</strong></span> <span class='ocrx_word' id='word_1_599' title='bbox 3315 1697 3447 1737; x_wconf 86' lang='lat' dir='ltr'><strong>con-</strong></span> 
     </span>
    </p>
   </div>
   <div class='ocr_carea' id='block_1_77' title="bbox 1866 1774 3446 1845">
    <p class='ocr_par' dir='ltr' id='par_1_77' title="bbox 1866 1774 3446 1845">
     <span class='ocr_line' id='line_1_77' title="bbox 1866 1774 3446 1845; baseline -0.002 -16"><span class='ocrx_word' id='word_1_600' title='bbox 1866 1779 2227 1845; x_wconf 74' lang='lat' dir='ltr'><strong>iunctionem,</strong></span> <span class='ocrx_word' id='word_1_601' title='bbox 2271 1786 2327 1830; x_wconf 92' lang='lat' dir='ltr'><strong>ut</strong></span> <span class='ocrx_word' id='word_1_602' title='bbox 2362 1792 2485 1830; x_wconf 85' lang='lat' dir='ltr'><strong>cum</strong></span> <span class='ocrx_word' id='word_1_603' title='bbox 2518 1776 2694 1831; x_wconf 88' lang='lat' dir='ltr'><strong>altero</strong></span> <span class='ocrx_word' id='word_1_604' title='bbox 2724 1776 3001 1839; x_wconf 85' lang='lat' dir='ltr'><strong>nimirum,</strong></span> <span class='ocrx_word' id='word_1_605' title='bbox 3025 1774 3301 1844; x_wconf 89' lang='lat' dir='ltr'><strong>quomodo</strong></span> <span class='ocrx_word' id='word_1_606' title='bbox 3338 1791 3446 1827; x_wconf 85' lang='lat' dir='ltr'><strong>non</strong></span> 
     </span>
    </p>
   </div>
   <div class='ocr_carea' id='block_1_78' title="bbox 1865 1866 3445 1935">
    <p class='ocr_par' dir='ltr' id='par_1_78' title="bbox 1865 1866 3445 1935">
     <span class='ocr_line' id='line_1_78' title="bbox 1865 1866 3445 1935; baseline -0.001 -15"><span class='ocrx_word' id='word_1_607' title='bbox 1865 1876 2069 1920; x_wconf 89' lang='lat' dir='ltr'><strong>temere</strong></span> <span class='ocrx_word' id='word_1_608' title='bbox 2089 1877 2316 1935; x_wconf 84' lang='lat' dir='ltr'><strong>nugatus</strong></span> <span class='ocrx_word' id='word_1_609' title='bbox 2330 1877 2433 1929; x_wconf 91' lang='lat' dir='ltr'><strong>est,</strong></span> <span class='ocrx_word' id='word_1_610' title='bbox 2453 1882 2572 1919; x_wconf 90' lang='lat' dir='ltr'><strong>cum</strong></span> <span class='ocrx_word' id='word_1_611' title='bbox 2594 1866 2748 1931; x_wconf 75' lang='lat' dir='ltr'><strong>dixit,</strong></span> <span class='ocrx_word' id='word_1_612' title='bbox 2765 1876 2884 1934; x_wconf 86' lang='lat' dir='ltr'><strong>post</strong></span> <span class='ocrx_word' id='word_1_613' title='bbox 2899 1866 3320 1933; x_wconf 86' lang='lat' dir='ltr'><strong>asstnnptionem</strong></span> <span class='ocrx_word' id='word_1_614' title='bbox 3341 1880 3445 1919; x_wconf 91' lang='lat' dir='ltr'><strong>non</strong></span> 
     </span>
    </p>
   </div>
   <div class='ocr_carea' id='block_1_79' title="bbox 1864 1950 3445 2027">
    <p class='ocr_par' dir='ltr' id='par_1_79' title="bbox 1864 1950 3445 2027">
     <span class='ocr_line' id='line_1_79' title="bbox 1864 1950 3445 2027; baseline -0.003 -18"><span class='ocrx_word' id='word_1_615' title='bbox 1864 1972 2022 2027; x_wconf 89' lang='lat' dir='ltr'><strong>posse</strong></span> <span class='ocrx_word' id='word_1_616' title='bbox 2043 1958 2222 2008; x_wconf 86' lang='lat' dir='ltr'><strong>vocari</strong></span> <span class='ocrx_word' id='word_1_617' title='bbox 2243 1953 2495 2007; x_wconf 82' lang='lat' dir='ltr'><strong>seorsim?</strong></span> <span class='ocrx_word' id='word_1_618' title='bbox 2514 1953 2777 2021; x_wconf 87' lang='lat' dir='ltr'><strong>siquidem</strong></span> <span class='ocrx_word' id='word_1_619' title='bbox 2798 1953 2939 2023; x_wconf 90' lang='lat' dir='ltr'><strong>quod</strong></span> <span class='ocrx_word' id='word_1_620' title='bbox 2963 1952 3114 2005; x_wconf 83' lang='lat' dir='ltr'><strong>alteri</strong></span> <span class='ocrx_word' id='word_1_621' title='bbox 3136 1954 3347 2005; x_wconf 78' lang='lat' dir='ltr'><strong>cuidam</strong></span> <span class='ocrx_word' id='word_1_622' title='bbox 3371 1950 3445 2004; x_wconf 92' lang='lat' dir='ltr'><strong>rei</strong></span> 
     </span>
    </p>
   </div>
   <div class='ocr_carea' id='block_1_80' title="bbox 1865 2042 3446 2113">
    <p class='ocr_par' dir='ltr' id='par_1_80' title="bbox 1865 2042 3446 2113">
     <span class='ocr_line' id='line_1_80' title="bbox 1865 2042 3446 2113; baseline -0.004 -12"><span class='ocrx_word' id='word_1_623' title='bbox 1865 2047 2159 2102; x_wconf 71' lang='lat' dir='ltr'><strong>secundum</strong></span> <span class='ocrx_word' id='word_1_624' title='bbox 2184 2045 2554 2109; x_wconf 83' lang='lat' dir='ltr'><strong>habitudinem</strong></span> <span class='ocrx_word' id='word_1_625' title='bbox 2613 2044 2957 2113; x_wconf 75' lang='lat' dir='ltr'><strong>coniunctum</strong></span> <span class='ocrx_word' id='word_1_626' title='bbox 2988 2058 3108 2098; x_wconf 89' lang='lat' dir='ltr'><strong>esse</strong></span> <span class='ocrx_word' id='word_1_627' title='bbox 3136 2044 3355 2106; x_wconf 87' lang='lat' dir='ltr'><strong>dicitur,</strong></span> <span class='ocrx_word' id='word_1_628' title='bbox 3394 2042 3446 2095; x_wconf 92' lang='lat' dir='ltr'><strong>id</strong></span> 
     </span>
    </p>
   </div>
   <div class='ocr_carea' id='block_1_81' title="bbox 1866 2134 3443 2204">
    <p class='ocr_par' dir='ltr' id='par_1_81' title="bbox 1866 2134 3443 2204">
     <span class='ocr_line' id='line_1_81' title="bbox 1866 2134 3443 2204; baseline -0.003 -14"><span class='ocrx_word' id='word_1_629' title='bbox 1866 2153 1968 2190; x_wconf 91' lang='lat' dir='ltr'><strong>non</strong></span> <span class='ocrx_word' id='word_1_630' title='bbox 1994 2146 2172 2203; x_wconf 89' lang='lat' dir='ltr'><strong>potest</strong></span> <span class='ocrx_word' id='word_1_631' title='bbox 2198 2150 2227 2188; x_wconf 86' lang='lat' dir='ltr'><strong>a</strong></span> <span class='ocrx_word' id='word_1_632' title='bbox 2261 2136 2416 2189; x_wconf 91' lang='lat' dir='ltr'><strong>nobis</strong></span> <span class='ocrx_word' id='word_1_633' title='bbox 2446 2144 2701 2202; x_wconf 86' lang='lat' dir='ltr'><strong>tanquam</strong></span> <span class='ocrx_word' id='word_1_634' title='bbox 2729 2150 2896 2187; x_wconf 88' lang='lat' dir='ltr'><strong>unum</strong></span> <span class='ocrx_word' id='word_1_635' title='bbox 2925 2134 3129 2203; x_wconf 82' lang='lat' dir='ltr'><strong>aliquid</strong></span> <span class='ocrx_word' id='word_1_636' title='bbox 3158 2134 3391 2204; x_wconf 74' lang='lat' dir='ltr'><strong>intelligi</strong></span> <span class='ocrx_word' id='word_1_637' title='bbox 3429 2150 3443 2186; x_wconf 88' lang='lat'><strong>:</strong></span> 
     </span>
    </p>
   </div>
   <div class='ocr_carea' id='block_1_82' title="bbox 1864 2224 3447 2296">
    <p class='ocr_par' dir='ltr' id='par_1_82' title="bbox 1864 2224 3447 2296">
     <span class='ocr_line' id='line_1_82' title="bbox 1864 2224 3447 2296; baseline -0.003 -14"><span class='ocrx_word' id='word_1_638' title='bbox 1864 2244 1989 2282; x_wconf 83' lang='lat' dir='ltr'><strong>nam</strong></span> <span class='ocrx_word' id='word_1_639' title='bbox 2012 2228 2291 2296; x_wconf 68' lang='lat' dir='ltr'><strong>quaeinter</strong></span> <span class='ocrx_word' id='word_1_640' title='bbox 2314 2241 2372 2280; x_wconf 89' lang='lat' dir='ltr'><strong>se</strong></span> <span class='ocrx_word' id='word_1_641' title='bbox 2391 2227 2741 2289; x_wconf 85' lang='lat' dir='ltr'><strong>conveniunt,</strong></span> <span class='ocrx_word' id='word_1_642' title='bbox 2768 2228 2875 2279; x_wconf 89' lang='lat' dir='ltr'><strong>duo</strong></span> <span class='ocrx_word' id='word_1_643' title='bbox 2899 2226 3263 2293; x_wconf 85' lang='lat' dir='ltr'><strong>prorsusjure</strong></span> <span class='ocrx_word' id='word_1_644' title='bbox 3290 2224 3447 2278; x_wconf 85' lang='lat' dir='ltr'><strong>inte!-</strong></span> 
     </span>
    </p>
   </div>
   <div class='ocr_carea' id='block_1_83' title="bbox 1866 2315 3446 2390">
    <p class='ocr_par' dir='ltr' id='par_1_83' title="bbox 1866 2315 3446 2390">
     <span class='ocr_line' id='line_1_83' title="bbox 1866 2315 3446 2390; baseline -0.002 -17"><span class='ocrx_word' id='word_1_645' title='bbox 1866 2321 2126 2390; x_wconf 86' lang='lat' dir='ltr'><strong>liguntur.</strong></span> <span class='ocrx_word' id='word_1_646' title='bbox 2160 2330 2212 2373; x_wconf 87' lang='lat' dir='ltr'><strong>et</strong></span> <span class='ocrx_word' id='word_1_647' title='bbox 2243 2336 2349 2373; x_wconf 91' lang='lat' dir='ltr'><strong>non</strong></span> <span class='ocrx_word' id='word_1_648' title='bbox 2385 2334 2550 2373; x_wconf 91' lang='lat' dir='ltr'><strong>unum</strong></span> <span class='ocrx_word' id='word_1_649' title='bbox 2595 2317 2799 2385; x_wconf 83' lang='lat' dir='ltr'><strong>aliquid</strong></span> <span class='ocrx_word' id='word_1_650' title='bbox 2826 2317 2967 2385; x_wconf 90' lang='lat' dir='ltr'><strong>quod</strong></span> <span class='ocrx_word' id='word_1_651' title='bbox 3013 2316 3188 2386; x_wconf 83' lang='lat' dir='ltr'><strong>ipsum</strong></span> <span class='ocrx_word' id='word_1_652' title='bbox 3224 2315 3321 2369; x_wconf 87' lang='lat' dir='ltr'><strong>sibi</strong></span> <span class='ocrx_word' id='word_1_653' title='bbox 3350 2332 3446 2370; x_wconf 84' lang='lat' dir='ltr'><strong>co-</strong></span> 
     </span>
    </p>
   </div>
   <div class='ocr_carea' id='block_1_84' title="bbox 1866 2408 3445 2482">
    <p class='ocr_par' dir='ltr' id='par_1_84' title="bbox 1866 2408 3445 2482">
     <span class='ocr_line' id='line_1_84' title="bbox 1866 2408 3445 2482; baseline -0.001 -19"><span class='ocrx_word' id='word_1_654' title='bbox 1866 2413 2079 2482; x_wconf 87' lang='lat' dir='ltr'><strong>puletur</strong></span> <span class='ocrx_word' id='word_1_655' title='bbox 2103 2431 2115 2467; x_wconf 88' lang='lat'><strong>:</strong></span> <span class='ocrx_word' id='word_1_656' title='bbox 2139 2411 2336 2468; x_wconf 65' lang='lat' dir='ltr'><strong>fabulae</strong></span> <span class='ocrx_word' id='word_1_657' title='bbox 2358 2422 2486 2466; x_wconf 86' lang='lat' dir='ltr'><strong>sunt</strong></span> <span class='ocrx_word' id='word_1_658' title='bbox 2509 2412 2680 2481; x_wconf 79' lang='lat' dir='ltr'><strong>igitur</strong></span> <span class='ocrx_word' id='word_1_659' title='bbox 2703 2421 2757 2462; x_wconf 88' lang='lat' dir='ltr'><strong>et</strong></span> <span class='ocrx_word' id='word_1_660' title='bbox 2785 2410 3095 2463; x_wconf 67' lang='lat' dir='ltr'><strong>vanissima:</strong></span> <span class='ocrx_word' id='word_1_661' title='bbox 3120 2424 3275 2476; x_wconf 72' lang='lat' dir='ltr'><strong>nugre</strong></span> <span class='ocrx_word' id='word_1_662' title='bbox 3303 2408 3445 2462; x_wconf 90' lang='lat' dir='ltr'><strong>illius</strong></span> 
     </span>
    </p>
   </div>
   <div class='ocr_carea' id='block_1_85' title="bbox 1864 2498 3428 2572">
    <p class='ocr_par' dir='ltr' id='par_1_85' title="bbox 1864 2498 3428 2572">
     <span class='ocr_line' id='line_1_85' title="bbox 1864 2498 3428 2572; baseline -0.006 -14"><span class='ocrx_word' id='word_1_663' title='bbox 1864 2506 2053 2561; x_wconf 76' lang='lat' dir='ltr'><strong>verba.</strong></span> <span class='ocrx_word' id='word_1_664' title='bbox 2083 2504 2192 2559; x_wconf 87' lang='lat' dir='ltr'><strong>Nos</strong></span> <span class='ocrx_word' id='word_1_665' title='bbox 2229 2514 2408 2557; x_wconf 90' lang='lat' dir='ltr'><strong>autem</strong></span> <span class='ocrx_word' id='word_1_666' title='bbox 2458 2513 2577 2572; x_wconf 87' lang='lat' dir='ltr'><strong>post</strong></span> <span class='ocrx_word' id='word_1_667' title='bbox 2602 2501 2749 2555; x_wconf 82' lang='lat' dir='ltr'><strong>illam</strong></span> <span class='ocrx_word' id='word_1_668' title='bbox 2791 2501 3084 2565; x_wconf 87' lang='lat' dir='ltr'><strong>unionem,</strong></span> <span class='ocrx_word' id='word_1_669' title='bbox 3122 2499 3238 2552; x_wconf 83' lang='lat' dir='ltr'><strong>sive</strong></span> <span class='ocrx_word' id='word_1_670' title='bbox 3264 2498 3428 2550; x_wconf 85' lang='lat' dir='ltr'><strong>Deum</strong></span> 
     </span>
    </p>
   </div>
   <div class='ocr_carea' id='block_1_86' title="bbox 1868 2590 3443 2663">
    <p class='ocr_par' dir='ltr' id='par_1_86' title="bbox 1868 2590 3443 2663">
     <span class='ocr_line' id='line_1_86' title="bbox 1868 2590 3443 2663; baseline -0.006 -14"><span class='ocrx_word' id='word_1_671' title='bbox 1868 2597 2103 2651; x_wconf 83' lang='lat' dir='ltr'><strong>Verbum</strong></span> <span class='ocrx_word' id='word_1_672' title='bbox 2131 2596 2373 2649; x_wconf 85' lang='lat' dir='ltr'><strong>nominet</strong></span> <span class='ocrx_word' id='word_1_673' title='bbox 2412 2594 2708 2663; x_wconf 82' lang='lat' dir='ltr'><strong>quispiam,</strong></span> <span class='ocrx_word' id='word_1_674' title='bbox 2744 2608 2852 2646; x_wconf 91' lang='lat' dir='ltr'><strong>non</strong></span> <span class='ocrx_word' id='word_1_675' title='bbox 2878 2592 2999 2645; x_wconf 91' lang='lat' dir='ltr'><strong>sine</strong></span> <span class='ocrx_word' id='word_1_676' title='bbox 3027 2590 3244 2659; x_wconf 88' lang='lat' dir='ltr'><strong>propria</strong></span> <span class='ocrx_word' id='word_1_677' title='bbox 3278 2603 3443 2641; x_wconf 83' lang='lat' dir='ltr'><strong>carne</strong></span> 
     </span>
    </p>
   </div>
   <div class='ocr_carea' id='block_1_87' title="bbox 1864 2682 3443 2755">
    <p class='ocr_par' dir='ltr' id='par_1_87' title="bbox 1864 2682 3443 2755">
     <span class='ocr_line' id='line_1_87' title="bbox 1864 2682 3443 2755; baseline -0.006 -14"><span class='ocrx_word' id='word_1_678' title='bbox 1864 2686 1994 2741; x_wconf 91' lang='lat' dir='ltr'><strong>illud</strong></span> <span class='ocrx_word' id='word_1_679' title='bbox 2033 2687 2415 2755; x_wconf 80' lang='lat' dir='ltr'><strong>intelligimus,</strong></span> <span class='ocrx_word' id='word_1_680' title='bbox 2447 2686 2563 2738; x_wconf 88' lang='lat' dir='ltr'><strong>sive</strong></span> <span class='ocrx_word' id='word_1_681' title='bbox 2586 2684 2869 2739; x_wconf 89' lang='lat' dir='ltr'><strong>Christum</strong></span> <span class='ocrx_word' id='word_1_682' title='bbox 2894 2683 3060 2746; x_wconf 86' lang='lat' dir='ltr'><strong>dicat,</strong></span> <span class='ocrx_word' id='word_1_683' title='bbox 3096 2682 3443 2735; x_wconf 84' lang='lat' dir='ltr'><strong>incarnatqu</strong></span> 
     </span>
    </p>
   </div>
   <div class='ocr_carea' id='block_1_88' title="bbox 1865 2773 3445 2847">
    <p class='ocr_par' dir='ltr' id='par_1_88' title="bbox 1865 2773 3445 2847">
     <span class='ocr_line' id='line_1_88' title="bbox 1865 2773 3445 2847; baseline -0.007 -13"><span class='ocrx_word' id='word_1_684' title='bbox 1865 2780 2105 2835; x_wconf 87' lang='lat' dir='ltr'><strong>Verbum</strong></span> <span class='ocrx_word' id='word_1_685' title='bbox 2135 2779 2506 2847; x_wconf 78' lang='lat' dir='ltr'><strong>agnoscimus.</strong></span> <span class='ocrx_word' id='word_1_686' title='bbox 2533 2776 2652 2831; x_wconf 81' lang='lat' dir='ltr'><strong>Jam</strong></span> <span class='ocrx_word' id='word_1_687' title='bbox 2698 2791 2827 2831; x_wconf 87' lang='lat' dir='ltr'><strong>vero</strong></span> <span class='ocrx_word' id='word_1_688' title='bbox 2854 2776 3074 2844; x_wconf 84' lang='lat' dir='ltr'><strong>quinam</strong></span> <span class='ocrx_word' id='word_1_689' title='bbox 3104 2775 3265 2827; x_wconf 84' lang='lat' dir='ltr'><strong>etiam</strong></span> <span class='ocrx_word' id='word_1_690' title='bbox 3298 2773 3445 2827; x_wconf 81' lang='lat' dir='ltr'><strong>illius</strong></span> 
     </span>
    </p>
   </div>
   <div class='ocr_carea' id='block_1_89' title="bbox 1863 2862 3444 2945">
    <p class='ocr_par' dir='ltr' id='par_1_89' title="bbox 1863 2862 3444 2945">
     <span class='ocr_line' id='line_1_89' title="bbox 1863 2862 3444 2945; baseline -0.008 -16"><span class='ocrx_word' id='word_1_691' title='bbox 1863 2892 2025 2945; x_wconf 87' lang='lat' dir='ltr'><strong>quam</strong></span> <span class='ocrx_word' id='word_1_692' title='bbox 2060 2884 2115 2928; x_wconf 89' lang='lat' dir='ltr'><strong>tu</strong></span> <span class='ocrx_word' id='word_1_693' title='bbox 2150 2873 2591 2942; x_wconf 89' lang='lat' dir='ltr'><strong>conjunctionem</strong></span> <span class='ocrx_word' id='word_1_694' title='bbox 2615 2871 2752 2925; x_wconf 82' lang='lat' dir='ltr'><strong>dicis</strong></span> <span class='ocrx_word' id='word_1_695' title='bbox 2781 2909 2796 2933; x_wconf 91' lang='lat'><strong>,</strong></span> <span class='ocrx_word' id='word_1_696' title='bbox 2856 2866 3174 2935; x_wconf 77' lang='lat' dir='ltr'><strong>intelligitur</strong></span> <span class='ocrx_word' id='word_1_697' title='bbox 3204 2862 3444 2919; x_wconf 71' lang='lat' dir='ltr'><strong>modus?</strong></span> 
     </span>
    </p>
   </div>
   <div class='ocr_carea' id='block_1_90' title="bbox 1864 2957 3446 3026">
    <p class='ocr_par' dir='ltr' id='par_1_90' title="bbox 1864 2957 3446 3026">
     <span class='ocr_line' id='line_1_90' title="bbox 1864 2957 3446 3026; baseline -0.008 -5"><span class='ocrx_word' id='word_1_698' title='bbox 1864 2967 1999 3021; x_wconf 84' lang='lat' dir='ltr'><strong>Nam</strong></span> <span class='ocrx_word' id='word_1_699' title='bbox 2038 2969 2082 3020; x_wconf 94' lang='lat' dir='ltr'><strong>si</strong></span> <span class='ocrx_word' id='word_1_700' title='bbox 2128 2968 2525 3021; x_wconf 88' lang='lat' dir='ltr'><strong>humanitatem</strong></span> <span class='ocrx_word' id='word_1_701' title='bbox 2559 2963 2699 3017; x_wconf 88' lang='lat' dir='ltr'><strong>dicis</strong></span> <span class='ocrx_word' id='word_1_702' title='bbox 2747 2962 2954 3015; x_wconf 89' lang='lat' dir='ltr'><strong>unitam</strong></span> <span class='ocrx_word' id='word_1_703' title='bbox 2999 2958 3296 3015; x_wconf 85' lang='lat' dir='ltr'><strong>secundum</strong></span> <span class='ocrx_word' id='word_1_704' title='bbox 3344 2957 3446 3026; x_wconf 82' lang='lat' dir='ltr'><strong>hy-</strong></span> 
     </span>
    </p>
   </div>
   <div class='ocr_carea' id='block_1_91' title="bbox 1863 3051 3447 3129">
    <p class='ocr_par' dir='ltr' id='par_1_91' title="bbox 1863 3051 3447 3129">
     <span class='ocr_line' id='line_1_91' title="bbox 1863 3051 3447 3129; baseline -0.007 -15"><span class='ocrx_word' id='word_1_705' title='bbox 1863 3061 2121 3129; x_wconf 90' lang='lat' dir='ltr'><strong>postasim</strong></span> <span class='ocrx_word' id='word_1_706' title='bbox 2156 3061 2231 3112; x_wconf 88' lang='lat' dir='ltr'><strong>illi</strong></span> <span class='ocrx_word' id='word_1_707' title='bbox 2266 3074 2328 3111; x_wconf 80' lang='lat' dir='ltr'><strong>ex</strong></span> <span class='ocrx_word' id='word_1_708' title='bbox 2369 3059 2477 3113; x_wconf 89' lang='lat' dir='ltr'><strong>Deo</strong></span> <span class='ocrx_word' id='word_1_709' title='bbox 2501 3056 2682 3126; x_wconf 86' lang='lat' dir='ltr'><strong>genito</strong></span> <span class='ocrx_word' id='word_1_710' title='bbox 2739 3054 2934 3117; x_wconf 89' lang='lat' dir='ltr'><strong>Verbo,</strong></span> <span class='ocrx_word' id='word_1_711' title='bbox 2969 3069 3087 3116; x_wconf 89' lang='lat' dir='ltr'><strong>cur,</strong></span> <span class='ocrx_word' id='word_1_712' title='bbox 3114 3066 3317 3119; x_wconf 67' lang='lat' dir='ltr'><strong>quaeso,</strong></span> <span class='ocrx_word' id='word_1_713' title='bbox 3366 3051 3447 3104; x_wconf 85' lang='lat' dir='ltr'><strong>di-</strong></span> 
     </span>
    </p>
   </div>
   <div class='ocr_carea' id='block_1_92' title="bbox 1864 3141 3445 3214">
    <p class='ocr_par' dir='ltr' id='par_1_92' title="bbox 1864 3141 3445 3214">
     <span class='ocr_line' id='line_1_92' title="bbox 1864 3141 3445 3214; baseline -0.005 -12"><span class='ocrx_word' id='word_1_714' title='bbox 1864 3156 2041 3204; x_wconf 89' lang='lat' dir='ltr'><strong>vinam</strong></span> <span class='ocrx_word' id='word_1_715' title='bbox 2080 3151 2227 3203; x_wconf 87' lang='lat' dir='ltr'><strong>illam</strong></span> <span class='ocrx_word' id='word_1_716' title='bbox 2279 3165 2498 3203; x_wconf 88' lang='lat' dir='ltr'><strong>carnem</strong></span> <span class='ocrx_word' id='word_1_717' title='bbox 2563 3146 2733 3202; x_wconf 80' lang='lat' dir='ltr'><strong>amcis</strong></span> <span class='ocrx_word' id='word_1_718' title='bbox 2778 3142 3015 3214; x_wconf 83' lang='lat' dir='ltr'><strong>injuria?</strong></span> <span class='ocrx_word' id='word_1_719' title='bbox 3069 3141 3283 3196; x_wconf 84' lang='lat' dir='ltr'><strong>tametsi</strong></span> <span class='ocrx_word' id='word_1_720' title='bbox 3325 3155 3445 3195; x_wconf 89' lang='lat' dir='ltr'><strong>eam</strong></span> 
     </span>
    </p>
   </div>
   <div class='ocr_carea' id='block_1_93' title="bbox 1862 3234 3447 3309">
    <p class='ocr_par' dir='ltr' id='par_1_93' title="bbox 1862 3234 3447 3309">
     <span class='ocr_line' id='line_1_93' title="bbox 1862 3234 3447 3309; baseline -0.008 -11"><span class='ocrx_word' id='word_1_721' title='bbox 1862 3243 2089 3298; x_wconf 85' lang='lat' dir='ltr'><strong>adorare</strong></span> <span class='ocrx_word' id='word_1_722' title='bbox 2113 3243 2338 3297; x_wconf 91' lang='lat' dir='ltr'><strong>minime</strong></span> <span class='ocrx_word' id='word_1_723' title='bbox 2386 3240 2643 3309; x_wconf 80' lang='lat' dir='ltr'><strong>refugias,</strong></span> <span class='ocrx_word' id='word_1_724' title='bbox 2695 3255 2818 3292; x_wconf 90' lang='lat' dir='ltr'><strong>cum</strong></span> <span class='ocrx_word' id='word_1_725' title='bbox 2863 3238 3235 3291; x_wconf 89' lang='lat' dir='ltr'><strong>adorationem</strong></span> <span class='ocrx_word' id='word_1_726' title='bbox 3286 3234 3447 3288; x_wconf 80' lang='lat' dir='ltr'><strong>exhi-</strong></span> 
     </span>
    </p>
   </div>
   <div class='ocr_carea' id='block_1_94' title="bbox 1862 3328 3441 3391">
    <p class='ocr_par' dir='ltr' id='par_1_94' title="bbox 1862 3328 3441 3391">
     <span class='ocr_line' id='line_1_94' title="bbox 1862 3328 3441 3391; baseline -0.006 -1"><span class='ocrx_word' id='word_1_727' title='bbox 1862 3336 1979 3391; x_wconf 88' lang='lat' dir='ltr'><strong>beri</strong></span> <span class='ocrx_word' id='word_1_728' title='bbox 2012 3336 2228 3389; x_wconf 86' lang='lat' dir='ltr'><strong>nonnisi</strong></span> <span class='ocrx_word' id='word_1_729' title='bbox 2266 3335 2465 3387; x_wconf 77' lang='lat' dir='ltr'><strong>divina:</strong></span> <span class='ocrx_word' id='word_1_730' title='bbox 2498 3343 2551 3387; x_wconf 91' lang='lat' dir='ltr'><strong>et</strong></span> <span class='ocrx_word' id='word_1_731' title='bbox 2581 3331 2841 3386; x_wconf 68' lang='lat' dir='ltr'><strong>incﬂ‘abili</strong></span> <span class='ocrx_word' id='word_1_732' title='bbox 2888 3338 3098 3385; x_wconf 72' lang='lat' dir='ltr'><strong>natura:</strong></span> <span class='ocrx_word' id='word_1_733' title='bbox 3133 3328 3441 3383; x_wconf 83' lang='lat' dir='ltr'><strong>conveniat.</strong></span> 
     </span>
    </p>
   </div>
   <div class='ocr_carea' id='block_1_95' title="bbox 1862 3424 3446 3495">
    <p class='ocr_par' dir='ltr' id='par_1_95' title="bbox 1862 3424 3446 3495">
     <span class='ocr_line' id='line_1_95' title="bbox 1862 3424 3446 3495; baseline -0.006 -13"><span class='ocrx_word' id='word_1_734' title='bbox 1862 3428 2013 3495; x_wconf 83' lang='lat' dir='ltr'><strong>Quod</strong></span> <span class='ocrx_word' id='word_1_735' title='bbox 2046 3427 2087 3480; x_wconf 91' lang='lat' dir='ltr'><strong>si</strong></span> <span class='ocrx_word' id='word_1_736' title='bbox 2117 3427 2259 3480; x_wconf 88' lang='lat' dir='ltr'><strong>haud</strong></span> <span class='ocrx_word' id='word_1_737' title='bbox 2296 3441 2478 3478; x_wconf 80' lang='lat' dir='ltr'><strong>verum</strong></span> <span class='ocrx_word' id='word_1_738' title='bbox 2510 3435 2665 3494; x_wconf 88' lang='lat' dir='ltr'><strong>putas</strong></span> <span class='ocrx_word' id='word_1_739' title='bbox 2701 3425 2897 3478; x_wconf 82' lang='lat' dir='ltr'><strong>factam</strong></span> <span class='ocrx_word' id='word_1_740' title='bbox 2929 3424 3204 3485; x_wconf 87' lang='lat' dir='ltr'><strong>unionem,</strong></span> <span class='ocrx_word' id='word_1_741' title='bbox 3232 3429 3283 3473; x_wconf 78' lang='lat' dir='ltr'><strong>cl</strong></span> <span class='ocrx_word' id='word_1_742' title='bbox 3312 3434 3446 3474; x_wconf 85' lang='lat' dir='ltr'><strong>con-</strong></span> 
     </span>
    </p>
   </div>
   <div class='ocr_carea' id='block_1_96' title="bbox 1854 3514 3446 3586">
    <p class='ocr_par' dir='ltr' id='par_1_96' title="bbox 1854 3514 3446 3586">
     <span class='ocr_line' id='line_1_96' title="bbox 1854 3514 3446 3586; baseline -0.004 -14"><span class='ocrx_word' id='word_1_743' title='bbox 1854 3518 2190 3586; x_wconf 85' lang='lat' dir='ltr'><strong>junctionem</strong></span> <span class='ocrx_word' id='word_1_744' title='bbox 2219 3518 2398 3586; x_wconf 88' lang='lat' dir='ltr'><strong>potius</strong></span> <span class='ocrx_word' id='word_1_745' title='bbox 2432 3516 2672 3584; x_wconf 84' lang='lat' dir='ltr'><strong>appellas</strong></span> <span class='ocrx_word' id='word_1_746' title='bbox 2718 3516 2862 3569; x_wconf 86' lang='lat' dir='ltr'><strong>illam</strong></span> <span class='ocrx_word' id='word_1_747' title='bbox 2916 3516 3213 3569; x_wconf 83' lang='lat' dir='ltr'><strong>secundum</strong></span> <span class='ocrx_word' id='word_1_748' title='bbox 3254 3514 3446 3566; x_wconf 82' lang='lat' dir='ltr'><strong>homo-</strong></span> 
     </span>
    </p>
   </div>
   <div class='ocr_carea' id='block_1_97' title="bbox 1861 3602 3443 3680">
    <p class='ocr_par' dir='ltr' id='par_1_97' title="bbox 1861 3602 3443 3680">
     <span class='ocr_line' id='line_1_97' title="bbox 1861 3602 3443 3680; baseline -0.005 -17"><span class='ocrx_word' id='word_1_749' title='bbox 1861 3610 2122 3680; x_wconf 86' lang='lat' dir='ltr'><strong>nymiam,</strong></span> <span class='ocrx_word' id='word_1_750' title='bbox 2152 3620 2205 3661; x_wconf 89' lang='lat' dir='ltr'><strong>et</strong></span> <span class='ocrx_word' id='word_1_751' title='bbox 2244 3607 2345 3677; x_wconf 82' lang='lat'><strong>51</strong></span> <span class='ocrx_word' id='word_1_752' title='bbox 2381 3608 2433 3660; x_wconf 90' lang='lat' dir='ltr'><strong>in</strong></span> <span class='ocrx_word' id='word_1_753' title='bbox 2466 3608 2577 3661; x_wconf 86' lang='lat' dir='ltr'><strong>sola</strong></span> <span class='ocrx_word' id='word_1_754' title='bbox 2608 3608 2838 3660; x_wconf 77' lang='lat' dir='ltr'><strong>aonuda</strong></span> <span class='ocrx_word' id='word_1_755' title='bbox 2871 3603 3094 3673; x_wconf 57' lang='lat' dir='ltr'><strong>aqualis</strong></span> <span class='ocrx_word' id='word_1_756' title='bbox 3125 3602 3443 3673; x_wconf 81' lang='lat' dir='ltr'><strong>appellatio-</strong></span> 
     </span>
    </p>
   </div>
   <div class='ocr_carea' id='block_1_98' title="bbox 1860 3694 3445 3767">
    <p class='ocr_par' dir='ltr' id='par_1_98' title="bbox 1860 3694 3445 3767">
     <span class='ocr_line' id='line_1_98' title="bbox 1860 3694 3445 3767; baseline -0.006 -12"><span class='ocrx_word' id='word_1_757' title='bbox 1860 3702 1948 3755; x_wconf 89' lang='lat' dir='ltr'><strong>nis</strong></span> <span class='ocrx_word' id='word_1_758' title='bbox 1981 3701 2247 3754; x_wconf 83' lang='lat' dir='ltr'><strong>societate</strong></span> <span class='ocrx_word' id='word_1_759' title='bbox 2296 3701 2528 3767; x_wconf 86' lang='lat' dir='ltr'><strong>positam</strong></span> <span class='ocrx_word' id='word_1_760' title='bbox 2580 3698 2922 3767; x_wconf 88' lang='lat' dir='ltr'><strong>dignitatem,</strong></span> <span class='ocrx_word' id='word_1_761' title='bbox 2968 3696 3097 3765; x_wconf 87' lang='lat' dir='ltr'><strong>quid</strong></span> <span class='ocrx_word' id='word_1_762' title='bbox 3155 3694 3445 3763; x_wconf 81' lang='lat' dir='ltr'><strong>magniﬁce</strong></span> 
     </span>
    </p>
   </div>
   <div class='ocr_carea' id='block_1_99' title="bbox 1861 3786 3440 3861">
    <p class='ocr_par' dir='ltr' id='par_1_99' title="bbox 1861 3786 3440 3861">
     <span class='ocr_line' id='line_1_99' title="bbox 1861 3786 3440 3861; baseline -0.004 -17"><span class='ocrx_word' id='word_1_763' title='bbox 1861 3791 2115 3861; x_wconf 87' lang='lat' dir='ltr'><strong>nugaris.</strong></span> <span class='ocrx_word' id='word_1_764' title='bbox 2154 3791 2341 3845; x_wconf 84' lang='lat' dir='ltr'><strong>dicens</strong></span> <span class='ocrx_word' id='word_1_765' title='bbox 2375 3791 2521 3844; x_wconf 91' lang='lat' dir='ltr'><strong>illum</strong></span> <span class='ocrx_word' id='word_1_766' title='bbox 2548 3805 2611 3845; x_wconf 86' lang='lat' dir='ltr'><strong>ex</strong></span> <span class='ocrx_word' id='word_1_767' title='bbox 2657 3789 2886 3843; x_wconf 88' lang='lat' dir='ltr'><strong>muliere</strong></span> <span class='ocrx_word' id='word_1_768' title='bbox 2934 3787 3135 3840; x_wconf 91' lang='lat' dir='ltr'><strong>editum</strong></span> <span class='ocrx_word' id='word_1_769' title='bbox 3188 3786 3251 3839; x_wconf 87' lang='lat' dir='ltr'><strong>ad</strong></span> <span class='ocrx_word' id='word_1_770' title='bbox 3288 3802 3440 3840; x_wconf 82' lang='lat' dir='ltr'><strong>sum-</strong></span> 
     </span>
    </p>
   </div>
   <div class='ocr_carea' id='block_1_100' title="bbox 1860 3865 3441 3950">
    <p class='ocr_par' dir='ltr' id='par_1_100' title="bbox 1860 3865 3441 3950">
     <span class='ocr_line' id='line_1_100' title="bbox 1860 3865 3441 3950; baseline -0.005 -14"><span class='ocrx_word' id='word_1_771' title='bbox 1860 3899 2002 3937; x_wconf 91' lang='lat' dir='ltr'><strong>mam</strong></span> <span class='ocrx_word' id='word_1_772' title='bbox 2058 3881 2495 3950; x_wconf 76' lang='lat' dir='ltr'><strong>conjunctionem</strong></span> <span class='ocrx_word' id='word_1_773' title='bbox 2584 3882 2943 3950; x_wconf 86' lang='lat' dir='ltr'><strong>perductum,</strong></span> <span class='ocrx_word' id='word_1_774' title='bbox 2997 3879 3250 3932; x_wconf 90' lang='lat' dir='ltr'><strong>nimirum</strong></span> <span class='ocrx_word' id='word_1_775' title='bbox 3300 3865 3441 3930; x_wconf 40' lang='lat' dir='ltr'><strong>&#39;cum</strong></span> 
     </span>
    </p>
   </div>
   <div class='ocr_carea' id='block_1_101' title="bbox 1860 3967 3446 4048">
    <p class='ocr_par' dir='ltr' id='par_1_101' title="bbox 1860 3967 3446 4048">
     <span class='ocr_line' id='line_1_101' title="bbox 1860 3967 3446 4048; baseline -0.004 -21"><span class='ocrx_word' id='word_1_776' title='bbox 1860 3972 2081 4027; x_wconf 84' lang='lat' dir='ltr'><strong>Verbo?</strong></span> <span class='ocrx_word' id='word_1_777' title='bbox 2117 3973 2449 4048; x_wconf 76' lang='lat' dir='ltr'><strong>Homonyma</strong></span> <span class='ocrx_word' id='word_1_778' title='bbox 2490 3987 2722 4041; x_wconf 90' lang='lat' dir='ltr'><strong>namque</strong></span> <span class='ocrx_word' id='word_1_779' title='bbox 2760 3972 2905 4024; x_wconf 88' lang='lat' dir='ltr'><strong>inter</strong></span> <span class='ocrx_word' id='word_1_780' title='bbox 2929 3985 2986 4024; x_wconf 92' lang='lat' dir='ltr'><strong>se</strong></span> <span class='ocrx_word' id='word_1_781' title='bbox 3012 3978 3171 4023; x_wconf 91' lang='lat' dir='ltr'><strong>erunt</strong></span> <span class='ocrx_word' id='word_1_782' title='bbox 3195 3977 3246 4022; x_wconf 90' lang='lat' dir='ltr'><strong>et</strong></span> <span class='ocrx_word' id='word_1_783' title='bbox 3277 3967 3446 4022; x_wconf 88' lang='lat' dir='ltr'><strong>Filius</strong></span> 
     </span>
    </p>
   </div>
   <div class='ocr_carea' id='block_1_102' title="bbox 1859 4058 3441 4124">
    <p class='ocr_par' dir='ltr' id='par_1_102' title="bbox 1859 4058 3441 4124">
     <span class='ocr_line' id='line_1_102' title="bbox 1859 4058 3441 4124; baseline -0.003 -9"><span class='ocrx_word' id='word_1_784' title='bbox 1859 4060 2017 4124; x_wconf 82' lang='lat' dir='ltr'><strong>Filio,</strong></span> <span class='ocrx_word' id='word_1_785' title='bbox 2048 4072 2101 4115; x_wconf 90' lang='lat' dir='ltr'><strong>et</strong></span> <span class='ocrx_word' id='word_1_786' title='bbox 2134 4061 2397 4116; x_wconf 89' lang='lat' dir='ltr'><strong>Dominus</strong></span> <span class='ocrx_word' id='word_1_787' title='bbox 2433 4063 2679 4117; x_wconf 82' lang='lat' dir='ltr'><strong>Domino.</strong></span> <span class='ocrx_word' id='word_1_788' title='bbox 2726 4061 2831 4115; x_wconf 88' lang='lat' dir='ltr'><strong>Sed</strong></span> <span class='ocrx_word' id='word_1_789' title='bbox 2868 4060 3001 4113; x_wconf 91' lang='lat' dir='ltr'><strong>nihil</strong></span> <span class='ocrx_word' id='word_1_790' title='bbox 3050 4058 3165 4112; x_wconf 65' lang='lat' dir='ltr'><strong>haec</strong></span> <span class='ocrx_word' id='word_1_791' title='bbox 3215 4058 3441 4113; x_wconf 86' lang='lat' dir='ltr'><strong>nomina</strong></span> 
     </span>
    </p>
   </div>
   <div class='ocr_carea' id='block_1_103' title="bbox 1857 4148 3433 4219">
    <p class='ocr_par' dir='ltr' id='par_1_103' title="bbox 1857 4148 3433 4219">
     <span class='ocr_line' id='line_1_103' title="bbox 1857 4148 3433 4219; baseline -0.001 -17"><span class='ocrx_word' id='word_1_792' title='bbox 1857 4167 2021 4203; x_wconf 87' lang='lat' dir='ltr'><strong>untnn</strong></span> <span class='ocrx_word' id='word_1_793' title='bbox 2052 4151 2221 4204; x_wconf 89' lang='lat' dir='ltr'><strong>altero</strong></span> <span class='ocrx_word' id='word_1_794' title='bbox 2256 4152 2435 4205; x_wconf 92' lang='lat' dir='ltr'><strong>minus</strong></span> <span class='ocrx_word' id='word_1_795' title='bbox 2465 4152 2781 4215; x_wconf 85' lang='lat' dir='ltr'><strong>habebunt,</strong></span> <span class='ocrx_word' id='word_1_796' title='bbox 2831 4162 2884 4205; x_wconf 93' lang='lat' dir='ltr'><strong>et</strong></span> <span class='ocrx_word' id='word_1_797' title='bbox 2911 4149 3041 4219; x_wconf 92' lang='lat' dir='ltr'><strong>quid</strong></span> <span class='ocrx_word' id='word_1_798' title='bbox 3089 4152 3140 4202; x_wconf 91' lang='lat' dir='ltr'><strong>in</strong></span> <span class='ocrx_word' id='word_1_799' title='bbox 3181 4149 3265 4202; x_wconf 91' lang='lat' dir='ltr'><strong>his</strong></span> <span class='ocrx_word' id='word_1_800' title='bbox 3315 4148 3433 4203; x_wconf 77' lang='lat' dir='ltr'><strong>exi-</strong></span> 
     </span>
    </p>
   </div>
   <div class='ocr_carea' id='block_1_104' title="bbox 1860 4241 3446 4311">
    <p class='ocr_par' dir='ltr' id='par_1_104' title="bbox 1860 4241 3446 4311">
     <span class='ocr_line' id='line_1_104' title="bbox 1860 4241 3446 4311; baseline -0.001 -15"><span class='ocrx_word' id='word_1_801' title='bbox 1860 4245 2024 4296; x_wconf 87' lang='lat' dir='ltr'><strong>tninm</strong></span> <span class='ocrx_word' id='word_1_802' title='bbox 2056 4244 2143 4307; x_wconf 90' lang='lat' dir='ltr'><strong>sit,</strong></span> <span class='ocrx_word' id='word_1_803' title='bbox 2180 4244 2472 4311; x_wconf 77' lang='lat' dir='ltr'><strong>exquirere</strong></span> <span class='ocrx_word' id='word_1_804' title='bbox 2507 4259 2704 4296; x_wconf 87' lang='lat' dir='ltr'><strong>vanum</strong></span> <span class='ocrx_word' id='word_1_805' title='bbox 2739 4244 2830 4307; x_wconf 89' lang='lat' dir='ltr'><strong>sit,</strong></span> <span class='ocrx_word' id='word_1_806' title='bbox 2871 4243 3244 4309; x_wconf 76' lang='lat' dir='ltr'><strong>opinorznam</strong></span> <span class='ocrx_word' id='word_1_807' title='bbox 3279 4241 3446 4294; x_wconf 79' lang='lat' dir='ltr'><strong>Filius</strong></span> 
     </span>
    </p>
   </div>
   <div class='ocr_carea' id='block_1_105' title="bbox 1859 4332 3443 4405">
    <p class='ocr_par' dir='ltr' id='par_1_105' title="bbox 1859 4332 3443 4405">
     <span class='ocr_line' id='line_1_105' title="bbox 1859 4332 3443 4405; baseline -0.004 -15"><span class='ocrx_word' id='word_1_808' title='bbox 1859 4337 1997 4390; x_wconf 87' lang='lat' dir='ltr'><strong>Filio</strong></span> <span class='ocrx_word' id='word_1_809' title='bbox 2032 4351 2135 4405; x_wconf 89' lang='lat' dir='ltr'><strong>qna</strong></span> <span class='ocrx_word' id='word_1_810' title='bbox 2173 4334 2347 4389; x_wconf 86' lang='lat' dir='ltr'><strong>Filius</strong></span> <span class='ocrx_word' id='word_1_811' title='bbox 2376 4345 2483 4399; x_wconf 89' lang='lat' dir='ltr'><strong>est,</strong></span> <span class='ocrx_word' id='word_1_812' title='bbox 2519 4350 2618 4389; x_wconf 79' lang='lat' dir='ltr'><strong>nee</strong></span> <span class='ocrx_word' id='word_1_813' title='bbox 2654 4334 2833 4402; x_wconf 90' lang='lat' dir='ltr'><strong>majus</strong></span> <span class='ocrx_word' id='word_1_814' title='bbox 2878 4332 3082 4401; x_wconf 79' lang='lat' dir='ltr'><strong>aliquid</strong></span> <span class='ocrx_word' id='word_1_815' title='bbox 3127 4347 3230 4387; x_wconf 90' lang='lat' dir='ltr'><strong>nec</strong></span> <span class='ocrx_word' id='word_1_816' title='bbox 3264 4332 3443 4385; x_wconf 89' lang='lat' dir='ltr'><strong>minus</strong></span> 
     </span>
    </p>
   </div>
   <div class='ocr_carea' id='block_1_106' title="bbox 1857 4424 3437 4496">
    <p class='ocr_par' dir='ltr' id='par_1_106' title="bbox 1857 4424 3437 4496">
     <span class='ocr_line' id='line_1_106' title="bbox 1857 4424 3437 4496; baseline -0.001 -15"><span class='ocrx_word' id='word_1_817' title='bbox 1857 4428 2040 4481; x_wconf 84' lang='lat' dir='ltr'><strong>habet.</strong></span> <span class='ocrx_word' id='word_1_818' title='bbox 2080 4427 2427 4494; x_wconf 87' lang='lat' dir='ltr'><strong>Supervacua</strong></span> <span class='ocrx_word' id='word_1_819' title='bbox 2457 4427 2622 4496; x_wconf 88' lang='lat' dir='ltr'><strong>igitur</strong></span> <span class='ocrx_word' id='word_1_820' title='bbox 2659 4436 2710 4481; x_wconf 92' lang='lat' dir='ltr'><strong>te</strong></span> <span class='ocrx_word' id='word_1_821' title='bbox 2736 4426 2899 4480; x_wconf 83' lang='lat' dir='ltr'><strong>verba</strong></span> <span class='ocrx_word' id='word_1_822' title='bbox 2929 4424 3155 4479; x_wconf 77' lang='lat' dir='ltr'><strong>fundere</strong></span> <span class='ocrx_word' id='word_1_823' title='bbox 3203 4424 3437 4491; x_wconf 87' lang='lat' dir='ltr'><strong>apertis-</strong></span> 
     </span>
    </p>
   </div>
   <div class='ocr_carea' id='block_1_107' title="bbox 1857 4517 3436 4589">
    <p class='ocr_par' dir='ltr' id='par_1_107' title="bbox 1857 4517 3436 4589">
     <span class='ocr_line' id='line_1_107' title="bbox 1857 4517 3436 4589; baseline -0.004 -16"><span class='ocrx_word' id='word_1_824' title='bbox 1857 4520 2052 4573; x_wconf 89' lang='lat' dir='ltr'><strong>simum</strong></span> <span class='ocrx_word' id='word_1_825' title='bbox 2080 4529 2164 4575; x_wconf 92' lang='lat' dir='ltr'><strong>est</strong></span> <span class='ocrx_word' id='word_1_826' title='bbox 2188 4559 2203 4585; x_wconf 90' lang='lat'><strong>,</strong></span> <span class='ocrx_word' id='word_1_827' title='bbox 2234 4534 2358 4574; x_wconf 91' lang='lat' dir='ltr'><strong>cum</strong></span> <span class='ocrx_word' id='word_1_828' title='bbox 2392 4520 2568 4589; x_wconf 89' lang='lat' dir='ltr'><strong>ipsum</strong></span> <span class='ocrx_word' id='word_1_829' title='bbox 2589 4517 3062 4588; x_wconf 83' lang='lat' dir='ltr'><strong>perductumdicis</strong></span> <span class='ocrx_word' id='word_1_830' title='bbox 3081 4517 3147 4570; x_wconf 87' lang='lat' dir='ltr'><strong>ad</strong></span> <span class='ocrx_word' id='word_1_831' title='bbox 3170 4532 3436 4570; x_wconf 87' lang='lat' dir='ltr'><strong>summam</strong></span> 
     </span>
    </p>
   </div>
   <div class='ocr_carea' id='block_1_108' title="bbox 1855 4604 3440 4677">
    <p class='ocr_par' dir='ltr' id='par_1_108' title="bbox 1855 4604 3440 4677">
     <span class='ocr_line' id='line_1_108' title="bbox 1855 4604 3440 4677; baseline -0.006 -10"><span class='ocrx_word' id='word_1_832' title='bbox 1855 4610 2317 4677; x_wconf 87' lang='lat' dir='ltr'><strong>conjunctionem.</strong></span> <span class='ocrx_word' id='word_1_833' title='bbox 2352 4609 2469 4663; x_wconf 82' lang='lat' dir='ltr'><strong>Non</strong></span> <span class='ocrx_word' id='word_1_834' title='bbox 2500 4608 2665 4673; x_wconf 85' lang='lat' dir='ltr'><strong>enim,</strong></span> <span class='ocrx_word' id='word_1_835' title='bbox 2686 4616 2746 4660; x_wconf 88' lang='lat' dir='ltr'><strong>ut</strong></span> <span class='ocrx_word' id='word_1_836' title='bbox 2764 4606 2895 4660; x_wconf 90' lang='lat' dir='ltr'><strong>mihi</strong></span> <span class='ocrx_word' id='word_1_837' title='bbox 2915 4605 3150 4669; x_wconf 85' lang='lat' dir='ltr'><strong>videtur,</strong></span> <span class='ocrx_word' id='word_1_838' title='bbox 3166 4604 3232 4661; x_wconf 91' lang='lat' dir='ltr'><strong>de</strong></span> <span class='ocrx_word' id='word_1_839' title='bbox 3250 4605 3440 4658; x_wconf 88' lang='lat' dir='ltr'><strong>homo-</strong></span> 
     </span>
    </p>
   </div>
   <div class='ocr_carea' id='block_1_109' title="bbox 1856 4696 3441 4774">
    <p class='ocr_par' dir='ltr' id='par_1_109' title="bbox 1856 4696 3441 4774">
     <span class='ocr_line' id='line_1_109' title="bbox 1856 4696 3441 4774; baseline -0.004 -17"><span class='ocrx_word' id='word_1_840' title='bbox 1856 4703 2031 4774; x_wconf 85' lang='lat' dir='ltr'><strong>nymis</strong></span> <span class='ocrx_word' id='word_1_841' title='bbox 2044 4703 2300 4757; x_wconf 78' lang='lat' dir='ltr'><strong>convenit</strong></span> <span class='ocrx_word' id='word_1_842' title='bbox 2318 4702 2501 4757; x_wconf 90' lang='lat' dir='ltr'><strong>dicere</strong></span> <span class='ocrx_word' id='word_1_843' title='bbox 2513 4701 2654 4769; x_wconf 88' lang='lat' dir='ltr'><strong>quod</strong></span> <span class='ocrx_word' id='word_1_844' title='bbox 2674 4701 2739 4753; x_wconf 87' lang='lat' dir='ltr'><strong>ad</strong></span> <span class='ocrx_word' id='word_1_845' title='bbox 2755 4714 3020 4754; x_wconf 85' lang='lat' dir='ltr'><strong>summam</strong></span> <span class='ocrx_word' id='word_1_846' title='bbox 3038 4696 3441 4753; x_wconf 86' lang='lat' dir='ltr'><strong>similitudinem</strong></span> 
     </span>
    </p>
   </div>
   <div class='ocr_carea' id='block_1_110' title="bbox 1854 4789 3441 4865">
    <p class='ocr_par' dir='ltr' id='par_1_110' title="bbox 1854 4789 3441 4865">
     <span class='ocr_line' id='line_1_110' title="bbox 1854 4789 3441 4865; baseline -0.004 -16"><span class='ocrx_word' id='word_1_847' title='bbox 1854 4796 1964 4849; x_wconf 82' lang='lat' dir='ltr'><strong>sint</strong></span> <span class='ocrx_word' id='word_1_848' title='bbox 1995 4794 2273 4865; x_wconf 86' lang='lat' dir='ltr'><strong>perducta,</strong></span> <span class='ocrx_word' id='word_1_849' title='bbox 2288 4794 2381 4848; x_wconf 90' lang='lat' dir='ltr'><strong>sed</strong></span> <span class='ocrx_word' id='word_1_850' title='bbox 2399 4793 2482 4848; x_wconf 87' lang='lat' dir='ltr'><strong>his</strong></span> <span class='ocrx_word' id='word_1_851' title='bbox 2502 4792 2680 4864; x_wconf 88' lang='lat' dir='ltr'><strong>potius</strong></span> <span class='ocrx_word' id='word_1_852' title='bbox 2699 4807 2819 4861; x_wconf 76' lang='lat' dir='ltr'><strong>qua:</strong></span> <span class='ocrx_word' id='word_1_853' title='bbox 2852 4804 2950 4859; x_wconf 90' lang='lat' dir='ltr'><strong>per</strong></span> <span class='ocrx_word' id='word_1_854' title='bbox 2966 4790 3146 4845; x_wconf 90' lang='lat' dir='ltr'><strong>omnia</strong></span> <span class='ocrx_word' id='word_1_855' title='bbox 3164 4789 3441 4859; x_wconf 64' lang='lat' dir='ltr'><strong>aequalita-</strong></span> 
     </span>
    </p>
   </div>
   <div class='ocr_carea' id='block_1_111' title="bbox 1854 4879 3441 4954">
    <p class='ocr_par' dir='ltr' id='par_1_111' title="bbox 1854 4879 3441 4954">
     <span class='ocr_line' id='line_1_111' title="bbox 1854 4879 3441 4954; baseline -0.005 -13"><span class='ocrx_word' id='word_1_856' title='bbox 1854 4898 1961 4943; x_wconf 89' lang='lat' dir='ltr'><strong>tem</strong></span> <span class='ocrx_word' id='word_1_857' title='bbox 2001 4902 2066 4943; x_wconf 82' lang='lat' dir='ltr'><strong>ac</strong></span> <span class='ocrx_word' id='word_1_858' title='bbox 2098 4886 2505 4942; x_wconf 89' lang='lat' dir='ltr'><strong>similitudinem</strong></span> <span class='ocrx_word' id='word_1_859' title='bbox 2540 4896 2993 4954; x_wconf 86' lang='lat' dir='ltr'><strong>quarumcunque</strong></span> <span class='ocrx_word' id='word_1_860' title='bbox 3028 4896 3210 4936; x_wconf 89' lang='lat' dir='ltr'><strong>rerum</strong></span> <span class='ocrx_word' id='word_1_861' title='bbox 3247 4879 3441 4935; x_wconf 87' lang='lat' dir='ltr'><strong>sortita</strong></span> 
     </span>
    </p>
   </div>
   <div class='ocr_carea' id='block_1_112' title="bbox 1853 4971 3440 5049">
    <p class='ocr_par' dir='ltr' id='par_1_112' title="bbox 1853 4971 3440 5049">
     <span class='ocr_line' id='line_1_112' title="bbox 1853 4971 3440 5049; baseline -0.008 -13"><span class='ocrx_word' id='word_1_862' title='bbox 1853 4990 1998 5047; x_wconf 86' lang='lat' dir='ltr'><strong>sunt,</strong></span> <span class='ocrx_word' id='word_1_863' title='bbox 2014 4994 2139 5034; x_wconf 90' lang='lat' dir='ltr'><strong>cum</strong></span> <span class='ocrx_word' id='word_1_864' title='bbox 2168 4978 2367 5049; x_wconf 89' lang='lat' dir='ltr'><strong>quibus</strong></span> <span class='ocrx_word' id='word_1_865' title='bbox 2385 4992 2549 5031; x_wconf 89' lang='lat' dir='ltr'><strong>unum</strong></span> <span class='ocrx_word' id='word_1_866' title='bbox 2580 4990 2700 5030; x_wconf 90' lang='lat' dir='ltr'><strong>esse</strong></span> <span class='ocrx_word' id='word_1_867' title='bbox 2717 4973 3019 5029; x_wconf 90' lang='lat' dir='ltr'><strong>creduntur</strong></span> <span class='ocrx_word' id='word_1_868' title='bbox 3039 4988 3054 5025; x_wconf 91' lang='lat'><strong>:</strong></span> <span class='ocrx_word' id='word_1_869' title='bbox 3072 4971 3224 5026; x_wconf 84' lang='lat' dir='ltr'><strong>verbi</strong></span> <span class='ocrx_word' id='word_1_870' title='bbox 3243 4972 3440 5041; x_wconf 82' lang='lat' dir='ltr'><strong>gratia,</strong></span> 
     </span>
    </p>
   </div>
   <div class='ocr_carea' id='block_1_113' title="bbox 1852 5060 3439 5142">
    <p class='ocr_par' dir='ltr' id='par_1_113' title="bbox 1852 5060 3439 5142">
     <span class='ocr_line' id='line_1_113' title="bbox 1852 5060 3439 5142; baseline -0.008 -15"><span class='ocrx_word' id='word_1_871' title='bbox 1852 5085 2171 5142; x_wconf 83' lang='lat' dir='ltr'><strong>expressum</strong></span> <span class='ocrx_word' id='word_1_872' title='bbox 2204 5068 2438 5124; x_wconf 87' lang='lat' dir='ltr'><strong>dicimus</strong></span> <span class='ocrx_word' id='word_1_873' title='bbox 2458 5067 2524 5121; x_wconf 84' lang='lat' dir='ltr'><strong>ad</strong></span> <span class='ocrx_word' id='word_1_874' title='bbox 2542 5079 2809 5121; x_wconf 83' lang='lat' dir='ltr'><strong>summam</strong></span> <span class='ocrx_word' id='word_1_875' title='bbox 2834 5061 3247 5118; x_wconf 87' lang='lat' dir='ltr'><strong>similitudinem</strong></span> <span class='ocrx_word' id='word_1_876' title='bbox 3274 5060 3439 5116; x_wconf 86' lang='lat' dir='ltr'><strong>alicu-</strong></span> 
     </span>
    </p>
   </div>
   <div class='ocr_carea' id='block_1_114' title="bbox 1847 5150 3440 5234">
    <p class='ocr_par' dir='ltr' id='par_1_114' title="bbox 1847 5150 3440 5234">
     <span class='ocr_line' id='line_1_114' title="bbox 1847 5150 3440 5234; baseline -0.007 -19"><span class='ocrx_word' id='word_1_877' title='bbox 1847 5164 1937 5234; x_wconf 83' lang='lat' dir='ltr'><strong>jus</strong></span> <span class='ocrx_word' id='word_1_878' title='bbox 1962 5161 2202 5216; x_wconf 88' lang='lat' dir='ltr'><strong>hominis</strong></span> <span class='ocrx_word' id='word_1_879' title='bbox 2234 5159 2421 5214; x_wconf 69' lang='lat' dir='ltr'><strong>formae</strong></span> <span class='ocrx_word' id='word_1_880' title='bbox 2446 5156 2533 5211; x_wconf 85' lang='lat' dir='ltr'><strong>vel</strong></span> <span class='ocrx_word' id='word_1_881' title='bbox 2573 5156 2741 5210; x_wconf 81' lang='lat' dir='ltr'><strong>ﬁlium</strong></span> <span class='ocrx_word' id='word_1_882' title='bbox 2796 5168 2862 5208; x_wconf 77' lang='lat' dir='ltr'><strong>ex</strong></span> <span class='ocrx_word' id='word_1_883' title='bbox 2904 5167 2970 5208; x_wconf 91' lang='lat' dir='ltr'><strong>eo</strong></span> <span class='ocrx_word' id='word_1_884' title='bbox 3034 5151 3295 5223; x_wconf 77' lang='lat' dir='ltr'><strong>genitura,</strong></span> <span class='ocrx_word' id='word_1_885' title='bbox 3357 5150 3440 5206; x_wconf 87' lang='lat' dir='ltr'><strong>vel</strong></span> 
     </span>
    </p>
   </div>
   <div class='ocr_carea' id='block_1_115' title="bbox 1852 5242 3440 5323">
    <p class='ocr_par' dir='ltr' id='par_1_115' title="bbox 1852 5242 3440 5323">
     <span class='ocr_line' id='line_1_115' title="bbox 1852 5242 3440 5323; baseline -0.008 -16"><span class='ocrx_word' id='word_1_886' title='bbox 1852 5252 2085 5323; x_wconf 85' lang='lat' dir='ltr'><strong>exempli</strong></span> <span class='ocrx_word' id='word_1_887' title='bbox 2130 5250 2324 5321; x_wconf 85' lang='lat' dir='ltr'><strong>gratia,</strong></span> <span class='ocrx_word' id='word_1_888' title='bbox 2358 5248 2686 5318; x_wconf 90' lang='lat' dir='ltr'><strong>imaginem:</strong></span> <span class='ocrx_word' id='word_1_889' title='bbox 2719 5258 2882 5315; x_wconf 90' lang='lat' dir='ltr'><strong>porro</strong></span> <span class='ocrx_word' id='word_1_890' title='bbox 2900 5242 3196 5298; x_wconf 88' lang='lat' dir='ltr'><strong>secundum</strong></span> <span class='ocrx_word' id='word_1_891' title='bbox 3214 5243 3440 5310; x_wconf 82' lang='lat' dir='ltr'><strong>conjun-</strong></span> 
     </span>
    </p>
   </div>
   <div class='ocr_carea' id='block_1_116' title="bbox 1853 5332 3441 5409">
    <p class='ocr_par' dir='ltr' id='par_1_116' title="bbox 1853 5332 3441 5409">
     <span class='ocr_line' id='line_1_116' title="bbox 1853 5332 3441 5409; baseline -0.009 -9"><span class='ocrx_word' id='word_1_892' title='bbox 1853 5345 2046 5401; x_wconf 88' lang='lat' dir='ltr'><strong>ctionis</strong></span> <span class='ocrx_word' id='word_1_893' title='bbox 2067 5342 2280 5397; x_wconf 90' lang='lat' dir='ltr'><strong>modum</strong></span> <span class='ocrx_word' id='word_1_894' title='bbox 2310 5354 2545 5409; x_wconf 85' lang='lat' dir='ltr'><strong>quonam</strong></span> <span class='ocrx_word' id='word_1_895' title='bbox 2572 5346 2728 5406; x_wconf 89' lang='lat' dir='ltr'><strong>pacto</strong></span> <span class='ocrx_word' id='word_1_896' title='bbox 2754 5336 2932 5404; x_wconf 86' lang='lat' dir='ltr'><strong>aliqua</strong></span> <span class='ocrx_word' id='word_1_897' title='bbox 2960 5341 3055 5389; x_wconf 89' lang='lat' dir='ltr'><strong>aut</strong></span> <span class='ocrx_word' id='word_1_898' title='bbox 3073 5332 3325 5388; x_wconf 88' lang='lat' dir='ltr'><strong>dicantur</strong></span> <span class='ocrx_word' id='word_1_899' title='bbox 3351 5344 3441 5385; x_wconf 81' lang='lat' dir='ltr'><strong>aut</strong></span> 
     </span>
    </p>
   </div>
   <div class='ocr_carea' id='block_1_117' title="bbox 1855 5426 3441 5506">
    <p class='ocr_par' dir='ltr' id='par_1_117' title="bbox 1855 5426 3441 5506">
     <span class='ocr_line' id='line_1_117' title="bbox 1855 5426 3441 5506; baseline -0.011 -14"><span class='ocrx_word' id='word_1_900' title='bbox 1855 5435 2223 5506; x_wconf 87' lang='lat' dir='ltr'><strong>intelligantur</strong></span> <span class='ocrx_word' id='word_1_901' title='bbox 2256 5446 2512 5501; x_wconf 83' lang='lat' dir='ltr'><strong>expressa</strong></span> <span class='ocrx_word' id='word_1_902' title='bbox 2536 5430 2560 5483; x_wconf 87' lang='lat'><strong>?</strong></span> <span class='ocrx_word' id='word_1_903' title='bbox 2582 5428 2687 5484; x_wconf 89' lang='lat' dir='ltr'><strong>Sed</strong></span> <span class='ocrx_word' id='word_1_904' title='bbox 2715 5429 2832 5497; x_wconf 90' lang='lat' dir='ltr'><strong>ipse</strong></span> <span class='ocrx_word' id='word_1_905' title='bbox 2856 5426 3011 5481; x_wconf 86' lang='lat' dir='ltr'><strong>nobis</strong></span> <span class='ocrx_word' id='word_1_906' title='bbox 3056 5426 3441 5492; x_wconf 87' lang='lat' dir='ltr'><strong>interpretatus</strong></span> 
     </span>
    </p>
   </div>
   <div class='ocr_carea' id='block_1_118' title="bbox 1851 5514 3439 5593">
    <p class='ocr_par' dir='ltr' id='par_1_118' title="bbox 1851 5514 3439 5593">
     <span class='ocr_line' id='line_1_118' title="bbox 1851 5514 3439 5593; baseline -0.012 -10"><span class='ocrx_word' id='word_1_907' title='bbox 1851 5539 1935 5583; x_wconf 92' lang='lat' dir='ltr'><strong>est</strong></span> <span class='ocrx_word' id='word_1_908' title='bbox 1956 5526 2111 5593; x_wconf 87' lang='lat' dir='ltr'><strong>hujus</strong></span> <span class='ocrx_word' id='word_1_909' title='bbox 2130 5525 2236 5579; x_wconf 88' lang='lat' dir='ltr'><strong>vim</strong></span> <span class='ocrx_word' id='word_1_910' title='bbox 2253 5518 2811 5592; x_wconf 77' lang='lat' dir='ltr'><strong>conjttnctionis.[Non</strong></span> <span class='ocrx_word' id='word_1_911' title='bbox 2832 5519 3000 5581; x_wconf 91' lang='lat' dir='ltr'><strong>enim,</strong></span> <span class='ocrx_word' id='word_1_912' title='bbox 3018 5517 3211 5585; x_wconf 83' lang='lat' dir='ltr'><strong>inquit,</strong></span> <span class='ocrx_word' id='word_1_913' title='bbox 3230 5514 3439 5568; x_wconf 73' lang='lat' dir='ltr'><strong>contin-</strong></span> 
     </span>
    </p>
   </div>
   <div class='ocr_carea' id='block_1_119' title="bbox 1856 5605 3439 5689">
    <p class='ocr_par' dir='ltr' id='par_1_119' title="bbox 1856 5605 3439 5689">
     <span class='ocr_line' id='line_1_119' title="bbox 1856 5605 3439 5689; baseline -0.011 -16"><span class='ocrx_word' id='word_1_914' title='bbox 1856 5621 1932 5689; x_wconf 89' lang='lat' dir='ltr'><strong>git</strong></span> <span class='ocrx_word' id='word_1_915' title='bbox 1954 5627 2013 5672; x_wconf 85' lang='lat' dir='ltr'><strong>ut</strong></span> <span class='ocrx_word' id='word_1_916' title='bbox 2041 5617 2182 5672; x_wconf 86' lang='lat' dir='ltr'><strong>Deus</strong></span> <span class='ocrx_word' id='word_1_917' title='bbox 2215 5617 2448 5670; x_wconf 87' lang='lat' dir='ltr'><strong>Verbum</strong></span> <span class='ocrx_word' id='word_1_918' title='bbox 2475 5616 2591 5669; x_wconf 90' lang='lat' dir='ltr'><strong>sine</strong></span> <span class='ocrx_word' id='word_1_919' title='bbox 2628 5609 2967 5667; x_wconf 80' lang='lat' dir='ltr'><strong>humanitale</strong></span> <span class='ocrx_word' id='word_1_920' title='bbox 2995 5608 3157 5663; x_wconf 82' lang='lat' dir='ltr'><strong>faciat</strong></span> <span class='ocrx_word' id='word_1_921' title='bbox 3186 5605 3439 5677; x_wconf 78' lang='lat' dir='ltr'><strong>aliquid]</strong></span> 
     </span>
    </p>
   </div>
   <div class='ocr_carea' id='block_1_120' title="bbox 1859 5698 3435 5777">
    <p class='ocr_par' dir='ltr' id='par_1_120' title="bbox 1859 5698 3435 5777">
     <span class='ocr_line' id='line_1_120' title="bbox 1859 5698 3435 5777; baseline -0.01 -14"><span class='ocrx_word' id='word_1_922' title='bbox 1859 5706 2171 5763; x_wconf 85' lang='lat' dir='ltr'><strong>Concordes</strong></span> <span class='ocrx_word' id='word_1_923' title='bbox 2198 5708 2361 5777; x_wconf 85' lang='lat' dir='ltr'><strong>igitur</strong></span> <span class='ocrx_word' id='word_1_924' title='bbox 2384 5718 2439 5760; x_wconf 89' lang='lat' dir='ltr'><strong>et</strong></span> <span class='ocrx_word' id='word_1_925' title='bbox 2465 5705 2867 5760; x_wconf 86' lang='lat' dir='ltr'><strong>consentientes</strong></span> <span class='ocrx_word' id='word_1_926' title='bbox 2903 5709 3049 5765; x_wconf 88' lang='lat' dir='ltr'><strong>sunt,</strong></span> <span class='ocrx_word' id='word_1_927' title='bbox 3092 5707 3147 5751; x_wconf 91' lang='lat' dir='ltr'><strong>ut</strong></span> <span class='ocrx_word' id='word_1_928' title='bbox 3204 5708 3254 5751; x_wconf 93' lang='lat' dir='ltr'><strong>tu</strong></span> <span class='ocrx_word' id='word_1_929' title='bbox 3317 5698 3435 5750; x_wconf 54' lang='lat' dir='ltr'><strong>cxi-</strong></span> 
     </span>
    </p>
   </div>
   <div class='ocr_carea' id='block_1_121' title="bbox 1858 5789 3432 5864">
    <p class='ocr_par' dir='ltr' id='par_1_121' title="bbox 1858 5789 3432 5864">
     <span class='ocr_line' id='line_1_121' title="bbox 1858 5789 3432 5864; baseline -0.01 -7"><span class='ocrx_word' id='word_1_930' title='bbox 1858 5800 2048 5857; x_wconf 82' lang='lat' dir='ltr'><strong>stimas</strong></span> <span class='ocrx_word' id='word_1_931' title='bbox 2103 5808 2157 5864; x_wconf 76' lang='lat' dir='ltr'><strong>et</strong></span> <span class='ocrx_word' id='word_1_932' title='bbox 2189 5796 2708 5855; x_wconf 78' lang='lat' dir='ltr'><strong>couimuniconsilio</strong></span> <span class='ocrx_word' id='word_1_933' title='bbox 2737 5796 2802 5852; x_wconf 88' lang='lat' dir='ltr'><strong>ad</strong></span> <span class='ocrx_word' id='word_1_934' title='bbox 2834 5792 3073 5863; x_wconf 84' lang='lat' dir='ltr'><strong>singulas</strong></span> <span class='ocrx_word' id='word_1_935' title='bbox 3108 5805 3192 5846; x_wconf 89' lang='lat' dir='ltr'><strong>res</strong></span> <span class='ocrx_word' id='word_1_936' title='bbox 3229 5789 3432 5843; x_wconf 81' lang='lat' dir='ltr'><strong>facien-</strong></span> 
     </span>
    </p>
   </div>
  </div>
