4028 6474
604 371 676 429 95
1639 367 1700 423 S.
1739 366 2017 423 CYRILLI
2052 365 2523 422 ALEXANDRINI
2559 365 2882 421 ARCHIEP.
3798 360 3879 413 5'6

607 491 704 544 das
743 489 968 545 tendere
1013 488 1302 545 credemus
1342 502 1440 557 par
1475 486 1603 542 illud
1637 487 1871 543 ﬁliorum
1917 503 1948 542 a
1991 499 2045 544 te
2096 489 2178 542 di-

2305 506 2373 541 ;αι
2405 489 2461 541 δὲ
2490 488 2693 558 μᾶλλον
2713 483 2911 557 οἷάπερ
2933 488 3151 559 ὀργάνῳ
3182 485 3261 556 τῷ
3285 484 3400 555 ἰδίῳ
3427 484 3663 552 σώματι,
3692 481 3878 536 καθὰ-

606 590 820 636 ctorum
846 594 860 628 :
892 579 1032 648 quod
1067 579 1113 635 si
1148 579 1220 633 ita
1247 586 1351 645 est,
1384 580 1653 648 quomodo
1689 594 1797 634 non
1823 581 1930 634 duo
1957 580 2175 644 christi,

607 681 662 724 et
696 671 812 733 lilii,
849 681 904 726 et
933 671 1182 725 domini?
1222 672 1295 725 At
1335 684 1463 726 vero
1510 684 1742 739 corpore
1797 679 2056 740 tanquam
2092 686 2184 726 or-

609 777 750 832 gano
782 762 954 830 ipsum
991 760 1226 817 Verbum
1251 775 1406 816 usum
1454 760 1717 829 afﬁrmas,
1774 771 1835 816 ut
1871 771 1958 817 est
1988 777 2186 819 conse-

610 867 805 919 quens.
845 853 952 908 Sed
997 852 1042 907 si
1079 867 1244 906 unum
1277 852 1416 908 dicis
1467 852 1692 917 Filium,
1734 862 1789 907 et
1821 869 1985 908 unam
2019 854 2191 924 hypo-

611 943 800 996 stasim
834 942 991 997 Verbi
1026 943 1386 1008 iucarnatam,
1414 957 1521 997 non
1551 944 1725 1012 ipsum
1751 944 1856 999 erit
1882 944 2192 1002 Diviuitatis

612 1048 898 1102 organum,
945 1034 1039 1088 sed
1066 1043 1249 1087 utetur
1303 1033 1483 1103 potius
1534 1034 1759 1104 proprio
1806 1048 2038 1104 corpore
2073 1045 2192 1091 tan-

613 1137 776 1191 quam
809 1136 1045 1191 organo;
1071 1131 1129 1176 ut
1154 1123 1408 1176 nimirum
1435 1124 1548 1193 ipsa
1571 1124 1805 1179 hominis
1829 1126 2030 1179 anima.
2053 1125 2192 1194 Ergo

615 1228 781 1267 unum
834 1212 1026 1277 fatere,
1063 1229 1169 1267 non
1227 1213 1475 1268 dividens
1520 1224 1762 1279 naturas,
1820 1217 1981 1270 simul
2033 1216 2190 1271 intel-

615 1304 788 1374 ligens
811 1319 875 1359 ac
908 1305 1150 1360 sentiens
1197 1305 1357 1358 aliam
1402 1320 1525 1362 esse
1555 1307 1738 1362 carnis
1767 1348 1783 1374 ,
1833 1307 1995 1361 aliam
2047 1308 2189 1362 divi-

615 1396 804 1449 nitatis
833 1396 1098 1449 rationem
1129 1411 1249 1463 quae
1277 1395 1352 1451 illi
1381 1411 1447 1451 ac
1474 1398 1575 1450 soli
1630 1398 1922 1452 conveniat
1961 1417 1975 1452 :
2012 1412 2192 1467 neque

617 1486 764 1539 enim
794 1486 942 1541 illam
973 1485 1138 1543 Verbi
1172 1502 1392 1542 carnem
1428 1488 1660 1542 dicimus
1686 1488 1884 1542 factam
1909 1503 2031 1544 esse
2053 1489 2190 1544 divi-

617 1575 866 1638 nitatem,
903 1577 997 1632 sed
1053 1578 1232 1648 potius
1275 1577 1536 1644 divinam,
1592 1587 1650 1632 ut
1695 1577 1844 1634 illius
1886 1580 2182 1649 propriam.

2290 599 2397 653 περ
2429 573 2620 652 ἀμέλει
2648 584 2741 635 καὶ
2765 584 2798 652 ἡ
2840 580 2936 635 τοῦ
2968 581 3258 651 ἀνθρώπου
3291 581 3458 650 ψυχή.
3490 576 3701 634 Οὐκοῦν
3733 580 3882 645 ὁμοσ

2291 673 2521 744 λόγησον
2553 674 2668 738 ἕνα,
2705 673 2780 744 μὴ
2819 673 3041 745 διαιρῶν
3069 671 3170 734 τὰς
3195 671 3407 741 φύσεις,
3438 669 3577 741 μετὰ
3607 666 3702 721 τοῦ
3733 666 3882 719 εἰδέ-

2293 783 2383 820 ναι
2422 765 2516 818 καὶ
2571 767 2809 835 φρονεῖν,
2851 764 2933 816 ὅτι
2987 764 3189 833 σαρκὸς
3237 761 3339 834 μὲν
3394 761 3581 832 ἕτερος
3610 761 3638 812 ὁ
3673 759 3838 824 λόγος
3865 793 3881 813 .

2296 857 2560 926 θεότητος
2590 856 2647 908 δὲ
2673 854 2856 918 πάλιν,
2878 856 2906 907 6
2930 855 3066 924 αὐτῇ
3101 853 3191 906 καὶ
3225 852 3364 925 μόνῃ
3389 851 3634 922 πρέπων·
3669 849 3884 918 ἥκιστα

2301 948 2400 1018 μὲν
2443 946 2554 1017 γὰρ
2604 944 2848 1015 Θεότητα
2886 942 3140 1012 γενέσθαι
3177 942 3357 1011 φαμὲν
3392 940 3488 993 τοῦ
3541 939 3715 1007 Λόγου
3771 935 3884 1003 τὴν

2297 1037 2499 1107 σάρκα,
2525 1035 2678 1089 θείαν
2706 1034 2763 1087 δὲ
2797 1034 3019 1103 μᾶλλον,
3049 1034 3124 1097 ὼς
3153 1033 3291 1086 ίδίαν
3321 1028 3488 1084 αὐτοῦ
3511 1047 3526 1061 ο
3565 1031 3613 1081 εί
3640 1028 3750 1099 γὰρ
3778 1028 3884 1080 άν-

2296 1125 2516 1198 θρὼπου
2545 1125 2681 1196 σὰρξ
2725 1128 2758 1194 ἡ
2795 1124 3114 1193 ἀνθρωπίνη
3154 1122 3396 1190 λέγεται,
3441 1119 3495 1172 τί
3553 1119 3613 1172 τὸ
3662 1114 3884 1171 κωλύον

2294 1217 2374 1270 ἔτι
2399 1217 2492 1269 καὶ
2515 1216 2664 1268 θείαν
2690 1215 2866 1267 εἰπεῖν
2908 1212 3006 1284 τὴν
3040 1213 3134 1266 τοῦ
3166 1210 3303 1265 Θεοῦ
3344 1211 3558 1278 Λόγους
3602 1207 3665 1261 Τί
3689 1207 3883 1260 τοίνυν

2292 1308 2547 1378 διαγελᾷς
2582 1308 2682 1376 τῆς
2731 1305 2992 1374 ἀληθείας
3035 1305 3096 1358 τὸ
3136 1304 3356 1367 κάλλος,
3393 1301 3702 1356 ἀποθέωσιν
3734 1300 3883 1368 ἡμῖν

2292 1399 2576 1470 ὀνομάζων
2597 1399 2696 1467 τῆς
2721 1396 2881 1466 ἁγίας
2917 1394 3137 1466 σαρκὸς,
3165 1394 3324 1465 μόνον
3356 1392 3414 1446 δὲ
3443 1391 3586 1460 οὐχὶ,
3615 1390 3709 1443 καὶ
3734 1405 3883 1442 κατ-

2293 1488 2571 1552 ονειδίζων
2621 1490 2735 1550 τοῖς
2791 1485 2930 1559 ὀρθά
2983 1488 3200 1555 φρονεῖν
3258 1483 3556 1555 ᾑρημένοις
3603 1480 3704 1551 τὴν
3753 1478 3884 1532 θεο-

2294 1581 2545 1650 ποίησιν;
2576 1579 2755 1633 καίτοι
2781 1577 2956 1645 λέγων
2979 1575 3161 1638 αύτόςο

616 1665 750 1721 Nam
776 1668 822 1722 si
854 1669 1090 1724 hominis
1149 1685 1276 1725 caro
1303 1671 1538 1725 humana
1590 1671 1812 1736 dicitur,
1845 1672 1974 1740 quid
2037 1673 2292 1739 prohibet
2329 1673 2491 1726 etiam
2535 1672 2772 1725 divinam
2833 1668 3016 1722 dicere
3079 1666 3226 1720 illam
3271 1681 3391 1734 qua:
3439 1674 3522 1720 est
3573 1662 3666 1719 Dei
3704 1661 3880 1716 Verbi

617 1759 779 1811 caro?
824 1758 963 1826 Quid
1002 1759 1166 1830 igitur
1201 1761 1396 1816 irrides
1429 1761 1884 1831 pulchritudinem
1915 1765 2201 1820 veritatis?
2257 1773 2459 1820 sancta:
2494 1763 2638 1817 illius
2679 1761 2864 1817 carnis
2907 1759 3373 1814 consecrationem
3433 1757 3487 1811 iu
3543 1757 3671 1811 deos
3714 1754 3883 1808 nobis

618 1845 911 1911 objiciens,
943 1861 1007 1900 ac
1054 1850 1440 1918 propemodum
1477 1850 1872 1906 deilicationem
1922 1853 2230 1909 hominibus
2263 1863 2409 1910 recte
2455 1851 2812 1908 sentientibus
2848 1849 3233 1916 exprobrans:
3268 1846 3481 1901 tametsi
3522 1846 3637 1914 ipse
3675 1845 3832 1900 dicas
3863 1861 3878 1897 :

698 1933 962 2006 ιΝεετοιι.
1019 1936 1086 1992 Ut
1153 1955 1284 2009 ergo
1347 1941 1751 1995 demonstretur
1801 1944 1936 2012 ipsis
1983 1961 2194 2013 quoque

2371 1945 2511 2016 [Ἵνα
2545 1944 2722 1996 τοίνυν
2751 1941 2938 2012 δειχθῇ
2970 1942 3067 1993 καὶ
3108 1941 3222 2002 τοῖς
3261 1938 3456 2009 μάγοις
3485 1939 3568 2001 τίς
3601 1938 3750 1989 ὲστιν
3785 1928 3887 1988 οῦ-

621 2024 794 2093 magis
832 2025 955 2092 quis
990 2025 1081 2079 hic
1109 2027 1183 2080 sit
1217 2028 1284 2081 ab
1334 2028 1442 2082 illis
1481 2027 1738 2084 adoratus
1771 2071 1787 2097 ,
1839 2041 1896 2085 et
1933 2033 1998 2086 ad
2033 2048 2193 2101 quem

622 2113 743 2168 illos
780 2116 995 2170 duxerit
1025 2114 1264 2184 Spiritus
1296 2119 1468 2171 sancti
1503 2122 1714 2187 gratia,
1750 2137 1943 2191 nempe
1976 2140 2083 2179 non
2127 2127 2193 2180 ad

620 2203 918 2270 simplicem
951 2205 1110 2276 vulgo
1144 2218 1497 2277 conspectum
1525 2210 1635 2279 52
1670 2212 1954 2278 infantem,
2005 2215 2098 2269 sed
2129 2217 2196 2271 ad

619 2310 818 2365 corpus
841 2298 1110 2366 quoddam
1143 2298 1493 2356 ineﬂabiliter
1537 2303 1646 2356 Deo
1682 2305 2085 2378 coujuuctum.]

1259 2412 1413 2466 CAP.
1468 2413 1558 2467 IX.

691 2499 824 2554 Cum
853 2501 1016 2566 igitur
1048 2515 1247 2572 corpus
1282 2503 1635 2561 iuell‘abilitcr
1682 2508 1790 2562 Deo
1843 2509 2191 2578 coniunctum

623 2591 785 2652 dicat,
819 2591 962 2659 quod
987 2599 1166 2645 autem
1199 2603 1284 2645 est
1316 2607 1444 2647 vere
1477 2592 1772 2660 iucll‘abile,
1829 2611 1992 2665 supra
2033 2599 2196 2653 intel-

625 2681 897 2748 ligentiam
926 2681 994 2735 sit
1016 2691 1071 2737 et
1095 2698 1256 2751 supra
1290 2698 1621 2748 sermonem,
1669 2699 1796 2740 vera
1833 2702 2057 2755 prorsus
2092 2691 2198 2744 erit

623 2773 751 2826 uuio
774 2773 853 2826 vel
883 2773 1214 2842 cunjutlclio,
1262 2784 1318 2828 ut
1344 2775 1459 2843 ipse
1501 2775 1643 2844 loqui
1679 2776 1821 2832 solet
1858 2796 1871 2832 :
1904 2795 2028 2833 nam
2051 2781 2198 2849 ejus-

626 2864 769 2917 modi
799 2873 924 2918 suut
954 2864 1267 2929 incﬂ’abilia,
1305 2875 1356 2919 et
1386 2880 1568 2920 rerum
1604 2867 1676 2919 ita
1707 2868 1848 2922 inter
1898 2884 1957 2923 se
2003 2884 2199 2926 conve-

627 2954 892 3008 nientium
927 2957 1069 3010 haud
1103 2957 1288 3026 utique
1319 2958 1609 3026 quisquam
1660 2959 1805 3014 scire
1857 2962 2056 3028 poterit
2087 2977 2200 3018 mo-

2298 2053 2389 2099 τος
2425 2037 2454 2088 6
2509 2035 2642 2105 παρ’
2696 2033 2875 2086 αὐτῶν
2943 2031 3449 2102 προσκυνούμενος,
3491 2029 3584 2081 καὶ
3608 2027 3701 2081 ἐπὶ
3750 2029 3886 2080 τίνα

2299 2129 2507 2198 ἤγαγεν
2538 2126 2733 2189 αὐτοὺς
2766 2124 2859 2177 τοῦ
2909 2122 3224 2193 ῐινεύματος
3270 2120 3363 2173 τοῦ
3419 2121 3575 2187 ἁγίου
3612 2121 3646 2189 ἡ
3681 2119 3879 2188 χάρις·

2299 2218 2501 2269 ὅτιούκ
2547 2217 2640 2269 ἐπὶ
2683 2215 2838 2283 ψιλὸν
2872 2213 3062 2277 ἁπλῶς
3095 2211 3468 2282 θεωρούμενον
3509 2210 3726 2282 βρέφος,
3755 2209 3885 2263 ἀλλ’

2298 2307 2391 2361 ἐπί
2422 2325 2474 2359 τι
2505 2306 2666 2376 σῶμα
2698 2304 3040 2374 συνημμένον
3069 2303 3321 2373 ἀῤῥήτωῖ
3349 2300 3468 2370 θεῷ
3495 2298 3517 2370 1

2898 2416 3152 2473 ΚΕΦΑΛ.
3192 2415 3271 2472 Θ’.

2372 2509 2501 2562 Ὅτε
2534 2509 2712 2563 τοίνυν
2734 2509 2983 2579 ἀρρήτως
3017 2506 3287 2578 συνῆφθαι
3318 2505 3437 2577 Θεῷ
3467 2505 3528 2558 τὸ
3571 2504 3730 2574 σῶμά
3773 2520 3886 2573 φη-

2303 2617 2382 2654 σι·
2419 2601 2480 2654 τὸ
2515 2600 2572 2653 δὲ
2627 2600 2940 2670 ἀπόρρητον
2984 2598 3220 2669 άληθῶς,
3258 2597 3399 2668 ὑπὲρ
3431 2597 3558 2650 νοῦν
3612 2598 3728 2648 ἐστι
3780 2595 3885 2647 καὶ

2300 2693 2476 2761 λόγον,
2524 2693 2730 2763 ἀληθής
2776 2709 2879 2744 που
2911 2692 3186 2760 πάντωςὴ
3231 2690 3443 2753 ἓνωσις,
3467 2690 3634 2758 ἤγουν
3671 2689 3703 2757 ἡ
3744 2703 3884 2739 συν-

2302 2786 2489 2855 άφεια,
2532 2786 2652 2838 κατ’
2694 2785 2880 2839 αὐτόν,
2924 2783 3238 2853 ’Λπὸρῤητα
3273 2782 3379 2852 γὰρ
3431 2782 3500 2834 τὰ
3547 2779 3742 2844 τοιάδε,
3777 2779 3883 2832 καὶ

2299 2875 2406 2928 τῶν
2421 2874 2592 2938 οὕτως
2603 2874 2848 2945 ἀλλήλοις
2875 2891 2936 2926 συ
2947 2873 3317 2945 μόεὸηκότων,
3338 2872 3438 2925 ούκ
3459 2871 3545 2937 ἂν,
3580 2865 3631 2923 οἷ
3640 2887 3764 2941 μαι,
3780 2869 3878 2933 τὶς

2302 2967 2470 3038 είδείη
2501 2969 2594 3021 τὸν
2627 2967 2852 3038 τρόπον.
2886 2967 2953 3021 Εἰ
2987 2965 3042 3019 δὲ
3068 2962 3226 3020 οῖσθα
3261 2965 3465 3034 λέγειν,
3488 2965 3589 3018 οίει
3622 2981 3680 3016 τε
3709 2961 3883 3016 δύνα-

627 3048 775 3099 dum.
821 3046 972 3112 Quod
1005 3049 1050 3102 si
1087 3049 1272 3103 dicere
1297 3049 1463 3116 nosti,
1509 3065 1573 3104 ac
1600 3061 1760 3119 putas
1785 3066 1944 3119 posse
1987 3061 2039 3108 te
2090 3056 2197 3108 vim

2305 3059 2425 3112 σθαι
2468 3056 2792 3129 διατρανοῦν
2833 3058 2932 3126 τῆς
2987 3057 3286 3126 συναφείας
3330 3057 3429 3125 τὴν
3461 3056 3719 3125 δύναμιν,
3757 3054 3885 3118 πῶς

629 3135 772 3190 illius
803 3139 1202 3207 conjunctiouis
1232 3139 1537 3204 declarare,
1589 3143 1860 3210 quomodo
1889 3142 2066 3198 adhuc
2095 3145 2197 3199 crit

2305 3151 2612 3222 ἀπόρρητον
2648 3147 2728 3201 ἔτι
2761 3148 2821 3201 τὸ
2849 3147 3038 3218 χρῆμά
3065 3149 3214 3214 tam;
3243 3145 3517 3216 Θαυμάζω
3539 3145 3616 3209 δὲ,
3639 3146 3720 3198 ὃτι
3747 3144 3882 3198 καί·

627 3244 688 3281 ea
733 3243 820 3281 res
850 3230 1188 3286 ineﬂabilis?
1217 3231 1384 3286 Miror
1408 3241 1583 3286 autem
1605 3232 1775 3303 quod,
1802 3235 2050 3302 quamvis
2074 3251 2197 3290 cor-

2305 3261 2384 3296 τοι
2415 3242 2574 3311 σῶμα
2609 3241 2784 3308 λέγων
2829 3237 3099 3308 συνῆφθαι
3129 3237 3279 3308 Θεῷ,
3320 3238 3414 3290 καὶ
3441 3235 3600 3289 τοῦτο
3632 3236 3886 3305 άπορῤή-

628 3335 728 3388 pus
756 3319 864 3374 Deo
893 3321 1239 3390 coujuuctum
1276 3323 1441 3388 dicat,
1471 3323 1631 3391 idque
1671 3323 2058 3390 incli‘abiliter,
2091 3341 2197 3380 non

2305 3352 2434 3399 τως,
2455 3333 2555 3386 οὐκ
2584 3332 2753 3385 αύτοῦ
2784 3331 2848 3401 δὴ
2873 3330 3031 3383 τοῦτο
3056 3331 3150 3383 καὶ
3179 3329 3309 3382 ἴδιον
3331 3324 3469 3381 εἷναί
3498 3344 3684 3398 φησιν,
3711 3325 3777 3377 ἵν’
3802 3325 3885 3389 ὡς

630 3421 807 3466 tamen
837 3412 966 3466 illud
992 3414 1153 3467 etiam
1187 3413 1353 3481 ipsius
1384 3415 1659 3482 proprium
1689 3430 1811 3470 esse
1864 3428 2096 3483 asserat,
2144 3427 2197 3471 ut

2307 3430 2363 3482 ἓν
2389 3431 2562 3482 νοοῖτο
2600 3429 2713 3498 μετ’
2743 3421 2908 3480 αὑτοῦ
2934 3441 2944 3452 ·
2975 3423 3186 3493 μερίζει
3213 3420 3270 3474 δὲ
3302 3419 3463 3473 πάλιν
3493 3420 3569 3480 είς
3593 3416 3885 3485 ἄνθρωπον

629 3517 748 3556 cum
789 3517 854 3557 eo
888 3513 1143 3574 tanquam
1175 3521 1340 3559 uuutn
1382 3505 1745 3574 intelligatur;
1800 3506 1894 3560 sed
1928 3523 2115 3561 rursus
2147 3510 2198 3562 iu

630 3593 906 3647 hominem
964 3610 1027 3647 ae
1080 3595 1245 3649 Deum
1275 3594 1468 3649 dividit
1515 3596 1742 3649 scorsim
1789 3611 1853 3650 ac
1885 3599 2198 3666 separatim,

630 3701 796 3738 unum
826 3684 1104 3740 Christum
1136 3695 1190 3739 et
1219 3685 1500 3740 Dominum
1535 3684 1743 3751 Jesum,
1792 3694 1846 3742 et
1899 3698 2045 3744 recte
2074 3703 2200 3745 scu-

632 3778 736 3831 tire
756 3791 815 3832 se
845 3777 1085 3844 simulat,
1118 3779 1349 3835 dicens:

703 3866 967 3940 [Νεετοιι.
1001 3868 1189 3939 Neque
1223 3885 1351 3926 vero
1382 3872 1607 3940 simplex
1629 3873 1789 3924 homo
1818 3879 1904 3924 est
1929 3869 2200 3934 Christus,

629 3977 661 4015 ο
690 3961 1073 4026 calumniator,
1107 3964 1200 4018 sed
1250 3965 1412 4019 homo
1447 3964 1689 4018 simulet
1740 3963 1880 4017 Deus
1917 3976 1930 4014 :
1969 3963 2112 4030 quod
2155 3963 2202 4018 si

630 4055 802 4106 solum
835 4054 977 4108 Deus
1006 4065 1176 4120 esset,
1213 4070 1350 4124 opus
1379 4066 1519 4121 erat,
1550 4071 1582 4109 ο
1613 4053 1939 4123 Apollinari,
1965 4053 2149 4109 dicere
2181 4069 2195 4107 :

635 4159 653 4191 ι
688 4141 826 4206 Quid
856 4156 940 4195 me
964 4144 1208 4212 quaaritis
1249 4145 1559 4200 interﬁcere
1591 4145 1756 4198 Deum
1787 4184 1801 4208 ,
1829 4145 1919 4212 qui
1963 4159 2090 4199 vera
2130 4142 2207 4198 lo-

631 4242 791 4287 cutus
819 4249 938 4288 sum
968 4235 1120 4290 vobis
1140 4236 1186 4267 “
1213 4237 1274 4290 ‘2»
1313 4236 1609 4293 liicillecst
1637 4236 1723 4291 cui
1753 4237 1935 4306 spinea
1969 4235 2070 4288 fuit
2096 4237 2206 4289 εἰπε

631 4324 931 4391 composita
967 4339 1213 4393 corona;
1243 4327 1334 4382 hic
1376 4328 1467 4395 qui
1503 4326 1756 4381 dicebat:
1800 4345 1818 4377 ί
1851 4324 1995 4380 Deus
2033 4341 2206 4391 meus,

633 4415 776 4470 Deus
819 4430 991 4483 meus,
1052 4419 1236 4487 utquid
1282 4434 1370 4474 me
1420 4418 1761 4488 dcreliquisti
1791 4417 1884 4471 "?
1949 4436 1967 4469 ι
2005 4417 2092 4472 hic
2115 4418 2206 4485 qui

636 4507 945 4561 triduauam
982 4510 1152 4565 subiit
1184 4521 1441 4574 mortem,
1501 4510 1684 4565 Adero
1717 4519 1893 4564 autem
1945 4509 2093 4564 hunc
2127 4510 2206 4562 si-

2307 3522 2401 3573 κα¹ι
2428 3519 2582 3584 Θεὸν,
2609 3518 2715 3572 ἀνὰ
2748 3517 2932 3587 μέρως
2961 3531 3021 3567 τε
3046 3513 3139 3567 καὶ
3171 3511 3375 3575 ίδικῶς,
3395 3510 3487 3562 τὸν
3513 3509 3609 3562 ἕνα
3642 3506 3890 3577 Χριστὸν

2307 3613 2400 3665 καὶ
2428 3610 2631 3680 Κύριον
2670 3606 2901 3679 Ἰησοῦν,
2935 3607 3032 3660 καὶ
3061 3603 3196 3674 ὀρθά
3225 3602 3445 3674 φρονεῖν
3477 3597 3886 3654 ὑποπλάττεται

2305 3703 2478 3769 λέγων
2495 3717 2509 3729 ·

2379 3878 2554 3950 [Ἀλλ’
2584 3878 2644 3930 οὐ
2678 3875 2832 3946 ψιλὸς
2862 3872 3148 3942 ἄνθρωπος
3189 3870 3217 3923 6
3252 3868 3506 3940 Χριστὸς,
3544 3867 3889 3936 συκοφάντα,

2308 3973 2422 4026 ἀλλ’
2461 3971 2747 4040 ἄνθρωπος
2779 3965 2917 4035 ὁμοῦ
2950 3962 3044 4016 καὶ
3081 3961 3213 4024 Θεός
3238 3978 3252 3992 ν
3284 3963 3332 4012 εί
3361 3960 3418 4012 δὲ
3462 3959 3621 4028 μόνον
3664 3959 3888 4029 ὑπῆρχε

2308 4062 2462 4126 Θεὸς,
2519 4059 2711 4130 ὲχρῆν,
2764 4053 3130 4124 Ἀπολινὰριε,
3163 4052 3365 4103 εἰπεῖν’
3401 4067 3419 4100 t
3453 4048 3519 4101 Τί
3561 4065 3625 4118 με
3667 4047 3891 4118 ζητεῖτε

2309 4151 2632 4205 ἀποκτεῖναι
2675 4146 2829 4207 Θεὸν,
2859 4144 2918 4207 ὃς
2942 4145 3040 4214 τὴν
3068 4141 3327 4210 ἀλήθειαν
3363 4139 3490 4206 ὑμῖν
3519 4137 3826 4208 λελάληκα;
3866 4159 3883 4190 ι

2310 4239 2482 4307 Οἶιτος
2522 4245 2550 4296 6
2578 4241 2670 4295 τὸν
2699 4238 2988 4294 ἀκάνθινον
3016 4233 3373 4306 περιθέμενος
3403 4232 3663 4300 στέφανον
3683 4248 3696 4260 ·
3729 4227 3890 4292 οὗτος

2309 4339 2339 4389 6
2406 4336 2602 4404 λέγων,
2651 4352 2668 4385 t
2709 4332 2811 4385 Θεέ
2850 4348 2951 4401 μου
2977 4371 2991 4395 ,
3024 4327 3126 4380 Θεέ
3163 4343 3300 4397 μου,
3342 4325 3428 4378 ἵνα
3457 4326 3510 4378 τί
3560 4342 3626 4394 με
3659 4325 3891 4394 ἐγκατέ-

2309 4428 2494 4493 λιπες;
2544 4446 2562 4478 ι
2615 4418 2769 4487 οὗτος
2827 4425 2855 4475 6
2897 4421 3198 4493 τριήμερον
3252 4415 3508 4485 τελευτὴν
3563 4415 3888 4486 ὑπομείνας.

2311 4515 2610 4587 Προσκυνῶ
2647 4514 2704 4567 δὲ
2739 4514 2836 4566 σὺν
2971 4509 3197 4579 Θεότητι
3221 4504 3428 4574 τοῦτον,
3467 4505 3542 4569 ὡς
3595 4506 3695 4576 τῆς
3731 4504 3891 4569 θείας

633 4600 740 4652 ιιιιιΙ
778 4615 900 4654 cum
937 4599 1264 4667 Diviuitate,
1305 4609 1564 4669 tanquam
1625 4601 1827 4655 divinae
1868 4599 2197 4655 defensorem

2312 4610 2608 4678 συνήγορον
2640 4599 2975 4674 αύθεντίας.]

633 4691 1023 4747 auctoritatis.‘

1288 4782 1441 4837 CAP.
1481 4780 1551 4835 X.

708 4874 840 4929 Vide
855 4873 967 4942 iam
1006 4888 1193 4930 rursus
1220 4873 1673 4943 quemadmodum
1709 4872 1903 4940 raptim
1937 4871 2198 4941 decipiat,

634 4963 831 5020 etsuis
857 4964 1201 5021 sermonibus
1249 4963 1492 5018 veritatis
1539 4964 1776 5032 speciem
1828 4964 2204 5034 circumpouat

636 5053 810 5126 (Non,
844 5055 1041 5123 inquit,
1073 5055 1302 5125 simplex
1336 5055 1496 5110 homo
1519 5064 1600 5109 est
1629 5054 1898 5121 Christus,
1928 5055 2023 5110 sed
2046 5056 2207 5110 homo

635 5147 798 5202 simul
831 5157 884 5199 et
918 5146 1103 5218 Deus],
1164 5160 1462 5215 rursusque
1491 5147 1720 5210 dividat,
1763 5155 1820 5200 et
1865 5148 2006 5201 haud
2041 5163 2203 5201 unum

635 5252 759 5292 esse
791 5237 958 5301 dicat,
1007 5246 1063 5292 et
1109 5236 1273 5292 stulte
1305 5235 1448 5306 quod
1495 5250 1526 5289 a
1577 5236 1793 5290 nemine
1848 5237 1918 5290 sit
1973 5238 2204 5306 positum

637 5326 964 5393 accipiat,et
995 5328 1136 5395 quod
1171 5327 1271 5381 sibi
1309 5326 1486 5395 placet
1525 5333 1752 5380 astruat.
1786 5325 2016 5381 Perinde
2059 5326 2203 5382 enim

639 5435 706 5474 ac
733 5419 781 5473 si
807 5419 1075 5489 quispiam
1105 5420 1332 5485 diceret,
1362 5420 1559 5473 nudum
1585 5419 1756 5487 ipsqu
1786 5419 2016 5473 Verbum
2045 5428 2100 5473 et
2127 5419 2205 5474 ci-

644 5521 723 5562 tra
763 5526 981 5565 carnem
1014 5511 1067 5565 in
1097 5511 1258 5566 terris
1298 5510 1453 5566 nobis
1503 5510 1845 5579 apparuisse,
1888 5510 2206 5565 nobiscum-

643 5618 747 5670 que
773 5605 1033 5667 locutum,
1065 5604 1145 5657 vel
1181 5603 1359 5657 divina
1393 5602 1546 5672 signa
1593 5600 1826 5656 edidisse
1849 5643 1863 5664 ,
1914 5609 2011 5656 aut
2060 5617 2208 5657 coru-

713 5767 758 5795 ⁴⁵
792 5765 942 5820 Juau.
974 5782 1082 5832 vn,
1127 5767 1209 5821 40.
1295 5765 1334 5795 ³⁸
1377 5763 1564 5818 Matth.
1599 5777 1769 5828 xxv",
1806 5763 1891 5815 46.

2920 4777 3170 4831 ΚΕΦΑΛ.
3215 4778 3272 4830 ι’.

2387 4871 2576 4942 Ἀθρει
2599 4871 2659 4940 δή
2693 4887 2783 4939 μοι
2831 4867 2990 4921 πάλιν
3024 4865 3434 4937 συναρπάζοντα
3493 4862 3614 4933 μὲν,
3657 4862 3751 4915 καὶ
3783 4863 3889 4932 τῆς

2311 4962 2567 5033 ἀληθείας
2604 4961 2702 5030 τὴν
2750 4960 3030 5029 μόρφωσιν
3077 4958 3190 5020 τοῖς
3235 4954 3428 5008 ἑαυτοῦ
3480 4951 3768 5022 περιθέντα
3796 4952 3890 5004 10'-

2313 5070 2456 5121 γοις’
2495 5052 2590 5123 [οὐ
2622 5051 2730 5120 γάρ
2780 5049 2932 5119 ψιλὸς
2983 5047 3268 5118 ἄνθρωπος
3291 5085 3304 5109 ,
3354 5044 3541 5116 φησὶν,
3570 5045 3598 5094 6
3629 5042 3890 5112 Χριστὸς,

2315 5146 2428 5200 ἀλλ’
2459 5143 2742 5214 ἄνθρωπος
2783 5141 2917 5212 ὁμοῦ
2958 5142 3052 5195 καὶ
3100 5137 3277 5211 Θεόςο]
3309 5137 3586 5191 διῖστάντα
3625 5135 3683 5188 δὲ
3727 5135 3893 5188 πάλιν

2317 5239 2410 5291 καὶ
2425 5239 2522 5305 οὐχ
2544 5237 2640 5289 ἕνα
2663 5234 2910 5302 λέγοντα,
2935 5233 3029 5286 καὶ
3044 5230 3372 5284 άνυπόθετόν
3383 5247 3434 5282 τι
3453 5229 3741 5298 δεχόμενον
3755 5226 3896 5297 ἀμα-

2319 5327 2445 5391 θὼς,
2465 5327 2559 5379 καὶ
2585 5324 3057 5386 κατασκευάζοντα
3076 5323 3135 5374 τὸ
3163 5321 3370 5373 δοκοῦν.
3400 5321 3487 5380 Ὠς
3510 5322 3616 5388 γὰρ
3643 5317 3891 5384 λέγοντός

2316 5434 2479 5479 τινος,
2509 5417 2711 5486 γυμνὸν
2739 5416 2831 5467 ἐπὶ
2853 5415 2954 5484 γῆς
2978 5414 3072 5466 καὶ
3102 5412 3222 5482 δίχα
3251 5412 3449 5481 σαρκὸς
3469 5405 3646 5478 ὧφθαί
3669 5427 3727 5461 τε
3760 5410 3891 5479 ἡμῖν

2317 5508 2408 5560 τὸν
2438 5508 2628 5574 Λόγον,
2671 5507 2764 5559 καὶ
2800 5507 2926 5570 τοὺς
2959 5506 3094 5574 πρὸς
3133 5506 3280 5574 ἡμᾶς
3310 5501 3639 5572 ποιήσασθαι
3673 5499 3889 5567 λόγους,

2320 5601 2483 5672 ἤγουν
2522 5601 2811 5672 ἐνεργῆσαι
2846 5599 2943 5662 τὰς
2974 5595 3333 5668 θεοσημείας,
3388 5595 3555 5664 ἤγουν
3602 5593 3683 5646 ὅτι
3715 5592 3891 5656 κοινὸς
