4028 6436
135 339 184 390 97
1259 341 1637 399 ADVERSUS
1678 342 2085 402 NESTORIUM
2127 348 2258 405 LIB.
2303 348 2368 405 ll.
3333 364 3402 419 98

131 455 186 526 ἦν
210 454 519 526 ἅνθρωπος,
565 459 661 512 καὶ
699 460 799 513 οὐκ
847 460 1011 524 αὐτὸς
1036 463 1064 513 6
1113 462 1283 529 Λόγος
1325 464 1513 533 γέγονε
1544 466 1680 537 σάρξ

1824 484 2040 525 munem
2072 474 2347 527 hominem
2369 472 2557 541 fuisse,
2591 489 2694 532 non
2724 477 2899 547 ipsum
2927 478 3161 535 Verbum
3201 482 3400 537 factum

135 546 215 616 {06
240 544 415 612 ψιλὸς,
449 547 668 615 φησιν,
720 549 1012 618 ἄνθρωπος
1059 553 1087 603 6
1137 552 1392 623 Χριστὸς,
1433 555 1571 608 ἀλλὰ
1618 557 1713 610 καὶ

131 633 297 705 Θεός.]
344 633 545 701 Ἡμεῖς
570 634 650 696 δὲ,
673 628 719 687 ὦ
752 635 1020 704 βέλτιστε,
1058 638 1227 709 φαίην
1268 640 1333 693 ἂν
1371 641 1567 709 ἔγωγε,
1605 642 1712 696 κᾶν

128 723 351 791 λέγωμεν
376 722 551 776 αὑτὸν
582 723 876 795 ἄνθρωπόν
908 742 968 778 τε
999 727 1133 797 ὁμοῦ
1166 729 1261 781 καὶ
1290 729 1443 795 Θεὸν,
1478 732 1579 785 οὐκ
1605 732 1711 787 ἀνὰ

128 812 277 880 μέρος
304 811 556 875 τιθέντες
586 814 661 866 τὰ
686 817 866 869 τοιάδε
897 818 1081 888 φαμέν
1106 835 1119 849 °
1145 820 1239 872 τὸν
1271 821 1433 874 αὐτὸν
1460 822 1518 875 δὲ
1569 824 1709 894 μᾶλ-

126 902 201 953 λον
242 902 449 967 ειδότες
486 905 585 958 καὶ
621 905 731 977 πρὸ
786 906 887 977 τῆς
920 909 1388 981 ἐνανθρωπήσεως
1436 910 1567 966 Υἱὸν
1609 914 1710 967 καὶ⁵

124 992 235 1043 Θεὸν
261 993 353 1045 καὶ
379 994 562 1063 Λόγον
591 996 687 1048 τοῦ
724 998 936 1067 Πατρός
956 1016 970 1029 ’
997 1000 1281 1072 ἄνθρωπον
1301 1001 1358 1055 δὲ
1384 1003 1523 1074 μετὰ
1545 1005 1708 1059 τοῦτο

122 1085 227 1136 καθ’
278 1087 428 1154 ἡμᾶς
459 1088 731 1155 γεγονότα
757 1128 773 1153 ,
809 1090 903 1143 καὶ
964 1092 1403 1163 σεσαρκωμένον.
1444 1094 1503 1149 ’0
1534 1095 1591 1149 δὲ
1627 1097 1709 1150 δι-

120 1176 523 1246 ῖσχυριζόμενος
559 1180 637 1249 μὴ
665 1180 777 1235 δεῖν
805 1182 968 1235 αὐτὸν
1002 1183 1290 1255 ἄνθρωπον
1334 1186 1571 1242 νοεῖσθαι
1612 1188 1704 1259 ψι-

117 1268 213 1332 ibit,
266 1268 404 1322 ἀλλὰ
438 1270 581 1323 Θεὸν
632 1274 727 1325 καὶ
774 1272 1092 1345 ἄνθρωπον,
1142 1278 1410 1349 ἀπονέμει
1460 1281 1561 1350 μὲν
1612 1281 1703 1335 τὸν

116 1358 380 1411 ἀκάνθινον
408 1360 706 1428 στέφανον,
731 1364 826 1416 καὶ
856 1364 926 1418 τὰ
956 1364 1120 1437 ἕτερα
1142 1366 1251 1420 τῶν
1272 1368 1483 1433 παθῶν,
1518 1369 1701 1435 ῖδικῶς

115 1449 365 1521 ἀνθρώπῳ
386 1454 489 1504 καὶ
520 1454 626 1507 ἀνὰ
656 1454 847 1525 μέρος·
880 1460 1209 1527 προσκυνεῖν
1231 1459 1289 1512 δὲ
1321 1460 1577 1529 ὁμολογεῖ
1604 1463 1701 1515 σὺν

112 1545 166 1610 τῇ
187 1542 410 1612 Θεότητι
444 1544 667 1597 τοῦτον·
693 1548 790 1599 καὶ
819 1547 881 1601 τὸ
915 1547 996 1601 έτι
1030 1549 1475 1621 δυσσεϐέστερον,
1496 1551 1573 1615 ὡς
1600 1552 1700 1605 οὐκ

112 1634 219 1686 ὄντα
255 1635 354 1704 μὲν
389 1637 545 1690 κατὰ
570 1637 633 1691 τὸ
659 1638 807 1703 εἰκὸς
834 1640 966 1692 Θεὸν
995 1641 1212 1712 ἀληθῶς
1242 1643 1339 1696 καὶ
1369 1644 1496 1697 Υίόν
1515 1660 1529 1674 ⁸
1576 1661 1699 1699 συν-

114 1728 287 1794 ήγορον
318 1727 374 1777 δὲ
423 1730 702 1796 γεγονότα
736 1730 835 1800 τῆς
868 1730 1157 1795 αὐθεντίας
1204 1732 1299 1785 τοῦ
1336 1734 1534 1802 Λόγου.
1572 1735 1697 1788 Ὅτι

1813 577 1933 619 esse
1958 578 2175 619 carnem
2206 584 2221 621 :
2248 564 2414 638 [Non,
2442 568 2645 638 inquit,
2687 568 2917 638 simplex
2941 578 3024 626 est
3057 572 3220 626 homo
3283 573 3401 641 ipse

1813 653 2088 720 Christus,
2142 671 2331 711 verum
2366 658 2531 712 etiam
2567 647 2756 731 Deus]
2802 658 2908 714 Sed
2946 670 3004 714 ut
3050 661 3182 715 mihi
3217 663 3401 717 dicere

1814 745 1996 813 liceat,
2034 763 2155 813 nos,
2186 764 2218 802 0
2254 749 2338 802 vir
2387 750 2615 819 optime,
2652 752 2901 820 quamvis
2951 751 3101 806 illum
3151 754 3401 807 dicamus

1812 836 2088 892 hominem
2111 839 2272 893 simul
2291 848 2346 895 et
2377 840 2569 907 Deum,
2597 856 2701 895 non
2722 840 2837 897 haec
2858 842 3087 896 seorsim
3107 842 3400 896 dividendo

1811 926 2066 993 dicimus,
2095 930 2190 984 sed
2224 931 2403 998 potius
2443 934 2697 987 eumdem
2747 933 2986 988 scientes
3028 934 3196 987 etiam
3245 943 3401 988 ante-

1810 1031 1971 1085 quam
2007 1027 2156 1073 esset
2181 1020 2343 1075 homo
2397 1020 2595 1087 factus,
2623 1031 2679 1077 et
2733 1021 2959 1089 Filium,
3016 1032 3071 1078 et
3117 1023 3310 1088 Deum,
3346 1031 3400 1077 et

1811 1109 2051 1165 Verbum
2090 1110 2295 1177 Patris,
2331 1114 2609 1169 hominem
2640 1129 2771 1169 vero
2804 1123 2989 1184 postea
3038 1114 3211 1169 nostri
3245 1114 3400 1169 simi-

1809 1201 1911 1255 lem
1935 1201 2136 1257 factum
2182 1214 2238 1257 et
2255 1205 2616 1260 incarnatum.
2644 1205 2736 1262 Ille
2754 1220 2880 1262 vero
2896 1222 3019 1262 eum
3037 1205 3268 1260 afﬁrmet
3291 1222 3397 1261 non

1808 1306 1928 1347 esse
1961 1292 2106 1346 illum
2132 1295 2333 1348 nudum
2362 1296 3081 1367 homincminteliigendum,
3110 1297 3205 1354 sed
3230 1299 3396 1353 Deum

1804 1390 1860 1437 et
1908 1383 2207 1449 hominem,
2240 1386 2483 1454 spineam
2529 1386 2747 1455 quidem
2799 1402 3057 1443 coronant
3089 1396 3144 1443 et
3167 1397 3395 1442 creteras

1806 1474 2088 1541 passiones
2128 1474 2347 1544 proprie
2367 1490 2433 1531 ac
2461 1478 2690 1531 seorsim
2714 1478 2920 1532 homini
2946 1477 3157 1542 tribuit,
3205 1486 3259 1531 et
3299 1477 3395 1532 ad-

1802 1580 1961 1619 orare
1985 1580 2046 1621 se
2072 1567 2213 1621 hunc
2239 1567 2399 1621 simul
2440 1583 2562 1626 cum
2596 1569 2889 1624 Divinitate
2922 1569 3147 1633 fatetur,
3166 1578 3220 1623 et
3248 1571 3392 1639 quod

1802 1656 1907 1728 53
1944 1659 2113 1729 magis
2146 1660 2369 1729 impium
2399 1663 2488 1726 sit,
2520 1670 2779 1730 tanquam
2809 1677 2917 1715 non
2946 1663 3036 1726 sit,
3070 1671 3127 1715 ut
3154 1672 3235 1717 est
3260 1678 3393 1717 con-

1801 1763 2150 1815 sentaneum,
2202 1766 2329 1806 vere
2372 1752 2518 1807 Deus
2565 1768 2631 1807 ac
2658 1752 2861 1817 Filius,
2908 1753 2998 1807 sed
3051 1754 3394 1807 auctoritatis

112 1817 201 1885 γὰρ
236 1818 521 1889 διῖστησιν
566 1822 840 1892 ἐναργῶς,
878 1829 1132 1894 σαφηνιεῖ
1174 1827 1337 1880 πάλιν
1366 1828 1428 1881 τὸ
1483 1830 1581 1883 σὺν
1630 1833 1692 1902 τῇ

1801 1842 1964 1896 Verbi
2000 1850 2260 1897 assertor.
2296 1842 2432 1896 Nam
2470 1847 2614 1912 quod
2650 1845 2933 1899 evidenter
2968 1844 3288 1913 distinguat,
3324 1859 3393 1898 es

111 1906 312 1975 θεότητι
338 1910 786 1979 προσκυνεῖσθαι
820 1912 930 1966 δεῖν
960 1915 1125 1968 αὑτὸν
1147 1916 1451 1986 ὁμολογεῖν.
1486 1918 1560 1970 Τὸ
1586 1920 1697 1987 γὰρ

108 1999 255 2069 ἑτέρῳ
285 2004 920 2076 συμπροσκυνούμενον,
956 2008 1142 2078 ἕτερόν
1173 2024 1275 2061 που
1309 2009 1529 2072 πάντως
1578 2011 1697 2064 ἐστὶ

108 2090 216 2157 παρ’
242 2091 425 2143 ἐκεῖνο
461 2093 590 2161 μεθ’
625 2088 686 2148 οὗ
739 2097 1169 2164 προσκυνεῖσθαι
1216 2096 1453 2165 λέγεται.
1498 2100 1696 2169 Ἡμεῖς

104 2178 167 2239 ἑὲ,
207 2181 300 2251 μιᾷ
350 2185 741 2254 προσκυνήσει
788 2187 954 2256 τιμᾷν
999 2186 1290 2258 εἰθίσμεθα
1329 2190 1422 2243 τὸν
1480 2189 1694 2262 Ἐμμα-

104 2272 259 2339 voci},
281 2273 342 2324 οὐ
378 2272 701 2338 διῖστάντες
736 2274 832 2328 τοῦ
865 2276 1042 2345 Λόγου
1069 2278 1130 2330 τὸ
1159 2279 1359 2333 ἐνωθὲν
1388 2282 1540 2351 αὐτῷ
1569 2282 1693 2336 καθ’

104 2363 379 2416 ζπόστασιν
410 2366 605 2434 σῶμα.
644 2366 709 2419 Τί
741 2367 787 2420 δ’
822 2368 889 2421 ἂν
916 2371 1106 2432 νοοῖτο,
1138 2370 1197 2423 τὸ
1228 2371 1323 2441 τῆς
1358 2372 1507 2436 θείας
1531 2377 1694 2445 συνή-

102 2470 239 2524 γορον
290 2456 619 2520 αὑθεντίας,
675 2460 989 2527 βασανίζειν
1038 2462 1225 2527 ἄξιον
1274 2462 1383 2533 ἆρα
1438 2466 1545 2538 γὰρ
1600 2468 1694 2520 καὶ

102 2546 243 2606 αὐτὸς
273 2549 302 2599 6
330 2546 553 2618 Κύριος
591 2550 752 2620 ἡμῶν
793 2552 1000 2621 Ἰησοῦς
1029 2555 1283 2624 Χριστὸς,
1313 2557 1434 2609 καθ’
1460 2558 1555 2609 ἕνα
1583 2558 1693 2611 τῶν

100 2638 249 2704 ἁγίων
323 2641 663 2696 ἀποστόλων
741 2645 838 2696 καὶ
904 2645 1308 2714 εὐαγγελιστῶν
1377 2648 1563 2719 ἕτερον
1614 2650 1693 2719 τῷ

101 2732 268 2801 κόσμῳ
294 2734 604 2804 διεκήρυξε
638 2737 893 2809 Χριστὸν,
926 2738 1093 2807 ἤγουν
1142 2740 1271 2794 Υίὸν
1318 2742 1413 2794 καὶ
1459 2743 1689 2813 Κύριον,

97 2827 158 2888 ὡς
188 2827 335 2880 θείαν
393 2828 602 2897 ἔχοντα
645 2830 745 2896 τὴν
792 2832 878 2901 ἐφ’
922 2831 1126 2885 ἅπασιν
1163 2833 1476 2902 αὐθεντίαν,
1522 2837 1692 2907 ἤγουν

98 2918 346 2983 ἐξουσίαν,
383 2919 770 2990 συνηγόρευσε
801 2922 860 2974 δὲ
889 2924 984 2975 καὶ
1013 2923 1175 2987 αὐτὸς
1203 2927 1271 2996 τῇ
1308 2925 1497 2997 ἑτέρου
1528 2927 1689 3000 δόξῃ,

97 3011 265 3064 Καίτοι
293 3011 411 3065 τῶν
445 3012 740 3083 θεηγόρων
784 3015 813 3065 ὁ
863 3016 1041 3085 χορὸς,
1092 3018 1300 3087 Ἰησοῦν
1332 3020 1569 3090 Χριστὸν
1601 3023 1692 3074 τὸν

1802 1948 1867 1987 eo
1930 1948 2117 1987 rursus
2151 1934 2497 2002 perspicuum
2557 1934 2669 1997 fiet,
2720 1935 2863 2003 quod
2924 1950 3046 1988 cum
3104 1935 3395 1989 Divinitate

1800 2023 1976 2093 ipsum
1999 2038 2121 2078 esse
2144 2023 2478 2077 adorandum
2506 2026 2797 2079 confitetur
2837 2046 2849 2080 :
2892 2025 3035 2093 quod
3080 2024 3227 2077 enim
3268 2038 3391 2079 cum

1799 2113 1972 2166 altero
2014 2114 2295 2178 adoratur,
2336 2115 2612 2169 diversum
2656 2126 2740 2171 εει
2786 2132 3008 2185 prorsus
3051 2115 3118 2170 ab
3159 2131 3224 2170 eo
3267 2132 3390 2172 cum

1798 2217 1905 2270 quo
1948 2205 2165 2259 adorari
2213 2204 2552 2272 perhibetur.
2594 2204 2702 2261 Nos
2748 2221 2878 2261 vero
2924 2222 3026 2261 una
3070 2208 3391 2263 adoratione

1799 2296 2067 2350 honorare
2092 2298 2475 2351 consuevimus
2500 2297 2931 2364 Etnrnauuelem,
2957 2316 3059 2352 non
3087 2300 3388 2355 dividentes

1796 2404 1823 2440 a
1853 2388 2033 2443 Verbo
2067 2404 2263 2459 corpus
2301 2390 2400 2459 ipsi
2438 2390 2737 2445 secundum
2777 2392 3112 2460 hypostasim
3151 2395 3384 2448 unitum.

1797 2479 1933 2545 Quid
1974 2489 2155 2534 autem
2190 2481 2500 2551 signiﬁcent
2544 2483 2635 2536 illa
2674 2485 2873 2548 verba,
2914 2484 3111 2538 divinae
3149 2494 3388 2540 asserto-

1795 2583 1909 2623 rem
1932 2573 2293 2634 auctoritatis,
2318 2574 2742 2627 examinandum
2764 2582 2867 2627 est.
2893 2573 3029 2627 Num
3055 2577 3197 2629 enim
3221 2576 3384 2630 etiam

1796 2661 1909 2727 ipse
1945 2661 2206 2716 Dominus
2242 2674 2425 2718 noster
2454 2662 2612 2718 Jesus
2643 2664 2894 2720 Christus
2931 2677 2987 2719 ut
3021 2682 3161 2721 unus
3192 2683 3222 2721 e
3256 2683 3385 2721 san-

1793 2753 1898 2806 ctis
1931 2754 2189 2821 apostolis
2218 2763 2272 2809 et
2300 2755 2673 2826 evangelistis,
2702 2757 2867 2811 alium
2897 2760 3096 2812 mundo
3127 2760 3382 2828 praedica-

1794 2846 1869 2898 vit
1899 2843 2203 2913 Christum,
2238 2847 2319 2901 vel
2358 2846 2583 2913 Filium,
2619 2849 2700 2903 vel
2741 2849 3049 2917 Dominum,
3087 2860 3144 2903 ut
3180 2852 3386 2905 haben-

1795 2947 1900 2991 tem
1925 2940 1990 2991 ad
2015 2939 2196 2993 omnia
2222 2940 2460 2995 divinam
2487 2942 2867 2996 auctoritatem
2894 2943 3008 2997 sive
3035 2951 3382 3012 potestatem,

1792 3040 1846 3084 ct
1877 3030 1991 3099 ipse
2018 3029 2244 3083 alterius
2275 3030 2503 3100 gloriam
2538 3031 2813 3086 asseruit?
2843 3032 3007 3099 Atqui
3041 3032 3240 3086 chorus
3272 3034 3384 3100 ipse

96 3102 145 3151 ἐκ
172 3104 495 3174 σπέρματος
516 3104 685 3156 Δαδὶδ
714 3106 857 3159 κατὰ
886 3106 1067 3177 σάρκα
1086 3108 1165 3178 τῷ
1187 3111 1380 3179 κόσμῳ
1395 3111 1690 3182 διακηρύτ-

1796 3120 1888 3175 Dei
1922 3120 2336 3190 praedicatorum
2366 3119 2549 3175 Jesum
2579 3121 2859 3176 Christum
2893 3120 3042 3175 illum
3075 3137 3141 3176 ex
3174 3124 3384 3175 semine

95 3210 256 3247 τουσισ
293 3199 393 3250 καὶ
423 3198 531 3267 τῆς
584 3198 822 3261 πίστεως
865 3199 1021 3269 ἡμῶν
1066 3204 1095 3253 6
1131 3203 1331 3270 τρόπος
1365 3203 1454 3257 διὰ
1480 3205 1580 3274 τῆς
1609 3207 1687 3269 είς

94 3286 231 3339 αὐτὸν
270 3289 586 3357 ὁμολογίας
620 3289 876 3360 ἔρχεται·
907 3291 1269 3363 δικαιούμεθα
1310 3293 1368 3348 δὲ
1401 3297 1689 3350 πιστεύον-

94 3391 183 3437 τες,
215 3378 313 3446 οὺχ
363 3381 447 3441 ὡς
494 3378 594 3430 ἕνα
633 3380 741 3431 τῶν
778 3380 902 3433 καθ’
948 3383 1094 3450 ἡμᾶς
1137 3384 1426 3452 ἄνθρωπον
1475 3386 1685 3451 ἁπλῶς.

94 3466 189 3516 ἀλλ’
217 3469 295 3531 εἰς
338 3471 439 3521 τὶν
494 3469 659 3536 φύσει
700 3487 762 3522 τε
796 3471 893 3523 καὶ
938 3472 1156 3540 ἀληθῶς
1192 3475 1324 3527 ὄντα
1368 3477 1521 3531 θεόν.
1578 3480 1690 3532 Καὶ

93 3555 200 3621 γοῦν
232 3557 370 3612 ἄθεα
407 3559 522 3629 μὲν
554 3559 623 3612 τὰ
666 3559 796 3629 ἔθνη
829 3560 1100 3613 διετέλουν
1140 3564 1285 3616 κατὰ
1327 3564 1420 3618 τὸν
1459 3566 1688 3637 κόσμον,

93 3650 303 3719 Χριστὸν
350 3653 462 3705 οὐκ
519 3651 706 3706 εἰδότα
754 3653 908 3717 ποτὲ,
964 3653 1109 3709 καθά
1140 3673 1305 3726 φησιν
1347 3659 1375 3711 6
1417 3660 1689 3731 μακάριος

94 3740 320 3805 Παῦλος*
360 3743 567 3811 ἐπειδὴ
612 3744 667 3795 δὲ
704 3744 1033 3811 ἐγνώκασιν,
1090 3748 1151 3797 οὐ
1199 3750 1575 3817 μεμενήκασιν
1629 3752 1688 3802 ἐν

94 3836 261 3907 ἀγνοίᾳ
290 3838 390 3893 τοῦ
416 3838 569 3892 κατὰ
597 3838 763 3907 φύσιν
786 3840 940 3903 ὄντος
963 3840 1121 3894 Θεοῦ.
1150 3842 1363 3895 Οὐκοῦν
1389 3844 1689 3898 διδασκέτω

94 3931 144 3997 τῇ
171 3930 311 3994 τίνος
347 3931 486 4001 δόξῃ
522 3932 617 3983 καὶ
642 3931 907 4001 αὐθεντίᾳ
940 3932 1343 4003 συνηγόρευσεν
1372 3936 1400 3987 6
1426 3935 1685 4005 Χριστὸς,

95 4022 244 4075 καίτοι
288 4024 408 4077 τῶν
440 4024 790 4093 προσιόντων
822 4024 975 4096 αὐτῷ
1002 4025 1125 4099 τὴν
1155 4026 1341 4080 πίστιν
1381 4028 1469 4096 ἐφ’
1504 4028 1686 4099 ἐαυτῷ

96 4113 178 4178 μὲν
210 4115 381 4169 αἰτῶν
405 4132 426 4147 “
455 4115 741 4178 ἀνατιθεὶς
760 4116 819 4168 δέ
858 4098 1066 4186 ταύτῆν
1090 4119 1147 4169 ἐν
1174 4118 1323 4188 αὐτῷ
1350 4117 1457 4191 [Ζσ.
1486 4098 1683 4191 ἐαυτῷ]

92 4202 153 4271 τῷ
175 4204 365 4275 Πατρί,
401 4206 525 4259 Καὶ
556 4203 689 4273 γοῦν
724 4204 878 4274 ἔλεγε
910 4221 922 4234 ·
962 4223 977 4258 t
1004 4207 1298 4260 Πιστεύετε
1329 4211 1411 4272 είς
1449 4211 1570 4279 ἐμὲ,
1594 4212 1688 4264 καὶ

94 4294 155 4356 εἰς
179 4296 263 4349 τὸν
292 4297 435 4350 Θεὸν
466 4296 815 4350 πιστεύετε-ι
840 4299 933 4350 καὶ
964 4298 1150 4352 πάλιν
1178 4319 1196 4351 ι
1217 4299 1278 4353 '0
1308 4301 1580 4355 πιστεύων
1607 4304 1701 4367 εἰς

93 4386 195 4453 ἐμὲ,
221 4391 279 4442 οὐ
312 4389 579 4443 πιστεύει
608 4392 689 4453 είς
724 4391 847 4460 ἐμὲ,
877 4391 996 4444 ἀλλ’
1025 4393 1105 4455 εις
1131 4392 1224 4446 τὸν
1253 4393 1548 4463 πέμψαντά
1580 4412 1647 4465 με
1669 4413 1681 4427 ·

1794 3213 1962 3267 David
1991 3213 2286 3268 secundum
2317 3226 2538 3267 carnem
2571 3212 2851 3281 praedicat,
2883 3221 2937 3265 et
2973 3212 3085 3280 ipsa
3124 3210 3247 3265 fidei
3282 3226 3380 3263 uo-

1793 3316 1920 3360 strrc
1953 3306 2091 3359 ratio
2121 3320 2218 3375 per
2246 3304 2649 3359 confessionem
2679 3304 2730 3357 in
2762 3318 2884 3358 eum
2922 3302 3120 3358 factam
3155 3305 3330 3372 pergit
3363 3319 3376 3356 :

1786 3397 2261 3468 justificatnurque
2286 3411 2353 3451 eo
2382 3395 2500 3463 ipso
2527 3396 2669 3464 quod
2699 3395 2971 3450 credimus
3000 3410 3104 3449 non
3134 3404 3191 3449 ut
3216 3412 3380 3448 unum

1793 3508 1824 3547 c
1863 3492 2018 3544 nobis
2060 3491 2331 3544 hominem
2372 3488 2697 3557 simplicem,
2735 3489 2830 3543 sed
2873 3487 2927 3541 iu
2970 3488 3145 3557 ipsum
3188 3496 3381 3541 natura

1793 3597 2028 3652 vereque
2058 3583 2248 3636 Deum.
2281 3581 2464 3649 Itaque
2495 3582 2615 3636 sine
2648 3583 2755 3635 Deo
2785 3589 2974 3649 gentes
3004 3588 3163 3633 erant
3193 3579 3244 3632 in
3277 3579 3381 3634 hoc

1792 3674 2014 3739 mundo,
2046 3672 2325 3727 Christum
2362 3672 2674 3740 ignorantes
2709 3670 3025 3739 aliquando,
3059 3678 3116 3723 ut
3150 3670 3224 3723 ait
3257 3670 3381 3723 bea-

1794 3777 1880 3818 tus
1912 3763 2111 3817 Paulus
2136 3762 2179 3793 "
2212 3781 2225 3816 :
2262 3764 2349 3816 ubi
2380 3778 2509 3817 vero
2543 3761 2693 3815 illum
2726 3769 3086 3832 agnoverunt,
3117 3775 3221 3813 non
3256 3773 3380 3829 per-

1794 3863 2109 3908 manserunt
2157 3854 2330 3919 ignari
2373 3853 2488 3919 ejus
2530 3852 2619 3920 qui
2667 3855 2961 3906 secundum
3005 3863 3253 3904 naturam
3295 3861 3380 3904 est

1793 3946 1951 3998 Deus.
1988 3943 2151 4013 Igitur
2182 3944 2374 3997 doceat
2412 3943 2564 4011 cujus
2603 3942 2788 4010 gloria:
2830 3951 2886 3995 et
2928 3943 3239 3994 auctoritati
3286 3958 3380 4011 pa-

1794 4036 2093 4091 trociuatus
2122 4037 2191 4088 sit
2216 4034 2469 4090 Christus
2498 4054 2512 4087 :
2540 4035 2751 4089 tametsi
2780 4034 2849 4087 ab
2882 4034 3192 4088 hominibus
3222 4034 3287 4086 ad
3318 4049 3378 4087 se

1790 4125 2171 4180 accedentibus
2200 4125 2355 4179 fidem
2386 4124 2440 4178 in
2472 4124 2713 4192 seipsum
2740 4123 2941 4193 exigat,
2969 4132 3025 4177 et
3051 4138 3170 4177 eam
3202 4124 3375 4190 ipsam

1792 4218 1842 4271 in
1875 4232 1933 4270 se
1966 4218 2065 4284 ipsi
2099 4216 2246 4269 Patri
2278 4218 2569 4277 attribuat,
2604 4216 2784 4283 itaque
2812 4215 3024 4270 dicebat
3054 4229 3069 4269 :
3105 4232 3123 4266 ι
3157 4214 3374 4270 Credite

1792 4306 1843 4361 in
1882 4324 1989 4372 me,
2021 4317 2076 4361 et
2112 4309 2164 4361 in
2204 4309 2370 4362 Deum
2410 4308 2619 4362 credite
2646 4307 2729 4372 u;
2772 4325 2791 4358 ι
2830 4316 2884 4361 et
2922 4308 3115 4361 iterum
3155 4324 3169 4360 :
3212 4324 3231 4357 ι
3270 4306 3375 4372 Qui

1791 4401 1964 4455 credit
1994 4402 2046 4453 in
2081 4416 2185 4464 me,
2220 4416 2325 4453 non
2356 4402 2529 4455 credit
2560 4404 2613 4456 in
2646 4416 2755 4465 me,
2783 4399 2877 4454 sed
2912 4400 2963 4452 in
2996 4413 3117 4451 eum
3151 4398 3241 4467 qui
3274 4399 3375 4451 mi~

93 4480 209 4530 καὶὸ
233 4480 466 4551 θεωρῶν
498 4474 633 4549 ἐμὲ,
660 4482 860 4553 θεωρεῖ
886 4484 978 4536 τὸν
1011 4484 1308 4554 πέμψαντά
1338 4502 1429 4555 με.
1468 4506 1486 4537 ›
1536 4487 1677 4540 Ἀλλ’

1796 4495 1854 4548 sit
1902 4509 1987 4547 me
2006 4492 2074 4546 δ’.
2127 4512 2144 4542 ι
2193 4492 2297 4547 Sed
2346 4493 2576 4548 fortasse
2623 4494 2723 4547 hoc
2761 4492 2985 4545 verbum
3033 4492 3371 4560 συνηγορεῖν,

92 4568 198 4631 ἴσως
222 4572 282 4624 τὸ
313 4575 656 4643 συνηγορεῖν
692 4574 837 4627 κατὰ
874 4574 935 4627 τὸ
966 4574 1116 4647 αὐτῷ
1140 4575 1355 4639 δοκοῦν,
1404 4578 1543 4648 τάχα
1573 4595 1679 4631 που

94 4660 449 4734 ἑπεμφήνειεν
489 4664 560 4717 ἂν
624 4664 685 4717 τὸ
733 4667 1015 4737 ίσηγορεῖν
1040 4684 1053 4697 ο
1090 4667 1289 4739 ἐφίημι
1336 4670 1467 4740 γὰρ.
1507 4672 1684 4723 καίτοι

91 4753 171 4820 τῆς
198 4754 396 4819 λέξεως
466 4754 670 4826 ἑτέραν
700 4756 932 4828 ἐχούσης
967 4757 1067 4828 τὴν
1098 4757 1351 4829 δήλωσιν.
1385 4758 1520 4814 Εἶτα
1566 4762 1684 4824 πῶς

97 4848 456 4917 [τηγορήσειεν
517 4847 585 4900 ἂν
634 4847 923 4919 ἄνθρωπος
958 4849 1076 4921 Θεῷ
1123 4851 1264 4903 κατὰ
1305 4851 1390 4915 σὲ,
1439 4852 1533 4905 καὶ
1588 4854 1683 4916 τὰς

94 4939 141 4989 ἐκ
176 4939 275 4992 τῶν
340 4940 625 4993 Ἰουδαίων
676 4942 969 5011 παροινίας
1017 4942 1346 5011 διενεγκών;
1385 4945 1523 5015 Φέρε
1572 4946 1681 5015 γὰρ

94 5033 164 5081 τὸν
186 5032 434 5102 ἐκατέρῳ
466 5032 758 5103 πρέποντα
785 5033 1227 5104 καταθρήσωμεν
1254 5035 1433 5103 λόγον.
1473 5038 1678 5106 Πρέποι

93 5123 127 5173 δ’
150 5124 205 5175 ἂν
236 5126 416 5177 εἰπεῖν
458 5123 541 5193 τῷ
590 5141 652 5192 γε
683 5124 798 5177 ὄντι
836 5124 957 5194 θεῷ
995 5126 1135 5179 κατὰ
1179 5126 1372 5195 φύσιν·
1411 5128 1546 5197 Εἰμὶ
1578 5129 1677 5198 μὲν

97 5216 317 5283 αὖρατος,
361 5216 607 5287 ἀναφὴς,
633 5219 729 5269 καὶ
757 5214 852 5269 τοῦ
890 5216 1083 5271 παθεῖν
1112 5216 1405 5290 ἀνώτερος,
1445 5219 1539 5272 καὶ
1569 5219 1677 5289 μὴν

98 5310 167 5360 zz".
194 5312 511 5380 ἀσώματος,
541 5310 657 5381 ζωὴ
686 5312 782 5364 καὶ
808 5309 1093 5374 ζωοποιὸς,
1130 5310 1224 5362 καὶ
1248 5310 1435 5363 ἐπάνω
1461 5311 1678 5363 πάντων

96 5403 152 5461 ὡς
185 5403 329 5466 Θεός.
385 5405 446 5456 Ὀ
486 5400 673 5472 δὲτὴν
718 5404 855 5457 ἰδίαν
903 5404 1055 5473 ἡμῖν,
1101 5405 1249 5465 ὅπως
1271 5402 1338 5455 ἂν
1366 5403 1477 5473 ἔχοι
1518 5404 1679 5471 φύσιν

98 5493 459 5564 ἰξηγτιύμενος,
500 5495 607 5564 ἔφη
660 5495 728 5549 ἂν
779 5495 1043 5556 εἰκότως·
1110 5494 1338 5563 Ὀρατός
1386 5497 1533 5564 εἰμι,
1587 5493 1679 5546 καὶ

98 5585 268 5648 ἁπτός·
314 5588 586 5658 παθητὸς,
620 5589 717 5640 καὶ
739 5587 846 5639 ὑπὸ
868 5586 1095 5656 φθορὰν,
1127 5586 1217 5638 καὶ
1255 5584 1360 5637 ὑπὸ
1385 5585 1521 5656 Θεῷ.
1551 5584 1679 5655 'Ap’

162 5766 409 5839 “Ephes.
442 5784 504 5833 lt,
557 5768 641 5821 12.
724 5768 772 5799 ⁸⁸
809 5768 965 5822 Joan.
1008 5782 1116 5832 MV,
1158 5766 1205 5817 l.

1285 5766 1327 5798 δ’
1357 5762 1514 5818 Juan.
1552 5780 1648 5823 xtl,
1682 5763 1769 5816 44.

1791 4584 1931 4649 quml
1981 4585 2306 4651 patrocinari
2362 4584 2637 4649 diximus,
2686 4583 2993 4637 subiudicat
3043 4582 3181 4635 idem
3232 4582 3371 4650 quod

1793 4676 2098 4745 ἰσηγορεῖν,
2138 4676 2239 4730 hoc
2278 4686 2395 4739 est,
2432 4691 2495 4728 ex
2539 4690 2695 4742 aequo
2736 4674 3032 4742 pra-dicare
3068 4690 3081 4725 :
3124 4672 3373 4741 permitto

1788 4768 1954 4829 enim,
1979 4766 2226 4834 quamvis
2260 4766 2373 4820 hzec
2404 4767 2571 4819 dictio
2599 4766 2761 4819 aliam
2796 4766 2990 4818 habeat
3018 4763 3371 4833 signiﬁcatio-

1790 4874 1929 4910 nem.
1963 4855 2123 4925 Atqui
2158 4858 2429 4922 quomodo
2461 4871 2526 4908 ex
2558 4871 2711 4923 atquo
2742 4854 2808 4907 de
2839 4868 2896 4907 se
2929 4854 3181 4920 loquatur
3209 4852 3370 4907 homo

1788 4950 2014 5018 perinde
2042 4964 2107 5002 ac
2136 4948 2302 5013 Deus,
2332 4957 2387 5002 ut
2418 4957 2473 5002 tu
2505 4956 2683 5016 putas,
2711 4956 2764 5000 et
2792 4948 2883 5014 qui
2911 4962 2938 4999 a
2967 4946 3167 5000 Judaais
3196 4945 3370 5000 illatas

1786 5038 2145 5093 contumelias
2179 5038 2430 5106 pertulit?
2460 5038 2571 5106 Age
2604 5035 2787 5099 enim,
2809 5051 3119 5090 sermonem
3153 5036 3370 5104 utrique

1785 5130 2195 5185 convenientem
2240 5129 2643 5184 consideremus
2686 5148 2698 5184 :
2745 5144 2867 5192 nam
2904 5143 3032 5182 vero
3070 5130 3367 5183 secundum

1786 5231 2033 5275 naturam
2067 5222 2179 5276 Deo
2209 5222 2461 5276 convenit
2489 5223 2670 5276 dicere
2704 5240 2717 5276 :
2750 5222 2865 5291 Ego
2893 5237 3010 5276 sum
3046 5221 3367 5285 invisibilis,

1787 5314 2167 5379 intractabilis,
2205 5315 2577 5383 itnpassihilis,
2609 5317 2984 5383 incorporeus,
3016 5315 3140 5368 item
3177 5313 3280 5365 vita
3315 5322 3372 5366 et

1786 5406 2110 5471 vivificator,
2136 5416 2191 5459 et
2219 5421 2379 5474 supra
2410 5406 2591 5460 omnia
2624 5415 2880 5474 tanquam
2911 5405 3052 5459 Deus
3081 5423 3095 5459 :
3125 5406 3212 5459 hic
3239 5418 3369 5457 vere

1789 5496 1836 5551 si
1867 5511 1962 5551 sua
1995 5500 2151 5553 nobis
2183 5508 2375 5552 natura
2408 5511 2461 5551 ut
2495 5500 2691 5554 habeat
2718 5510 2978 5567 exponat,
3006 5500 3149 5553 dicet
3180 5500 3366 5567 utique

1791 5597 1848 5640 ut
1880 5602 1975 5656 par
2002 5599 2084 5643 est
2118 5606 2129 5643 :
2162 5588 2400 5644 Visibilis
2432 5606 2581 5654 sum,
2616 5600 2668 5645 et
2698 5590 3030 5655 tractabilis,
3064 5589 3364 5661 passibilis,
