4028 6488
662 391 730 445 99
1715 385 1770 440 s.
1815 379 2088 439 cvtuLLt
2129 378 2596 434 ALEXANDRINI
2638 380 2951 437 ARClllEP.

3812 389 3910 441 100

663 513 716 557 et
753 502 1085 572 corruptioni
1127 502 1434 572 subjectus,
1472 515 1534 556 ac
1568 504 1668 557 sub
1707 503 1815 556 Deo
1852 521 1867 555 z
1905 518 2029 555 num
2074 502 2208 570 igitu

2347 492 2460 562 οῦν,
2495 500 2524 550 ό
2573 498 2642 550 τά
2687 499 2865 551 τοιάδε
2914 498 3109 566 λέγων,
3146 501 3525 570 ισήγορήσειεν
3554 500 3620 553 ἂν
3652 499 3724 571 τῷ
3757 501 3909 570 προῦ-

659 593 750 660 qui
789 592 913 646 talia
950 592 1114 658 dicit,
1152 593 1196 648 is
1229 607 1381 661 aeque
1417 594 1481 647 de
1515 607 1573 646 se
1610 593 1922 662 praedicabit
1957 601 2115 661 atque
2149 591 2240 645 ille

660 682 766 754 54
808 686 1150 751 praestantior
1186 695 1241 738 et
1276 684 1650 752 excellentior,
1696 689 1838 754 quod
1884 685 1948 738 ad
1991 699 2102 739 sua:
2141 698 2239 738 na-

659 781 794 824 tura:
835 773 1025 827 attinet
1068 774 1336 829 rationes?
1372 777 1516 844 atqui
1558 777 1830 845 quomodo
1871 791 1976 829 non
2016 774 2069 829 id
2106 774 2240 829 stul-

660 873 770 915 tum
805 864 872 917 sit
907 863 1126 918 dicere?
1158 880 1281 918 nam
1319 877 1410 920 aut
1443 867 1530 920 ille
1565 881 1808 937 prorsus,
1841 878 1933 921 aut
1968 867 2054 922 hic
2088 882 2240 921 men-

659 954 844 1008 tietur.
867 956 1238 1012 Assertionem
1258 973 1385 1013 vero
1405 974 1525 1013 cum
1546 960 1699 1023 dicis,
1720 960 1834 1014 sive
1854 960 2232 1029 patrocinium,

657 1046 736 1098 sic
772 1061 1003 1115 namque
1041 1048 1199 1102 liceat
1231 1049 1411 1103 dicere
1445 1050 1857 1122 συνηγόρευσιν,
1895 1066 2072 1104 nonne
2104 1050 2236 1104 alte-

658 1151 774 1190 rum
810 1152 996 1192 rursus
1028 1140 1313 1206 quemdam
1347 1141 1502 1195 alteri
1541 1141 1866 1211 patrocinari
1899 1142 2062 1194 etiam
2097 1140 2236 1194 invi-

657 1237 740 1280 tus
782 1230 893 1297 ipse
934 1230 1241 1295 conﬁteris,
1277 1234 1366 1299 qui
1408 1235 1564 1287 nobis
1601 1233 2000 1302 conjunctionis
2039 1247 2231 1286 nomen

655 1334 1078 1384 commemoras,
1119 1333 1172 1376 et
1219 1339 1383 1376 unum
1431 1324 1701 1379 Christum
1747 1336 1802 1378 et
1847 1324 2131 1378 Dominum
2177 1325 2230 1376 in

654 1411 761 1464 duo
790 1412 1035 1467 dividens
1066 1412 1291 1477 adoras,
1326 1415 1434 1468 imo
1465 1431 1591 1471 vero
1624 1413 1783 1471 simul
1817 1421 2042 1480 adoras,
2076 1428 2130 1470 et
2167 1417 2232 1470 li-

654 1504 841 1557 berare
891 1513 940 1557 te
993 1516 1150 1572 putas
1202 1507 1496 1561 Ecclesium
1548 1509 1908 1565 deiﬁcatiouis
1958 1511 2224 1575 crimine,

650 1609 771 1647 eum
809 1595 924 1662 ipse
957 1596 1173 1651 deilices
1208 1597 1502 1659 hominem,
1529 1611 1582 1653 et
1622 1615 1724 1653 nou
1764 1617 1927 1654 unum
1965 1601 2116 1655 dicas
2141 1601 2228 1654 Fi-

651 1684 802 1745 lium,
833 1686 1047 1740 etiamsi
1099 1701 1204 1741 non
1235 1697 1385 1742 extra
1418 1691 1690 1758 propriam
1718 1707 1936 1746 carnem
1966 1693 2228 1762 intelliga-

651 1776 772 1829 tur?
799 1776 1065 1831 Adorabis
1096 1782 1238 1832 enim
1272 1789 1396 1833 tunc
1428 1796 1663 1850 quoque,
1696 1785 1789 1838 sed
1821 1784 1937 1839 sine
1965 1785 2222 1850 crimine;

646 1878 699 1921 et
729 1884 1023 1935 cognosces
1057 1872 1144 1924 ubi
1180 1885 1320 1934 eras,
1354 1885 1412 1926 ut
1446 1875 1706 1943 scriptum
1739 1884 1840 1939 est,
1875 1891 1993 1929 eum
2025 1892 2054 1929 a
2085 1877 2225 1929 veri-

649 1960 772 2013 tatis
809 1961 1075 2029 dogmatis
1112 1964 1420 2018 aberrares.
1459 1966 1528 2018 At
1558 1966 1735 2030 enim,
1774 1967 1974 2036 inquit,
2016 1968 2225 2035 leproso

647 2054 778 2106 dixit
811 2071 822 2105 :
858 2072 873 2103 ι
910 2054 1058 2114 Volo,
1086 2058 1349 2111 mundare
1375 2058 1452 2122 '°;
1489 2077 1506 2109 ι
1534 2067 1587 2112 et
1619 2058 1740 2113 tiliae
1769 2060 2178 2130 archisynagogi
2209 2080 2221 2115 :

650 2162 667 2192 ι
695 2141 898 2204 Puella,
927 2146 1178 2211 Surge“;
1211 2164 1226 2194 ι
1258 2156 1309 2197 et
1335 2149 1509 2199 muri:
1537 2167 1553 2197 ι
1582 2147 1742 2213 Dee,
1769 2150 2170 2214 obmutesce";
2201 2169 2218 2201 ι

645 2233 697 2286 in
732 2247 796 2286 eo
832 2233 995 2302 igitur
1056 2235 1285 2288 dicendo
1338 2253 1520 2292 comes
1574 2255 1638 2293 ac
1689 2240 2039 2308 pariloqueus
2074 2241 2172 2294 fuit
2207 2259 2222 2308 ;

643 2340 764 2376 nam
801 2325 982 2377 divina
1018 2328 1175 2379 verba
1215 2327 1590 2394 eloquebatur,
1627 2322 1723 2398 per
1753 2346 1873 2398 qua:
1909 2332 2066 2387 facile
2099 2349 2222 2388 orn--

643 2416 727 2466 nia
764 2414 1023 2482 perﬁcere
1055 2416 1268 2471 licebat.
1303 2420 1412 2472 Duo
1446 2422 1607 2489 igitur
1635 2432 1791 2474 erant
1822 2423 1912 2493 qui
1945 2425 2222 2494 pra‘cipie-

643 2508 791 2567 baut,
825 2516 876 2558 et
916 2507 1198 2576 utriusque
1233 2525 1351 2564 esse
1387 2515 1744 2566 concedemus
1771 2514 1934 2568 verba
1971 2517 2221 2572 omnibus

641 2594 705 2646 de
738 2597 896 2647 rebus
927 2596 1155 2663 prolata.
1186 2597 1319 2651 Cum
1351 2615 1481 2669 ergo
1513 2603 1641 2655 dicit
1673 2619 1687 2656 :
1726 2621 1743 2653 ι
1783 2605 1922 2668 Quid
1959 2620 2043 2658 me
2075 2621 2220 2674 qua:-

643 2683 760 2737 ritis
812 2685 1153 2752 interficere,
1208 2689 1481 2744 hominem
1532 2692 1623 2761 qui
1677 2695 1957 2748 veritatem
2011 2697 2219 2752 locutus

639 2791 758 2829 sum
787 2778 939 2830 vobis
961 2778 1042 2831 "2
1079 2799 1096 2830 ι
1132 2781 1317 2848 cujus,
1346 2783 1571 2837 obsecro
1607 2796 1687 2848 te,
1721 2788 2025 2856 hujusmodi
2057 2790 2217 2845 verba

637 2884 759 2922 esse
795 2870 967 2925 dit'iS?
1001 2885 1068 2924 an
1106 2873 1193 2925 illa
1233 2876 1446 2941 quidem
1485 2877 1585 2947 ipsi
1618 2879 1795 2935 Verbo
1837 2882 2062 2947 tribues,
2101 2884 2216 2937 haec

639 2974 765 3012 vero
803 2970 1053 3030 tanquam
1088 2963 1290 3018 homini
1329 2981 1356 3018 a
1379 2966 1556 3023 Verbo
1588 2971 1823 3037 diverso,
1857 2973 1956 3041 ipsi
1993 2989 2057 3026 ex
2097 2991 2217 3028 mu-

637 3052 767 3105 tiere
809 3053 1022 3119 genito?
1068 3054 1171 3108 Sed
1214 3071 1321 3124 quo
1364 3057 1481 3113 loco
1521 3074 1690 3129 pones
1731 3064 1945 3117 beatum
1988 3063 2212 3118 Paulum

2344 603 2491 654 χοντι
2546 588 2640 639 καὶ
2690 587 3094 659 ὑπερκειμένῳ,
3145 590 3288 643 κατά
3343 607 3407 656 γε
3471 591 3597 653 τοὺς
3645 591 3739 659 τῆς
3783 592 3911 654 ἰδίας

2342 676 2557 742 φύσεως
2589 677 2805 745 λόγους;
2839 675 2972 731 Εῐτα
3007 679 3122 742 πῶς
3153 680 3312 733 τοῦτο
3340 681 3440 733 οὐκ
3469 680 3676 750 ἀμαθὲς
3707 684 3866 735 εἰπεῖν
3895 700 3909 749 ;

2340 768 2691 837 διαψεῦσεται
2733 770 2843 840 γὰρ
2898 772 3201 842 πάντως,ἢ
3252 775 3481 836 ἐκεῖνος,
3507 774 3557 844 [ἢ
3594 769 3912 837 οὗτος.·Συν-

2340 861 2568 932 ηγορίαν
2587 861 2643 914 δὲ
2670 860 2864 930 λέγων,
2895 863 3062 931 ἤγουν
3093 863 3509 933 συνηγόρευσιν,
3541 865 3640 933 οὐχ
3665 864 3838 934 ἔτερόν
3856 882 3909 916 τι

2340 951 2502 1004 πάλιν
2533 953 2708 1023 ἐτέρῳ
2741 955 3052 1024 συνηγορεῖ,
3085 953 3180 1006 καὶ
3227 955 3327 1022 οὐχ
3376 955 3519 1006 ἑκὼν
3559 954 3847 1023 ὁμολογεῖς,
3881 956 3909 1005 ὁ

2341 1041 2636 1108 συνάφειαν
2664 1043 2794 1110 ἡμῖν
2821 1039 3122 1110 ὀνομάζων,
3152 1041 3246 1093 καὶ
3273 1041 3370 1094 ἕνα
3396 1040 3633 1111 Χριστὸν
3671 1041 3756 1092 καὶ
3797 1040 3910 1093 Κύ-

2339 1147 2486 1202 ριον·
2533 1134 2628 1185 καὶ
2680 1133 2894 1202 τέμνων
2946 1135 3026 1195 είς
3077 1133 3172 1185 δύο
3221 1135 3578 1204 προσκυνεῖς·
3623 1132 3808 1200 μᾶλλον
3852 1133 3910 1184 δέ

2337 1227 2808 1294 συμπροσκυνεῖς’
2858 1225 2952 1278 καὶ
2995 1225 3361 1278 ἀπαλλάττειν
3392 1225 3494 1277 οἴει
3537 1223 3635 1294 τὴν
3687 1223 3910 1293 Ἐκκλη-

2340 1316 2456 1368 σίαν
2510 1315 2602 1367 τοῦ
2638 1315 2736 1384 τῆς
2765 1315 3041 1377 θεοποιΐας
3079 1315 3442 1386 ἐγκλήματος,
3474 1313 3730 1367 οεοποιῶν
3753 1313 3911 1375 αὐτὸς

2334 1407 2636 1478 ἄνθρωπον,
2671 1409 2764 1461 καὶ
2792 1409 2889 1476 οὐχ
2920 1409 3014 1460 ἓνα
3060 1409 3234 1475 λέγων
3270 1408 3416 1471 Υίὸν,
3452 1406 3555 1459 κᾶν
3601 1407 3649 1456 εἰ
3682 1405 3752 1476 μὴ
3788 1405 3910 1476 δίχα

2333 1503 2502 1552 νοοῖτο
2527 1500 2626 1569 τῆς
2658 1500 2792 1562 ἰδίας
2820 1501 3057 1570 σαρκός;
3104 1503 3512 1571 Προσκυνήσεις
3536 1501 3644 1572 γὰρ
3673 1501 3785 1553 τότε
3814 1503 3913 1553 καὶ

2333 1591 2720 1660 ἀνεγκλήτως·
2779 1592 2874 1644 καὶ
2915 1593 3099 1663 γνώσῃ
3153 1592 3257 1645 ποῦ
3310 1587 3477 1662 ἦσθα,
3528 1593 3668 1646 κατὰ
3707 1593 3765 1644 τὸ
3813 1609 3910 1659 γε-

2331 1682 2670 1752 γραμμένον,
2706 1682 2811 1734 τῶν
2841 1682 2941 1750 τῆς
2977 1683 3238 1753 ἀληθείας
3266 1683 3580 1751 άποφοιτῶν
3608 1683 3910 1751 δογμάτων.

2346 1775 2504 1827 Ἀλλά
2533 1775 2644 1839 ναὶ,
2679 1774 2866 1843 φησιν,
2902 1776 3091 1844 εῖρηκε
3117 1774 3194 1843 τῷ
3222 1774 3428 1844 λεπρῷ,
3473 1795 3490 1826 ι
3527 1775 3696 1839 Θέλω,
3739 1775 3914 1827 καθα-

2258 1840 2304 1897 Β
2332 1867 2566 1936 ρῖσθητι·
2614 1886 2630 1917 ι
2673 1840 2766 1919 καλ.
2793 1870 2858 1937 τῇ
2890 1840 2982 1919 τοῦ
3014 1840 3474 1936 ’ἀρχισυναγώγου
3500 1868 3743 1936 Θυγατρὶ,
3779 1886 3796 1917 ι
3847 1869 3916 1920 Ἠ

2327 1959 2476 2019 παῖς,
2529 1957 2772 2027 ἔγειραι·
2812 1977 2828 2007 ι
2880 1963 2972 2011 καὶ
3015 1961 3080 2028 τῇ
3129 1958 3394 2028 Θαλάσσῃ,
3429 1979 3446 2008 ι
3480 1958 3698 2019 Σιώπα,
3746 1961 3917 2027 negat--

2329 2067 2499 2117 μωσο.
2572 2069 2589 2099 ι
2646 2052 2953 2120 Συνήγορος
3002 2051 3057 2103 δέ
3105 2049 3245 2102 κατὰ
3276 2049 3471 2102 τοῦτο’
3510 2051 3634 2112 τοὺς
3677 2051 3780 2118 γάρ
3827 2068 3918 2104 τοι

2326 2138 2502 2203 Θείους
2537 2141 2834 2209 ἐφθέγγετο
2864 2142 3076 2209 λόγους,
3109 2142 3175 2194 δι’
3205 2134 3279 2194 ὧν
3323 2137 3391 2212 ἦν
3435 2143 3613 2196 πάντα
3655 2141 3917 2195 δύνασθαι

2325 2232 2624 2300 κατορθοῦν
2671 2233 2932 2296 εὐκόλως.
2966 2234 3070 2286 Atio
3119 2234 3182 2304 δὴ
3228 2229 3322 2287 οὖν
3366 2235 3414 2286 οί
3463 2235 3916 2303 προστάττοντες,

2324 2325 2416 2377 καὶ
2463 2325 2792 2396 ἀμφοτέρων
2845 2322 2983 2379 εἶναι
3029 2326 3274 2395 δώσομεν
3317 2328 3441 2389 τοὺς
3493 2327 3579 2395 ἐφ’
3614 2328 3778 2379 ἅπασι
3825 2328 3918 2381 λό-

2323 2432 2472 2482 γους.
2504 2417 2674 2470 Ὅταν
2716 2414 2810 2469 οῦν
2851 2419 3004 2489 λέγῃ,
3050 2438 3066 2468 ι
3105 2418 3168 2471 Τί
3199 2435 3266 2488 με
3307 2419 3519 2488 ζητεῖτε
3569 2420 3917 2488 ἀποκτεῖναι,

2321 2507 2631 2578 ἄνθρωπον,
2660 2509 2718 2572 ὃς
2745 2511 2843 2581 τὴν
2870 2511 3127 2580 ἀλήθειαν
3158 2511 3287 2581 ὑμῖν
3335 2511 3644 2582 λελάληκας
3686 2531 3703 2565 ο
3741 2514 3913 2580 τίνος,

2322 2602 2441 2654 είπέ
2472 2620 2580 2671 μοι,
2607 2603 2732 2666 τοὺς
2782 2604 3028 2657 τοιούσδε
3051 2603 3241 2671 λόγους
3267 2599 3407 2658 εἶναι
3438 2608 3578 2676 φής;
3605 2607 3636 2675 ἢ
3669 2607 3917 2672 ἐκείνους

2325 2691 2424 2760 μὲν
2460 2692 2753 2762 ἀπονέμεις
2779 2693 2857 2762 τῷ
2897 2694 3075 2762 Λόγῳ,
3106 2694 3330 2755 τούτους
3356 2710 3418 2761 γε
3465 2695 3570 2763 μὴν
3597 2693 3676 2754 ὡς
3698 2693 3916 2762 ἀνθρώ-

2323 2798 2409 2850 πῳ
2452 2782 2581 2852 παρ’
2612 2784 2773 2836 αὑτὸν
2814 2784 2986 2854 ἑτέρῳ
3023 2785 3102 2854 τῷ
3154 2786 3218 2837 ἐκ
3261 2785 3557 2852 γυναικός;
3604 2779 3734 2836 Εἶτα
3782 2786 3916 2837 ὅποι

2323 2876 2451 2929 ποτέ
2483 2876 2668 2946 θήσεις
2709 2876 2798 2929 τὸν
2835 2875 3126 2947 ἱερώτατον
3161 2877 3395 2939 Παῦλον,
3428 2877 3652 2944 λέγοντα
3681 2875 3868 2943 σαφῶς
3899 2893 3913 2905 ·

2327 2988 2343 3018 ι
2397 2970 2556 3038 Ἡμῖν
2585 2969 2640 3020 δὲ
2668 2964 2746 3032 εἷς
2775 2969 2907 3032 Θεὸς
2933 2973 2960 3022 ό
2991 2971 3198 3040 Πατὴρ,
3243 2969 3301 3033 ἐξ
3353 2965 3413 3022 οῦ
3459 2969 3528 3021 τά
3569 2968 3766 3032 πάντα,
3812 2970 3919 3021 καὶ

2319 3061 2481 3127 ἡμεῖς
2512 3061 2590 3121 είς
2618 3059 2780 3112 αὐτόν
2805 3076 2818 3090 ο
2844 3061 2935 3113 καὶ
2968 3055 3048 3124 εἷς
3077 3061 3282 3129 Κύριος
3322 3060 3530 3130 Ἰησοῦς
3554 3061 3806 3131 Χριστὸς,
3839 3062 3918 3114 δι’

639 3153 824 3209 aperte
863 3145 1130 3199 dicentem
1167 3163 1181 3199 :
1221 3167 1240 3199 ι
1277 3147 1441 3204 Nobis
1470 3161 1650 3207 autem
1684 3169 1821 3209 unus
1855 3157 1992 3210 Deus
2027 3156 2208 3224 Pater,

2320 3143 2378 3201 οὗ
2413 3147 2482 3200 τὰ
2512 3150 2710 3211 πάντα,
2740 3151 2832 3202 καὶ
2871 3151 3033 3219 ήμεῖς
3065 3151 3131 3203 δι’
3185 3149 3393 3215 αὐτοῦς
3430 3170 3447 3202 ι
3491 3151 3547 3204 'O
3590 3153 3647 3203 δὲ
3690 3150 3805 3203 ἄνω
3846 3168 3918 3204 τε

635 3251 699 3288 ex
739 3252 844 3306 quo
877 3239 1054 3290 omnia
1077 3278 1089 3302 ,
1127 3249 1181 3293 et
1219 3256 1315 3294 nos
1351 3243 1404 3293 iu
1443 3245 1648 3312 ipsum,
1684 3255 1733 3299 et
1775 3262 1916 3301 unus
1952 3247 2212 3302 Dominus

629 3326 788 3381 .lesus
831 3326 1116 3390 Christus,
1161 3346 1256 3398 per
1291 3347 1451 3401 quem
1493 3337 1716 3403 omnia;
1760 3347 1814 3392 et
1862 3353 1958 3393 nos
2001 3354 2096 3408 per
2135 3342 2213 3409 ip-

630 3434 748 3471 sum
769 3417 855 3471 “?
887 3437 905 3469 ι
938 3417 1039 3473 Iste
1064 3435 1192 3474 vero
1219 3437 1431 3476 sursum
1463 3425 1716 3479 deorsum
1749 3427 2024 3491 dictitans,
2060 3428 2210 3483 Unus

631 3510 823 3572 Filius,
853 3521 906 3562 et
936 3527 1042 3563 non
1078 3511 1215 3566 alius
1244 3525 1296 3567 et
1327 3514 1483 3579 alius,
1515 3533 1690 3587 neque
1721 3519 1848 3572 item
1881 3519 2129 3575 Christus
2159 3529 2211 3574 et

627 3601 764 3654 alius
789 3600 1062 3666 Christus,
1093 3618 1214 3656 eum
1247 3605 1361 3659 suis
1394 3617 1593 3676 pugnat
1619 3609 1820 3672 verbis,
1848 3611 2060 3664 duabus
2087 3624 2206 3679 per-

626 3692 778 3745 sonis
813 3702 868 3744 et
910 3693 1288 3762 hypostasibus
1330 3699 1561 3766 propriis
1598 3705 1712 3753 tum
1755 3700 1847 3754 Dei
1889 3702 2208 3769 praedicato-

630 3797 746 3834 rum
773 3797 953 3845 voces,
983 3794 1092 3836 tum
1122 3800 1247 3841 suas
1277 3788 1448 3857 ipsius
1477 3791 1742 3845 tribuens.
1770 3792 1875 3846 Sed
1905 3793 2050 3846 enim
2080 3809 2208 3848 sua-

625 3887 744 3926 rum
783 3874 922 3926 haud
957 3875 1234 3944 negligens
1267 3881 1656 3933 sententiarum
1694 3881 1854 3934 infert
1886 3896 2073 3935 rursus
2102 3900 2114 3935 :

699 3964 958 4036 [Νεδτοιι.
1007 3967 1246 4023 Veneror
1278 3970 1450 4039 ipsum
1489 3982 1547 4025 ut
1579 3974 1968 4042 omnipotentis
2002 3974 2202 4027 divini-

626 4057 750 4108 tatis
781 4059 1069 4127 imaginem
1104 4074 1117 4110 :
1154 4076 1274 4113 nam
1313 4080 1330 4111 ι
1371 4064 1791 4131 superexaltavit
1840 4081 1986 4129 eum,
2019 4077 2073 4119 et
2105 4068 2202 4120 do-

626 4145 772 4198 navit
801 4147 875 4199 illi
909 4164 1102 4201 nonnon
1137 4153 1276 4216 quod
1308 4164 1390 4208 est
1422 4169 1582 4220 super
1611 4171 1770 4207 omne
1803 4170 2020 4218 nomen,
2057 4166 2114 4208 ut
2145 4157 2197 4209 in

623 4237 840 4291 nomine
861 4237 985 4291 .Iesu
1011 4239 1211 4294 Christi
1238 4257 1397 4295 omne
1421 4257 1559 4312 genu
1603 4242 1854 4297 ﬂectatur
1874 4245 2195 4308 caelestium,

625 4331 963 4384 terrestriqu
1025 4343 1077 4384 et
1108 4332 1440 4387 inferuorum
1472 4352 1485 4387 :
1519 4346 1572 4387 et
1605 4337 1780 4388 onmis
1812 4335 1991 4402 lingua
2026 4335 2197 4390 conli-

623 4431 823 4481 teatur,
851 4423 976 4490 quia
1013 4420 1270 4477 Dominus
1299 4423 1456 4479 Jesus
1483 4425 1732 4480 Christus
1756 4428 1822 4478 ⁸⁸.
1864 4426 1912 4497 ι]

1257 4555 1409 4612 CAP.
1457 4556 1544 4613 XI.

688 4691 746 4745 Et
781 4692 1028 4758 quisnam
1059 4691 1386 4760 intelligetur
1414 4693 1541 4746 item
1575 4693 1640 4752 is,
1670 4705 1919 4761 quem,ut
1952 4696 2061 4763 ipse
2096 4712 2191 4763 pu-

617 4791 726 4844 tat,
764 4796 822 4834 se
859 4781 1104 4834 venerari
1145 4781 1363 4845 fatetur,
1403 4793 1456 4836 et
1491 4797 1650 4850 quem
1697 4795 1914 4852 prapter
1951 4785 2187 4837 divinam

615 4857 1020 4926 similitudinem
1047 4872 1266 4925 simulat
1292 4888 1350 4927 se
1377 4875 1667 4939 honorare,
1696 4877 1796 4929 nisi
1826 4876 1912 4928 ille
1941 4891 2183 4945 prorsus,

613 4980 769 5031 quem
803 4965 1000 5016 dudum
1035 4965 1189 5017 nobis
1217 4964 1519 5033 appellabat
1545 4966 1822 5034 (quidnam
1857 4968 2060 5020 diceret
2089 4983 2184 5020 ne-

2319 3239 2411 3291 xa‘.
2434 3238 2586 3300 κάτω
2611 3238 2806 3307 λέγων,
2851 3236 2944 3303 Εἷς
2972 3241 3097 3304 Υίδς
3116 3282 3130 3306 ,
3157 3241 3253 3294 καὶ
3286 3242 3384 3294 οὐκ
3408 3241 3564 3306 ἄλλος
3607 3242 3698 3295 καὶ
3725 3243 3917 3308 ἄλλος,

2316 3328 2436 3382 οὔτε
2471 3329 2577 3399 μὴν
2604 3331 2858 3398 Χριστὸς,
2892 3333 2986 3383 καὶ
3011 3333 3262 3403 δεύτερος
3288 3333 3542 3403 Χριστὸς,
3567 3335 3678 3396 τοῖς
3703 3334 3916 3388 ἐαυτοῦ

2313 3421 2656 3490 διαμαχεῖται
2687 3421 2889 3488 λόγοις,
2923 3424 3044 3477 δυσὶ
3077 3423 3388 3495 προσώποις
3413 3425 3507 3480 καὶ
3538 3425 3918 3478 ὑποστάσεσιν

2316 3513 2508 3575 ίδικαῖς
2537 3512 2635 3574 τάς
2667 3531 2722 3565 τε
2753 3513 2859 3565 τῶν
2892 3515 3170 3587 θεηγόρων
3229 3518 3324 3570 καὶ
3372 3517 3469 3580 τὰς
3511 3516 3675 3570 αὐτοῦ
3723 3516 3924 3570 διανέ-

2315 3622 2432 3672 μων
2468 3605 2668 3672 φωνάς.
2716 3605 2876 3658 Ἀλλὰ
2905 3608 3013 3677 γὰρ
3052 3609 3160 3663 τῶν
3195 3611 3341 3663 ἰδίων
3380 3611 3479 3663 οὐκ
3509 3609 3796 3680 ἀμελήσας
3819 3611 3919 3663 ἐν·

2311 3696 2490 3762 νοιῶν,
2528 3699 2778 3768 ἐπιφέρει
2805 3700 2987 3752 πάλιψ

2381 3956 2557 4028 [Σέὸω
2586 3959 2767 4024 αὑτὸν,
2789 3959 2862 4022 ὡς
2892 3959 2987 4030 τῆς
3012 3962 3454 4032 παντοκράτορος
3487 3962 3669 4015 εἰκόνα
3705 3961 3918 4032 θεότη-

2305 4046 2428 4111 τος’
2464 4069 2480 4100 ι
2515 4049 2841 4121 ὑπερύψωσε
2897 4054 3005 4123 γάρ
3045 4054 3229 4118 αὐτὸν,
3282 4053 3376 4105 καὶ
3419 4053 3711 4124 ἐχαρίσατο
3744 4054 3920 4124 αὐτῷ

2303 4141 2474 4210 ὄνομα
2501 4142 2560 4194 τὸ
2588 4143 2726 4212 ὑπὲρ
2755 4144 2862 4196 πᾶν
2896 4143 3068 4213 ὄνομα
3087 4158 3101 4172 '
3133 4145 3219 4197 ἵνα
3248 4147 3306 4198 ἐν
3346 4144 3423 4214 τῷ
3451 4145 3671 4215 ὀνόματι
3715 4143 3916 4214 Ἰησοῦ

2302 4233 2538 4304 Χριστοῦ
2572 4236 2680 4288 πᾶν
2708 4236 2835 4302 γόνυ
2858 4235 3072 4306 κάμψῃ,
3097 4236 3458 4304 ἐπουρανίων,
3489 4239 3583 4288 καὶ
3609 4238 3917 4303 ἐπιγείων,

2303 4326 2394 4378 καὶ
2423 4327 2816 4396 καταχθονίων·
2841 4327 2936 4378 καὶ
2961 4329 3111 4381 πᾶσα
3139 4326 3363 4395 γλῶσσα
3394 4328 3915 4397 ἐξομολογήσηται,

2302 4417 2384 4468 ὅτι
2417 4417 2617 4479 Κύριος
2661 4417 2865 4479 Ἰτσοῦς
2898 4417 3152 4482 Χριστός.
3192 4416 3238 4488 ι]

2896 4553 3148 4606 ΚΕΦΑΛ.
3193 4554 3293 4606 IA'.

2372 4686 2483 4738 Kal.
2514 4687 2595 4749 τίς
2639 4687 2704 4738 ἂν
2734 4689 2905 4739 νοοῖτο
2940 4704 3121 4749 παλιν,
3155 4703 3234 4751 ον,
3267 4686 3362 4748 ὣς,
3395 4703 3457 4753 γε
3485 4687 3677 4746 οἴεται,
3708 4687 3915 4743 σέϐειν

2300 4778 2573 4847 ὁμολογεῖ,
2605 4779 2697 4831 καὶ
2741 4781 2804 4848 τῇ
2841 4779 2973 4849 πρὸς
3001 4778 3131 4831 Θεὸν
3161 4777 3416 4848 ὁμοιώσει
3443 4779 3608 4848 τιμᾷν
3653 4779 3919 4850 ὑποκρί-

2301 4885 2449 4920 νεται
2472 4908 2486 4931 ,
2519 4868 2551 4937 ἢ
2584 4868 2786 4930 ἐκεῖνός
2831 4886 2932 4920 που
2973 4869 3212 4932 πάντως,
3256 4868 3313 4921 ὂν
3359 4870 3559 4939 ἀρτίως
3589 4871 3724 4939 ἡμῖν
3757 4871 3922 4924 ὠνό-

2302 4957 2492 5026 μαζεν,
2525 4960 2623 5012 οὐκ
2660 4955 2756 5011 οἶδ’
2790 4959 2870 5011 ὅτι
2900 4958 3094 5027 λέγων,
3120 4963 3219 5029 τῆς
3250 4958 3398 5022 Θείας
3430 4960 3735 5029 συνήγορον
3771 4963 3915 5033 ἦτοι

2296 5052 2555 5122 συνεργὸν
2612 5051 2935 5114 αὐθεντίαςο
2981 5052 3040 5105 ὃν
3084 5055 3150 5123 τῇ
3179 5052 3408 5121 Θεότητι
3437 5058 3916 5122 συμπροσκυνεῖο

2295 5144 2414 5197 σθαι
2442 5145 2551 5196 δεῖν
2580 5144 2817 5213 ἀνοήτως
2865 5146 3122 5212 ἔφασκεν,
3157 5145 3234 5208 ώς
3261 5144 3445 5215 ἕτερον
3485 5144 3613 5197 ὄντα
3651 5146 3753 5197 καὶ
3799 5147 3918 5201 ίδιο

2289 5235 2398 5297 κώς
2435 5234 2544 5286 υἱὸν
2577 5233 2727 5305 παρὰ
2759 5235 2849 5287 τὸν
2879 5235 2971 5288 τοῦ
2996 5234 3129 5287 Θεοῦ
3153 5236 3323 5303 Λόγον
3349 5253 3362 5301 ;
3394 5235 3565 5287 Αὑτὸν
3599 5233 3695 5286 καὶ
3734 5235 3915 5304 ὑψῶ-

2289 5329 2410 5380 σθαι
2440 5327 2585 5395 λέγει
2619 5328 2767 5397 παρὰ
2791 5328 2884 5380 τοῦ
2913 5328 3048 5380 Θεοῦ
3100 5329 3192 5380 καὶ
3228 5328 3438 5397 Πατρός
3459 5345 3472 5358 ο
3515 5327 3606 5380 καὶ
3645 5329 3765 5400 μὴν
3799 5333 3918 5383 καὶ

2284 5420 2345 5473 τὸ
2394 5419 2563 5489 ὄνομα
2609 5418 2791 5472 λαϐεῖν
2824 5420 2884 5473 τὸ
2935 5421 3072 5490 ὑπὲρ
3120 5419 3225 5472 πᾶν
3267 5420 3473 5488 ὄνομα·
3516 5421 3599 5472 ἵνα
3639 5420 3742 5473 καὶ
3780 5426 3917 5476 πᾶν

2284 5513 2431 5585 αὑτῷ
2477 5514 2605 5579 γόνυ
2653 5512 2867 5585 κάμψῃ,
2903 5512 3259 5582 ἐπουρανίων,
3301 5513 3394 5564 καὶ
3446 5512 3729 5580 ἐπιγείων,
3796 5516 3918 5570 καὶ

611 5057 746 5123 scio)
775 5057 967 5110 divina:
994 5067 1321 5111 assertorem
1350 5060 1460 5112 sive
1488 5059 1790 5126 adjutorem
1821 5061 2180 5124 auctoritatis,

609 5161 766 5212 quem
807 5147 965 5199 simul
1009 5161 1130 5200 cum
1165 5145 1270 5216 55
1306 5147 1596 5204 Divinitute
1638 5151 1969 5205 adorandum
2014 5151 2180 5206 stulte

609 5240 917 5303 asserebat,
960 5247 1210 5305 tanquam
1250 5243 1340 5306 qui
1383 5240 1627 5294 diversus
1666 5255 1810 5296 esset
1851 5260 1913 5297 ac
1951 5245 2176 5298 seorsim

611 5327 749 5381 tilius
781 5339 973 5396 przeter
1001 5329 1173 5395 ipsum
1205 5327 1298 5382 Dei
1331 5329 1598 5385 Verbum?
1627 5332 1803 5401 Ipsum
1837 5336 1999 5387 etiam
2031 5335 2179 5389 exal-

610 5430 774 5470 tatum
811 5420 937 5472 dicit
967 5438 994 5472 a
1033 5421 1136 5474 Deo
1169 5433 1220 5476 et
1255 5423 1441 5488 Patre,
1473 5440 1534 5478 ac
1567 5435 1824 5493 praeterea
1860 5442 2053 5479 nomen
2085 5442 2178 5479 ac-

608 5513 813 5576 cepisse
840 5526 997 5577 super
1022 5527 1180 5565 omne
1209 5529 1399 5566 uotuen
1453 5526 1507 5566 ut
1535 5516 1695 5567 etiam
1728 5516 1824 5581 ipsi
1851 5530 2009 5569 omne
2035 5531 2172 5585 genu

1850 5720 1893 5750 "
1927 5719 2088 5772 Marc.
2134 5737 2205 5782 IV,
2233 5720 2319 5774 39.
2437 5719 2482 5748 "
2513 5717 2665 5771 Joan.
2698 5732 2810 5780 vm,
2841 5715 2927 5767 40.
3006 5718 3051 5747 ⁸⁸
3084 5715 3100 5767 l
3131 5717 3255 5772 Cor.
3289 5733 3401 5782 \‘lll,
3432 5718 3481 5770 6.
3558 5720 3599 5748 ³⁸
3630 5717 3918 5791 Philipp.

677 5711 720 5739 ’θ
754 5711 936 5764 Matth.
976 5731 1064 5766 \Ill
1145 5717 1195 5766 5.

606 5797 662 5847 ιι,
689 5783 834 5835 9-H.

1297 5716 1335 5744 ⁸⁸
1375 5715 1538 5772 Marc.
1572 5732 1620 5780 ι’,
1659 5719 1746 5770 Η.
