4028 6426
132 345 211 399 101

1286 342 1655 401 ADVERSUS
1694 346 2113 403 NESTORIUM
2154 349 2285 405 LIB.
2328 348 2392 407 li.

3325 350 3425 406 102

122 461 549 530 καταχθονίων
606 462 701 513 καί
760 463 911 512 πᾶσα
982 458 1197 526 γλῶσσα
1257 460 1733 530 ἐξομολογήσηται,

1848 465 2100 519 ﬂectatur
2153 466 2479 529 cmlestinm,
2518 464 2851 518 terrestrium
2887 472 2939 520 et
2977 464 3331 530 infernarum,
3369 474 3424 519 et

122 558 196 607 ὅτι
247 553 466 621 Κύριος
528 552 737 621 Ἰησοῦς
784 552 1037 621 Χριστός.
1079 552 1138 602 Ei
1175 551 1272 620 μὲν
1320 548 1410 604 οὖν
1442 552 1572 604 Θεὸν
1610 553 1738 605 ὄντα

121 645 258 698 κατὰ
293 644 493 711 φύσιν,
528 648 622 694 καὶ
648 644 750 713 πρὸ
781 644 882 711 τῆς
913 641 1097 695 ἐνθάδε
1123 643 1422 712 λεγομένης
1454 643 1736 712 ὑψώσεως,

120 736 251 804 ὑψοῦ
290 736 557 788 τέθεικεν
605 738 633 787 ὁ
670 737 895 805 Πατήρ⁹
934 736 1025 787 τὸν
1072 735 1172 803 τῆς
1220 734 1421 804 μεταξὺ
1470 735 1740 787 ταπεινώ-

120 847 255 892 σεως
314 826 923 899 πολυπραγμονοῦντες
969 826 1201 895 τρόπον,
1252 826 1563 895 οἰκονομίαν
1616 827 1741 879 τινὰ

120 923 289 990 σοφὴν
337 922 681 991 εὑρήσομεν,
723 917 846 970 καθ’
872 921 939 988 ἢν
982 919 1251 990 ἀδοξήσας
1295 919 1382 972 διὰ
1428 922 1615 990 μέσου,
1646 921 1739 987 γέ-

115 1029 243 1078 γονε
276 1014 455 1066 πάλιν
487 1014 548 1063 ἰν
586 1006 668 1074 οἷς
697 1007 765 1081 ἦν
806 1011 893 1064 ἀεὶ
927 1014 1021 1063 καὶ
1049 1011 1323 1075 οὑσιωδῶς
1353 1014 1737 1083 ἐνυπάρχουσι,

113 1105 206 1157 καὶ
236 1106 296 1157 ὲν
325 1104 486 1167 ἰδίοις
518 1102 737 1171 ἀληθῶς
762 1100 1077 1171 ὑψώμασιν.
1109 1103 1168 1154 Et
1195 1103 1256 1155 δὲ
1288 1101 1445 1155 τοῦτο
1480 1103 1577 1172 μὲν
1599 1103 1736 1172 οὐχὶ,

113 1195 379 1265 καθάπερ
410 1190 506 1247 οὗν
529 1194 702 1246 οἴεται
735 1192 828 1245 καί
868 1209 1035 1263 φησιν
1059 1210 1071 1223 ·
1106 1191 1296 1264 ἕτερον
1338 1193 1397 1245 δέ
1436 1208 1557 1244 τινα
1589 1191 1739 1261 παρὰ

112 1290 202 1340 τὸν
227 1287 329 1340 τοῦ
362 1286 506 1339 Θεοῦ
543 1286 720 1353 Λόγον
749 1284 844 1337 τὸν
877 1282 1025 1353 αὐτῷ
1051 1284 1394 1353 συνημμένον
1432 1282 1737 1354 ἄνθρωπον,

112 1380 514 1451 προσκυνητὸν
574 1378 834 1447 ἐποίησεν
867 1374 1085 1447 οὐρανῷ
1125 1393 1185 1429 τε
1232 1378 1325 1428 καὶ
1356 1378 1448 1445 γῇ,
1497 1377 1591 1429 καὶ
1631 1377 1740 1439 τοῖς

110 1474 186 1525 ἔτι
222 1472 572 1543 κατωτέρω·
606 1469 999 1539 τεθεοποίηκεν
1030 1468 1139 1536 ἄρα
1183 1467 1303 1521 καθ’
1338 1469 1486 1539 ἡμᾶς
1528 1467 1737 1535 ἄνθρω-

111 1585 236 1631 πον,
281 1566 607 1619 αἰτιάσεται
648 1564 705 1617 δὲ
749 1564 920 1633 ἡμᾶς,
948 1560 1047 1613 οὐκ
1089 1560 1169 1612 ἔτι
1197 1563 1256 1613 ὲν
1292 1560 1368 1630 τῷ
1415 1560 1605 1629 κόσμῳ
1632 1559 1740 1611 λοι-

110 1660 235 1722 πον,
270 1658 347 1719 ὡς
398 1656 673 1709 θεοποιεῖν
700 1654 984 1715 ἐθέλοντας
1010 1652 1099 1705 τὸν
1139 1652 1239 1705 οὑκ
1264 1652 1391 1703 ὄντα
1432 1651 1585 1716 Θεὸν,
1615 1651 1737 1703 καί·

110 1768 188 1802 τοι
235 1749 361 1801 δέον
409 1746 679 1800 ἀνάπτειν
720 1744 871 1813 αὺτῴ
899 1742 977 1811 τῷ
1006 1742 1123 1812 Θεῷ
1155 1744 1251 1795 κα)⁸
1306 1742 1481 1811 Πατρὶ
1509 1742 1607 1811 τῆς
1654 1741 1739 1793 ἐπ’

111 1840 262 1911 αὐτῷ
286 1841 354 1911 δὴ
381 1838 567 1907 τούτῳ
591 1835 977 1904 πλημμελείας
1001 1837 1069 1889 τὰ
1090 1834 1257 1904 ὲγκλή
1269 1850 1431 1904 ματα.
1460 1834 1601 1904 Ὅρα
1624 1831 1735 1904 [ισ.
1770 1818 1812 1872 Β

109 1932 236 2003 ὁρᾷ]
280 1933 352 2001 δὴ
404 1926 524 1992 οὖν,
570 1931 604 1983 ὁ
649 1928 1045 1999 χριστομαθὴς,
1074 1929 1194 1980 ὅποι
1233 1927 1363 1978 ποτὲ
1408 1924 1558 1991 αὑτῷ
1598 1925 1738 1977 διεκ-

110 2024 378 2075 παίουσιν
463 2022 579 2093 [ἷσ.
640 2020 1130 2085 διεκπαιδεύουσιν,
1178 2018 1240 2084 ἢ,
1309 2014 1734 2088 διεκπταίουσιν]

109 2116 152 2165 οὶ
180 2115 342 2182 λόγοι
372 2132 386 2145 ·
421 2116 521 2165 καὶ
559 2113 629 2165 τὰ
654 2113 719 2163 ὲκ
742 2116 843 2182 τῆς
875 2112 1115 2182 ἀκράτου
1156 2110 1387 2179 ταυτησὶ
1417 2108 1735 2172 δυσόουλίας

107 2208 441 2278 εὑρήματα,
476 2205 619 2275 πρὸς
655 2205 807 2256 ποῖον
854 2203 1005 2273 αὐτῷ
1048 2202 1301 2273 καταίρει
1327 2202 1503 2271 λόγον.
1544 2202 1736 2271 Ἡμεῖς

111 2303 211 2370 μὲν
258 2301 377 2371 γὰρ
427 2300 564 2352 Θεὸν
594 2298 725 2351 ὄντα
774 2297 916 2350 κατὰ
957 2296 1118 2365 φύσιν
1158 2297 1248 2349 τὸν
1289 2296 1437 2357 Υίὸν,
1468 2297 1733 2360 τουτέστι,

108 2395 197 2445 τὸν
242 2396 311 2445 ἐκ
370 2391 471 2444 τοῦ
527 2391 664 2444 Θεοῦ
708 2390 926 2461 Πατρὸς
953 2390 1148 2457 Λόγον,
1186 2388 1509 2441 καθικέσθαι
1557 2390 1734 2458 φαμὲν

107 2487 183 2546 εἰς
223 2483 490 2536 ἑκούσιον
523 2482 790 2535 κένωσιν·
840 2481 1198 2550 ἀναφοιτῆσαι
1234 2481 1292 2533 δὲ
1340 2476 1407 2533 αὖ
1453 2479 1547 2533 καὶ
1598 2478 1735 2548 μετὰ

110 2576 318 2647 σαρκὸς
345 2578 433 2637 είς
460 2573 525 2625 τὸ
557 2573 657 2641 τῆς
688 2572 918 2641 ἐνούσης
950 2572 1223 2641 ὑπεροχῆς
1254 2568 1404 2639 αὐτῷ
1433 2569 1735 2640 θεοπρεπὲς

104 2667 359 2732 ἀξίωμα.
402 2665 807 2736 Προσκυνεῖται
841 2661 951 2731 γὰρ
981 2664 1071 2713 καὶ
1113 2660 1251 2731 μετὰ
1279 2660 1501 2729 σαρκὸς,
1534 2661 1610 2722 ὡς
1643 2662 1735 2712 κα)⁸

107 2760 218 2829 πρὸ
248 2759 433 2827 αὐτῆς
480 2758 747 2827 ὑπάρχων
789 2753 1198 2826 προσκυνητός·
1249 2748 1315 2822 ἦν
1360 2752 1471 2823 γὰρ
1519 2752 1614 2804 καὶ
1655 2751 1734 2803 ἔτι

104 2849 221 2921 [lca
259 2846 411 2919 ἐστι]
462 2848 607 2900 κατὰ
646 2848 808 2914 φύσιν
839 2845 992 2911 Θεὸς,
1022 2845 1117 2898 καὶ
1150 2843 1255 2913 πρὸ
1285 2843 1386 2912 τῆς
1427 2840 1731 2905 κενώσεως,

108 2942 205 2994 καὶ
260 2944 356 2994 ὅτε
420 2940 523 3009 τὴν
583 2940 813 2991 κένωσιν
866 2938 1154 3006 ὑπομεῖναι
1201 2935 1441 3003 λέγεται,
1493 2935 1733 3003 γεγονὼς

109 3033 234 3085 καθ’
284 3030 468 3099 ἡμᾶς.
518 3029 579 3080 ’0
619 3028 676 3079 δὲ
719 3027 828 3079 τῶν
855 3028 997 3079 οὕτω
1042 3026 1253 3079 σεπτῶν
1295 3026 1388 3078 καὶ
1427 3025 1734 3095 ἀκιὸδήλων

108 3124 421 3193 διγμάτων
453 3119 766 3190 ὑπερορῶν,
813 3118 1099 3189 ἄνθρωπον
1134 3118 1394 3171 συνάπτει
1428 3115 1547 3185 Θεῷ
1592 3118 1735 3169 κατά
1761 3156 1802 3212 C

110 3233 173 3283 γε
207 3216 315 3285 τὴν
349 3212 564 3278 ἔξωθεν
593 3210 777 3281 σχέσιν
797 3228 809 3240 ·
862 3211 955 3263 καὶ
986 3210 1061 3273 ὼς
1096 3211 1153 3261 ὲν
1185 3209 1389 3279 ἰσότητι
1419 3207 1521 3279 τῆς
1552 3208 1731 3275 ἀξίας,

108 3307 206 3359 καὶ
228 3305 315 3369 ὡς
349 3307 548 3374 ἕτερον
575 3304 746 3372 ἑτέρῳ
777 3304 1218 3370 συμπροσκυνεῖν
1252 3304 1350 3357 οὐκ
1396 3299 1727 3372 αἰσχύνεται.

109 3399 470 3450 Διατείνεται
515 3395 595 3460 δὲ,
631 3395 815 3463 φησὶν,
845 3393 921 3453 ὼς
951 3392 1117 3461 άηθές
1138 3411 1192 3444 τι
1223 3395 1315 3445 καὶ
1341 3394 1513 3459 ξένον,
1544 3393 1639 3444 καὶ
1660 3392 1735 3454 ὡς

111 3496 167 3555 ἐν
209 3490 452 3561 χάριτος
499 3487 667 3555 μοίρᾳ
710 3484 897 3536 λαϐεῖν
942 3483 1005 3534 τὸ
1047 3482 1263 3553 κάμψαι
1322 3501 1382 3535 τε
1430 3481 1577 3552 αὐτῷ
1626 3484 1735 3534 πᾶν

113 3584 269 3649 γόνυ.
302 3581 408 3632 καὶ
435 3579 546 3647 μὴν
587 3578 679 3629 καί
727 3575 788 3628 τὸ
816 3575 996 3628 πᾶσαν
1024 3573 1527 3646 ἐξομολογήσασθαι
1556 3573 1734 3641 γλῶσ-

117 3693 236 3737 σαν,
268 3676 358 3727 ὅτι
415 3669 627 3739 Κύριος
683 3667 889 3737 Ἰησοῦς
936 3668 1189 3737 Χριστός.
1220 3668 1328 3720 Καὶ
1361 3670 1409 3720 εί
1440 3669 1537 3737 μὲν
1575 3668 1734 3736 φύσει

114 3770 248 3821 Θεὸν
295 3763 567 3834 γενέσθαι
598 3762 703 3830 φὴς
731 3759 839 3831 [ἵσ.
878 3759 1063 3830 φησὶν]
1104 3761 1287 3824 αὐτὸν,
1318 3760 1733 3831 δεδυσφήμηκεν

116 3859 411 3931 ἐναργῶς,
472 3852 739 3923 γεννητὴν
782 3847 923 3904 εἶναι
972 3850 1146 3919 λέγων
1191 3852 1292 3921 τὴν
1332 3854 1431 3922 τῆς
1462 3852 1736 3921 Θεότητος

118 3952 300 4017 φύσιν.
359 3947 428 3999 El
466 3944 528 3997 δὲ
573 3943 776 4011 ἥκιστα
821 3941 921 4009 μὲν
952 3940 1313 4017 κατὰφύσιν,
1357 3940 1508 3993 δοτὸν
1537 3941 1593 3993 δὲ
1640 3941 1735 3993 καὶ

120 4041 361 4113 θύραθεν
420 4037 614 4090 ἑλόντα
644 4035 705 4085 τὸ
744 4032 981 4103 ἀξίωμα,
1030 4016 1125 4093 καί
1167 4032 1243 4095 ὡς
1283 4033 1340 4085 ὲν
1378 4033 1513 4103 μόνῃ
1558 4036 1731 4103 φωνῇ,

120 4136 236 4198 πῷς
280 4134 391 4186 οὐκ
443 4128 623 4183 ἐκεῖνό
666 4143 833 4197 φησιν
880 4125 1145 4194 ἐναργῶς,
1176 4126 1256 4177 ὅτι
1298 4124 1734 4194 λελατρεύκαμεν

120 4230 194 4298 τῷ
249 4224 545 4297 μὴ’φύσει
572 4220 732 4289 Θεῷ,
780 4217 873 4270 καὶ
907 4218 1005 4270 σὺν
1034 4217 1189 4286 ἡμῖν,
1238 4216 1313 4279 ὡς
1355 4216 1523 4276 ἔοικε,
1569 4216 1663 4267 καὶ
1700 4218 1732 4286 ἡ

120 4322 225 4373 τῶν
268 4320 390 4373 ἄνω
421 4314 757 4384 πνευμάτων
792 4310 1138 4379 πεπλάνηται
1174 4308 1354 4378 νῆψις,
1390 4309 1483 4362 καὶ
1527 4307 1732 4361 τούτων

122 4417 251 4485 ἡμῖν
282 4410 457 4471 αὐτὸς
503 4409 532 4459 ὁ
563 4380 755 4473 Πατὴρ
783 4405 877 4455 καὶ
901 4402 1042 4471 ἀρχὴ
1070 4401 1163 4453 καὶ
1199 4400 1468 4471 πρόφασις
1496 4416 1509 4464 ;
1564 4398 1731 4451 Ἐπὰν
1767 4380 1807 4431 D

120 4500 209 4555 οἷν
242 4499 357 4571 [ῑσ.
396 4497 521 4556 πῶς
548 4490 664 4563 οὖν]
697 4492 777 4544 ἔτι
814 4491 1229 4561 διαμωμήσαιτο
1252 4492 1375 4552 τοὺς
1398 4491 1527 4561 παρ’
1569 4489 1732 4541 αὑτὸν

123 4602 183 4667 τῇ
224 4596 414 4647 κτίσει
460 4588 793 4659 προσκυνεῖν
832 4584 1172 4655 ᾑρημένουςς
1217 4581 1487 4654 γράφεται
1516 4580 1571 4632 δὲ
1615 4577 1731 4632 ἀνθ’

124 4694 240 4743 ὅτου
267 4684 501 4748 κολάζει
534 4679 647 4751 (14)
678 4678 805 4739 τοὺς
837 4673 1310 4742 πεπλανημένους,
1349 4674 1397 4724 εί
1428 4674 1539 4733 τοῖς
1568 4669 1729 4722 αὑτοῦ

123 4781 355 4851 νεύμασι
384 4772 739 4840 πεπλάνηται
763 4767 873 4839 [ἵσ.
906 4762 1323 4835 πεπλάνηνται],
1362 4761 1733 4833 προσκυνητὸν

125 4877 251 4943 ἡμῖν
278 4868 680 4937 ἀποφήναντος
714 4861 805 4912 τὸν
832 4860 931 4912 οὐκ
957 4859 1085 4911 ὄντα
1117 4856 1274 4926 φύσει
1303 4854 1469 4918 Θεόν;
1516 4851 1731 4923 Ἐπειδὴ

124 4970 174 5020 δὲ
196 4958 544 5033 παρατιθεὶς
569 4956 631 5008 τὸ
661 4953 823 5024 ῥητὸν
852 4954 908 5005 ὲν
930 4951 1161 5013 τούτοις,
1193 4948 1336 5018 φημὶ
1356 4947 1425 5014 δὴ
1443 4946 1502 4999 τὺ
1527 4948 1584 4997 ὲν
1609 4962 1731 5013 χερ-

127 5061 206 5111 σὶν
226 5100 241 5119 ,
282 5060 370 5109 ὅτι
416 5049 574 5120 αὑτῷ
600 5046 809 5117 κάμψει
855 5046 967 5097 πᾶν
997 5045 1125 5111 γόνυ
1147 5083 1161 5104 ,
1199 5042 1292 5095 καὶ
1328 5043 1477 5093 πᾶσα
1507 5039 1728 5107 γλῶσσα.

126 5142 718 5219 ίξομολογήσεται,ὅτι
746 5137 949 5209 Κύριος
989 5133 1193 5205 Ἰησοῦς
1217 5132 1473 5203 Χριστὸς,
1511 5130 1726 5198 παρῆκε

127 5246 179 5295 τὸ
201 5244 393 5294 λεῖπον
421 5238 521 5290 καὶ
548 5233 750 5303 ἐφεξῆς
776 5228 1088 5295 ἀναγκαίως
1119 5227 1194 5297 τῷ
1241 5225 1495 5295 μακαρίῳ
1532 5224 1727 5291 Παύλῳ

130 5327 754 5405 προσεπενηνεγμένον,
815 5322 916 5375 οὐκ
976 5314 1070 5371 οἷδ’
1119 5319 1200 5371 ὅτι
1253 5315 1723 5384 διενθυμούμενος,

132 5403 255 5494 φέρε
301 5420 651 5490 προσθέντες
691 5417 853 5485 ἡμεῖς
893 5413 1067 5464 έκεῖνο
1108 5408 1383 5478 λέγωμεν·
1430 5424 1447 5455 ι
1512 5403 1727 5468 Ἐξομο-

1842 558 2019 611 munis
2048 558 2224 626 lingua
2257 557 2599 620 confiteatur,
2632 557 2754 625 quia
2788 558 3041 610 Dominus
3072 556 3228 611 .lesus
3258 556 3422 609 Chri-

1843 656 1973 701 stus.
2007 648 2062 701 Si
2094 648 2258 716 igitur
2285 648 2447 701 Deum
2471 647 2579 713 jam
2607 662 2671 701 ex
2704 662 2894 701 natura
2915 689 2928 709 ,
2956 647 3119 700 etiam
3148 655 3273 699 ante
3301 661 3421 700 eam

1842 754 1961 806 qua:
1992 740 2078 793 hic
2106 741 2305 792 dicitur
2329 739 2732 801 exultationem,
2766 740 2818 792 in
2852 738 3066 793 sublimi
3097 738 3273 807 posuit
3308 738 3422 805 ipse

1844 827 2028 893 l‘ater,
2054 831 2267 884 modum
2299 829 2470 896 ipsum
2500 827 2889 882 humiliationis
2915 827 3247 881 intermedite
3270 841 3418 880 scru-

1846 931 2042 983 tantes,
2087 923 2538 989 dispensatimiem
2582 921 2869 988 quamdam
2917 920 3214 987 sapientem
3256 917 3423 971 fuisse

1845 1012 2180 1080 reperiemus
2207 1030 2220 1064 :
2250 1027 2343 1079 per
2367 1026 2525 1081 quam
2553 1027 2676 1065 cum
2706 1012 2907 1066 interea
2939 1011 3198 1080 inglorius
3249 1010 3423 1063 factus

1843 1111 1984 1155 esset
2007 1141 2021 1165 ,
2057 1117 2243 1154 rursus
2275 1102 2339 1153 ad
2372 1118 2432 1154 ea
2466 1101 2517 1154 in
2550 1101 2746 1169 quibus
2780 1116 2993 1168 semper
3024 1101 3231 1162 fuerat,
3261 1110 3314 1152 et
3346 1098 3419 1151 illi

1842 1193 2201 1248 cssentialiter
2234 1193 2471 1252 inerant.
2512 1202 2565 1247 et
2608 1192 2672 1246 ad
2716 1208 2865 1246 suam
2905 1208 3081 1246 veram
3122 1192 3420 1246 sublimita-

1847 1295 1950 1339 tem
1985 1286 2161 1342 rediit.
2194 1287 2345 1351 Quod
2375 1286 2418 1339 si
2454 1300 2558 1338 non
2593 1286 2664 1338 ita
2698 1294 2813 1348 est,
2843 1295 2899 1337 ut
2932 1285 3045 1354 ipse
3078 1294 3225 1353 putat
3255 1292 3308 1337 et
3338 1282 3421 1335 di-

1842 1376 1938 1439 cit,
1968 1375 2128 1429 alium
2155 1391 2282 1430 vero
2309 1379 2595 1444 quemdam
2629 1375 2728 1444 ipsi
2761 1378 3112 1445 conjunctnm
3144 1374 3416 1428 hominem

1844 1476 2039 1536 praeter
2065 1467 2237 1534 ipsum
2271 1466 2363 1521 Dei
2389 1466 2649 1527 \‘erbum,
2681 1468 2818 1521 creto
2849 1477 2901 1520 et
2932 1476 3092 1521 terra:
3121 1475 3175 1520 et
3202 1464 3422 1519 inferio-

1844 1561 1992 1614 ribus
2019 1560 2181 1613 etiam
2213 1559 2456 1629 partibus
2486 1560 2815 1613 adorandum
2850 1559 2993 1623 fecit,
3025 1573 3155 1629 ergo
3185 1558 3418 1612 similem

1845 1653 2012 1707 nostri
2050 1652 2321 1706 hominem
2358 1651 2653 1717 deiﬁcavit,
2693 1667 2866 1720 neque
2902 1651 3079 1705 adhuc
3114 1651 3270 1706 nobis
3300 1651 3424 1717 jure

1842 1744 1975 1797 vitio
2005 1753 2215 1797 vertere
2244 1744 2461 1813 poterit,
2492 1745 2645 1812 quasi
2677 1758 2799 1795 eum
2830 1744 2918 1811 qui
2952 1758 3054 1796 non
3084 1750 3227 1796 esset
3256 1741 3420 1804 Deus,

1842 1837 2093 1891 tleiticare
2125 1836 2473 1896 voluerimus,
2509 1850 2631 1887 cum
2669 1835 2828 1903 hujus
2861 1834 3087 1888 sceleris
3127 1833 3330 1887 crimen
3367 1833 3419 1885 in

1841 1930 2013 1998 ipsum
2050 1929 2213 1982 Deum
2247 1944 2311 1981 ac
2342 1927 2556 1980 Patrem
2592 1927 2660 1979 sit
2691 1927 3104 1980 c0nl’erendum.
3135 1926 3282 1979 Videt
3322 1925 3423 1993 igi-

1842 2032 1930 2075 tur
1954 2020 2157 2074 Christi
2190 2019 2466 2072 studiosus
2494 2032 2598 2084 quo
2626 2018 2841 2069 tandem
2869 2016 2985 2082 ejus
3014 2030 3293 2070 sermones
3323 2016 3420 2069 de-

1840 2109 2120 2171 labuntttr,
2152 2118 2203 2161 et
2241 2109 2305 2161 ad
2341 2106 2523 2175 qualia
2555 2105 2712 2158 verba
2751 2106 3003 2158 immanis
3042 2104 3196 2171 hujus
3233 2106 3419 2160 stulti-

1840 2206 1926 2257 tiae
1964 2210 2264 2256 commenta
2308 2202 2640 2267 perveniunt.
2671 2197 2778 2253 Nos
2816 2200 2957 2254 enim
3002 2199 3174 2267 ipsum
3202 2199 3417 2265 Filium,

1839 2293 1928 2360 qui
1969 2292 2106 2345 Deus
2141 2306 2203 2342 ex
2244 2298 2431 2341 natura
2474 2300 2620 2352 erat,
2657 2290 2757 2343 hoc
2799 2299 2910 2352 est,
2942 2289 3170 2340 Verbum
3208 2304 3274 2341 ex
3312 2288 3421 2341 Deo

1839 2385 1997 2439 Patre
2037 2384 2311 2453 genitum,
2353 2383 2418 2435 ad
2462 2382 2812 2435 voluntariam
2855 2380 3279 2433 exinanitiOnem
3324 2381 3419 2434 de-

1839 2477 2115 2530 scendisse
2145 2476 2393 2537 dicimus,
2428 2488 2492 2527 ac
2527 2475 2750 2527 rediisse
2786 2490 2969 2526 rursus
3002 2489 3121 2525 cum
3157 2488 3322 2526 carne
3352 2474 3419 2525 ad

1841 2567 1984 2620 illam
2024 2568 2259 2618 divinam
2296 2565 2609 2633 dignitatem
2664 2573 2825 2634 atque
2862 2564 3249 2618 sublimitatem
3302 2579 3421 2631 qua:

1840 2659 1911 2711 illi
1948 2658 2143 2711 inerat.
2172 2658 2445 2709 Adoratur
2470 2657 2613 2709 enim
2644 2658 2806 2709 etiam
2837 2671 2958 2709 cum
2989 2671 3176 2719 carne,
3206 2666 3264 2708 ut
3293 2666 3420 2710 ante

1839 2764 2057 2803 carnem
2088 2757 2207 2801 erat
2237 2747 2546 2801 adorandus
2577 2766 2590 2800 :
2620 2756 2738 2802 erat
2766 2750 2907 2803 enim
2935 2757 2989 2803 et
3014 2758 3095 2803 est
3123 2752 3421 2804 secundum

1840 2853 2087 2897 naturam
2121 2840 2263 2895 Deus
2289 2851 2341 2894 et
2372 2850 2493 2893 ante
2520 2841 2975 2906 exinanitionem,
3004 2852 3057 2897 et
3088 2857 3207 2896 cum
3236 2843 3419 2897 exina-

1841 2936 2099 2989 nitionem
2145 2933 2383 2987 subiisse
2407 2932 2624 2996 dicitur,
2650 2931 2827 2987 factus
2852 2934 3021 2986 nostri
3068 2934 3280 2989 similis.
3321 2933 3423 2990 Iste

1839 3042 1968 3081 vero
2002 3028 2118 3081 hac
2151 3025 2284 3081 adeo
2316 3026 2619 3079 veneranda
2660 3034 2915 3093 rectaque
2951 3026 3197 3096 dogmata
3234 3027 3417 3095 despi-

1837 3120 1989 3174 ciens
2031 3119 2300 3173 hominem
2344 3116 2455 3172 Deo
2493 3117 2769 3186 conjungit
2806 3118 3102 3173 secundum
3142 3130 3420 3175 externam

1839 3211 2231 3275 habitudinem,
2265 3222 2317 3264 et
2355 3219 2607 3277 tanquam
2649 3212 2698 3263 in
2739 3210 2857 3281 ejus
2895 3211 3171 3280 dignitatis
3205 3212 3425 3281 :rquali-

1841 3316 1975 3371 tate,
2010 3316 2064 3361 et
2096 3316 2349 3372 tanquam
2385 3304 2612 3355 alterum
2646 3319 2764 3356 cum
2798 3305 2969 3358 altero
3000 3304 3157 3358 simul
3190 3306 3422 3359 adorare

1840 3415 1945 3453 non
1974 3398 2269 3452 erubescit.
2297 3396 2509 3451 Asserit
2533 3406 2733 3460 autem,
2764 3397 2955 3466 inquit,
2983 3397 3127 3450 velut
3153 3398 3420 3451 insuetum

1839 3490 2094 3558 quiddam
2132 3506 2196 3542 ac
2235 3506 2463 3556 novum,
2498 3504 2551 3543 et
2587 3492 2726 3543 velut
2768 3491 2954 3559 gratiae
2992 3489 3110 3543 loco
3146 3490 3423 3559 accepisse

1841 3592 1898 3635 ιιι
1927 3581 1997 3634 illi
2026 3579 2271 3635 ﬂectatur
2293 3596 2453 3635 omne
2480 3598 2639 3652 genu.
2670 3593 2722 3635 et
2750 3584 2926 3634 omnis
2956 3583 3132 3646 lingua
3162 3582 3424 3636 conﬁtea-

1842 3685 1949 3737 tur,
1975 3674 2097 3741 quia
2123 3673 2379 3727 Dominus
2405 3672 2559 3727 Jesus
2580 3673 2847 3726 Christus.
2878 3673 2952 3725 Ac
2979 3673 3021 3726 si
3052 3672 3197 3726 illum
3230 3680 3421 3726 natura

1841 3766 2005 3818 Deum
2047 3763 2244 3816 factum
2282 3779 2400 3817 esse
2439 3766 2600 3823 dicit.
2644 3776 2830 3832 aperte
2871 3763 3303 3830 blasphemavit,
3342 3761 3422 3815 fa-

1838 3864 1978 3908 ctam
2023 3868 2141 3907 esse
2186 3853 2372 3905 dicens
2404 3851 2711 3905 Divinitatis
2753 3862 3018 3904 naturam.
3060 3850 3155 3905 Sin
3201 3853 3423 3904 minime

1837 3944 2130 3999 secundum
2172 3952 2457 4005 naturam,
2497 3943 2589 3995 sed
2629 3956 2746 3994 eam
2788 3941 3106 4011 dignitatem
3146 3941 3325 3993 datam
3367 3952 3423 3995 et

1837 4035 2178 4089 extrinsecus
2209 4042 2506 4102 acceptam,
2536 4044 2590 4086 et
2620 4034 2762 4086 velut
2798 4034 2849 4085 in
2880 4033 2990 4087 sola
3021 4047 3151 4087 voce
3180 4033 3417 4102 positam

1838 4127 2127 4189 habuisse,
2158 4125 2427 4193 quomodo
2460 4139 2563 4177 non
2598 4124 2726 4177 illud
2760 4124 3040 4178 evidenter
3067 4125 3287 4190 asserit,
3322 4140 3420 4178 nos

1837 4217 2041 4271 servire
2076 4228 2130 4269 et
2171 4215 2369 4268 cultum
2413 4215 2625 4268 deferre
2668 4215 2716 4265 ei
2759 4214 2850 4282 qui
2898 4212 3005 4284 56
3045 4223 3235 4267 natura
3276 4213 3420 4269 Deus

1839 4324 1942 4361 non
1976 4308 2067 4372 sit,
2098 4316 2151 4360 et
2182 4308 2485 4370 nobiscum,
2515 4315 2573 4358 ut
2603 4320 2937 4373 consequens
2967 4315 3071 4369 est,
3104 4305 3248 4359 illam
3278 4320 3416 4372 quo-

1840 4415 1943 4467 que
1985 4412 2338 4465 supernorum
2383 4397 2669 4462 spirituum
2716 4396 3026 4464 pervigilem
3075 4396 3415 4463 prudentiam

1837 4506 2022 4544 errore
2067 4492 2364 4550 sednctam,
2409 4499 2460 4541 et
2499 4488 2690 4554 horum
2733 4486 2994 4541 scelerum
3043 4488 3195 4541 nobis
3242 4488 3413 4554 ipsum

1839 4581 2051 4635 Patrem
2105 4582 2313 4633 initium
2360 4590 2411 4633 et
2456 4594 2674 4632 causam
2722 4579 2882 4633 esse?
2927 4577 3206 4644 Quomodo
3254 4580 3416 4645 igitur

1838 4675 2013 4727 adhuc
2044 4672 2221 4741 culpat
2250 4688 2343 4726 eos
2371 4672 2459 4741 qui
2493 4672 2582 4725 illo
2609 4671 2822 4737 abjecto
2848 4680 3156 4725 creaturam
3188 4672 3417 4725 adorare

1840 4761 2184 4816 maluerunt?
2218 4778 2316 4815 cur
2348 4776 2474 4813 vero
2509 4771 2722 4813 accusat
2762 4769 2816 4813 et
2852 4761 3007 4825 punit
3040 4760 3291 4814 seductos
3326 4776 3415 4814 er-

1842 4865 1963 4903 rore
2010 4849 2292 4910 homines,
2338 4850 2379 4901 si
2433 4849 2549 4914 ejus
2600 4860 2731 4901 nutu
2780 4864 2843 4903 ac
2885 4848 3160 4903 voluntate
3206 4850 3412 4906 seducti

1839 4954 1985 5004 sunt,
2018 4958 2138 4995 cum
2173 4957 2294 4993 eum
2329 4941 2415 5008 qui
2453 4958 2556 4996 non
2588 4952 2730 4995 esset
2761 4958 2824 4996 ex
2863 4950 3055 4995 natura
3088 4943 3251 5004 Deus,
3281 4945 3408 4997 ado-

1840 5034 2062 5087 rabilem
2096 5035 2250 5087 nobis
2278 5033 2554 5088 eﬂ‘ecerit?
2583 5033 2690 5087 Sed
2718 5034 2844 5103 quia
2878 5035 2930 5087 in
2965 5034 3047 5089 his
3077 5050 3199 5088 cum
3232 5035 3411 5089 locum

1836 5130 2075 5190 citasset,
2110 5142 2253 5192 eum,
2286 5127 2528 5195 inquam,
2556 5126 2645 5195 qui
2679 5136 2761 5179 est
2797 5126 2847 5178 in
2882 5126 3151 5189 manibus,
3184 5127 3282 5194 ipsi
3319 5125 3415 5179 ﬂe-

1836 5228 2013 5271 ctetur
2058 5231 2219 5269 omne
2267 5230 2440 5283 genu.
2492 5224 2544 5268 et
2592 5215 2767 5267 munis
2818 5214 2994 5282 lingua
3043 5212 3411 5275 conﬁtebitur,

1836 5310 1958 5377 quia
2019 5307 2274 5359 Dominus
2321 5306 2478 5360 Jesus
2528 5306 2813 5371 Christus;
2864 5305 3049 5357 omisit
3100 5303 3303 5371 reliqua
3358 5312 3412 5357 et

1837 5398 2248 5467 consequentia,
2279 5413 2397 5466 qua:
2428 5398 2735 5452 necessario
2763 5412 2791 5449 a
2826 5398 2983 5450 beato
3014 5393 3177 5449 Paulo
3208 5392 3412 5460 adjecta

1420 5580 1578 5636 ΑΝΤ.
1620 5576 1891 5634 AGELLII
1930 5575 2163 5629 ΝΟΤᾹΞ.

194 5763 308 5831 (14)
340 5756 659 5830 Legendurn
698 5752 937 5814 videtur,
974 5747 1067 5800 καὶ
1094 5744 1329 5806 κολάζει.
