4028 6438
610 364 714 418 105

1592 350 1650 403 S.
1694 346 1960 402 CYRILLI
2001 338 2468 398 ALEXANDRINI
2511 338 2830 396 ARCIIIEP.

3783 341 3900 394 1οι

604 477 855 537 fuerant;
891 484 1126 540 qttouam
1166 469 1216 522 id
1252 465 1476 520 consilio
1515 464 1741 525 fecerit,
1781 463 1962 516 ncscio
1999 478 2011 513 :
2053 475 2147 527 age
2171 503 2184 521 ,

2313 459 2528 524 .ογείται
2561 458 2668 526 γὰρ
2705 457 2852 507 πᾶσι
2883 455 3121 521 γλῶσσα,
3147 455 3226 505 ὅτι
3256 453 3458 523 Κύριος
3519 452 3725 523 Ἰησοῦς
3756 455 3908 523 Χρι-

603 567 922 635 adjiciamus
958 577 1054 617 nos
1088 561 1194 623 illa,
1228 575 1291 613 ae
1325 559 1565 613 dicamus
1599 573 1610 609 :
1652 574 1669 606 ι
1707 554 2012 608 Confitetur
2040 551 2184 605 enim

599 659 779 714 omnis
817 658 1018 724 lingua,
1055 653 1182 722 quia
1223 652 1482 706 Dominus
1515 649 1671 704 Jcsus
1702 647 1952 704 Christus
1987 647 2039 699 in
2075 643 2185 713 glu-

602 748 738 800 riam
783 745 876 798 Dei
917 743 1116 796 Patris.
1159 759 1177 792 ι
1221 739 1386 809 Igitur
1423 739 1468 792 si
1511 749 1703 792 natura
1746 735 1890 790 Deus
1933 750 2036 789 non
2081 742 2182 794 est,

603 841 697 894 sed
733 847 954 908 propter
986 835 1423 902 coniunctionem
1461 830 1885 886 habitudinalem
1922 843 2025 898 qua
2056 831 2185 893 jun-

603 942 724 988 ctus
763 940 848 985 est
892 944 1012 982 cum
1053 926 1163 980 Deo
1200 925 1398 987 Verbo,
1438 921 1652 978 adorari
1701 921 1848 975 illum
1892 919 2025 973 dicit
2063 929 2117 972 et
2157 932 2186 970 a

604 1023 789 1087 nobis,
823 1029 878 1074 et
908 1037 936 1072 a
967 1017 1175 1073 sanctis
1206 1016 1444 1086 angelis.
1473 1030 1600 1084 ergo
1628 1013 1811 1082 glorias
1840 1010 2032 1064 modus
2064 1009 2186 1076 qui-

603 1114 725 1166 dam
768 1124 796 1161 a
838 1107 1002 1162 Patre
1046 1106 1296 1159 inventus
1341 1114 1423 1157 cst
1467 1104 1519 1157 in
1568 1117 1632 1156 eo
1675 1100 1816 1170 quod
1859 1098 2017 1153 simul
2064 1111 2185 1151 cum

607 1202 724 1271 ipso
762 1198 1013 1253 deificata
1053 1205 1136 1250 est
1173 1203 1420 1248 creatura
1461 1212 1473 1246 :
1515 1194 1589 1246 ita
1631 1193 1832 1246 frustra
1879 1189 2187 1258 indignatus

603 1302 688 1345 est
719 1289 1040 1359 quibusdam
1077 1296 1135 1338 ut
1163 1284 1254 1352 qui
1289 1284 1391 1338 hoc
1425 1283 1679 1338 fecissent
1712 1300 1725 1335 :
1759 1281 1900 1349 quod
1930 1279 1974 1333 si
2006 1293 2067 1332 ea
2102 1293 2189 1331 res

609 1383 686 1437 illi
717 1381 900 1452 gloria:
931 1379 1052 1441 fuit,
1082 1376 1353 1445 quomodo
1383 1391 1486 1430 non
1515 1389 1728 1444 acquum
1763 1372 1862 1426 fuit
1890 1370 2109 1441 praemia
2135 1377 2189 1423 et

607 1474 793 1529 Iaudes
823 1479 876 1524 et
904 1469 1129 1538 gloriam
1167 1465 1274 1520 illis
1301 1465 1597 1534 rependere
1627 1464 1716 1533 qui
1751 1464 1800 1517 id
1835 1461 2011 1516 facere
2040 1460 2194 1515 insti-

607 1563 878 1622 tuissent?
911 1561 1018 1614 Sed
1056 1557 1244 1610 dicent
1275 1554 1509 1610 fortasse
1543 1574 1555 1610 :
1589 1552 1868 1620 Quomodo
1899 1551 2046 1604 Patri
2078 1551 2190 1619 glo-

609 1658 705 1711 riae
746 1656 850 1711 erit
890 1663 950 1708 ut
989 1651 1327 1707 Emmanueli
1370 1663 1530 1704 omne
1562 1663 1701 1718 genu
1735 1645 2021 1701 ﬂectatur?
2054 1643 2191 1710 Quia

611 1747 847 1804 Verbum
880 1761 1002 1801 cum
1035 1745 1107 1800 sit
1139 1744 1278 1798 Deus
1310 1756 1407 1813 per
1431 1749 1705 1804 naturam,
1736 1749 1792 1794 et
1822 1753 1886 1792 ex
1917 1738 2055 1807 ipso,
2092 1736 2192 1789 hoc

2292 545 2436 608 στὸς,
2468 547 2547 607 είς
2588 546 2746 608 δόξαν
2783 543 2918 596 Θεοῦ
2959 542 3191 612 Πατρός.
3231 561 3248 594 ι
3290 542 3500 595 Οὐκοῦν
3526 545 3574 595 εἰ
3620 543 3695 613 μὴ
3723 543 3909 611 φύσει

2288 637 2420 700 Θεός
2465 637 2602 700 ἐστι,
2653 637 2741 689 διὰ
2782 635 3079 703 συνάφειαν
3107 633 3163 686 δὲ
3207 633 3486 703 σχετικὴν,
3527 632 3629 701 τὴν
3659 633 3801 703 πρός
3830 649 3910 702 γε

2292 729 2435 799 φημὶ
2461 729 2552 780 τὸν
2579 729 2644 780 ὲκ
2681 727 2816 780 Θεοῦ
2845 727 3040 793 Λόγον,
3072 725 3494 796 προσκυνεῖσθαι
3523 741 3688 794 φησιν
3726 729 3913 778 αὑτὸν

2293 821 2428 890 πρός
2452 838 2513 873 τε
2547 820 2704 890 ἡμῶν
2745 819 2945 882 αὐτῶν,
2974 819 3068 871 καὶ
3109 817 3218 871 τῶν
3258 817 3432 886 ἁγίων
3477 817 3727 885 ἀγγέλων
3748 833 3763 846 ·
3797 820 3906 870 εὑ-

2294 911 2477 976 κλείας
2507 929 2594 976 τις
2625 911 2733 982 ἄρα
2775 910 2977 980 τρόπος
3011 909 3302 981 ἐξεύρηται
3333 907 3412 978 τῷ
3437 909 3634 978 Πατρὶ,
3657 907 3738 978 τῷ
3770 907 3909 959 θεο-

2295 1003 2566 1056 ποιεῖσθαι
2595 1002 2692 1056 σὺν
2713 1001 2864 1072 αὑτῷ
2883 1002 2982 1073 τὴν
3027 1001 3233 1054 κτίσιν’
3260 1002 3352 1053 καὶ
3377 999 3680 1069 λελύπηται
3711 999 3912 1068 μάτην

2295 1091 2388 1143 ἐπί
2408 1107 2569 1154 τισιν,
2603 1089 2679 1153 ὡς
2711 1089 2870 1144 τοῦτο
2897 1089 3221 1160 πεποιηκόσι
3241 1105 3254 1120 ο
3279 1089 3374 1142 καὶ
3404 1090 3454 1142 εί
3475 1089 3612 1160 πρὸς
3641 1087 3910 1151 εὐκλείας

2292 1175 2361 1251 ἦν
2416 1181 2478 1234 τὸ
2522 1181 2712 1250 χρῆμα
2775 1181 2960 1251 αὐτῷ,
3011 1179 3129 1243 πῶς
3188 1179 3288 1232 οὐκ
3343 1178 3450 1231 ἔδει
3510 1178 3606 1231 καὶ
3655 1177 3911 1248 ἁμοιὸἦς

2292 1271 2497 1336 ἀξιοῦν,
2535 1271 2757 1324 ἐπαίνου
2804 1290 2862 1325 τε
2897 1273 2991 1325 καὶ
3027 1270 3206 1342 δόξης,
3245 1271 3372 1333 τοὺς
3400 1270 3557 1322 τοῦτο
3588 1269 3720 1340 δρᾷν
3752 1270 3910 1339 ἡρη-

2297 1361 2524 1432 μένους;
2580 1361 2718 1412 Ἀλλ’
2770 1361 2899 1424 ἴσως
2943 1362 3122 1414 ἐκεῖνο
3172 1362 3327 1430 φαῖεν
3374 1359 3472 1421 ἂν,
3525 1357 3661 1412 Τίνα
3689 1357 3913 1426 τρόπον

2295 1453 2432 1524 πρὸς
2461 1452 2712 1515 εὐκλείας
2747 1451 2902 1506 ἔσται
2943 1453 3024 1523 τῷ
3054 1453 3230 1522 Πατρὶ
3281 1453 3342 1506 τὸ
3371 1450 3588 1522 κάμψαι
3619 1452 3730 1504 πᾶν
3763 1449 3911 1519 γόνυ

2292 1544 2385 1597 τὸν
2416 1543 2528 1613 Ῐῑσ.
2563 1543 2664 1615 τῷ]
2727 1545 3111 1614 Ἑμμανουήλ;
3146 1545 3267 1596 ’Ότι
3300 1543 3433 1607 Θεὸς
3459 1542 3534 1596 ὣν
3568 1541 3752 1612 φύσει,
3802 1543 3913 1593 καὶ

2293 1632 2354 1697 ἐξ
2397 1633 2584 1697 αὑτοῦ,
2624 1633 2925 1698 τουτέστιν,
2975 1635 3040 1686 ἐκ
3087 1634 3186 1705 τῆς
3236 1634 3426 1696 οὐσίας
3463 1633 3652 1699 αὑτοῦ,
3701 1632 3913 1701 γέγονε

2296 1726 2435 1797 σὰρξ
2484 1728 2512 1780 6
2555 1726 2760 1795 Λόγος·
2806 1729 3192 1798 προσκυνεῖται
3241 1726 3319 1792 δὲ,
3368 1726 3446 1790 ὡς
3483 1726 3642 1796 ἔφην,
3689 1725 3767 1790 ὼς
3818 1721 3916 1789 εἷς

610 1849 716 1903 est,
745 1854 806 1892 ex
843 1835 959 1904 eius
990 1801 1326 1896 substantia:
1351 1847 1478 1887 caro
1511 1830 1711 1886 factum
1745 1838 1829 1884 est
1859 1847 1873 1884 :
1905 1829 2190 1882 adoratur-

2313 1834 2354 1870 :t-:
2385 1817 2478 1871 καὶ
2510 1818 2670 1887 μόνος
2699 1819 2794 1870 καὶ
2824 1817 3040 1889 ἀληθῶς
3084 1818 3234 1883 Υἱὸς,
3271 1819 3407 1888 μετὰ
3432 1819 3534 1889 τῆς
3567 1818 3702 1881 ἰδίας
3730 1818 3916 1870 αὐτοῦ

609 1944 740 2001 que,
767 1937 824 1982 ut
851 1926 985 1990 dixl,
1015 1936 1074 1979 ιιι
1105 1940 1242 1978 unus
1265 1931 1319 1977 et
1344 1922 1492 1976 solus
1520 1931 1574 1975 et
1597 1935 1722 1976 vere
1749 1918 1919 1973 Filius
1945 1933 2068 1972 cum
2096 1931 2191 1971 sua

613 2020 785 2088 ipsius
816 2033 979 2074 carne
1011 2036 1026 2072 :
1059 2013 1399 2087 gloriﬁcatur
1430 2022 1610 2067 autem
1644 2011 1808 2065 Pater
1834 2019 1893 2064 ut
1929 2010 2072 2064 Deus
2102 2008 2194 2077 qui

615 2106 810 2160 habeat
843 2119 1030 2158 verum
1075 2101 1270 2157 Filium
1309 2115 1374 2156 ex
1414 2115 1510 2156 sua
1551 2099 1854 2156 substantia
1899 2099 2140 2166 genitum
2178 2110 2194 2150 :

615 2211 777 2265 quem
805 2194 972 2250 etiam
1000 2209 1220 2249 carnem
1251 2193 1453 2247 laetum
1483 2206 1581 2262 pro
1611 2192 1767 2245 nobis
1795 2190 1964 2256 dedit,
1992 2197 2052 2244 ut
2076 2202 2198 2258 pas-

616 2303 710 2342 sus
757 2301 922 2341 carne
970 2285 1174 2340 salvum
1227 2283 1432 2340 faceret
1478 2285 1664 2340 orbem
1716 2293 2020 2349 terrarum;
2073 2301 2091 2333 ι
2142 2290 2201 2334 ιιι

616 2377 795 2432 omnis
827 2378 918 2447 qui
955 2375 1126 2430 credit
1161 2375 1212 2429 iu
1250 2375 1448 2444 ipsum,
1487 2391 1591 2430 non
1631 2384 1834 2444 pereat,
1873 2373 1967 2428 sed
2005 2372 2200 2426 habeat

620 2469 784 2522 vitam
813 2476 1070 2522 eternam
1092 2464 1174 2530 ⁸⁸;
1209 2483 1226 2516 ι
1256 2474 1314 2518 ιιι
1341 2465 1519 2519 omnis
1546 2465 1637 2534 qui
1667 2464 1812 2519 videt
1837 2478 1994 2526 eum,
2022 2462 2202 2516 videat

621 2560 833 2614 Patrem
851 2560 895 2591 ⁸⁷
931 2576 946 2613 :
979 2572 1140 2627 quam
1173 2557 1336 2611 etiam
1371 2557 1546 2626 ipsam
1581 2571 1692 2609 rem
1729 2555 1883 2610 nobis
1919 2567 2041 2608 esse
2073 2566 2200 2607 vere

622 2651 837 2706 vitalem
871 2651 983 2719 ipse
1014 2648 1180 2703 Filius
1208 2651 1477 2714 ostendit;
1509 2649 1646 2702 dixit
1675 2647 1818 2700 enim
1849 2662 1864 2700 :
1902 2664 1920 2697 ι
1965 2647 2092 2699 Haec
2121 2653 2203 2699 est

623 2746 730 2799 vita
762 2754 959 2797 atterua
984 2781 998 2805 ,
1033 2753 1093 2796 ut
1124 2751 1454 2809 cognoscant
1487 2751 1538 2794 te
1569 2739 1740 2794 solum
1779 2739 1944 2792 Deum
1978 2753 2162 2791 verum
2185 2773 2202 2798 ,

622 2843 679 2886 cl
716 2847 872 2902 quem
916 2831 1112 2884 misisti
1158 2831 1340 2884 Jesum
1386 2829 1658 2885 Christum
1678 2830 1745 2883 ⁸⁸.
1784 2847 1802 2879 ι
1843 2829 1918 2881 Ae
1958 2829 2041 2882 via
2084 2828 2204 2896 qui-

624 2924 744 2978 dem
783 2931 950 2985 recta,
985 2930 1038 2975 et
1071 2923 1136 2973 ad
1169 2921 1503 2974 verissimam
1546 2921 1870 2976 sententiam
1907 2920 2206 2988 perducens

626 3016 744 3069 hare
789 3024 902 3080 est,
945 3023 997 3067 et
1045 3020 1242 3078 prmter
1284 3026 1402 3065 eam
1453 3011 1620 3067 nulla.
1671 3010 1771 3065 llic
1814 3025 1943 3064 vero
1989 3025 2203 3064 sursum

2297 1908 2520 1980 σαρκός·
2583 1908 2865 1974 δοξάζεταί
2907 1925 2971 1978 γε
3015 1909 3123 1979 μὴν
3168 1911 3197 1963 6
3234 1910 3424 1980 Πατὴρ
3467 1909 3542 1972 ὡς
3573 1909 3726 1972 Θεὸς,
3760 1909 3919 1979 ἔχων

2296 2001 2545 2070 ἀληθινὸν
2571 2001 2662 2054 τὸν
2699 2004 2763 2054 ὲκ
2803 2003 2903 2073 τῆς
2931 2001 3118 2064 οὐσίας
3147 2000 3316 2054 αὑτοῦ
3357 2000 3689 2072 γεννηθέντα
3721 2001 3859 2054 Υίόν
3895 2018 3911 2030 ο

2296 2093 2355 2146 ὃν
2396 2092 2491 2147 καὶ
2547 2093 2732 2162 σάρκα
2783 2093 3046 2161 γεγονότα
3099 2092 3334 2147 δέδωκεν
3387 2094 3526 2163 ὑπὲρ
3577 2093 3754 2163 ἡμῶν,
3813 2093 3916 2146 ῖνα

2301 2185 2466 2254 σαρκὶ
2529 2182 2758 2248 παθὼν,
2836 2179 3076 2252 διασώσῃ
3123 2183 3224 2252 τὴν
3271 2185 3363 2236 ὑπ’
3417 2183 3679 2255 οὐρανόνο
3734 2201 3754 2234 ι
3817 2183 3919 2238 Iv:

2301 2277 2418 2338 πῶς
2441 2277 2468 2327 6
2499 2276 2774 2329 πιστεύων
2812 2278 2892 2337 εἰς
2921 2275 3108 2338 αὑτὸν,
3139 2275 3199 2327 οὐ
3233 2276 3308 2346 μὴ
3330 2276 3621 2345 ἀπόληται,
3654 2275 3768 2327 ἀλλ’
3803 2276 3920 2348 ἔχῃ

2301 2369 2447 2438 ζωὴν
2490 2367 2734 2434 αἰώνιον,
2793 2389 2810 2420 ι
2865 2369 2951 2420 ἵνα
2997 2368 3104 2431 πᾶς
3149 2369 3175 2420 6
3221 2366 3441 2437 θεωρῶν
3473 2366 3654 2429 αὑτὸν,
3710 2367 3907 2437 θεωρῇ

2302 2460 2392 2512 τὸν
2426 2461 2666 2531 Πατέρα.
2713 2458 2984 2511 Ζωοποιὸν
3017 2458 3074 2510 δὲ
3117 2457 3177 2510 τὸ
3221 2459 3411 2529 χρῆμα
3446 2459 3542 2512 καὶ
3583 2457 3741 2511 τοῦτο
3770 2459 3918 2527 ἡμῖν

2305 2551 2553 2621 ὑπάρχον
2581 2550 2818 2619 ἀληθῶς,
2851 2551 3014 2612 αὐτὸς
3042 2549 3346 2620 ἐκδέδειχεν
3373 2552 3400 2602 6
3430 2550 3556 2612 Υἱός
3575 2565 3587 2577 ⁸
3613 2549 3716 2620 ἔφη
3747 2549 3860 2618 γάρ
3897 2568 3916 2580 ο

2311 2661 2327 2692 ι
2358 2642 2504 2713 Αῦτη
2531 2643 2588 2694 δέ
2617 2645 2764 2695 ἐστιν
2796 2643 2827 2713 ἡ
2856 2642 3073 2705 αἰώνιος
3103 2641 3236 2712 ζωὴ,
3270 2641 3354 2692 ἵνα
3392 2641 3704 2709 γινώσκωσι
3727 2657 3787 2693 σε
3813 2642 3919 2695 τδν

2312 2735 2474 2804 μόνον
2499 2733 2756 2804 ἀληθινὸν
2777 2734 2928 2793 Θεὸν,
2957 2734 3050 2786 καὶ
3082 2732 3139 2785 ὃν
3165 2733 3491 2795 ἀπέστειλας
3540 2731 3744 2802 Ἰησοῦν
3767 2732 3918 2802 Χρι-

2310 2827 2454 2880 στόν.
2508 2845 2525 2876 ι
2574 2827 2682 2878 Καὶ
2719 2827 2766 2878 εἰ
2800 2826 2902 2896 μὲν
2929 2826 3038 2896 (15)
3075 2826 3155 2888 εἰς
3193 2824 3324 2878 εὐθὺ
3357 2826 3450 2876 καὶ
3486 2824 3916 2895 ὰπλανεστάτην

2309 2920 2416 2971 τῶν
2458 2916 2678 2969 ἐννοιῶν
2722 2918 2860 2984 αῦτη
2907 2935 2965 2971 τε
3010 2918 3103 2970 καὶ
3140 2917 3238 2986 οὐχ
3284 2918 3447 2987 ἑτέρα
3489 2916 3696 2987 τρίϐος.
3754 2918 3814 2970 '0
3849 2918 3916 2970 δὲ

2310 3013 2422 3064 ἄνω
2465 3030 2524 3065 τε
2571 3010 2668 3064 καὶ
2714 3010 2866 3064 κάτω
2915 3009 2982 3063 τὰ
3033 3009 3209 3062 πάντα
3259 3009 3465 3071 κυκῶν,
3499 3009 3621 3082 [Διά
3673 3010 3763 3063 τὸν
3812 3028 3920 3080 φο-

624 3106 881 3161 deorsum
922 3105 1101 3158 omnia
1141 3104 1536 3166 commiscens,
1579 3102 1829 3173 [Propter
1866 3111 2201 3172 gestantem,

2315 3103 2531 3173 ροῦντα,
2580 3103 2863 3174 φησ“ι,τὸν
2911 3100 3246 3172 φορούμενον
3295 3101 3471 3154 σὲ6ω’
3517 3102 3608 3154 διὰ
3669 3102 3760 3154 τὸν
3815 3120 3916 3154 κε-

630 3200 821 3266 inquit,
839 3207 1102 3268 gestatum
1122 3213 1372 3260 veneror,
1393 3206 1612 3265 propter
1631 3195 1883 3249 latentem
1904 3195 2071 3249 adoro
2089 3209 2208 3262 spe-

629 3288 927 3360 ctabilem.]
957 3287 1160 3357 Cerne,
1187 3303 1392 3358 quzcso,
1420 3302 1634 3342 rursum
1660 3287 1857 3356 ubique
1885 3287 2033 3340 illum
2059 3286 2214 3340 unio-

633 3395 754 3434 nem
797 3378 1011 3449 fugere,
1046 3389 1102 3434 et
1136 3381 1417 3436 veritatem
1457 3378 1780 3441 formidare,
1818 3385 1872 3432 et
1909 3377 2213 3432 divinorum

632 3468 738 3541 57
763 3470 1073 3538 dogmatum
1109 3482 1316 3525 rectum
1366 3469 1468 3523 iter
1511 3466 1704 3520 vitare.
1751 3463 1868 3518 Non
1927 3463 2064 3518 alius
2098 3473 2218 3517 erat

632 3569 850 3629 gestans
874 3571 902 3612 a
929 3568 1158 3627 gestato,
1179 3560 1270 3612 sed
1302 3557 1479 3626 potius
1506 3556 1666 3621 idem,
1701 3563 1890 3622 utpOte
1912 3553 1960 3605 in
1985 3553 2218 3606 coitione

635 3650 850 3704 deitatis
893 3658 949 3704 et
988 3649 1344 3703 humanitatis
1396 3647 1766 3704 consideratus
1812 3663 1824 3698 :
1864 3661 2000 3700 unus
2054 3646 2215 3697 etiam

637 3755 700 3796 ac
725 3741 872 3796 solus
906 3755 1035 3795 vere
1078 3740 1170 3795 Dei
1211 3749 1266 3795 et
1316 3739 1490 3794 Patris
1519 3737 1707 3793 Filius.
1767 3737 1906 3807 Ergo
1945 3745 2002 3790 ιιι
2054 3752 2216 3790 unum

639 3833 802 3888 adora
830 3848 953 3887 cum
987 3848 1081 3887 sua
1115 3847 1277 3886 carne
1311 3831 1484 3900 ipsum
1516 3845 1583 3884 ex
1618 3829 1725 3885 Deo
1771 3827 2004 3882 Verbum
2042 3845 2056 3883 :
2091 3827 2221 3882 alio-

639 3925 730 3995 qui
765 3925 972 3993 explica
1003 3925 1154 3989 mihi,
1187 3923 1289 3978 nisi
1325 3923 1414 3977 tibi
1446 3931 1590 3976 recta
1617 3935 1808 3991 sapere
1845 3923 2047 3982 videor,
2075 3928 2219 3972 tuam

644 4019 696 4069 in
731 4016 814 4070 his
840 4015 1088 4084 loquendi
1113 4014 1464 4070 subtilitatem
1497 4023 1555 4067 ut
1579 4011 1902 4068 imbecillam
1935 4010 2219 4080 repellens.

645 4106 781 4159 Num
819 4107 961 4160 enim
1009 4103 1053 4158 si
1115 4105 1237 4174 quis
1291 4108 1356 4159 de
1390 4118 1715 4174 quocunque
1771 4111 2012 4156 nostrum
2061 4102 2221 4155 simili

648 4196 894 4252 homine.
930 4195 1012 4249 vel
1056 4195 1124 4248 de
1164 4210 1270 4249 uno
1302 4196 1553 4263 quopiam
1611 4203 1825 4248 terreno
1871 4206 1994 4260 rege
2044 4192 2224 4246 dicere

648 4286 879 4341 voluerit
921 4305 935 4339 ε
990 4285 1213 4354 Propter
1261 4285 1494 4339 animam
1550 4284 1692 4353 regis
1745 4297 1974 4337 veneror
2030 4296 2226 4351 corpus

646 4376 797 4446 ejus,
833 4385 1051 4444 propter
1079 4375 1333 4430 latentem
1385 4376 1555 4428 adoro
1589 4373 1732 4441 quod
1764 4383 1847 4426 est
1877 4372 2175 4436 spectabile
2207 4389 2223 4435 ;

2317 3194 2655 3265 κρυμμένον,
2698 3193 2991 3263 προσκυνῶ
3034 3192 3123 3244 τὸν
3174 3192 3548 3264 φαινόμενον.]
3599 3193 3790 3262 Ἀθρει
3841 3192 3915 3262 δή

2322 3304 2409 3356 μοι
2460 3285 2621 3337 πάλιν
2692 3285 2964 3354 φεύγοντα
3012 3283 3289 3354 πανταχοῦ
3355 3285 3454 3353 τὴν
3518 3284 3747 3348 ἕνωσιν,
3815 3287 3919 3338 καί

2317 3375 2527 3429 δεδιότα
2583 3374 2644 3428 τδ
2692 3374 2918 3446 ἀληθὲς,
2967 3377 3060 3428 καὶ
3116 3375 3225 3428 τῶν
3277 3374 3438 3428 θείων
3476 3375 3761 3445 δογμάτων
3810 3376 3918 3446 τὴν

2319 3473 2588 3543 ὀρθότητα
2643 3467 3098 3539 παραιτούμενον.
3163 3469 3276 3538 Οὐχ
3306 3468 3492 3538 ἕτερος
3518 3463 3587 3538 ἦν
3646 3469 3675 3520 6
3727 3467 3919 3537 φορῶν

2322 3566 2471 3636 παρὰ
2511 3565 2603 3616 τὸν
2645 3560 3008 3632 φορούμενονο
3068 3563 3096 3614 6
3140 3561 3302 3624 αὐτὸς
3361 3561 3418 3612 δὲ
3461 3561 3681 3631 μᾶλλον,
3744 3563 3816 3624 ὡς
3854 3565 3920 3616 ὲν

2324 3658 2526 3726 συνόδῳ
2605 3655 2940 3724 νοούμενος,
2996 3652 3250 3723 θεότητός
3297 3670 3356 3704 τε
3419 3653 3512 3704 καὶ
3558 3653 3919 3724 ἀνθρωπότη-

2321 3765 2430 3812 τος·
2484 3743 2564 3810 εἷς
2598 3764 2656 3800 τε
2713 3747 2806 3798 καὶ
2855 3745 3015 3815 μόνος
3063 3744 3279 3815 ἀληθῶς
3330 3745 3457 3807 Υἱὸς
3503 3744 3598 3797 τοῦ
3629 3745 3763 3797 Θεοῦ
3817 3748 3920 3800 καὶ

2324 3837 2558 3907 Πατρός.
2595 3835 2804 3889 Οὐκοῦν
2840 3834 2916 3896 ὡς
2962 3834 3060 3886 ἕνα
3111 3832 3405 3905 προσκύνει
3459 3834 3600 3902 μετὰ
3633 3834 3730 3902 τῆς
3776 3834 3918 3897 ἰδίας

2325 3927 2491 3981 αὑτοῦ
2531 3927 2734 3997 σαρκὸς
2761 3925 2853 3978 τὸν
2897 3926 2962 3978 ἐκ
2989 3923 3122 3978 Θεοῦ
3171 3925 3365 3992 Λόγον,
3413 3925 3565 3976 Ἐπεὶ
3599 3924 3826 3994 φράσον,
3863 3929 3919 3978 εί

2330 4022 2404 4091 μή
2445 4037 2526 4072 σοι
2555 4019 2697 4072 δοκῶ
2727 4018 2795 4070 τὰ
2837 4018 3022 4071 εἰκότα
3054 4020 3292 4087 φρονεῖν,
3329 4016 3428 4089 τὴν
3463 4017 3560 4090 σὴν
3607 4019 3665 4071 ὲν
3702 4018 3919 4082 τούτοις

2330 4109 2683 4179 ἰσχνομυθίαν
2714 4107 2789 4170 ὡς
2825 4105 3028 4177 ἀδρανῆ
3070 4105 3516 4176 παρωθούμενος.
3551 4101 3704 4176 Ἀρα
3727 4105 3834 4176 γὰρ
3865 4110 3919 4158 εί

2325 4195 2387 4264 δή
2409 4212 2492 4257 τις
2518 4195 2691 4247 ἕλοιτο
2714 4194 2892 4261 λέγειν
2926 4193 3055 4262 περὶ
3084 4193 3304 4246 ὁτουοῦν
3338 4192 3447 4245 τῶν
3478 4193 3599 4246 καθ’
3632 4195 3781 4264 ἡμᾶς
3817 4197 3920 4248 ἀν-

2329 4286 2585 4356 θρώπων,
2614 4287 2779 4355 ἤγουν
2813 4286 2896 4353 ἐφ’
2933 4285 3050 4348 ἑνὸς
3079 4285 3185 4336 τῶν
3217 4285 3310 4335 ἐπὶ
3337 4285 3438 4354 γῆς
3482 4283 3775 4354 βασιλέων·
3813 4287 3918 4339 Διὰ

2329 4379 2427 4448 τὴν
2456 4378 2550 4430 τοῦ
2596 4376 2862 4447 βασιλέως
2906 4376 3082 4446 ψυχὴν
3117 4376 3258 4427 σέϐω
3302 4375 3363 4427 τὸ
3417 4375 3575 4444 σῶμα
3613 4377 3798 4439 αὐτοῦ,
3827 4377 3921 4430 διὰ

649 4485 757 4523 non
792 4470 935 4524 illico
961 4469 1138 4538 quivis
1177 4468 1427 4536 obiurget
1479 4481 1542 4520 ac
1585 4467 1729 4520 dicat
1760 4480 1773 4517 :
1812 4464 1952 4532 Quid
1984 4472 2040 4517 tu
2075 4463 2207 4518 lacis

2335 4469 2426 4521 τὸν
2454 4468 2859 4538 κεκρυμμένον,
2898 4467 3188 4539 προσκυνῶ
3227 4467 3318 4519 τὸν
3356 4469 3701 4538 φαινόμενον,
3730 4470 3826 4522 οὐκ
3852 4471 3921 4522 ἄν

647 4575 680 4612 υ
716 4558 855 4614 boue
887 4557 1014 4612 vir?
1040 4572 1177 4611 unus
1210 4558 1431 4611 omnino
1456 4556 1616 4610 homo
1640 4562 1724 4609 est
1745 4554 1836 4624 qui
1886 4568 2064 4607 rerum
2096 4553 2229 4622 poti-

651 4661 770 4715 tur,
821 4649 1068 4719 quamvis
1110 4663 1141 4704 e
1189 4649 1396 4703 duobus
1449 4647 1695 4701 videatur
1748 4646 2110 4714 compositus,
2163 4660 2230 4698 ex

651 4744 852 4806 anima,
885 4742 1127 4810 inquam,
1161 4747 1217 4794 et
1246 4753 1493 4809 corpore.
1517 4737 1626 4794 Cur
1653 4737 1818 4807 igitur
1844 4736 1999 4790 nobis
2029 4733 2232 4788 frustra

654 4834 907 4901 nugaris,
944 4849 1065 4888 cum
1109 4840 1407 4903 gestantem
1459 4842 1514 4886 et
1562 4840 1828 4902 gestatum
1852 4868 1866 4894 ,
1898 4830 2151 4884 latentem
2181 4835 2234 4881 et

655 4925 1000 4995 spectabilem
1037 4924 1272 4994 appellas
1301 4963 1315 4986 .
1351 4933 1404 4978 et
1448 4932 1702 4992 tanquam
1760 4920 1924 4974 alium
1969 4934 2092 4974 cum
2127 4918 2233 4971 alio

656 5013 814 5067 simul
872 5013 1100 5066 adorare
1140 5012 1447 5082 proﬁteris,
1479 5021 1534 5066 et
1582 5010 1798 5065 modum
1852 5008 2068 5076 unionis
2100 5023 2231 5062 con-

661 5105 894 5159 temnis?
925 5121 1048 5157 cum
1099 5105 1356 5158 divinitus
1413 5104 1683 5171 inspirata:
1729 5099 1947 5156 Littera:
2005 5099 2135 5153 illud
2169 5115 2236 5153 ex

659 5197 770 5249 Deo
801 5196 957 5249 Patre
1010 5195 1239 5249 Verbum
1275 5209 1396 5248 cum
1451 5209 1548 5247 suo
1595 5207 1819 5261 corpore
1872 5208 2036 5244 unum
2087 5192 2241 5245 nobis

660 5290 934 5343 Christum
970 5299 1025 5344 et
1054 5290 1335 5344 Dominum
1378 5302 1500 5343 esse
1522 5283 1873 5354 pronuntient
1897 5283 1919 5339 ?
1946 5284 2028 5336 Att
2078 5283 2232 5353 igno-

726 5447 774 5477 “
806 5444 960 5499 Joan.
989 5460 1069 5508 ιιι,
1111 5445 1194 5498 16.
1271 5445 1316 5476 ⁵⁷
1344 5443 1500 5499 Joan.
1533 5458 1640 5506 xw,
1669 5443 1721 5498 9.
1801 5441 1845 5472 ⁵⁸
1873 5437 2030 5494 Joan.
2064 5454 2199 5507 xvu,
2229 5441 2283 5493 5.

2333 4579 2418 4626 τις
2449 4562 2610 4625 εὐθὺς
2644 4562 2966 4633 ἐπισκήψειε
2990 4579 3003 4593 °
3033 4562 3098 4615 Τί
3127 4563 3281 4631 δρᾷς,
3308 4556 3353 4615 ὦ
3389 4555 3579 4626 οῦτος;
3613 4563 3805 4630 λέγων·
3837 4559 3919 4626 εἷς

2338 4671 2439 4706 που
2472 4653 2689 4716 πάντως
2714 4653 3002 4723 ἄνθρωπός
3039 4654 3186 4706 ἐστιν
3215 4654 3242 4705 6
3276 4653 3514 4722 κρατῶν,
3550 4651 3652 4704 κᾶν
3679 4655 3740 4706 ἐκ
3773 4654 3917 4707 δυοῖν

2340 4743 2513 4814 ὁρῷτο
2545 4745 2924 4814 συγκείμενος,
2948 4744 3126 4815 ψυχῆς
3157 4743 3220 4814 δὴ
3266 4742 3408 4811 λέγω
3437 4742 3532 4796 καὶ
3560 4742 3824 4814 σώματος.
3853 4748 3921 4798 Τί

2340 4835 2520 4888 τοίνυν
2553 4837 2688 4905 ἡμῖν
2723 4836 2844 4904 εἰκῆ
2879 4835 3247 4905 βατταρίζεις,
3292 4834 3561 4904 φοροῦντα
3590 4834 3684 4887 καὶ
3721 4837 3919 4906 φορού-

2346 4944 2528 4996 μενον,
2560 4927 2944 4997 κεκρυμμένον
2982 4927 3075 4979 καὶ⁴
3117 4926 3443 4995 φαινόμενον
3477 4925 3778 4996 ὀνομάζων,
3823 4929 3920 4980 καὶ

2342 5017 2418 5079 ὡς
2450 5017 2636 5087 ἕτερον
2666 5019 2836 5088 ἑτέρῳ
2882 5019 3323 5087 συμπροσκυνεῖν
3365 5015 3662 5086 ὁμολογῶν,
3709 5017 3797 5070 καὶ
3827 5018 3918 5070 τὸν

2343 5109 2444 5177 τῆς
2497 5108 2744 5172 ὲνώσεως
2793 5109 3077 5179 ἀτιμάζων
3133 5110 3368 5180 τρόπονς
3425 5107 3523 5159 ἕνα
3559 5108 3792 5178 Χριστὸν
3831 5112 3926 5162 καὶ

2347 5198 2552 5269 Κύριον
2581 5199 2990 5268 ἀποφαινούσης
3016 5200 3146 5269 ἡμῖν
3173 5199 3271 5268 τῆς
3295 5197 3652 5250 θεοπνεύστου
3679 5199 3924 5268 Γραφῆς.

2344 5287 2435 5338 τὸν
2469 5289 2532 5339 ὲκ
2561 5287 2698 5340 Θεοῦ
2730 5286 2943 5356 Πατρὸς
2972 5287 3144 5355 Λόγον
3181 5289 3320 5355 μετὰ
3349 5284 3444 5338 τοῦ
3475 5285 3607 5338 ίδίου
3638 5286 3925 5354 σώματοςὶ

1947 5596 2108 5650 ΛΝΤ.
2147 5593 2416 5649 AGELLII
2457 5593 2689 5648 NOT/E.

745 5766 859 5838 (15)
892 5765 1192 5834 Legendum
1227 5765 1318 5816 καὶ
1361 5764 1393 5831 ἡ
1430 5761 1548 5830 μέν.
1588 5760 1677 5814 Sic
1710 5759 1844 5813 dixit
1885 5771 2003 5826 pag.
2044 5757 2209 5826 48,1:

2313 5776 2318 5823 ι
2353 5755 2450 5823 μὲν
2479 5752 2585 5804 τῶν
2620 5751 2903 5818 δογμάτιιιν
2935 5746 3068 5818 ὀρθή
3109 5763 3185 5799 τε.
