4028 6446
109 340 210 389 105

1238 337 1602 391 ADVERSL'S
1642 336 2038 391 NliSTOlilUM
2080 337 2208 390 LIB.
2255 338 2314 390 ll.

3276 336 3374 391 106

110 452 176 501 Ἥ
208 451 313 502 οὐκ
348 446 517 504 οἶσθα
547 454 629 504 ὅτι
678 453 1048 522 τεθεράπευκε
1091 453 1186 521 μὲν
1228 456 1284 505 ὲν
1319 454 1705 524 Ἰεροσολύμοις

1829 471 1901 511 'as
1933 465 1989 508 ut
2023 455 2093 507 illi
2133 456 2473 538 anativitate
2519 469 2659 509 caeco
2694 455 3073 524 Hierosolymis
3115 468 3144 509 a
3189 468 3246 507 se
3279 468 3375 506 cu-

106 544 196 592 τὸν
236 544 303 592 ὲκ
353 544 593 613 γενετῆς
640 545 861 613 τυφλὸν,
896 540 1015 597 εἶτα
1058 544 1245 597 τοῦτον
1298 544 1472 614 εὑρὼν
1532 548 1588 597 ὲν
1633 546 1709 614 τῷ

109 634 267 701 ἱερῷ,
308 634 549 701 βεϐαίαν
588 635 739 704 αὐτῷ
781 635 875 688 καὶ
920 636 1209 705 ἱδρυμένην
1236 635 1452 704 ὲνετίθη
1476 637 1575 704 τὴν
1618 638 1709 688 πί-

113 740 269 787 στιν;
311 727 489 794 ἤρετο
528 726 638 793 γὰρ
669 723 1009 795 προσελθὼν,
1048 744 1065 776 ι
1095 726 1165 779 Σὺ
1200 725 1475 788 πιστεύεις
1502 728 1581 788 είς
1620 728 1710 779 τὸν

118 814 243 865 Υἰὸν
281 815 383 866 τοῦ
409 814 552 867 Θεοῦ
580 832 595 879 ;
638 818 732 867 καὶ
760 816 895 884 πρός
916 832 976 881 γε
1011 816 1167 868 ταυτὶ
1208 817 1538 886 κεκραγότος
1572 817 1712 869 ὲκεί-

111 923 203 957 von
230 923 243 935 ·
280 906 385 967 Τίς
407 907 553 969 ἐστι,
577 906 770 975 Κύριε,
803 907 892 958 ἵνα
922 905 1197 958 πιστεύσω
1230 906 1309 968 εἰς
1345 906 1537 970 αὑτόν;
1569 925 1585 956 ι
1608 905 1709 973 ἔφη

117 996 284 1048 πάλιν
320 996 493 1057 αὑτός
519 1013 530 1028 ·
580 1014 597 1045 ι
639 997 748 1048 Καὶ
800 996 1053 1066 ἑώρακας
1108 995 1289 1058 αὐτὸν,
1323 996 1418 1047 καὶ
1463 997 1491 1047 ὁ
1538 994 1712 1047 λαλῶν

117 1086 259 1153 μετά
293 1083 418 1146 σοῦ,
457 1085 668 1146 ἐκεῖνός
709 1087 879 1138 ἐστιν.
910 1104 927 1135 ι
967 1085 1128 1154 Ὁρᾷς
1175 1084 1342 1145 ὅπως,
1383 1084 1442 1134 οὑ
1486 1082 1573 1134 τὸν
1620 1099 1713 1149 φο-

117 1174 321 1241 ροῦντα
366 1173 636 1242 δέδειχεν,
666 1174 726 1226 οὐ
764 1175 856 1226 τὸν
896 1174 1007 1237 εσω
1053 1173 1454 1243 κεκρυμμένον,
1495 1171 1608 1224 ἀλλ’
1638 1170 1711 1234 ὡς

113 1266 213 1317 ἕνα
246 1264 454 1333 μᾶλλον
488 1265 680 1317 ἑαυτὸν
700 1264 851 1334 μετὰ
875 1266 974 1333 τῆς
1009 1264 1206 1335 σαρκός
1228 1280 1241 1293 ·
1277 1264 1372 1316 καὶ
1410 1261 1539 1329 γοῦν
1572 1263 1599 1315 ὁ
1626 1278 1714 1314 σο-

114 1356 215 1420 φὸς
252 1356 541 1423 Ἰωάννης,
560 1375 577 1406 ι
596 1357 661 1407 Ὃ
685 1350 751 1426 ἦν
782 1357 874 1408 ἀπ’
896 1356 1092 1428 ἀρχῆς,
1124 1356 1305 1425 φησὶν,
1324 1354 1351 1406 ὃ
1374 1354 1710 1422 ἀκηκόαμεν,

113 1449 141 1498 ὅ
175 1449 522 1516 ἑωράκαμεν
557 1450 671 1509 τοῖς
711 1448 1012 1517 ὀφθαλμοῖς
1066 1448 1244 1517 ἡμῶν,
1284 1447 1311 1499 δ
1345 1445 1711 1515 ἐθεασάμεθα,

114 1540 211 1590 καὶ
245 1539 301 1588 ai
331 1540 524 1605 χεῖρες
553 1536 712 1606 ἡμῶν
744 1537 1105 1607 ἐψηλάφησαν
1142 1535 1382 1607 περὶτοῦ
1409 1534 1583 1601 Λόγου
1612 1533 1711 1601 τῆς

114 1630 287 1701 ζωῆς.
320 1648 339 1678 ι
386 1629 587 1682 Καίτοι
622 1629 683 1681 τὸ
716 1629 868 1682 Θεῖόν
900 1632 1047 1683 ἐστιν
1083 1628 1307 1696 ἀναφὲς,
1335 1626 1469 1680 ἀλλὰ
1490 1625 1711 1691 γέγονεν

114 1721 289 1783 ἁπτὸς
321 1723 349 1772 ὁ
381 1720 583 1786 Λόγος,
619 1718 696 1781 ὡς
742 1720 833 1772 διὰ
877 1722 977 1789 τῆς
1025 1720 1159 1781 ίδίας
1207 1718 1438 1789 σαρκός·
1483 1718 1711 1787 ἀόρατος

1813 554 1968 607 rato,
2022 560 2139 599 cum
2202 556 2382 613 postea
2448 546 2617 611 ipsum
2686 548 2977 600 invenisset
3036 545 3086 599 in
3138 543 3373 611 templo,

1813 636 2020 687 ilrmam
2048 644 2101 687 et
2134 634 2378 688 stabilem
2431 635 2681 689 indiderit
2726 636 2882 689 tidem
2914 635 2935 687 ?
2968 649 3086 687 nam
3115 634 3376 687 accedens

1810 725 2018 793 rogavit
2052 742 2066 777 :
2100 742 2117 773 ι
2149 724 2224 777 Tu
2260 726 2434 779 credis
2459 726 2509 779 in
2544 726 2734 779 Filium
2761 726 2851 779 Dei
2875 726 2974 778 ?ad
3005 727 3115 779 hare
3142 724 3234 777 illo
3260 725 3376 777 cla-

1812 824 1992 868 mante
2028 816 2196 881 :Quis
2247 824 2347 879 est,
2387 816 2641 882 Domine,
2681 827 2737 871 ut
2780 820 2994 871 credam
3046 818 3095 869 in
3140 831 3259 869 eum
3291 815 3313 866 ?
3349 835 3367 865 ι

1813 906 1946 961 dixit
1978 907 2089 973 ipse
2125 922 2307 960 rursus
2342 926 2353 961 :
2395 926 2412 958 ι
2448 910 2506 961 Et
2534 909 2708 962 vidisti
2742 924 2899 971 eum,
2937 919 2989 961 et
3023 908 3111 976 qui
3144 908 3377 975 loquitur

1812 1002 1987 1048 tecum
2018 995 2128 1063 ipse
2166 1005 2247 1049 est
2275 996 2342 1049 ".
2394 1015 2411 1046 ι
2454 995 2611 1050 Vides
2630 998 2895 1065 quomodo
2929 1012 3030 1050 non
3062 1008 3377 1065 gestantem,

1812 1099 1917 1137 non
1974 1085 2115 1139 intus
2144 1085 2428 1150 latentem,
2459 1087 2551 1140 sed
2600 1101 2718 1140 sese
2770 1103 2887 1139 cum
2932 1102 3094 1140 carne.
3126 1098 3374 1152 tanquam

1815 1191 1979 1228 unum
2015 1178 2362 1231 ostenderit?
2393 1177 2551 1232 Certe
2598 1180 2782 1233 beatus
2835 1177 3109 1232 Joannes:
3163 1198 3179 1229 ι
3224 1179 3375 1243 Quod

1817 1264 1915 1319 fuit
1941 1266 2009 1321 ab
2039 1267 2209 1333 initio,
2247 1269 2439 1336 inquit,
2471 1268 2609 1336 quod
2637 1270 2952 1330 audivimus,
2985 1268 3125 1337 quod
3149 1269 3378 1321 vidimus

1813 1357 1982 1411 oculis
2013 1358 2213 1411 nostris
2236 1396 2251 1421 ,
2275 1361 2414 1426 quod
2441 1360 2811 1427 perspeximus
2830 1395 2844 1419 ,
2867 1366 2920 1412 et
2959 1374 3144 1411 manus
3182 1366 3375 1411 nostra

1814 1458 2283 1502 contrectaverunt
2306 1451 2370 1503 de
2389 1449 2563 1503 Verbo
2585 1449 2704 1501 vitae
2722 1449 2786 1500 '°.
2820 1468 2837 1500 ο
2858 1450 3014 1516 Atqui
3034 1449 3282 1501 divinitas
3300 1457 3381 1502 est

1814 1538 2175 1591 intractabilis
2195 1581 2208 1604 ,
2236 1540 2325 1592 sed
2354 1538 2579 1592 Verbum
2603 1554 2711 1592 suae
2738 1539 2914 1592 carnis
2950 1527 3153 1592 ratione
3180 1547 3379 1592 tracta-

1816 1626 1918 1680 bile
1940 1626 2136 1681 factum
2162 1641 2275 1682 est:
2307 1629 2569 1683 invisibile
2592 1631 2803 1697 quidem
2829 1637 2942 1683 erat
2967 1630 3253 1683 secundum
3284 1644 3382 1681 na-

1818 1725 1990 1769 turam
2015 1758 2028 1781 ,
2059 1718 2151 1772 sed
2176 1720 2467 1787 spectabile
2491 1734 2584 1787 per
2617 1734 2830 1788 corpus.
2864 1720 2931 1771 At
2960 1734 3084 1772 vero
3110 1728 3162 1771 tu
3197 1727 3380 1772 coiitra

115 1814 265 1864 κατα
297 1810 495 1880 φύσιν,
533 1810 646 1862 ἀλλ’
676 1807 743 1879 ἦν
774 1787 1024 1881 ἐμφανὴς
1050 1810 1137 1863 διὰ
1163 1787 1431 1881 σώματος.
1462 1811 1533 1864 Σὺ
1559 1809 1616 1863 δὲ
1650 1810 1713 1879 δὴ

1829 1809 2105 1878 distinguis
2158 1812 2404 1871 omnino,
2437 1821 2489 1864 et
2544 1811 2823 1863 veritatem
2876 1810 2985 1863 tuis
3043 1810 3383 1879 sepliismatis

118 1910 281 1960 πάλιν
311 1906 534 1974 διῖστᾷς
559 1902 887 1971 ὀλοτρόπως,
917 1903 1011 1955 καὶ
1037 1899 1376 1973 κατασοφίζῃ
1403 1902 1465 1953 τὸ
1501 1900 1718 1969 ἀληθὲς,

113 2003 214 2062 τὰς
246 2000 351 2068 μὲν
386 1996 589 2064 φύσεις
615 1995 884 2064 χωρίζων,
910 1993 1044 2046 ἑνῶν
1072 1993 1148 2053 δὲ,
1174 1992 1247 2054 ὼς
1278 1992 1402 2061 φὴς,
1432 1989 1529 2059 τὴν
1555 2004 1723 2059 προσ-

116 2091 378 2159 κύνησιν.
429 2089 575 2140 Ἀλλ’
618 2090 665 2138 εἰ
707 2085 964 2154 χωρίζεις
1001 2082 1099 2144 τὰς
1128 2082 1347 2148 φύσεις,
1390 2094 1720 2145 συναποφοι-

117 2184 342 2252 τήσειεν
385 2181 454 2232 ἂν
500 2179 693 2238 αὑταῖς
737 2176 831 2226 καὶ
875 2173 943 2225 τὰ
995 2171 1258 2241 ἑκατέρας
1294 2170 1400 2223 ἴδια
1435 2168 1711 2235 φυσικῶςο

116 2275 305 2327 ἐλάσει
328 2272 390 2324 δὲ
430 2267 681 2338 διαμπὰξ
712 2264 810 2332 τῆς
836 2263 1097 2332 διαφορᾶς
1130 2263 1156 2312 ὁ
1192 2261 1347 2327 λόγος
1367 2277 1381 2291 ·
1410 2258 1502 2311 δύο
1530 2258 1593 2327 δὴ
1624 2254 1717 2311 οὖν

116 2362 613 2434 ὁμολογουμένως.
638 2356 783 2425 Πλὴν
818 2352 1062 2424 ἐρομένῳ
1091 2352 1322 2421 φράσον·
1347 2350 1485 2401 Τίτὸ
1515 2350 1723 2401 διῖστὰν

120 2455 383 2523 ἀλλήλων
418 2451 520 2511 τὰς
552 2447 764 2514 φύσεις,
806 2447 901 2498 καὶ
930 2444 1029 2513 τῆς
1056 2442 1322 2511 διαφορᾶς
1352 2440 1435 2501 τίς
1474 2438 1541 2491 ἂν
1582 2437 1667 2505 εἴη
1696 2439 1725 2489 ὀ

118 2547 365 2614 τρόπος
405 2540 548 2594 Ἀλλ’
576 2541 723 2608 ὲρείς
756 2554 860 2589 που
883 2536 1117 2599 πάντως,
1140 2534 1216 2597 ὡς
1245 2532 1429 2601 ἕτερον
1455 2530 1551 2599 μὲν
1584 2528 1726 2583 κατὰ

121 2635 291 2702 φύσιν
346 2633 675 2703 ἄνθρωπος,
730 2628 898 2697 ἤγουν
951 2623 1340 2692 άνθρωπότης·
1401 2619 1586 2688 ἓτερον
1643 2616 1722 2679 δὲ,

120 2727 280 2787 Θεὸς,
320 2726 452 2793 ἦτοι
485 2722 711 2789 θεότης·
744 2717 839 2770 καὶ
879 2716 912 2785 ἡ
948 2714 1067 2785 μὲν,
1108 2710 1454 2781 ἀσυγκρίτως
1488 2707 1722 2777 θατέροις

124 2813 545 2885 ὑπερηρμένη·
600 2812 766 2879 μείων
799 2825 863 2877 γε
905 2806 1009 2876 μὴν
1055 2803 1236 2872 ἐκείνη
1290 2799 1560 2862 τοσοῦτον,
1603 2799 1726 2850 ὅσον

124 2909 223 2962 ἄνθ
236 2921 429 2977 ρωπος
460 2902 622 2954 Θεοῦ.
645 2900 768 2963 Πῶς
798 2896 912 2960 οὖν,
942 2895 1061 2949 είπέ
1088 2911 1201 2964 μοι,
1234 2892 1332 2962 μιᾷ
1360 2888 1726 2961 προσκυνήσει

122 3000 298 3067 τιμᾷν
336 2995 517 3057 ἀξιοῖς
550 2992 620 3044 τά
646 2990 818 3051 οὕτως
847 2988 1097 3056 ἀλλήλοις
1130 2982 1416 3052 ἀνισοφυῆ,
1452 2981 1547 3033 κα),
1583 2977 1725 3033 κατὰ

123 3088 218 3140 τὸν
252 3085 353 3136 τοῦ
395 3081 521 3144 πῶς
551 3078 690 3133 εἶναι
736 3077 915 3144 λόγον,
956 3073 1307 3144 άσυγκρίτοις
1346 3072 1623 3172 διαφοραῖς
1650 3067 1727 3172 οι-
1752 3116 1794 3172 C

124 3175 532 3250 εσχοινισμένα
555 3191 570 3238 ;
596 3169 746 3241 Ἀρα
774 3170 882 3239 γὰρ
917 3167 1069 3234 ἵππῳ
1108 3162 1351 3232 περιθεὶς
1382 3161 1482 3229 τὴν
1516 3157 1725 3250 ἀνθρώ-

127 3248 235 3323 που
274 3268 464 3333 δόξαν,
494 3263 707 3333 ἐργάσῃ
740 3278 791 3313 τι
844 3259 954 3311 τῶν
986 3252 1425 3323 ὲπαινουμένων;
1463 3251 1496 3320 ἢ
1527 3248 1725 3318 μᾶλλον

125 3360 414 3428 ὲξυῦριεῖς
442 3356 509 3406 τὸ
541 3350 897 3420 ὑπερτεροῦν,
924 3345 1249 3415 κατασὺρων
1277 3344 1355 3405 είς
1381 3340 1442 3392 τὸ
1472 3337 1727 3399 δυσκλεὲς

127 3450 230 3515 τὴν
257 3445 480 3515 ἀμείνω
504 3442 700 3509 φύσιν;
737 3439 873 3490 Ἀλλ’
904 3435 1201 3505 ὲξηύρηταί
1226 3451 1278 3487 τι
1305 3433 1465 3501 σοφὸν
1494 3432 1573 3491 είς
1596 3431 1727 3482 ἀπο-

130 3538 323 3605 λογίαν
352 3533 529 3601 αὐτῷ.
565 3530 917 3599 Προσεπάγει
951 3527 1060 3593 γάρ
1082 3544 1093 3555 ’

197 3709 224 3781 Ῑ
253 3710 331 3762 Οὐ
366 3704 495 3759 καθ’
539 3700 701 3755 ἑαυτὸ
732 3700 862 3762 Θεὸς
889 3698 951 3751 τὸ
987 3696 1224 3749 πλασθὲν
1263 3694 1355 3746 ἐπὶ
1388 3693 1630 3763 μήτρας·
1668 3691 1725 3742 οὐ

134 3800 263 3851 καθ’
301 3795 475 3849 ἑαυτὸ
524 3792 658 3853 Θεὸς
690 3792 751 3843 τὸ
791 3788 1029 3841 πλασθὲν
1064 3788 1126 3838 ἐκ
1160 3783 1254 3836 τοῦ
1293 3782 1634 3851 ιίνεύματος·
1670 3781 1728 3831 οὑ

135 3888 262 3940 καθ’
291 3884 464 3937 ἑαυτὸ
494 3881 629 3942 Θεὸς
669 3880 730 3931 τὸ
765 3878 935 3945 ταφὲν
974 3876 1066 3927 ἐπὶ
1106 3875 1413 3944 μνήματος*
1456 3870 1596 3923 οὓτω
1624 3869 1731 3938 γὰρ

139 3980 205 4031 ἂν
244 3973 396 4047 ἦμεν
448 3971 929 4043 άνθρωπολάτραι,
980 3968 1075 4021 καὶ
1105 3965 1462 4036 νεκρολάτραι
1520 3964 1729 4030 σαφεῖς.

151 4068 293 4121 Ἀλλ’
321 4064 633 4131 ἐπειδήπερ
664 4063 721 4113 ὲν
753 4059 831 4127 τῷ
861 4055 1120 4126 ληφθέντι
1158 4055 1309 4117 Θεὸς,
1333 4056 1397 4106 ὲκ
1414 4053 1506 4104 τοῦ
1539 4051 1733 4104 λαϐόν-

141 4176 230 4220 τος
264 4158 291 4207 ὁ
321 4154 584 4225 ληφθεὶς,
617 4152 692 4213 ὡς
718 4150 797 4219 τῷ
825 4148 1045 4203 λαϐόντι
1080 4145 1370 4212 συναφθεὶς
1413 4160 1735 4212 συγχρημαο

140 4250 280 4313 τίζει
310 4239 504 4316 Θεὸς.]

752 4374 1002 4427 ΚΕΦᾹΛ.
1047 4372 1113 4423 IB
1135 4410 1146 4422 .

229 4516 362 4567 Ἰδοὺ
408 4512 475 4581 δὴ
522 4510 685 4563 πάλιν
728 4511 862 4577 ἡμῖν
894 4510 922 4559 ὁ
964 4507 1061 4577 τὴν
1110 4511 1405 4573 συνάφειαν
1459 4506 1735 4575 ὀνομάζων

148 4604 459 4676 πανταχοῦ,
496 4605 593 4656 καὶ
627 4603 693 4653 τὰ
730 4601 829 4670 τῆς
874 4598 1385 4669 άνθρωπολατρείας
1415 4599 1736 4669 ἐγκλήματα

150 4696 360 4760 δεδιὼς,
412 4693 531 4763 ἥλω
566 4688 805 4758 γεγονὼς
840 4687 1299 4757 ἀνθρωπολάτρης
1320 4702 1332 4713 ·
1377 4688 1608 4749 καὶτοῖς
1641 4687 1738 4755 τῆς

153 4787 347 4841 ἑαυτοῦ
381 4782 713 4843 δυσϐουλίας
758 4780 1037 4848 ὲνίσχηται
1070 4779 1313 4849 βρόχοις,
1358 4780 1450 4830 καὶ
1482 4795 1738 4845 καταφω-

158 4882 313 4950 ρᾶται
342 4876 539 4929 πεσὼν
571 4876 649 4936 εἰς
676 4873 930 4941 ἀδόκιμον
959 4871 1101 4923 νοῦν.
1140 4872 1211 4923 Τὸ
1240 4871 1348 4941 γάρ
1380 4887 1461 4921 σοι
1495 4869 1624 4941 [τοι]
1660 4888 1743 4922 τε-

158 4971 276 5041 χθὲν
300 4973 369 5021 ἐκ
398 4969 643 5036 μήτρας,
665 4964 724 5014 οὐ
764 4963 876 5014 sub"
898 4962 1253 5031 ἑαυτὸ,φησὶ,
1288 4962 1438 5024 Θεὸς.
1484 4962 1569 5022 Ὠς
1606 4961 1743 5028 ἄγα-

162 5062 254 5129 μαί
291 5076 357 5112 σε
390 5058 494 5126 τῆς
530 5054 837 5123 ἀγχινοίας,
865 5053 959 5106 καὶ
990 5054 1184 5123 φρενὸς
1208 5052 1304 5120 τῆς
1335 5050 1475 5103 οὕτω
1506 5051 1710 5119 λεπτῆς
1730 5067 1742 5080 ⁸

162 5154 237 5213 τίς
294 5151 412 5218 γὰρ
455 5147 598 5207 ὅλως
644 5146 672 5197 ὁ
732 5144 890 5197 τοῦτο
945 5144 1110 5211 φάναι
1164 5141 1553 5212 τεθαρσηκώςς
1599 5143 1747 5213 ἢτίς

164 5244 458 5309 ἠγνόηκεν,
488 5236 573 5290 ὃτι
604 5235 667 5287 τὸ
706 5235 1102 5304 γεγεννημένον
1132 5237 1197 5287 ὲκ
1234 5234 1331 5303 τῆς
1360 5234 1582 5303 σαρκὸς,
1616 5234 1751 5301 σάρξ

166 5335 305 5383 ἐστιν
330 5347 343 5395 ;
388 5328 533 5381 Ἀλλ’
567 5322 635 5396 ἦν
665 5326 769 5379 ἰδία
799 5324 893 5378 τοῦ
918 5326 1122 5393 Λόγου·
1156 5326 1249 5377 καὶ
1286 5320 1366 5388 εἷς
1395 5328 1594 5378 νοεῖται
1634 5328 1750 5392 μετ’

171 5422 356 5491 αὐτῆς,
390 5419 648 5489 καθάπερ
683 5418 877 5486 ἀμέλει
914 5415 1224 5482 φθάσαντες
1284 5416 1527 5485 εἴπομεν,
1576 5418 1668 5467 καὶ
1718 5418 1749 5485 ἡ

173 5512 257 5563 τοῦ
286 5510 581 5579 ἀνθρώπου
602 5508 750 5577 ψυχὴ
781 5507 919 5576 μετὰ
948 5506 1040 5558 τοῦ
1069 5506 1196 5558 ἰδίου
1226 5502 1639 5577 adituro;on
1658 5502 1752 5559 οὖν

240 5695 284 5724 ⁸⁹
316 5692 472 5765 Jpan.
530 5706 601 5751 Ix,
647 5686 847 5741 35-39.
929 5685 972 5716 “
1003 5682 1203 5740 lJoan.
1237 5702 1275 5751 l,
1316 5686 1365 5740 1.

532 5782 812 5843 ΡΑτιιοι..
849 5779 965 5837 Gn.
1004 5778 1254 5837 LXXVI.

1824 1899 2018 1957 cludis.
2056 1911 2111 1952 ut
2140 1915 2394 1954 secernas
2426 1912 2641 1954 naturas
2664 1943 2677 1964 ,
2715 1911 2767 1955 et
2795 1902 2971 1966 unias,
3000 1909 3056 1953 ut
3080 1901 3191 1967 ipse
3236 1914 3383 1953 asse—

1826 1993 1921 2057 ris,
1950 1994 2335 2048 adorationem.
2370 1993 2473 2048 Sed
2499 1997 2543 2049 si
2572 1995 2767 2048 dividis
2798 2004 3045 2057 naturas,
3073 1994 3230 2047 simul
3257 2008 3375 2045 cum

1828 2083 1932 2136 illis
1982 2084 2260 2138 discedent
2303 2086 2460 2139 etiam
2498 2100 2613 2152 quae
2655 2085 2867 2151 utrique
2898 2093 3020 2136 sunt
3069 2084 3386 2136 naturaliter

1826 2175 2039 2241 propria
2070 2191 2083 2237 ;
2125 2175 2335 2229 recedet
2361 2176 2519 2227 etiam
2552 2176 2603 2227 in
2629 2174 2934 2229 universum
2970 2173 3104 2227 ratio
3134 2171 3384 2226 differen-

1828 2262 1955 2315 tize:
1993 2262 2097 2315 duo
2151 2274 2307 2316 erunt
2362 2264 2524 2327 igitur
2574 2264 2759 2332 procul
2811 2265 2989 2318 dubio.
3048 2261 3153 2318 Sed
3209 2275 3385 2318 tamen

1824 2352 2031 2419 explica
2073 2354 2232 2415 milii,
2277 2368 2478 2421 quaeso,
2529 2354 2655 2422 quid
2707 2354 2833 2407 illud
2867 2355 2937 2407 sit
2979 2355 3117 2422 quod
3166 2364 3387 2408 naturas

1825 2440 1966 2492 inter
1993 2455 2051 2493 se
2088 2441 2286 2505 divisit,
2330 2442 2448 2509 quis
2489 2443 2616 2496 item
2653 2442 2968 2497 diderentia:
3017 2446 3225 2497 modus.
3281 2442 3385 2497 Sed

1825 2530 1971 2585 dices
1994 2532 2234 2593 omnino,
2267 2534 2409 2586 aliud
2448 2548 2568 2588 esse
2598 2549 2663 2586 ex
2707 2534 2818 2602 ipsa
2859 2543 3047 2587 natura
3091 2535 3384 2599 hominem,

1825 2634 1919 2673 seu
1960 2620 2379 2685 humanitatem,
2421 2624 2562 2677 aliud
2604 2622 2804 2689 Deum,
2848 2625 2961 2678 sive
3005 2624 3385 2688 divinitatem;

1825 2706 1933 2776 58
1970 2718 2023 2762 et
2064 2710 2199 2764 hanc
2262 2712 2475 2779 quidem
2524 2728 2644 2765 esse
2682 2714 2845 2767 altera
2903 2714 3390 2782 incomparabiliter

1826 2799 2152 2864 superiorem
2178 2839 2190 2862 ,
2221 2800 2361 2852 illam
2418 2816 2606 2854 rursus
2663 2810 2813 2855 tanto
2856 2804 3153 2865 minorem,
3193 2814 3392 2871 quanto

1825 2886 1895 2939 sit
1934 2887 2091 2939 homo
2122 2888 2227 2941 Deo
2281 2888 2519 2942 inferior.
2571 2890 2850 2954 Quomodo
2886 2891 3074 2959 igitur,
3110 2893 3195 2945 dic
3238 2892 3389 2957 mihi,

1828 2993 1929 3031 una
1956 2978 2268 3033 aduratione
2298 2990 2454 3048 putas
2482 2980 2811 3044 honoranda,
2850 2995 2966 3048 qua:
3006 2982 3145 3034 inter
3170 2996 3227 3035 se
3258 2982 3392 3035 adeo

1830 3078 1955 3123 sunt
2013 3070 2257 3138 inaequali
2301 3082 2521 3132 natura,
2574 3082 2627 3123 et
2678 3073 2925 3127 essentia:
2997 3071 3202 3126 ratione
3261 3071 3393 3127 adeo

1830 3160 2055 3214 diversis
2078 3159 2390 3215 ditl'erentiis
2426 3162 2672 3229 alijuncta
2702 3163 2724 3215 ?
2757 3164 2833 3215 An
2861 3178 2984 3217 vero
3008 3165 3050 3218 si
3078 3174 3394 3218 ornamenta

1830 3251 2062 3303 hominis
2100 3266 2237 3319 equo
2271 3252 2665 3320 circumponas,
2702 3254 2993 3322 quidquam
3032 3252 3227 3308 eﬂicies
3248 3257 3392 3322 quod

1830 3341 1900 3394 illi
1936 3340 2149 3395 laudem
2188 3341 2423 3396 atl‘crat?
2466 3359 2531 3396 an
2565 3344 2740 3412 potius
2770 3344 2896 3397 illud
2936 3342 3283 3399 excellentius
3309 3342 3394 3397 af-

1829 3432 1977 3485 ilcies
2010 3432 2201 3497 injuria
2222 3474 2237 3496 ,
2260 3448 2381 3487 cum
2416 3434 2838 3502 praestantiorem
2872 3444 3117 3487 naturam
3166 3434 3217 3487 in
3245 3434 3397 3504 igno-

1832 3521 2050 3573 miniam
2090 3523 2341 3575 detrahas
2372 3522 2519 3576 ?Sed
2546 3534 2757 3576 acutum
2784 3524 3037 3591 quiddam
3067 3525 3130 3576 ad
3174 3538 3399 3592 respon-

1832 3613 2062 3667 dendum
2090 3612 2293 3665 invenit
2322 3630 2336 3678 ;
2373 3614 2519 3666 addit
2553 3615 2693 3667 enim
2722 3630 2733 3663 ε

1905 3698 2165 3769 [Νεετοιι.
2209 3700 2323 3754 Νοη
2352 3711 2431 3755 est
2478 3717 2573 3771 per
2624 3717 2681 3757 se
2716 3701 2855 3756 Deus
2878 3702 3018 3771 quod
3052 3711 3136 3755 est
3165 3703 3215 3755 in
3250 3710 3403 3758 utero

1834 3787 2122 3842 formatum
2165 3807 2179 3852 ;
2220 3806 2321 3844 non
2346 3801 2426 3845 est
2449 3807 2543 3860 per
2582 3807 2639 3845 se
2674 3793 2811 3846 Deus
2840 3795 2978 3860 quod
3008 3802 3089 3847 est
3112 3792 3397 3847 formatum

1834 3895 1864 3932 a
1892 3881 2093 3949 Spiritu
2129 3900 2142 3934 :
2175 3896 2278 3933 non
2310 3891 2391 3936 est
2435 3897 2529 3950 per
2567 3898 2624 3936 se
2664 3885 2803 3937 Deus
2846 3885 2987 3953 quod
3020 3886 3282 3950 sepultum
3322 3895 3406 3939 est

1837 3971 1888 4024 in
1938 3983 2316 4037 monumento,
2383 3973 2579 4040 alioqui
2633 3989 2873 4029 essemus
2933 3975 3299 4040 hominicolae,
3353 3990 3407 4030 et

1838 4059 2216 4113 cadavericola:
2265 4061 2559 4115 manifesti.
2611 4062 2714 4115 Sed
2752 4063 2875 4131 quia
2910 4072 2989 4116 est
3036 4064 3088 4117 in
3132 4074 3408 4131 assumpto

1839 4148 2016 4215 Deus,
2055 4166 2116 4204 ex
2145 4162 2456 4205 assumente
2504 4152 2593 4221 qui
2636 4162 2716 4206 est
2773 4163 3109 4220 assumptus,
3155 4163 3405 4221 tauquam

1839 4239 2135 4293 assumenti
2159 4238 2498 4307 coniunctus,
2532 4241 2688 4295 simul
2712 4241 3007 4309 appellatur
3047 4243 3206 4295 Deus.
3234 4241 3252 4312 ]

2474 4372 2623 4427 CAP.
2653 4369 2764 4425 XII.

1918 4508 2052 4562 Ecce
2080 4508 2189 4575 jam
2216 4525 2425 4563 rursum
2456 4509 2610 4563 nobis
2637 4510 2723 4577 qui
2748 4509 3175 4577 conjunctionem
3211 4509 3408 4577 ubique

1844 4598 2112 4663 nominat,
2163 4609 2215 4651 et
2275 4599 2504 4653 hominis
2557 4599 2761 4652 colendi
2814 4598 3014 4651 crimen
3072 4598 3407 4661 reformidat,

1846 4688 2161 4743 hominieola
2195 4704 2313 4743 esse
2337 4690 2694 4755 convincitur,
2734 4704 2948 4757 sumque
2993 4690 3170 4758 impiae
3202 4691 3408 4759 cogita-

1847 4780 2005 4832 tionis
2060 4779 2264 4847 laqueis
2321 4780 2622 4847 lmplieatus
2654 4790 2902 4842 tenetur,
2939 4782 3067 4833 etin
3109 4780 3407 4849 improbum

1846 4887 2060 4924 sensum
2090 4872 2264 4938 lapsus
2287 4872 2699 4937 deprehenditur
2729 4887 2742 4921 :
2779 4886 2896 4922 nam
2928 4870 2977 4923 id
3000 4872 3139 4940 quod
3168 4886 3231 4924 ex
3259 4882 3410 4924 utero

1852 4971 1935 5015 est
1961 4962 2194 5024 editum,
2224 4963 2431 5029 inquit,
2477 4978 2578 5014 non
2620 4976 2720 5031 per
2751 4976 2809 5014 se
2842 4961 2978 5014 Deus
3004 4970 3103 5015 est.
3166 4962 3414 5022 Admiror

1853 5053 2098 5119 equidem
2131 5062 2273 5104 tuam
2306 5052 2445 5105 hanc
2468 5052 2761 5114 solertiam,
2794 5063 2845 5105 et
2878 5053 3071 5105 subtile
3101 5053 3233 5104 adeo
3264 5054 3413 5123 inge-

1856 5144 2022 5197 nium.
2064 5141 2193 5207 Quis
2249 5146 2390 5196 enim
2434 5158 2650 5210 prorsus
2706 5145 2808 5196 hoc
2847 5145 3027 5196 dicere
3074 5152 3153 5195 est
3207 5146 3417 5199 ausus?

1854 5243 1945 5285 aut
2001 5233 2122 5302 quis
2184 5235 2445 5299 ignoravit
2517 5248 2747 5300 unquam
2797 5235 2937 5299 quod
2993 5243 3173 5286 natum
3226 5242 3306 5285 est
3351 5248 3417 5285 ex

1854 5339 2033 5387 carne,
2068 5339 2281 5379 carnem
2312 5340 2430 5378 esse
2461 5325 2481 5375 ?
2510 5324 2612 5378 Sed
2646 5336 2820 5376 tamen
2853 5334 2968 5377 erat
2999 5325 3207 5392 propria
3233 5322 3414 5384 Verbi,

1854 5426 1907 5471 et
1940 5432 2076 5470 unus
2100 5432 2216 5470 cum
2250 5417 2335 5469 illa
2367 5416 2702 5482 intelligitur,
2724 5424 2781 5467 ut
2807 5417 2988 5483 procul
3021 5417 3200 5481 dubio,
3226 5430 3411 5485 quem-

1858 5508 2142 5563 admodum
2191 5514 2434 5579 superius
2484 5511 2738 5575 diximus,
2770 5510 2927 5565 etiam
2972 5509 3204 5564 hominis
3240 5510 3415 5562 anima

3038 5772 3067 5826 4
