4028 6432
671 335 771 388 107

1667 325 1724 380 S.
1767 320 2034 380 CYRILLI
2072 315 2536 372 ALEXANDHINI
2581 314 2898 369 ARCIIIEI‘.

3815 305 3918 357 108

668 462 789 501 cum
813 461 911 501 suo
935 460 1158 514 corpore
1187 462 1203 499 :
1240 461 1367 516 ergo
1392 444 1434 499 si
1465 442 1729 513 quispiam
1749 441 1813 495 de
1842 439 1995 493 nobis
2020 449 2230 504 quoque

2343 434 2388 483 εἴ
2431 449 2509 494 τις
2545 433 2716 484 ἕλοιτο
2753 430 2842 482 καὶ
2872 430 2952 496 ἐφ’
2984 428 3135 497 ἡμῶν
3167 428 3359 488 εἰπεῖν,
3399 424 3497 476 ούκ
3537 423 3825 493 ἄνθρωπος
3856 421 3920 472 τὸ

666 541 850 593 dicere
914 538 1075 603 velit,
1140 553 1245 591 non
1308 551 1428 589 esse
1488 535 1759 590 hominem
1812 531 1985 600 ipsum
2038 543 2235 596 corpus

665 645 760 697 per
803 645 898 689 se.
959 644 1136 682 nonne
1180 626 1514 695 superﬂuens
1565 626 1617 678 in
1659 637 1907 678 sermone
1956 630 2010 676 et
2059 633 2232 686 nugax

669 721 862 773 merito
917 719 1173 773 dicetur?
1207 718 1389 786 Neque
1440 717 1581 768 enim
1629 716 1910 783 quisquam
1949 720 2238 780 negaturus

667 821 748 864 est
799 813 973 878 ipsum
1013 825 1114 878 per
1167 825 1225 863 se.
1255 824 1448 876 corpus
1483 824 1586 860 non
1636 821 1754 860 esse
1805 804 2112 864 hominem,
2145 801 2237 854 sed

661 903 844 968 potius
889 901 1120 954 hominis
1163 915 1358 968 corpus
1396 900 1524 953 dici.
1578 899 1680 951 Sed
1712 911 1868 950 nemo
1897 906 2074 948 tamen
2106 893 2239 947 duas

668 991 720 1043 in
753 998 933 1058 partes
968 988 1246 1051 dividens,
1285 1004 1349 1041 ac
1395 987 1620 1041 scorsim
1663 999 1867 1053 ponens
1905 985 2136 1036 animam
2188 989 2242 1034 et

669 1096 899 1149 corpus,
925 1080 1120 1134 dixerit
1169 1093 1406 1146 unquam
1443 1091 1638 1143 corpus
1683 1077 1870 1129 eodem
1907 1089 2026 1127 cum
2062 1072 2238 1125 anima

666 1171 922 1240 appellari
954 1170 1168 1225 nomine
1193 1171 1258 1220 ad
1288 1183 1450 1222 unum
1486 1166 1759 1219 hominem
1783 1165 2190 1234 signiﬁcandum
2221 1178 2235 1224 ;

671 1277 844 1330 neque
884 1262 1027 1314 enim
1072 1269 1228 1326 aptus
1259 1261 1360 1312 erit
1390 1257 1651 1328 ejusmodi
1695 1271 1904 1320 sermo,
1931 1255 2022 1308 sed
2068 1253 2241 1322 potius

671 1352 955 1420 imperitia:
987 1351 1196 1420 plenus.
1234 1349 1338 1403 Sed
1367 1365 1486 1402 cum
1515 1359 1799 1416 utrumque
1824 1347 2118 1401 secundum
2145 1359 2240 1396 na-

673 1441 898 1495 turalem
926 1440 1174 1493 unionem
1199 1438 1539 1506 conjnnxerit
1570 1440 1635 1492 ad
1666 1439 1823 1491 unius
1855 1437 2086 1490 hominis
2113 1449 2242 1500 con-

669 1534 1021 1596 stitutionem,
1053 1540 1162 1585 tum
1196 1532 1407 1584 demum
1464 1530 1732 1583 hominem
1779 1528 2086 1598 appellabit.
2142 1539 2242 1578 nec

669 1622 941 1676 videbitur
964 1621 1141 1689 inepte
1158 1621 1709 1688 absurdequedicere.
1732 1618 1982 1688 Oportuit
2005 1631 2153 1684 ergo,
2193 1615 2238 1669 si

669 1713 888 1766 omnino
912 1713 1127 1779 sapiens
1153 1711 1312 1763 homo
1331 1713 1606 1778 solersqne
1621 1719 1738 1763 erat
1757 1752 1770 1774 ,
1801 1723 1996 1775 corpus
2024 1708 2236 1776 quidem

669 1803 795 1856 illud
812 1817 875 1855 ex
900 1801 1122 1854 muliere
1144 1801 1344 1863 dicere,
1372 1810 1426 1855 et
1447 1801 1668 1868 insuper
1694 1799 1870 1864 fateri,
1893 1799 2018 1851 illud
2040 1798 2241 1850 unitate

670 1891 966 1946 secundum
1037 1890 1368 1961 hypostasim
1447 1905 1571 1943 cum
1636 1888 1813 1942 Verbo
1871 1880 2238 1955 co'njunctum,

671 1996 838 2033 unum
905 1978 1181 2031 Christum
1249 1985 1303 2029 et
1357 1975 1554 2030 Filium
1611 1985 1664 2030 et
1718 1976 2001 2030 Dominum
2059 1975 2239 2026 absol-

669 2074 846 2134 visse,
904 2069 1158 2123 eumdem
1234 2066 1392 2122 simul
1474 2076 1531 2122 et
1583 2068 1746 2121 Deum
1824 2075 1879 2121 et
1945 2066 2237 2119 hominem.

670 2159 779 2229 59
800 2158 953 2213 Nunc
988 2172 1118 2212 vero
1162 2159 1264 2213 hoc
1307 2159 1528 2221 omisso,
1577 2171 1827 2224 perversa
1859 2155 2101 2224 graditur
2134 2155 2239 2218 via,

669 2251 736 2304 de
779 2258 927 2303 recta
968 2249 1256 2312 decedens,
1305 2262 1369 2300 ac
1414 2247 1550 2301 duos
1600 2245 1753 2302 nobis
1801 2250 1929 2302 deos
1963 2246 2238 2314 praedicat,

671 2355 836 2392 unum
878 2338 1173 2392 secundum
1211 2348 1460 2390 naturam
1494 2353 1556 2392 ac
1587 2339 1890 2402 veritatem,
1926 2338 2055 2390 illud
2092 2336 2244 2390 nimi.

673 2446 790 2482 rmn
837 2444 902 2483 ex
960 2429 1067 2482 Deo
1120 2428 1280 2483 Patre
1328 2427 1598 2494 Verbum;
1655 2429 1818 2482 alium
1869 2443 1996 2483 vero
2047 2437 2242 2497 praeter

672 2523 835 2583 hunc,
883 2519 974 2586 qui
1007 2518 1166 2572 simul
1199 2534 1319 2572 cum
1351 2534 1415 2573 eo
1462 2519 1606 2575 Deus
1639 2520 1957 2587 appellatur.
1993 2520 2064 2574 Ut
2094 2519 2238 2572 enim

671 2623 826 2663 nemo
867 2609 1038 2661 nostri
1096 2611 1312 2678 generis
1359 2609 1559 2662 dicitur
1592 2625 1714 2664 cum
1762 2625 1821 2664 se
1873 2610 1989 2677 ipso
2037 2619 2091 2664 et
2123 2609 2240 2664 solo

668 2701 1002 2762 conversari,
1046 2700 1192 2753 verbi
1221 2701 1417 2769 gratia,
1447 2701 1542 2754 sed
1589 2717 1708 2754 cum
1756 2700 1926 2754 altero
1953 2716 2240 2756 conversa-

668 2800 776 2855 tur,
812 2805 876 2844 ac
917 2790 962 2843 si
991 2805 1149 2858 quem
1177 2805 1208 2844 e
1232 2791 1465 2844 terrenis
1497 2791 1710 2859 regibus
1730 2791 2014 2859 quisquam
2045 2791 2241 2846 dixerit

669 2883 829 2936 simul
880 2898 1003 2936 eum
1060 2883 1241 2950 seipse
1291 2897 1538 2951 regnare,
1567 2884 1690 2951 jure
1735 2884 1805 2938 sit
1865 2883 2140 2948 ridendus,
2186 2892 2241 2937 et

671 2972 979 3038 negabitur,
1027 2971 1152 3024 dum
1191 2972 1330 3038 quod
1382 2974 1448 3024 de
1481 2986 1589 3025 uno
1638 2972 1864 3040 soloque
1897 2972 2115 3035 dicitur,
2159 2970 2241 3026 sic

2339 525 2496 593 σῶμα
2525 523 2645 574 καθ’
2679 521 2855 584 ἑαυτὸ,
2885 521 2944 571 ού
2975 518 3226 585 περιττὸς
3256 518 3333 579 είς
3365 516 3557 583 λόγους
3590 515 3682 566 καὶ
3712 512 3922 564 εἰκαιό-

2342 615 2509 684 μυθος
2549 613 2868 682 ὀνομάζοιτο
2916 610 2980 663 ἂν
3014 609 3274 671 είκότως;
3329 605 3789 676 Ἀρνήσεταιιγάρ
3824 604 3922 654 οὺ-

2337 705 2468 768 δεὶς,
2506 705 2588 755 ὅτι
2637 703 2709 772 μὴ
2740 701 3024 771 ἄνθρωπος
3063 699 3122 750 τὸ
3168 698 3327 766 σῶμα
3375 697 3496 749 καθ’
3538 696 3719 757 ἑαυτὸ,
3754 695 3923 762 σῶμα

2337 797 2395 848 δὲ
2430 795 2630 865 μᾶλλον
2659 793 2946 864 ἀνθρώπου
2995 789 3192 858 λέγοιτ’
3226 788 3310 842 ἄν.
3347 787 3493 856 Πλὴν
3531 786 3591 837 ού
3634 785 3757 853 δίχα
3795 784 3922 834 δια-

2338 887 2541 956 τεμὼν,
2579 889 2670 939 καὶ
2699 886 2801 939 ἀνὰ
2855 884 3020 954 μέρος
3065 881 3235 942 τιθεὶς
3264 880 3442 948 ψυχήν
3487 896 3547 930 τε
3591 878 3684 930 καὶ
3729 878 3921 945 σῶμα,

2340 978 2475 1047 φαίη
2513 995 2595 1039 τις
2639 978 2726 1039 ἂν,
2777 977 2858 1028 ὄτι
2915 974 3316 1042 συγχρηματιεί
3345 973 3404 1022 τδ
3453 970 3612 1038 σῶμα
3647 971 3710 1037 τῇ
3765 969 3922 1036 ψυχῇ

2345 1072 2484 1138 πρὸς
2531 1070 2649 1130 ἑνὸς
2695 1066 2981 1133 ἀνθρώπου
3032 1064 3294 1133 δήλωσιν·
3339 1063 3423 1131 εἴη
3467 1061 3576 1131 γὰρ
3614 1061 3679 1114 ἂν
3720 1061 3821 1111 οὐκ
3860 1061 3926 1110 ἐν

2340 1161 2532 1230 κόσμῳ
2577 1159 2946 1228 γεγενημένος
2983 1159 3010 1211 ὁ
3038 1157 3240 1210 τοιόσδε
3286 1157 3473 1222 λόγος,
3505 1152 3702 1222 μᾶλλον
3729 1152 3784 1204 δὲ
3823 1152 3925 1203 καὶ

2340 1251 2580 1320 ἀμαθίας
2598 1250 2868 1320 ἔμπλεως.
2893 1251 3092 1318 ’Λμφω
3114 1265 3173 1316 γε
3199 1246 3303 1317 μὴν
3325 1245 3443 1297 καθ’
3463 1246 3654 1297 ἕνωσιν
3676 1244 3923 1312 φυσικὴν

2343 1343 2683 1410 συνενεγκὼν
2722 1344 2801 1404 εἰς
2837 1342 2952 1404 ἑνὸς
3000 1340 3288 1411 ἀνθρώπου
3329 1340 3620 1400 σύστασιν,
3653 1338 3774 1389 τότε
3825 1340 3926 1388 καὶ

2339 1435 2625 1504 ἄνθρωπον
2655 1433 2935 1502 ὀνομάσει·
2975 1433 3069 1485 καὶ
3103 1431 3207 1483 κᾶν
3243 1430 3353 1500 [ιον.
3379 1429 3477 1480 οὐκ
3505 1428 3592 1498 ἂν]
3623 1428 3762 1480 οὕτω
3790 1428 3927 1498 δόξῃ

2339 1523 2660 1592 ἀσύμφυλόν
2682 1539 2740 1575 τε
2767 1523 2862 1575 καὶ
2885 1521 3117 1582 ἀκαλλὲς
3143 1523 3336 1572 εἰπεῖν.
3355 1519 3500 1570 Ἔδει
3529 1518 3726 1579 τοίνυν,
3759 1519 3926 1584 εἴπερ

2338 1631 2423 1676 τις
2454 1609 2522 1682 ἦν
2556 1613 2692 1671 ὅλως
2721 1612 2880 1679 σοφός
2913 1628 2973 1663 τε
3007 1612 3103 1662 καὶ
3137 1610 3410 1678 νουνεχὴς,
3445 1607 3606 1676 σῶμα
3628 1609 3823 1668 εἰπεῖν,
3859 1607 3928 1657 τὸ

2341 1707 2406 1757 ὲκ
2459 1706 2751 1771 γυναικός·
2804 1702 3277 1774 προσομολογῆσαι
3310 1701 3364 1752 δὲ
3404 1701 3485 1753 ὅτι
3525 1703 3593 1769 τῇ
3628 1698 3744 1751 καθ’
3783 1699 3927 1749 ὑπό·

2271 1773 2314 1826 Β
2347 1813 2534 1848 στασιν
2565 1794 2755 1848 ὲνώσει
2784 1773 3100 1862 συνενεχθὲν
3127 1792 3204 1861 τῷ
3232 1792 3409 1861 Λόγῳ,
3435 1791 3667 1861 Χριστὸν
3693 1791 3789 1841 ἕνα
3822 1791 3926 1840 καὶ

2343 1885 2472 1938 Υίὸν
2513 1885 2608 1936 καὶ
2648 1885 2854 1952 Κύριον
2892 1883 3251 1937 ἀποτετέλεκε
3294 1883 3385 1933 τὸν
3429 1882 3592 1933 αὐτὸν
3627 1881 3753 1932 ὅντα
3785 1879 3928 1931 Θεὸν

2345 1980 2438 2030 καὶ
2468 1977 2751 2047 ἄνθρωπον
2774 1993 2786 2006 ·
2819 1978 2935 2029 νυνὶ
2961 1977 3018 2029 δὲ
3053 1976 3212 2028 τοῦτο
3244 1973 3448 2042 μεθεὶς,
3471 1974 3641 2026 οἴεται
3668 1971 3778 2041 (16)
3818 1973 3928 2039 μὲν

2342 2069 2440 2137 τὴν
2469 2067 2911 2137 διεστραμμένην
2957 2067 3055 2135 τῆς
3092 2067 3170 2129 είς
3227 2065 3355 2118 εύθὺ
3393 2065 3728 2117 διεκπίπτων
3755 2062 3880 2114 ὁδοῦ
3910 2078 3922 2089 ·

2343 2158 2434 2211 δύο
2463 2159 2516 2210 δὲ
2566 2161 2696 2227 ἡμῖν
2742 2156 3089 2226 διακηρύττει
3149 2157 3334 2217 Θεοὺς,
3368 2156 3462 2206 ἕνα
3522 2155 3617 2224 μὲν
3650 2155 3724 2215 ὡς
3758 2153 3927 2220 φύσει

2345 2250 2436 2301 καὶ
2461 2249 2689 2318 ἀληθείᾳ
2715 2249 2805 2301 τὸν
2854 2251 2916 2301 ὲκ
2966 2247 3100 2300 Θεοῦ
3157 2247 3367 2313 Πατρὸς
3409 2246 3608 2312 Λόγον·
3649 2246 3832 2314 ἕτερον
3863 2245 3931 2295 δὲ

2344 2342 2475 2410 παρ’
2528 2341 2730 2404 αὑτὸν,
2779 2341 2870 2392 τὸν
2923 2336 3436 2408 συγχρηματίζοντα
3489 2335 3666 2405 αὐτῷ·
3713 2335 3770 2387 ὃν
3810 2334 3930 2404 γὰρ

2343 2428 2540 2496 τρόπον
2568 2427 2738 2488 οὐδεὶς
2775 2428 2840 2479 ἂν
2870 2427 3082 2493 λέγοιτο
3131 2426 3238 2476 τῶν
3272 2426 3393 2477 καθ’
3422 2427 3568 2493 ἡμᾶς
3609 2423 3787 2492 ἑαυτῷ
3826 2429 3928 2475 καὶ

2346 2519 2490 2588 μόνῳ
2517 2518 2919 2571 συνδιαιτᾶσθαι
2944 2516 3122 2585 τυχὸν,
3156 2516 3324 2585 ἑτέρῳ
3355 2517 3409 2567 δὲ
3450 2516 3648 2584 μᾶλλον
3682 2516 3928 2566 συνδιαι-

2341 2608 2587 2675 τήσεται.
2640 2607 2757 2660 Κᾶν
2791 2609 2843 2660 εῐ
2887 2625 3009 2660 τινα
3044 2607 3190 2674 λέγοι
3231 2607 3338 2659 τῶν
3373 2607 3464 2656 ἐπὶ
3507 2605 3611 2674 γῆς
3656 2605 3931 2674 βασιλέων

2345 2695 2765 2764 συμϐασιλεύειν
2795 2696 2993 2766 ἑαυτῷ,
3018 2696 3170 2764 ὄφλοι
3201 2696 3268 2749 ἂν
3298 2695 3526 2758 εἰκότως
3558 2695 3789 2764 γέλωτα,
3824 2697 3930 2748 καὶ

2345 2787 2630 2859 βατταριεῖ
2660 2788 2721 2840 τὸ
2757 2789 2842 2857 ἐφ’
2876 2788 2994 2852 ἑνός
3022 2805 3082 2840 τε
3119 2788 3214 2840 καὶ
3243 2789 3403 2858 μόνου
3432 2788 3602 2850 τιθεὶς
3631 2789 3723 2840 καὶ
3748 2787 3933 2854 λέγων

2342 2881 2417 2943 ὡς
2446 2883 2537 2933 ἐπὶ
2566 2881 2734 2946 δυοῖν,
2775 2881 2948 2946 οὕτως
2983 2883 3240 2936 ἀσύνετον
3273 2883 3469 2952 κομιδῆ
3499 2882 3560 2933 τὸ
3597 2896 3930 2949 συγχρημα-

2342 2973 2515 3035 τίζειν
2549 2974 2759 3026 οῐεσθαι
2808 2975 2928 3028 καθ’
2958 2976 3075 3035 ἑνός
3109 2992 3166 3026 τε
3207 2975 3300 3027 καὶ
3335 2975 3494 3044 μόνου
3524 2972 3782 3026 δύνασθαι
3817 2991 3934 3042 χω-

666 3063 823 3132 ponit
874 3072 1036 3130 atque
1089 3061 1406 3130 pronuntiat
1458 3071 1713 3130 tanquam
1769 3066 1834 3116 de
1877 3062 2119 3127 duobus;
2167 3060 2238 3115 ita

2349 3065 2478 3133 ρείν,
2511 3062 2604 3114 δύο
2635 3063 2742 3132 γάρ
2780 3081 2880 3115 που
2924 3064 3141 3124 πάντως
3189 3052 3436 3114 εἷενάνυ
3466 3061 3560 3114 καὶ
3598 3062 3625 3112 ὁ
3681 3060 3775 3128 μὲν
3806 3060 3934 3112 ἐστι

673 3155 895 3206 stultum
927 3167 1058 3205 sane
1094 3152 1377 3220 sitputare
1405 3151 1506 3205 hoc
1539 3152 1735 3219 ipsum,
1764 3150 1924 3204 simul
1957 3151 2238 3220 appellari,

670 3246 736 3296 de
779 3257 886 3296 uno
931 3242 1152 3309 soloque
1193 3243 1302 3296 dici
1356 3257 1516 3310 posse
1549 3257 1563 3293 :
1595 3243 1702 3295 duo
1740 3254 1973 3310 namque
2019 3256 2243 3311 prorsus

669 3341 849 3399 erunt,
887 3341 941 3386 et
971 3333 1109 3386 alter
1149 3334 1447 3386 secundum
1483 3343 1730 3386 naturam
1767 3332 1924 3398 Deus,
1953 3332 2090 3386 alter
2115 3346 2243 3387 vero

672 3424 857 3492 procul
884 3424 1046 3478 dubio
1077 3438 1200 3478 cum
1230 3425 1281 3477 id
1316 3423 1488 3477 Solum
1523 3423 1719 3477 habeat
1746 3433 1804 3476 ut
1835 3423 1998 3478 simul
2024 3439 2145 3477 cum
2177 3438 2242 3478 eo

671 3525 897 3568 vocetur
947 3514 1122 3581 Deus,
1177 3514 1338 3581 idque
1386 3515 1724 3567 extrinsecus
1767 3523 1822 3566 et
1873 3515 2239 3581 acquisitum,

673 3619 864 3659 recens
891 3606 1045 3659 nobis
1073 3603 1215 3659 Deus
1261 3606 1488 3658 exstitit.
1524 3603 1659 3657 Num
1692 3619 1820 3672 ergo
1867 3605 2125 3657 mentitur
2157 3605 2244 3657 ille

669 3706 862 3751 natura
900 3705 954 3750 et
1001 3710 1128 3750 vere
1161 3697 1540 3750 universorum
1583 3696 1720 3748 Deus
1754 3711 1875 3749 cum
1914 3695 2047 3749 dicit
2081 3713 2093 3748 :
2132 3715 2148 3746 ι
2185 3694 2241 3748 Si

673 3789 907 3842 audieris
955 3803 1063 3851 me,
1111 3802 1215 3841 non
1264 3788 1371 3840 erit
1424 3788 1474 3839 in
1528 3797 1578 3840 te
1626 3786 1759 3840 deus
1811 3801 2021 3852 recens,
2071 3801 2244 3854 neque

671 3879 925 3933 adorabis
969 3879 1128 3933 deum
1178 3878 1411 3932 alienum
1439 3879 1518 3930 M?
1554 3897 1571 3929 ›
1617 3878 1728 3931 lloc
1774 3878 1819 3930 si
1852 3879 1924 3930 ita
1963 3887 2063 3942 est,
2109 3893 2243 3945 quo-

675 3965 832 4018 modo
880 3967 1168 4020 adoramus
1217 3965 1520 4031 Christum,
1573 3976 1627 4019 et
1681 3967 1758 4019 illi
1797 3965 2043 4019 ﬂectetur
2086 3981 2245 4020 onme

672 4069 810 4121 genu
831 4055 854 4107 ?
907 4056 1178 4124 quomodo
1232 4055 1393 4110 etiam
1457 4058 1604 4111 illmn
1651 4059 1895 4112 venerari
1948 4058 2242 4120 conﬁteris,

673 4161 797 4199 cum
833 4154 1008 4201 tamen
1040 4145 1321 4210 formides,
1350 4157 1406 4200 ut
1435 4148 1642 4209 dixisti,
1677 4162 1743 4201 ne
1772 4148 2094 4202 hominicola
2127 4162 2245 4203 esse

672 4237 952 4292 videaris?
982 4237 1090 4291 Sed
1129 4239 1294 4292 habet
1323 4241 1514 4292 adhoc
1548 4239 1807 4307 aliquam,
1840 4249 1898 4292 ut
1926 4241 2039 4308 ipse
2071 4247 2242 4308 putat,

671 4341 884 4386 acutam
925 4330 1329 4399 responsionem
1381 4348 1551 4385 :nam
1605 4342 1863 4400 tanquam
1924 4332 2244 4402 conjunetus

2344 3151 2490 3210 κατὰ
2519 3152 2677 3217 φύσιν
2711 3151 2842 3212 Θεὸς
2866 3169 2877 3181 ·
2911 3153 2938 3201 ὁ
2965 3151 3042 3212 δὲ,
3085 3152 3223 3219 τάχα
3268 3167 3372 3201 που
3413 3151 3507 3202 καὶ
3542 3150 3698 3218 μόνον
3749 3149 3810 3199 τό
3858 3166 3933 3216 γε

2346 3242 2790 3311 συγχρηματίσαι
2843 3241 3075 3309 θύραθέν
3125 3258 3185 3292 τε
3251 3240 3347 3291 καὶ
3393 3239 3687 3307 ἐπίκτητον
3759 3238 3930 3307 ἔχων,

2346 3334 2656 3403 πρόσφατος
2692 3335 2824 3401 ἡμῖν
2873 3331 3154 3400 ἀνεδείχθη
3185 3331 3337 3393 Θεός.
3380 3326 3505 3400 τΑρ’
3534 3326 3626 3382 οὖν
3669 3329 3932 3398 ψεύδεται

2344 3424 2538 3491 λέγων,
2562 3426 2590 3476 ό
2622 3425 2782 3491 φύσει
2815 3441 2872 3476 τε
2904 3423 2998 3476 καὶ
3021 3424 3233 3493 ἀληθῶς
3265 3422 3371 3475 τῶν
3405 3423 3543 3475 ὅλων
3561 3422 3721 3484 Θεός⁶
3755 3439 3772 3472 ι
3797 3421 3935 3474 Ἐὰν

2345 3514 2585 3586 ἀκούσῃς
2615 3533 2738 3583 μου,
2770 3516 2870 3565 οὐκ
2900 3514 3053 3565 ἔσται
3078 3517 3135 3565 ὲν
3167 3516 3249 3566 σοὶ
3287 3513 3405 3575 θεὸς
3441 3513 3771 3583 πρόσφατος,
3801 3513 3934 3566 οὐδὲ

2346 3606 2745 3672 προσκυνήσεις
2788 3603 2895 3673 θεῷ
2945 3603 3234 3673 ἀλλοτρίῳ;
3268 3621 3285 3651 ι
3345 3601 3475 3656 Εἶτα
3522 3603 3640 3664 πῶς
3684 3619 3936 3671 προσκε-

2348 3694 2661 3761 κυνήκαμεν
2693 3691 2768 3760 τῷ
2800 3691 3042 3762 Χριστῷ,
3075 3692 3169 3744 καὶ
3194 3691 3343 3760 αὐτῷ
3379 3690 3584 3760 κάμψει
3617 3693 3724 3743 πᾶν
3755 3691 3889 3758 γόνυ
3915 3707 3932 3756 ;

2348 3783 2465 3845 πῶς
2491 3783 2546 3834 δὲ
2589 3783 2683 3835 καλ⁵
2722 3783 2900 3836 σέϐειν
2957 3784 3117 3835 αὑτὸν
3148 3782 3462 3851 όμολογείς;
3504 3782 3680 3834 καίτοι
3713 3781 3931 3847 δεδιὼς⁹

2346 3877 2419 3936 ὡς
2454 3875 2611 3944 ἔφης,
2645 3875 2704 3926 τὸ
2738 3874 3198 3944 ἀνθρωπολάτρης
3231 3869 3367 3926 εἶναι
3405 3873 3600 3926 δοκεῖν.
3642 3872 3776 3925 Ἀλλ’
3809 3872 3936 3941 ἔχει

2346 3963 2465 4016 τινὰ
2499 3962 2750 4030 καθάπερ
2792 3959 2885 4015 οὖν
2927 3963 3097 4014 οἱέται
3137 3962 3296 4028 σοφὸν
3330 3963 3422 4013 ἐπὶ
3466 3961 3601 4031 τῷδε
3628 3961 3780 4029 λόγον
3802 3979 3814 3992 ·
3848 3961 3936 4026 ὡς

2346 4058 2457 4125 γάρ
2489 4055 2567 4124 τῷ
2620 4055 2838 4108 λαϐόντι
2881 4054 3211 4122 συναφθεὶς,
3263 4053 3695 4123 συγχρηματίζει
3747 4052 3878 4114 Θεός
3909 4069 3930 4085 ·

2348 4147 2464 4208 πῶς
2503 4145 2710 4216 ἐλήφθη
2763 4145 2992 4215 φράσον,
3039 4143 3224 4212 ἢτίνα
3278 4145 3546 4212 συνῆπται
3587 4143 3816 4214 τρόπον;
3860 4143 3934 4195 El.

2351 4239 2446 4307 μὲν
2474 4233 2565 4290 οὖν
2586 4237 2703 4290 καθ’
2727 4238 2920 4289 ἕνωσιν
2951 4236 3147 4304 ἀληθῆ,
3168 4236 3264 4303 τὴν
3290 4237 3410 4287 καθ’
3440 4235 3734 4286 ὑπόστασιν
3756 4233 3930 4300 λέγω,

2351 4328 2556 4381 παῦσαι
2596 4326 2836 4398 μερίζων
2869 4327 2927 4378 τὸ
2959 4327 3268 4396 ἡνωμένον·
3303 4325 3394 4376 ἐπὶ
3438 4323 3624 4394 καιροῦ
3657 4325 3712 4375 δὲ
3745 4321 3929 4392 οἶμαι,

671 4423 966 4475 assumenti
998 4420 1157 4474 simul
1193 4420 1496 4487 appellatur
1522 4421 1697 4474 Deus:
1731 4421 2005 4490 quomodo
2036 4437 2240 4475 assum-

2349 4416 2441 4467 καὶ
2482 4416 2616 4485 πρός
2662 4432 2727 4482 γε
2782 4415 2938 4483 ἡμῶν
2997 4415 3275 4484 εἰρήσεται
3331 4413 3672 4484 διατέμνοντί
3723 4430 3803 4465 σοι
3863 4415 3937 4466 τὸ

670 4518 793 4576 plus
855 4519 937 4563 est
992 4511 1285 4576 eloquere,
1338 4520 1428 4562 aut
1485 4525 1720 4578 quonam
1791 4511 2110 4579 eonjunclus
2160 4520 2243 4565 est

671 4601 862 4652 modo?
898 4598 1029 4652 Nam
1061 4601 1104 4653 si
1144 4600 1358 4669 quidem
1407 4598 1701 4655 secundum
1741 4617 1926 4655 veram
1963 4603 2240 4665 unionem,

671 4689 818 4741 illam
863 4690 1158 4743 secundum
1207 4691 1538 4760 hypostasim
1589 4693 1741 4756 dico;
1791 4694 1979 4747 desine
2026 4693 2240 4746 tandem

675 4778 884 4830 unitum
909 4778 1153 4848 dividere
1179 4797 1193 4832 :
1225 4790 1280 4832 et
1316 4789 1617 4848 opportune
1645 4781 1807 4833 etiam
1854 4795 1880 4831 a
1911 4781 2064 4834 nobis
2091 4780 2240 4833 dice-

676 4878 762 4919 tur
814 4867 907 4921 tibi
965 4869 1296 4922 individuum
1348 4869 1625 4923 dividenti.
1681 4891 1697 4917 ι
1730 4871 1879 4934 Quod
1926 4886 2053 4939 ergo
2103 4871 2242 4922 Deus

670 4957 970 5026 conjunxit,
1006 4959 1166 5013 homo
1196 4975 1266 5013 ne
1305 4960 1590 5014 dividat“.
1626 4980 1644 5011 ι
1677 4960 1769 5013 Sin
1817 4962 2237 5026 assumptionem

675 5054 832 5102 istam
882 5065 975 5104 seu
1029 5051 1461 5118 coniunctionem
1513 5068 1633 5106 esse
1682 5053 1816 5105 dicis
1853 5064 2132 5106 externam
2178 5069 2241 5106 ac

674 5139 974 5202 relativam,
1013 5121 1297 5206 ‘quomodo
1344 5157 1450 5195 non
1495 5143 1731 5194 advertis
1775 5143 1825 5193 in
1874 5143 2028 5194 nobis
2077 5143 2237 5195 etiam

670 5245 787 5284 esse
817 5230 1004 5293 Deum,
1040 5237 1092 5282 et
1121 5245 1218 5283 nos
1249 5229 1323 5284 illi
1354 5231 1603 5300 conjungi
1638 5231 1879 5294 relative,
1921 5243 1974 5284 et
2015 5232 2236 5298 partici-

740 5386 783 5418 “
819 5388 986 5441 Exod.
1020 5404 1107 5452 xx,
1134 5388 1203 5451 ﬂ;
1235 5388 1370 5442 Psal.
1402 5405 1565 5453 Lxxx,
1604 5389 1687 5441 10.
1767 5392 1810 5420 ⁶²
1838 5389 2030 5442 Matth.
2062 5407 2170 5452 xix,
2202 5391 2255 5442 b'.

2348 4505 2611 4573 ἄτμητον,
2654 4523 2671 4555 ι
2712 4503 2779 4557 Ὃ
2823 4501 2914 4556 οὖν
2963 4504 3092 4566 Θεὸς
3143 4503 3477 4566 συνέζευξεν,
3513 4503 3798 4573 ἄνθρωπος
3848 4506 3936 4573 μὴ

2348 4597 2646 4665 χωριζέτω.
2685 4616 2702 4648 ι
2745 4595 2807 4648 Εἰ
2866 4597 2921 4648 δέ
2964 4613 3026 4664 γε
3060 4598 3157 4666 τὴν
3190 4596 3378 4667 λῆψιν,
3433 4598 3597 4664 ῆγουν
3650 4595 3745 4664 τὴν
3796 4612 3936 4647 συν-

2350 4689 2566 4756 άφειαν,
2622 4687 2819 4752 ἔξωθέν
2866 4705 2924 4739 τε
2975 4689 3066 4739 καὶ
3118 4688 3372 4756 σχετικὴν
3426 4683 3561 4737 εἶναι
3613 4685 3751 4756 φὴς,
3805 4687 3935 4752 πῶς

2349 4781 2644 4850 ὴγνόηκας,
2667 4781 2749 4831 ὅτι
2785 4780 2876 4832 καὶ
2905 4797 2960 4830 εν
2985 4781 3117 4846 ἡμῖν
3144 4779 3259 4829 ἐστι
3286 4779 3437 4840 Θεὸς,
3469 4780 3561 4828 καὶ
3587 4779 3745 4846 ἡμεῖς
3773 4778 3935 4847 αὐτῷ

2352 4870 2730 4939 συναπτόμεθα
2757 4870 3042 4938 ηετικῶς,
3072 4869 3166 4922 καὶ
3189 4870 3433 4921 κοινωνοὶ
3459 4869 3557 4936 τῆς
3583 4868 3727 4931 θείας
3756 4870 3934 4924 αὐτοῦ

2349 4963 2652 5031 γεγόναμεν
2687 4962 2897 5029 φύσεως
2922 4979 2934 5025 ;
2970 4961 3176 5013 Ψάλλει
3207 4961 3335 5028 γοῦν
3357 4963 3383 5012 ό
3413 4960 3699 5022 θεσπέσιος
3722 4959 3891 5013 Δαϐίδ
3913 4979 3931 4993 ο

2357 5071 2373 5101 ι
2398 5052 2694 5122 Ἐκολλήθη
2756 5055 2787 5122 ἡ
2836 5053 2977 5122 ψυχή
3021 5070 3119 5122 μου
3152 5053 3324 5104 ὀπίσω
3365 5069 3457 5104 σου
3481 5069 3494 5082 ο
3527 5071 3544 5102 ι
3599 5068 3934 5121 συγχρημα-

2349 5144 2568 5212 τιούμεν
2604 5141 2695 5196 οὖν
2726 5144 2832 5211 ἄρα
2861 5145 2953 5195 καὶ
3005 5147 3188 5212 ἡμεῖς,
3243 5143 3318 5213 τῷ
3364 5143 3504 5196 κατά
3562 5143 3724 5212 φύσιν
3784 5142 3935 5212 Θεῷ,

2350 5236 2459 5286 θεοὶ
2489 5237 2606 5286 κατ’
2642 5236 2826 5296 αὐτὸν,
2853 5235 3059 5305 κάμψει
3086 5237 3180 5288 καὶ
3203 5237 3334 5306 ἡμῖν
3359 5237 3467 5287 πᾶν
3488 5235 3638 5302 γόνυ.
3667 5234 3732 5286 Τί
3757 5249 3940 5303 προσ-

1965 5543 2124 5596 ΑΝΤ.
2167 5541 2436 5596 AGELLII
2482 5541 2712 5595 ΝΟΤᾹΞ.

743 5702 851 5770 (lli)
898 5700 1196 5770 cheuduui
1237 5702 1392 5766 ἵεται,
1434 5713 1487 5754 nt
1528 5703 1577 5755 in
1610 5710 1850 5756 extremo
1887 5703 1984 5756 hoc
2020 5717 2054 5753 ll
2109 5701 2240 5755 libro

2343 5702 2427 5765 sit,
2466 5700 2619 5768 μόνος
2656 5702 2724 5754 ἱὈι
2759 5703 2852 5771 τὴν
2887 5703 3340 5773 διεστραμμένη),
