4028 6432
110 329 201 384 109
1216 325 1588 383 ADVERSUS
1626 326 2030 383 NESTORIUM
2072 325 2198 381 LIB.
2241 326 2301 379 ll.

3270 324 3371 376 no

108 442 292 513 τέταχε
330 445 452 507 τοῖς
486 444 601 497 ἄνω
635 446 945 515 πνεύμασιν
971 447 997 498 ὁ
1026 445 1156 509 Θεὸς
1189 448 1283 499 καὶ
1315 448 1522 517 Πατὴρ,
1558 448 1703 499 διδαο

1814 462 1904 517 pes
1936 462 2033 501 nos
2064 447 2236 501 factos
2283 460 2403 500 esse
2446 445 2640 500 divinae
2682 444 2798 513 ejus
2834 443 3145 497 naturae"?
3180 442 3374 498 Psallit

109 536 278 587 σκέτω
304 535 611 605 παρελθὼν
642 539 671 587 ό
726 537 1016 600 θεσπέσιος
1061 537 1292 599 Παῦλος.
1328 556 1345 588 ι
1371 539 1541 590 ’Ὀταν
1571 539 1699 610 γὰρ,

107 626 286 694 φησὶν,
324 627 612 698 εἰσαγάγῃ
641 628 732 679 τὸν
764 629 1110 698 πρωτότοκον
1136 630 1215 690 είς
1236 628 1336 697 τὴν
1356 629 1700 698 οἰκουμένην,

103 718 285 781 λέγει·
325 717 445 769 Καὶ
477 720 1021 787 προσκυνησάτωσαν
1071 718 1217 788 αὐτῷ
1250 719 1448 782 πάντες
1483 720 1704 787 ἄγγελοι

103 806 260 859 Θεοῦ.
296 825 315 857 ι
356 807 577 859 Οὐκοῦν
611 808 915 877 ἐπειδήπερ
949 809 1004 859 ὲν
1033 808 1263 871 τούτοις,
1299 808 1360 861 τὸ
1403 809 1492 860 σὸν
1521 809 1584 878 δὴ
1612 810 1706 863 καὶ

104 900 268 966 σοῴν
312 900 423 951 ούκ
469 900 898 970 ὲπενήνεγκται·
954 898 1380 969 προσκυνεῖσθαι
1409 899 1465 951 δὲ
1508 900 1705 968 μᾶλλον

102 991 514 1060 προστέταχεν,
569 990 644 1053 ὼς
689 991 787 1043 ἕνα
824 1008 928 1042 που
962 991 1200 1057 πάντως,
1234 990 1330 1042 καὶ
1368 990 1465 1059 οὐχ
1521 991 1705 1061 ἕτερον

100 1084 198 1133 σὺν
231 1082 418 1152 ἑτέρῳ
438 1098 451 1111 ο
490 1081 576 1144 τίς
608 1082 732 1145 δὲ,ό
763 1082 917 1153 παρὰ
946 1081 1052 1134 τῶν
1083 1083 1330 1150 ἀγγέλων
1364 1084 1703 1153 προσκυνού-

99 1192 269 1244 μενος
295 1194 309 1237 ;
363 1175 565 1227 Καίτοι
594 1175 687 1227 τὸν
720 1176 1064 1246 πρωτότοκον
1096 1178 1129 1245 ἡ
1164 1176 1283 1229 θεία
1316 1177 1465 1245 λέγει
1492 1178 1705 1247 Γραφὴ,

96 1269 464 1335 πρωτότοκον
496 1266 553 1319 δὲ
592 1266 912 1335 ὠνομάσθαι
941 1267 1138 1336 φαμὲν,
1172 1267 1263 1319 τὸν
1314 1268 1379 1318 ὲκ
1423 1267 1558 1319 Θεοῦ
1595 1268 1706 1318 Πα-

96 1359 230 1429 τρὸς
262 1358 472 1424 Λόγον,
515 1358 697 1409 καίτοι
731 1357 864 1409 Θεὸν
901 1358 1033 1410 ὄντα
1073 1356 1216 1411 κατὰ
1259 1358 1422 1426 φύσιν
1453 1358 1545 1410 κα)⁹
1579 1357 1707 1410 Υίὸν

98 1448 403 1517 μονογενῆ,
437 1448 536 1499 xui.
584 1447 923 1502 ἀσύντακτον
964 1449 1028 1517 τῇ
1085 1447 1279 1510 κτίσει,
1328 1448 1466 1500 κατά
1505 1464 1567 1515 γε
1614 1447 1705 1500 τὸν

92 1539 195 1607 τῆς
229 1538 503 1606 θεότητος
556 1538 737 1604 λόγον,
788 1538 872 1589 ὅτι
898 1536 1124 1604 γέγονεν
1152 1537 1460 1608 ἄνθρωπος,
1506 1537 1600 1590 καὶ
1651 1539 1707 1591 ὲν

95 1632 324 1694 πολλοῖς
365 1630 624 1697 ἀδελφοῖς
649 1628 1018 1699 πρωτότοκος.
1038 1621 1131 1689 Εἷς
1170 1622 1261 1679 οὖν
1300 1627 1409 1696 ἄρα
1439 1627 1575 1697 πρὸς
1600 1626 1708 1678 τῶν

94 1722 212 1775 ἀνω
239 1719 585 1789 πνευμάτων
615 1719 643 1769 ό
674 1715 1171 1787 προσκυνούμενος,
1198 1717 1225 1767 ὁ
1251 1716 1313 1766 ὲκ
1338 1714 1471 1767 Θεοῦ
1496 1715 1709 1783 Πατρὸς

1805 548 1953 592 certe
1992 540 2179 593 beatus
2236 539 2399 591 David
2448 557 2459 590 :
2514 558 2531 589 ‹
2562 536 2800 591 Adhaesit
2849 535 3027 589 anima
3084 549 3201 589 mea
3252 542 3374 603 post

1807 631 1965 696 te“;
2003 650 2021 681 ι
2063 646 2194 700 ergo
2241 645 2338 684 nos
2367 646 2579 699 quoque
2627 646 2692 684 ex
2728 628 2993 684 sententia
3042 626 3203 682 simul
3246 640 3370 681 cum

1806 722 1898 775 illo
1934 737 2001 776 ex
2052 733 2244 775 natura
2295 721 2403 776 Deo
2453 722 2526 776 dii
2577 721 2782 775 erimus
2827 730 2989 787 alque
3033 717 3369 779 vocabimur,

1808 812 2067 881 nobisque
2098 812 2346 867 ﬂectetur
2377 826 2537 867 omne
2560 827 2723 883 genu.
2755 811 2896 876 Quid
2929 808 3249 879 praeceperit
3278 822 3371 862 su—

1806 903 1951 973 peris
1998 903 2279 971 spiritibus
2331 904 2471 957 Deus
2520 896 2583 958 ac
2631 902 2829 966 Pater,
2878 902 3070 955 doceat
3120 898 3375 969 prodiens

1808 997 2001 1050 beatus
2031 995 2254 1049 Paulus.
2299 1013 2317 1047 ι
2347 994 2506 1060 Cum,
2542 995 2740 1063 inquit,
2775 992 3067 1047 introducit
3098 990 3376 1058 Primoge-

1809 1083 1977 1137 nilum
2014 1084 2063 1138 in
2100 1085 2285 1139 orbem
2313 1093 2468 1138 terra:
2491 1084 2620 1139 dicit
2649 1103 2662 1139 :
2702 1083 2766 1137 Et
2792 1083 3015 1137 adorent
3040 1096 3163 1135 eum
3187 1094 3375 1133 omnes

1809 1177 1982 1247 angeli
2018 1176 2112 1232 Dei
2141 1178 2206 1230 ⁸³.
2237 1196 2255 1230 ›
2292 1178 2461 1247 Igitur
2504 1177 2628 1246 quia
2663 1176 2717 1230 in
2758 1177 2843 1231 his
2867 1176 3045 1229 verbis
3080 1173 3207 1228 illud
3246 1187 3377 1226 sane

1809 1269 2024 1335 sapiens
2051 1278 2199 1322 tuum
2230 1278 2595 1323 commentum
2629 1283 2733 1322 non
2768 1276 2851 1321 est
2880 1265 3250 1336 subjunctum,
3282 1263 3377 1317 sed

1809 1359 2036 1413 adorare
2065 1360 2227 1429 jussit
2258 1368 2317 1414 ut
2361 1376 2524 1414 unum
2555 1360 2740 1428 procul
2776 1359 2964 1423 dubio,
3007 1366 3062 1411 et
3096 1372 3201 1411 non
3238 1356 3375 1410 alte-

1807 1465 1928 1503 rum
1971 1465 2091 1503 cum
2138 1451 2332 1514 altero,
2398 1452 2688 1519 quaerimus
2741 1450 2994 1518 quisnam
3050 1448 3122 1503 sit
3164 1446 3253 1501 ille
3283 1446 3373 1515 qui

1811 1538 1877 1592 ab
1908 1539 2115 1609 angelis
2142 1540 2250 1609 60
2277 1542 2533 1595 adorator
2564 1560 2576 1594 :
2605 1543 2753 1609 atqui
2790 1539 3208 1610 primogenitum
3252 1553 3376 1591 eum

1808 1628 2006 1683 divinae
2032 1630 2251 1685 Littera:
2284 1632 2471 1685 dicunt
2500 1649 2513 1683 :
2542 1632 2955 1701 primogenitum
2989 1639 3168 1683 autem
3198 1628 3380 1698 appel-

1811 1720 1978 1772 latum
2031 1722 2259 1776 dicimus
2296 1722 2426 1776 illud
2478 1738 2544 1776 ex
2596 1724 2703 1776 Deo
2750 1721 2909 1776 Patre
2938 1720 3200 1783 Verbum,
3252 1719 3381 1773 licet

92 1811 276 1877 Λόγος
317 1809 467 1878 μετὰ
497 1810 597 1877 τῆς
632 1808 767 1868 ιδίας
802 1804 1040 1874 σαρκὸςο
1080 1803 1201 1853 τότε
1232 1802 1339 1871 γὰρ
1370 1802 1581 1863 τέτοκε,
1614 1803 1706 1854 καὶ

1816 1808 1958 1862 Deus
1988 1820 2135 1863 esset
2167 1826 2231 1863 ex
2261 1822 2472 1878 natura,
2503 1827 2566 1867 ac
2598 1813 2765 1867 Filius
2798 1813 3126 1880 unigenitus,
3160 1820 3210 1865 et
3237 1811 3379 1878 quod

93 1903 171 1964 ὡς
211 1901 531 1971 πρωτεύων
559 1901 615 1950 ἐν
650 1900 801 1957 πᾶσι,
834 1897 1034 1947 νοεῖται
1070 1893 1430 1965 πρωτότοκος,
1479 1892 1616 1943 Ἀλλ’
1650 1893 1706 1943 αἱ

97 1991 202 2057 μὲν
232 1990 600 2041 θεόπνευστοι
636 1987 872 2057 Γραφαὶ,
894 1985 1127 2055 Χριστὸν
1145 1984 1240 2036 ἕνα
1266 1984 1705 2053 διακηρύττουσι,

96 2082 194 2133 καὶ
228 2081 392 2144 Υῖὸν,
418 2084 517 2132 καὶ
547 2078 778 2150 Κύριον’
810 2076 906 2129 δύο
939 2094 1002 2141 γε
1038 2076 1138 2146 μὴν
1170 2078 1198 2127 ὁ
1230 2076 1482 2146 περιττὸς
1508 2077 1706 2140 οὑτοσὶ,

95 2173 195 2223 καὶ
258 2171 759 2241 προσκυνούμενον
817 2168 1101 2237 ἄνθρωπον
1152 2169 1217 2235 τῇ
1302 2167 1431 2236 ἁγίᾳ
1481 2184 1539 2218 τε
1617 2168 1711 2220 καὶ

96 2263 390 2331 ὀμοουσίῳ
440 2262 660 2331 Τριὰδι,
688 2257 1023 2329 προστιθεὶς,
1054 2256 1153 2309 οὐκ
1192 2254 1535 2324 αἰσχύνεται·
1575 2258 1710 2326 φησὶ

95 2364 212 2417 γάρ
249 2366 453 2402 πάλιν·

1814 1897 1883 1951 ad
1929 1896 2148 1952 deitatis
2196 1899 2459 1955 rationem
2508 1904 2760 1971 pertinet,
2821 1916 2941 1954 eum
2990 1910 3237 1954 creatura
3290 1899 3382 1952 mi-

1816 1989 1960 2043 nime
1996 1992 2319 2055 censendus,
2353 1993 2478 2061 quia
2511 1990 2684 2047 factus
2721 2003 2805 2046 est
2843 1993 3027 2055 homo,
3062 2000 3117 2045 et
3146 1991 3197 2043 in
3245 1989 3381 2043 mul-

1815 2078 1883 2133 tis
1915 2079 2176 2135 fratribus
2214 2084 2608 2152 primogenitus
2630 2083 2695 2139 ⁸⁸.
2735 2082 2881 2137 Unus
2918 2094 2999 2137 est
3038 2082 3203 2150 igitur
3228 2081 3318 2149 qui
3349 2095 3378 2132 a

1811 2169 2021 2235 superis
2072 2171 2350 2239 spiritibus
2408 2174 2700 2238 adorator,
2751 2173 2879 2227 illud
2945 2187 3011 2227 ex
3065 2173 3175 2225 Deo
3222 2171 3381 2224 Patre

1815 2255 2051 2311 Verbum
2090 2275 2210 2314 cum
2244 2277 2339 2315 sua
2368 2278 2568 2329 carne;
2608 2278 2729 2316 nam
2764 2264 2935 2331 ipsum
2980 2262 3120 2331 quod
3155 2261 3377 2327 dicitur,

1812 2348 2019 2414 genuit,
2056 2359 2131 2414 et,
2169 2351 2223 2403 in
2270 2352 2521 2406 omnibus
2552 2354 2842 2419 primatum
2896 2362 3085 2405 tenens
3107 2352 3176 2416 ",
3210 2351 3261 2403 id
3294 2350 3379 2402 in-

97 2442 383 2510 telligitur
407 2438 755 2509 primogeniti
784 2436 1021 2491 nomine.
1057 2434 1163 2488 Sed
1194 2434 1451 2489 divinitus
1476 2436 1689 2505 quidem
1716 2438 1989 2508 inspirata:
2037 2439 2251 2495 Littera:
2309 2458 2473 2497 unum
2516 2442 2787 2499 Christum
2832 2445 3163 2513 praedicant,
3212 2455 3265 2499 et
3290 2446 3380 2500 Fi-

103 2532 268 2597 lium,
305 2544 365 2587 et
413 2534 739 2595 Dominum;
790 2532 926 2584 duos
960 2544 1089 2583 vero
1133 2529 1221 2583 hic
1252 2540 1504 2598 nugator,
1548 2542 1602 2586 et
1637 2533 1969 2590 adorandum
2017 2536 2291 2593 hominem
2334 2548 2533 2593 sancta:
2559 2548 2615 2593 et
2646 2540 3091 2593 consubstantiali
3134 2539 3381 2594 Trinitati

99 2633 353 2700 adjicere
389 2643 497 2681 non
532 2626 826 2688 erubescit,
860 2625 935 2679 ait
966 2626 1107 2680 enim
1142 2640 1354 2679 rursum
1390 2644 1402 2678 :

175 2722 372 2795 [Ἀλλ’
408 2715 567 2781 οὗτος
601 2721 629 2771 ὁ
659 2718 800 2771 κατὰ
829 2718 1007 2790 σάρκα
1038 2718 1130 2771 τοῦ
1167 2718 1383 2788 Ἰσραὴλ
1418 2721 1707 2790 συγγενὴς,

98 2817 125 2866 ό
158 2812 317 2865 κατὰ
342 2810 411 2860 τὸ
437 2808 767 2877 φαινόμενον
796 2807 1104 2876 ἄνθρωπος,
1140 2807 1168 2858 ὁ
1198 2808 1338 2859 κατὰ
1372 2807 1468 2877 τὴν
1497 2808 1709 2860 Παύλου

100 2902 296 2973 ςωνὴν
326 2902 397 2952 ἐκ
427 2898 749 2967 σπέρματος
777 2897 1173 2966 γεγεννημένος
1196 2896 1376 2959 Δαὸὶδ,
1408 2897 1713 2966 παντοκρά-

100 3010 219 3062 τωρ
244 2994 313 3060 τῇ
344 2989 619 3057 συναφείᾳ
644 2987 799 3050 Θεός.
833 2987 975 3040 Εἶτα
1004 2987 1233 3051 τούτοις
1253 2986 1457 3054 ἐπάγει
1476 3003 1487 3014 ·
1517 2988 1713 3038 Ἀκου-

101 3102 196 3137 σον
228 3083 539 3151 ἀμφότερα
562 3079 656 3131 τοῦ
677 3078 894 3130 Παύλου
924 3077 1313 3147 κηρύττοντος·
1344 3079 1594 3145 ὁμολογεῖ
1621 3078 1710 3129 τὸν

100 3173 413 3243 ἄνθρωπον
438 3169 729 3239 πρότερον,
768 3164 863 3218 καὶ
896 3164 1018 3216 τότε
1049 3168 1115 3235 τῇ
1150 3164 1244 3217 τοῦ
1278 3165 1411 3217 Θεοῦ
1446 3166 1709 3237 συναφείᾳ

98 3265 365 3330 Θεολογεῖ
390 3262 452 3311 τὸ
494 3258 854 3326 φαινόμενον*
890 3256 977 3307 ἵνα
1019 3256 1205 3326 μηδεὶς
1252 3255 1712 3328 ἀνθρωπολάτρην

100 3358 193 3408 τὸν
251 3349 602 3423 Χριστιανὸν
640 3346 945 3420 ὑποπτεύῃ.
1010 3347 1341 3416 Ἀσύγχυτον
1389 3348 1567 3402 τοίνυν
1614 3348 1712 3419 τὴν

103 3450 220 3500 τῶν
258 3446 491 3512 φύσεων
549 3439 806 3509 τηρῶμεν
856 3439 1186 3506 συνάφειαν·
1237 3438 1583 3508 ὁμολογῶμεν
1623 3441 1713 3492 τὸν

102 3538 203 3588 ἕνα
239 3535 384 3585 Θεόν
410 3547 423 3559 ’
457 3529 711 3597 σέϐωμεν
736 3528 826 3579 τὸν
857 3530 923 3596 τῇ
962 3527 1081 3596 θείᾳ
1108 3527 1370 3595 συναφείᾳ
1405 3526 1481 3595 τῷ
1516 3544 1712 3580 παντο-

100 3626 343 3695 κράτορι
377 3621 504 3691 Θεῷ
533 3616 1123 3689 συμπροσκυνούμενον
1151 3614 1485 3686 ἄνθρωπον.]

734 3864 985 3917 ΚΕΦᾹΛ.
1018 3863 1115 3915 ΙΓ’.

178 4008 245 4059 ΕΞ
280 4004 386 4073 μὲν
420 3996 519 4053 οὖν
551 3999 837 4069 ἄνθρωπον
861 3994 1142 4063 ὀνομάζων
1164 3988 1319 4045 οἶσθα
1355 3990 1490 4061 μετᾶ
1520 3989 1710 4042 τούτου

108 4100 203 4150 καὶ
241 4096 382 4147 Θεὸν
412 4094 546 4145 ὄντα
562 4090 702 4141 κατὰ
732 4088 894 4156 φύσιν
924 4084 1108 4148 αὑτὸν,
1139 4079 1197 4136 εὖ
1230 4082 1294 4135 ἂν
1333 4083 1464 4152 ἔχοι,
1495 4085 1587 4133 καὶ
1616 4097 1711 4131 πε-

112 4189 429 4257 παύσομαι.
470 4184 536 4235 Εἰ
558 4183 613 4233 δὲ
636 4177 875 4250 μερίζων
907 4176 1006 4239 τὰς
1032 4175 1240 4245 φύσεις,
1262 4176 1380 4242 οὐχὶ
1412 4173 1488 4242 τῷ
1515 4173 1721 4223 εἰδέναι»

114 4284 301 4349 μόνον,
330 4280 423 4337 τίς
466 4276 569 4344 μὲν
602 4275 635 4340 ἡ
670 4268 1011 4340 ἀνθρωπεία,
1050 4268 1132 4329 τίς
1158 4266 1215 4317 δὲ
1243 4266 1307 4333 δὴ
1332 4262 1490 4315 πάλιν
1515 4264 1547 4330 ἡ
1575 4260 1710 4312 θεία.

110 4372 333 4432 Διῖστὰς
362 4368 421 4419 δὲ
458 4363 665 4433 μᾶλλον
706 4362 803 4428 τῆς
836 4358 971 4428 πρὸς
1005 4357 1230 4425 ἑνότητα
1273 4354 1595 4421 συνδρομῆς,
1622 4351 1713 4401 ἁνο

113 4456 540 4531 θρωπολατρεῖς
593 4449 1076 4522 ὁμολογουμένως·
1126 4445 1217 4498 καί
1254 4462 1332 4497 σοι
1374 4445 1510 4512 πρὸς
1558 4441 1713 4511 ἡμῶν

116 4555 401 4623 εἰρήσεται
426 4564 438 4576 ⁸
473 4566 491 4595 ι
516 4546 655 4605 Τοὺς
683 4543 929 4612 καρποὺς
960 4540 1066 4590 τῶν
1090 4538 1265 4589 πόνων
1292 4553 1383 4587 σου
1419 4536 1670 4603 φάγεσαι.
1688 4552 1704 4581 δ

115 4646 363 4714 Σκληρὸς
405 4638 590 4692 δὲκαὶ
637 4632 998 4700 ἁνουθέτητος
1052 4628 1145 4693 ὢν,
1184 4630 1340 4697 μόνος
1384 4628 1453 4677 ἴθι
1508 4626 1602 4694 τὴν
1633 4625 1711 4675 δι-

118 4728 542 4800 εστραμμένην.
592 4724 781 4791 Ἡμεῖς
817 4720 873 4771 δὲ
921 4718 1017 4788 τὴν
1060 4717 1254 4785 εὐσεϐῆ
1286 4718 1379 4769 καὶ
1415 4714 1713 4783 ἀμώμητον

123 4824 226 4873 τῶν
265 4820 446 4887 ἁγίων
489 4814 757 4882 Πατέρων
812 4809 1218 4879 ἱχνηλατοῦντες
1260 4806 1464 4877 τρίϐον,
1502 4806 1613 4865 τοῖς
1652 4821 1709 4859 τε

123 4908 510 4965 ἀποστολικοῖς
574 4901 671 4953 καὶ
724 4899 1099 4965 εὐαγγελικοῖς
1166 4896 1592 4965 συγγράμμασιν
1652 4891 1711 4945 εὖ

127 5001 263 5067 μάλα
288 4990 837 5061 παιδαγωγούμενοι,
865 4987 998 5058 ὁμοῦ
1022 4988 1099 5057 τῷ
1129 4987 1246 5056 Θεῷ
1270 4988 1363 5038 καὶ
1392 4985 1585 5052 Πατρὶ,
1618 4987 1711 5036 καὶ

187 5156 230 5186 ⁸³
269 5155 307 5207 ll
348 5154 504 5207 Petr.
541 5167 580 5213 ι,
616 5149 672 5202 4.
743 5148 788 5179 “
817 5146 1102 5209 Psalmxu,
1140 5148 1191 5202 9.

128 5226 166 5254 η
194 5226 332 5280 Psal.
368 5238 585 5286 cum,
623 5220 677 5273 2.

1302 5148 1343 5176 ⁸⁸
1376 5146 1538 5199 llehr.
1582 5163 1618 5210 ι,
1653 5145 1703 5197 6.

1810 5145 1853 5175 ⁸⁸
1879 5144 2034 5197 Ilom.
2084 5160 2201 5207 vin,
2234 5143 2322 5197 99.

1886 2721 2150 2794 [Νεετοιι.
2204 2725 2312 2780 Sed
2373 2726 2462 2780 hic
2505 2727 2800 2782 secundum
2864 2738 3081 2780 carnem
3120 2736 3381 2795 cognatus

1814 2816 2002 2881 Israel,
2036 2820 2122 2872 hic
2172 2821 2472 2874 secundum
2513 2829 2760 2873 naturam
2804 2819 3151 2887 spectabilem
3197 2821 3378 2883 homo,

1818 2910 1906 2962 hic
1941 2910 2093 2977 juxta
2130 2910 2281 2964 Pauli
2331 2925 2519 2965 vocem
2573 2919 2731 2965 natus
2776 2925 2841 2964 ex
2887 2910 3093 2964 semine
3122 2910 3287 2963 David
3311 2908 3380 2971 ⁸⁸,

1817 2998 1932 3065 ipsa
1961 2998 2343 3064 conjunctione
2383 3001 2525 3054 Deus
2554 3011 2635 3054 est
2667 3002 3025 3069 omnipotens.
3059 3000 3259 3054 Deinde
3297 3002 3379 3053 his

1818 3088 2058 3155 adjungit
2106 3102 2125 3138 :
2155 3089 2293 3143 Audi
2342 3089 2565 3143 Paulum
2615 3102 2903 3160 utrumque
2956 3092 3377 3158 praedicantem:

1816 3176 2106 3247 confitetur
2136 3180 2284 3249 prius
2319 3181 2612 3248 hominem,
2644 3191 2697 3235 et
2730 3182 2803 3235 ita
2838 3191 3056 3251 pr0pter
3083 3183 3251 3253 ipsam
3286 3181 3381 3238 Dei

1813 3270 2285 3337 conjuncnonem,
2335 3284 2582 3327 naturam
2624 3274 2973 3343 spectabilem
3021 3274 3112 3328 Dei
3166 3276 3383 3328 nomine

1814 3366 2117 3419 consecrat,
2170 3373 2237 3409 ne
2274 3359 2395 3425 quis
2424 3358 2791 3413 Christianum
2836 3374 2955 3414 esse
2994 3360 3379 3416 hominicolam

1813 3447 2138 3513 siispicetur.
2195 3446 2519 3502 Naturarum
2562 3451 2741 3518 itaque
2787 3452 3219 3517 conjunctionem
3266 3454 3385 3507 sine

1816 3538 1925 3591 ulla
1949 3539 2263 3593 confusione
2282 3555 2601 3604 servemus;
2628 3540 2984 3594 confiteamur
3003 3557 3166 3595 unum
3188 3543 3379 3605 Deum.

1814 3640 2137 3681 veneremur
2194 3628 2461 3681 hominem
2515 3630 2606 3696 qui
2659 3644 2723 3682 ex
2776 3630 2951 3683 divina
3007 3631 3385 3699 conjunctione

1814 3732 1934 3770 cum
1967 3720 2340 3788 omnipotente
2364 3720 2472 3775 Deo
2502 3721 2662 3773 simul
2695 3720 2993 3791 adoratur.)

2425 3852 2581 3907 CAP.
2620 3852 2758 3908 XIII.

1887 3983 1943 4039 Si
1990 3985 2205 4053 quidem
2256 3986 2420 4054 igitur
2461 3989 2734 4045 hominem
2781 3992 3077 4061 appellans,
3113 4008 3235 4048 cum
3282 3996 3383 4049 hoc

1814 4074 1977 4127 etiam
2023 4076 2190 4127 Deum
2215 4076 2391 4143 ipsum
2426 4089 2544 4131 esse
2570 4082 2863 4135 secundum
2903 4092 3146 4137 naturam
3180 4084 3378 4139 intelli-

1814 4165 1919 4232 gis,
1955 4165 2092 4219 bene
2136 4167 2315 4231 habet,
2360 4178 2412 4221 et
2437 4169 2546 4237 jam
2583 4172 2740 4224 linem
2781 4171 3016 4228 faciam:
3046 4177 3126 4228 sin
3180 4176 3377 4231 dividis

1818 4266 2084 4321 naturas,
2136 4272 2242 4311 non
2295 4268 2351 4311 ut
2400 4259 2543 4313 scias
2601 4264 2759 4315 modo
2806 4280 3053 4332 quamam
3103 4264 3335 4319 humana
3365 4308 3380 4331 ,

1816 4363 2002 4416 quaeve
2047 4365 2234 4404 rursus
2283 4350 2501 4416 divina,
2552 4354 2644 4406 sed
2696 4362 2754 4406 ut
2790 4355 3011 4409 diducas
3070 4356 3137 4409 ab
3180 4355 3272 4409 illo
3329 4358 3381 4409 in

1821 4439 2078 4493 unitatem
2141 4454 2439 4505 concursu,
2500 4451 2707 4495 certum
2761 4452 2844 4497 est
2892 4454 2947 4497 te
2997 4444 3381 4498 hominicolam

1820 4543 1958 4591 esse,
2001 4538 2056 4582 et
2100 4529 2193 4582 tibi
2236 4546 2265 4583 a
2318 4531 2470 4583 nobis
2518 4532 2771 4584 dicetur:
2811 4549 2829 4581 ι
2860 4530 3087 4586 Fructus
3133 4532 3380 4587 laborum

1824 4630 2033 4672 tuorum
2077 4620 2204 4674 edes
2236 4620 2411 4689 (17)"
2440 4640 2451 4674 :
2493 4640 2510 4671 ›
2545 4635 2665 4674 cum
2702 4636 2831 4675 vero
2866 4622 2941 4677 sis
2978 4626 3145 4678 duros
3175 4633 3230 4677 et
3269 4640 3384 4678 mo-

1823 4710 1933 4762 nita
1990 4724 2235 4778 respuas,
2281 4712 2429 4765 solus
2460 4713 2725 4779 perviam
2774 4728 3082 4780 perversam
3116 4716 3223 4769 abi.
3274 4716 3383 4770 Nos

1820 4816 1947 4855 vero
1979 4804 2121 4871 piam
2169 4812 2223 4856 et
2255 4813 2453 4857 rectam
2495 4814 2804 4858 sanctorum
2835 4804 3052 4858 Patrum
3092 4806 3231 4860 viam
3263 4822 3388 4874 per—

1821 4894 2181 4961 vestigantes,
2241 4904 2295 4947 et
2339 4895 2652 4961 apostolicis
2695 4893 3126 4963 evangelicisque
3170 4898 3385 4963 scriptis

1819 4983 2021 5051 optime
2058 4982 2330 5048 instructi,
2371 4983 2529 5037 simul
2564 4998 2686 5036 eum
2733 4982 2842 5036 Deo
2875 4992 2929 5037 et
2959 4983 3119 5038 Patre
3164 4994 3217 5039 et
3262 5001 3387 5040 san-

2443 5144 2484 5173 "
2533 5140 2740 5197 Coloss.
2789 5142 2944 5206 1,18.
3014 5142 3383 5208 “Rom.l,5.

1412 5349 1571 5402 ANT.
1614 5348 1879 5403 AGELLII
1924 5348 2151 5403 ΝΟΤλΕ.

200 5522 297 5585 (Π)
326 5517 421 5570 Sic
470 5516 637 5568 habet
686 5513 910 5585 Grmcns
966 5510 1143 5585 Cyr_illi
1192 5510 1380 5585 rode}.
1437 5505 1706 5585 Caeterum

132 5589 257 5643 LXX
286 5577 580 5640 'vertcrunt
610 5587 737 5645 τοὺς
785 5582 979 5642 πόνους
1012 5577 1117 5631 τῶν
1154 5578 1379 5647 καρπῶν
1411 5594 1501 5627 σου
1538 5577 1707 5642 φάγε-

138 5677 235 5719 31:,
264 5662 471 5709 labores
506 5669 760 5707 manuum
794 5666 889 5704 seu
923 5651 1213 5717 palmarum
1237 5649 1707 5719 (namnam/uidu-

135 5714 292 5792 (μελε,
332 5736 389 5782 el
420 5724 652 5795 καρπῶν
704 5738 769 5777 eo
807 5714 930 5775 loco
969 5735 1070 5774 non
1104 5720 1334 5787 fructus,
1374 5718 1463 5769 sed
1504 5714 1706 5781 palmas

1824 5506 2219 5569 intellexerunt,
2251 5519 2307 5559 nt
2336 5509 2492 5559 etiam
2522 5510 2571 5559 in
2603 5509 2904 5563 Proverbiis
2930 5526 3043 5577 cap.
3072 5523 3215 5568 xui.
3248 5527 3383 5577 καρ-

1819 5578 1916 5628 πὸν
1950 5578 2002 5629 δὲ
2047 5580 2275 5640 ἐξέτεινε
2326 5580 2534 5647 πτωχῷ,
2576 5590 2620 5631 ει
2656 5582 2855 5648 pafmas
2898 5599 3016 5634 suus
3047 5584 3276 5635 extendit
3319 5584 3385 5633 ad

1817 5665 2114 5715 pauperem.
