4028 6428
664 320 755 374 Hi
1473 351 1475 353 ι
1614 323 1670 375 S.
1697 319 1971 376 CYRIIJJ
2005 319 2472 375 ALEXANDRINI
2505 315 2826 374 ARCHIEP.

3822 313 3932 367 H2

658 449 745 491 eto
795 435 1020 506 Spiritu,
1072 436 1228 490 unica
1286 437 1603 492 adoratione
1649 439 2032 491 venerabimur
2069 454 2233 492 unum

2349 439 2415 509 τῷ
2445 440 2585 508 ἁγίῳ
2615 438 2913 506 ΙΙνεύματι,
2957 433 3052 504 μιᾷ
3082 433 3451 503 προσκυνήσει
3487 431 3794 500 τιμήσομεν
3835 431 3930 481 τὸν

663 528 948 582 Dominum
983 526 1166 582 Jesum
1197 527 1494 593 Christum,
1543 544 1638 597 per
1664 544 1826 597 quem
1869 538 1926 584 et.
1969 544 2090 583 cum
2127 544 2234 597 quo

662 618 770 671 Deo
810 626 862 671 et
907 616 1054 672 Patri
1092 619 1262 688 gloria
1301 635 1422 674 cum
1455 631 1647 675 sancto
1694 619 1901 688 Spiritu
1950 620 2003 674 in
2035 620 2233 675 sacuia

660 702 996 757 saeculorum.
1028 705 1225 759 Amen.

849 814 954 885 δι
1000 832 1244 924 TOM
1269 834 1404 924 US
1474 833 2026 929 TERTIUS.

733 1028 980 1097 Magnum
1027 1038 1108 1083 est
1160 1029 1344 1098 procul
1387 1029 1552 1084 dubio
1597 1027 1722 1084 illud
1773 1032 1987 1100 pietatis
2033 1044 2235 1104 myste-

664 1123 824 1184 rium,
853 1129 906 1174 et
937 1121 1069 1188 ipsis
1097 1121 1260 1175 etiam
1287 1123 1494 1176 Sanctis
1525 1123 1728 1192 angelis
1759 1123 2138 1178 admirandum
2164 1126 2232 1188 "°,

664 1214 712 1264 in
747 1223 921 1280 eoque
953 1214 1240 1265 confirmat
1265 1228 1362 1267 nos
1395 1214 1668 1282 apostolus
1694 1214 1890 1268 Paulus
1924 1231 2045 1270 cum
2072 1217 2232 1272 dicit:

667 1323 683 1353 ι
716 1301 787 1357 Ut
821 1311 1003 1355 notum
1053 1302 1147 1356 ﬁat
1188 1319 1329 1357 nunc
1366 1306 1759 1374 principatibus
1787 1316 1840 1359 et
1884 1307 2238 1374 potestatibus

663 1395 713 1446 in
759 1392 1075 1447 caelestibus
1108 1407 1203 1463 per
1237 1394 1535 1449 Ecclesiam
1585 1397 1937 1452 multiformis
1970 1400 2236 1468 sapientia

660 1484 780 1548 Dei,
820 1486 1114 1538 secundum
1141 1487 1552 1556 praeﬁnitionem
1591 1487 1932 1555 smculorum,
1972 1507 2132 1560 quam
2159 1492 2238 1544 fe-

663 1577 735 1628 cit
767 1576 818 1628 in
851 1573 1078 1630 Domino
1111 1588 1293 1630 nostro
1322 1576 1446 1631 Jesu
1480 1578 1718 1642 Christo,
1761 1581 1812 1632 in
1845 1593 1950 1648 qun
1979 1582 2239 1636 habemus

665 1665 915 1720 ﬁduciam
947 1673 999 1720 et
1029 1680 1306 1720 accessum
1347 1668 1397 1720 in
1430 1667 1754 1722 conﬁdentia
1785 1685 1880 1736 per
1918 1669 2074 1724 [idem
2095 1673 2182 1725 ⁷⁸⁵.
2214 1691 2231 1722 ι

663 1757 941 1825 Sapientia
979 1767 1063 1810 est
1110 1773 1344 1825 namque
1389 1772 1598 1821 revera,
1636 1769 1688 1813 ct
1725 1761 1946 1816 minime
1982 1761 2236 1825 humana,

662 1848 754 1901 sed
805 1862 935 1903 sane
980 1848 1191 1911 divina,
1249 1859 1301 1902 et
1354 1850 1531 1903 abdita
1587 1851 1639 1904 in
1695 1854 1926 1920 quadam
1979 1853 2235 1908 ineffabili

664 1938 1032 2006 profunditate
1059 1946 1112 1991 et
1141 1939 1790 2006 incomprehensibilitate
1814 1940 2012 1995 Christi
2041 1952 2239 2011 mystc-

667 2029 804 2080 rium
835 2043 848 2081 :
883 2029 1065 2096 itaque
1111 2028 1295 2096 psallit
1339 2029 1530 2084 beatus
1561 2031 1725 2084 David
1760 2049 1774 2085 :
1810 2050 1827 2082 ι
1861 2031 1921 2085 Ει
1951 2035 2132 2102 posuit
2163 2044 2239 2088 te-

664 2120 858 2171 nebras
885 2117 1165 2171 latibulum
1217 2131 1396 2183 suum,
1427 2119 1478 2173 in
1515 2122 1746 2175 circuitu
1775 2121 1891 2190 ejus
1920 2126 2241 2178 tabernacu-

665 2210 772 2262 lum
804 2209 943 2274 ejus,
985 2211 1270 2262 tencbrosa
1315 2224 1452 2279 aqua
1488 2211 1539 2265 in
1576 2212 1807 2266 nubibus
1847 2214 2082 2266 aeris“.
2119 2234 2138 2265 ο
2182 2213 2239 2268 1η

665 2313 774 2367 quo
803 2299 1053 2352 tenebras
1099 2298 1232 2351 nihil
1260 2299 1428 2364 aliud,
1474 2311 1529 2355 ut
1562 2303 1775 2370 opinor,
1813 2304 2085 2375 intelligit,
2136 2305 2238 2359 nisi

666 2387 952 2440 obscuram
980 2387 1352 2456 intelligentia
1380 2393 1778 2459 perceptionem
1803 2393 1853 2446 in
1882 2395 2052 2448 oculis
2074 2393 2239 2448 animi

669 2478 914 2546 caliginis
969 2479 1138 2531 instar
1186 2479 1578 2535 incurrentem.
1625 2480 1736 2537 Hac
1779 2484 1844 2537 de
1892 2499 2052 2538 causa
2103 2484 2242 2538 dici-

671 2582 810 2631 mus,
869 2567 1164 2622 subtilibus
1213 2569 1651 2637 quaestionibus,
1706 2579 1762 2626 et
1805 2574 2123 2627 curiositate
2176 2574 2242 2627 ad

667 2673 826 2725 quam
879 2659 1184 2726 pertingere
1246 2673 1350 2712 non
1406 2661 1576 2728 possit
1639 2661 2035 2732 intelligentia,
2098 2665 2244 2719 nullo

671 2749 831 2801 modo
863 2748 1158 2816 indiguisse
1185 2747 1386 2802 Christi
1419 2751 1758 2819 mysterium,
1800 2754 1894 2807 sed
1927 2755 2029 2808 lide
2066 2754 2245 2823 potius

668 2854 786 2906 qua:
830 2838 1148 2906 simpliciter
1175 2854 1238 2893 ac
1264 2839 1380 2893 sine
1409 2839 1516 2894 ulla
1552 2840 1765 2896 vafritie
1792 2847 2116 2898 traderetur.
2155 2845 2246 2900 Sic

666 2942 720 2985 et
766 2945 861 2984 nos
895 2931 992 2998 ipsi
1030 2932 1233 2986 sentire
1274 2931 1581 2998 didicimus,
1621 2941 1675 2987 et
1700 2934 2030 2990 credidimus
2063 2950 2092 2987 a
2135 2935 2247 2990 Deo

670 3034 733 3073 ac
775 3021 932 3074 Patre
963 3019 1235 3089 proprium
1273 3018 1495 3083 Filium,
1549 3021 1716 3074 Deum
1747 3023 1996 3077 eumdem
2048 3035 2245 3077 secun-

2341 531 2436 583 ἕνα
2467 531 2671 600 Κύριον
2717 527 2925 597 Ἰησοῦν
2978 525 3245 596 Χριστόν·
3282 523 3348 575 δι’
3389 518 3450 575 οῦ
3483 521 3578 574 καὶ
3617 520 3734 590 μεθ’
3761 512 3822 572 οῦ
3846 520 3932 588 τῷ

2340 620 2460 692 Θεῷ
2482 621 2577 674 καὶ
2603 619 2776 690 Πατρὶ
2803 618 2928 682 δόξα
2955 619 3052 670 σὺν
3079 615 3157 686 τῷ
3192 616 3332 683 ἁγίῳ
3363 613 3660 682 “vatiuati,
3687 612 3765 673 είς
3800 612 3932 671 τοὺς

2339 713 2543 775 αἰῶνας
2568 711 2675 764 τῶν
2707 708 2940 763 αἰώνων.
2976 708 3169 777 Ἀμήν.

2699 853 3080 937 ΤΟΜΟΣ
3154 849 3568 933 ΤΡΙἹῸΣ.

2411 1031 2570 1099 Μέγα
2628 1031 2726 1101 μὲν
2779 1030 3226 1100 ὁμολογουμένως
3271 1028 3388 1079 ἐστὶ
3419 1027 3480 1078 τὸ
3515 1026 3614 1094 τῆς
3647 1022 3936 1084 εὐσεϐείας

2342 1123 2660 1194 μυστήριον,
2709 1122 3076 1192 τεθαύμασται
3130 1120 3186 1172 δὲ
3240 1119 3336 1172 καὶ
3396 1117 3526 1186 παρ’
3575 1118 3758 1177 αὐτοῖς
3813 1119 3934 1176 τοῖς

2341 1211 2514 1280 ἁγίοις
2560 1213 2836 1280 ἀγγέλοις,
2867 1213 2962 1265 καὶ
3015 1211 3150 1279 πρός
3198 1226 3261 1277 γε
3300 1209 3457 1260 τοῦτο
3502 1209 3648 1278 ἡμᾶς
3695 1206 3938 1276 ὲμπεδοῖ

2338 1302 2513 1370 λέγων
2542 1304 2570 1354 6
2604 1302 2912 1370 σοφώτατος
2939 1300 3178 1363 Παῦλος·
3212 1300 3362 1352 ι”Ινα
3389 1297 3664 1370 γνωρισθῇ
3690 1296 3785 1349 νῦν
3807 1298 3937 1357 ταῖς

2340 1394 2536 1462 ἀρχαῖς
2566 1392 2657 1445 καὶ
2683 1395 2800 1456 ταῖς
2830 1393 3102 1456 ἐξουσίαις
3124 1392 3181 1443 ἐν
3203 1393 3314 1452 τοῖς
3341 1389 3683 1458 ἐπουρανίοις
3713 1387 3801 1440 διά
3826 1387 3935 1456 τῆς

2350 1483 2696 1552 Ἐκκλησίας,
2738 1484 2770 1553 ἡ
2805 1481 3185 1544 πολυποίκιλος
3238 1469 3397 1550 σοφία
3442 1478 3536 1532 τοῦ
3586 1478 3754 1542 Θεοῦ,
3788 1479 3939 1530 κατὰ

2341 1572 2596 1645 πρόθεσιν
2619 1574 2728 1625 τῶν
2755 1573 2988 1637 αἰώνων,
3019 1573 3082 1643 ἣν
3108 1574 3361 1643 ἐποίησεν
3386 1573 3441 1625 ὲν
3462 1573 3536 1640 τῷ
3557 1570 3746 1641 Κυρίῳ
3771 1570 3938 1640 ἡμῶν

2353 1662 2525 1731 Ἰησοῦ
2554 1661 2792 1730 Χριστῷ.
2825 1665 2880 1715 ὲν
2905 1656 2949 1730 ᾧ
2972 1661 3164 1732 ἔχομεν
3187 1663 3285 1731 τὴν
3308 1662 3622 1732 παρρησίαν
3646 1661 3738 1713 καὶ
3762 1677 3940 1729 προσ-

2278 1774 2316 1824 Β
2343 1750 2565 1821 αγωγὴν
2597 1753 2655 1803 ἐν
2684 1750 3008 1819 πεποιθήσει
3042 1751 3128 1804 διὰ
3163 1751 3260 1817 τῆς
3294 1751 3545 1813 πίστεως.
3581 1769 3600 1800 ι
3629 1750 3799 1817 Σοφία
3821 1750 3939 1818 γὰρ

2339 1842 2555 1912 ἀληθῶς
2599 1844 2693 1895 καὶ
2743 1843 2843 1894 οὐκ
2883 1842 3199 1914 ἀνθρωπίνη
3234 1841 3398 1894 ποθέν
3422 1858 3434 1870 ·
3484 1842 3602 1894 θεία
3635 1843 3689 1894 δὲ
3727 1840 3942 1912 μᾶλλον

2340 1933 2434 1985 καὶ
2464 1935 2520 1985 ἐν
2551 1934 2884 2003 ἀπορρήτοις
2915 1933 3024 1984 τισὶ
3071 1932 3259 2002 βάθεσί
3305 1950 3363 1985 τε
3406 1934 3498 1986 καὶ
3527 1933 3941 2002 ἀκαταληψίαις

2341 2021 2588 2092 κειμένη,
2627 2022 2686 2074 τὸ
2725 2021 2962 2093 Χριστοῦ
3011 2025 3341 2092 μυστήριονο
3377 2022 3568 2091 ψάλλει
3606 2023 3736 2090 γοῦν
3767 2025 3796 2077 ό
3828 2041 3943 2092 μα-

2351 2113 2540 2183 κάριος
2575 2113 2738 2165 Δαὸίδ
2757 2131 2771 2143 ·
2811 2134 2826 2164 ι
2855 2114 2964 2166 Καὶ
2998 2113 3150 2166 ἔθετο
3183 2113 3370 2176 σκότος
3393 2113 3720 2184 ἀποκρυφὴν
3741 2113 3940 2177 αὑτοῦ,

2342 2204 2526 2274 κύκλῳ
2557 2203 2720 2256 αὑτοῦ
2765 2207 2797 2273 ἡ
2845 2204 3018 2275 σκηνὴ
3050 2203 3238 2268 αὑτοῦ,
3268 2205 3540 2258 σκοτεινὸν
3575 2204 3720 2276 ὕδωρ
3753 2204 3814 2259 ὲν
3848 2223 3947 2257 νε-

2343 2297 2534 2364 φέλαις
2577 2296 2777 2366 ἀέρωνο
2813 2315 2830 2346 ι
2871 2297 3067 2350 σκότον
3108 2291 3262 2365 οἶμαι
3303 2296 3476 2364 λέγων
3525 2295 3676 2349 οὐδὲν
3721 2296 3942 2367 ἕτερον,

2344 2386 2483 2458 πλὴν
2519 2386 2601 2437 ὅτι
2636 2403 2738 2438 που
2776 2392 2992 2448 παντως
3027 2385 3124 2455 τὴν
3163 2385 3270 2439 τῶν
3302 2385 3519 2438 ὲννοιῶν
3563 2386 3946 2440 δυσκάτοπτον

2343 2475 2582 2552 εὕρεσιν,
2615 2479 2726 2537 τοῖς
2780 2477 2876 2544 τῆς
2928 2475 3164 2538 διανοίας
3204 2475 3504 2546 ὀφθαλμοῖς
3553 2476 3748 2546 ἀχλύος
3777 2477 3946 2548 δίκην

2343 2566 2740 2636 ἐμπίπτουσαν.
2770 2557 2956 2637 Ταύτῃ
2986 2566 3070 2618 τοί
3111 2583 3289 2636 φαμεν
3336 2566 3666 2636 ζητημάτων
3713 2569 3943 2637 ἰσχνῶν,

2345 2658 2438 2709 καὶ
2469 2657 2787 2728 περιεργίας
2816 2660 2912 2728 τῆς
2951 2659 3208 2711 ἐπέκεινα
3243 2658 3358 2722 νοῦ,
3394 2659 3679 2730 δεδεῆσθαι
3713 2661 3813 2732 μὲν
3844 2664 3948 2715 ob-

2343 2748 2531 2818 δαμῶς
2569 2749 2630 2801 τὸ
2665 2748 2900 2818 Χριστοῦ
2945 2753 3274 2822 μυστήριον·
3337 2752 3574 2814 πίστεως
3625 2752 3680 2805 δὲ
3730 2754 3949 2822 μᾶλλον

2347 2838 2525 2909 ἁπλῆν
2553 2840 2648 2892 καὶ⁷
2674 2839 3019 2911 ἀκακοῦργον
3051 2841 3282 2910 ἐχούσης
3306 2841 3406 2912 τὴν
3439 2842 3756 2912 παράδοσιν.
3777 2843 3950 2898 Οὕτω

2347 2930 2440 2982 καὶ
2474 2931 2638 3002 ἡμεῖς
2669 2931 2823 2982 αὐτοὶ
2855 2933 3070 3000 φρονεῖν
3099 2929 3476 3000 δεδιδάγμεθα,
3513 2930 3606 2983 καὶ
3641 2935 3949 2986 πεπιστεύ-

2347 3036 2525 3088 καμεν
2565 3021 2646 3072 ὅτι
2689 3019 2819 3072 Θεὸν
2847 3019 2974 3072 ὄντα
3003 3020 3144 3073 κατὰ
3172 3019 3334 3088 φύσιν
3360 3021 3452 3073 τὸν
3483 3021 3613 3074 ἴδιον
3641 3023 3788 3087 Υίδν,
3825 3024 3948 3078 ἀπ-

668 3112 796 3164 dum
846 3119 1120 3174 naturam,
1155 3109 1321 3164 fuisse
1365 3111 1588 3164 missum
1633 3111 1909 3167 hominem
1939 3113 2163 3179 factum,
2192 3123 2243 3169 et

2351 3111 2588 3165 ἐστειλεν
2633 3113 2662 3165 6
2705 3112 2834 3176 Θεὸς
2871 3114 2964 3166 καὶ
2993 3114 3183 3184 Πατὴρ
3212 3112 3498 3183 ἄνθρωπον
3527 3113 3807 3183 γεγονότα,
3842 3117 3950 3168 καὶ

670 3218 734 3254 ex
773 3201 998 3254 muliere
1040 3200 1334 3254 secundum
1377 3213 1596 3255 carnem
1627 3202 1869 3272 genitum
1896 3203 1964 3267 ",
2001 3214 2057 3257 ut
2100 3204 2152 3258 in
2183 3220 2243 3260 se

2349 3202 2410 3255 ὲκ
2439 3200 2694 3271 γυναικὸς
2734 3204 2875 3256 κατά
2905 3203 3084 3274 σάρκα
3109 3204 3526 3273 γεγεννημένον,
3557 3205 3643 3258 ἵνα
3671 3207 3955 3281 δικαιώσῃ

669 3292 952 3346 credentes
982 3290 1264 3357 justitlcet,
1298 3299 1355 3346 et
1396 3306 1495 3346 suo
1523 3293 1760 3361 benigno
1792 3291 2243 3351 clementissimo-

2349 3291 2472 3355 τοὺς
2508 3291 2587 3356 είς
2613 3293 2773 3346 αὑτὸν
2808 3295 3190 3358 ’πιστεύονταςο
3218 3297 3311 3348 καὶ
3341 3296 3446 3348 τῶν
3476 3297 3533 3349 ἐν
3565 3295 3757 3367 ἀγνοίᾳ
3777 3315 3953 3350 πται-

671 3398 776 3452 que
813 3391 942 3435 nutu
979 3397 1010 3437 ι
1047 3383 1285 3451 peccatis
1329 3384 1382 3436 in
1417 3383 1723 3453 ignorantia
1760 3382 2012 3438 admissis
2048 3384 2243 3440 libera-

2349 3384 2598 3452 σμάτων,
2637 3386 2894 3454 χρηστοῖς
2921 3386 3014 3439 καὶ
3049 3386 3423 3455 ἡμερωτάτοις
3463 3387 3780 3451 ἀπαλλάξας
3813 3391 3949 3442 νεύε-

673 3487 775 3537 tos,
809 3488 972 3543 puros
1000 3481 1053 3527 et
1094 3473 1473 3529 immaculatos
1523 3488 1618 3543 per
1656 3487 1714 3528 se
1750 3470 1860 3527 Deo
1892 3484 1946 3528 et
1987 3473 2134 3529 Patri
2166 3473 2243 3528 of-

2352 3489 2504 3540 μασι,
2535 3472 2805 3542 καθαροὺς
2841 3473 2935 3526 καὶ⁸
2964 3473 3227 3544 ἀμώμους
3256 3475 3643 3544 προσκομίσειε
3670 3475 3735 3528 δι’
3764 3478 3945 3530 αὑτοῦ

675 3568 830 3626 t‘erat.
855 3574 907 3618 et
933 3579 1026 3618 eos
1051 3565 1246 3619 divinae
1271 3579 1384 3620 sua:
1409 3573 1618 3618 natura:
1647 3563 1942 3634 participes
1971 3561 2243 3629 eﬂlciat",

2349 3562 2426 3631 τῷ
2475 3562 2593 3633 Θεῷ
2638 3564 2731 3616 καὶ
2783 3563 2976 3634 Πατρὶ,
3011 3565 3104 3618 καὶ
3150 3565 3249 3633 τῆς
3299 3565 3448 3628 θείας
3485 3566 3680 3618 ἑαυτοῦ
3716 3566 3944 3634 φύσεως

673 3656 762 3722 qui
793 3655 953 3708 morti
990 3663 1156 3722 atque
1198 3655 1535 3724 corruptioni
1565 3666 1723 3709 erant
1746 3655 2035 3709 obnoxii“
2064 3673 2079 3721 ;
2111 3665 2165 3710 et
2194 3665 2250 3709 ut

675 3747 996 3810 przedicaret
1023 3743 1182 3797 czecis
1217 3743 1390 3797 visum
1417 3744 1483 3807 ",
1534 3753 1587 3798 et
1619 3743 1919 3797 errantium
1970 3744 2247 3797 hominum

675 3850 862 3905 greges
893 3835 957 3887 ad
989 3834 1160 3887 lucem
1189 3848 1329 3888 vera:
1355 3833 1448 3888 Dei
1478 3833 1802 3900 cognitionis
1832 3833 2158 3898 traduceret,
2188 3849 2250 3888 ac

676 3929 894 3978 doceret
923 3923 1045 3991 quis
1075 3933 1268 3976 natura
1294 3936 1529 3991 vereque
1560 3923 1699 3976 Deus
1728 3931 1890 3986 esset,
1927 3930 1978 3976 el
2007 3923 2248 3976 omnium

680 4029 856 4068 rerum
881 4012 1061 4080 epifex
1092 4027 1106 4064 :
1134 4011 1308 4065 factus
1338 4021 1420 4064 est
1450 4011 1595 4065 enim
1627 4011 1763 4064 odor
1800 4011 2125 4080 cognitionis
2156 4010 2248 4066 Dei

677 4121 741 4160 ac
771 4104 969 4166 Patris,
994 4112 1047 4155 et
1090 4103 1142 4155 in
1186 4102 1299 4171 ipso
1336 4101 1716 4168 conspeximus
1745 4101 1890 4154 illum
1925 4111 1989 4155 ex
2021 4118 2126 4170 quo
2161 4117 2249 4156 se-

676 4193 927 4263 cundum.
951 4201 1198 4244 naturam
1228 4199 1311 4244 est
1355 4190 1586 4258 genitus,
1624 4197 1678 4240 et
1723 4186 2013 4240 manifeste
2042 4200 2250 4256 cogno-

675 4285 851 4335 vimus
879 4282 1018 4332 viam
1057 4294 1175 4347 qua:
1203 4293 1300 4331 nos
1337 4281 1402 4330 ad
1443 4288 1701 4330 a:ternam
1744 4276 1908 4329 vitam
1942 4275 2138 4330 defert.
2175 4276 2248 4329 Ita

677 4372 840 4425 etiam
877 4371 990 4424 fore
1027 4379 1084 4422 ιιι
1121 4370 1358 4439 genitum
1402 4370 1654 4438 gregibus
1700 4369 1815 4434 ipse
1855 4365 2029 4421 Filius
2063 4369 2249 4422 illuce-

681 4469 792 4521 ret,
836 4461 1027 4513 beatus
1078 4460 1340 4528 propheta
1399 4458 1565 4512 lsaias
1615 4458 1771 4526 longe
1824 4467 1951 4511 ante
1998 4458 2252 4512 clamavit

682 4551 916 4605 dicens‘:
955 4567 971 4599 ι
1007 4548 1098 4602 Sic
1131 4549 1259 4602 dicit
1291 4548 1547 4602 Dominus
1580 4567 1592 4600 :
1633 4547 1924 4600 Laboravit
1957 4547 2246 4617 Egyptus,

677 4652 728 4693 ct
776 4639 1170 4706 negotiationes
1221 4637 1578 4706 fEthiopum,
1626 4647 1680 4691 et
1714 4638 1821 4709 62
1858 4637 2105 4704 Sabaim,
2149 4640 2248 4692 viri

677 4730 934 4783 sublimes
965 4730 1030 4782 ad
1063 4739 1113 4782 te
1145 4729 1474 4792 transibunt,
1523 4739 1576 4782 et
1611 4730 1704 4784 tibi
1754 4729 2014 4791 servient,
2052 4740 2105 4783 et
2133 4739 2254 4799 post

679 4832 733 4871 te
778 4827 1074 4887 sequentur
1127 4817 1294 4870 vineti
1349 4817 1735 4885 compedibus,
1781 4827 1836 4871 et
1885 4820 2252 4872 rurvabuntur

681 4911 798 4973 tibi,
825 4920 878 4965 et
913 4912 964 4963 in
1002 4921 1051 4964 te
1081 4910 1407 4974 adorabunt,
1442 4911 1564 4978 quia
1601 4911 1653 4961 in
1691 4921 1740 4964 te
1768 4909 1904 4963 Deus
1940 4921 2042 4973 est,
2074 4921 2123 4964 et
2146 4925 2250 4965 non

678 5012 759 5053 cst
807 5002 945 5054 Deus
981 5011 1178 5071 praeter
1226 5011 1316 5055 te:
1349 5011 1401 5053 tu
1442 5014 1500 5053 es
1545 5001 1687 5054 enim
1738 5001 1875 5053 Deus
1925 5011 1977 5052 et
2020 5003 2248 5055 nesciri-

682 5107 818 5154 mus,
869 5091 1006 5144 Deus
1054 5090 1220 5145 lsrael
1270 5091 1592 5146 salvator".
1629 5109 1645 5140 ›
1696 5089 1906 5144 Dictum
1961 5102 2044 5145 est
2088 5094 2252 5146 etiam

680 5182 867 5250 procul
894 5183 1056 5237 dubio
1087 5184 1152 5236 ad
1176 5181 1394 5249 Filium,
1425 5198 1614 5236 rursus
1643 5193 1898 5250 tanquam
1924 5198 1986 5237 ex
2017 5197 2246 5251 persona

686 5275 775 5324 Ilei
807 5289 865 5327 ac
904 5274 1074 5327 Patris
1103 5291 1114 5326 :
1153 5292 1172 5324 ι
1206 5273 1345 5328 Ecce
1380 5276 1534 5344 posui
1565 5285 1614 5327 te
1653 5277 1704 5327 in
1742 5285 2124 5328 testamentum
2159 5290 2250 5343 ge-

684 5366 846 5424 neris,
875 5365 927 5417 in
959 5366 1132 5419 lucem
1161 5366 1424 5432 gentittm,
1457 5377 1513 5418 ut
1537 5367 1609 5419 sis
1643 5367 1694 5419 in
1723 5366 1949 5420 salutem
1983 5381 2150 5434 usque
2183 5368 2248 5420 ad

683 5465 983 5506 extremum
1023 5467 1179 5508 terrze
1205 5456 1292 5507 ⁷⁸⁸.
1331 5475 1347 5506 ι
1385 5453 1590 5524 Populo
1620 5457 1762 5510 enim
1791 5471 1856 5510 ex
1889 5458 2151 5526 sanguine
2176 5472 2240 5510 ac

2350 3655 2650 3725 ἐργάσηται
2686 3659 2999 3719 κοινωνοὺς,
3025 3658 3151 3720 τοὺς
3180 3657 3284 3710 ὑπὸ
3315 3656 3542 3710 θάνατον
3567 3659 3664 3711 καὶ
3691 3657 3904 3729 φθοράν
3929 3680 3944 3692 ο

2352 3744 2564 3817 κηρύξῃ
2596 3747 2650 3798 δὲ
2684 3748 2776 3798 καὶ
2817 3747 3037 3814 τυφλοῖς
3067 3747 3362 3814 ἀνάϐλεψιν
3386 3762 3399 3775 °
3443 3748 3537 3800 καὶ
3564 3749 3663 3810 τὰς
3699 3748 3807 3800 τῶν
3840 3767 3957 3802 πε-

2354 3835 2709 3906 πλανημένων
2754 3836 2954 3905 ἀγέλας
3003 3837 3081 3898 είς
3124 3837 3182 3890 τὸ
3227 3837 3323 3906 τῆς
3348 3837 3585 3906 ἀληθοῦς
3611 3838 3954 3907 θεογνωσίας

2355 3924 2699 3996 μετακομίσῃ
2747 3925 2859 3991 φῶς
2885 3941 2897 3953 ⁸
2935 3924 3122 3994 διδάξῃ
3151 3941 3209 3976 τε
3239 3924 3446 3990 λοιπὸν,
3473 3927 3556 3989 τίς
3603 3929 3631 3980 ὁ
3673 3929 3833 3996 φύσει
3881 3947 3954 3984 τε

2353 4013 2446 4064 καὶ
2482 4013 2693 4083 ἀληθῶς
2720 4016 2835 4066 ἐστι
2863 4013 3015 4079 Θεὸς,
3049 4017 3141 4068 καὶ
3170 4012 3279 4067 τῶν
3297 4015 3434 4068 ὅλων
3466 4017 3820 4089 δημιουργὸς,
3847 4025 3950 4089 γέ-

2352 4121 2474 4171 γονε
2508 4105 2614 4175 γὰρ
2643 4105 2788 4175 όσμὴ
2827 4107 2923 4176 τῆς
2967 4107 3221 4174 γνώσεως
3270 4107 3364 4160 τοῦ
3407 4108 3539 4161 Θεοῦ
3570 4111 3660 4162 καὶ
3687 4112 3910 4183 Πατρός
3939 4134 3958 4147 ο

2354 4194 2448 4246 καὶ
2483 4195 2540 4244 ὲν
2570 4193 2717 4262 αὐτῷ
2745 4194 3054 4264 τεθεάμεθα
3093 4196 3205 4261 τὸν,
3235 4195 3293 4259 ἐξ
3340 4189 3402 4249 οῦ
3450 4199 3772 4270 γεγέννηται
3802 4207 3961 4258 κατὰ

2354 4283 2548 4351 φύσιν·
2591 4283 2913 4354 ὲγνώκαμέν
2953 4304 3014 4338 τε
3047 4287 3236 4355 σαφῶς
3272 4288 3369 4359 τὴν
3399 4292 3476 4352 είς
3507 4292 3650 4361 ζωὴν
3676 4295 3824 4363 ἡμᾶς
3847 4297 3961 4366 τὴν

2356 4373 2523 4424 ἀΐδιον
2562 4373 2943 4444 ἀποφέρουσαν
2977 4377 3114 4431 ὁδόν.
3144 4376 3301 4430 Οῦτω
3333 4380 3424 4431 καὶ
3467 4385 3586 4444 ταῖς
3626 4384 3734 4436 τῶν
3772 4385 3959 4440 ἐθνῶν

2360 4463 2582 4529 ἀγέλαις
2627 4462 2957 4534 ὲπιλάμψειν
3000 4467 3089 4518 τὸν
3121 4468 3244 4519 Υίὸν
3275 4471 3302 4520 6
3344 4472 3612 4542 μακᾴριος
3659 4477 3959 4548 προφήτης

2370 4553 2599 4617 Ἡσαΐας
2629 4558 3120 4628 προανεκεκράγει,
3155 4560 3359 4628 λέγων’
3405 4583 3422 4611 ι
3455 4562 3611 4616 Οῦτω
3653 4565 3800 4633 λέγει
3828 4570 3958 4622 Κύ-

2361 4645 2836 4714 ριος·Ἑκοπίασεν
2879 4647 3172 4715 Αἴγυπτος,
3213 4652 3307 4703 καὶ
3339 4653 3604 4723 ἐμπορίαι
3645 4655 3959 4723 Αἰθιόπων,

2360 4737 2447 4787 καὶ
2477 4735 2526 4787 οἱ
2556 4736 2791 4806 Σαὸαῒμ,
2814 4737 3003 4808 ἀνδρες
3026 4740 3222 4808 ὑψηλώ⁸
3250 4742 3345 4792 ἐπὶ
3376 4744 3432 4795 σὲ
3454 4743 3610 4813 διαϐή
3622 4763 3823 4812 σονται,
3853 4754 3960 4803 καὶ

2363 4825 2443 4876 σοὶ
2475 4825 2685 4878 ἔσονται
2709 4827 2904 4892 δοῦλοι,
2943 4830 3035 4880 καὶ
3069 4829 3244 4882 ὀπίσω
3276 4849 3367 4884 σου
3399 4833 3827 4904 ἀκολουθήσουσι
3855 4836 3955 4891 δε-

2361 4915 2576 4984 δεμένοι
2616 4919 2958 4987 χειροπέδαις
2982 4935 2996 4949 ·
3031 4921 3122 4972 καὶ
3153 4925 3588 4993 προσκυνήσουσί
3625 4944 3727 4987 σοι,
3762 4929 3858 4982 καὶ
3889 4933 3959 4984 έν

2363 5007 2444 5056 σοὶ
2491 5005 2908 5073 προσεύξονται·
2951 5011 3031 5062 ὅτι
3067 5013 3122 5063 ὲν
3158 5016 3240 5063 σοὶ
3285 5013 3312 5064 6
3360 5014 3490 5076 Θεός
3521 5017 3670 5068 ὲστι·
3716 5017 3810 5070 καὶ
3846 5022 3959 5075 οὐκ

2359 5095 2474 5147 ἐστι
2500 5095 2630 5158 Θεὸς
2665 5096 2807 5168 πλήν
2834 5116 2948 5152 σου.
2983 5100 3054 5151 Σὺ
3082 5103 3188 5171 γὰρ
3215 5097 3263 5154 εἶ
3290 5102 3421 5166 Θεὸς
3449 5107 3539 5157 καὶ
3567 5107 3664 5159 οὐκ
3696 5108 3952 5178 ᾔδειμεν,

2356 5186 2536 5248 ὸΘεὺς
2557 5186 2650 5238 τοῦ
2693 5189 2908 5258 Ἰσραὴλ
2933 5193 3132 5260 σωτήρ.
3169 5211 3185 5243 ι
3215 5194 3441 5263 Εἴρηται
3471 5195 3526 5248 δέ
3557 5213 3658 5249 που
3688 5198 3826 5266 πρὸς
3857 5203 3959 5254 τὸν

2359 5276 2504 5337 Υίὸν,
2532 5278 2604 5338 ώς
2641 5279 2703 5331 ὲκ
2735 5279 3026 5348 προσώπου
3055 5282 3214 5335 πάλιν
3245 5283 3336 5335 τοῦ
3370 5284 3503 5336 Θεοῦ
3557 5287 3650 5339 καὶ
3695 5288 3916 5358 Πατρός
3938 5310 3951 5321 ~

2357 5380 2381 5417 τ
2405 5367 2534 5420 Ἰδοὺ
2555 5368 2776 5422 τέθεικά
2800 5387 2857 5421 σε
2879 5372 2956 5433 είς
2984 5373 3247 5442 διαθήκην
3276 5376 3486 5444 γένους,
3511 5380 3588 5439 είς
3612 5379 3725 5447 φῶς
3748 5379 3952 5448 ἐθνῶν,

2344 5458 2440 5514 τοῦ
2491 5454 2630 5512 εἶναι
2681 5477 2739 5513 σε
2786 5463 2865 5526 είς
2917 5464 3192 5535 σωτηρίαν
3227 5466 3330 5529 ἕως
3364 5469 3594 5536 ἐσχάτου
3625 5471 3722 5539 τῆς
3753 5471 3886 5541 γῆς.
3928 5495 3946 5526 ι

748 5605 790 5633 ⁷⁸
824 5604 1128 5694 ΞΙΤίιηηλιιι,
1169 5606 1252 5660 16.
1333 5608 1398 5694 ’.θ’
1423 5606 1616 5694 ΙξρΙιεε.
1651 5609 1852 5694 nihil),
1875 5609 1973 5694 Αἲξ
2049 5612 2093 5641 ⁷⁸
2130 5609 2243 5663 Psal

2349 5629 2437 5694 VIII”.
2473 5612 2595 5694 ιε’...
2636 5615 2682 5694 ς¹¹
2720 5613 2895 5668 Galat.
2928 5634 2998 5694 ty,
3031 5621 3082 5675 ὁ.
3164 5623 3208 5653 ⁷³
3242 5624 3283 5677 ιι
3317 5625 3458 5681 Petr.
3495 5645 3533 5694 t,
3567 5627 3617 5681 4.
3695 5627 3741 5662 ’⁵
3777 5628 3948 5687 Rom.

681 5689 796 5735 Vttt,
824 5677 911 5730 ‘21.

989 5679 1032 5707 ⁷⁵
1074 5680 1174 5730 lsa.
1206 5695 1313 5736 ιιι.
1346 5680 1403 5740 1;
1439 5681 1566 5732 Luc.
1606 5695 1676 5743 tv,
1712 5679 1796 5733 19.
1875 5680 1918 5709 ⁷⁸
1958 5678 2058 5734 Isa.
2097 5695 2215 5747 xu,

2365 5683 2452 5738 15.
2531 5686 2595 5714 ⁷⁸·
2633 5683 2735 5738 lsa.
2765 5701 2910 5745 xm.
2941 5688 2971 5741 6
