  <div class='ocr_page' id='page_1' title='image "/cluster/home/n/w/nwhite01/storage/ocr_20150623/76/ien.35556001661040/068.png"; bbox 0 0 4028 6426; ppageno 0'>
   <div class='ocr_carea' id='block_1_1' title="bbox 124 342 3385 432">
    <p class='ocr_par' dir='ltr' id='par_1_1' title="bbox 124 342 3385 432">
     <span class='ocr_line' id='line_1_1' title="bbox 124 342 3385 432; baseline 0.012 -39"><span class='ocrx_word' id='word_1_1' title='bbox 124 342 211 395; x_wconf 72' lang='grc'><strong>113</strong></span> <span class='ocrx_word' id='word_1_2' title='bbox 1228 350 1596 408; x_wconf 78' lang='lat' dir='ltr'><strong>ADVERSUS</strong></span> <span class='ocrx_word' id='word_1_3' title='bbox 1635 354 2042 413; x_wconf 70' lang='lat' dir='ltr'><strong>NESTORIUM</strong></span> <span class='ocrx_word' id='word_1_4' title='bbox 2085 360 2207 416; x_wconf 63' lang='grc' dir='ltr'><strong>[ΑΒ.</strong></span> <span class='ocrx_word' id='word_1_5' title='bbox 2251 363 2337 416; x_wconf 90' lang='lat' dir='ltr'><strong>Ill.</strong></span> <span class='ocrx_word' id='word_1_6' title='bbox 3288 380 3385 432; x_wconf 63' lang='lat' dir='ltr'><strong>ili</strong></span> 
     </span>
    </p>
   </div>
   <div class='ocr_carea' id='block_1_2' title="bbox 120 460 1711 567">
    <p class='ocr_par' dir='ltr' id='par_1_2' title="bbox 120 460 1708 540">
     <span class='ocr_line' id='line_1_2' title="bbox 120 460 1708 540; baseline 0.011 -31"><span class='ocrx_word' id='word_1_7' title='bbox 120 460 533 530; x_wconf 62' lang='grc' dir='ltr'>Νενομοθέτηκε</span> <span class='ocrx_word' id='word_1_8' title='bbox 569 462 668 530; x_wconf 70' lang='grc' dir='ltr'>μὲν</span> <span class='ocrx_word' id='word_1_9' title='bbox 700 464 808 533; x_wconf 77' lang='grc' dir='ltr'><strong>γὰρ</strong></span> <span class='ocrx_word' id='word_1_10' title='bbox 840 465 932 515; x_wconf 75' lang='grc' dir='ltr'>τὸν</span> <span class='ocrx_word' id='word_1_11' title='bbox 960 464 1017 530; x_wconf 70' lang='grc' dir='ltr'><strong>ἐξ</strong></span> <span class='ocrx_word' id='word_1_12' title='bbox 1049 466 1278 536; x_wconf 76' lang='grc' dir='ltr'>αἵματός</span> <span class='ocrx_word' id='word_1_13' title='bbox 1308 485 1365 520; x_wconf 77' lang='grc' dir='ltr'>τε</span> <span class='ocrx_word' id='word_1_14' title='bbox 1397 472 1489 523; x_wconf 75' lang='grc' dir='ltr'>καὶ</span> <span class='ocrx_word' id='word_1_15' title='bbox 1522 476 1708 540; x_wconf 76' lang='grc' dir='ltr'>γένους</span> 
     </span>
    </p>
   </div>
   <div class='ocr_carea' id='block_1_3' title="bbox 1816 460 3387 567">
    <p class='ocr_par' dir='ltr' id='par_1_3' title="bbox 1816 482 3387 562">
     <span class='ocr_line' id='line_1_3' title="bbox 1816 482 3387 562; baseline 0.015 -33"><span class='ocrx_word' id='word_1_16' title='bbox 1816 491 2005 543; x_wconf 78' lang='lat' dir='ltr'><strong>genere</strong></span> <span class='ocrx_word' id='word_1_17' title='bbox 2056 482 2213 535; x_wconf 87' lang='lat' dir='ltr'><strong>Israel</strong></span> <span class='ocrx_word' id='word_1_18' title='bbox 2272 484 2388 536; x_wconf 86' lang='lat' dir='ltr'><strong>tulit</strong></span> <span class='ocrx_word' id='word_1_19' title='bbox 2440 483 2579 551; x_wconf 73' lang='lat' dir='ltr'><strong>leges</strong></span> <span class='ocrx_word' id='word_1_20' title='bbox 2628 484 2761 540; x_wconf 83' lang='lat' dir='ltr'><strong>Novi</strong></span> <span class='ocrx_word' id='word_1_21' title='bbox 2814 489 3167 556; x_wconf 86' lang='lat' dir='ltr'><strong>Testamenti,</strong></span> <span class='ocrx_word' id='word_1_22' title='bbox 3209 497 3387 562; x_wconf 80' lang='lat' dir='ltr'><strong>priore</strong></span> 
     </span>
    </p>
   </div>
   <div class='ocr_carea' id='block_1_4' title="bbox 147 554 1711 643">
    <p class='ocr_par' dir='ltr' id='par_1_4' title="bbox 147 554 1711 633">
     <span class='ocr_line' id='line_1_4' title="bbox 147 554 1711 633; baseline 0.01 -31"><span class='ocrx_word' id='word_1_23' title='bbox 147 554 347 622; x_wconf 75' lang='grc' dir='ltr'>ισραὴλ</span> <span class='ocrx_word' id='word_1_24' title='bbox 386 554 488 624; x_wconf 77' lang='grc' dir='ltr'>τὴν</span> <span class='ocrx_word' id='word_1_25' title='bbox 542 554 754 624; x_wconf 78' lang='grc' dir='ltr'>Καινήν</span> <span class='ocrx_word' id='word_1_26' title='bbox 803 556 1114 627; x_wconf 77' lang='grc' dir='ltr'>Διαθήκην,</span> <span class='ocrx_word' id='word_1_27' title='bbox 1157 560 1562 633; x_wconf 68' lang='grc' dir='ltr'>παὶαιωθεισης</span> <span class='ocrx_word' id='word_1_28' title='bbox 1613 565 1711 633; x_wconf 80' lang='grc' dir='ltr'>τῆς</span> 
     </span>
    </p>
   </div>
   <div class='ocr_carea' id='block_1_5' title="bbox 1816 554 3387 643">
    <p class='ocr_par' dir='ltr' id='par_1_5' title="bbox 1816 554 3387 643">
     <span class='ocr_line' id='line_1_5' title="bbox 1816 554 3387 643; baseline 0.014 -27"><span class='ocrx_word' id='word_1_29' title='bbox 1816 567 1924 634; x_wconf 85' lang='lat' dir='ltr'><strong>jam</strong></span> <span class='ocrx_word' id='word_1_30' title='bbox 1968 568 2270 635; x_wconf 88' lang='lat' dir='ltr'><strong>antiquato,</strong></span> <span class='ocrx_word' id='word_1_31' title='bbox 2314 571 2489 623; x_wconf 84' lang='lat' dir='ltr'><strong>illuxit</strong></span> <span class='ocrx_word' id='word_1_32' title='bbox 2522 573 2682 626; x_wconf 87' lang='lat' dir='ltr'><strong>etiam</strong></span> <span class='ocrx_word' id='word_1_33' title='bbox 2713 591 2881 643; x_wconf 85' lang='lat' dir='ltr'><strong>usque</strong></span> <span class='ocrx_word' id='word_1_34' title='bbox 2915 580 2978 631; x_wconf 88' lang='lat' dir='ltr'><strong>ad</strong></span> <span class='ocrx_word' id='word_1_35' title='bbox 3015 554 3272 637; x_wconf 78' lang='lat' dir='ltr'><strong>terminos</strong></span> <span class='ocrx_word' id='word_1_36' title='bbox 3301 601 3387 638; x_wconf 63' lang='lat' dir='ltr'><strong>oro</strong></span> 
     </span>
    </p>
   </div>
   <div class='ocr_carea' id='block_1_6' title="bbox 116 645 1711 739">
    <p class='ocr_par' dir='ltr' id='par_1_6' title="bbox 116 645 1711 725">
     <span class='ocr_line' id='line_1_6' title="bbox 116 645 1711 725; baseline 0.008 -30"><span class='ocrx_word' id='word_1_37' title='bbox 116 645 366 715; x_wconf 69' lang='grc' dir='ltr'>πρώτηςι</span> <span class='ocrx_word' id='word_1_38' title='bbox 407 648 653 715; x_wconf 75' lang='grc' dir='ltr'>ἐπέφανε</span> <span class='ocrx_word' id='word_1_39' title='bbox 708 648 765 699; x_wconf 82' lang='grc' dir='ltr'>δὲ</span> <span class='ocrx_word' id='word_1_40' title='bbox 818 649 914 701; x_wconf 75' lang='grc' dir='ltr'>καὶ</span> <span class='ocrx_word' id='word_1_41' title='bbox 955 650 1119 719; x_wconf 84' lang='grc' dir='ltr'>μέχρι</span> <span class='ocrx_word' id='word_1_42' title='bbox 1167 653 1455 721; x_wconf 79' lang='grc' dir='ltr'><strong>τερμάτων</strong></span> <span class='ocrx_word' id='word_1_43' title='bbox 1483 656 1580 725; x_wconf 78' lang='grc' dir='ltr'>τῆς</span> <span class='ocrx_word' id='word_1_44' title='bbox 1610 656 1711 708; x_wconf 83' lang='grc' dir='ltr'><strong>ὑπ’</strong></span> 
     </span>
    </p>
   </div>
   <div class='ocr_carea' id='block_1_7' title="bbox 1816 645 3387 739">
    <p class='ocr_par' dir='ltr' id='par_1_7' title="bbox 1817 657 3387 739">
     <span class='ocr_line' id='line_1_7' title="bbox 1817 657 3387 739; baseline 0.013 -31"><span class='ocrx_word' id='word_1_45' title='bbox 1817 657 1899 709; x_wconf 86' lang='lat' dir='ltr'><strong>bis</strong></span> <span class='ocrx_word' id='word_1_46' title='bbox 1942 665 2209 711; x_wconf 89' lang='lat' dir='ltr'><strong>terrarum</strong></span> <span class='ocrx_word' id='word_1_47' title='bbox 2260 662 2507 729; x_wconf 76' lang='lat' dir='ltr'><strong>gentibus</strong></span> <span class='ocrx_word' id='word_1_48' title='bbox 2557 680 2619 718; x_wconf 91' lang='lat' dir='ltr'><strong>ac</strong></span> <span class='ocrx_word' id='word_1_49' title='bbox 2663 668 2872 735; x_wconf 84' lang='lat' dir='ltr'><strong>populis</strong></span> <span class='ocrx_word' id='word_1_50' title='bbox 2922 671 3016 739; x_wconf 87' lang='lat' dir='ltr'><strong>qui</strong></span> <span class='ocrx_word' id='word_1_51' title='bbox 3070 688 3164 739; x_wconf 90' lang='lat' dir='ltr'><strong>per</strong></span> <span class='ocrx_word' id='word_1_52' title='bbox 3201 691 3387 729; x_wconf 80' lang='lat' dir='ltr'><strong>omnes</strong></span> 
     </span>
    </p>
   </div>
   <div class='ocr_carea' id='block_1_8' title="bbox 112 740 1711 828">
    <p class='ocr_par' dir='ltr' id='par_1_8' title="bbox 112 740 1711 809">
     <span class='ocr_line' id='line_1_8' title="bbox 112 740 1711 809; baseline 0.008 -21"><span class='ocrx_word' id='word_1_53' title='bbox 112 740 365 806; x_wconf 68' lang='grc' dir='ltr'>οὐρανὸν.</span> <span class='ocrx_word' id='word_1_54' title='bbox 406 742 526 800; x_wconf 80' lang='grc' dir='ltr'>τοῖς</span> <span class='ocrx_word' id='word_1_55' title='bbox 562 740 665 792; x_wconf 83' lang='grc' dir='ltr'><strong>ἀνὰ</strong></span> <span class='ocrx_word' id='word_1_56' title='bbox 691 741 875 792; x_wconf 79' lang='grc' dir='ltr'>πᾶσαν</span> <span class='ocrx_word' id='word_1_57' title='bbox 908 757 1092 809; x_wconf 83' lang='grc' dir='ltr'>χωραν</span> <span class='ocrx_word' id='word_1_58' title='bbox 1128 759 1186 794; x_wconf 87' lang='grc' dir='ltr'><strong>τε</strong></span> <span class='ocrx_word' id='word_1_59' title='bbox 1228 744 1320 795; x_wconf 75' lang='grc' dir='ltr'>καὶ</span> <span class='ocrx_word' id='word_1_60' title='bbox 1352 745 1506 798; x_wconf 85' lang='grc' dir='ltr'>πόλιν</span> <span class='ocrx_word' id='word_1_61' title='bbox 1536 746 1711 800; x_wconf 76' lang='grc' dir='ltr'>ἔθνεσί</span> 
     </span>
    </p>
   </div>
   <div class='ocr_carea' id='block_1_9' title="bbox 1816 740 3385 828">
    <p class='ocr_par' dir='ltr' id='par_1_9' title="bbox 1816 748 3385 828">
     <span class='ocr_line' id='line_1_9' title="bbox 1816 748 3385 828; baseline 0.012 -28"><span class='ocrx_word' id='word_1_62' title='bbox 1816 748 2064 813; x_wconf 81' lang='lat' dir='ltr'><strong>regiones</strong></span> <span class='ocrx_word' id='word_1_63' title='bbox 2102 760 2156 803; x_wconf 90' lang='lat' dir='ltr'><strong>et</strong></span> <span class='ocrx_word' id='word_1_64' title='bbox 2199 753 2360 807; x_wconf 86' lang='lat' dir='ltr'><strong>urbes</strong></span> <span class='ocrx_word' id='word_1_65' title='bbox 2405 765 2604 810; x_wconf 86' lang='lat' dir='ltr'><strong>erant:</strong></span> <span class='ocrx_word' id='word_1_66' title='bbox 2637 773 2758 810; x_wconf 89' lang='lat' dir='ltr'><strong>nam</strong></span> <span class='ocrx_word' id='word_1_67' title='bbox 2802 759 2951 813; x_wconf 90' lang='lat' dir='ltr'><strong>illum</strong></span> <span class='ocrx_word' id='word_1_68' title='bbox 2996 763 3385 828; x_wconf 88' lang='lat' dir='ltr'><strong>adoraverunt,</strong></span> 
     </span>
    </p>
   </div>
   <div class='ocr_carea' id='block_1_10' title="bbox 112 826 1711 913">
    <p class='ocr_par' dir='ltr' id='par_1_10' title="bbox 112 826 1711 906">
     <span class='ocr_line' id='line_1_10' title="bbox 112 826 1711 906; baseline 0.008 -30"><span class='ocrx_word' id='word_1_69' title='bbox 112 842 164 876; x_wconf 85' lang='grc' dir='ltr'>τε</span> <span class='ocrx_word' id='word_1_70' title='bbox 218 828 315 877; x_wconf 74' lang='grc' dir='ltr'>καὶ</span> <span class='ocrx_word' id='word_1_71' title='bbox 372 826 551 891; x_wconf 77' lang='grc' dir='ltr'>λαοῖς.</span> <span class='ocrx_word' id='word_1_72' title='bbox 580 828 1069 897; x_wconf 81' lang='grc' dir='ltr'>ῐῘροσκεκυνήκασι</span> <span class='ocrx_word' id='word_1_73' title='bbox 1104 830 1212 901; x_wconf 82' lang='grc' dir='ltr'>γὰρ</span> <span class='ocrx_word' id='word_1_74' title='bbox 1258 834 1426 902; x_wconf 73' lang='grc' dir='ltr'>αὐτῷ,</span> <span class='ocrx_word' id='word_1_75' title='bbox 1461 836 1556 887; x_wconf 77' lang='grc' dir='ltr'>καὶ</span> <span class='ocrx_word' id='word_1_76' title='bbox 1607 837 1711 906; x_wconf 83' lang='grc' dir='ltr'>μὴν</span> 
     </span>
    </p>
   </div>
   <div class='ocr_carea' id='block_1_11' title="bbox 1816 826 3388 913">
    <p class='ocr_par' dir='ltr' id='par_1_11' title="bbox 1818 826 3388 913">
     <span class='ocr_line' id='line_1_11' title="bbox 1818 826 3388 913; baseline 0.012 -26"><span class='ocrx_word' id='word_1_77' title='bbox 1818 844 1983 905; x_wconf 88' lang='lat' dir='ltr'><strong>atque</strong></span> <span class='ocrx_word' id='word_1_78' title='bbox 2018 840 2183 893; x_wconf 87' lang='lat' dir='ltr'><strong>etiam</strong></span> <span class='ocrx_word' id='word_1_79' title='bbox 2208 841 2525 905; x_wconf 73' lang='lat' dir='ltr'><strong>spiritaliter</strong></span> <span class='ocrx_word' id='word_1_80' title='bbox 2558 855 2878 913; x_wconf 84' lang='lat' dir='ltr'><strong>sequuntur,</strong></span> <span class='ocrx_word' id='word_1_81' title='bbox 2910 848 3078 905; x_wconf 83' lang='lat' dir='ltr'><strong>ﬁrmis</strong></span> <span class='ocrx_word' id='word_1_82' title='bbox 3107 826 3388 907; x_wconf 80' lang='lat' dir='ltr'><strong>charitatis</strong></span> 
     </span>
    </p>
   </div>
   <div class='ocr_carea' id='block_1_12' title="bbox 110 917 1711 1005">
    <p class='ocr_par' dir='ltr' id='par_1_12' title="bbox 110 917 1710 998">
     <span class='ocr_line' id='line_1_12' title="bbox 110 917 1710 998; baseline 0.009 -30"><span class='ocrx_word' id='word_1_83' title='bbox 110 918 203 968; x_wconf 69' lang='grc' dir='ltr'>καὶ</span> <span class='ocrx_word' id='word_1_84' title='bbox 256 917 493 971; x_wconf 72' lang='grc' dir='ltr'>ἕπονται</span> <span class='ocrx_word' id='word_1_85' title='bbox 547 920 789 988; x_wconf 84' lang='grc' dir='ltr'>νοητῶς,</span> <span class='ocrx_word' id='word_1_86' title='bbox 841 922 1140 991; x_wconf 66' lang='grc' dir='ltr'>ἀρρήκτοις</span> <span class='ocrx_word' id='word_1_87' title='bbox 1186 925 1408 995; x_wconf 83' lang='grc' dir='ltr'><strong>ἀγάπης</strong></span> <span class='ocrx_word' id='word_1_88' title='bbox 1459 928 1710 998; x_wconf 83' lang='grc' dir='ltr'><strong>δεσμοῖς,</strong></span> 
     </span>
    </p>
   </div>
   <div class='ocr_carea' id='block_1_13' title="bbox 1816 917 3385 1005">
    <p class='ocr_par' dir='ltr' id='par_1_13' title="bbox 1816 927 3385 1005">
     <span class='ocr_line' id='line_1_13' title="bbox 1816 927 3385 1005; baseline 0.01 -26"><span class='ocrx_word' id='word_1_89' title='bbox 1816 927 2044 982; x_wconf 84' lang='lat' dir='ltr'><strong>vinculis</strong></span> <span class='ocrx_word' id='word_1_90' title='bbox 2102 929 2263 983; x_wconf 90' lang='lat' dir='ltr'><strong>veluti</strong></span> <span class='ocrx_word' id='word_1_91' title='bbox 2310 932 2629 1000; x_wconf 90' lang='lat' dir='ltr'><strong>quibusdam</strong></span> <span class='ocrx_word' id='word_1_92' title='bbox 2698 938 3047 1005; x_wconf 82' lang='lat' dir='ltr'><strong>compedibus</strong></span> <span class='ocrx_word' id='word_1_93' title='bbox 3111 943 3271 1005; x_wconf 82' lang='lat' dir='ltr'><strong>nexi,</strong></span> <span class='ocrx_word' id='word_1_94' title='bbox 3323 957 3385 994; x_wconf 84' lang='lat' dir='ltr'><strong>ac</strong></span> 
     </span>
    </p>
   </div>
   <div class='ocr_carea' id='block_1_14' title="bbox 111 1006 1711 1100">
    <p class='ocr_par' dir='ltr' id='par_1_14' title="bbox 111 1006 1711 1087">
     <span class='ocr_line' id='line_1_14' title="bbox 111 1006 1711 1087; baseline 0.01 -31"><span class='ocrx_word' id='word_1_95' title='bbox 111 1006 371 1077; x_wconf 71' lang='grc' dir='ltr'>καθάπερ</span> <span class='ocrx_word' id='word_1_96' title='bbox 405 1008 520 1060; x_wconf 78' lang='grc' dir='ltr'>τισὶ</span> <span class='ocrx_word' id='word_1_97' title='bbox 550 1010 898 1078; x_wconf 81' lang='grc' dir='ltr'>χειροπέδαις</span> <span class='ocrx_word' id='word_1_98' title='bbox 927 1013 1278 1082; x_wconf 82' lang='grc' dir='ltr'>ὲνισχημένα,</span> <span class='ocrx_word' id='word_1_99' title='bbox 1305 1017 1397 1069; x_wconf 80' lang='grc' dir='ltr'><strong>καὶ</strong></span> <span class='ocrx_word' id='word_1_100' title='bbox 1429 1021 1711 1087; x_wconf 76' lang='grc' dir='ltr'><strong>μονονουχὶ</strong></span> 
     </span>
    </p>
   </div>
   <div class='ocr_carea' id='block_1_15' title="bbox 1816 1006 3385 1100">
    <p class='ocr_par' dir='ltr' id='par_1_15' title="bbox 1816 1019 3385 1100">
     <span class='ocr_line' id='line_1_15' title="bbox 1816 1019 3385 1100; baseline 0.01 -32"><span class='ocrx_word' id='word_1_101' title='bbox 1816 1019 2202 1086; x_wconf 87' lang='lat' dir='ltr'><strong>propemodum</strong></span> <span class='ocrx_word' id='word_1_102' title='bbox 2260 1020 2389 1074; x_wconf 89' lang='lat' dir='ltr'><strong>illud</strong></span> <span class='ocrx_word' id='word_1_103' title='bbox 2430 1022 2679 1079; x_wconf 60' lang='lat' dir='ltr'><strong>Ieremia:</strong></span> <span class='ocrx_word' id='word_1_104' title='bbox 2737 1027 3020 1082; x_wconf 84' lang='lat' dir='ltr'><strong>dicentes:</strong></span> <span class='ocrx_word' id='word_1_105' title='bbox 3056 1048 3073 1079; x_wconf 77' lang='grc' dir='ltr'><strong>ι</strong></span> <span class='ocrx_word' id='word_1_106' title='bbox 3108 1030 3244 1084; x_wconf 88' lang='lat' dir='ltr'><strong>Ecce</strong></span> <span class='ocrx_word' id='word_1_107' title='bbox 3290 1033 3385 1100; x_wconf 82' lang='lat' dir='ltr'><strong>ipsi</strong></span> 
     </span>
    </p>
   </div>
   <div class='ocr_carea' id='block_1_16' title="bbox 105 1098 1711 1181">
    <p class='ocr_par' dir='ltr' id='par_1_16' title="bbox 105 1098 1711 1180">
     <span class='ocr_line' id='line_1_16' title="bbox 105 1098 1711 1180; baseline 0.01 -32"><span class='ocrx_word' id='word_1_108' title='bbox 105 1099 345 1164; x_wconf 71' lang='grc' dir='ltr'>λέγοντα</span> <span class='ocrx_word' id='word_1_109' title='bbox 399 1098 462 1151; x_wconf 87' lang='grc' dir='ltr'>τὸ</span> <span class='ocrx_word' id='word_1_110' title='bbox 515 1098 604 1152; x_wconf 79' lang='grc' dir='ltr'>διὰ</span> <span class='ocrx_word' id='word_1_111' title='bbox 638 1100 825 1168; x_wconf 81' lang='grc' dir='ltr'><strong>φωνῆς</strong></span> <span class='ocrx_word' id='word_1_112' title='bbox 868 1102 1166 1172; x_wconf 87' lang='grc' dir='ltr'>Ἰερεμίου·</span> <span class='ocrx_word' id='word_1_113' title='bbox 1205 1122 1223 1155; x_wconf 77' lang='lat' dir='ltr'><strong>t</strong></span> <span class='ocrx_word' id='word_1_114' title='bbox 1248 1105 1379 1158; x_wconf 84' lang='grc' dir='ltr'>Ἰδοὺ</span> <span class='ocrx_word' id='word_1_115' title='bbox 1410 1108 1517 1161; x_wconf 78' lang='grc' dir='ltr'>οἵδε</span> <span class='ocrx_word' id='word_1_116' title='bbox 1553 1112 1711 1180; x_wconf 78' lang='grc' dir='ltr'>ἡμεῖς</span> 
     </span>
    </p>
   </div>
   <div class='ocr_carea' id='block_1_17' title="bbox 1816 1098 3389 1181">
    <p class='ocr_par' dir='ltr' id='par_1_17' title="bbox 1816 1098 3389 1181">
     <span class='ocr_line' id='line_1_17' title="bbox 1816 1098 3389 1181; baseline 0.008 -21"><span class='ocrx_word' id='word_1_117' title='bbox 1816 1121 1914 1161; x_wconf 88' lang='lat' dir='ltr'><strong>nos</strong></span> <span class='ocrx_word' id='word_1_118' title='bbox 1963 1110 2167 1163; x_wconf 84' lang='lat' dir='ltr'><strong>erimus</strong></span> <span class='ocrx_word' id='word_1_119' title='bbox 2228 1111 2356 1177; x_wconf 89' lang='lat' dir='ltr'><strong>tibi,</strong></span> <span class='ocrx_word' id='word_1_120' title='bbox 2412 1115 2535 1181; x_wconf 84' lang='lat' dir='ltr'><strong>quia</strong></span> <span class='ocrx_word' id='word_1_121' title='bbox 2591 1124 2646 1167; x_wconf 93' lang='lat' dir='ltr'><strong>tu</strong></span> <span class='ocrx_word' id='word_1_122' title='bbox 2705 1115 2964 1172; x_wconf 89' lang='lat' dir='ltr'><strong>Dominus</strong></span> <span class='ocrx_word' id='word_1_123' title='bbox 3019 1118 3160 1173; x_wconf 90' lang='lat' dir='ltr'><strong>Deus</strong></span> <span class='ocrx_word' id='word_1_124' title='bbox 3206 1098 3389 1174; x_wconf 83' lang='lat' dir='ltr'><strong>noster</strong></span> 
     </span>
    </p>
   </div>
   <div class='ocr_carea' id='block_1_18' title="bbox 104 1188 1711 1289">
    <p class='ocr_par' dir='ltr' id='par_1_18' title="bbox 104 1188 1711 1269">
     <span class='ocr_line' id='line_1_18' title="bbox 104 1188 1711 1269; baseline 0.009 -29"><span class='ocrx_word' id='word_1_125' title='bbox 104 1188 355 1257; x_wconf 70' lang='grc' dir='ltr'>ἐσόμεθὰ</span> <span class='ocrx_word' id='word_1_126' title='bbox 388 1205 495 1252; x_wconf 86' lang='grc' dir='ltr'>σοι,</span> <span class='ocrx_word' id='word_1_127' title='bbox 532 1190 615 1241; x_wconf 82' lang='grc' dir='ltr'>ὅτι</span> <span class='ocrx_word' id='word_1_128' title='bbox 643 1191 705 1243; x_wconf 82' lang='grc' dir='ltr'>σὺ</span> <span class='ocrx_word' id='word_1_129' title='bbox 736 1190 941 1261; x_wconf 80' lang='grc' dir='ltr'>Κύριος</span> <span class='ocrx_word' id='word_1_130' title='bbox 966 1194 993 1244; x_wconf 91' lang='grc' dir='ltr'>ὁ</span> <span class='ocrx_word' id='word_1_131' title='bbox 1018 1192 1145 1255; x_wconf 82' lang='grc' dir='ltr'><strong>Θεὸς</strong></span> <span class='ocrx_word' id='word_1_132' title='bbox 1174 1195 1329 1264; x_wconf 80' lang='grc' dir='ltr'>ήμῶν</span> <span class='ocrx_word' id='word_1_133' title='bbox 1356 1193 1423 1250; x_wconf 77' lang='grc' dir='ltr'><strong>εἴ,</strong></span> <span class='ocrx_word' id='word_1_134' title='bbox 1455 1199 1627 1269; x_wconf 74' lang='grc' dir='ltr'>»Ὅρα</span> <span class='ocrx_word' id='word_1_135' title='bbox 1654 1202 1711 1255; x_wconf 82' lang='grc' dir='ltr'><strong>δέ</strong></span> 
     </span>
    </p>
   </div>
   <div class='ocr_carea' id='block_1_19' title="bbox 1816 1188 3374 1289">
    <p class='ocr_par' dir='ltr' id='par_1_19' title="bbox 1816 1197 3374 1275">
     <span class='ocr_line' id='line_1_19' title="bbox 1816 1197 3374 1275; baseline 0.009 -26"><span class='ocrx_word' id='word_1_136' title='bbox 1816 1211 1872 1251; x_wconf 87' lang='lat' dir='ltr'><strong>es</strong></span> <span class='ocrx_word' id='word_1_137' title='bbox 1894 1197 1961 1250; x_wconf 84' lang='lat'><strong>&quot;.</strong></span> <span class='ocrx_word' id='word_1_138' title='bbox 1990 1216 2010 1249; x_wconf 86' lang='grc'>›</span> <span class='ocrx_word' id='word_1_139' title='bbox 2034 1198 2110 1254; x_wconf 80' lang='lat' dir='ltr'><strong>Ac</strong></span> <span class='ocrx_word' id='word_1_140' title='bbox 2124 1201 2260 1261; x_wconf 89' lang='lat' dir='ltr'><strong>vide,</strong></span> <span class='ocrx_word' id='word_1_141' title='bbox 2295 1218 2497 1270; x_wconf 69' lang='lat' dir='ltr'><strong>quasso,</strong></span> <span class='ocrx_word' id='word_1_142' title='bbox 2529 1206 2956 1275; x_wconf 88' lang='lat' dir='ltr'><strong>propheticarum</strong></span> <span class='ocrx_word' id='word_1_143' title='bbox 2982 1211 3374 1264; x_wconf 88' lang='lat' dir='ltr'><strong>sententiarum</strong></span> 
     </span>
    </p>
   </div>
   <div class='ocr_carea' id='block_1_20' title="bbox 105 1279 1711 1366">
    <p class='ocr_par' dir='ltr' id='par_1_20' title="bbox 105 1279 1711 1360">
     <span class='ocr_line' id='line_1_20' title="bbox 105 1279 1711 1360; baseline 0.003 -32"><span class='ocrx_word' id='word_1_144' title='bbox 105 1296 197 1347; x_wconf 83' lang='grc' dir='ltr'><strong>μοι</strong></span> <span class='ocrx_word' id='word_1_145' title='bbox 225 1279 337 1329; x_wconf 82' lang='grc' dir='ltr'>τῶν</span> <span class='ocrx_word' id='word_1_146' title='bbox 366 1279 730 1347; x_wconf 75' lang='grc' dir='ltr'>προφητικῶν</span> <span class='ocrx_word' id='word_1_147' title='bbox 751 1281 969 1333; x_wconf 77' lang='grc' dir='ltr'>ἐννοιῶν</span> <span class='ocrx_word' id='word_1_148' title='bbox 986 1281 1082 1352; x_wconf 85' lang='grc' dir='ltr'>τὴν</span> <span class='ocrx_word' id='word_1_149' title='bbox 1102 1285 1431 1355; x_wconf 78' lang='grc' dir='ltr'><strong>ἐγρήγορσιν</strong></span> <span class='ocrx_word' id='word_1_150' title='bbox 1451 1305 1464 1320; x_wconf 90' lang='grc'><strong>·</strong></span> <span class='ocrx_word' id='word_1_151' title='bbox 1494 1306 1512 1340; x_wconf 79' lang='grc' dir='ltr'><strong>ι</strong></span> <span class='ocrx_word' id='word_1_152' title='bbox 1545 1291 1711 1360; x_wconf 80' lang='grc' dir='ltr'>Προσ-</span> 
     </span>
    </p>
   </div>
   <div class='ocr_carea' id='block_1_21' title="bbox 1816 1279 3382 1366">
    <p class='ocr_par' dir='ltr' id='par_1_21' title="bbox 1816 1287 3382 1366">
     <span class='ocr_line' id='line_1_21' title="bbox 1816 1287 3382 1366; baseline 0.008 -25"><span class='ocrx_word' id='word_1_153' title='bbox 1816 1287 2167 1357; x_wconf 77' lang='lat' dir='ltr'><strong>vigilantiam.</strong></span> <span class='ocrx_word' id='word_1_154' title='bbox 2207 1291 2637 1347; x_wconf 72' lang='lat' dir='ltr'><strong>«Curvabuntur</strong></span> <span class='ocrx_word' id='word_1_155' title='bbox 2688 1296 2809 1363; x_wconf 92' lang='lat' dir='ltr'><strong>tibi,</strong></span> <span class='ocrx_word' id='word_1_156' title='bbox 2867 1298 3072 1366; x_wconf 89' lang='lat' dir='ltr'><strong>inquit,</strong></span> <span class='ocrx_word' id='word_1_157' title='bbox 3126 1308 3179 1353; x_wconf 93' lang='lat' dir='ltr'><strong>et</strong></span> <span class='ocrx_word' id='word_1_158' title='bbox 3233 1301 3283 1353; x_wconf 91' lang='lat' dir='ltr'><strong>in</strong></span> <span class='ocrx_word' id='word_1_159' title='bbox 3333 1310 3382 1353; x_wconf 88' lang='lat' dir='ltr'><strong>te</strong></span> 
     </span>
    </p>
   </div>
   <div class='ocr_carea' id='block_1_22' title="bbox 104 1370 1711 1450">
    <p class='ocr_par' dir='ltr' id='par_1_22' title="bbox 104 1370 1711 1445">
     <span class='ocr_line' id='line_1_22' title="bbox 104 1370 1711 1445; baseline 0.01 -24"><span class='ocrx_word' id='word_1_160' title='bbox 104 1370 420 1438; x_wconf 76' lang='grc' dir='ltr'>κυνήσουσί</span> <span class='ocrx_word' id='word_1_161' title='bbox 456 1386 565 1431; x_wconf 89' lang='grc' dir='ltr'>σοι,</span> <span class='ocrx_word' id='word_1_162' title='bbox 600 1370 753 1438; x_wconf 71' lang='grc' dir='ltr'>φησι,</span> <span class='ocrx_word' id='word_1_163' title='bbox 786 1372 880 1423; x_wconf 82' lang='grc' dir='ltr'>καὶ</span> <span class='ocrx_word' id='word_1_164' title='bbox 914 1374 971 1423; x_wconf 73' lang='grc' dir='ltr'>ἐν</span> <span class='ocrx_word' id='word_1_165' title='bbox 1006 1373 1081 1429; x_wconf 74' lang='grc' dir='ltr'>σο)</span> <span class='ocrx_word' id='word_1_166' title='bbox 1112 1377 1519 1445; x_wconf 75' lang='grc' dir='ltr'>προσευξονται,</span> <span class='ocrx_word' id='word_1_167' title='bbox 1550 1383 1630 1435; x_wconf 87' lang='grc' dir='ltr'>ὃτι</span> <span class='ocrx_word' id='word_1_168' title='bbox 1656 1386 1711 1438; x_wconf 80' lang='grc' dir='ltr'>ὲν</span> 
     </span>
    </p>
   </div>
   <div class='ocr_carea' id='block_1_23' title="bbox 1816 1370 3386 1450">
    <p class='ocr_par' dir='ltr' id='par_1_23' title="bbox 1816 1378 3386 1450">
     <span class='ocr_line' id='line_1_23' title="bbox 1816 1378 3386 1450; baseline 0.011 -22"><span class='ocrx_word' id='word_1_169' title='bbox 1816 1378 2142 1441; x_wconf 88' lang='lat' dir='ltr'><strong>adorabunt,</strong></span> <span class='ocrx_word' id='word_1_170' title='bbox 2197 1383 2321 1450; x_wconf 89' lang='lat' dir='ltr'><strong>quia</strong></span> <span class='ocrx_word' id='word_1_171' title='bbox 2376 1383 2430 1436; x_wconf 89' lang='lat' dir='ltr'><strong>in</strong></span> <span class='ocrx_word' id='word_1_172' title='bbox 2466 1393 2515 1437; x_wconf 93' lang='lat' dir='ltr'><strong>te</strong></span> <span class='ocrx_word' id='word_1_173' title='bbox 2550 1382 2691 1438; x_wconf 85' lang='lat' dir='ltr'><strong>Deus</strong></span> <span class='ocrx_word' id='word_1_174' title='bbox 2719 1395 2822 1450; x_wconf 91' lang='lat' dir='ltr'><strong>est,</strong></span> <span class='ocrx_word' id='word_1_175' title='bbox 2869 1397 2923 1441; x_wconf 89' lang='lat' dir='ltr'><strong>et</strong></span> <span class='ocrx_word' id='word_1_176' title='bbox 2968 1404 3073 1444; x_wconf 86' lang='lat' dir='ltr'><strong>non</strong></span> <span class='ocrx_word' id='word_1_177' title='bbox 3122 1399 3207 1445; x_wconf 84' lang='lat' dir='ltr'><strong>est</strong></span> <span class='ocrx_word' id='word_1_178' title='bbox 3248 1389 3386 1445; x_wconf 86' lang='lat' dir='ltr'><strong>Deus</strong></span> 
     </span>
    </p>
   </div>
   <div class='ocr_carea' id='block_1_24' title="bbox 106 1465 1711 1550">
    <p class='ocr_par' dir='ltr' id='par_1_24' title="bbox 106 1465 1711 1550">
     <span class='ocr_line' id='line_1_24' title="bbox 106 1465 1711 1550; baseline 0.012 -35"><span class='ocrx_word' id='word_1_179' title='bbox 106 1466 190 1516; x_wconf 73' lang='grc' dir='ltr'>σοὶ</span> <span class='ocrx_word' id='word_1_180' title='bbox 225 1465 367 1527; x_wconf 70' lang='lat' dir='ltr'><strong>Sed;</strong></span> <span class='ocrx_word' id='word_1_181' title='bbox 406 1468 548 1527; x_wconf 77' lang='grc' dir='ltr'>ἐστι,</span> <span class='ocrx_word' id='word_1_182' title='bbox 581 1466 675 1520; x_wconf 80' lang='grc' dir='ltr'>καὶ</span> <span class='ocrx_word' id='word_1_183' title='bbox 704 1467 804 1518; x_wconf 81' lang='grc' dir='ltr'>οὐκ</span> <span class='ocrx_word' id='word_1_184' title='bbox 842 1466 958 1520; x_wconf 75' lang='grc' dir='ltr'>ἐστι</span> <span class='ocrx_word' id='word_1_185' title='bbox 986 1468 1117 1533; x_wconf 87' lang='grc' dir='ltr'>Θεὸς</span> <span class='ocrx_word' id='word_1_186' title='bbox 1164 1471 1305 1544; x_wconf 88' lang='grc' dir='ltr'>πλήν</span> <span class='ocrx_word' id='word_1_187' title='bbox 1354 1492 1447 1527; x_wconf 89' lang='grc' dir='ltr'><strong>σου</strong></span> <span class='ocrx_word' id='word_1_188' title='bbox 1471 1493 1483 1507; x_wconf 89' lang='grc'><strong>·</strong></span> <span class='ocrx_word' id='word_1_189' title='bbox 1526 1496 1544 1530; x_wconf 74' lang='grc' dir='ltr'><strong>ι</strong></span> <span class='ocrx_word' id='word_1_190' title='bbox 1594 1480 1711 1550; x_wconf 73' lang='grc' dir='ltr'>ᾔδει</span> 
     </span>
    </p>
   </div>
   <div class='ocr_carea' id='block_1_25' title="bbox 1816 1465 3386 1550">
    <p class='ocr_par' dir='ltr' id='par_1_25' title="bbox 1816 1466 3386 1541">
     <span class='ocr_line' id='line_1_25' title="bbox 1816 1466 3386 1541; baseline 0.011 -24"><span class='ocrx_word' id='word_1_191' title='bbox 1816 1474 2009 1534; x_wconf 66' lang='lat' dir='ltr'><strong>praeter</strong></span> <span class='ocrx_word' id='word_1_192' title='bbox 2039 1466 2155 1521; x_wconf 76' lang='lat' dir='ltr'><strong>te&quot;</strong></span> <span class='ocrx_word' id='word_1_193' title='bbox 2185 1488 2197 1521; x_wconf 91' lang='lat'><strong>:</strong></span> <span class='ocrx_word' id='word_1_194' title='bbox 2234 1488 2251 1519; x_wconf 71' lang='grc' dir='ltr'><strong>ι</strong></span> <span class='ocrx_word' id='word_1_195' title='bbox 2290 1485 2413 1523; x_wconf 88' lang='lat' dir='ltr'><strong>nam</strong></span> <span class='ocrx_word' id='word_1_196' title='bbox 2448 1481 2504 1525; x_wconf 89' lang='lat' dir='ltr'><strong>ut</strong></span> <span class='ocrx_word' id='word_1_197' title='bbox 2535 1474 2725 1541; x_wconf 88' lang='lat' dir='ltr'><strong>spiritu</strong></span> <span class='ocrx_word' id='word_1_198' title='bbox 2754 1475 3040 1531; x_wconf 88' lang='lat' dir='ltr'><strong>instinctus</strong></span> <span class='ocrx_word' id='word_1_199' title='bbox 3066 1488 3217 1532; x_wconf 90' lang='lat' dir='ltr'><strong>certo</strong></span> <span class='ocrx_word' id='word_1_200' title='bbox 3248 1481 3386 1534; x_wconf 89' lang='lat' dir='ltr'><strong>scie-</strong></span> 
     </span>
    </p>
   </div>
   <div class='ocr_carea' id='block_1_26' title="bbox 108 1554 1711 1640">
    <p class='ocr_par' dir='ltr' id='par_1_26' title="bbox 108 1555 1711 1640">
     <span class='ocr_line' id='line_1_26' title="bbox 108 1555 1711 1640; baseline 0.012 -30"><span class='ocrx_word' id='word_1_201' title='bbox 108 1563 208 1626; x_wconf 73' lang='grc' dir='ltr'>μὲν</span> <span class='ocrx_word' id='word_1_202' title='bbox 251 1555 351 1612; x_wconf 74' lang='grc' dir='ltr'><strong>οὗν</strong></span> <span class='ocrx_word' id='word_1_203' title='bbox 401 1562 884 1631; x_wconf 80' lang='grc' dir='ltr'>ὁμολογουμένως,</span> <span class='ocrx_word' id='word_1_204' title='bbox 917 1565 992 1627; x_wconf 83' lang='grc' dir='ltr'>ὡς</span> <span class='ocrx_word' id='word_1_205' title='bbox 1033 1571 1476 1640; x_wconf 78' lang='grc' dir='ltr'>πνευματοφόρος</span> <span class='ocrx_word' id='word_1_206' title='bbox 1514 1574 1606 1627; x_wconf 89' lang='grc' dir='ltr'>τὸν</span> <span class='ocrx_word' id='word_1_207' title='bbox 1648 1577 1711 1629; x_wconf 86' lang='grc' dir='ltr'>ὲκ</span> 
     </span>
    </p>
   </div>
   <div class='ocr_carea' id='block_1_27' title="bbox 1816 1554 3385 1640">
    <p class='ocr_par' dir='ltr' id='par_1_27' title="bbox 1816 1554 3385 1633">
     <span class='ocr_line' id='line_1_27' title="bbox 1816 1554 3385 1633; baseline 0.01 -27"><span class='ocrx_word' id='word_1_208' title='bbox 1816 1554 1923 1619; x_wconf 85' lang='lat' dir='ltr'><strong>bat,</strong></span> <span class='ocrx_word' id='word_1_209' title='bbox 1976 1554 2069 1609; x_wconf 90' lang='lat' dir='ltr'><strong>Dei</strong></span> <span class='ocrx_word' id='word_1_210' title='bbox 2116 1556 2291 1613; x_wconf 81' lang='lat' dir='ltr'><strong>Patris</strong></span> <span class='ocrx_word' id='word_1_211' title='bbox 2331 1558 2565 1613; x_wconf 84' lang='lat' dir='ltr'><strong>Verbum</strong></span> <span class='ocrx_word' id='word_1_212' title='bbox 2614 1564 2665 1614; x_wconf 92' lang='lat' dir='ltr'><strong>in</strong></span> <span class='ocrx_word' id='word_1_213' title='bbox 2715 1566 2869 1618; x_wconf 86' lang='lat' dir='ltr'><strong>nobis</strong></span> <span class='ocrx_word' id='word_1_214' title='bbox 2903 1567 3290 1633; x_wconf 88' lang='lat' dir='ltr'><strong>habitaturum,</strong></span> <span class='ocrx_word' id='word_1_215' title='bbox 3330 1579 3385 1621; x_wconf 88' lang='lat' dir='ltr'><strong>ut</strong></span> 
     </span>
    </p>
   </div>
   <div class='ocr_carea' id='block_1_28' title="bbox 104 1646 1711 1737">
    <p class='ocr_par' dir='ltr' id='par_1_28' title="bbox 104 1654 1711 1737">
     <span class='ocr_line' id='line_1_28' title="bbox 104 1654 1711 1737; baseline 0.009 -30"><span class='ocrx_word' id='word_1_216' title='bbox 104 1654 245 1707; x_wconf 77' lang='grc' dir='ltr'>Θεοῦ</span> <span class='ocrx_word' id='word_1_217' title='bbox 276 1655 502 1724; x_wconf 87' lang='grc' dir='ltr'>Πατρὸς</span> <span class='ocrx_word' id='word_1_218' title='bbox 535 1656 707 1722; x_wconf 85' lang='grc' dir='ltr'>Λόγον</span> <span class='ocrx_word' id='word_1_219' title='bbox 737 1658 794 1709; x_wconf 84' lang='grc' dir='ltr'>ὲν</span> <span class='ocrx_word' id='word_1_220' title='bbox 826 1658 956 1725; x_wconf 81' lang='grc' dir='ltr'>ἡμῖν</span> <span class='ocrx_word' id='word_1_221' title='bbox 988 1660 1341 1729; x_wconf 82' lang='grc' dir='ltr'>σκηνώσαντα</span> <span class='ocrx_word' id='word_1_222' title='bbox 1366 1662 1474 1734; x_wconf 66' lang='lat' dir='ltr'><strong>lla.</strong></span> <span class='ocrx_word' id='word_1_223' title='bbox 1503 1666 1711 1737; x_wconf 85' lang='grc' dir='ltr'>σκηνώ-</span> 
     </span>
    </p>
   </div>
   <div class='ocr_carea' id='block_1_29' title="bbox 1816 1646 3384 1737">
    <p class='ocr_par' dir='ltr' id='par_1_29' title="bbox 1816 1646 3384 1720">
     <span class='ocr_line' id='line_1_29' title="bbox 1816 1646 3384 1720; baseline 0.006 -21"><span class='ocrx_word' id='word_1_224' title='bbox 1816 1646 1990 1714; x_wconf 90' lang='lat' dir='ltr'><strong>inquit</strong></span> <span class='ocrx_word' id='word_1_225' title='bbox 2027 1647 2217 1701; x_wconf 88' lang='lat' dir='ltr'><strong>beatus</strong></span> <span class='ocrx_word' id='word_1_226' title='bbox 2245 1650 2574 1718; x_wconf 81' lang='lat' dir='ltr'><strong>evangelista</strong></span> <span class='ocrx_word' id='word_1_227' title='bbox 2604 1649 2945 1720; x_wconf 78' lang='lat' dir='ltr'><strong>Joannes&quot;;</strong></span> <span class='ocrx_word' id='word_1_228' title='bbox 2982 1656 3082 1709; x_wconf 86' lang='lat' dir='ltr'><strong>hac</strong></span> <span class='ocrx_word' id='word_1_229' title='bbox 3124 1657 3189 1710; x_wconf 89' lang='lat' dir='ltr'><strong>de</strong></span> <span class='ocrx_word' id='word_1_230' title='bbox 3222 1672 3384 1710; x_wconf 86' lang='lat' dir='ltr'><strong>causa</strong></span> 
     </span>
    </p>
   </div>
   <div class='ocr_carea' id='block_1_30' title="bbox 103 1737 1711 1827">
    <p class='ocr_par' dir='ltr' id='par_1_30' title="bbox 103 1745 1708 1827">
     <span class='ocr_line' id='line_1_30' title="bbox 103 1745 1708 1827; baseline 0.008 -28"><span class='ocrx_word' id='word_1_231' title='bbox 103 1745 321 1817; x_wconf 58' lang='lat' dir='ltr'><strong>cauta],</strong></span> <span class='ocrx_word' id='word_1_232' title='bbox 359 1745 513 1799; x_wconf 82' lang='grc' dir='ltr'>καθά</span> <span class='ocrx_word' id='word_1_233' title='bbox 544 1763 708 1812; x_wconf 83' lang='grc' dir='ltr'>φησιν</span> <span class='ocrx_word' id='word_1_234' title='bbox 737 1750 765 1799; x_wconf 82' lang='grc' dir='ltr'>ὁ</span> <span class='ocrx_word' id='word_1_235' title='bbox 793 1750 1064 1818; x_wconf 75' lang='grc' dir='ltr'>μακάριος</span> <span class='ocrx_word' id='word_1_236' title='bbox 1095 1752 1485 1827; x_wconf 74' lang='grc' dir='ltr'>εὐαγγελιστὴς</span> <span class='ocrx_word' id='word_1_237' title='bbox 1525 1760 1708 1812; x_wconf 75' lang='grc' dir='ltr'>Ἰωάν-</span> 
     </span>
    </p>
   </div>
   <div class='ocr_carea' id='block_1_31' title="bbox 1816 1737 3385 1827">
    <p class='ocr_par' dir='ltr' id='par_1_31' title="bbox 1816 1737 3385 1812">
     <span class='ocr_line' id='line_1_31' title="bbox 1816 1737 3385 1812; baseline 0.006 -24"><span class='ocrx_word' id='word_1_238' title='bbox 1816 1737 1888 1789; x_wconf 80' lang='lat' dir='ltr'><strong>ait</strong></span> <span class='ocrx_word' id='word_1_239' title='bbox 1920 1754 1932 1791; x_wconf 92' lang='lat'><strong>:</strong></span> <span class='ocrx_word' id='word_1_240' title='bbox 1970 1755 1989 1788; x_wconf 75' lang='grc' dir='ltr'><strong>ι</strong></span> <span class='ocrx_word' id='word_1_241' title='bbox 2021 1739 2074 1789; x_wconf 90' lang='lat' dir='ltr'><strong>In</strong></span> <span class='ocrx_word' id='word_1_242' title='bbox 2123 1749 2175 1792; x_wconf 92' lang='lat' dir='ltr'><strong>te</strong></span> <span class='ocrx_word' id='word_1_243' title='bbox 2216 1739 2355 1792; x_wconf 88' lang='lat' dir='ltr'><strong>Deus</strong></span> <span class='ocrx_word' id='word_1_244' title='bbox 2398 1748 2504 1804; x_wconf 89' lang='lat' dir='ltr'><strong>est,</strong></span> <span class='ocrx_word' id='word_1_245' title='bbox 2556 1758 2575 1791; x_wconf 71' lang='grc' dir='ltr'><strong>ι</strong></span> <span class='ocrx_word' id='word_1_246' title='bbox 2631 1755 2804 1810; x_wconf 87' lang='lat' dir='ltr'><strong>neque</strong></span> <span class='ocrx_word' id='word_1_247' title='bbox 2851 1752 3029 1798; x_wconf 86' lang='lat' dir='ltr'><strong>tamen</strong></span> <span class='ocrx_word' id='word_1_248' title='bbox 3080 1760 3268 1812; x_wconf 90' lang='lat' dir='ltr'><strong>passus</strong></span> <span class='ocrx_word' id='word_1_249' title='bbox 3303 1757 3385 1800; x_wconf 89' lang='lat' dir='ltr'><strong>est</strong></span> 
     </span>
    </p>
   </div>
   <div class='ocr_carea' id='block_1_32' title="bbox 101 1814 1711 1917">
    <p class='ocr_par' dir='ltr' id='par_1_32' title="bbox 101 1814 1711 1917">
     <span class='ocr_line' id='line_1_32' title="bbox 101 1814 1711 1917; baseline 0.007 -29"><span class='ocrx_word' id='word_1_250' title='bbox 101 1856 231 1906; x_wconf 76' lang='grc' dir='ltr'>νης·</span> <span class='ocrx_word' id='word_1_251' title='bbox 265 1814 451 1907; x_wconf 68' lang='grc' dir='ltr'>ταύτῃ</span> <span class='ocrx_word' id='word_1_252' title='bbox 482 1836 567 1888; x_wconf 82' lang='grc' dir='ltr'><strong>τοί</strong></span> <span class='ocrx_word' id='word_1_253' title='bbox 601 1814 889 1907; x_wconf 36' lang='grc' dir='ltr'>φησινξότι</span> <span class='ocrx_word' id='word_1_254' title='bbox 930 1814 1061 1893; x_wconf 36' lang='grc' dir='ltr'>ι-Ὲν</span> <span class='ocrx_word' id='word_1_255' title='bbox 1084 1843 1164 1895; x_wconf 84' lang='grc' dir='ltr'>σοὶ</span> <span class='ocrx_word' id='word_1_256' title='bbox 1187 1814 1322 1907; x_wconf 77' lang='grc' dir='ltr'>Θεὸς</span> <span class='ocrx_word' id='word_1_257' title='bbox 1349 1814 1493 1899; x_wconf 54' lang='grc' dir='ltr'>ἐστι’</span> <span class='ocrx_word' id='word_1_258' title='bbox 1526 1866 1544 1899; x_wconf 75' lang='grc' dir='ltr'><strong>ι</strong></span> <span class='ocrx_word' id='word_1_259' title='bbox 1575 1849 1711 1917; x_wconf 83' lang='grc' dir='ltr'>πλὴν</span> 
     </span>
    </p>
   </div>
   <div class='ocr_carea' id='block_1_33' title="bbox 1816 1814 3386 1917">
    <p class='ocr_par' dir='ltr' id='par_1_33' title="bbox 1817 1828 3386 1906">
     <span class='ocr_line' id='line_1_33' title="bbox 1817 1828 3386 1906; baseline 0.005 -24"><span class='ocrx_word' id='word_1_260' title='bbox 1817 1828 2222 1883; x_wconf 83' lang='lat' dir='ltr'><strong>Emmanuelem</strong></span> <span class='ocrx_word' id='word_1_261' title='bbox 2256 1830 2307 1882; x_wconf 91' lang='lat' dir='ltr'><strong>in</strong></span> <span class='ocrx_word' id='word_1_262' title='bbox 2332 1830 2437 1883; x_wconf 91' lang='lat' dir='ltr'><strong>duo</strong></span> <span class='ocrx_word' id='word_1_263' title='bbox 2460 1831 2656 1898; x_wconf 85' lang='lat' dir='ltr'><strong>dividi;</strong></span> <span class='ocrx_word' id='word_1_264' title='bbox 2689 1833 2780 1886; x_wconf 89' lang='lat' dir='ltr'><strong>sed</strong></span> <span class='ocrx_word' id='word_1_265' title='bbox 2806 1836 3052 1901; x_wconf 86' lang='lat' dir='ltr'><strong>quamvis</strong></span> <span class='ocrx_word' id='word_1_266' title='bbox 3075 1835 3165 1890; x_wconf 92' lang='lat' dir='ltr'><strong>ille</strong></span> <span class='ocrx_word' id='word_1_267' title='bbox 3198 1835 3386 1906; x_wconf 74' lang='lat' dir='ltr'><strong>Unlge-</strong></span> 
     </span>
    </p>
   </div>
   <div class='ocr_carea' id='block_1_34' title="bbox 98 1920 1711 2009">
    <p class='ocr_par' dir='ltr' id='par_1_34' title="bbox 98 1928 1711 2009">
     <span class='ocr_line' id='line_1_34' title="bbox 98 1928 1711 2009; baseline 0.006 -28"><span class='ocrx_word' id='word_1_268' title='bbox 98 1934 203 1983; x_wconf 66' lang='grc' dir='ltr'>οὐκ</span> <span class='ocrx_word' id='word_1_269' title='bbox 239 1933 324 1992; x_wconf 82' lang='grc' dir='ltr'>εὶς</span> <span class='ocrx_word' id='word_1_270' title='bbox 374 1929 471 1981; x_wconf 79' lang='grc' dir='ltr'>δύο</span> <span class='ocrx_word' id='word_1_271' title='bbox 506 1928 801 1997; x_wconf 70' lang='grc' dir='ltr'><strong>τέμνεσθαι</strong></span> <span class='ocrx_word' id='word_1_272' title='bbox 832 1930 1000 1993; x_wconf 80' lang='grc' dir='ltr'>Θεοὺς</span> <span class='ocrx_word' id='word_1_273' title='bbox 1034 1934 1423 2004; x_wconf 86' lang='grc' dir='ltr'>συγκεχώρηκε</span> <span class='ocrx_word' id='word_1_274' title='bbox 1452 1938 1541 1990; x_wconf 88' lang='grc' dir='ltr'>τὸν</span> <span class='ocrx_word' id='word_1_275' title='bbox 1580 1939 1711 2009; x_wconf 86' lang='grc' dir='ltr'><strong>Ἐμ-</strong></span> 
     </span>
    </p>
   </div>
   <div class='ocr_carea' id='block_1_35' title="bbox 1816 1920 3380 2009">
    <p class='ocr_par' dir='ltr' id='par_1_35' title="bbox 1816 1920 3380 1991">
     <span class='ocr_line' id='line_1_35' title="bbox 1816 1920 3380 1991; baseline 0.005 -18"><span class='ocrx_word' id='word_1_276' title='bbox 1816 1920 1957 1973; x_wconf 90' lang='lat' dir='ltr'><strong>nitus</strong></span> <span class='ocrx_word' id='word_1_277' title='bbox 1993 1922 2064 1974; x_wconf 89' lang='lat' dir='ltr'><strong>sit</strong></span> <span class='ocrx_word' id='word_1_278' title='bbox 2087 1921 2258 1975; x_wconf 88' lang='lat' dir='ltr'><strong>factus</strong></span> <span class='ocrx_word' id='word_1_279' title='bbox 2288 1923 2470 1986; x_wconf 90' lang='lat' dir='ltr'><strong>homo,</strong></span> <span class='ocrx_word' id='word_1_280' title='bbox 2504 1922 2583 1976; x_wconf 88' lang='lat' dir='ltr'><strong>sic</strong></span> <span class='ocrx_word' id='word_1_281' title='bbox 2609 1937 2824 1991; x_wconf 91' lang='lat' dir='ltr'><strong>quoque</strong></span> <span class='ocrx_word' id='word_1_282' title='bbox 2858 1935 3021 1978; x_wconf 85' lang='lat' dir='ltr'><strong>unum</strong></span> <span class='ocrx_word' id='word_1_283' title='bbox 3050 1940 3237 1979; x_wconf 87' lang='lat' dir='ltr'><strong>rursus</strong></span> <span class='ocrx_word' id='word_1_284' title='bbox 3263 1940 3380 1981; x_wconf 87' lang='lat' dir='ltr'><strong>esse</strong></span> 
     </span>
    </p>
   </div>
   <div class='ocr_carea' id='block_1_36' title="bbox 102 2010 1711 2100">
    <p class='ocr_par' dir='ltr' id='par_1_36' title="bbox 102 2019 1711 2100">
     <span class='ocr_line' id='line_1_36' title="bbox 102 2019 1711 2100; baseline 0.017 -43"><span class='ocrx_word' id='word_1_285' title='bbox 102 2022 359 2091; x_wconf 64' lang='grc' dir='ltr'>μανουήλ</span> <span class='ocrx_word' id='word_1_286' title='bbox 380 2037 396 2047; x_wconf 90' lang='grc'><strong>·</strong></span> <span class='ocrx_word' id='word_1_287' title='bbox 430 2019 547 2072; x_wconf 80' lang='grc' dir='ltr'>ἀλλ’</span> <span class='ocrx_word' id='word_1_288' title='bbox 573 2022 621 2072; x_wconf 82' lang='grc' dir='ltr'>εἰ</span> <span class='ocrx_word' id='word_1_289' title='bbox 652 2021 745 2073; x_wconf 74' lang='grc' dir='ltr'>καὶ</span> <span class='ocrx_word' id='word_1_290' title='bbox 774 2022 996 2089; x_wconf 86' lang='grc' dir='ltr'>γέγονεν</span> <span class='ocrx_word' id='word_1_291' title='bbox 1016 2022 1302 2094; x_wconf 75' lang='grc' dir='ltr'>ἄνθρωπος</span> <span class='ocrx_word' id='word_1_292' title='bbox 1330 2029 1357 2078; x_wconf 87' lang='grc' dir='ltr'>ό</span> <span class='ocrx_word' id='word_1_293' title='bbox 1380 2028 1711 2100; x_wconf 80' lang='grc' dir='ltr'>Μονογενὴς,</span> 
     </span>
    </p>
   </div>
   <div class='ocr_carea' id='block_1_37' title="bbox 1816 2010 3386 2100">
    <p class='ocr_par' dir='ltr' id='par_1_37' title="bbox 1816 2010 3386 2079">
     <span class='ocr_line' id='line_1_37' title="bbox 1816 2010 3386 2079; baseline 0.003 -14"><span class='ocrx_word' id='word_1_294' title='bbox 1816 2010 2103 2075; x_wconf 79' lang='lat' dir='ltr'><strong>fatebatur,</strong></span> <span class='ocrx_word' id='word_1_295' title='bbox 2148 2012 2376 2079; x_wconf 84' lang='lat' dir='ltr'><strong>ideoque</strong></span> <span class='ocrx_word' id='word_1_296' title='bbox 2427 2013 2607 2067; x_wconf 79' lang='lat' dir='ltr'><strong>intulit</strong></span> <span class='ocrx_word' id='word_1_297' title='bbox 2649 2014 2831 2068; x_wconf 82' lang='lat' dir='ltr'><strong>statim</strong></span> <span class='ocrx_word' id='word_1_298' title='bbox 2864 2031 2879 2069; x_wconf 86' lang='lat'><strong>:</strong></span> <span class='ocrx_word' id='word_1_299' title='bbox 2914 2034 2932 2065; x_wconf 73' lang='grc' dir='ltr'><strong>ι</strong></span> <span class='ocrx_word' id='word_1_300' title='bbox 2967 2014 3083 2068; x_wconf 85' lang='lat' dir='ltr'><strong>Non</strong></span> <span class='ocrx_word' id='word_1_301' title='bbox 3119 2026 3203 2069; x_wconf 90' lang='lat' dir='ltr'><strong>est</strong></span> <span class='ocrx_word' id='word_1_302' title='bbox 3245 2017 3386 2069; x_wconf 84' lang='lat' dir='ltr'><strong>Deus</strong></span> 
     </span>
    </p>
   </div>
   <div class='ocr_carea' id='block_1_38' title="bbox 98 2102 1711 2183">
    <p class='ocr_par' dir='ltr' id='par_1_38' title="bbox 98 2109 1711 2183">
     <span class='ocr_line' id='line_1_38' title="bbox 98 2109 1711 2183; baseline 0.005 -20"><span class='ocrx_word' id='word_1_303' title='bbox 98 2115 198 2164; x_wconf 73' lang='grc' dir='ltr'>ἕνα</span> <span class='ocrx_word' id='word_1_304' title='bbox 222 2112 324 2164; x_wconf 77' lang='grc' dir='ltr'>καὶ</span> <span class='ocrx_word' id='word_1_305' title='bbox 347 2109 535 2173; x_wconf 73' lang='grc' dir='ltr'>οὕτως</span> <span class='ocrx_word' id='word_1_306' title='bbox 561 2110 834 2180; x_wconf 79' lang='grc' dir='ltr'><strong>ὡμολόγει</strong></span> <span class='ocrx_word' id='word_1_307' title='bbox 864 2111 1026 2165; x_wconf 86' lang='grc' dir='ltr'>πάλιν</span> <span class='ocrx_word' id='word_1_308' title='bbox 1055 2112 1215 2166; x_wconf 83' lang='grc' dir='ltr'>αὐτόν</span> <span class='ocrx_word' id='word_1_309' title='bbox 1235 2130 1248 2143; x_wconf 76' lang='grc'><strong><em>⁸</em></strong></span> <span class='ocrx_word' id='word_1_310' title='bbox 1274 2117 1367 2167; x_wconf 78' lang='grc' dir='ltr'><strong>καὶ</strong></span> <span class='ocrx_word' id='word_1_311' title='bbox 1394 2116 1522 2183; x_wconf 85' lang='grc' dir='ltr'>γοῦν</span> <span class='ocrx_word' id='word_1_312' title='bbox 1549 2119 1711 2183; x_wconf 83' lang='grc' dir='ltr'>εὐθὺς</span> 
     </span>
    </p>
   </div>
   <div class='ocr_carea' id='block_1_39' title="bbox 1816 2102 3383 2183">
    <p class='ocr_par' dir='ltr' id='par_1_39' title="bbox 1816 2102 3383 2175">
     <span class='ocr_line' id='line_1_39' title="bbox 1816 2102 3383 2175; baseline 0.003 -20"><span class='ocrx_word' id='word_1_313' title='bbox 1816 2112 2006 2172; x_wconf 63' lang='lat' dir='ltr'><strong>praeter</strong></span> <span class='ocrx_word' id='word_1_314' title='bbox 2048 2112 2119 2157; x_wconf 89' lang='lat' dir='ltr'><strong>te.</strong></span> <span class='ocrx_word' id='word_1_315' title='bbox 2156 2122 2174 2153; x_wconf 74' lang='grc' dir='ltr'><strong>ι</strong></span> <span class='ocrx_word' id='word_1_316' title='bbox 2212 2102 2452 2157; x_wconf 83' lang='lat' dir='ltr'><strong>Observa</strong></span> <span class='ocrx_word' id='word_1_317' title='bbox 2503 2119 2737 2173; x_wconf 84' lang='lat' dir='ltr'><strong>namque</strong></span> <span class='ocrx_word' id='word_1_318' title='bbox 2781 2105 3067 2174; x_wconf 71' lang='lat' dir='ltr'><strong>diligenter</strong></span> <span class='ocrx_word' id='word_1_319' title='bbox 3112 2108 3383 2175; x_wconf 78' lang='lat' dir='ltr'><strong>prophetae</strong></span> 
     </span>
    </p>
   </div>
   <div class='ocr_carea' id='block_1_40' title="bbox 101 2193 1711 2276">
    <p class='ocr_par' dir='ltr' id='par_1_40' title="bbox 101 2202 1705 2276">
     <span class='ocr_line' id='line_1_40' title="bbox 101 2202 1705 2276; baseline 0.005 -23"><span class='ocrx_word' id='word_1_320' title='bbox 101 2204 613 2272; x_wconf 77' lang='grc' dir='ltr'>προσεπήνεγκεν,</span> <span class='ocrx_word' id='word_1_321' title='bbox 662 2204 744 2254; x_wconf 84' lang='grc' dir='ltr'>ὅτι</span> <span class='ocrx_word' id='word_1_322' title='bbox 800 2221 818 2253; x_wconf 76' lang='grc' dir='ltr'><strong>ι</strong></span> <span class='ocrx_word' id='word_1_323' title='bbox 850 2203 964 2255; x_wconf 78' lang='grc' dir='ltr'><strong>Οὐκ</strong></span> <span class='ocrx_word' id='word_1_324' title='bbox 1002 2202 1117 2255; x_wconf 74' lang='grc' dir='ltr'>ἔστι</span> <span class='ocrx_word' id='word_1_325' title='bbox 1167 2203 1301 2268; x_wconf 82' lang='grc' dir='ltr'><strong>Θεὸς</strong></span> <span class='ocrx_word' id='word_1_326' title='bbox 1350 2206 1489 2276; x_wconf 84' lang='grc' dir='ltr'>πλὴν</span> <span class='ocrx_word' id='word_1_327' title='bbox 1539 2208 1655 2261; x_wconf 85' lang='grc' dir='ltr'>σοῦ.</span> <span class='ocrx_word' id='word_1_328' title='bbox 1688 2227 1705 2260; x_wconf 73' lang='grc' dir='ltr'><strong>ι</strong></span> 
     </span>
    </p>
   </div>
   <div class='ocr_carea' id='block_1_41' title="bbox 1816 2193 3382 2276">
    <p class='ocr_par' dir='ltr' id='par_1_41' title="bbox 1816 2193 3382 2259">
     <span class='ocr_line' id='line_1_41' title="bbox 1816 2193 3382 2259; baseline 0.003 -12"><span class='ocrx_word' id='word_1_329' title='bbox 1816 2209 1998 2247; x_wconf 88' lang='lat' dir='ltr'><strong>vocem</strong></span> <span class='ocrx_word' id='word_1_330' title='bbox 2023 2212 2036 2248; x_wconf 91' lang='lat'><strong>:</strong></span> <span class='ocrx_word' id='word_1_331' title='bbox 2061 2210 2181 2249; x_wconf 89' lang='lat' dir='ltr'><strong>cum</strong></span> <span class='ocrx_word' id='word_1_332' title='bbox 2210 2195 2379 2257; x_wconf 91' lang='lat' dir='ltr'><strong>enim,</strong></span> <span class='ocrx_word' id='word_1_333' title='bbox 2407 2203 2465 2247; x_wconf 88' lang='lat' dir='ltr'><strong>ut</strong></span> <span class='ocrx_word' id='word_1_334' title='bbox 2500 2195 2631 2259; x_wconf 77' lang='lat' dir='ltr'><strong>dixi,</strong></span> <span class='ocrx_word' id='word_1_335' title='bbox 2659 2193 2922 2250; x_wconf 82' lang='lat' dir='ltr'><strong>allocutus</strong></span> <span class='ocrx_word' id='word_1_336' title='bbox 2950 2206 3093 2250; x_wconf 87' lang='lat' dir='ltr'><strong>esset</strong></span> <span class='ocrx_word' id='word_1_337' title='bbox 3126 2213 3246 2250; x_wconf 92' lang='lat' dir='ltr'><strong>eum</strong></span> <span class='ocrx_word' id='word_1_338' title='bbox 3298 2199 3382 2252; x_wconf 88' lang='lat' dir='ltr'><strong>his</strong></span> 
     </span>
    </p>
   </div>
   <div class='ocr_carea' id='block_1_42' title="bbox 112 2282 1711 2368">
    <p class='ocr_par' dir='ltr' id='par_1_42' title="bbox 112 2290 1707 2368">
     <span class='ocr_line' id='line_1_42' title="bbox 112 2290 1707 2368; baseline 0.004 -24"><span class='ocrx_word' id='word_1_339' title='bbox 112 2294 414 2361; x_wconf 79' lang='grc' dir='ltr'>Ἐπιτήρει</span> <span class='ocrx_word' id='word_1_340' title='bbox 458 2290 570 2361; x_wconf 82' lang='grc' dir='ltr'>γὰρ</span> <span class='ocrx_word' id='word_1_341' title='bbox 603 2290 847 2360; x_wconf 78' lang='grc' dir='ltr'>ἀκριϐῶς</span> <span class='ocrx_word' id='word_1_342' title='bbox 892 2292 992 2360; x_wconf 84' lang='grc' dir='ltr'>τὴν</span> <span class='ocrx_word' id='word_1_343' title='bbox 1030 2290 1124 2344; x_wconf 82' lang='grc' dir='ltr'><strong>τοῦ</strong></span> <span class='ocrx_word' id='word_1_344' title='bbox 1169 2294 1448 2363; x_wconf 82' lang='grc' dir='ltr'>προφήτου</span> <span class='ocrx_word' id='word_1_345' title='bbox 1501 2300 1707 2368; x_wconf 87' lang='grc' dir='ltr'>φωνήν.</span> 
     </span>
    </p>
   </div>
   <div class='ocr_carea' id='block_1_43' title="bbox 1816 2282 3385 2368">
    <p class='ocr_par' dir='ltr' id='par_1_43' title="bbox 1816 2282 3385 2351">
     <span class='ocr_line' id='line_1_43' title="bbox 1816 2282 3385 2351; baseline 0.003 -16"><span class='ocrx_word' id='word_1_346' title='bbox 1816 2284 2034 2339; x_wconf 85' lang='lat' dir='ltr'><strong>verbis:</strong></span> <span class='ocrx_word' id='word_1_347' title='bbox 2069 2303 2087 2335; x_wconf 73' lang='grc' dir='ltr'><strong>ι</strong></span> <span class='ocrx_word' id='word_1_348' title='bbox 2135 2284 2191 2337; x_wconf 91' lang='lat' dir='ltr'><strong>ln</strong></span> <span class='ocrx_word' id='word_1_349' title='bbox 2222 2296 2274 2336; x_wconf 91' lang='lat' dir='ltr'><strong>te</strong></span> <span class='ocrx_word' id='word_1_350' title='bbox 2320 2295 2402 2338; x_wconf 88' lang='lat' dir='ltr'><strong>est</strong></span> <span class='ocrx_word' id='word_1_351' title='bbox 2449 2282 2589 2337; x_wconf 88' lang='lat' dir='ltr'><strong>Deus</strong></span> <span class='ocrx_word' id='word_1_352' title='bbox 2614 2300 2628 2349; x_wconf 90' lang='lat'><strong>;</strong></span> <span class='ocrx_word' id='word_1_353' title='bbox 2658 2302 2675 2334; x_wconf 74' lang='grc' dir='ltr'><strong>ι</strong></span> <span class='ocrx_word' id='word_1_354' title='bbox 2726 2299 2830 2338; x_wconf 90' lang='lat' dir='ltr'><strong>non</strong></span> <span class='ocrx_word' id='word_1_355' title='bbox 2879 2284 3071 2351; x_wconf 83' lang='lat' dir='ltr'><strong>adjecit</strong></span> <span class='ocrx_word' id='word_1_356' title='bbox 3107 2304 3120 2339; x_wconf 89' lang='lat'><strong>:</strong></span> <span class='ocrx_word' id='word_1_357' title='bbox 3153 2285 3263 2339; x_wconf 83' lang='lat' dir='ltr'><strong>Non</strong></span> <span class='ocrx_word' id='word_1_358' title='bbox 3301 2300 3385 2341; x_wconf 88' lang='lat' dir='ltr'><strong>est</strong></span> 
     </span>
    </p>
   </div>
   <div class='ocr_carea' id='block_1_44' title="bbox 98 2374 1711 2455">
    <p class='ocr_par' dir='ltr' id='par_1_44' title="bbox 98 2380 1707 2455">
     <span class='ocr_line' id='line_1_44' title="bbox 98 2380 1707 2455; baseline 0.003 -19"><span class='ocrx_word' id='word_1_359' title='bbox 98 2386 145 2436; x_wconf 89' lang='grc' dir='ltr'><em>Π</em></span> <span class='ocrx_word' id='word_1_360' title='bbox 153 2384 593 2453; x_wconf 76' lang='grc' dir='ltr'>ροσηγορευκὼς</span> <span class='ocrx_word' id='word_1_361' title='bbox 614 2382 745 2451; x_wconf 85' lang='grc' dir='ltr'>γὰρ,</span> <span class='ocrx_word' id='word_1_362' title='bbox 761 2380 836 2444; x_wconf 82' lang='grc' dir='ltr'><strong>ὡς</strong></span> <span class='ocrx_word' id='word_1_363' title='bbox 858 2382 1015 2451; x_wconf 77' lang='grc' dir='ltr'>ἔφην,</span> <span class='ocrx_word' id='word_1_364' title='bbox 1036 2384 1116 2435; x_wconf 81' lang='grc' dir='ltr'>ὅτι</span> <span class='ocrx_word' id='word_1_365' title='bbox 1134 2384 1220 2435; x_wconf 88' lang='grc' dir='ltr'>Ἑν</span> <span class='ocrx_word' id='word_1_366' title='bbox 1239 2386 1321 2437; x_wconf 77' lang='grc' dir='ltr'>σοὶ</span> <span class='ocrx_word' id='word_1_367' title='bbox 1345 2386 1515 2449; x_wconf 86' lang='grc' dir='ltr'><strong>ὀΘεὸς</strong></span> <span class='ocrx_word' id='word_1_368' title='bbox 1539 2390 1707 2455; x_wconf 71' lang='grc' dir='ltr'>ἐστιν,</span> 
     </span>
    </p>
   </div>
   <div class='ocr_carea' id='block_1_45' title="bbox 1816 2374 3380 2455">
    <p class='ocr_par' dir='ltr' id='par_1_45' title="bbox 1816 2374 3380 2445">
     <span class='ocr_line' id='line_1_45' title="bbox 1816 2374 3380 2445; baseline 0.001 -17"><span class='ocrx_word' id='word_1_369' title='bbox 1816 2376 1952 2429; x_wconf 86' lang='lat' dir='ltr'><strong>Deus</strong></span> <span class='ocrx_word' id='word_1_370' title='bbox 1984 2386 2180 2445; x_wconf 62' lang='lat' dir='ltr'><strong>prater</strong></span> <span class='ocrx_word' id='word_1_371' title='bbox 2215 2375 2364 2429; x_wconf 91' lang='lat' dir='ltr'><strong>illum</strong></span> <span class='ocrx_word' id='word_1_372' title='bbox 2416 2374 2505 2443; x_wconf 91' lang='lat' dir='ltr'><strong>qui</strong></span> <span class='ocrx_word' id='word_1_373' title='bbox 2550 2384 2632 2429; x_wconf 89' lang='lat' dir='ltr'><strong>est</strong></span> <span class='ocrx_word' id='word_1_374' title='bbox 2674 2376 2723 2428; x_wconf 91' lang='lat' dir='ltr'><strong>iu</strong></span> <span class='ocrx_word' id='word_1_375' title='bbox 2772 2386 2842 2436; x_wconf 88' lang='lat' dir='ltr'><strong>te.</strong></span> <span class='ocrx_word' id='word_1_376' title='bbox 2892 2376 2986 2430; x_wconf 90' lang='lat' dir='ltr'><strong>sed</strong></span> <span class='ocrx_word' id='word_1_377' title='bbox 3034 2378 3085 2430; x_wconf 90' lang='lat' dir='ltr'><strong>In</strong></span> <span class='ocrx_word' id='word_1_378' title='bbox 3125 2379 3380 2431; x_wconf 88' lang='lat' dir='ltr'><strong>unitatem</strong></span> 
     </span>
    </p>
   </div>
   <div class='ocr_carea' id='block_1_46' title="bbox 96 2462 1711 2548">
    <p class='ocr_par' dir='ltr' id='par_1_46' title="bbox 96 2473 1711 2548">
     <span class='ocr_line' id='line_1_46' title="bbox 96 2473 1711 2548; baseline 0.004 -23"><span class='ocrx_word' id='word_1_379' title='bbox 96 2476 157 2525; x_wconf 61' lang='grc' dir='ltr'>οὗ</span> <span class='ocrx_word' id='word_1_380' title='bbox 200 2473 634 2543; x_wconf 67' lang='grc' dir='ltr'>προστέθεικεν,</span> <span class='ocrx_word' id='word_1_381' title='bbox 665 2474 747 2525; x_wconf 81' lang='grc' dir='ltr'>ὅτι</span> <span class='ocrx_word' id='word_1_382' title='bbox 776 2473 886 2525; x_wconf 77' lang='grc' dir='ltr'>Καὶ</span> <span class='ocrx_word' id='word_1_383' title='bbox 923 2474 1021 2525; x_wconf 80' lang='grc' dir='ltr'>οὐκ</span> <span class='ocrx_word' id='word_1_384' title='bbox 1051 2474 1165 2527; x_wconf 73' lang='grc' dir='ltr'>ἔστι</span> <span class='ocrx_word' id='word_1_385' title='bbox 1195 2475 1328 2539; x_wconf 83' lang='grc' dir='ltr'><strong>Θεὸς</strong></span> <span class='ocrx_word' id='word_1_386' title='bbox 1362 2476 1502 2548; x_wconf 78' lang='grc' dir='ltr'>πλὴν</span> <span class='ocrx_word' id='word_1_387' title='bbox 1531 2479 1623 2531; x_wconf 79' lang='grc' dir='ltr'><strong>τοῦ</strong></span> <span class='ocrx_word' id='word_1_388' title='bbox 1652 2480 1711 2532; x_wconf 69' lang='grc' dir='ltr'>ἐν</span> 
     </span>
    </p>
   </div>
   <div class='ocr_carea' id='block_1_47' title="bbox 1816 2462 3381 2548">
    <p class='ocr_par' dir='ltr' id='par_1_47' title="bbox 1820 2462 3381 2534">
     <span class='ocr_line' id='line_1_47' title="bbox 1820 2462 3381 2534; baseline 0.001 -15"><span class='ocrx_word' id='word_1_389' title='bbox 1820 2466 2277 2533; x_wconf 87' lang='lat' dir='ltr'><strong>dispensatoriam</strong></span> <span class='ocrx_word' id='word_1_390' title='bbox 2321 2466 2735 2534; x_wconf 73' lang='lat' dir='ltr'><strong>conjungendo:</strong></span> <span class='ocrx_word' id='word_1_391' title='bbox 2765 2483 2783 2515; x_wconf 79' lang='grc' dir='ltr'><strong>ι</strong></span> <span class='ocrx_word' id='word_1_392' title='bbox 2814 2462 2930 2519; x_wconf 84' lang='lat' dir='ltr'><strong>Non</strong></span> <span class='ocrx_word' id='word_1_393' title='bbox 2972 2475 3057 2519; x_wconf 88' lang='lat' dir='ltr'><strong>est</strong></span> <span class='ocrx_word' id='word_1_394' title='bbox 3094 2465 3254 2531; x_wconf 86' lang='lat' dir='ltr'><strong>Deus,</strong></span> <span class='ocrx_word' id='word_1_395' title='bbox 3300 2470 3381 2521; x_wconf 85' lang='lat' dir='ltr'><strong>in-</strong></span> 
     </span>
    </p>
   </div>
   <div class='ocr_carea' id='block_1_48' title="bbox 98 2551 1711 2639">
    <p class='ocr_par' dir='ltr' id='par_1_48' title="bbox 98 2563 1710 2639">
     <span class='ocr_line' id='line_1_48' title="bbox 98 2563 1710 2639; baseline 0.002 -21"><span class='ocrx_word' id='word_1_396' title='bbox 98 2568 208 2630; x_wconf 73' lang='grc' dir='ltr'>σοὶ,</span> <span class='ocrx_word' id='word_1_397' title='bbox 246 2563 373 2619; x_wconf 74' lang='grc' dir='ltr'>ἀλλ’</span> <span class='ocrx_word' id='word_1_398' title='bbox 411 2566 495 2626; x_wconf 80' lang='grc' dir='ltr'>εἰς</span> <span class='ocrx_word' id='word_1_399' title='bbox 546 2565 776 2634; x_wconf 77' lang='grc' dir='ltr'>ἑνότητα</span> <span class='ocrx_word' id='word_1_400' title='bbox 824 2564 1158 2631; x_wconf 84' lang='grc' dir='ltr'>συνενεγκὼν</span> <span class='ocrx_word' id='word_1_401' title='bbox 1193 2568 1565 2639; x_wconf 74' lang='grc' dir='ltr'>οἰκονομικὴν,</span> <span class='ocrx_word' id='word_1_402' title='bbox 1597 2570 1710 2623; x_wconf 79' lang='grc' dir='ltr'><strong>Οὐκ</strong></span> 
     </span>
    </p>
   </div>
   <div class='ocr_carea' id='block_1_49' title="bbox 1816 2551 3385 2639">
    <p class='ocr_par' dir='ltr' id='par_1_49' title="bbox 1816 2551 3385 2621">
     <span class='ocr_line' id='line_1_49' title="bbox 1816 2551 3385 2621; baseline 0.001 -16"><span class='ocrx_word' id='word_1_403' title='bbox 1816 2553 1947 2621; x_wconf 92' lang='lat' dir='ltr'><strong>quit,</strong></span> <span class='ocrx_word' id='word_1_404' title='bbox 1983 2562 2179 2618; x_wconf 67' lang='lat' dir='ltr'><strong>praeter</strong></span> <span class='ocrx_word' id='word_1_405' title='bbox 2208 2562 2279 2607; x_wconf 88' lang='lat' dir='ltr'><strong>te.</strong></span> <span class='ocrx_word' id='word_1_406' title='bbox 2311 2572 2329 2605; x_wconf 75' lang='grc' dir='ltr'><strong>ι</strong></span> <span class='ocrx_word' id='word_1_407' title='bbox 2376 2554 2544 2607; x_wconf 85' lang='lat' dir='ltr'><strong>Porro</strong></span> <span class='ocrx_word' id='word_1_408' title='bbox 2576 2553 2911 2621; x_wconf 74' lang='lat' dir='ltr'><strong>unigenitum</strong></span> <span class='ocrx_word' id='word_1_409' title='bbox 2964 2552 3093 2606; x_wconf 91' lang='lat' dir='ltr'><strong>illud</strong></span> <span class='ocrx_word' id='word_1_410' title='bbox 3123 2552 3211 2607; x_wconf 86' lang='lat' dir='ltr'><strong>Dei</strong></span> <span class='ocrx_word' id='word_1_411' title='bbox 3256 2551 3385 2606; x_wconf 83' lang='lat' dir='ltr'><strong>Ver-</strong></span> 
     </span>
    </p>
   </div>
   <div class='ocr_carea' id='block_1_50' title="bbox 96 2643 1711 2727">
    <p class='ocr_par' dir='ltr' id='par_1_50' title="bbox 96 2653 1711 2727">
     <span class='ocr_line' id='line_1_50' title="bbox 96 2653 1711 2727; baseline 0.001 -18"><span class='ocrx_word' id='word_1_412' title='bbox 96 2658 239 2721; x_wconf 73' lang='grc' dir='ltr'>ἔστι,</span> <span class='ocrx_word' id='word_1_413' title='bbox 270 2656 440 2725; x_wconf 78' lang='grc' dir='ltr'>φησὶ,</span> <span class='ocrx_word' id='word_1_414' title='bbox 473 2654 612 2717; x_wconf 80' lang='grc' dir='ltr'>Θεὸς</span> <span class='ocrx_word' id='word_1_415' title='bbox 659 2655 801 2724; x_wconf 82' lang='grc' dir='ltr'>πλὴν</span> <span class='ocrx_word' id='word_1_416' title='bbox 849 2653 967 2707; x_wconf 80' lang='grc' dir='ltr'>σοῦ.</span> <span class='ocrx_word' id='word_1_417' title='bbox 1000 2654 1121 2707; x_wconf 89' lang='grc' dir='ltr'>Ὅτι</span> <span class='ocrx_word' id='word_1_418' title='bbox 1146 2656 1203 2708; x_wconf 84' lang='grc' dir='ltr'>δὲ</span> <span class='ocrx_word' id='word_1_419' title='bbox 1229 2655 1514 2725; x_wconf 82' lang='grc' dir='ltr'>ἄνθρωπος</span> <span class='ocrx_word' id='word_1_420' title='bbox 1552 2675 1711 2727; x_wconf 80' lang='grc' dir='ltr'>γεγο-</span> 
     </span>
    </p>
   </div>
   <div class='ocr_carea' id='block_1_51' title="bbox 1816 2643 3387 2727">
    <p class='ocr_par' dir='ltr' id='par_1_51' title="bbox 1816 2643 3387 2712">
     <span class='ocr_line' id='line_1_51' title="bbox 1816 2643 3387 2712; baseline -0.002 -12"><span class='ocrx_word' id='word_1_421' title='bbox 1816 2644 1935 2700; x_wconf 90' lang='lat' dir='ltr'><strong>bum</strong></span> <span class='ocrx_word' id='word_1_422' title='bbox 1972 2644 2240 2698; x_wconf 88' lang='lat' dir='ltr'><strong>hominem</strong></span> <span class='ocrx_word' id='word_1_423' title='bbox 2274 2644 2502 2707; x_wconf 85' lang='lat' dir='ltr'><strong>factum.</strong></span> <span class='ocrx_word' id='word_1_424' title='bbox 2533 2657 2630 2712; x_wconf 86' lang='lat' dir='ltr'><strong>per</strong></span> <span class='ocrx_word' id='word_1_425' title='bbox 2652 2658 2840 2697; x_wconf 86' lang='lat' dir='ltr'><strong>omnes</strong></span> <span class='ocrx_word' id='word_1_426' title='bbox 2863 2643 3119 2698; x_wconf 87' lang='lat' dir='ltr'><strong>divinitus</strong></span> <span class='ocrx_word' id='word_1_427' title='bbox 3157 2643 3387 2712; x_wconf 83' lang='lat' dir='ltr'><strong>inspira-</strong></span> 
     </span>
    </p>
   </div>
   <div class='ocr_carea' id='block_1_52' title="bbox 97 2731 1711 2819">
    <p class='ocr_par' dir='ltr' id='par_1_52' title="bbox 97 2744 1711 2819">
     <span class='ocr_line' id='line_1_52' title="bbox 97 2744 1711 2819; baseline 0.002 -20"><span class='ocrx_word' id='word_1_428' title='bbox 97 2750 204 2811; x_wconf 48' lang='lat' dir='ltr'><strong>»:‘ug</strong></span> <span class='ocrx_word' id='word_1_429' title='bbox 242 2749 271 2799; x_wconf 84' lang='grc' dir='ltr'><strong>ὁ</strong></span> <span class='ocrx_word' id='word_1_430' title='bbox 302 2745 617 2815; x_wconf 81' lang='grc' dir='ltr'>μονογενὴς</span> <span class='ocrx_word' id='word_1_431' title='bbox 646 2745 740 2797; x_wconf 84' lang='grc' dir='ltr'><strong>τοῦ</strong></span> <span class='ocrx_word' id='word_1_432' title='bbox 772 2744 911 2798; x_wconf 83' lang='grc' dir='ltr'>Θεοῦ</span> <span class='ocrx_word' id='word_1_433' title='bbox 940 2745 1129 2813; x_wconf 84' lang='grc' dir='ltr'>Λόγος,</span> <span class='ocrx_word' id='word_1_434' title='bbox 1153 2745 1241 2799; x_wconf 82' lang='grc' dir='ltr'>διὰ</span> <span class='ocrx_word' id='word_1_435' title='bbox 1264 2748 1445 2818; x_wconf 86' lang='grc' dir='ltr'><strong>πάσης</strong></span> <span class='ocrx_word' id='word_1_436' title='bbox 1468 2750 1564 2819; x_wconf 85' lang='grc' dir='ltr'>τῆς</span> <span class='ocrx_word' id='word_1_437' title='bbox 1591 2750 1711 2803; x_wconf 81' lang='grc' dir='ltr'>θεο-</span> 
     </span>
    </p>
   </div>
   <div class='ocr_carea' id='block_1_53' title="bbox 1816 2731 3384 2819">
    <p class='ocr_par' dir='ltr' id='par_1_53' title="bbox 1816 2731 3384 2803">
     <span class='ocr_line' id='line_1_53' title="bbox 1816 2731 3384 2803; baseline 0 -16"><span class='ocrx_word' id='word_1_438' title='bbox 1816 2744 1878 2787; x_wconf 76' lang='lat' dir='ltr'><strong>tze</strong></span> <span class='ocrx_word' id='word_1_439' title='bbox 1917 2735 2209 2803; x_wconf 73' lang='lat' dir='ltr'><strong>Scriptura:</strong></span> <span class='ocrx_word' id='word_1_440' title='bbox 2242 2734 2473 2799; x_wconf 88' lang='lat' dir='ltr'><strong>litteras,</strong></span> <span class='ocrx_word' id='word_1_441' title='bbox 2510 2741 2568 2787; x_wconf 91' lang='lat' dir='ltr'><strong>ut</strong></span> <span class='ocrx_word' id='word_1_442' title='bbox 2594 2731 2669 2787; x_wconf 86' lang='lat' dir='ltr'><strong>ita</strong></span> <span class='ocrx_word' id='word_1_443' title='bbox 2710 2732 2906 2797; x_wconf 87' lang='lat' dir='ltr'><strong>dicam,</strong></span> <span class='ocrx_word' id='word_1_444' title='bbox 2929 2733 3236 2802; x_wconf 59' lang='lat' dir='ltr'><strong>pradicari,</strong></span> <span class='ocrx_word' id='word_1_445' title='bbox 3267 2749 3384 2802; x_wconf 50' lang='lat' dir='ltr'><strong>per-</strong></span> 
     </span>
    </p>
   </div>
   <div class='ocr_carea' id='block_1_54' title="bbox 98 2823 1711 2907">
    <p class='ocr_par' dir='ltr' id='par_1_54' title="bbox 98 2834 1705 2907">
     <span class='ocr_line' id='line_1_54' title="bbox 98 2834 1705 2907; baseline 0.001 -17"><span class='ocrx_word' id='word_1_446' title='bbox 98 2838 379 2890; x_wconf 68' lang='grc' dir='ltr'>πνεύστου</span> <span class='ocrx_word' id='word_1_447' title='bbox 434 2834 685 2905; x_wconf 74' lang='grc' dir='ltr'>Γραφῆς,</span> <span class='ocrx_word' id='word_1_448' title='bbox 724 2836 799 2898; x_wconf 81' lang='grc' dir='ltr'><strong>ὡς</strong></span> <span class='ocrx_word' id='word_1_449' title='bbox 854 2837 985 2900; x_wconf 78' lang='grc' dir='ltr'>ἔπος</span> <span class='ocrx_word' id='word_1_450' title='bbox 1030 2839 1221 2899; x_wconf 77' lang='grc' dir='ltr'>εἰπεῖν,</span> <span class='ocrx_word' id='word_1_451' title='bbox 1259 2839 1705 2907; x_wconf 81' lang='grc' dir='ltr'>καταγγέλλεται,</span> 
     </span>
    </p>
   </div>
   <div class='ocr_carea' id='block_1_55' title="bbox 1816 2823 3384 2907">
    <p class='ocr_par' dir='ltr' id='par_1_55' title="bbox 1816 2823 3384 2892">
     <span class='ocr_line' id='line_1_55' title="bbox 1816 2823 3384 2892; baseline 0.001 -15"><span class='ocrx_word' id='word_1_452' title='bbox 1816 2824 1969 2879; x_wconf 81' lang='lat' dir='ltr'><strong>facile</strong></span> <span class='ocrx_word' id='word_1_453' title='bbox 2018 2831 2099 2879; x_wconf 87' lang='lat' dir='ltr'><strong>est</strong></span> <span class='ocrx_word' id='word_1_454' title='bbox 2153 2823 2564 2892; x_wconf 89' lang='lat' dir='ltr'><strong>quamplurimis</strong></span> <span class='ocrx_word' id='word_1_455' title='bbox 2627 2823 2762 2877; x_wconf 89' lang='lat' dir='ltr'><strong>locis</strong></span> <span class='ocrx_word' id='word_1_456' title='bbox 2812 2825 3132 2888; x_wconf 83' lang='lat' dir='ltr'><strong>ostendere,</strong></span> <span class='ocrx_word' id='word_1_457' title='bbox 3184 2826 3276 2879; x_wconf 89' lang='lat' dir='ltr'><strong>sed</strong></span> <span class='ocrx_word' id='word_1_458' title='bbox 3319 2826 3384 2879; x_wconf 87' lang='lat' dir='ltr'><strong>ad</strong></span> 
     </span>
    </p>
   </div>
   <div class='ocr_carea' id='block_1_56' title="bbox 94 2913 1711 2998">
    <p class='ocr_par' dir='ltr' id='par_1_56' title="bbox 94 2922 1670 2998">
     <span class='ocr_line' id='line_1_56' title="bbox 94 2922 1670 2998; baseline 0.003 -20"><span class='ocrx_word' id='word_1_459' title='bbox 94 2929 180 2979; x_wconf 70' lang='grc' dir='ltr'>διὰ</span> <span class='ocrx_word' id='word_1_460' title='bbox 203 2927 491 2977; x_wconf 71' lang='grc' dir='ltr'>πλείστων</span> <span class='ocrx_word' id='word_1_461' title='bbox 518 2922 620 2992; x_wconf 69' lang='grc' dir='ltr'>μὲν</span> <span class='ocrx_word' id='word_1_462' title='bbox 648 2924 787 2976; x_wconf 82' lang='grc' dir='ltr'>ὅσων</span> <span class='ocrx_word' id='word_1_463' title='bbox 808 2925 1016 2978; x_wconf 73' lang='grc' dir='ltr'>ἀκονιτὶ</span> <span class='ocrx_word' id='word_1_464' title='bbox 1040 2927 1348 2992; x_wconf 72' lang='grc' dir='ltr'>καταδεῖξαι</span> <span class='ocrx_word' id='word_1_465' title='bbox 1374 2929 1502 2998; x_wconf 72' lang='grc' dir='ltr'>ῥᾷον</span> <span class='ocrx_word' id='word_1_466' title='bbox 1523 2946 1536 2958; x_wconf 83' lang='lat'><strong><em>°</em></strong></span> <span class='ocrx_word' id='word_1_467' title='bbox 1562 2931 1670 2982; x_wconf 71' lang='grc' dir='ltr'><strong>ἀπό</strong></span> 
     </span>
    </p>
   </div>
   <div class='ocr_carea' id='block_1_57' title="bbox 1816 2913 3384 2998">
    <p class='ocr_par' dir='ltr' id='par_1_57' title="bbox 1816 2913 3384 2985">
     <span class='ocr_line' id='line_1_57' title="bbox 1816 2913 3384 2985; baseline 0 -15"><span class='ocrx_word' id='word_1_468' title='bbox 1816 2930 2048 2985; x_wconf 69' lang='lat' dir='ltr'><strong>praesens</strong></span> <span class='ocrx_word' id='word_1_469' title='bbox 2081 2916 2209 2970; x_wconf 90' lang='lat' dir='ltr'><strong>illud</strong></span> <span class='ocrx_word' id='word_1_470' title='bbox 2246 2915 2450 2969; x_wconf 81' lang='lat' dir='ltr'><strong>dixisse</strong></span> <span class='ocrx_word' id='word_1_471' title='bbox 2490 2913 2621 2967; x_wconf 86' lang='lat' dir='ltr'><strong>satis</strong></span> <span class='ocrx_word' id='word_1_472' title='bbox 2657 2913 2778 2967; x_wconf 90' lang='lat' dir='ltr'><strong>erit.</strong></span> <span class='ocrx_word' id='word_1_473' title='bbox 2812 2913 2955 2967; x_wconf 80' lang='lat' dir='ltr'><strong>Dixit</strong></span> <span class='ocrx_word' id='word_1_474' title='bbox 2984 2916 3125 2969; x_wconf 91' lang='lat' dir='ltr'><strong>cuim</strong></span> <span class='ocrx_word' id='word_1_475' title='bbox 3156 2916 3293 2970; x_wconf 90' lang='lat' dir='ltr'><strong>Deus</strong></span> <span class='ocrx_word' id='word_1_476' title='bbox 3319 2917 3384 2970; x_wconf 90' lang='lat' dir='ltr'><strong>ad</strong></span> 
     </span>
    </p>
   </div>
   <div class='ocr_carea' id='block_1_58' title="bbox 97 3005 1711 3086">
    <p class='ocr_par' dir='ltr' id='par_1_58' title="bbox 97 3005 1709 3086">
     <span class='ocr_line' id='line_1_58' title="bbox 97 3005 1709 3086; baseline 0.003 -20"><span class='ocrx_word' id='word_1_477' title='bbox 97 3031 201 3083; x_wconf 69' lang='grc' dir='ltr'>χρη</span> <span class='ocrx_word' id='word_1_478' title='bbox 240 3014 322 3080; x_wconf 81' lang='grc' dir='ltr'>δὲ,</span> <span class='ocrx_word' id='word_1_479' title='bbox 361 3005 550 3080; x_wconf 81' lang='grc' dir='ltr'>οἶμαι,</span> <span class='ocrx_word' id='word_1_480' title='bbox 583 3010 722 3079; x_wconf 82' lang='grc' dir='ltr'>πρὸς</span> <span class='ocrx_word' id='word_1_481' title='bbox 759 3010 821 3063; x_wconf 91' lang='grc' dir='ltr'>τὸ</span> <span class='ocrx_word' id='word_1_482' title='bbox 837 3013 1010 3081; x_wconf 86' lang='grc' dir='ltr'>παρὸν</span> <span class='ocrx_word' id='word_1_483' title='bbox 1030 3014 1205 3066; x_wconf 80' lang='grc' dir='ltr'>ἐκεῖνο</span> <span class='ocrx_word' id='word_1_484' title='bbox 1228 3016 1579 3086; x_wconf 80' lang='grc' dir='ltr'>εἰπεῖν.Ἔφη</span> <span class='ocrx_word' id='word_1_485' title='bbox 1600 3019 1709 3086; x_wconf 87' lang='grc' dir='ltr'>γάρ</span> 
     </span>
    </p>
   </div>
   <div class='ocr_carea' id='block_1_59' title="bbox 1816 3005 3388 3086">
    <p class='ocr_par' dir='ltr' id='par_1_59' title="bbox 1816 3007 3388 3075">
     <span class='ocr_line' id='line_1_59' title="bbox 1816 3007 3388 3075; baseline -0.002 -10"><span class='ocrx_word' id='word_1_486' title='bbox 1816 3014 2025 3066; x_wconf 87' lang='lat' dir='ltr'><strong>beatum</strong></span> <span class='ocrx_word' id='word_1_487' title='bbox 2066 3011 2232 3064; x_wconf 88' lang='lat' dir='ltr'><strong>David</strong></span> <span class='ocrx_word' id='word_1_488' title='bbox 2264 3028 2277 3063; x_wconf 90' lang='lat'><strong>:</strong></span> <span class='ocrx_word' id='word_1_489' title='bbox 2309 3028 2326 3061; x_wconf 78' lang='grc' dir='ltr'><strong>ι</strong></span> <span class='ocrx_word' id='word_1_490' title='bbox 2360 3008 2427 3062; x_wconf 89' lang='grc' dir='ltr'>Ει</span> <span class='ocrx_word' id='word_1_491' title='bbox 2469 3007 2746 3062; x_wconf 80' lang='lat' dir='ltr'><strong>suscitabo</strong></span> <span class='ocrx_word' id='word_1_492' title='bbox 2779 3008 2845 3061; x_wconf 90' lang='lat' dir='ltr'><strong>de</strong></span> <span class='ocrx_word' id='word_1_493' title='bbox 2898 3009 3101 3063; x_wconf 86' lang='lat' dir='ltr'><strong>semine</strong></span> <span class='ocrx_word' id='word_1_494' title='bbox 3135 3019 3224 3063; x_wconf 89' lang='lat' dir='ltr'><strong>tuo</strong></span> <span class='ocrx_word' id='word_1_495' title='bbox 3266 3020 3388 3075; x_wconf 83' lang='lat' dir='ltr'><strong>post</strong></span> 
     </span>
    </p>
   </div>
   <div class='ocr_carea' id='block_1_60' title="bbox 96 3100 1711 3199">
    <p class='ocr_par' dir='ltr' id='par_1_60' title="bbox 96 3100 1709 3175">
     <span class='ocr_line' id='line_1_60' title="bbox 96 3100 1709 3175; baseline 0.001 -18"><span class='ocrx_word' id='word_1_496' title='bbox 96 3122 199 3157; x_wconf 71' lang='grc' dir='ltr'>που</span> <span class='ocrx_word' id='word_1_497' title='bbox 229 3105 375 3166; x_wconf 85' lang='grc' dir='ltr'>Θεὸς</span> <span class='ocrx_word' id='word_1_498' title='bbox 405 3101 549 3171; x_wconf 83' lang='grc' dir='ltr'>πρὸς</span> <span class='ocrx_word' id='word_1_499' title='bbox 573 3101 664 3155; x_wconf 88' lang='grc' dir='ltr'>τὸν</span> <span class='ocrx_word' id='word_1_500' title='bbox 688 3100 961 3172; x_wconf 83' lang='grc' dir='ltr'>μακάριον</span> <span class='ocrx_word' id='word_1_501' title='bbox 986 3102 1147 3156; x_wconf 82' lang='grc' dir='ltr'>Δασὶδ</span> <span class='ocrx_word' id='word_1_502' title='bbox 1167 3119 1179 3131; x_wconf 85' lang='grc'><em>’</em></span> <span class='ocrx_word' id='word_1_503' title='bbox 1222 3122 1238 3154; x_wconf 82' lang='lat' dir='ltr'><strong>t</strong></span> <span class='ocrx_word' id='word_1_504' title='bbox 1269 3105 1377 3157; x_wconf 75' lang='grc' dir='ltr'><strong>Καὶ</strong></span> <span class='ocrx_word' id='word_1_505' title='bbox 1422 3104 1709 3175; x_wconf 81' lang='grc' dir='ltr'><strong>ἀναστήσω</strong></span> 
     </span>
    </p>
   </div>
   <div class='ocr_carea' id='block_1_61' title="bbox 1816 3100 3387 3199">
    <p class='ocr_par' dir='ltr' id='par_1_61' title="bbox 1816 3100 3387 3172">
     <span class='ocr_line' id='line_1_61' title="bbox 1816 3100 3387 3172; baseline -0.003 -16"><span class='ocrx_word' id='word_1_506' title='bbox 1816 3110 1887 3166; x_wconf 88' lang='lat' dir='ltr'><strong>te,</strong></span> <span class='ocrx_word' id='word_1_507' title='bbox 1926 3104 2016 3172; x_wconf 89' lang='lat' dir='ltr'><strong>qui</strong></span> <span class='ocrx_word' id='word_1_508' title='bbox 2061 3104 2167 3157; x_wconf 89' lang='lat' dir='ltr'><strong>erit</strong></span> <span class='ocrx_word' id='word_1_509' title='bbox 2209 3102 2275 3155; x_wconf 87' lang='lat' dir='ltr'><strong>de</strong></span> <span class='ocrx_word' id='word_1_510' title='bbox 2309 3110 2495 3154; x_wconf 88' lang='lat' dir='ltr'><strong>ventre</strong></span> <span class='ocrx_word' id='word_1_511' title='bbox 2542 3108 2653 3163; x_wconf 84' lang='lat' dir='ltr'><strong>tuo,</strong></span> <span class='ocrx_word' id='word_1_512' title='bbox 2699 3109 2754 3153; x_wconf 88' lang='lat' dir='ltr'><strong>et</strong></span> <span class='ocrx_word' id='word_1_513' title='bbox 2797 3100 3110 3167; x_wconf 72' lang='lat' dir='ltr'><strong>praeparabo</strong></span> <span class='ocrx_word' id='word_1_514' title='bbox 3164 3115 3387 3171; x_wconf 74' lang='lat' dir='ltr'><strong>regnum</strong></span> 
     </span>
    </p>
   </div>
   <div class='ocr_carea' id='block_1_62' title="bbox 94 3190 1711 3263">
    <p class='ocr_par' dir='ltr' id='par_1_62' title="bbox 94 3191 1709 3263">
     <span class='ocr_line' id='line_1_62' title="bbox 94 3191 1709 3263; baseline 0.002 -18"><span class='ocrx_word' id='word_1_515' title='bbox 94 3198 159 3247; x_wconf 68' lang='grc' dir='ltr'>ἐκ</span> <span class='ocrx_word' id='word_1_516' title='bbox 180 3194 279 3247; x_wconf 85' lang='grc' dir='ltr'><strong>τοῦ</strong></span> <span class='ocrx_word' id='word_1_517' title='bbox 306 3192 639 3263; x_wconf 83' lang='grc' dir='ltr'>σπέρματός</span> <span class='ocrx_word' id='word_1_518' title='bbox 661 3208 755 3245; x_wconf 88' lang='grc' dir='ltr'><strong>σου</strong></span> <span class='ocrx_word' id='word_1_519' title='bbox 784 3192 924 3262; x_wconf 85' lang='grc' dir='ltr'><strong>μετά</strong></span> <span class='ocrx_word' id='word_1_520' title='bbox 948 3192 1027 3256; x_wconf 73' lang='grc' dir='ltr'>σὲ,</span> <span class='ocrx_word' id='word_1_521' title='bbox 1044 3192 1101 3256; x_wconf 80' lang='grc' dir='ltr'>ὃς</span> <span class='ocrx_word' id='word_1_522' title='bbox 1124 3191 1279 3245; x_wconf 78' lang='grc' dir='ltr'>ἔσται</span> <span class='ocrx_word' id='word_1_523' title='bbox 1303 3195 1366 3245; x_wconf 84' lang='grc' dir='ltr'>ὲκ</span> <span class='ocrx_word' id='word_1_524' title='bbox 1385 3194 1483 3263; x_wconf 84' lang='grc' dir='ltr'>τῆς</span> <span class='ocrx_word' id='word_1_525' title='bbox 1502 3195 1709 3259; x_wconf 80' lang='grc' dir='ltr'>κοιλίας</span> 
     </span>
    </p>
   </div>
   <div class='ocr_carea' id='block_1_63' title="bbox 1816 3190 3384 3263">
    <p class='ocr_par' dir='ltr' id='par_1_63' title="bbox 1816 3190 3384 3261">
     <span class='ocr_line' id='line_1_63' title="bbox 1816 3190 3384 3261; baseline -0.003 -14"><span class='ocrx_word' id='word_1_526' title='bbox 1816 3196 1929 3261; x_wconf 85' lang='lat' dir='ltr'><strong>ejus</strong></span> <span class='ocrx_word' id='word_1_527' title='bbox 1966 3194 2121 3259; x_wconf 87' lang='lat' dir='ltr'><strong>:ipse</strong></span> <span class='ocrx_word' id='word_1_528' title='bbox 2155 3192 2444 3247; x_wconf 68' lang='lat' dir='ltr'><strong>aadificabit</strong></span> <span class='ocrx_word' id='word_1_529' title='bbox 2488 3190 2705 3245; x_wconf 87' lang='lat' dir='ltr'><strong>domum</strong></span> <span class='ocrx_word' id='word_1_530' title='bbox 2747 3190 2951 3244; x_wconf 88' lang='lat' dir='ltr'><strong>nomini</strong></span> <span class='ocrx_word' id='word_1_531' title='bbox 2986 3204 3141 3244; x_wconf 90' lang='lat' dir='ltr'><strong>meo:</strong></span> <span class='ocrx_word' id='word_1_532' title='bbox 3178 3201 3233 3243; x_wconf 90' lang='lat' dir='ltr'><strong>et</strong></span> <span class='ocrx_word' id='word_1_533' title='bbox 3274 3191 3384 3244; x_wconf 83' lang='lat' dir='ltr'><strong>eri—</strong></span> 
     </span>
    </p>
   </div>
   <div class='ocr_carea' id='block_1_64' title="bbox 96 3279 1711 3355">
    <p class='ocr_par' dir='ltr' id='par_1_64' title="bbox 96 3284 1711 3355">
     <span class='ocr_line' id='line_1_64' title="bbox 96 3284 1711 3355; baseline 0.001 -15"><span class='ocrx_word' id='word_1_534' title='bbox 96 3306 192 3341; x_wconf 75' lang='grc' dir='ltr'><strong>σου</strong></span> <span class='ocrx_word' id='word_1_535' title='bbox 214 3305 228 3317; x_wconf 88' lang='grc'>·</span> <span class='ocrx_word' id='word_1_536' title='bbox 258 3288 359 3339; x_wconf 76' lang='lat' dir='ltr'><strong>xa‘t</strong></span> <span class='ocrx_word' id='word_1_537' title='bbox 381 3285 667 3354; x_wconf 75' lang='grc' dir='ltr'>ἑτοιμάσω</span> <span class='ocrx_word' id='word_1_538' title='bbox 690 3285 787 3355; x_wconf 76' lang='grc' dir='ltr'>τὴν</span> <span class='ocrx_word' id='word_1_539' title='bbox 805 3285 1080 3354; x_wconf 81' lang='grc' dir='ltr'>βασιλείαν</span> <span class='ocrx_word' id='word_1_540' title='bbox 1103 3284 1267 3339; x_wconf 82' lang='grc' dir='ltr'>αὐτοῦ</span> <span class='ocrx_word' id='word_1_541' title='bbox 1287 3302 1303 3318; x_wconf 79' lang='grc' dir='ltr'><strong>ο</strong></span> <span class='ocrx_word' id='word_1_542' title='bbox 1326 3286 1486 3351; x_wconf 84' lang='grc' dir='ltr'>αὐτὸς</span> <span class='ocrx_word' id='word_1_543' title='bbox 1507 3289 1711 3341; x_wconf 77' lang='grc' dir='ltr'>οἰκοδο-</span> 
     </span>
    </p>
   </div>
   <div class='ocr_carea' id='block_1_65' title="bbox 1816 3279 3383 3355">
    <p class='ocr_par' dir='ltr' id='par_1_65' title="bbox 1816 3279 3383 3353">
     <span class='ocr_line' id='line_1_65' title="bbox 1816 3279 3383 3353; baseline -0.003 -17"><span class='ocrx_word' id='word_1_544' title='bbox 1816 3296 1937 3353; x_wconf 80' lang='lat' dir='ltr'><strong>gam</strong></span> <span class='ocrx_word' id='word_1_545' title='bbox 1982 3283 2176 3336; x_wconf 90' lang='lat' dir='ltr'><strong>solium</strong></span> <span class='ocrx_word' id='word_1_546' title='bbox 2208 3281 2324 3351; x_wconf 82' lang='lat' dir='ltr'><strong>ejus</strong></span> <span class='ocrx_word' id='word_1_547' title='bbox 2355 3294 2522 3348; x_wconf 90' lang='lat' dir='ltr'><strong>usque</strong></span> <span class='ocrx_word' id='word_1_548' title='bbox 2551 3279 2603 3333; x_wconf 90' lang='lat' dir='ltr'><strong>in</strong></span> <span class='ocrx_word' id='word_1_549' title='bbox 2653 3280 2908 3334; x_wconf 72' lang='lat' dir='ltr'><strong>smculum</strong></span> <span class='ocrx_word' id='word_1_550' title='bbox 2942 3297 2953 3330; x_wconf 76' lang='grc' dir='ltr'>ε</span> <span class='ocrx_word' id='word_1_551' title='bbox 2986 3288 3040 3333; x_wconf 89' lang='lat' dir='ltr'><strong>et</strong></span> <span class='ocrx_word' id='word_1_552' title='bbox 3072 3294 3171 3347; x_wconf 76' lang='lat' dir='ltr'><strong>ego</strong></span> <span class='ocrx_word' id='word_1_553' title='bbox 3205 3293 3301 3333; x_wconf 89' lang='lat' dir='ltr'><strong>ero</strong></span> <span class='ocrx_word' id='word_1_554' title='bbox 3334 3280 3383 3332; x_wconf 91' lang='lat' dir='ltr'><strong>ei</strong></span> 
     </span>
    </p>
   </div>
   <div class='ocr_carea' id='block_1_66' title="bbox 96 3369 1711 3447">
    <p class='ocr_par' dir='ltr' id='par_1_66' title="bbox 96 3373 1710 3447">
     <span class='ocr_line' id='line_1_66' title="bbox 96 3373 1710 3447; baseline 0.001 -18"><span class='ocrx_word' id='word_1_555' title='bbox 96 3381 265 3447; x_wconf 74' lang='grc' dir='ltr'>μήσει</span> <span class='ocrx_word' id='word_1_556' title='bbox 292 3373 453 3428; x_wconf 75' lang='grc' dir='ltr'>οἷκον</span> <span class='ocrx_word' id='word_1_557' title='bbox 470 3376 553 3443; x_wconf 85' lang='grc' dir='ltr'>τῷ</span> <span class='ocrx_word' id='word_1_558' title='bbox 574 3374 801 3442; x_wconf 78' lang='grc' dir='ltr'>ὀνόματί</span> <span class='ocrx_word' id='word_1_559' title='bbox 829 3390 954 3443; x_wconf 91' lang='grc' dir='ltr'>μου.</span> <span class='ocrx_word' id='word_1_560' title='bbox 975 3376 1083 3428; x_wconf 77' lang='grc' dir='ltr'><strong>Καὶ</strong></span> <span class='ocrx_word' id='word_1_561' title='bbox 1100 3377 1391 3445; x_wconf 81' lang='grc' dir='ltr'>ἀνορθώσω</span> <span class='ocrx_word' id='word_1_562' title='bbox 1410 3378 1499 3429; x_wconf 91' lang='grc' dir='ltr'>τὸν</span> <span class='ocrx_word' id='word_1_563' title='bbox 1523 3378 1710 3447; x_wconf 79' lang='grc' dir='ltr'>θρόνον</span> 
     </span>
    </p>
   </div>
   <div class='ocr_carea' id='block_1_67' title="bbox 1816 3369 3379 3447">
    <p class='ocr_par' dir='ltr' id='par_1_67' title="bbox 1816 3369 3379 3440">
     <span class='ocr_line' id='line_1_67' title="bbox 1816 3369 3379 3440; baseline -0.004 -13"><span class='ocrx_word' id='word_1_564' title='bbox 1816 3374 1865 3427; x_wconf 92' lang='lat' dir='ltr'><strong>in</strong></span> <span class='ocrx_word' id='word_1_565' title='bbox 1891 3373 2125 3437; x_wconf 87' lang='lat' dir='ltr'><strong>Patrem,</strong></span> <span class='ocrx_word' id='word_1_566' title='bbox 2145 3383 2198 3425; x_wconf 91' lang='lat' dir='ltr'><strong>et</strong></span> <span class='ocrx_word' id='word_1_567' title='bbox 2223 3372 2337 3440; x_wconf 90' lang='lat' dir='ltr'><strong>ipse</strong></span> <span class='ocrx_word' id='word_1_568' title='bbox 2363 3372 2465 3425; x_wconf 85' lang='lat' dir='ltr'><strong>erit</strong></span> <span class='ocrx_word' id='word_1_569' title='bbox 2488 3370 2616 3424; x_wconf 88' lang='lat' dir='ltr'><strong>mihi</strong></span> <span class='ocrx_word' id='word_1_570' title='bbox 2636 3370 2689 3423; x_wconf 91' lang='lat' dir='ltr'><strong>in</strong></span> <span class='ocrx_word' id='word_1_571' title='bbox 2715 3369 2911 3424; x_wconf 88' lang='lat' dir='ltr'><strong>Filium</strong></span> <span class='ocrx_word' id='word_1_572' title='bbox 2930 3369 2997 3421; x_wconf 79' lang='lat'><strong>&#39;°.</strong></span> <span class='ocrx_word' id='word_1_573' title='bbox 3033 3388 3050 3419; x_wconf 74' lang='grc' dir='ltr'><strong>ι</strong></span> <span class='ocrx_word' id='word_1_574' title='bbox 3083 3369 3188 3422; x_wconf 83' lang='lat' dir='ltr'><strong>Sed</strong></span> <span class='ocrx_word' id='word_1_575' title='bbox 3217 3370 3379 3435; x_wconf 89' lang='lat' dir='ltr'><strong>dicet,</strong></span> 
     </span>
    </p>
   </div>
   <div class='ocr_carea' id='block_1_68' title="bbox 96 3461 1711 3536">
    <p class='ocr_par' dir='ltr' id='par_1_68' title="bbox 96 3463 1711 3536">
     <span class='ocr_line' id='line_1_68' title="bbox 96 3463 1711 3536; baseline 0 -16"><span class='ocrx_word' id='word_1_576' title='bbox 96 3469 264 3522; x_wconf 62' lang='grc' dir='ltr'>σὸτοῦ</span> <span class='ocrx_word' id='word_1_577' title='bbox 290 3469 406 3530; x_wconf 77' lang='grc' dir='ltr'>ἓως</span> <span class='ocrx_word' id='word_1_578' title='bbox 428 3469 513 3528; x_wconf 89' lang='grc' dir='ltr'>εἱς</span> <span class='ocrx_word' id='word_1_579' title='bbox 537 3466 629 3517; x_wconf 88' lang='grc' dir='ltr'>τὸν</span> <span class='ocrx_word' id='word_1_580' title='bbox 650 3463 842 3519; x_wconf 76' lang='grc' dir='ltr'>αἰῶνα.</span> <span class='ocrx_word' id='word_1_581' title='bbox 859 3466 969 3517; x_wconf 70' lang='grc' dir='ltr'><strong>Καὶ</strong></span> <span class='ocrx_word' id='word_1_582' title='bbox 989 3463 1098 3531; x_wconf 81' lang='grc' dir='ltr'><strong>ἐγὼ</strong></span> <span class='ocrx_word' id='word_1_583' title='bbox 1119 3465 1308 3533; x_wconf 75' lang='grc' dir='ltr'>ἔσομαι</span> <span class='ocrx_word' id='word_1_584' title='bbox 1334 3466 1481 3536; x_wconf 74' lang='grc' dir='ltr'><strong>αὑτῷ</strong></span> <span class='ocrx_word' id='word_1_585' title='bbox 1502 3470 1581 3530; x_wconf 76' lang='grc' dir='ltr'>εἰς</span> <span class='ocrx_word' id='word_1_586' title='bbox 1600 3469 1711 3520; x_wconf 87' lang='grc' dir='ltr'><strong>Πα-</strong></span> 
     </span>
    </p>
   </div>
   <div class='ocr_carea' id='block_1_69' title="bbox 1816 3461 3385 3536">
    <p class='ocr_par' dir='ltr' id='par_1_69' title="bbox 1816 3461 3385 3530">
     <span class='ocr_line' id='line_1_69' title="bbox 1816 3461 3385 3530; baseline -0.001 -15"><span class='ocrx_word' id='word_1_587' title='bbox 1816 3464 2037 3529; x_wconf 81' lang='lat' dir='ltr'><strong>Opinor,</strong></span> <span class='ocrx_word' id='word_1_588' title='bbox 2083 3463 2297 3530; x_wconf 90' lang='lat' dir='ltr'><strong>aliquis,</strong></span> <span class='ocrx_word' id='word_1_589' title='bbox 2334 3462 2447 3515; x_wconf 72' lang='lat' dir='ltr'><strong>haec</strong></span> <span class='ocrx_word' id='word_1_590' title='bbox 2484 3461 2667 3514; x_wconf 91' lang='lat' dir='ltr'><strong>nonin</strong></span> <span class='ocrx_word' id='word_1_591' title='bbox 2713 3461 3139 3523; x_wconf 89' lang='lat' dir='ltr'><strong>Emmanuelem,</strong></span> <span class='ocrx_word' id='word_1_592' title='bbox 3193 3462 3286 3514; x_wconf 90' lang='lat' dir='ltr'><strong>sed</strong></span> <span class='ocrx_word' id='word_1_593' title='bbox 3333 3462 3385 3514; x_wconf 92' lang='lat' dir='ltr'><strong>in</strong></span> 
     </span>
    </p>
   </div>
   <div class='ocr_carea' id='block_1_70' title="bbox 96 3549 1711 3630">
    <p class='ocr_par' dir='ltr' id='par_1_70' title="bbox 96 3550 1707 3630">
     <span class='ocr_line' id='line_1_70' title="bbox 96 3550 1707 3630; baseline -0.002 -19"><span class='ocrx_word' id='word_1_594' title='bbox 96 3560 375 3630; x_wconf 77' lang='grc' dir='ltr'>τέρα,κα“ι</span> <span class='ocrx_word' id='word_1_595' title='bbox 402 3556 574 3617; x_wconf 72' lang='grc' dir='ltr'>αὐτὸς</span> <span class='ocrx_word' id='word_1_596' title='bbox 598 3555 751 3607; x_wconf 80' lang='grc' dir='ltr'>ἔσται</span> <span class='ocrx_word' id='word_1_597' title='bbox 770 3571 860 3623; x_wconf 87' lang='grc' dir='ltr'><strong>μοι</strong></span> <span class='ocrx_word' id='word_1_598' title='bbox 881 3555 960 3616; x_wconf 79' lang='grc' dir='ltr'><strong>εἰς</strong></span> <span class='ocrx_word' id='word_1_599' title='bbox 986 3553 1131 3607; x_wconf 77' lang='grc' dir='ltr'>Υἱόν.</span> <span class='ocrx_word' id='word_1_600' title='bbox 1149 3573 1165 3605; x_wconf 84' lang='grc'><strong><em>›</em></strong></span> <span class='ocrx_word' id='word_1_601' title='bbox 1188 3554 1348 3618; x_wconf 76' lang='grc' dir='ltr'>’Δλλ’,</span> <span class='ocrx_word' id='word_1_602' title='bbox 1375 3550 1550 3623; x_wconf 74' lang='grc' dir='ltr'>οἶμαι,</span> <span class='ocrx_word' id='word_1_603' title='bbox 1577 3558 1707 3627; x_wconf 76' lang='grc' dir='ltr'>φαίη</span> 
     </span>
    </p>
   </div>
   <div class='ocr_carea' id='block_1_71' title="bbox 1816 3549 3387 3630">
    <p class='ocr_par' dir='ltr' id='par_1_71' title="bbox 1816 3549 3387 3623">
     <span class='ocr_line' id='line_1_71' title="bbox 1816 3549 3387 3623; baseline -0.002 -18"><span class='ocrx_word' id='word_1_604' title='bbox 1816 3552 1925 3623; x_wconf 80' lang='lat'><strong>63</strong></span> <span class='ocrx_word' id='word_1_605' title='bbox 1982 3551 2323 3605; x_wconf 88' lang='lat' dir='ltr'><strong>Salomonem</strong></span> <span class='ocrx_word' id='word_1_606' title='bbox 2370 3551 2512 3604; x_wconf 89' lang='lat' dir='ltr'><strong>dicta</strong></span> <span class='ocrx_word' id='word_1_607' title='bbox 2562 3549 2747 3607; x_wconf 90' lang='lat' dir='ltr'><strong>fuisse.</strong></span> <span class='ocrx_word' id='word_1_608' title='bbox 2796 3551 2900 3604; x_wconf 86' lang='lat' dir='ltr'><strong>Sed</strong></span> <span class='ocrx_word' id='word_1_609' title='bbox 2955 3553 3138 3604; x_wconf 82' lang='lat' dir='ltr'><strong>beatus</strong></span> <span class='ocrx_word' id='word_1_610' title='bbox 3191 3550 3387 3602; x_wconf 81' lang='lat' dir='ltr'><strong>Paulus</strong></span> 
     </span>
    </p>
   </div>
   <div class='ocr_carea' id='block_1_72' title="bbox 97 3639 1711 3716">
    <p class='ocr_par' dir='ltr' id='par_1_72' title="bbox 97 3644 1710 3716">
     <span class='ocr_line' id='line_1_72' title="bbox 97 3644 1710 3716; baseline 0.001 -16"><span class='ocrx_word' id='word_1_611' title='bbox 97 3668 177 3712; x_wconf 74' lang='grc' dir='ltr'><strong>τις</strong></span> <span class='ocrx_word' id='word_1_612' title='bbox 207 3652 299 3711; x_wconf 81' lang='grc' dir='ltr'>ἂν,</span> <span class='ocrx_word' id='word_1_613' title='bbox 321 3649 431 3701; x_wconf 76' lang='grc' dir='ltr'>οὐκ</span> <span class='ocrx_word' id='word_1_614' title='bbox 457 3646 557 3699; x_wconf 67' lang='lat' dir='ltr'><strong>snt</strong></span> <span class='ocrx_word' id='word_1_615' title='bbox 588 3661 651 3713; x_wconf 92' lang='grc' dir='ltr'><strong>γε</strong></span> <span class='ocrx_word' id='word_1_616' title='bbox 670 3644 1403 3715; x_wconf 61' lang='grc' dir='ltr'>τῷ,Ἐμμανουὴλ,εξρῆσθαι</span> <span class='ocrx_word' id='word_1_617' title='bbox 1428 3647 1484 3698; x_wconf 85' lang='grc' dir='ltr'>δὲ</span> <span class='ocrx_word' id='word_1_618' title='bbox 1510 3647 1710 3716; x_wconf 76' lang='grc' dir='ltr'>μᾶλλον</span> 
     </span>
    </p>
   </div>
   <div class='ocr_carea' id='block_1_73' title="bbox 1816 3639 3386 3716">
    <p class='ocr_par' dir='ltr' id='par_1_73' title="bbox 1816 3639 3386 3707">
     <span class='ocr_line' id='line_1_73' title="bbox 1816 3639 3386 3707; baseline -0.004 -10"><span class='ocrx_word' id='word_1_619' title='bbox 1816 3642 2127 3697; x_wconf 85' lang='lat' dir='ltr'><strong>hominibus</strong></span> <span class='ocrx_word' id='word_1_620' title='bbox 2167 3643 2238 3694; x_wconf 90' lang='lat' dir='ltr'><strong>ita</strong></span> <span class='ocrx_word' id='word_1_621' title='bbox 2276 3640 2636 3695; x_wconf 86' lang='lat' dir='ltr'><strong>sentientibus</strong></span> <span class='ocrx_word' id='word_1_622' title='bbox 2668 3649 2890 3694; x_wconf 88' lang='lat' dir='ltr'><strong>strenue</strong></span> <span class='ocrx_word' id='word_1_623' title='bbox 2918 3639 3163 3703; x_wconf 88' lang='lat' dir='ltr'><strong>obsistet,</strong></span> <span class='ocrx_word' id='word_1_624' title='bbox 3197 3640 3285 3707; x_wconf 90' lang='lat' dir='ltr'><strong>qui</strong></span> <span class='ocrx_word' id='word_1_625' title='bbox 3323 3641 3386 3691; x_wconf 86' lang='lat' dir='ltr'><strong>(le</strong></span> 
     </span>
    </p>
   </div>
   <div class='ocr_carea' id='block_1_74' title="bbox 98 3730 1711 3810">
    <p class='ocr_par' dir='ltr' id='par_1_74' title="bbox 98 3734 1697 3810">
     <span class='ocr_line' id='line_1_74' title="bbox 98 3734 1697 3810; baseline 0.001 -20"><span class='ocrx_word' id='word_1_626' title='bbox 98 3742 188 3792; x_wconf 70' lang='grc' dir='ltr'><strong>ἐπὶ</strong></span> <span class='ocrx_word' id='word_1_627' title='bbox 228 3740 559 3810; x_wconf 82' lang='grc' dir='ltr'>Σολομῶντι</span> <span class='ocrx_word' id='word_1_628' title='bbox 590 3736 769 3793; x_wconf 79' lang='grc' dir='ltr'>ταυτί.</span> <span class='ocrx_word' id='word_1_629' title='bbox 804 3734 1017 3796; x_wconf 83' lang='grc' dir='ltr'>Παῦλός</span> <span class='ocrx_word' id='word_1_630' title='bbox 1047 3753 1108 3803; x_wconf 88' lang='grc' dir='ltr'>γε</span> <span class='ocrx_word' id='word_1_631' title='bbox 1141 3736 1246 3806; x_wconf 85' lang='grc' dir='ltr'>μὴν</span> <span class='ocrx_word' id='word_1_632' title='bbox 1294 3739 1322 3789; x_wconf 85' lang='grc' dir='ltr'>ὁ</span> <span class='ocrx_word' id='word_1_633' title='bbox 1360 3738 1697 3806; x_wconf 82' lang='grc' dir='ltr'>σοφώτατος,</span> 
     </span>
    </p>
   </div>
   <div class='ocr_carea' id='block_1_75' title="bbox 1816 3730 3382 3810">
    <p class='ocr_par' dir='ltr' id='par_1_75' title="bbox 1816 3730 3382 3800">
     <span class='ocr_line' id='line_1_75' title="bbox 1816 3730 3382 3800; baseline -0.004 -11"><span class='ocrx_word' id='word_1_634' title='bbox 1816 3734 2030 3789; x_wconf 87' lang='lat' dir='ltr'><strong>Christo</strong></span> <span class='ocrx_word' id='word_1_635' title='bbox 2066 3733 2164 3786; x_wconf 84' lang='lat' dir='ltr'><strong>has</strong></span> <span class='ocrx_word' id='word_1_636' title='bbox 2196 3747 2354 3786; x_wconf 87' lang='lat' dir='ltr'><strong>voces</strong></span> <span class='ocrx_word' id='word_1_637' title='bbox 2387 3732 2604 3800; x_wconf 89' lang='lat' dir='ltr'><strong>accipit,</strong></span> <span class='ocrx_word' id='word_1_638' title='bbox 2642 3732 2921 3799; x_wconf 89' lang='lat' dir='ltr'><strong>ipsumque</strong></span> <span class='ocrx_word' id='word_1_639' title='bbox 2954 3746 3075 3784; x_wconf 87' lang='lat' dir='ltr'><strong>esse</strong></span> <span class='ocrx_word' id='word_1_640' title='bbox 3105 3731 3298 3784; x_wconf 85' lang='lat' dir='ltr'><strong>asserit</strong></span> <span class='ocrx_word' id='word_1_641' title='bbox 3333 3730 3382 3783; x_wconf 82' lang='lat' dir='ltr'><strong>in</strong></span> 
     </span>
    </p>
   </div>
   <div class='ocr_carea' id='block_1_76' title="bbox 98 3819 1711 3895">
    <p class='ocr_par' dir='ltr' id='par_1_76' title="bbox 98 3824 1705 3893">
     <span class='ocr_line' id='line_1_76' title="bbox 98 3824 1705 3893; baseline -0.001 -12"><span class='ocrx_word' id='word_1_642' title='bbox 98 3833 209 3893; x_wconf 71' lang='grc' dir='ltr'>τοῖς</span> <span class='ocrx_word' id='word_1_643' title='bbox 255 3830 446 3891; x_wconf 75' lang='grc' dir='ltr'>οὕτως</span> <span class='ocrx_word' id='word_1_644' title='bbox 498 3826 746 3879; x_wconf 76' lang='grc' dir='ltr'>ἐθέλουσι</span> <span class='ocrx_word' id='word_1_645' title='bbox 806 3826 969 3887; x_wconf 87' lang='grc' dir='ltr'>νοεῖν,</span> <span class='ocrx_word' id='word_1_646' title='bbox 1023 3824 1364 3888; x_wconf 79' lang='grc' dir='ltr'>ἀντιτάξεται</span> <span class='ocrx_word' id='word_1_647' title='bbox 1424 3828 1705 3893; x_wconf 83' lang='grc' dir='ltr'>γεννικῶς,</span> 
     </span>
    </p>
   </div>
   <div class='ocr_carea' id='block_1_77' title="bbox 1816 3819 3384 3895">
    <p class='ocr_par' dir='ltr' id='par_1_77' title="bbox 1816 3819 3384 3895">
     <span class='ocr_line' id='line_1_77' title="bbox 1816 3819 3384 3895; baseline -0.003 -18"><span class='ocrx_word' id='word_1_648' title='bbox 1816 3839 1969 3895; x_wconf 85' lang='lat' dir='ltr'><strong>quem</strong></span> <span class='ocrx_word' id='word_1_649' title='bbox 2008 3825 2207 3878; x_wconf 91' lang='lat' dir='ltr'><strong>dictum</strong></span> <span class='ocrx_word' id='word_1_650' title='bbox 2237 3823 2307 3877; x_wconf 91' lang='lat' dir='ltr'><strong>sit</strong></span> <span class='ocrx_word' id='word_1_651' title='bbox 2336 3838 2363 3875; x_wconf 86' lang='lat' dir='ltr'><strong>a</strong></span> <span class='ocrx_word' id='word_1_652' title='bbox 2398 3823 2506 3876; x_wconf 85' lang='lat' dir='ltr'><strong>Deo</strong></span> <span class='ocrx_word' id='word_1_653' title='bbox 2535 3831 2589 3877; x_wconf 88' lang='lat' dir='ltr'><strong>et</strong></span> <span class='ocrx_word' id='word_1_654' title='bbox 2619 3822 2780 3876; x_wconf 87' lang='lat' dir='ltr'><strong>Patre</strong></span> <span class='ocrx_word' id='word_1_655' title='bbox 2810 3838 2822 3875; x_wconf 95' lang='lat'>:</span> <span class='ocrx_word' id='word_1_656' title='bbox 2861 3840 2879 3871; x_wconf 79' lang='grc' dir='ltr'><strong>ι</strong></span> <span class='ocrx_word' id='word_1_657' title='bbox 2921 3821 3026 3874; x_wconf 91' lang='lat' dir='ltr'><strong>Ero</strong></span> <span class='ocrx_word' id='word_1_658' title='bbox 3058 3819 3131 3873; x_wconf 91' lang='lat' dir='ltr'><strong>illi</strong></span> <span class='ocrx_word' id='word_1_659' title='bbox 3177 3821 3228 3873; x_wconf 92' lang='lat' dir='ltr'><strong>in</strong></span> <span class='ocrx_word' id='word_1_660' title='bbox 3284 3819 3384 3873; x_wconf 84' lang='lat' dir='ltr'><strong>Pa-</strong></span> 
     </span>
    </p>
   </div>
   <div class='ocr_carea' id='block_1_78' title="bbox 98 3910 1711 3989">
    <p class='ocr_par' dir='ltr' id='par_1_78' title="bbox 98 3915 1706 3989">
     <span class='ocr_line' id='line_1_78' title="bbox 98 3915 1706 3989; baseline 0.001 -19"><span class='ocrx_word' id='word_1_661' title='bbox 98 3920 317 3988; x_wconf 75' lang='grc' dir='ltr'>δέχεται</span> <span class='ocrx_word' id='word_1_662' title='bbox 347 3920 466 3989; x_wconf 72' lang='grc' dir='ltr'><strong>γὰρ</strong></span> <span class='ocrx_word' id='word_1_663' title='bbox 494 3917 590 3969; x_wconf 70' lang='grc' dir='ltr'><strong>ἐπὶ</strong></span> <span class='ocrx_word' id='word_1_664' title='bbox 615 3915 838 3986; x_wconf 81' lang='grc' dir='ltr'>Χριστῷ</span> <span class='ocrx_word' id='word_1_665' title='bbox 867 3917 965 3978; x_wconf 77' lang='grc' dir='ltr'><strong>τὰς</strong></span> <span class='ocrx_word' id='word_1_666' title='bbox 992 3916 1206 3983; x_wconf 79' lang='grc' dir='ltr'>φωνάς·</span> <span class='ocrx_word' id='word_1_667' title='bbox 1239 3917 1330 3969; x_wconf 78' lang='grc' dir='ltr'>καὶ</span> <span class='ocrx_word' id='word_1_668' title='bbox 1368 3917 1530 3971; x_wconf 80' lang='grc' dir='ltr'>αὐτὸν</span> <span class='ocrx_word' id='word_1_669' title='bbox 1564 3916 1706 3972; x_wconf 84' lang='grc' dir='ltr'>εἶναι</span> 
     </span>
    </p>
   </div>
   <div class='ocr_carea' id='block_1_79' title="bbox 1816 3910 3380 3989">
    <p class='ocr_par' dir='ltr' id='par_1_79' title="bbox 1816 3910 3380 3983">
     <span class='ocr_line' id='line_1_79' title="bbox 1816 3910 3380 3983; baseline -0.006 -12"><span class='ocrx_word' id='word_1_670' title='bbox 1816 3928 1968 3980; x_wconf 89' lang='lat' dir='ltr'><strong>trem,</strong></span> <span class='ocrx_word' id='word_1_671' title='bbox 2015 3924 2069 3970; x_wconf 84' lang='lat' dir='ltr'><strong>et</strong></span> <span class='ocrx_word' id='word_1_672' title='bbox 2119 3916 2232 3983; x_wconf 89' lang='lat' dir='ltr'><strong>ipse</strong></span> <span class='ocrx_word' id='word_1_673' title='bbox 2280 3915 2385 3967; x_wconf 89' lang='lat' dir='ltr'><strong>erit</strong></span> <span class='ocrx_word' id='word_1_674' title='bbox 2437 3913 2566 3967; x_wconf 90' lang='lat' dir='ltr'><strong>mihi</strong></span> <span class='ocrx_word' id='word_1_675' title='bbox 2627 3913 2679 3966; x_wconf 92' lang='lat' dir='ltr'><strong>in</strong></span> <span class='ocrx_word' id='word_1_676' title='bbox 2734 3912 2926 3966; x_wconf 86' lang='lat' dir='ltr'><strong>Filium</strong></span> <span class='ocrx_word' id='word_1_677' title='bbox 2953 3910 3021 3966; x_wconf 80' lang='lat'><strong>&quot;.</strong></span> <span class='ocrx_word' id='word_1_678' title='bbox 3054 3929 3073 3962; x_wconf 77' lang='grc' dir='ltr'><strong>ι</strong></span> <span class='ocrx_word' id='word_1_679' title='bbox 3124 3910 3380 3963; x_wconf 86' lang='lat' dir='ltr'><strong>Eumdem</strong></span> 
     </span>
    </p>
   </div>
   <div class='ocr_carea' id='block_1_80' title="bbox 102 4001 1711 4081">
    <p class='ocr_par' dir='ltr' id='par_1_80' title="bbox 102 4006 1696 4081">
     <span class='ocr_line' id='line_1_80' title="bbox 102 4006 1696 4081; baseline 0.001 -21"><span class='ocrx_word' id='word_1_680' title='bbox 102 4030 233 4079; x_wconf 64' lang='grc' dir='ltr'>φησι</span> <span class='ocrx_word' id='word_1_681' title='bbox 276 4012 426 4081; x_wconf 85' lang='grc' dir='ltr'>πρὸς</span> <span class='ocrx_word' id='word_1_682' title='bbox 463 4011 526 4061; x_wconf 86' lang='grc' dir='ltr'>ὃν</span> <span class='ocrx_word' id='word_1_683' title='bbox 564 4009 781 4076; x_wconf 80' lang='grc' dir='ltr'>εἴρηται</span> <span class='ocrx_word' id='word_1_684' title='bbox 820 4008 975 4077; x_wconf 80' lang='grc' dir='ltr'>παρὰ</span> <span class='ocrx_word' id='word_1_685' title='bbox 1008 4006 1100 4059; x_wconf 89' lang='grc' dir='ltr'><strong>τοῦ</strong></span> <span class='ocrx_word' id='word_1_686' title='bbox 1149 4007 1283 4059; x_wconf 83' lang='grc' dir='ltr'>Θεοῦ</span> <span class='ocrx_word' id='word_1_687' title='bbox 1329 4009 1422 4061; x_wconf 77' lang='grc' dir='ltr'><strong>καὶ</strong></span> <span class='ocrx_word' id='word_1_688' title='bbox 1463 4009 1696 4077; x_wconf 81' lang='grc' dir='ltr'>Πατρὸς,</span> 
     </span>
    </p>
   </div>
   <div class='ocr_carea' id='block_1_81' title="bbox 1816 4001 3377 4081">
    <p class='ocr_par' dir='ltr' id='par_1_81' title="bbox 1816 4001 3377 4079">
     <span class='ocr_line' id='line_1_81' title="bbox 1816 4001 3377 4079; baseline -0.006 -17"><span class='ocrx_word' id='word_1_689' title='bbox 1816 4014 1973 4079; x_wconf 86' lang='lat' dir='ltr'><strong>porro</strong></span> <span class='ocrx_word' id='word_1_690' title='bbox 2001 4009 2171 4061; x_wconf 87' lang='lat' dir='ltr'><strong>nostri</strong></span> <span class='ocrx_word' id='word_1_691' title='bbox 2201 4006 2432 4059; x_wconf 88' lang='lat' dir='ltr'><strong>similem</strong></span> <span class='ocrx_word' id='word_1_692' title='bbox 2463 4004 2684 4067; x_wconf 82' lang='lat' dir='ltr'><strong>factum,</strong></span> <span class='ocrx_word' id='word_1_693' title='bbox 2720 4004 2772 4057; x_wconf 90' lang='lat' dir='ltr'><strong>id</strong></span> <span class='ocrx_word' id='word_1_694' title='bbox 2801 4011 2904 4068; x_wconf 89' lang='lat' dir='ltr'><strong>est,</strong></span> <span class='ocrx_word' id='word_1_695' title='bbox 2931 4001 3227 4064; x_wconf 89' lang='lat' dir='ltr'><strong>hominem,</strong></span> <span class='ocrx_word' id='word_1_696' title='bbox 3263 4001 3377 4053; x_wconf 86' lang='lat' dir='ltr'><strong>fore</strong></span> 
     </span>
    </p>
   </div>
   <div class='ocr_carea' id='block_1_82' title="bbox 103 4092 1711 4169">
    <p class='ocr_par' dir='ltr' id='par_1_82' title="bbox 103 4096 1708 4169">
     <span class='ocr_line' id='line_1_82' title="bbox 103 4096 1708 4169; baseline 0 -17"><span class='ocrx_word' id='word_1_697' title='bbox 103 4105 178 4154; x_wconf 76' lang='grc' dir='ltr'>ἱτι</span> <span class='ocrx_word' id='word_1_698' title='bbox 218 4103 508 4168; x_wconf 76' lang='grc' dir='ltr'>(Ἔσομαι</span> <span class='ocrx_word' id='word_1_699' title='bbox 533 4098 682 4167; x_wconf 81' lang='grc' dir='ltr'><strong>αὑτῷ</strong></span> <span class='ocrx_word' id='word_1_700' title='bbox 707 4099 785 4159; x_wconf 80' lang='grc' dir='ltr'>εἰς</span> <span class='ocrx_word' id='word_1_701' title='bbox 816 4097 1058 4166; x_wconf 81' lang='grc' dir='ltr'>Πατέρα,</span> <span class='ocrx_word' id='word_1_702' title='bbox 1103 4096 1197 4150; x_wconf 74' lang='grc' dir='ltr'>καὶ</span> <span class='ocrx_word' id='word_1_703' title='bbox 1233 4097 1395 4160; x_wconf 81' lang='grc' dir='ltr'>αὐτὸς</span> <span class='ocrx_word' id='word_1_704' title='bbox 1429 4097 1582 4151; x_wconf 78' lang='grc' dir='ltr'>ἔσται</span> <span class='ocrx_word' id='word_1_705' title='bbox 1618 4118 1708 4169; x_wconf 89' lang='grc' dir='ltr'><strong>μοι</strong></span> 
     </span>
    </p>
   </div>
   <div class='ocr_carea' id='block_1_83' title="bbox 1816 4092 3384 4169">
    <p class='ocr_par' dir='ltr' id='par_1_83' title="bbox 1816 4092 3384 4155">
     <span class='ocr_line' id='line_1_83' title="bbox 1816 4092 3384 4155; baseline -0.007 -4"><span class='ocrx_word' id='word_1_706' title='bbox 1816 4109 1869 4152; x_wconf 91' lang='lat' dir='ltr'><strong>ut</strong></span> <span class='ocrx_word' id='word_1_707' title='bbox 1904 4099 2010 4150; x_wconf 91' lang='lat' dir='ltr'><strong>Deo</strong></span> <span class='ocrx_word' id='word_1_708' title='bbox 2057 4108 2109 4150; x_wconf 89' lang='lat' dir='ltr'><strong>et</strong></span> <span class='ocrx_word' id='word_1_709' title='bbox 2158 4095 2304 4148; x_wconf 87' lang='lat' dir='ltr'><strong>Patri</strong></span> <span class='ocrx_word' id='word_1_710' title='bbox 2361 4094 2695 4148; x_wconf 87' lang='lat' dir='ltr'><strong>sacrilicaret</strong></span> <span class='ocrx_word' id='word_1_711' title='bbox 2743 4092 2926 4144; x_wconf 88' lang='lat' dir='ltr'><strong>orbem</strong></span> <span class='ocrx_word' id='word_1_712' title='bbox 2978 4097 3245 4143; x_wconf 87' lang='lat' dir='ltr'><strong>terrarum</strong></span> <span class='ocrx_word' id='word_1_713' title='bbox 3291 4101 3384 4155; x_wconf 87' lang='lat' dir='ltr'><strong>per</strong></span> 
     </span>
    </p>
   </div>
   <div class='ocr_carea' id='block_1_84' title="bbox 104 4179 1711 4263">
    <p class='ocr_par' dir='ltr' id='par_1_84' title="bbox 104 4186 1708 4263">
     <span class='ocr_line' id='line_1_84' title="bbox 104 4186 1708 4263; baseline -0.002 -18"><span class='ocrx_word' id='word_1_714' title='bbox 104 4190 175 4255; x_wconf 63' lang='lat' dir='ltr'><strong>ti;</strong></span> <span class='ocrx_word' id='word_1_715' title='bbox 231 4193 390 4245; x_wconf 71' lang='grc' dir='ltr'><strong>Υἱόν.</strong></span> <span class='ocrx_word' id='word_1_716' title='bbox 424 4208 443 4240; x_wconf 70' lang='grc' dir='ltr'><strong>ι</strong></span> <span class='ocrx_word' id='word_1_717' title='bbox 480 4190 608 4241; x_wconf 84' lang='grc' dir='ltr'>Ὅτι</span> <span class='ocrx_word' id='word_1_718' title='bbox 652 4188 708 4240; x_wconf 84' lang='grc' dir='ltr'>δὲ</span> <span class='ocrx_word' id='word_1_719' title='bbox 757 4186 880 4240; x_wconf 85' lang='grc' dir='ltr'>καθ’</span> <span class='ocrx_word' id='word_1_720' title='bbox 920 4188 1067 4257; x_wconf 77' lang='grc' dir='ltr'>ἡμᾶς</span> <span class='ocrx_word' id='word_1_721' title='bbox 1121 4187 1379 4263; x_wconf 81' lang='grc' dir='ltr'>γεγονὼς,</span> <span class='ocrx_word' id='word_1_722' title='bbox 1432 4190 1708 4242; x_wconf 84' lang='grc' dir='ltr'>τουτέστιν</span> 
     </span>
    </p>
   </div>
   <div class='ocr_carea' id='block_1_85' title="bbox 1816 4179 3379 4263">
    <p class='ocr_par' dir='ltr' id='par_1_85' title="bbox 1816 4179 3379 4247">
     <span class='ocr_line' id='line_1_85' title="bbox 1816 4179 3379 4247; baseline -0.008 -5"><span class='ocrx_word' id='word_1_723' title='bbox 1816 4190 1973 4243; x_wconf 81' lang='lat' dir='ltr'><strong>iidem</strong></span> <span class='ocrx_word' id='word_1_724' title='bbox 2016 4189 2068 4241; x_wconf 91' lang='lat' dir='ltr'><strong>in</strong></span> <span class='ocrx_word' id='word_1_725' title='bbox 2104 4200 2161 4241; x_wconf 87' lang='lat' dir='ltr'><strong>se</strong></span> <span class='ocrx_word' id='word_1_726' title='bbox 2196 4185 2532 4238; x_wconf 85' lang='lat' dir='ltr'><strong>credentium</strong></span> <span class='ocrx_word' id='word_1_727' title='bbox 2573 4182 2857 4247; x_wconf 84' lang='lat' dir='ltr'><strong>salvatum,</strong></span> <span class='ocrx_word' id='word_1_728' title='bbox 2892 4179 3187 4235; x_wconf 82' lang='lat' dir='ltr'><strong>declaravit</strong></span> <span class='ocrx_word' id='word_1_729' title='bbox 3230 4179 3379 4239; x_wconf 89' lang='lat' dir='ltr'><strong>alibi,</strong></span> 
     </span>
    </p>
   </div>
   <div class='ocr_carea' id='block_1_86' title="bbox 104 4265 1711 4353">
    <p class='ocr_par' dir='ltr' id='par_1_86' title="bbox 104 4277 1704 4353">
     <span class='ocr_line' id='line_1_86' title="bbox 104 4277 1704 4353; baseline 0.003 -27"><span class='ocrx_word' id='word_1_730' title='bbox 104 4285 423 4353; x_wconf 58' lang='grc' dir='ltr'>ἀεθρωπος,</span> <span class='ocrx_word' id='word_1_731' title='bbox 466 4280 850 4351; x_wconf 75' lang='grc' dir='ltr'>ἱερουργήσειν</span> <span class='ocrx_word' id='word_1_732' title='bbox 884 4277 1079 4347; x_wconf 79' lang='grc' dir='ltr'>ἔμελλε</span> <span class='ocrx_word' id='word_1_733' title='bbox 1118 4278 1194 4348; x_wconf 79' lang='grc' dir='ltr'>τῷ</span> <span class='ocrx_word' id='word_1_734' title='bbox 1236 4277 1353 4348; x_wconf 86' lang='grc' dir='ltr'>Θεῷ</span> <span class='ocrx_word' id='word_1_735' title='bbox 1385 4279 1477 4331; x_wconf 75' lang='grc' dir='ltr'><strong>καὶ</strong></span> <span class='ocrx_word' id='word_1_736' title='bbox 1509 4281 1704 4350; x_wconf 69' lang='grc' dir='ltr'>Πατρὶ,</span> 
     </span>
    </p>
   </div>
   <div class='ocr_carea' id='block_1_87' title="bbox 1816 4265 3381 4353">
    <p class='ocr_par' dir='ltr' id='par_1_87' title="bbox 1816 4265 3381 4330">
     <span class='ocr_line' id='line_1_87' title="bbox 1816 4265 3381 4330; baseline -0.007 -1"><span class='ocrx_word' id='word_1_737' title='bbox 1816 4278 2001 4330; x_wconf 84' lang='lat' dir='ltr'><strong>dicens</strong></span> <span class='ocrx_word' id='word_1_738' title='bbox 2042 4292 2055 4328; x_wconf 91' lang='lat'>:</span> <span class='ocrx_word' id='word_1_739' title='bbox 2096 4294 2111 4325; x_wconf 79' lang='grc' dir='ltr'><strong>ι</strong></span> <span class='ocrx_word' id='word_1_740' title='bbox 2146 4275 2211 4328; x_wconf 82' lang='lat' dir='ltr'><strong>Et</strong></span> <span class='ocrx_word' id='word_1_741' title='bbox 2259 4272 2530 4326; x_wconf 86' lang='lat' dir='ltr'><strong>suscitabo</strong></span> <span class='ocrx_word' id='word_1_742' title='bbox 2582 4270 2711 4322; x_wconf 88' lang='lat' dir='ltr'><strong>mihi</strong></span> <span class='ocrx_word' id='word_1_743' title='bbox 2761 4269 3102 4322; x_wconf 83' lang='lat' dir='ltr'><strong>sacerdotem</strong></span> <span class='ocrx_word' id='word_1_744' title='bbox 3149 4265 3381 4326; x_wconf 85' lang='lat' dir='ltr'><strong>fidelem,</strong></span> 
     </span>
    </p>
   </div>
   <div class='ocr_carea' id='block_1_88' title="bbox 104 4354 1711 4441">
    <p class='ocr_par' dir='ltr' id='par_1_88' title="bbox 104 4366 1705 4441">
     <span class='ocr_line' id='line_1_88' title="bbox 104 4366 1705 4441; baseline 0 -19"><span class='ocrx_word' id='word_1_745' title='bbox 104 4374 189 4424; x_wconf 65' lang='lat' dir='ltr'><strong>viti</strong></span> <span class='ocrx_word' id='word_1_746' title='bbox 242 4373 346 4441; x_wconf 76' lang='grc' dir='ltr'>τῆς</span> <span class='ocrx_word' id='word_1_747' title='bbox 408 4371 491 4429; x_wconf 78' lang='grc' dir='ltr'>εἰς</span> <span class='ocrx_word' id='word_1_748' title='bbox 542 4367 703 4419; x_wconf 71' lang='grc' dir='ltr'>αὐτὸν</span> <span class='ocrx_word' id='word_1_749' title='bbox 761 4366 999 4429; x_wconf 78' lang='grc' dir='ltr'>πίστεως</span> <span class='ocrx_word' id='word_1_750' title='bbox 1056 4369 1405 4437; x_wconf 84' lang='grc' dir='ltr'>σεσωσμένην</span> <span class='ocrx_word' id='word_1_751' title='bbox 1455 4369 1553 4437; x_wconf 81' lang='grc' dir='ltr'>τὴν</span> <span class='ocrx_word' id='word_1_752' title='bbox 1616 4370 1705 4422; x_wconf 84' lang='grc' dir='ltr'><strong>ὑπ’</strong></span> 
     </span>
    </p>
   </div>
   <div class='ocr_carea' id='block_1_89' title="bbox 1816 4354 3381 4441">
    <p class='ocr_par' dir='ltr' id='par_1_89' title="bbox 1816 4354 3381 4436">
     <span class='ocr_line' id='line_1_89' title="bbox 1816 4354 3381 4436; baseline -0.008 -18"><span class='ocrx_word' id='word_1_753' title='bbox 1816 4366 1903 4436; x_wconf 90' lang='lat' dir='ltr'><strong>qui</strong></span> <span class='ocrx_word' id='word_1_754' title='bbox 1940 4366 2121 4421; x_wconf 88' lang='lat' dir='ltr'><strong>omnia</strong></span> <span class='ocrx_word' id='word_1_755' title='bbox 2159 4378 2275 4433; x_wconf 85' lang='lat' dir='ltr'><strong>quae</strong></span> <span class='ocrx_word' id='word_1_756' title='bbox 2304 4370 2431 4415; x_wconf 89' lang='lat' dir='ltr'><strong>sunt</strong></span> <span class='ocrx_word' id='word_1_757' title='bbox 2468 4362 2519 4412; x_wconf 92' lang='lat' dir='ltr'><strong>iu</strong></span> <span class='ocrx_word' id='word_1_758' title='bbox 2552 4358 2716 4411; x_wconf 89' lang='lat' dir='ltr'><strong>corde</strong></span> <span class='ocrx_word' id='word_1_759' title='bbox 2749 4366 2803 4410; x_wconf 92' lang='lat' dir='ltr'><strong>et</strong></span> <span class='ocrx_word' id='word_1_760' title='bbox 2839 4357 3016 4409; x_wconf 87' lang='lat' dir='ltr'><strong>anima</strong></span> <span class='ocrx_word' id='word_1_761' title='bbox 3052 4370 3172 4408; x_wconf 89' lang='lat' dir='ltr'><strong>mea</strong></span> <span class='ocrx_word' id='word_1_762' title='bbox 3205 4354 3381 4416; x_wconf 81' lang='lat' dir='ltr'><strong>faciet,</strong></span> 
     </span>
    </p>
   </div>
   <div class='ocr_carea' id='block_1_90' title="bbox 104 4445 1711 4533">
    <p class='ocr_par' dir='ltr' id='par_1_90' title="bbox 104 4458 1707 4533">
     <span class='ocr_line' id='line_1_90' title="bbox 104 4458 1707 4533; baseline 0.001 -19"><span class='ocrx_word' id='word_1_763' title='bbox 104 4466 356 4533; x_wconf 61' lang='lat' dir='ltr'><strong>alpavbv,</strong></span> <span class='ocrx_word' id='word_1_764' title='bbox 401 4460 650 4527; x_wconf 73' lang='grc' dir='ltr'>διεσάφει</span> <span class='ocrx_word' id='word_1_765' title='bbox 679 4459 855 4525; x_wconf 82' lang='grc' dir='ltr'>λέγων</span> <span class='ocrx_word' id='word_1_766' title='bbox 881 4460 939 4510; x_wconf 79' lang='grc' dir='ltr'>ὲν</span> <span class='ocrx_word' id='word_1_767' title='bbox 964 4458 1167 4528; x_wconf 82' lang='grc' dir='ltr'>ἑτέροις</span> <span class='ocrx_word' id='word_1_768' title='bbox 1193 4477 1204 4487; x_wconf 90' lang='grc'><strong>·</strong></span> <span class='ocrx_word' id='word_1_769' title='bbox 1248 4481 1265 4511; x_wconf 76' lang='grc' dir='ltr'><strong>ι</strong></span> <span class='ocrx_word' id='word_1_770' title='bbox 1288 4462 1396 4513; x_wconf 71' lang='grc' dir='ltr'><strong>Καὶ⁴</strong></span> <span class='ocrx_word' id='word_1_771' title='bbox 1417 4463 1707 4532; x_wconf 80' lang='grc' dir='ltr'>ἀναστήσω</span> 
     </span>
    </p>
   </div>
   <div class='ocr_carea' id='block_1_91' title="bbox 1816 4445 3384 4533">
    <p class='ocr_par' dir='ltr' id='par_1_91' title="bbox 1816 4445 3384 4511">
     <span class='ocr_line' id='line_1_91' title="bbox 1816 4445 3384 4511; baseline -0.01 -1"><span class='ocrx_word' id='word_1_772' title='bbox 1816 4466 1866 4511; x_wconf 89' lang='lat' dir='ltr'><strong>et</strong></span> <span class='ocrx_word' id='word_1_773' title='bbox 1908 4454 2185 4509; x_wconf 70' lang='lat' dir='ltr'><strong>aediﬁcabo</strong></span> <span class='ocrx_word' id='word_1_774' title='bbox 2215 4454 2262 4505; x_wconf 91' lang='lat' dir='ltr'><strong>ei</strong></span> <span class='ocrx_word' id='word_1_775' title='bbox 2304 4453 2518 4504; x_wconf 89' lang='lat' dir='ltr'><strong>domum</strong></span> <span class='ocrx_word' id='word_1_776' title='bbox 2571 4448 2805 4509; x_wconf 88' lang='lat' dir='ltr'><strong>fidelem,</strong></span> <span class='ocrx_word' id='word_1_777' title='bbox 2858 4456 2913 4500; x_wconf 94' lang='lat' dir='ltr'><strong>et</strong></span> <span class='ocrx_word' id='word_1_778' title='bbox 2968 4445 3216 4499; x_wconf 88' lang='lat' dir='ltr'><strong>transibit</strong></span> <span class='ocrx_word' id='word_1_779' title='bbox 3260 4454 3384 4497; x_wconf 82' lang='lat' dir='ltr'><strong>ante</strong></span> 
     </span>
    </p>
   </div>
   <div class='ocr_carea' id='block_1_92' title="bbox 104 4536 1711 4624">
    <p class='ocr_par' dir='ltr' id='par_1_92' title="bbox 104 4548 1707 4624">
     <span class='ocr_line' id='line_1_92' title="bbox 104 4548 1707 4624; baseline 0 -18"><span class='ocrx_word' id='word_1_780' title='bbox 104 4554 335 4623; x_wconf 58' lang='grc' dir='ltr'>ἐμαυτῷ</span> <span class='ocrx_word' id='word_1_781' title='bbox 397 4551 559 4621; x_wconf 75' lang='grc' dir='ltr'>ἱερέα</span> <span class='ocrx_word' id='word_1_782' title='bbox 596 4549 808 4613; x_wconf 85' lang='grc' dir='ltr'>πιστὸν,</span> <span class='ocrx_word' id='word_1_783' title='bbox 853 4548 913 4610; x_wconf 83' lang='grc' dir='ltr'>ὃς</span> <span class='ocrx_word' id='word_1_784' title='bbox 964 4550 1138 4602; x_wconf 86' lang='grc' dir='ltr'>πάντα</span> <span class='ocrx_word' id='word_1_785' title='bbox 1190 4551 1258 4603; x_wconf 83' lang='grc' dir='ltr'>τὰ</span> <span class='ocrx_word' id='word_1_786' title='bbox 1308 4552 1365 4603; x_wconf 85' lang='grc' dir='ltr'>ὲν</span> <span class='ocrx_word' id='word_1_787' title='bbox 1404 4556 1469 4622; x_wconf 80' lang='grc' dir='ltr'><strong>τῇ</strong></span> <span class='ocrx_word' id='word_1_788' title='bbox 1512 4554 1707 4624; x_wconf 74' lang='grc' dir='ltr'>καρδίᾳ</span> 
     </span>
    </p>
   </div>
   <div class='ocr_carea' id='block_1_93' title="bbox 1816 4536 3378 4624">
    <p class='ocr_par' dir='ltr' id='par_1_93' title="bbox 1816 4536 3378 4603">
     <span class='ocr_line' id='line_1_93' title="bbox 1816 4536 3378 4603; baseline -0.011 -2"><span class='ocrx_word' id='word_1_789' title='bbox 1816 4562 1899 4601; x_wconf 90' lang='lat' dir='ltr'><strong>me</strong></span> <span class='ocrx_word' id='word_1_790' title='bbox 1946 4545 2197 4599; x_wconf 86' lang='lat' dir='ltr'><strong>omnibus</strong></span> <span class='ocrx_word' id='word_1_791' title='bbox 2241 4542 2431 4596; x_wconf 85' lang='lat' dir='ltr'><strong>diebus</strong></span> <span class='ocrx_word' id='word_1_792' title='bbox 2456 4541 2520 4590; x_wconf 75' lang='grc' dir='ltr'><strong>θ’.</strong></span> <span class='ocrx_word' id='word_1_793' title='bbox 2566 4558 2583 4590; x_wconf 76' lang='grc' dir='ltr'><strong>ι</strong></span> <span class='ocrx_word' id='word_1_794' title='bbox 2617 4537 2736 4591; x_wconf 82' lang='lat' dir='ltr'><strong>Jam</strong></span> <span class='ocrx_word' id='word_1_795' title='bbox 2778 4536 2905 4590; x_wconf 90' lang='lat' dir='ltr'><strong>illud</strong></span> <span class='ocrx_word' id='word_1_796' title='bbox 2943 4551 3125 4603; x_wconf 64' lang='lat' dir='ltr'><strong>quaeso</strong></span> <span class='ocrx_word' id='word_1_797' title='bbox 3166 4550 3378 4587; x_wconf 88' lang='lat' dir='ltr'><strong>rursum</strong></span> 
     </span>
    </p>
   </div>
   <div class='ocr_carea' id='block_1_94' title="bbox 108 4624 1711 4711">
    <p class='ocr_par' dir='ltr' id='par_1_94' title="bbox 108 4639 1707 4711">
     <span class='ocr_line' id='line_1_94' title="bbox 108 4639 1707 4711; baseline -0.001 -15"><span class='ocrx_word' id='word_1_798' title='bbox 108 4663 228 4711; x_wconf 76' lang='grc' dir='ltr'>μου,</span> <span class='ocrx_word' id='word_1_799' title='bbox 256 4644 357 4696; x_wconf 74' lang='grc' dir='ltr'>καὶ</span> <span class='ocrx_word' id='word_1_800' title='bbox 391 4643 452 4693; x_wconf 79' lang='grc' dir='ltr'>ὲν</span> <span class='ocrx_word' id='word_1_801' title='bbox 487 4642 555 4708; x_wconf 86' lang='grc' dir='ltr'>τῇ</span> <span class='ocrx_word' id='word_1_802' title='bbox 605 4639 751 4708; x_wconf 79' lang='grc' dir='ltr'>ψυχῇ</span> <span class='ocrx_word' id='word_1_803' title='bbox 800 4655 900 4707; x_wconf 85' lang='grc' dir='ltr'><strong>μου</strong></span> <span class='ocrx_word' id='word_1_804' title='bbox 937 4640 1184 4708; x_wconf 82' lang='grc' dir='ltr'>ποιήσει·</span> <span class='ocrx_word' id='word_1_805' title='bbox 1235 4641 1326 4692; x_wconf 77' lang='grc' dir='ltr'>καὶ</span> <span class='ocrx_word' id='word_1_806' title='bbox 1368 4642 1707 4711; x_wconf 80' lang='grc' dir='ltr'>οἰκοδομήσω</span> 
     </span>
    </p>
   </div>
   <div class='ocr_carea' id='block_1_95' title="bbox 1816 4624 3383 4711">
    <p class='ocr_par' dir='ltr' id='par_1_95' title="bbox 1816 4624 3383 4702">
     <span class='ocr_line' id='line_1_95' title="bbox 1816 4624 3383 4702; baseline -0.008 -14"><span class='ocrx_word' id='word_1_807' title='bbox 1816 4634 2114 4697; x_wconf 79' lang='lat' dir='ltr'><strong>considera,</strong></span> <span class='ocrx_word' id='word_1_808' title='bbox 2152 4633 2291 4702; x_wconf 84' lang='lat' dir='ltr'><strong>quod</strong></span> <span class='ocrx_word' id='word_1_809' title='bbox 2341 4646 2460 4682; x_wconf 87' lang='lat' dir='ltr'><strong>cum</strong></span> <span class='ocrx_word' id='word_1_810' title='bbox 2494 4628 2620 4681; x_wconf 89' lang='lat' dir='ltr'><strong>alibi</strong></span> <span class='ocrx_word' id='word_1_811' title='bbox 2656 4628 2882 4681; x_wconf 81' lang='lat' dir='ltr'><strong>dixisset</strong></span> <span class='ocrx_word' id='word_1_812' title='bbox 2913 4644 2926 4679; x_wconf 93' lang='lat'>:</span> <span class='ocrx_word' id='word_1_813' title='bbox 2963 4643 2981 4675; x_wconf 84' lang='lat'><strong>(</strong></span> <span class='ocrx_word' id='word_1_814' title='bbox 3014 4625 3112 4679; x_wconf 85' lang='lat' dir='ltr'><strong>Hic</strong></span> <span class='ocrx_word' id='word_1_815' title='bbox 3151 4624 3383 4679; x_wconf 69' lang='lat' dir='ltr'><strong>aediﬁca-</strong></span> 
     </span>
    </p>
   </div>
   <div class='ocr_carea' id='block_1_96' title="bbox 105 4718 1711 4803">
    <p class='ocr_par' dir='ltr' id='par_1_96' title="bbox 105 4728 1708 4803">
     <span class='ocr_line' id='line_1_96' title="bbox 105 4728 1708 4803; baseline 0.001 -19"><span class='ocrx_word' id='word_1_816' title='bbox 105 4734 252 4803; x_wconf 66' lang='grc' dir='ltr'>αὐτῷ</span> <span class='ocrx_word' id='word_1_817' title='bbox 302 4728 463 4786; x_wconf 83' lang='grc' dir='ltr'>οἶκον</span> <span class='ocrx_word' id='word_1_818' title='bbox 518 4729 710 4782; x_wconf 76' lang='grc' dir='ltr'>πιστόν</span> <span class='ocrx_word' id='word_1_819' title='bbox 739 4745 751 4757; x_wconf 85' lang='grc'><em>’</em></span> <span class='ocrx_word' id='word_1_820' title='bbox 806 4729 903 4781; x_wconf 72' lang='grc' dir='ltr'>καὶ</span> <span class='ocrx_word' id='word_1_821' title='bbox 951 4730 1285 4783; x_wconf 81' lang='grc' dir='ltr'>διελεύσεται</span> <span class='ocrx_word' id='word_1_822' title='bbox 1330 4730 1558 4784; x_wconf 78' lang='grc' dir='ltr'>ἐνώπιόν</span> <span class='ocrx_word' id='word_1_823' title='bbox 1609 4750 1708 4801; x_wconf 88' lang='grc' dir='ltr'><strong>μου</strong></span> 
     </span>
    </p>
   </div>
   <div class='ocr_carea' id='block_1_97' title="bbox 1816 4718 3378 4803">
    <p class='ocr_par' dir='ltr' id='par_1_97' title="bbox 1816 4718 3378 4784">
     <span class='ocr_line' id='line_1_97' title="bbox 1816 4718 3378 4784; baseline -0.008 -3"><span class='ocrx_word' id='word_1_824' title='bbox 1816 4728 1889 4781; x_wconf 87' lang='lat' dir='ltr'><strong>bit</strong></span> <span class='ocrx_word' id='word_1_825' title='bbox 1927 4728 2140 4779; x_wconf 88' lang='lat' dir='ltr'><strong>domum</strong></span> <span class='ocrx_word' id='word_1_826' title='bbox 2199 4723 2400 4776; x_wconf 88' lang='lat' dir='ltr'><strong>nomini</strong></span> <span class='ocrx_word' id='word_1_827' title='bbox 2461 4736 2580 4774; x_wconf 87' lang='lat' dir='ltr'><strong>meo</strong></span> <span class='ocrx_word' id='word_1_828' title='bbox 2604 4720 2669 4784; x_wconf 81' lang='grc'><strong>⁸⁸,</strong></span> <span class='ocrx_word' id='word_1_829' title='bbox 2702 4738 2720 4770; x_wconf 74' lang='grc' dir='ltr'><strong>ι</strong></span> <span class='ocrx_word' id='word_1_830' title='bbox 2769 4718 2904 4771; x_wconf 85' lang='lat' dir='ltr'><strong>Filio</strong></span> <span class='ocrx_word' id='word_1_831' title='bbox 2949 4729 3124 4771; x_wconf 87' lang='lat' dir='ltr'><strong>tamen</strong></span> <span class='ocrx_word' id='word_1_832' title='bbox 3162 4718 3378 4770; x_wconf 85' lang='lat' dir='ltr'><strong>domum</strong></span> 
     </span>
    </p>
   </div>
   <div class='ocr_carea' id='block_1_98' title="bbox 107 4809 1711 4890">
    <p class='ocr_par' dir='ltr' id='par_1_98' title="bbox 107 4818 1710 4890">
     <span class='ocr_line' id='line_1_98' title="bbox 107 4818 1710 4890; baseline 0 -15"><span class='ocrx_word' id='word_1_833' title='bbox 107 4828 284 4887; x_wconf 67' lang='grc' dir='ltr'>πάσας</span> <span class='ocrx_word' id='word_1_834' title='bbox 331 4822 440 4884; x_wconf 75' lang='grc' dir='ltr'><strong>τὰς</strong></span> <span class='ocrx_word' id='word_1_835' title='bbox 497 4820 776 4890; x_wconf 75' lang='grc' dir='ltr'>ἡμέρας.»</span> <span class='ocrx_word' id='word_1_836' title='bbox 821 4818 1010 4889; x_wconf 82' lang='grc' dir='ltr'>Ἀθρει</span> <span class='ocrx_word' id='word_1_837' title='bbox 1050 4822 1110 4890; x_wconf 86' lang='grc' dir='ltr'><strong>δή</strong></span> <span class='ocrx_word' id='word_1_838' title='bbox 1165 4838 1254 4890; x_wconf 90' lang='grc' dir='ltr'><strong>μοι</strong></span> <span class='ocrx_word' id='word_1_839' title='bbox 1313 4821 1497 4884; x_wconf 86' lang='grc' dir='ltr'>πάλιν,</span> <span class='ocrx_word' id='word_1_840' title='bbox 1532 4821 1604 4885; x_wconf 86' lang='grc' dir='ltr'>ὠς</span> <span class='ocrx_word' id='word_1_841' title='bbox 1654 4824 1710 4875; x_wconf 79' lang='grc' dir='ltr'>ὲν</span> 
     </span>
    </p>
   </div>
   <div class='ocr_carea' id='block_1_99' title="bbox 1816 4809 3377 4890">
    <p class='ocr_par' dir='ltr' id='par_1_99' title="bbox 1816 4809 3377 4880">
     <span class='ocr_line' id='line_1_99' title="bbox 1816 4809 3377 4880; baseline -0.006 -10"><span class='ocrx_word' id='word_1_842' title='bbox 1816 4826 2122 4870; x_wconf 83' lang='lat' dir='ltr'><strong>erecturum</strong></span> <span class='ocrx_word' id='word_1_843' title='bbox 2157 4831 2213 4869; x_wconf 90' lang='lat' dir='ltr'><strong>se</strong></span> <span class='ocrx_word' id='word_1_844' title='bbox 2236 4814 2394 4866; x_wconf 72' lang='lat' dir='ltr'><strong>Pater</strong></span> <span class='ocrx_word' id='word_1_845' title='bbox 2422 4811 2705 4880; x_wconf 85' lang='lat' dir='ltr'><strong>pollicetur</strong></span> <span class='ocrx_word' id='word_1_846' title='bbox 2736 4826 2749 4863; x_wconf 91' lang='lat'><strong>:</strong></span> <span class='ocrx_word' id='word_1_847' title='bbox 2782 4810 2924 4878; x_wconf 91' lang='lat' dir='ltr'><strong>quod</strong></span> <span class='ocrx_word' id='word_1_848' title='bbox 2962 4824 3080 4863; x_wconf 94' lang='lat' dir='ltr'><strong>cum</strong></span> <span class='ocrx_word' id='word_1_849' title='bbox 3116 4809 3377 4876; x_wconf 79' lang='lat' dir='ltr'><strong>intellige-</strong></span> 
     </span>
    </p>
   </div>
   <div class='ocr_carea' id='block_1_100' title="bbox 111 4896 1711 4982">
    <p class='ocr_par' dir='ltr' id='par_1_100' title="bbox 111 4904 1711 4982">
     <span class='ocr_line' id='line_1_100' title="bbox 111 4904 1711 4982; baseline -0.003 -16"><span class='ocrx_word' id='word_1_850' title='bbox 111 4917 315 4982; x_wconf 75' lang='grc' dir='ltr'>ἑτέροις</span> <span class='ocrx_word' id='word_1_851' title='bbox 354 4910 559 4971; x_wconf 72' lang='grc' dir='ltr'>εἰπὼν,</span> <span class='ocrx_word' id='word_1_852' title='bbox 601 4928 619 4959; x_wconf 77' lang='grc' dir='ltr'><strong>ι</strong></span> <span class='ocrx_word' id='word_1_853' title='bbox 651 4904 821 4971; x_wconf 71' lang='grc' dir='ltr'>Οὗτος</span> <span class='ocrx_word' id='word_1_854' title='bbox 855 4910 1197 4980; x_wconf 82' lang='grc' dir='ltr'>οἰκοδομήσει</span> <span class='ocrx_word' id='word_1_855' title='bbox 1232 4907 1379 4963; x_wconf 78' lang='grc' dir='ltr'>οἷκον</span> <span class='ocrx_word' id='word_1_856' title='bbox 1396 4912 1472 4981; x_wconf 83' lang='grc' dir='ltr'>τῷ</span> <span class='ocrx_word' id='word_1_857' title='bbox 1488 4911 1711 4980; x_wconf 78' lang='grc' dir='ltr'>ὀνόματι</span> 
     </span>
    </p>
   </div>
   <div class='ocr_carea' id='block_1_101' title="bbox 1816 4896 3381 4982">
    <p class='ocr_par' dir='ltr' id='par_1_101' title="bbox 1816 4896 3381 4966">
     <span class='ocr_line' id='line_1_101' title="bbox 1816 4896 3381 4966; baseline -0.008 -5"><span class='ocrx_word' id='word_1_858' title='bbox 1816 4916 1897 4961; x_wconf 89' lang='lat' dir='ltr'><strong>ret</strong></span> <span class='ocrx_word' id='word_1_859' title='bbox 1940 4908 2128 4960; x_wconf 87' lang='lat' dir='ltr'><strong>beatus</strong></span> <span class='ocrx_word' id='word_1_860' title='bbox 2162 4904 2358 4957; x_wconf 84' lang='lat' dir='ltr'><strong>Paulus</strong></span> <span class='ocrx_word' id='word_1_861' title='bbox 2381 4901 2450 4963; x_wconf 73' lang='grc'><strong>⁸⁷⁵,</strong></span> <span class='ocrx_word' id='word_1_862' title='bbox 2487 4900 2665 4953; x_wconf 84' lang='lat' dir='ltr'><strong>Mosen</strong></span> <span class='ocrx_word' id='word_1_863' title='bbox 2715 4899 2930 4966; x_wconf 89' lang='lat' dir='ltr'><strong>quidem</strong></span> <span class='ocrx_word' id='word_1_864' title='bbox 2967 4897 3174 4949; x_wconf 81' lang='lat' dir='ltr'><strong>fidelem</strong></span> <span class='ocrx_word' id='word_1_865' title='bbox 3217 4896 3381 4950; x_wconf 91' lang='lat' dir='ltr'><strong>fuisse</strong></span> 
     </span>
    </p>
   </div>
   <div class='ocr_carea' id='block_1_102' title="bbox 115 4987 1711 5069">
    <p class='ocr_par' dir='ltr' id='par_1_102' title="bbox 115 4992 1711 5069">
     <span class='ocr_line' id='line_1_102' title="bbox 115 4992 1711 5069; baseline -0.003 -14"><span class='ocrx_word' id='word_1_866' title='bbox 115 5021 231 5069; x_wconf 76' lang='grc' dir='ltr'>μου,</span> <span class='ocrx_word' id='word_1_867' title='bbox 265 5022 284 5053; x_wconf 71' lang='grc' dir='ltr'>δ</span> <span class='ocrx_word' id='word_1_868' title='bbox 324 5000 413 5069; x_wconf 84' lang='grc' dir='ltr'>τῷ</span> <span class='ocrx_word' id='word_1_869' title='bbox 453 4998 573 5066; x_wconf 80' lang='grc' dir='ltr'><strong>Υἱῷ</strong></span> <span class='ocrx_word' id='word_1_870' title='bbox 604 4997 697 5050; x_wconf 86' lang='grc' dir='ltr'>τὸν</span> <span class='ocrx_word' id='word_1_871' title='bbox 729 4992 878 5049; x_wconf 80' lang='grc' dir='ltr'>οἷκον</span> <span class='ocrx_word' id='word_1_872' title='bbox 910 4998 1150 5067; x_wconf 72' lang='grc' dir='ltr'>ἐγείρειν</span> <span class='ocrx_word' id='word_1_873' title='bbox 1173 5000 1200 5050; x_wconf 86' lang='grc' dir='ltr'>ὁ</span> <span class='ocrx_word' id='word_1_874' title='bbox 1230 5000 1419 5069; x_wconf 79' lang='grc' dir='ltr'>Πατήρ</span> <span class='ocrx_word' id='word_1_875' title='bbox 1446 4999 1711 5067; x_wconf 75' lang='grc' dir='ltr'>ἐπαγγέλ-</span> 
     </span>
    </p>
   </div>
   <div class='ocr_carea' id='block_1_103' title="bbox 1816 4987 3382 5069">
    <p class='ocr_par' dir='ltr' id='par_1_103' title="bbox 1816 4987 3382 5057">
     <span class='ocr_line' id='line_1_103' title="bbox 1816 4987 3382 5057; baseline -0.008 -5"><span class='ocrx_word' id='word_1_876' title='bbox 1816 5000 1944 5054; x_wconf 92' lang='lat' dir='ltr'><strong>dicit</strong></span> <span class='ocrx_word' id='word_1_877' title='bbox 1987 4999 2039 5052; x_wconf 93' lang='lat' dir='ltr'><strong>in</strong></span> <span class='ocrx_word' id='word_1_878' title='bbox 2072 5006 2181 5051; x_wconf 87' lang='lat' dir='ltr'><strong>tota</strong></span> <span class='ocrx_word' id='word_1_879' title='bbox 2217 5001 2375 5049; x_wconf 91' lang='lat' dir='ltr'><strong>domo</strong></span> <span class='ocrx_word' id='word_1_880' title='bbox 2410 5007 2549 5054; x_wconf 89' lang='lat' dir='ltr'><strong>mea,</strong></span> <span class='ocrx_word' id='word_1_881' title='bbox 2588 4990 2729 5057; x_wconf 87' lang='lat' dir='ltr'><strong>quod</strong></span> <span class='ocrx_word' id='word_1_882' title='bbox 2778 4987 3096 5042; x_wconf 85' lang='lat' dir='ltr'><strong>famulorqu</strong></span> <span class='ocrx_word' id='word_1_883' title='bbox 3138 4988 3382 5040; x_wconf 90' lang='lat' dir='ltr'><strong>ordinem</strong></span> 
     </span>
    </p>
   </div>
   <div class='ocr_carea' id='block_1_104' title="bbox 106 5076 1711 5153">
    <p class='ocr_par' dir='ltr' id='par_1_104' title="bbox 106 5087 1705 5153">
     <span class='ocr_line' id='line_1_104' title="bbox 106 5087 1705 5153; baseline 0 -10"><span class='ocrx_word' id='word_1_884' title='bbox 106 5094 272 5146; x_wconf 71' lang='grc' dir='ltr'>λεται.</span> <span class='ocrx_word' id='word_1_885' title='bbox 306 5093 426 5146; x_wconf 66' lang='grc' dir='ltr'><strong>Καὶ</strong></span> <span class='ocrx_word' id='word_1_886' title='bbox 457 5088 623 5141; x_wconf 80' lang='grc' dir='ltr'>τοῦτο</span> <span class='ocrx_word' id='word_1_887' title='bbox 659 5088 839 5151; x_wconf 78' lang='grc' dir='ltr'>συνεὶς</span> <span class='ocrx_word' id='word_1_888' title='bbox 859 5090 887 5141; x_wconf 86' lang='grc' dir='ltr'>ὁ</span> <span class='ocrx_word' id='word_1_889' title='bbox 918 5087 1202 5152; x_wconf 82' lang='grc' dir='ltr'>θεσπέσιος</span> <span class='ocrx_word' id='word_1_890' title='bbox 1228 5090 1459 5153; x_wconf 81' lang='grc' dir='ltr'>Παῦλος,</span> <span class='ocrx_word' id='word_1_891' title='bbox 1503 5093 1705 5146; x_wconf 85' lang='grc' dir='ltr'>Μωσέα</span> 
     </span>
    </p>
   </div>
   <div class='ocr_carea' id='block_1_105' title="bbox 1816 5076 3379 5153">
    <p class='ocr_par' dir='ltr' id='par_1_105' title="bbox 1816 5076 3379 5148">
     <span class='ocr_line' id='line_1_105' title="bbox 1816 5076 3379 5148; baseline -0.011 -5"><span class='ocrx_word' id='word_1_892' title='bbox 1816 5106 1875 5145; x_wconf 88' lang='lat' dir='ltr'><strong>ac</strong></span> <span class='ocrx_word' id='word_1_893' title='bbox 1920 5102 2229 5143; x_wconf 88' lang='lat' dir='ltr'><strong>mensuram</strong></span> <span class='ocrx_word' id='word_1_894' title='bbox 2283 5094 2521 5148; x_wconf 88' lang='lat' dir='ltr'><strong>teneret;</strong></span> <span class='ocrx_word' id='word_1_895' title='bbox 2575 5082 2848 5135; x_wconf 86' lang='lat' dir='ltr'><strong>Christum</strong></span> <span class='ocrx_word' id='word_1_896' title='bbox 2899 5092 3029 5132; x_wconf 86' lang='lat' dir='ltr'><strong>vero</strong></span> <span class='ocrx_word' id='word_1_897' title='bbox 3080 5088 3140 5130; x_wconf 91' lang='lat' dir='ltr'><strong>ut</strong></span> <span class='ocrx_word' id='word_1_898' title='bbox 3189 5076 3379 5129; x_wconf 88' lang='lat' dir='ltr'><strong>Filium</strong></span> 
     </span>
    </p>
   </div>
   <div class='ocr_carea' id='block_1_106' title="bbox 115 5179 1725 5251">
    <p class='ocr_par' dir='ltr' id='par_1_106' title="bbox 115 5179 1725 5251">
     <span class='ocr_line' id='line_1_106' title="bbox 115 5179 1725 5251; baseline -0.001 -17"><span class='ocrx_word' id='word_1_899' title='bbox 115 5186 207 5249; x_wconf 77' lang='grc' dir='ltr'>μὲν</span> <span class='ocrx_word' id='word_1_900' title='bbox 248 5184 354 5251; x_wconf 67' lang='grc' dir='ltr'>ἔφη</span> <span class='ocrx_word' id='word_1_901' title='bbox 397 5179 597 5232; x_wconf 82' lang='grc' dir='ltr'>πιστὸν</span> <span class='ocrx_word' id='word_1_902' title='bbox 642 5180 699 5231; x_wconf 81' lang='grc' dir='ltr'>ὲν</span> <span class='ocrx_word' id='word_1_903' title='bbox 733 5179 841 5247; x_wconf 83' lang='grc' dir='ltr'><strong>ὅλῳ</strong></span> <span class='ocrx_word' id='word_1_904' title='bbox 884 5180 1137 5246; x_wconf 76' lang='grc' dir='ltr'>γενέσθαι</span> <span class='ocrx_word' id='word_1_905' title='bbox 1181 5180 1261 5249; x_wconf 86' lang='grc' dir='ltr'>τῷ</span> <span class='ocrx_word' id='word_1_906' title='bbox 1318 5181 1451 5250; x_wconf 83' lang='grc' dir='ltr'>οἴκῳ</span> <span class='ocrx_word' id='word_1_907' title='bbox 1488 5199 1609 5251; x_wconf 85' lang='grc' dir='ltr'>μου,</span> <span class='ocrx_word' id='word_1_908' title='bbox 1648 5183 1725 5233; x_wconf 82' lang='grc' dir='ltr'>τὸ,</span> 
     </span>
    </p>
   </div>
   <div class='ocr_carea' id='block_1_107' title="bbox 113 5271 1707 5343">
    <p class='ocr_par' dir='ltr' id='par_1_107' title="bbox 113 5271 1707 5343">
     <span class='ocr_line' id='line_1_107' title="bbox 113 5271 1707 5343; baseline 0.001 -20"><span class='ocrx_word' id='word_1_909' title='bbox 113 5275 377 5326; x_wconf 68' lang='grc' dir='ltr'>οἰκετικὸν</span> <span class='ocrx_word' id='word_1_910' title='bbox 421 5272 619 5340; x_wconf 81' lang='grc' dir='ltr'>ἔχοντα</span> <span class='ocrx_word' id='word_1_911' title='bbox 656 5271 873 5339; x_wconf 81' lang='grc' dir='ltr'>μέτρον,</span> <span class='ocrx_word' id='word_1_912' title='bbox 925 5272 1158 5339; x_wconf 82' lang='grc' dir='ltr'>Χριστόν</span> <span class='ocrx_word' id='word_1_913' title='bbox 1203 5290 1266 5336; x_wconf 90' lang='grc' dir='ltr'><strong>γε</strong></span> <span class='ocrx_word' id='word_1_914' title='bbox 1312 5273 1415 5343; x_wconf 83' lang='grc' dir='ltr'>μὴν</span> <span class='ocrx_word' id='word_1_915' title='bbox 1465 5275 1538 5336; x_wconf 87' lang='grc' dir='ltr'>ὼς</span> <span class='ocrx_word' id='word_1_916' title='bbox 1582 5275 1707 5326; x_wconf 78' lang='grc' dir='ltr'>Υἱὸν</span> 
     </span>
    </p>
   </div>
   <div class='ocr_carea' id='block_1_108' title="bbox 117 5356 1709 5433">
    <p class='ocr_par' dir='ltr' id='par_1_108' title="bbox 117 5356 1709 5433">
     <span class='ocr_line' id='line_1_108' title="bbox 117 5356 1709 5433; baseline 0.001 -19"><span class='ocrx_word' id='word_1_917' title='bbox 117 5367 201 5414; x_wconf 67' lang='grc' dir='ltr'><strong>ἐπὶ</strong></span> <span class='ocrx_word' id='word_1_918' title='bbox 230 5367 318 5415; x_wconf 79' lang='grc' dir='ltr'>τὸν</span> <span class='ocrx_word' id='word_1_919' title='bbox 372 5360 531 5415; x_wconf 77' lang='grc' dir='ltr'>οἷκον</span> <span class='ocrx_word' id='word_1_920' title='bbox 578 5361 767 5421; x_wconf 69' lang='grc' dir='ltr'>αὑτοῦ,</span> <span class='ocrx_word' id='word_1_921' title='bbox 806 5357 867 5413; x_wconf 73' lang='grc' dir='ltr'><strong>οὗ</strong></span> <span class='ocrx_word' id='word_1_922' title='bbox 905 5356 1049 5424; x_wconf 75' lang='grc' dir='ltr'>οἶκος</span> <span class='ocrx_word' id='word_1_923' title='bbox 1080 5363 1244 5432; x_wconf 81' lang='grc' dir='ltr'>ἐσμὲν</span> <span class='ocrx_word' id='word_1_924' title='bbox 1284 5366 1459 5433; x_wconf 75' lang='grc' dir='ltr'>ἡμεῖς.</span> <span class='ocrx_word' id='word_1_925' title='bbox 1498 5366 1537 5415; x_wconf 84' lang='grc' dir='ltr'><strong>Τ</strong></span> <span class='ocrx_word' id='word_1_926' title='bbox 1546 5366 1709 5433; x_wconf 82' lang='grc' dir='ltr'>ρὸπος</span> 
     </span>
    </p>
   </div>
   <div class='ocr_carea' id='block_1_109' title="bbox 119 5450 1705 5525">
    <p class='ocr_par' dir='ltr' id='par_1_109' title="bbox 119 5450 1705 5525">
     <span class='ocr_line' id='line_1_109' title="bbox 119 5450 1705 5525; baseline 0.001 -20"><span class='ocrx_word' id='word_1_927' title='bbox 119 5456 171 5507; x_wconf 68' lang='grc' dir='ltr'>δὲ</span> <span class='ocrx_word' id='word_1_928' title='bbox 211 5456 308 5525; x_wconf 75' lang='grc' dir='ltr'>τῆς</span> <span class='ocrx_word' id='word_1_929' title='bbox 358 5454 682 5524; x_wconf 78' lang='grc' dir='ltr'>ἱερουργίας</span> <span class='ocrx_word' id='word_1_930' title='bbox 732 5452 903 5520; x_wconf 60' lang='grc' dir='ltr'>αὐτῷ,</span> <span class='ocrx_word' id='word_1_931' title='bbox 948 5452 1017 5504; x_wconf 78' lang='grc' dir='ltr'>τὰ</span> <span class='ocrx_word' id='word_1_932' title='bbox 1062 5454 1183 5507; x_wconf 86' lang='grc' dir='ltr'>καθ’</span> <span class='ocrx_word' id='word_1_933' title='bbox 1207 5456 1379 5524; x_wconf 79' lang='grc' dir='ltr'>ἡμᾶς’</span> <span class='ocrx_word' id='word_1_934' title='bbox 1434 5456 1528 5524; x_wconf 74' lang='grc' dir='ltr'><strong>οὐχ</strong></span> <span class='ocrx_word' id='word_1_935' title='bbox 1568 5450 1705 5523; x_wconf 70' lang='grc' dir='ltr'>αἷμα</span> 
     </span>
    </p>
   </div>
   <div class='ocr_carea' id='block_1_110' title="bbox 188 5638 700 5701">
    <p class='ocr_par' dir='ltr' id='par_1_110' title="bbox 188 5638 700 5701">
     <span class='ocr_line' id='line_1_110' title="bbox 188 5638 700 5701; baseline 0 -10"><span class='ocrx_word' id='word_1_936' title='bbox 188 5638 228 5667; x_wconf 76' lang='grc'><strong>⁷⁷</strong></span> <span class='ocrx_word' id='word_1_937' title='bbox 261 5638 465 5692; x_wconf 80' lang='lat' dir='ltr'><strong>Jerem.</strong></span> <span class='ocrx_word' id='word_1_938' title='bbox 500 5654 582 5701; x_wconf 85' lang='lat' dir='ltr'><strong>Ill,</strong></span> <span class='ocrx_word' id='word_1_939' title='bbox 608 5639 700 5691; x_wconf 68' lang='lat'><strong>2‘2.</strong></span> 
     </span>
    </p>
   </div>
   <div class='ocr_carea' id='block_1_111' title="bbox 144 5704 1338 5776">
    <p class='ocr_par' dir='ltr' id='par_1_111' title="bbox 144 5704 1338 5776">
     <span class='ocr_line' id='line_1_111' title="bbox 144 5704 1338 5776; baseline -0.003 -16"><span class='ocrx_word' id='word_1_940' title='bbox 144 5708 193 5760; x_wconf 66' lang='grc' dir='ltr'><strong>ὃ.</strong></span> <span class='ocrx_word' id='word_1_941' title='bbox 268 5710 309 5740; x_wconf 84' lang='grc'><strong>³³</strong></span> <span class='ocrx_word' id='word_1_942' title='bbox 347 5709 363 5763; x_wconf 94' lang='lat' dir='ltr'><strong>I</strong></span> <span class='ocrx_word' id='word_1_943' title='bbox 406 5708 540 5776; x_wconf 74' lang='lat' dir='ltr'><strong>Heg.</strong></span> <span class='ocrx_word' id='word_1_944' title='bbox 574 5724 634 5773; x_wconf 88' lang='lat' dir='ltr'><strong>ll,</strong></span> <span class='ocrx_word' id='word_1_945' title='bbox 662 5708 751 5764; x_wconf 76' lang='grc'><strong>35.</strong></span> <span class='ocrx_word' id='word_1_946' title='bbox 868 5704 989 5757; x_wconf 82' lang='grc'><strong>⁸³11</strong></span> <span class='ocrx_word' id='word_1_947' title='bbox 1026 5704 1338 5769; x_wconf 73' lang='lat' dir='ltr'><strong>ch.t,15.</strong></span> 
     </span>
    </p>
   </div>
   <div class='ocr_carea' id='block_1_112' title="bbox 781 5631 1731 5697">
    <p class='ocr_par' dir='ltr' id='par_1_112' title="bbox 781 5631 1731 5697">
     <span class='ocr_line' id='line_1_112' title="bbox 781 5631 1731 5697; baseline -0.009 -7"><span class='ocrx_word' id='word_1_948' title='bbox 781 5638 825 5671; x_wconf 80' lang='grc'><strong>⁷⁸</strong></span> <span class='ocrx_word' id='word_1_949' title='bbox 854 5635 957 5689; x_wconf 87' lang='lat' dir='ltr'><strong>lsa.</strong></span> <span class='ocrx_word' id='word_1_950' title='bbox 992 5651 1109 5697; x_wconf 69' lang='lat' dir='ltr'><strong>xw,</strong></span> <span class='ocrx_word' id='word_1_951' title='bbox 1146 5635 1229 5687; x_wconf 78' lang='grc' dir='ltr'><strong>Η.</strong></span> <span class='ocrx_word' id='word_1_952' title='bbox 1310 5633 1353 5663; x_wconf 74' lang='grc'><strong>⁷⁸</strong></span> <span class='ocrx_word' id='word_1_953' title='bbox 1385 5632 1535 5687; x_wconf 86' lang='lat' dir='ltr'><strong>Joan.</strong></span> <span class='ocrx_word' id='word_1_954' title='bbox 1565 5649 1616 5689; x_wconf 71' lang='grc'>1,</span> <span class='ocrx_word' id='word_1_955' title='bbox 1651 5631 1731 5682; x_wconf 80' lang='grc' dir='ltr'><strong>Η.</strong></span> 
     </span>
    </p>
   </div>
   <div class='ocr_carea' id='block_1_113' title="bbox 1415 5700 1839 5757">
    <p class='ocr_par' dir='ltr' id='par_1_113' title="bbox 1415 5700 1839 5757">
     <span class='ocr_line' id='line_1_113' title="bbox 1415 5700 1839 5757; baseline -0.009 0"><span class='ocrx_word' id='word_1_956' title='bbox 1415 5703 1455 5733; x_wconf 70' lang='grc'><strong>⁸³</strong></span> <span class='ocrx_word' id='word_1_957' title='bbox 1491 5702 1653 5756; x_wconf 74' lang='lat' dir='ltr'><strong>Hebr.</strong></span> <span class='ocrx_word' id='word_1_958' title='bbox 1685 5700 1839 5757; x_wconf 65' lang='lat'><strong>“1.2.</strong></span> 
     </span>
    </p>
   </div>
   <div class='ocr_carea' id='block_1_114' title="bbox 1812 5166 3374 5250">
    <p class='ocr_par' dir='ltr' id='par_1_114' title="bbox 1812 5166 3374 5250">
     <span class='ocr_line' id='line_1_114' title="bbox 1812 5166 3374 5250; baseline -0.014 -14"><span class='ocrx_word' id='word_1_959' title='bbox 1812 5196 1974 5250; x_wconf 89' lang='lat' dir='ltr'><strong>super</strong></span> <span class='ocrx_word' id='word_1_960' title='bbox 2002 5180 2214 5233; x_wconf 92' lang='lat' dir='ltr'><strong>domum</strong></span> <span class='ocrx_word' id='word_1_961' title='bbox 2242 5176 2383 5244; x_wconf 90' lang='lat' dir='ltr'><strong>ejus,</strong></span> <span class='ocrx_word' id='word_1_962' title='bbox 2416 5176 2569 5243; x_wconf 88' lang='lat' dir='ltr'><strong>cujus</strong></span> <span class='ocrx_word' id='word_1_963' title='bbox 2598 5174 2789 5226; x_wconf 89' lang='lat' dir='ltr'><strong>domus</strong></span> <span class='ocrx_word' id='word_1_964' title='bbox 2816 5183 3001 5224; x_wconf 87' lang='lat' dir='ltr'><strong>sumus</strong></span> <span class='ocrx_word' id='word_1_965' title='bbox 3032 5182 3147 5221; x_wconf 89' lang='lat' dir='ltr'><strong>nos.</strong></span> <span class='ocrx_word' id='word_1_966' title='bbox 3187 5166 3374 5219; x_wconf 78' lang='lat' dir='ltr'><strong>Forma</strong></span> 
     </span>
    </p>
   </div>
   <div class='ocr_carea' id='block_1_115' title="bbox 1812 5258 3380 5337">
    <p class='ocr_par' dir='ltr' id='par_1_115' title="bbox 1812 5258 3380 5337">
     <span class='ocr_line' id='line_1_115' title="bbox 1812 5258 3380 5337; baseline -0.011 -14"><span class='ocrx_word' id='word_1_967' title='bbox 1812 5280 1989 5323; x_wconf 87' lang='lat' dir='ltr'><strong>autem</strong></span> <span class='ocrx_word' id='word_1_968' title='bbox 2022 5270 2138 5337; x_wconf 82' lang='lat' dir='ltr'><strong>ejus</strong></span> <span class='ocrx_word' id='word_1_969' title='bbox 2177 5266 2423 5321; x_wconf 81' lang='lat' dir='ltr'><strong>sacrificii</strong></span> <span class='ocrx_word' id='word_1_970' title='bbox 2474 5280 2559 5317; x_wconf 88' lang='lat' dir='ltr'><strong>res</strong></span> <span class='ocrx_word' id='word_1_971' title='bbox 2595 5273 2791 5316; x_wconf 65' lang='lat' dir='ltr'><strong>nostra:</strong></span> <span class='ocrx_word' id='word_1_972' title='bbox 2836 5269 2979 5323; x_wconf 88' lang='lat' dir='ltr'><strong>sunt,</strong></span> <span class='ocrx_word' id='word_1_973' title='bbox 3015 5272 3116 5310; x_wconf 91' lang='lat' dir='ltr'><strong>non</strong></span> <span class='ocrx_word' id='word_1_974' title='bbox 3164 5258 3380 5322; x_wconf 78' lang='lat' dir='ltr'><strong>sanguis</strong></span> 
     </span>
    </p>
   </div>
   <div class='ocr_carea' id='block_1_116' title="bbox 1814 5346 3376 5417">
    <p class='ocr_par' dir='ltr' id='par_1_116' title="bbox 1814 5346 3376 5417">
     <span class='ocr_line' id='line_1_116' title="bbox 1814 5346 3376 5417; baseline -0.01 -6"><span class='ocrx_word' id='word_1_975' title='bbox 1814 5371 2087 5413; x_wconf 84' lang='lat' dir='ltr'><strong>taurorum</strong></span> <span class='ocrx_word' id='word_1_976' title='bbox 2126 5368 2179 5411; x_wconf 93' lang='lat' dir='ltr'><strong>et</strong></span> <span class='ocrx_word' id='word_1_977' title='bbox 2208 5355 2519 5417; x_wconf 83' lang='lat' dir='ltr'><strong>vitulorum,</strong></span> <span class='ocrx_word' id='word_1_978' title='bbox 2553 5352 2643 5406; x_wconf 85' lang='lat' dir='ltr'><strong>scd</strong></span> <span class='ocrx_word' id='word_1_979' title='bbox 2671 5350 2908 5403; x_wconf 87' lang='lat' dir='ltr'><strong>omnium</strong></span> <span class='ocrx_word' id='word_1_980' title='bbox 2949 5349 3224 5401; x_wconf 86' lang='lat' dir='ltr'><strong>hominum</strong></span> <span class='ocrx_word' id='word_1_981' title='bbox 3258 5346 3376 5398; x_wconf 79' lang='lat' dir='ltr'><strong>fidei</strong></span> 
     </span>
    </p>
   </div>
   <div class='ocr_carea' id='block_1_117' title="bbox 1813 5438 3378 5515">
    <p class='ocr_par' dir='ltr' id='par_1_117' title="bbox 1813 5438 3378 5515">
     <span class='ocr_line' id='line_1_117' title="bbox 1813 5438 3378 5515; baseline -0.01 -10"><span class='ocrx_word' id='word_1_982' title='bbox 1813 5451 2081 5505; x_wconf 83' lang='lat' dir='ltr'><strong>confessio</strong></span> <span class='ocrx_word' id='word_1_983' title='bbox 2117 5467 2127 5499; x_wconf 91' lang='lat'>:</span> <span class='ocrx_word' id='word_1_984' title='bbox 2169 5449 2326 5515; x_wconf 89' lang='lat' dir='ltr'><strong>idque</strong></span> <span class='ocrx_word' id='word_1_985' title='bbox 2362 5446 2643 5500; x_wconf 81' lang='lat' dir='ltr'><strong>confirmat</strong></span> <span class='ocrx_word' id='word_1_986' title='bbox 2675 5442 2864 5495; x_wconf 86' lang='lat' dir='ltr'><strong>beatus</strong></span> <span class='ocrx_word' id='word_1_987' title='bbox 2906 5438 3102 5491; x_wconf 81' lang='lat' dir='ltr'><strong>Paulus</strong></span> <span class='ocrx_word' id='word_1_988' title='bbox 3146 5438 3270 5491; x_wconf 87' lang='lat' dir='ltr'><strong>item</strong></span> <span class='ocrx_word' id='word_1_989' title='bbox 3304 5440 3378 5509; x_wconf 79' lang='lat' dir='ltr'><strong>sic</strong></span> 
     </span>
    </p>
   </div>
   <div class='ocr_carea' id='block_1_118' title="bbox 1829 5618 3375 5698">
    <p class='ocr_par' dir='ltr' id='par_1_118' title="bbox 1829 5618 3375 5698">
     <span class='ocr_line' id='line_1_118' title="bbox 1829 5618 3375 5698; baseline -0.01 -14"><span class='ocrx_word' id='word_1_990' title='bbox 1829 5632 1871 5659; x_wconf 67' lang='grc'><strong>⁸⁸)</strong></span> <span class='ocrx_word' id='word_1_991' title='bbox 1910 5629 1946 5683; x_wconf 90' lang='grc' dir='ltr'><strong>ΙΙ</strong></span> <span class='ocrx_word' id='word_1_992' title='bbox 1983 5631 2229 5698; x_wconf 59' lang='grc' dir='ltr'><strong>εἰρεξγιι,</strong></span> <span class='ocrx_word' id='word_1_993' title='bbox 2266 5627 2459 5689; x_wconf 65' lang='lat'><strong>12,15.</strong></span> <span class='ocrx_word' id='word_1_994' title='bbox 2562 5626 2601 5653; x_wconf 72' lang='grc'><strong>⁸¹</strong></span> <span class='ocrx_word' id='word_1_995' title='bbox 2645 5620 2683 5673; x_wconf 88' lang='lat' dir='ltr'><strong>ll</strong></span> <span class='ocrx_word' id='word_1_996' title='bbox 2722 5620 2850 5688; x_wconf 68' lang='lat' dir='ltr'><strong>Reg.</strong></span> <span class='ocrx_word' id='word_1_997' title='bbox 2882 5636 2971 5683; x_wconf 73' lang='lat' dir='ltr'><strong>HI,</strong></span> <span class='ocrx_word' id='word_1_998' title='bbox 3005 5620 3031 5672; x_wconf 54' lang='grc' dir='ltr'><strong>λι</strong></span> <span class='ocrx_word' id='word_1_999' title='bbox 3056 5619 3109 5681; x_wconf 73' lang='lat' dir='ltr'><strong>i;</strong></span> <span class='ocrx_word' id='word_1_1000' title='bbox 3150 5618 3305 5670; x_wconf 81' lang='lat' dir='ltr'><strong>Hebr.</strong></span> <span class='ocrx_word' id='word_1_1001' title='bbox 3341 5634 3375 5679; x_wconf 88' lang='grc' dir='ltr'><strong>ι,</strong></span> 
     </span>
    </p>
   </div>
  </div>
