4028 6430
671 336 770 392 “5

1651 344 1709 396 S.
1753 343 2028 399 CYlllLLl
2069 343 2544 400 ALEXANDRINI
2584 347 2904 402 AllClllEP.

3823 347 3932 400 116

670 458 955 511 scribens:
995 476 1013 510 ι
1047 457 1226 525 Unde,
1277 460 1472 514 fratres
1513 465 1708 524 sancti.
1742 466 2042 518 vocationis
2091 465 2244 519 ccele-

2357 467 2574 536 ταύρων
2609 468 2703 520 καὶ
2752 466 2985 535 μόσχων,
3026 462 3139 517 ἀλλ’
3186 463 3216 532 ἡ
3255 462 3353 531 τῆς
3393 461 3646 515 ἀπάντων
3689 462 3934 525 πίστεως

669 547 765 599 stis
795 548 1107 617 participes,
1134 550 1472 604 considerate
1498 553 1811 620 Apostolum
1839 564 1892 608 et
1920 554 2232 608 Pontiﬁcem

669 637 1025 694 confessionis
1051 650 1248 694 nostrae
1281 640 1484 707 Jesum,
1522 645 1611 712 qui
1648 645 1819 698 ﬁdelis
1846 655 1926 698 est
1954 645 2000 698 ei
2030 645 2118 712 qui
2157 645 2226 698 fe-

669 728 743 780 cit
780 729 923 781 illum
943 731 1010 784 ⁸⁸.
1045 750 1063 782 ι
1099 733 1273 798 Ipsum
1321 734 1483 802 igitur
1514 737 1806 790 asserimns
1838 752 1901 790 ex
1943 735 2050 789 Deo
2080 738 2238 792 Patre

674 817 909 873 Verbum
941 836 1062 876 cum
1097 835 1317 893 accepta
1350 827 1494 879 servi
1533 828 1705 879 forma
1745 838 1965 894 propter
2002 841 2097 881 nos
2124 827 2238 881 exi-

671 909 886 963 nanitus
930 926 1049 965 esse
1095 913 1317 980 dicitur,
1366 923 1473 967 tum
1511 914 1576 967 ad
1633 916 1983 971 humanitatis
2024 930 2238 984 quoque

671 1012 976 1056 mensuram
1032 1002 1267 1070 seipsum
1308 1002 1590 1070 deiecisse,
1634 1006 1719 1058 cui
1758 1021 2023 1060 mensurae
2052 1021 2241 1061 conse-

669 1097 898 1153 quenter
941 1092 1227 1145 admodum
1279 1095 1551 1157 convenit,
1603 1103 1661 1148 ut
1698 1097 1895 1149 missus
1929 1111 2050 1150 esse
2089 1106 2241 1164 pute-

671 1185 775 1239 tur,
809 1188 862 1231 et
888 1179 1062 1247 ipsum
1103 1181 1220 1248 ejus
1259 1184 1587 1238 sacriﬁcium
1619 1187 1854 1255 supremi
1896 1186 2037 1241 illius
2067 1187 2239 1241 hono-

673 1268 744 1320 ris
771 1271 921 1336 quasi
949 1273 1263 1328 conciliator
1290 1276 1504 1342 quidam
1537 1278 1898 1332 existimetur.
1928 1277 2059 1331 Nam
2092 1279 2136 1332 si
2160 1277 2240 1331 fa-

669 1369 790 1410 ctus
846 1363 1018 1416 nostri
1076 1364 1290 1430 similis,
1341 1368 1586 1420 adoravit
1630 1369 1908 1423 nobiseum
1949 1380 2006 1422 ut
2058 1369 2238 1434 homo,

669 1452 915 1514 quamvis
969 1454 1157 1508 adoret
1198 1455 1369 1524 ipsum
1415 1459 1503 1511 illa
1540 1472 1770 1527 superna
1825 1471 2244 1529 sanctorumque

668 1539 959 1606 spirituum
1015 1545 1340 1609 multitudo,
1387 1563 1509 1599 cum
1571 1548 1638 1603 de
1685 1550 1777 1604 illo
1828 1550 2002 1605 Moses
2052 1551 2239 1604 dicat:

676 1645 694 1677 ο
723 1624 1028 1695 ιωιοηιίιιί,
1050 1632 1192 1697 caeli,
1224 1633 1383 1687 simul
1415 1651 1534 1689 cum
1566 1638 1682 1703 ipso
1700 1639 1766 1701 ⁸⁸,
1791 1648 1844 1692 et
1871 1639 2094 1692 adorent
2119 1654 2240 1693 cum

669 1731 859 1770 omnes
890 1717 983 1773 ﬁlii
1021 1720 1112 1775 Dei
1137 1722 1217 1787 ";
1251 1742 1270 1774 ›
1312 1725 1441 1792 quid
1479 1741 1696 1793 novum,
1730 1739 1783 1781 et
1815 1743 1844 1781 a
1881 1730 2242 1798 dispensatio-

669 1808 755 1862 nis
785 1810 1086 1867 rationibus
1113 1815 1369 1882 alienum,
1398 1819 1441 1871 si
1474 1821 1670 1872 summi
1702 1821 1989 1873 sacerdotii
2020 1835 2242 1876 munere
2273 1815 2314 1870 Β

672 1900 887 1957 functus
933 1914 1037 1970 est,
1085 1916 1144 1960 ut
1188 1908 1279 1976 qui
1315 1909 1367 1962 in
1415 1910 1635 1964 odorem
1670 1912 1954 1965 suavitatis
1998 1913 2236 1980 seipsum

667 2007 768 2059 pro
801 1995 979 2060 nobis,
1020 2005 1074 2049 et
1118 2014 1215 2052 nos
1258 2015 1354 2067 per
1382 2001 1618 2069 seipsum
1653 2011 1704 2055 et
1742 2003 1795 2055 in
1837 2003 2015 2071 seipso
2049 2004 2156 2057 Deo
2189 1992 2244 2057 et

668 2081 816 2137 Patri
849 2086 1138 2140 obtulerit?
1173 2106 1189 2139 ι
1220 2089 1421 2143 Christi
1461 2093 1604 2145 enim
1630 2092 1802 2146 bonus
1826 2096 1960 2147 odor
1986 2109 2190 2158 sumus,
2219 2113 2237 2146 ι

672 2183 730 2227 ut
760 2176 1020 2244 scriptum
1057 2189 1140 2233 est
1183 2180 1247 2231 ⁸⁸.
1289 2180 1392 2234 Sed
1425 2182 1538 2236 haec
1571 2183 1794 2237 minime
1835 2183 2090 2238 decenter
2124 2198 2244 2238 esse

677 2264 819 2319 facta
859 2271 1050 2324 rursus
1079 2275 1327 2339 egregius
1359 2272 1444 2324 hic
1473 2272 1557 2324 vir
1583 2272 1836 2337 allii-mat,
1870 2289 1934 2328 ac
1962 2290 2244 2343 propemo-

671 2356 796 2409 dum
838 2358 1049 2413 deridet
1083 2375 1177 2415 eos
1208 2362 1297 2428 qui
1345 2363 1457 2415 haec
1487 2362 1561 2415 ita
1610 2377 1667 2416 se
1702 2364 1904 2416 habere
1934 2374 2145 2429 putant,
2180 2380 2243 2419 ae

670 2449 850 2503 divina
887 2450 1113 2506 consilia
1139 2452 1300 2523 impie
1327 2454 1751 2522 reprehendens,
1781 2455 1833 2510 in
1865 2455 2008 2510 hunc
2028 2455 2242 2510 modum

671 2539 788 2596 fere
818 2543 947 2598 dicit
980 2563 995 2598 :

744 2801 855 2880 64
885 2802 1144 2867 [Νεετοιι.
1187 2806 1320 2861 Cum
1342 2808 1483 2862 enim
1514 2810 1742 2864 audiunt
1767 2825 1960 2865 nomen
1991 2810 2243 2879 apostoli,

673 2891 845 2959 ipsum
884 2893 1050 2947 Deum
1075 2893 1309 2950 Verbqu
1345 2899 1650 2969 intelligunt
1690 2901 2014 2968 apostolum.
2056 2900 2243 2954 Ponti-

673 2979 789 3034 ﬁcis
813 2984 1227 3050 appellationem
1262 3004 1383 3042 cum
1421 2989 1624 3057 legunt,
1656 2992 1998 3050 divinitatem
2031 2997 2244 3064 pontiﬁ-

673 3084 791 3123 cem
819 3072 920 3124 sibi
952 3073 1182 3142 ﬁngunt,
1226 3091 1360 3130 nova
1397 3079 1683 3135 dementiae
1712 3086 1913 3150 specie.
1941 3086 2070 3152 Quis
2099 3089 2241 3142 enim

672 3160 900 3226 apostoli
947 3177 1142 3217 munus
1187 3179 1308 3217 cum
1357 3167 1641 3234 didicerit,
1683 3186 1787 3224 non
1833 3173 1977 3228 illico
2019 3177 2242 3231 indicari

673 3249 944 3303 hominem
1003 3251 1306 3322 intelligat?
1355 3256 1485 3321 Quis
1521 3261 1790 3326 pontiﬁcis
1837 3264 2244 3332 appellatimtem

672 3340 932 3405 audiens,
999 3342 1307 3398 divinitatis
1358 3349 1654 3401 essentiam
1713 3351 1885 3420 ipsum
1936 3354 2243 3421 pontificem

669 3429 982 3484 existimet?
1019 3430 1153 3486 Nam
1185 3435 1230 3487 si
1267 3437 1506 3503 pontifex
1534 3449 1613 3493 est
1642 3439 1754 3510 ipsa
1791 3440 2076 3508 Divinitas,
2100 3447 2248 3512 quis-

673 3536 796 3573 nam
843 3522 929 3576 ille
977 3533 1061 3577 est
1110 3528 1198 3592 qui
1251 3528 1596 3594 pontiﬁcatus
1645 3547 1867 3586 munere
1918 3535 2154 3588 colitur?
2201 3537 2246 3590 si

673 3609 814 3666 Deus
848 3621 928 3667 est
969 3615 1060 3684 qui
1109 3615 1290 3681 offert,
1327 3619 1505 3672 nullus
1549 3630 1630 3674 est
1684 3623 1769 3675 cui
1821 3623 2046 3679 oll'ertur
2074 3644 2087 3681 :
2120 3628 2247 3695 quid

674 3701 818 3754 enim
857 3703 1150 3759 Divinitate
1183 3707 1406 3774 dignum
1455 3710 1544 3775 sit,
1586 3719 1644 3764 ut
1684 3711 1771 3764 illa
1807 3723 2061 3783 tanquam
2107 3717 2246 3772 infe-

677 3793 786 3846 rior
823 3794 1009 3862 majori
1059 3795 1291 3851 oﬂ‘erat?
1346 3799 1446 3852 Uis
1495 3802 1737 3871 adjungit
1769 3818 1786 3856 :
1819 3803 2102 3861 Undenam
2149 3809 2248 3877 ipsi

674 3893 933 3950 putarunt
956 3887 1123 3940 Deum
1161 3905 1305 3945 nunc
1331 3901 1581 3946 vocatum
1619 3909 1738 3949 esse
1772 3897 2099 3964 pontiﬁcem,
2126 3914 2248 3953 cum

674 3974 765 4028 ille
796 3975 969 4031 hostia
1005 3978 1071 4031 ad
1097 3982 1492 4048 promotionem
1520 4000 1697 4050 suam,
1732 3995 1786 4040 ut
1812 3988 2114 4056 pontiﬁces,
2143 4005 2248 4044 non

673 4064 948 4134 indigeat?
978 4066 1202 4124 Deitatis
1243 4086 1523 4140 possessor
1570 4090 1635 4129 ex
1681 4077 1996 4134 hominibus
2036 4096 2248 4135 assum-

673 4167 797 4226 ptus
830 4174 926 4227 pro
956 4160 1262 4219 hominibus
1282 4166 1631 4222 constituitur
1671 4168 1723 4223 in
1749 4169 1834 4223 his
1867 4185 1988 4240 qua:
2025 4180 2155 4227 sunt
2184 4173 2252 4228 ad

675 4248 895 4322 Deum]

1339 4389 1490 4446 CAP.
1532 4391 1574 4447 Ι.

745 4519 911 4590 Igitur
942 4535 1009 4576 ne
1047 4523 1270 4578 missum
1309 4527 1526 4593 quidem
1559 4542 1680 4582 esse
1724 4528 1774 4583 in
1811 4529 1955 4587 hunc
1986 4531 2246 4587 mundum

675 4613 850 4682 ipsum
905 4614 997 4670 Dei
1046 4614 1276 4670 Verbum
1320 4619 1558 4672 asseris?
1603 4620 1815 4690 decepit
1860 4638 2008 4691 ergo,
2069 4633 2122 4676 ut
2167 4632 2250 4678 est

675 4719 1034 4774 consequens,
1068 4709 1313 4763 homines
1345 4725 1444 4764 suo
1473 4713 1777 4766 ministerio
1811 4724 2034 4769 vocatos
2060 4716 2250 4770 beatus

674 4794 906 4860 Paulus;
927 4796 1008 4850 'ait
1035 4799 1177 4851 enim
1206 4817 1216 4850 :
1254 4817 1270 4848 ι
1304 4799 1448 4853 illisit
1471 4801 1612 4856 Deus
1642 4803 1835 4858 Filium
1867 4821 2019 4860 suum
2048 4806 2245 4861 factum

674 4902 739 4939 cx
773 4888 1017 4951 muliere,
1048 4887 1245 4942 factum
1282 4891 1382 4945 sub
1410 4892 1524 4960 lege
1546 4892 1628 4944 “9:
1666 4913 1683 4946 ›
1717 4897 2061 4950 convincitur
2082 4899 2245 4952 etiam

677 4990 768 5034 tuo
786 4980 988 5050 judicio
1006 4983 1192 5036 beatus
1214 4983 1384 5037 David
1411 4994 1613 5040 temere
1635 5003 1852 5042 carmen
1878 4992 2243 5056 eontexuisse,

675 5081 730 5126 et
754 5072 1122 5128 inscrutabilia
1154 5091 1428 5143 quaerere;
1460 5077 1594 5132 dixit
1625 5079 1768 5132 enim
1796 5079 2011 5136 Patrem
2038 5085 2130 5150 qui
2165 5095 2249 5139 est

679 5161 730 5215 in
771 5163 922 5218 cmlis
951 5173 1005 5217 et
1043 5163 1208 5219 Deum
1245 5167 1567 5236 alloquens:
1603 5188 1620 5221 ‹
1655 5171 1851 5226 Emitte
1897 5172 2067 5228 lucem
2101 5185 2246 5229 tuam

748 5342 792 5371 "
830 5341 988 5397 llebr.
1025 5360 1101 5398 ιιι.
1131 5345 1179 5412 l,
1202 5347 1253 5403 2.
1334 5348 1377 5378 ⁸ο
1410 5346 1565 5402 Deut.
1592 5365 1762 5416 χχχιι,
1792 5353 1841 5404 l.
1923 5354 1965 5384 ⁸⁷
2003 5353 2142 5409 Psal.
2172 5371 2235 5409 xc

2352 5357 2391 5410 Β.
2471 5357 2515 5388 ⁸⁸
2551 5356 2592 5409 ll
2621 5357 2746 5410 Cor.
2778 5371 2834 5419 It,
2863 5356 2946 5409 15.

2276 4477 2328 4536 ι)

2339 560 2619 632 ὁμολογία,
2679 558 2790 610 Καὶ
2836 555 3167 608 πιστώσεται
3216 555 3375 608 πάλιν
3421 554 3516 606 ὡδὶ
3563 553 3863 624 γεγραφὼς
3906 555 3935 604 6

2345 651 2615 722 μακάριος
2657 647 2903 708 Παῦλοςο
2937 664 2955 695 ι
2978 644 3160 707 Ὅθεν,
3198 645 3418 713 ἀδελφοὶ
3475 646 3640 711 ἆγιοι,
3681 642 3936 713 κλήσεως

2341 739 2670 810 ἐπουρανίου
2721 737 2961 806 μέτοχοι,
3014 737 3391 805 κατανοήσατε
3449 734 3540 788 τὸν
3603 733 3935 786 Ἀπόστολον

2342 835 2437 887 καὶ
2475 830 2760 900 ’Λρχιερέα
2786 828 2887 897 τῆς
2925 827 3214 896 ὁμολογίας
3264 827 3423 895 ἡμῶν
3468 827 3696 894 Ἰησοῦν,
3737 824 3936 878 πιστὸν

2342 925 2471 976 ὄντα
2508 921 2586 991 τῷ
2633 921 2919 990 ποιήσαντι
2951 918 3133 970 αὐτόν.
3169 936 3187 969 ›
3259 918 3432 970 Αὐτὸν
3474 913 3566 969 οὖν
3599 917 3706 986 ἄρα
3741 917 3932 985 φαμὲν

2342 1016 2431 1067 τὸν
2461 1015 2524 1065 ὲκ
2552 1011 2688 1065 Θεοῦ
2723 1011 2935 1079 Πατρὸς
2967 1009 3161 1076 Λόγον,
3193 1009 3283 1060 ὅτε
3315 1008 3383 1060 δι’
3413 1008 3560 1076 ἡμᾶς
3589 1005 3936 1059 κεκενῶσθαι

2343 1107 2563 1173 λέγεται
2617 1102 2827 1173 μορφὴν
2852 1102 3038 1155 δούλου
3069 1100 3268 1166 λαϐὼν,
3319 1099 3439 1150 τότε
3474 1100 3569 1151 καὶ
3601 1101 3658 1150 ὲν
3687 1102 3801 1161 τοῖς
3835 1099 3939 1168 τῆς

2345 1199 2765 1268 ἀνθρωπότητος
2795 1196 3015 1265 μέτροις
3045 1193 3232 1246 ἑαυτὸν
3274 1191 3540 1255 καθεῖναι,
3569 1186 3649 1253 οἷς
3674 1190 3740 1242 ἂν
3783 1190 3936 1259 πρέ-

2345 1308 2435 1343 ποι
2481 1290 2575 1341 xui.
2614 1288 2760 1360 μάλα
2812 1287 3058 1348 εἰκότως,
3115 1285 3209 1336 καὶ
3244 1283 3303 1335 τὸ
3353 1281 3687 1335 ἀπεστάλθαι
3728 1281 3940 1344 δοκεῖν,

2345 1383 2438 1435 καὶ
2491 1383 2594 1448 τῆς
2659 1378 2921 1433 ἀνωτάτω
2974 1376 3142 1446 τιμῆς
3199 1373 3448 1444 ἡγεῖσθαι
3513 1371 3774 1441 πρόξενον
3834 1372 3943 1439 τὴν

2346 1472 2677 1544 ἱερουργίαν.
2707 1471 2770 1522 El
2801 1470 2910 1538 γὰρ
2933 1467 3165 1533 ἐπείπερ
3198 1465 3390 1531 γέγονε
3417 1463 3540 1516 καθ’
3571 1464 3737 1532 ἡμᾶς,
3760 1479 3942 1530 προσ-

2347 1564 2618 1631 κεκύνηκε
2657 1561 2776 1630 μεθ’
2799 1558 2956 1628 ἡμῶν
2991 1559 3065 1620 ὡς
3096 1556 3384 1625 ἄνθρωπος
3406 1569 3419 1582 ·
3465 1553 3643 1605 καίτοι
3686 1567 3942 1621 προσκυ-

2348 1655 2546 1725 νούσης
2570 1651 2732 1706 αὐτὸν
2757 1654 2857 1720 τῆς
2889 1651 3000 1704 ἄνω
3023 1647 3284 1716 πληθύος,
3316 1645 3409 1697 καὶ
3440 1644 3546 1696 τῶν
3574 1643 3747 1711 ἁγίων
3774 1658 3947 1694 πνευ-

2351 1745 2556 1814 μάτων,
2589 1742 2838 1811 λέγοντός
2865 1757 2924 1793 τε
2948 1739 3194 1801 Μωσέως
3235 1737 3364 1806 περὶ
3402 1735 3590 1799 αὐτοῦ,
3637 1754 3654 1786 ‹
3680 1734 3947 1801 Εὐφράν-

2347 1835 2495 1904 θητε,
2514 1833 2752 1902 οὐρανοὶ,
2776 1832 2890 1900 ἅμα
2906 1830 3074 1899 αὐτῷ,
3097 1828 3189 1880 καὶ
3215 1827 3748 1898 προσκυνησὼτοηαν
3773 1825 3948 1878 αὐτὸν

2352 1927 2552 1988 πάντες
2587 1926 2693 1976 υἱοὶ¹
2733 1923 2867 1977 Θεοῦ
2891 1942 2903 1952 ·
2940 1942 2956 1973 ι
2989 1921 3040 1974 τί
3076 1921 3136 1973 τὸ
3172 1919 3321 1983 ξένον
3365 1919 3397 1986 ἢ
3444 1921 3559 1980 τοῖς
3592 1917 3691 1986 τῆς
3724 1918 3945 1969 οίκονο-

2349 2018 2475 2086 μίας
2500 2017 2677 2083 λόγοις
2708 2015 3071 2084 ἀνάρμοστον,
3097 2016 3144 2065 εί
3167 2011 3580 2082 κεχρημάτικεν
3612 2008 3942 2078 ἀρχιερεὺς,

2343 2108 2420 2170 ὡς
2470 2109 2548 2171 είς
2581 2107 2759 2176 ὀσμὴν
2802 2105 3028 2167 εὐωδίας
3075 2105 3268 2156 ἑαυτόν
3317 2121 3376 2156 τε
3421 2103 3566 2172 ὑπὲρ
3609 2101 3788 2170 ἡμῶν,
3844 2098 3947 2151 καὶ

2346 2199 2490 2267 ἡμᾶς
2518 2197 2796 2259 ἀνατιθεὶς
2848 2197 2916 2249 δι’
2949 2197 3141 2249 ἑαυτοῦ
3181 2213 3239 2247 τε
3290 2196 3379 2248 καὶ
3414 2197 3472 2246 ὲν
3502 2192 3678 2261 ἐαυτῷ
3707 2192 3788 2262 τῷ
3817 2191 3947 2260 Θεῷ

2343 2287 2439 2339 καὶ
2467 2286 2677 2356 Πατρί;
2715 2305 2733 2337 ι
2761 2285 2998 2355 Χριστὸῦ
3022 2286 3131 2356 γάρ
3155 2286 3324 2354 ἐσμεν
3351 2282 3546 2335 εὐωδία
3573 2279 3711 2351 (l8),
3737 2298 3757 2332 ι
3795 2281 3947 2333 κατά

2343 2380 2406 2432 τὸ
2458 2378 2868 2450 γεγραμμένον.
2936 2378 3075 2430 Ἀλλ’
3120 2378 3318 2446 ἥκιστα
3373 2375 3470 2444 μὲν
3509 2375 3567 2427 ὲν
3613 2371 3810 2443 κόσμῳ
3859 2372 3952 2441 τῷ

2344 2468 2514 2522 δέοντι
2537 2467 2856 2539 πεπρᾶχθαι
2880 2467 3060 2531 ταυτὶ,
3091 2466 3482 2537 διῖσχυρίςεται
3510 2464 3668 2518 πάλιν
3697 2465 3724 2516 ὁ
3745 2462 3948 2530 γεννά-

2345 2560 2440 2622 δας
2487 2559 2700 2612 οὐτοσί·
2746 2559 2906 2627 μόνον
2959 2557 3015 2610 δὲ
3072 2558 3195 2628 οὐχὶ
3251 2555 3583 2624 καταμειδιᾷ
3633 2552 3740 2605 τῶν
3793 2551 3948 2604 οὕτω

2343 2650 2497 2704 ταῦτ’
2525 2650 2670 2720 ἔχειν
2697 2649 3098 2720 ὐπειληφότων,
3148 2647 3244 2701 καὶ
3281 2649 3396 2710 τοῖς
3427 2646 3594 2708 θείοις
3621 2644 3948 2715 σκέμμασιν

2346 2740 2574 2803 ἀνοσίως
2607 2739 2895 2810 ἐπιτιμῶν,
2931 2739 3074 2792 οὕτω
3101 2738 3202 2790 πού
3231 2755 3395 2808 φησιν
3419 2753 3431 2770 ·

2419 2829 2439 2901 [
2469 2829 2791 2882 Ἀποστόλου
2825 2830 2932 2900 γὰρ
2960 2828 3250 2892 ἀκούοντες
3280 2828 3474 2898 ὄνομα,
3503 2827 3593 2881 τὸν
3615 2826 3748 2878 Θεὸν
3763 2823 3951 2892 Λόγον

2346 2920 2557 2973 νοοῦσιν
2589 2920 2910 2973 ἀπόστολον.
2954 2920 3282 2990 Ἀρχιερέως
3313 2918 3780 2987 ἀναγινώσκοντες
3809 2918 3952 2984 κλῆ-

2350 3029 2454 3076 σιν,
2496 3010 2728 3081 θεότητα
2764 3011 2856 3064 τὸν
2900 3013 3165 3083 ἀρχιερέα
3202 3011 3589 3080 φαντάζονται,
3629 3009 3951 3079 παραδόξου

2272 3138 2314 3196 C
2349 3103 2774 3196 φρενοϐλαϐείας
2809 3103 2940 3173 ἰδέᾳ.
2988 3104 3084 3167 Τίς
3123 3105 3230 3173 γὰρ
3268 3103 3608 3174 λειτουργίαν
3631 3101 3951 3196 ἀποστόλου

2351 3183 2560 3266 μαθῶν,
2592 3197 2692 3250 οὐκ
2724 3197 2887 3259 εὐθὺς
2912 3197 3199 3267 ἄνθρωπον
3236 3197 3577 3268 μηνυόμενον
3614 3194 3753 3263 ἔγνω
3779 3211 3794 3260 ;
3842 3195 3954 3258 Τίς

2348 3288 2651 3358 ἀρχιερέως
2690 3288 2987 3357 ὀνομασίαν
3025 3288 3261 3353 ἀκούων,
3304 3288 3560 3358 θεότητος
3607 3286 3798 3339 οὐσίαν
3847 3285 3955 3338 τὸν

2349 3380 2611 3449 ἀρχιερέα
2638 3381 2942 3450 νομίσειεν;
2979 3381 3040 3432 El
3068 3382 3177 3450 γάρ
3206 3381 3498 3451 ἀρχιερεὺς
3534 3381 3565 3450 ἡ
3607 3380 3818 3447 θεότης,
3855 3378 3955 3440 τίς

2350 3473 2378 3522 ὁ
2405 3471 2556 3541 παρά
2594 3474 2660 3542 τῇ
2692 3474 2791 3540 τῆς
2836 3472 3250 3542 ἀρχιερωσύνης
3279 3471 3594 3543 λειτουργία
3639 3471 3954 3539 θεραπευό-

2355 3579 2512 3630 μενος
2537 3578 2551 3626 ;
2592 3563 2639 3613 εἰ
2670 3562 2803 3624 Θεὸς
2827 3564 2853 3613 6
2879 3563 3229 3633 προσφέρων,
3257 3563 3431 3625 οὐδεὶς
3525 3559 3905 3629 προσφέρεται

2350 3655 2401 3706 τί
2435 3654 2543 3722 γάρ
2570 3653 2824 3722 θεότητος
2850 3653 3022 3719 ἄξιον,
3067 3655 3132 3708 ἵν’
3165 3655 3240 3717 ὡς
3271 3655 3510 3708 ἐλάττων
3537 3650 3822 3722 προσφέρῃ
3860 3650 3953 3718 τῷ

2355 3741 2592 3812 μείζονι;
2638 3742 3009 3812 Προσεπάγει
3042 3743 3110 3795 δὲ
3140 3745 3376 3808 τούτοις
3397 3761 3410 3774 ι
3440 3741 3611 3794 Πόθεν
3637 3735 3728 3793 οὖν
3751 3739 3954 3800 αὐτοῖς

2352 3835 2379 3885 ὁ
2403 3833 2536 3897 Θεὸς
2571 3832 2871 3900 κεκλῆσθαι
2905 3832 3000 3886 νῦν
3023 3834 3314 3903 ἀρχιερεὺς
3353 3832 3636 3903 ἐνομίσθη,
3687 3833 3714 3883 6
3748 3829 3954 3893 θυσίας

2353 3927 2432 3988 είς
2455 3924 2742 3995 προκοπὴν
2772 3922 2906 3976 ἰδίαν
2938 3923 3080 3976 κατά
3109 3924 3235 3986 τοὺς
3260 3922 3550 3993 ἀρχιερέας
3578 3922 3650 3991 μὴ
3680 3918 3905 3990 χρῄζων
3935 3937 3950 3981 ;

2352 4017 2379 4068 6
2438 4015 2702 4086 Θεότητος
2748 4014 2969 4083 κτήτωρ
3021 4013 3080 4079 ἐξ
3128 4010 3431 4083 ἀνθρώπων
3479 4011 3738 4081 ληφθεὶς,
3795 4010 3956 4080 ὑπὲρ

2354 4101 2656 4176 ἀνθρώπων
2683 4103 3008 4158 καθίσταται
3038 4102 3106 4156 τὰ
3144 4103 3282 4172 πρὸς
3311 4102 3400 4155 τὸν
3429 4099 3619 4173 Θεόν.]

3012 4407 3163 4462 ΚΕΦ.
3205 4408 3282 4461 Α’.

2429 4540 2638 4595 Οὐκοῦν
2669 4542 2792 4594 οὐδὲ
2826 4541 3163 4595 ἀπεστάλθαι
3193 4540 3300 4609 φὴς
3328 4539 3407 4601 είς
3434 4537 3582 4591 τόνδε
3614 4536 3705 4589 τὸν
3738 4535 3958 4606 κόσμον

2357 4638 2446 4688 τὸν
2477 4634 2571 4687 τοῦ
2605 4634 2740 4686 Θεοῦ
2769 4634 2976 4701 Λόγον;
3005 4633 3372 4699 πεφενάκικεν
3399 4625 3492 4682 οὖν
3537 4630 3666 4699 ἄρα,
3711 4629 3857 4682 κατά
3886 4632 3960 4683 τὸ

2359 4725 2527 4789 εἰκὸς,
2560 4727 2684 4788 τοὺς
2712 4726 2777 4777 δι’
2802 4722 2966 4778 αὐτοῦ
2992 4723 3366 4791 κεκλημένους
3394 4723 3422 4774 6
3450 4719 3760 4787 σοφώτατος
3794 4721 3959 4773 Παῦο

2361 4817 2472 4878 λος·
2509 4817 2612 4884 ἔφη
2649 4815 2793 4884 γὰρ,
2827 4817 2907 4868 ὅτι
2960 4833 2977 4866 ι
3016 4812 3430 4876 Ἐξαπέστειλεν
3461 4813 3490 4865 6
3528 4813 3659 4874 Θεὸς
3688 4812 3779 4864 τὸν
3812 4813 3962 4868 Υίὸν

2357 4905 2522 4959 αὐτοῦ
2545 4907 2835 4974 γενόμενον
2859 4905 2923 4955 ὲκ
2944 4902 3222 4970 γυναικὸς,
3256 4902 3545 4971 γενόμενον
3577 4901 3681 4954 ὐπὸ
3713 4903 3907 4970 νόμον·
3931 4923 3949 4954 ι

2357 4998 2511 5068 ἁλοίη
2551 4998 2595 5050 δ’
2628 4998 2692 5050 ἂν
2739 4996 2881 5049 κατά
2923 5013 2982 5048 σε
3017 4995 3111 5048 καὶ
3140 4997 3167 5046 6
3201 4995 3468 5064 μακάριος
3498 4993 3660 5045 Δαϐὶδ
3689 4993 3960 5063 ἐρραψῳ-

2357 5087 2538 5156 δηκὼς
2563 5088 2707 5156 εἰκῆ,
2745 5086 2839 5139 καὶ
2868 5087 2936 5139 τὰ
2975 5086 3244 5152 ἀνέφικτα
3293 5085 3504 5154 ζητῶν·
3561 5084 3666 5152 ἔφη
3698 5083 3804 5152 γάρ
3840 5102 3955 5137 που

2360 5179 2496 5249 πρὸς
2544 5178 2636 5231 τὸν
2678 5181 2735 5232 ὲν
2781 5178 3030 5247 οὐρανοῖς
3062 5176 3283 5248 Πατέρα
3316 5175 3409 5228 καὶ
3431 5174 3561 5227 Θεόν
3584 5191 3597 5205 ο
3664 5192 3682 5225 ι
3708 5172 3956 5238 Ἑξαπόο

3027 5355 3070 5386 ⁸9
3099 5354 3273 5408 Galal.
3308 5368 3376 5417 Iv,
3404 5353 3455 5405 4.

1943 5503 2102 5557 ΛΝΤ.
2148 5506 2235 5561 AG
2248 5503 2422 5559 ELLll
2466 5504 2695 5561 NOTAE.

752 5659 864 5731 (l8)
893 5658 1291 5731 Ad‘verte‘ndum
1337 5660 1605 5731 quomodo
1655 5661 1740 5714 hic
1787 5671 1974 5716 auctor
2023 5664 2254 5730 accipiat

682 5727 819 5786 hunc
842 5728 981 5785 beati
1013 5727 1161 5784 Pauli
1189 5727 1397 5799 locum;
1432 5745 1552 5785 nam
1582 5732 1776 5787 bonum
1806 5733 2049 5797 odorem,
2079 5727 2242 5789 idvcst

2363 5664 2612 5727 εὐωδίαν,
2651 5662 2900 5733 intelligit
2947 5664 3273 5721 sacriﬁcium
3309 5662 3361 5717 in
3390 5664 3609 5717 odorem
3654 5664 3951 5722 suavitatis

2351 5735 2607 5788 oblatum.
