4028 6424
146 308 237 362 117
1256 322 1629 381 ADVERSUS
1669 325 1739 381 Nl

1845 325 2074 387 'ORIUM
2117 330 2244 386 LIB.
2287 330 2374 389 111.

3303 341 3405 396 H8

145 430 349 483 στειλον
387 432 451 484 τὸ
498 435 615 501 φῶς
659 453 777 502 σου,
811 438 905 503 καὶι
935 439 1032 509 τὴν
1064 441 1320 512 ἀλήθειάν
1372 461 1484 499 σου.
1516 466 1533 495 ι
1567 448 1630 499 Τί
1659 447 1736 511 δὲ,

1845 460 1894 501 et
1927 451 2209 506 veritatem
2237 460 2378 506 tuam
2403 452 2469 505 ⁸ο.
2497 471 2514 504 i
2541 451 2677 517 Quid
2701 452 2920 507 autem?
2944 453 3027 509 dic
3055 453 3212 520 mihi,
3230 472 3408 513 nonue

140 523 256 573 είπέ
291 541 411 592 μοι,
448 526 577 593 οὐχὶ
617 528 713 578 καὶ
755 529 918 592 αὐτὸς
949 533 978 583 ὁ
1024 533 1147 595 Υἱὸς
1184 534 1544 608 ψευδοεπήσει
1597 540 1735 608 τάχα

139 629 234 664 που
269 613 453 681 λέγων
483 631 501 646 ⁶
558 635 578 666 ι
611 620 685 670 Ού
732 618 839 689 γὰρ
885 622 1219 676 ἀπέστειλεν-
1249 628 1277 678 6
1323 628 1456 691 Θεὸς
1489 630 1580 682 τὸν
1612 631 1736 683 Υίὸν

137 705 212 763 εἰς
244 703 338 754 τὸν
373 704 590 773 κόσμον
624 707 710 757 ἵνα
734 708 893 779 κρίνῃ
928 711 1018 762 τὸν
1045 713 1270 783 κόσμον,
1305 716 1422 768 ἀλλ’
1471 719 1557 771 ἵνα
1586 722 1732 789 σωθῇ

137 793 162 841 ὁ
187 792 400 859 κόσμος
427 793 501 844 δι’
529 795 758 860 αὐτοῦ;›
795 799 905 850 Καὶ
932 798 1119 852 πάλιν·
1171 821 1189 851 ι
1234 803 1376 871 Ἐγὼ
1399 806 1465 857 ἐκ
1496 805 1589 860 τοῦ
1624 809 1739 861 Πα-

135 882 263 950 τρὸς
293 883 553 951 ἐξῆλθον,
583 885 678 938 καὶ
705 887 827 956 ἥκω
847 905 861 951 ;
885 907 904 936 ›
935 890 1142 960 Γράφει
1170 892 1227 944 δέ
1267 910 1370 946 που
1402 896 1494 948 καὶ
1523 899 1550 949 6
1578 898 1740 967 σοφὸς

148 972 409 1042 Ἰωάννης
439 976 570 1046 περὶ
599 978 767 1030 αὑτοῦ
790 995 804 1008 ο
831 999 847 1030 ι
873 980 931 1032 '0
963 980 1254 1050 λαμϐάνων
1284 985 1449 1037 αὑτοῦ
1475 986 1574 1056 τήν
1601 1005 1740 1058 μαρ-

136 1064 335 1131 τυρίαν
373 1067 717 1136 ἐσφράγισεν
745 1070 828 1121 ὅτι
867 1071 894 1122 6
924 1071 1055 1133 Θεὸς
1083 1072 1289 1144 ἀληθής
1315 1077 1464 1130 ἐστιν
1490 1092 1501 1106 ·
1539 1077 1599 1130 ὃν
1631 1079 1738 1149 γὰρ

133 1157 471 1210 ἀπέστειλεν
521 1160 551 1211 6
603 1161 757 1226 Θεὸς,
806 1162 874 1215 τὰ
924 1165 1145 1234 ῥήματα
1193 1167 1288 1218 τοῦ
1330 1168 1465 1220 Θεοῦ
1510 1169 1682 1222 λαλεῖ.
1715 1189 1732 1221 i

147 1247 529 1301 Ἀπεστάλθαι
577 1249 634 1301 δέ
672 1269 856 1320 φαμεν
896 1252 989 1305 τὸν
1015 1255 1108 1307 τοῦ
1136 1256 1269 1309 Θεοῦ
1300 1258 1494 1326 Λόγον,
1543 1259 1604 1312 τὸ
1637 1261 1739 1330 τῆς

133 1336 456 1407 ἀποστολῆς
488 1337 666 1408 ὄνομα
699 1357 759 1392 τε
788 1343 883 1394 καὶ
913 1344 1100 1413 χρῆμα
1134 1346 1270 1414 μετὰ
1299 1347 1408 1399 τῶν
1437 1350 1535 1418 τῆς
1568 1351 1738 1404 κενώ-

135 1441 277 1488 σεως
305 1426 510 1495 ἔχοντα
543 1431 786 1499 μέτρων·
839 1433 903 1484 σὺ
942 1434 1001 1486 δὲ
1035 1436 1096 1505 δὴ
1129 1436 1304 1501 δέδιας
1349 1437 1597 1509 ἀμαθῶς,
1644 1443 1740 1497 καὶ

130 1516 289 1585 αὐτῷ
314 1519 657 1588 προσνέμειν
678 1520 938 1592 ἐρυθριᾷς
957 1524 1071 1576 ἀνθ’
1090 1527 1212 1578 ὅτου
1236 1528 1294 1579 τό
1317 1547 1373 1581 τε
1392 1530 1491 1598 τῆς
1513 1531 1741 1585 ἀποστο-

131 1606 254 1673 λῆς,
301 1607 403 1659 καὶ
435 1609 499 1660 τὸ
531 1609 632 1679 τῆς
654 1612 1067 1683 ἀρχιερωσύνης
1095 1616 1265 1686 ὄνομα
1292 1635 1352 1670 τε
1389 1621 1481 1672 καὶ
1517 1621 1735 1691 χρῆμα;

129 1691 285 1766 Ἀρα
325 1700 443 1767 γὰρ
493 1701 930 1773 ἁρμόσειενίῖσ.
970 1705 1261 1776 ἁρμόσειν]
1306 1708 1628 1778 ὑπείληφας,
1664 1711 1738 1771 ὼς

129 1787 312 1857 ἑτέρῳ
337 1790 477 1857 παρ’
516 1792 680 1844 αὑτὸν
712 1793 986 1864 ἀνθρώπῳ
1024 1794 1100 1864 τῷ
1145 1797 1210 1849 ὲκ
1249 1799 1525 1864 γυναικὸς,
1573 1800 1735 1872 ψιλήν
1769 1782 1811 1836 Β

131 1877 316 1944 ἔχοντι
355 1879 461 1948 τὴν
493 1882 816 1949 συνάφειαν,
863 1884 1005 1937 κατὰ
1057 1885 1135 1951 σὲ,
1183 1888 1278 1940 καὶ
1315 1888 1390 1951 ὼς
1428 1892 1486 1942 ὲν
1529 1892 1734 1964 ἰσότητι

134 1969 311 2036 μόνης
343 1969 453 2038 τῆς
491 1971 684 2037 ἀξίας;
722 1974 845 2037 Πῶς
885 1971 977 2027 οὖν
1007 1976 1085 2027 ἑτι
1118 1976 1187 2028 τὰ
1216 1978 1336 2030 καθ’
1371 1981 1516 2049 ἡμᾶς
1539 1982 1734 2052 ὀνήσας

130 2060 334 2128 δρᾶται
383 2061 522 2124 Θεὸς
564 2061 640 2116 ὣν
692 2066 720 2116 6
762 2066 956 2132 Λόγος,
1001 2069 1049 2119 εί
1083 2069 1174 2120 καὶ
1216 2072 1735 2141 προσκεκομίσμεθα

129 2148 205 2201 δι’
237 2151 443 2220 ἐτέρου
467 2153 548 2224 τῷ
578 2155 698 2225 Θεῷ
733 2157 826 2208 καὶ
863 2159 1064 2227 Πατρὶς
1116 2160 1314 2211 Οὐκέτι
1342 2161 1448 2229 γὰρ
1480 2163 1546 2214 δι’
1571 2164 1733 2215 αὑτοῦ

129 2242 236 2311 τὴν
283 2247 668 2314 προσαγωγὴν
715 2248 1062 2316 ἐσχήκαμεν·
1123 2249 1260 2303 ἀλλὰ
1307 2252 1532 2320 γέγονεν
1578 2256 1735 2324 ήμῶν

132 2333 382 2401 μεσίτης
410 2333 701 2403 ἄνθρωπος
729 2337 850 2389 καθ’
886 2339 1051 2407 ἡμᾶς,
1081 2339 1139 2392 τὸ
1169 2344 1267 2412 τῆς
1294 2343 1543 2414 θεότητος
1567 2345 1736 2415 ὄνομα

129 2423 541 2479 κατάπλαστον
591 2426 754 2496 ἔχων.
818 2428 984 2482 Ἀλλὰ
1028 2432 1132 2494 ναὶ,
1186 2435 1340 2502 φησὶ,
1398 2436 1628 2506 σμικρὸν
1669 2436 1736 2490 ἂν

129 2520 220 2589 εἴη
250 2519 332 2588 τῷ
367 2523 435 2572 ὲκ
463 2521 604 2573 Θεοῦ
637 2523 851 2591 Πατρὸς
897 2525 1056 2592 φύντι
1099 2526 1260 2594 Λόγῳ
1309 2526 1372 2579 τὸ
1413 2527 1735 2597 ἱερουργεῖν.

129 2611 391 2682 Σμικρὸν
425 2612 897 2682 ὁμολογουμένως.
931 2615 1182 2686 Συνεργῶ
1210 2615 1334 2687 [τον.
1364 2618 1608 2689 συνερῶ]
1629 2619 1737 2690 γάρ

135 2718 222 2752 σοι
261 2704 637 2771 πρεσϐεύοντι
689 2705 923 2775 τάληθές
951 2723 964 2736 ο
1020 2707 1134 2760 ἀλλ’
1181 2709 1242 2762 ού
1277 2713 1454 2780 γυμνῇ
1509 2713 1572 2781 τῇ
1621 2711 1738 2764 θεό-

130 2806 266 2858 τητι
336 2794 689 2862 κεχρημένος
740 2794 978 2862 ὲπέφανε
1039 2799 1150 2860 τοῖς
1199 2799 1290 2850 ἐπὶ
1320 2800 1418 2868 τῆς
1464 2799 1608 2869 γῆς’
1645 2818 1738 2870 γε-

132 2881 316 2945 γονὼς
345 2883 408 2934 δὲ
453 2883 658 2952 μᾶλλον
709 2885 997 2955 ἄνθρωπος
1041 2888 1161 2942 καθ’
1204 2891 1370 2958 ἡμᾶς,
1411 2884 1454 2956 ᾧ
1499 2890 1643 2960 μέγα
1687 2909 1738 2944 τι

131 2972 337 3041 χρῆμα
395 2976 494 3028 καὶ
552 2974 827 3045 ἐξαίρετον
872 2979 1186 3049 ἱερουργία·
1235 2983 1282 3033 εί
1323 2981 1380 3034 δὲ
1427 2981 1490 3053 δὴ
1537 3000 1737 3054 παραι-

128 3067 284 3117 τεῖτο
333 3064 472 3136 [ἷσ.
517 3068 874 3137 παραιτοίτο]
909 3070 971 3120 τὸ
1005 3071 1306 3141 ἱερουργεῖν
1351 3072 1427 3134 ὡς
1467 3072 1738 3144 ἀνθρώπῳ
1769 3103 1810 3159 C

134 3157 389 3225 πρέπον,
431 3159 602 3228 ἤγουν
637 3158 808 3229 ἑτέρῳ
838 3158 914 3229 τῷ
947 3159 1066 3230 [ἷσ.
1102 3163 1276 3232 ἑτέρῳ
1317 3161 1429 3233 τῳ]
1471 3167 1566 3234 τῆς
1619 3164 1741 3217 δου-

133 3245 296 3309 λείας
324 3247 517 3316 ἔχοντι
545 3249 763 3317 μέτρον,
811 3249 929 3314 πῶς
971 3252 1072 3304 οὐκ
1111 3254 1333 3324 ἄμεινον
1385 3255 1537 3324 παρὰ
1582 3257 1739 3322 πολὺ,

131 3336 243 3390 καὶ.
274 3338 394 3406 πρό
429 3353 494 3403 γε
524 3336 716 3390 τούτου
757 3341 1144 3410 παραιτεῖσθαι
1167 3341 1265 3413 τὴν
1293 3343 1741 3416 ὲνανθρώπησινς

145 3428 295 3479 Ἀλλ’
345 3429 453 3479 οὐκ
503 3429 814 3500 ἀπόϐλητον
847 3433 1143 3502 ἐποιήσατο
1189 3434 1255 3486 δι’
1289 3436 1435 3505 ἡμᾶς
1482 3438 1582 3508 τὴν
1623 3440 1745 3505 γέν-

128 3534 318 3586 νησιν,
351 3518 547 3570 οὑτοσί
575 3519 652 3584 δὲ,
684 3521 758 3582 ὡς
785 3520 942 3590 ἔφην,
965 3523 1282 3592 αἰσχύνεται
1312 3525 1545 3594 τάληθές
1566 3544 1579 3557 ·
1614 3527 1741 3580 ἄσο-

130 3608 237 3674 ςρόν
265 3624 325 3659 τε
362 3607 465 3660 καὶ
497 3609 912 3681 ἀνεπιστήμονα
934 3613 1292 3677 καταδεικνὺς
1315 3617 1526 3668 ἑαυτόν.
1554 3618 1744 3670 Καίτοι

129 3698 230 3750 τοῦ
265 3716 426 3768 ματα
438 3700 560 3770 ρίου
583 3701 796 3754 Παύλου
824 3702 1079 3770 λέγοντος
1098 3721 1111 3733 ’
1151 3723 1169 3756 ι
1195 3707 1268 3758 Οὺ
1287 3707 1396 3776 γὰρ
1421 3708 1744 3778 ἐπαισχύνο-

137 3807 243 3858 μαι
300 3791 367 3842 τὸ
431 3791 791 3859 Εὑαγγέλιον,
847 3794 1081 3864 δύναμις
1134 3797 1244 3867 γὰρ
1292 3797 1427 3850 Θεοῦ
1484 3802 1630 3853 ἐστιν
1664 3804 1744 3865 είς

133 3878 430 3949 σωτηρίαν
462 3879 629 3932 παντὶ
660 3881 737 3952 τῷ
765 3883 1091 3938 πιστεύοντι.
1124 3906 1141 3938 ι
1174 3886 1482 3956 Θαυμάσειε
1511 3889 1555 3943 δ’
1576 3891 1640 3943 ἄν
1662 3909 1744 3953 τις

133 3974 230 4024 τὸν
267 3973 366 4026 τοῦ
411 3972 551 4025 Θεοῦ
597 3973 792 4042 Λόγον,
829 3979 929 4046 τῆς
972 3977 1229 4031 ἁπάντων
1275 3979 1437 4032 ἕνεκα
1472 3980 1742 4049 σωτηρίας

136 4063 230 4114 καὶ
267 4063 448 4132 ζωῆς,
481 4065 754 4134 τοσαύτην
787 4066 1144 4139 ἀνασχομένῳ
1186 4071 1376 4123 παθεῖν
1410 4072 1509 4141 τὴν
1551 4072 1743 4124 ταπεί-

136 4169 330 4213 νωσιν,
359 4152 432 4222 ἣν
459 4154 565 4206 οὐκ
595 4149 693 4206 οἷδ’
738 4155 887 4218 ὅπως
928 4159 956 4208 6
1007 4157 1115 4210 τῶν
1163 4160 1386 4213 είκαίων
1424 4163 1553 4230 ἡμῖν
1599 4161 1742 4214 διδα-

138 4245 380 4312 γμάτωι
415 4243 671 4314 εὑρετὴς,
699 4246 796 4298 καὶ
848 4246 1007 4315 μόνον
1059 4250 1341 4319 ὁμολογεῖν
1387 4252 1740 4321 αἰσχύνεται·

139 4336 327 4387 καίτοι
354 4335 485 4386 δέον
517 4334 759 4400 ἄγασθαι
793 4334 892 4404 μὲν
938 4337 1030 4390 ἐπὶ
1057 4339 1268 4400 τούτοις
1311 4339 1495 4402 αὑτὸν,
1541 4341 1741 4391 ἀνακε-

1838 541 2001 594 etiam
2061 543 2175 611 ipse
2230 541 2396 596 Filius
2455 543 2746 596 mentietur
2810 543 2999 612 plane,
3057 559 3176 598 cum
3233 547 3402 601 dicit:

1843 649 1860 680 ι
1896 629 2010 683 Νοη
2044 633 2190 685 enirn
2235 632 2380 685 misit
2409 633 2547 685 Deus
2592 631 2785 685 Filium
2837 647 2994 686 suum
3046 634 3098 687 iu
3148 636 3405 690 mundum

1841 730 1898 772 ιιι
1941 720 2146 783 iudicet
2196 722 2482 786 mundum,
2524 722 2617 774 sed
2655 731 2713 774 ut
2755 720 2999 776 salvetur
3039 725 3276 780 mundus
3313 741 3410 795 per

1839 808 2010 875 ipsum
2039 810 2082 840 ἰ
2111 827 2124 875 ;
2161 829 2178 861 ι
2212 821 2265 865 et
2297 811 2490 864 iterum
2523 827 2539 866 :
2577 830 2595 863 ι
2631 811 2742 880 Ego
2774 825 2840 864 ex
2870 810 3033 867 Patre
3075 816 3208 875 exii.
3239 825 3290 871 et
3318 833 3412 872 ve-

1840 901 2014 953 nio".
2041 919 2060 951 ι
2119 901 2318 955 Scribit
2364 901 2527 955 etiam
2583 902 2779 959 alicubi
2831 905 3022 960 beatus
3066 905 3302 960 Joannes
3343 906 3410 960 de

1842 988 1957 1057 ipso
2005 1006 2018 1042 :
2071 1009 2088 1040 ι
2123 989 2224 1056 Qui
2280 993 2475 1061 accipit
2525 994 2894 1050 testimonium
2959 997 3123 1064 ejus,
3180 998 3411 1066 signavit

1840 1081 1964 1149 quia
1998 1080 2138 1136 Deus
2169 1097 2327 1137 verus
2356 1092 2473 1148 est;
2499 1098 2657 1153 quem
2701 1086 2844 1140 enim
2875 1088 3024 1142 misit
3047 1087 3208 1151 Deus,
3247 1088 3407 1139 verba

1844 1172 1933 1225 Dei
1983 1171 2224 1240 loquitur
2250 1172 2318 1225 ".
2357 1191 2376 1225 ι
2411 1172 2633 1228 Missum
2668 1190 2829 1244 porro
2878 1177 3108 1231 dicimus
3151 1177 3243 1230 Dei
3281 1177 3411 1231 Ver-

1841 1260 1989 1323 bum,
2040 1261 2179 1328 quod
2227 1263 2558 1329 apostolatus
2608 1279 2804 1319 nomen
2845 1274 2899 1318 et
2933 1280 3043 1320 rem
3093 1267 3250 1321 simul
3285 1281 3407 1320 cum

1840 1351 2222 1404 exiuanitionis
2249 1352 2516 1406 mensuris
2548 1352 2794 1406 haberet.
2826 1354 2904 1408 Tu
2934 1370 3063 1410 vero
3091 1355 3255 1409 stulte
3292 1355 3408 1409 for-

1841 1439 2035 1502 midas,
2069 1451 2123 1494 et
2156 1441 2228 1495 illi
2265 1441 2500 1497 tribuere
2531 1451 2584 1496 et
2616 1459 2808 1498 nomen
2840 1454 2894 1497 et
2924 1460 3033 1498 rem
3076 1446 3409 1514 apostolatus

1843 1544 1906 1583 ac
1948 1531 2238 1584 sacerdotii
2283 1533 2467 1587 nescio
2497 1547 2600 1600 qua
2642 1533 2709 1586 de
2742 1548 2901 1586 causa
2932 1534 3226 1589 erubescis.
3265 1535 3407 1588 Num

1841 1617 1982 1669 enim
2017 1618 2188 1687 ipsum
2230 1621 2521 1675 convenire
2552 1631 2712 1689 putas
2747 1622 2946 1676 homini
2978 1624 3052 1677 illi
3086 1640 3153 1679 ex
3182 1624 3411 1679 muliere

1845 1713 2099 1772 tanquam
2140 1708 2207 1760 ab
2247 1707 2338 1761 illo
2363 1709 2598 1775 diverso,
2637 1710 2960 1778 simplicem,
2987 1721 3046 1764 ut
3082 1712 3196 1780 ipse
3225 1722 3406 1782 putas.

1841 1796 2272 1862 conjunctionem
2323 1797 2563 1862 habenti,
2615 1810 2668 1852 et
2705 1802 2873 1856 solius
2905 1802 3185 1871 dignitatis
3222 1815 3406 1871 aequa-

1843 1885 2089 1940 litatem?
2125 1886 2404 1952 Quomodo
2449 1889 2610 1955 igitur
2633 1889 2744 1958 jam
2788 1892 2960 1961 ipsum
2991 1891 3226 1947 Verbum
3266 1891 3409 1960 quod

1843 1974 1986 2030 Deus
2014 1987 2152 2042 erat,
2181 1987 2394 2032 nostras
2423 1993 2507 2032 res
2529 1979 2731 2048 juvisse
2758 1982 3023 2046 cernitur,
3051 1983 3095 2037 si
3129 1999 3224 2052 per
3247 1984 3408 2036 alium

1843 2082 2054 2136 quoque
2098 2069 2164 2121 ad
2201 2067 2369 2122 Deum
2420 2084 2485 2124 ac
2527 2069 2740 2123 Patrem
2783 2071 2999 2126 adducti
3035 2073 3262 2126 sumus?
3294 2071 3410 2125 Non

1841 2160 1982 2213 enim
2022 2158 2134 2227 jam
2167 2173 2263 2227 per
2306 2159 2480 2227 ipsum
2519 2176 2791 2215 accessum
2831 2164 3139 2223 habuimus,
3183 2163 3275 2216 sed
3310 2163 3411 2216 fuit

1841 2249 2105 2302 mediator
2151 2261 2337 2303 noster
2389 2250 2548 2305 homo
2599 2252 2768 2305 nostri
2827 2252 3055 2319 similis,
3089 2252 3196 2321 65
3227 2252 3408 2306 ﬁctum

1843 2341 2052 2395 habens
2099 2341 2402 2396 divinitatis
2442 2357 2658 2396 nomen.
2709 2343 2780 2394 At
2837 2345 3002 2408 enim,
3046 2345 3244 2412 inquit,
3292 2346 3409 2397 exi-

1843 2448 2006 2502 guum
2051 2448 2184 2489 sane
2225 2443 2305 2489 est
2341 2431 2519 2488 Verbo
2567 2449 2631 2488 ex
2685 2433 2794 2488 Deo
2842 2435 3021 2501 genito
3071 2435 3410 2489 sacriﬁcandi

1844 2540 2060 2579 munus.
2094 2525 2379 2594 Exiguum,
2412 2525 2607 2589 fateor,
2650 2525 2744 2578 tibi
2786 2527 2927 2580 enim
2972 2526 3239 2580 assentior
3274 2527 3413 2580 veri—

1845 2625 2008 2669 tatem
2059 2617 2371 2683 prazdicanti
2404 2634 2416 2669 :
2449 2618 2543 2671 sed
2585 2618 2728 2671 haud
2770 2618 2908 2671 nuda
2946 2632 3097 2670 usum
3134 2617 3415 2670 divinitate

1843 2708 1929 2762 his
1954 2708 2044 2775 qui
2075 2716 2200 2760 sunt
2234 2708 2285 2758 in
2331 2707 2489 2760 terris
2516 2705 2790 2774 apparuit,
2820 2722 3002 2760 verum
3050 2708 3209 2761 homo
3237 2708 3410 2776 potius

1845 2797 2015 2851 nostri
2043 2795 2235 2850 similis
2265 2795 2485 2859 factum,
2511 2796 2594 2848 cui
2624 2810 2873 2864 magnum
2902 2795 3155 2863 quiddam
3187 2805 3270 2849 est
3298 2797 3411 2849 cxi-

1846 2887 2122 2953 miumque
2166 2883 2504 2938 sacriﬁcandi
2548 2881 2816 2948 cilicium;
2871 2884 3016 2952 qucd
3070 2883 3120 2937 si
3169 2883 3414 2951 repudiet

1845 2976 2185 3033 sacriﬁcandi
2221 2990 2415 3029 munus
2469 2984 2527 3028 ut
2562 2975 2790 3038 homini,
2835 2975 2948 3028 sive
2988 2974 3141 3028 alteri
3178 2974 3410 3042 cuipiam

1846 3071 2122 3124 servitutis
2159 3083 2466 3121 mensuram
2507 3067 2719 3121 habenti
2751 3067 3106 3131 conveniens,
3142 3067 3412 3135 quomodo

1846 3175 1950 3215 non
1977 3160 2169 3214 melius
2191 3158 2381 3213 fuisset
2419 3159 2581 3212 etiam
2614 3166 2736 3212 ante
2766 3159 2866 3211 hoc
2895 3173 3112 3222 munus,
3151 3159 3417 3212 humana-

1849 3251 2047 3304 tionem
2082 3248 2404 3316 repudiare?
2436 3247 2541 3301 Sed
2571 3255 2750 3301 nostra
2782 3261 2946 3300 causa
2990 3248 3134 3300 haud
3162 3247 3411 3313 rejicien-

1847 3341 1968 3393 dam
2008 3340 2177 3408 ipsam
2234 3340 2634 3406 generationem
2681 3339 2880 3393 duxit:
2925 3339 3025 3392 iste
3081 3349 3299 3402 tamen,
3353 3346 3413 3388 ut

1847 3430 1979 3495 dixi,
2014 3431 2292 3483 veritatem
2325 3430 2619 3491 erubescit,
2651 3429 2703 3483 in
2743 3444 2852 3497 quo
2883 3429 3222 3496 insipientem
3270 3443 3328 3482 se
3359 3438 3414 3482 et

1849 3522 2158 3589 imperitum
2192 3522 2446 3586 ostendit,
2490 3523 2737 3590 quamvis
2763 3523 2953 3576 beatus
2986 3520 3185 3576 Paulus
3226 3522 3410 3575 dicat:

1852 3629 1868 3660 ι
1906 3611 2021 3665 Non
2078 3613 2221 3665 enim
2282 3613 2545 3665 erubesco
2611 3611 2996 3682 Evangeli‘um;
3045 3614 3217 3666 virtus
3269 3616 3412 3665 enim

1850 3703 1939 3758 Dei
1972 3715 2055 3756 est
2088 3703 2137 3755 iu
2182 3702 2410 3755 salutem
2446 3703 2591 3756 omni
2634 3703 2875 3758 credenti
2893 3705 2958 3758 ".
2995 3722 3012 3754 ι
3044 3703 3416 3756 Admiratione

1845 3803 2024 3846 autem
2063 3794 2280 3862 dignum
2313 3805 2394 3846 est
2435 3794 2524 3847 Dei
2550 3793 2782 3847 Verbum
2829 3795 3019 3848 salutis
3062 3808 3126 3848 ac
3153 3795 3276 3847 vitae
3307 3808 3417 3846 om-

1846 3886 1993 3938 nium
2047 3899 2208 3939 causa
2266 3895 2467 3939 tantam
2517 3886 2870 3940 humilitatem
2922 3888 3104 3942 subire
3154 3887 3411 3946 voluisse.

1845 3992 2004 4045 quam
2038 3977 2220 4030 nescio
2251 3977 2518 4044 quomodo
2562 3976 2649 4029 hic
2676 3977 2979 4044 ineptarum
3009 3979 3413 4046 disciplinarum

1847 4066 2114 4128 inventor,
2138 4066 2219 4119 vel
2242 4067 2484 4119 conﬁteri
2513 4067 2684 4120 solum
2723 4069 2991 4122 erubescit
3019 4087 3032 4122 :
3066 4085 3186 4123 cum
3208 4071 3414 4139 aequius

1847 4156 2038 4210 fuisset
2091 4166 2368 4224 propterea
2409 4156 2580 4224 ipsum
2638 4157 2939 4222 admirari,
2992 4167 3045 4212 et
3089 4159 3248 4214 simul
3291 4175 3414 4215 eum

1846 4247 2006 4300 beato
2052 4245 2318 4313 Propheta
2368 4247 2604 4300 clamare
2635 4265 2646 4300 :
2683 4265 2698 4297 ι
2737 4247 2980 4310 Domine,
3029 4248 3207 4302 audivi
3257 4248 3414 4302 audi-

1850 4347 1960 4389 tum
2000 4345 2167 4400 tuum,
2199 4345 2251 4388 et
2276 4337 2456 4402 timui;
2499 4337 2832 4391 consideravi
2882 4353 3043 4405 opera
3094 4349 3204 4402 tua,
3236 4349 3288 4392 et
3322 4356 3415 4394 ex-

139 4427 380 4492 κραγεῖν
431 4422 491 4474 δὲ
538 4423 674 4492 ὁμοῦ
720 4424 799 4493 τῷ
849 4427 1106 4496 μακαρίῳ
1152 4429 1443 4498 προφήτῃ·
1505 4427 1739 4497 ιΚύριε,

1849 4425 1970 4494 pavi
1994 4425 2059 4478 ³⁸.
2094 4444 2111 4476 ι
2149 4424 2281 4477 Nam
2311 4440 2432 4479 cum
2474 4441 2664 4479 omnes
2703 4427 2920 4480 Litterae
2955 4428 3215 4483 divinitus
3244 4430 3416 4499 inSpi-

140 4516 463 4586 εἰσακήκοα
490 4513 594 4584 τὴν
623 4517 795 4584 ἀκοήν
831 4533 924 4568 σου
957 4519 1049 4570 καὶ
1084 4518 1391 4587 ἐφοϐήθηνο
1443 4520 1746 4588 κατενόησα

138 4607 210 4659 τὰ
235 4609 383 4678 ἔργα
418 4623 517 4659 σου
548 4609 643 4661 καὶ
671 4607 921 4678 ἐξέστην.
947 4627 964 4658 ι
1012 4609 1228 4680 Ἐπειδὴ
1261 4608 1314 4662 δὲ
1347 4611 1563 4679 ἁπάσης
1599 4611 1744 4680 αὑτῷ

141 4698 240 4765 τῆς
300 4694 680 4749 θεοπνεύστου
743 4697 783 4748 Γ
788 4697 968 4765 ραφῆς
1029 4697 1483 4767 ἀντεγειρομένης
1545 4698 1745 4766 τρόπον

141 4789 286 4853 τινὰ,
329 4787 432 4840 καὶ
459 4788 876 4857 ἀντανιστώσης
902 4787 1000 4856 τὴν
1029 4787 1308 4857 ἀλήθειαν,
1337 4789 1543 4858 ψυχρόν
1567 4807 1625 4840 τε
1653 4790 1747 4841 καὶ

145 4877 334 4939 ἆῦλον,
372 4875 474 4928 καὶ
507 4875 809 4944 οὐδαμόθεν
843 4876 1302 4946 ὲπικουρούμενον
1337 4877 1742 4947 ἁποφαινούσης

145 4969 289 5039 αὐτῷ
319 4969 421 5020 τὸν
455 4967 552 5018 ἐπὶ
581 4969 693 5028 τοίς
731 4968 883 5029 ἰδίοις
904 4967 1176 5036 εὑρήμασι
1201 4967 1379 5035 λόγον,
1403 4968 1740 5038 διηπόρηκεν

147 5057 203 5107 οὐ
241 5057 494 5125 μετρίως
541 5055 653 5107 τῶν
698 5057 775 5118 είς
821 5054 1087 5126 ὀρθότητά
1127 5071 1187 5106 τε
1231 5056 1326 5107 καὶ
1359 5055 1614 5124 ἀλήθειαν
1655 5058 1740 5107 ὲν-

149 5148 304 5199 νοιῶν
333 5165 401 5199 τε
448 5146 548 5199 καὶ
580 5145 924 5212 διασκέψεως)
946 5161 957 5171 ·
989 5144 1165 5215 ταύτῃ
1201 5162 1304 5207 τοι,
1339 5145 1433 5197 καὶ
1477 5145 1511 5198 ἂ
1556 5147 1743 5214 μηδεὶς

152 5238 374 5292 πώποτε
407 5238 520 5289 τῶν
551 5239 631 5300 εἰς
657 5236 929 5306 ὀρθότητα
955 5236 1054 5306 τὴν
1083 5235 1421 5304 δογματικὴν
1457 5254 1740 5305 μεμαρτυ-

158 5331 434 5396 ρημένων,
470 5327 503 5395 ἦ
536 5324 922 5396 πεφρονηκὼς,
949 5325 982 5393 ἢ
1016 5325 1186 5391 λέγων
1208 5325 1507 5385 ἁλίσκεται,
1543 5325 1741 5388 ταύτας

158 5423 389 5472 ποιεῖται
423 5419 524 5470 τοῦ
561 5418 722 5485 λόγου
756 5417 858 5478 τὰς
900 5415 1181 5485 ἀφορμάς·
1216 5417 1511 5484 σκιαμαχεί
1553 5432 1612 5467 τε
1648 5418 1742 5469 καὶ

157 5508 480 5562 διατείνεται
524 5509 727 5577 μάτην,
759 5506 1146 5572 ἀντεξάγοντος
1187 5505 1417 5568 οὐδενὸς,
1447 5505 1478 5574 ἣ
1516 5507 1740 5574 φιλονει-

227 5693 272 5723 ⁹⁹
293 5677 444 5746 Ῥδέιῐ.
480 5708 611 5757 XLII,
644 5693 696 5745 5.

777 5691 818 5722 ⁹¹
849 5688 1005 5744 Joan.
1039 5703 1119 5754 ut,
1153 5686 1234 5742 l7.
1312 5688 1355 5718 "
1387 5683 1537 5740 Joan.
1570 5691 1786 5751 att-1,9,7.

1850 4522 1980 4567 ratae
2017 4511 2117 4582 ipsi
2174 4522 2559 4582 repugnarent,
2612 4524 2668 4566 et
2717 4525 3052 4582 Opponercnt
3102 4518 3411 4582 veritatem,

1847 4603 2068 4671 ejusque
2099 4618 2402 4657 sermonem
2427 4619 2532 4669 quo
2564 4618 2658 4656 sua
2688 4616 2990 4658 commenta
3021 4616 3221 4671 tuetur,
3259 4608 3413 4677 frigi-

1849 4695 1973 4747 dum
2002 4703 2056 4748 et
2087 4695 2256 4749 levem
2287 4703 2339 4748 ct
2377 4695 2518 4746 nulla
2547 4709 2614 4748 cx
2643 4703 2793 4762 parte
2825 4695 3012 4750 fultum
3046 4699 3413 4760 ostenderent,

1851 4801 1955 4838 non
2014 4787 2267 4840 mediocri
2304 4787 2526 4855 penuria
2577 4797 2846 4841 rectarum
2898 4803 3255 4856 verarumque
3290 4806 3416 4843 scu—

1849 4876 2138 4930 tcntiarum
2185 4886 2236 4929 et
2269 4876 2679 4944 inquisitionum
2720 4877 2983 4930 laboravit
3012 4895 3026 4931 :
3062 4893 3124 4932 ea
3158 4880 3221 4933 de
3253 4895 3416 4934 causa

1848 4981 1966 5035 quae
2013 4980 2169 5019 nemo
2210 4980 2442 5032 unquam
2493 4975 2634 5018 recta
2671 4967 2984 5034 dogmatum
3031 4969 3416 5022 tradendorum

1851 5059 2061 5111 ratione
2095 5057 2344 5120 celebris,
2394 5068 2483 5109 aut
2534 5057 2789 5120 sensisse,
2841 5069 2932 5110 aut
2983 5058 3186 5111 dixisse
3216 5059 3412 5126 depre-

1851 5149 2123 5211 henditur,
2159 5149 2223 5200 iis
2254 5164 2348 5214 pro
2378 5162 2686 5201 sermonum
2730 5162 2946 5202 suorum
2990 5148 3276 5201 occasione
3308 5150 3414 5201 titi-

1849 5250 1955 5304 tur,
2003 5249 2056 5291 ct
2097 5254 2216 5292 cum
2263 5241 2466 5291 umbris
2508 5247 2725 5306 pugnat,
2786 5249 2839 5291 et
2886 5237 3081 5290 frustra
3133 5240 3411 5292 contendit

1849 5329 2064 5381 nemine
2103 5338 2459 5396 repugnante,
2495 5338 2587 5380 aut
2628 5327 2707 5380 his
2741 5326 2805 5379 de
2839 5328 2996 5379 rebus
3027 5326 3412 5390 cantendcnte,

1849 5417 1988 5483 quod
2019 5416 2142 5468 illud
2174 5431 2292 5469 esse
2335 5426 2460 5484 puto
2493 5431 2670 5468 acrem
2705 5415 3013 5468 verberare.
3056 5410 3200 5466 Dixit
3227 5416 3412 5468 enim:

1849 5507 1980 5571 Quis
2016 5505 2256 5574 Apostoli
2304 5520 2496 5557 munus
2527 5519 2647 5557 cmn
2689 5503 2959 5559 didicerit.
3001 5519 3104 5557 non
3143 5502 3284 5556 illico
3324 5503 3409 5557 in-

1869 5693 1911 5721 “
1944 5686 2094 5742 Joan.
2124 5701 2203 5752 Ill,
2235 5687 2283 5740 5.

2364 5689 2405 5719 ’³³
2436 5688 2591 5743 Rom.
2622 5703 2659 5760 1,
2691 5690 2774 5743 ιο.
2851 5693 2894 5724 ⁸⁸
2936 5690 3129 5745 llabac.
3162 5708 3238 5752 ιιι,
3272 5692 3321 5746 l.
