4028 6432
625 329 730 384 119

1607 323 1664 379 S.
1707 323 1976 379 CYRILLI
2017 324 2486 382 ALEXANDRINI
2527 326 2848 383 ARCHZEP.

3769 335 3878 391 £20

625 440 794 496 dicari
841 439 1110 496 hominem
1140 435 1436 506 intelligat?
1474 436 1605 502 Quis
1648 439 1915 506 pontificis
1960 439 2196 509 appella-

2321 444 2417 494 ιιῖν
2447 441 2723 504 ἐθέλοντος
2749 441 3104 510 περὶτούτων
3135 444 3313 498 αὐτῶν
3358 444 3487 517 [ῖσ.
3520 447 3737 520 αὐτῷ]·
3778 450 3877 502 καὶ

629 534 832 588 tionem
861 530 1104 594 audiens,
1138 528 1436 582 divinitatis
1479 530 1768 582 essentiam
1803 531 1976 598 ipsum
2013 532 2194 598 ponti-

630 628 782 680 ficem
806 623 1115 678 existimet?
1140 621 1272 674 Cum
1313 635 1440 689 ergo
1471 621 1558 687 qui
1588 620 1687 673 hoc
1711 620 1876 685 dicat,
1916 633 2074 674 nemo
2102 621 2192 684 sit,

627 729 748 769 cum
780 713 998 783 quibus,
1041 712 1126 764 dic
1171 710 1322 773 mihi,
1358 708 1658 770 contendis,
1705 717 1758 760 et
1804 722 1915 760 rem
1955 708 2196 762 omnium

629 805 898 860 sententia
937 805 1267 864 damnatam,
1317 809 1570 867 tanquam
1623 798 1738 865 ipse
1783 798 1929 851 solus
1966 809 2197 864 evertas,

631 908 923 970 patmarem
959 900 1050 953 tibi
1087 900 1227 952 hanc
1259 911 1492 965 pugnam
1537 894 1776 948 futuram
1807 893 1995 962 putas?
2027 891 2200 947 Porro

632 991 903 1060 quomodo
935 990 1166 1044 inficiari
1202 989 1371 1054 possit
1404 996 1456 1040 te
1497 987 1548 1039 in
1583 985 1821 1037 medium
1849 983 1899 1036 id
1935 984 2198 1050 proferre,

632 1083 776 1154 quod
824 1097 945 1135 cum
991 1096 1020 1133 a
1074 1082 1291 1133 nemine
1339 1079 1570 1138 dicatur,
1621 1083 1799 1128 tacere
1845 1073 2018 1128 satius
2060 1080 2199 1138 erat,

634 1187 793 1242 quam
842 1172 896 1224 in
949 1170 1337 1238 simpliciorum
1385 1167 1594 1220 animos
1641 1162 2202 1232 injicere?660uis

636 1264 781 1318 enim
827 1271 910 1316 est
960 1262 1091 1314 adeo
1139 1259 1419 1322 attonitus,
1473 1267 1529 1310 ut
1563 1257 1860 1310 divinitatis
1909 1255 2200 1308 essentiam

640 1356 811 1422 ipsum
862 1350 1176 1406 Pontilicem
1235 1348 1544 1402 existimet?
1595 1345 1766 1399 Homo
1817 1353 1934 1397 erat
1985 1344 2200 1406 Aaron,

638 1440 887 1510 quamvis
929 1439 1153 1505 adeptus
1188 1446 1245 1489 ut
1289 1437 1342 1489 in
1383 1435 1472 1488 illo
1515 1435 1695 1488 divino
1735 1435 2035 1487 sacerdotio
2083 1433 2202 1488 aliis

638 1529 952 1585 excelleret.
1027 1526 1306 1593 Quomodo
1359 1525 1523 1594 igitur
1571 1525 1853 1591 quisquam
1905 1522 2204 1576 divinitatis

638 1621 929 1676 essentiam
969 1619 1144 1688 ipsum
1200 1616 1508 1685 pontiﬁcem
1560 1614 1750 1681 putet?
1806 1623 1897 1666 aut
1936 1615 2205 1682 quomodo

642 1727 746 1768 non
796 1725 1018 1780 prorsus
1062 1709 1382 1762 conﬁteatur
1433 1705 1704 1758 hominem
1753 1704 2200 1767 commemorari,

2299 533 2476 598 τοῦτο,
2499 532 2650 604 οἶμαι
2677 536 2788 588 ἔστι
2808 535 2886 602 τὸ,
2909 538 2990 599 εἰς
3021 537 3158 607 ἀέρα
3183 538 3380 608 δέρειν.
3411 540 3554 610 Ἔφη
3585 541 3694 610 γάρ
3713 557 3726 570 °
3775 541 3880 604 Τίς

2312 625 2635 678 ’Λποστόλου
2666 627 3009 696 λειτουργίαν
3040 627 3248 697 μαθὼν,
3278 630 3378 681 οὐκ
3397 629 3560 690 εὐθὺς
3588 629 3882 702 ἄνθρωπον

2304 715 2636 786 μηνυόμενον
2661 717 2833 784 ἔγνως
2863 718 2958 779 Τίς
2978 718 3277 787 ἀρχιερέως
3309 721 3603 788 ὀνομασίαν
3638 721 3878 786 ἀκούων,

2301 806 2550 875 θεότητος
2586 807 2774 860 οὐσίαν
2808 807 2898 860 τὸν
2925 809 3185 878 ἀρχιερέα
3213 810 3483 878 νομίσειεν
3506 828 3519 875 ;
3549 812 3677 865 Ὅτε
3699 812 3883 865 τοίνυν

2301 897 2475 960 οὐδεὶς
2499 899 2527 948 6
2560 898 2714 950 τοῦτο
2745 899 2917 966 λέγων
2949 901 3084 962 ἐστὶ,
3111 901 3270 963 τίσιν,
3315 903 3434 954 εἰπέ
3482 920 3593 971 μοι,
3641 903 3884 971 φιλονει-

2303 991 2436 1050 κεῖς,
2475 989 2570 1040 καὶ
2609 990 2670 1040 τὸ
2711 993 2828 1052 ταῖς
2863 992 3114 1045 ἀπάντων
3156 993 3357 1062 ψήφοις
3405 993 3883 1062 κατεγνωσμένον,

2303 1077 2377 1139 ὠς
2432 1077 2590 1146 μόνος
2641 1080 2800 1143 αὐτὸς
2853 1082 3194 1152 ἀνατρέπων,
3267 1083 3368 1135 οἴει
3413 1083 3551 1154 τάχα
3597 1101 3720 1145 που,
3786 1084 3888 1136 καὶ⁸

2303 1169 2481 1240 γερῶν
2507 1169 2662 1234 ἀξίαν
2693 1173 2962 1226 ποιεῖσθαι
2983 1173 3080 1242 τὴν
3110 1173 3390 1240 ἔνστασιν;
3422 1175 3615 1227 Καίτοι
3639 1173 3755 1236 πῶς
3780 1175 3890 1226 οὐκ

2304 1262 2518 1331 ἀληθὲς,
2559 1261 2635 1324 ὡς
2667 1261 2823 1315 τοῦτο
2855 1264 3106 1331 λέγοντος
3133 1265 3364 1328 οὐδενὸς,
3424 1265 3504 1328 είς
3533 1266 3694 1335 μέσον
3725 1265 3889 1333 ἄγεις

2304 1353 2481 1414 αὐτὸς,
2503 1352 2530 1404 δ
2552 1357 2758 1424 σιωπᾷν
2791 1355 3036 1424 ἄμεινον,
3068 1357 3162 1409 καί⁸
3199 1357 3272 1425 μὴ
3294 1357 3413 1418 ταῖς
3444 1356 3553 1407 τῶν
3582 1357 3890 1410 ἁπλουστέ-

2309 1460 2414 1512 ρων
2433 1443 2669 1496 ἐνίεσθαι
2687 1443 2884 1513 ψυχαῖς
2909 1461 2924 1509 ;
2954 1445 3050 1508 Τίς
3067 1445 3174 1514 γὰρ
3195 1445 3364 1509 οὕτως
3389 1446 3772 1515 ἐμϐρόντητος,
3805 1446 3890 1509 ὡς

2306 1533 2557 1604 θεότητος
2589 1535 2775 1588 οὐσίαν
2796 1535 2884 1587 τὸν
2925 1535 3210 1604 ’Λρχιερέα
3231 1535 3476 1605 νομίζειν
3505 1554 3519 1601 ;
3559 1535 3893 1604 Ἀνθρωπος

2305 1619 2373 1692 ἦν
2411 1622 2639 1692 ’Λαρὼν,
2677 1622 2851 1676 καίτοι
2895 1623 2955 1674 τὸ
2999 1621 3259 1691 προῦχειν
3287 1623 3393 1674 τῶν
3425 1622 3599 1676 ἄλλων
3633 1621 3690 1673 ἐν
3723 1622 3898 1691 ἱερω-

2309 1713 2442 1783 σύνῃ
2473 1715 2538 1782 τῇ
2575 1712 2694 1783 θείᾳ
2736 1711 2936 1782 λαχών.
2971 1712 3095 1775 Πῶς
3128 1709 3222 1765 οὖν
3253 1713 3317 1765 ἄν
3354 1731 3439 1776 τις
3477 1712 3664 1765 οὐσίαν
3697 1711 3897 1779 θεότη-

637 1819 763 1859 cum
809 1802 980 1857 frater
1021 1800 1112 1854 ille
1155 1798 1287 1853 Mosi
1337 1807 1393 1850 ut
1441 1796 1678 1865 pontifex
1719 1795 2060 1863 appellatur?
2103 1793 2206 1848 Sed

2321 1821 2402 1868 τος
2433 1803 2524 1856 τὸν
2565 1803 2824 1875 ἀρχιερέα
2851 1802 3163 1873 νομίσειεν;
3209 1805 3241 1873 ἢ
3285 1803 3400 1867 πῶς
3441 1803 3506 1857 ἂν
3544 1803 3665 1874 οὐχὶ
3708 1803 3896 1871 πάντη

639 1898 781 1952 enim
824 1909 948 1949 cum
993 1904 1336 1947 communem
1374 1901 1679 1942 sermonem
1738 1885 1998 1953 proferat,
2036 1895 2088 1939 et
2116 1886 2205 1953 qui

639 1987 836 2055 cuique
866 1986 933 2040 de
982 1989 1169 2036 nostro
1217 1991 1441 2032 numero
1479 1976 1746 2030 sacerdoti
1777 1976 2003 2043 quadret
2051 1985 2209 2042 atque

641 2075 948 2136 conveniat,
982 2068 1400 2139 dispensationis
1449 2080 1567 2133 qua:
1596 2067 1647 2119 in
1695 2064 1916 2119 Christo
1957 2065 2210 2134 intelligi-

643 2179 751 2230 tur,
794 2161 1165 2218 admirabilem
1216 2158 1439 2227 gloriam
1474 2155 1802 2208 labefactare
1849 2163 2102 2216 conatur,
2157 2162 2212 2207 et

643 2258 885 2314 divinum
927 2253 1057 2308 illud
1090 2251 1408 2320 mysterium
1457 2257 1698 2300 nostrum
1738 2261 1802 2298 ex
1843 2245 1966 2299 imis
1991 2244 2210 2299 sedibus

644 2349 809 2404 audet
837 2354 1105 2407 evertere,
1142 2340 1363 2394 minime
1391 2339 1635 2406 cogitans
1662 2335 1956 2391 Ecclesiam
1985 2350 2014 2389 a
2047 2335 2210 2389 Chri-

643 2453 728 2494 sto
768 2451 930 2506 supra
961 2443 1171 2503 petram
1213 2445 1334 2485 esse
1363 2429 1662 2492 fundatam,
1704 2435 1758 2482 et
1791 2440 2068 2494 nunquam
2097 2423 2213 2478 fore

645 2542 704 2585 ut
734 2529 1000 2584 adversus
1041 2538 1160 2578 eam
1203 2528 1371 2591 portae
1404 2519 1562 2574 inferi
1613 2517 2023 2587 praevaleant".
2058 2513 2214 2567 Dedi-

644 2627 840 2691 gnatur
869 2616 1013 2672 enim
1055 2627 1395 2669 communem
1432 2619 1487 2664 et
1523 2609 1764 2663 omnium
1796 2615 1940 2660 recte
1973 2606 2213 2660 sentien-

647 2713 781 2766 tium
809 2709 1117 2778 opinionem
1147 2705 1300 2773 sequi
1333 2718 1346 2754 :
1380 2717 1571 2756 novam
1604 2716 1712 2754 suae
1752 2700 2036 2754 sententia;
2071 2700 2210 2752 viam

647 2800 1042 2855 inconsiderate
1077 2796 1222 2850 solus
1269 2793 1588 2862 ingreditur.
1635 2789 1741 2844 Nos
1789 2791 1959 2854 enim,
2010 2799 2069 2842 ut
2101 2789 2210 2857 jam

647 2890 898 2959 prmfatus
946 2902 1091 2955 sum,
1127 2887 1254 2940 illud
1302 2900 1366 2939 ex
1404 2883 1511 2937 Deo
1554 2882 1713 2934 Patre
1752 2880 2003 2946 Verbum,
2041 2879 2215 2933 homi-

648 2996 768 3034 nem
804 2979 1026 3042 factum,
1063 2987 1116 3032 et
1154 2977 1257 3032 sibi
1307 2985 1363 3030 et
1410 2974 1554 3028 Patri
1606 2972 1942 3027 sacrificasse
1984 2971 2215 3025 dicimus

650 3073 771 3127 fidei
807 3083 1006 3127 nostra:
1053 3068 1474 3131 confessionem,
1518 3075 1571 3120 et
1619 3072 2002 3133 congruentem
2041 3062 2213 3114 nulla-

647 3179 754 3235 que
782 3178 848 3217 ex
882 3171 1032 3232 parte
1059 3176 1089 3216 a
1120 3173 1368 3214 mensura
1402 3156 1784 3212 exinanitiouis
1817 3155 2211 3222 discrepantem
2247 3139 2291 3202 C

648 3256 883 3326 gessisse
930 3251 1413 3322 dispensationem.
1466 3249 1571 3302 Sed
1620 3263 1728 3300 non
1775 3245 1850 3300 illi
1897 3245 2012 3298 hare
2048 3245 2118 3298 ita
2158 3257 2216 3297 se

650 3345 852 3400 habere
889 3343 1160 3404 videntur,
1193 3340 1287 3394 sed
1335 3339 1425 3391 ubi
1458 3336 1710 3403 privatim
1761 3349 1824 3388 ac
1865 3335 2091 3388 seorsim
2135 3333 2217 3386 di-

648 3436 860 3498 srinxit,
897 3444 1148 3502 tanquam
1193 3431 1329 3484 alius
1371 3429 1442 3483 sit
1481 3429 1729 3482 Christus
1778 3427 1868 3480 illc
1911 3441 1976 3479 ex
2029 3435 2216 3479 sancta

648 3523 869 3592 Virgine
920 3523 987 3575 ab
1029 3521 1121 3574 illo
1166 3536 1230 3572 cx
1272 3521 1379 3572 Deo
1421 3519 1579 3571 Patre
1609 3515 1808 3577 Verbo,
1846 3514 2014 3582 ipsum
2053 3513 2218 3567 fuisse

651 3616 850 3669 asserit
899 3613 1214 3682 Apostolum
1260 3621 1315 3664 et
1363 3609 1680 3662 Pontilicem
1716 3606 2073 3660 confessionis
2121 3620 2218 3658 no-

649 3705 869 3768 sme",
919 3717 1086 3770 seque
1132 3703 1218 3770 pie
1267 3701 1624 3769 religioseque
1659 3698 1862 3751 sentire
1897 3705 2047 3763 putat
2095 3709 2216 3748 cum

653 3799 771 3851 ait:
803 3795 857 3850 Si
894 3793 1035 3846 Deus
1061 3802 1144 3846 est
1189 3791 1277 3844 ille
1310 3791 1400 3857 qui
1446 3788 1622 3850 oll‘ert,
1657 3787 1832 3838 nullus
1861 3795 1944 3838 est
1970 3785 2053 3838 cui
2085 3783 2218 3837 olle-

651 3896 804 3941 ratur
833 3902 847 3938 :
882 3883 1006 3953 quid
1032 3883 1174 3936 enim
1203 3881 1485 3934 divinitate
1509 3880 1726 3946 dignum
1756 3877 1848 3939 sit,
1877 3887 1933 3928 ut
1963 3888 2215 3944 tanquam

654 3980 878 4036 inferior
913 3976 1099 4043 majori
1141 3973 1366 4028 offerat?
1407 3972 1511 4026 Sed
1560 3972 1603 4024 si
1641 3973 1761 4039 quis
1788 3979 1930 4023 esset
1963 3969 2051 4036 qui
2085 3984 2216 4020 con-

654 4072 902 4126 tenderet
932 4084 994 4121 ac
1025 4069 1246 4128 diceret,
1283 4067 1456 4132 ipsum
1493 4077 1616 4115 vere
1643 4077 1707 4114 ex
1753 4061 1859 4114 Deo
1885 4058 2044 4113 Patre
2070 4061 2220 4128 geni-

654 4173 764 4216 tum
796 4159 1030 4214 Verbum
1079 4156 1240 4210 etiam
1282 4165 1564 4221 antequam
1603 4153 1761 4204 homo
1814 4140 1986 4214 lieret,
2021 4149 2086 4201 ad
2129 4164 2218 4202 sa-

655 4252 880 4308 cerd0tii
933 4264 1129 4304 munus
1175 4263 1293 4301 csse
1335 4247 1676 4307 collocatum,
1727 4252 1782 4296 et
1827 4244 1878 4296 iu
1931 4241 2218 4294 ministerii

655 4344 842 4397 ordine
898 4357 960 4395 ac
1013 4354 1259 4392 mensura
1309 4337 1678 4396 constitutum,
1727 4348 1896 4400 eaque
1945 4333 2009 4384 de
2057 4345 2217 4383 causa

649 4435 771 4500 jure
831 4430 1089 4500 appellari
1132 4428 1436 4496 pontificem
1479 4437 1530 4478 et
1580 4424 1899 4492 apostolum,
1946 4424 2220 4489 sapienter

658 4527 840 4593 utique
870 4522 1182 4582 rcfutasset,
1221 4528 1274 4572 et
1303 4529 1424 4584 apte
1455 4518 1553 4568 hac
1586 4518 1648 4569 de
1686 4530 1741 4567 re
1765 4512 2072 4566 conclusam
2106 4527 2224 4564 esse

657 4619 723 4670 ab
748 4631 812 4669 eo
841 4611 1304 4666 ratiocinationem
1333 4607 1436 4659 dici
1469 4614 1668 4672 posset.
1697 4603 1808 4656 Non
1841 4603 1983 4656 enim
2021 4613 2226 4655 natura:

659 4709 730 4762 illi
783 4705 1031 4758 omnibus
1085 4699 1382 4753 dominanti
1434 4697 1804 4750 sacrificantes
1851 4696 2110 4756 deerant,
2171 4703 2227 4746 ιιι

658 4799 770 4867 ipsa
815 4795 916 4847 sibi
969 4806 1182 4845 sacrum
1232 4791 1511 4842 exhiberet
1551 4787 1889 4853 obsequium.
1943 4785 2045 4838 Sed
2095 4785 2223 4851 quia

658 4888 747 4942 illc
785 4882 1105 4952 Unigenitus
1131 4881 1219 4949 qui
1256 4891 1442 4932 natura
1483 4877 1623 4930 Deus
1647 4888 1787 4940 erat,
1821 4887 1874 4930 et
1904 4894 1929 4928 a
1967 4878 2220 4929 sacerdo-

662 4984 804 5036 tibus
843 4977 1100 5043 obsequia
1141 4989 1290 5028 sacra
1329 4973 1676 5040 suscipiebat,
1708 4973 1770 5023 ad
1801 4984 2105 5023 mensuram
2135 4982 2225 5021 eo-

662 5089 776 5127 rum
807 5068 1083 5124 descendit
1105 5067 1192 5134 qui
1219 5064 1521 5119 sacerdotio
1551 5062 1927 5130 fungebantur,
1954 5060 2136 5120 homo,
2172 5065 2226 5109 ut

661 5164 791 5227 dixi,
816 5160 1004 5222 factus,
1031 5156 1163 5209 nihil
1183 5154 1399 5209 absurdi
1423 5163 1525 5217 est,
1547 5153 1588 5205 si
1609 5157 1770 5205 etiam
1793 5152 2047 5206 sacerdos
2070 5164 2226 5202 voce-

663 5266 747 5307 tur
775 5269 803 5305 a
835 5251 1004 5304 nobis.
1046 5252 1125 5302 An
1160 5265 1285 5302 vero
1318 5263 1423 5299 non
1466 5245 1744 5298 descendit
1778 5246 1826 5296 iu
1859 5243 2027 5296 forma
2062 5240 2227 5302 servi,

662 5345 770 5415 67
811 5342 1036 5396 formam
1065 5340 1266 5394 scilicet
1293 5339 1432 5391 servi
1464 5337 1757 5403 accipiens,
1781 5333 2029 5403 quamvis
2059 5332 2230 5400 ﬁgura

665 5443 807 5488 esset
860 5447 921 5485 ac
971 5432 1219 5499 splendor
1265 5430 1445 5495 gloria:
1496 5427 1670 5480 Patris
1694 5426 1778 5477 ἐἳ
1819 5438 2039 5493 prorsus
2073 5436 2230 5475 nemo

667 5535 749 5577 est
782 5523 870 5589 qui
899 5522 960 5574 de
990 5523 1086 5574 hac
1113 5535 1170 5572 re
1198 5520 1420 5572 dubitet.
1456 5518 1587 5571 Cum
1625 5517 1784 5583 igitur
1816 5517 1904 5569 ille
1932 5514 2226 5568 secundum

738 5703 780 5732 ”
814 5699 1002 5753 Matth.
1030 5711 1138 5761 xt‘t,
1168 5697 1251 5749 l6.
1329 5699 1369 5728 9'
1409 5696 1565 5750 llcbr.
1599 5697 1733 5760 iiI,l.

2313 1912 2370 1948 τε
2429 1896 2520 1947 καὶ
2573 1895 2790 1957 πάντως
2849 1895 3232 1962 ὁμολογήσειεν
3288 1893 3574 1965 ἀνθρώπου
3633 1894 3898 1962 γενέσθαι

2318 1985 2557 2054 μνήμην,
2583 1984 2711 2036 ὅταν
2741 1985 2869 2052 ἡμῖν
2895 1985 2923 2035 6
2961 1983 3201 2045 Μωσέως
3229 1981 3452 2050 ἀδελφὸς
3485 1982 3558 2044 ὼς
3599 1981 3900 2050 ἀρχιερεὺς

2315 2074 2674 2143 ὀνομάζηται;
2718 2073 2878 2126 Ἀλλά
2905 2074 3016 2144 γάρ
3040 2073 3218 2126 κοινόν
3247 2089 3370 2125 τινα
3394 2072 3488 2124 καὶ
3519 2070 3658 2124 κατά
3688 2071 3901 2133 παντὸς

2316 2164 2617 2235 ἀρχιερέως
2654 2162 2764 2217 τῶν
2806 2163 2928 2216 καθ’
2980 2164 3128 2232 ἡμᾶς
3181 2162 3326 2215 ἰόντα
3364 2178 3424 2214 τε
3467 2161 3561 2214 καὶ
3610 2160 3903 2232 πρέποντα

2317 2255 2590 2325 προτιθεὶς
2610 2255 2700 2308 τὸν
2740 2254 2916 2322 λόγον,
2954 2255 3054 2324 τῆς
3077 2254 3136 2306 ἐν
3160 2252 3382 2323 Χριστῷ
3421 2253 3712 2322 νοουμένης
3740 2251 3898 2303 οἰκο-

2317 2347 2508 2413 νομίας
2545 2345 2608 2397 τὸ
2651 2344 2950 2415 παράδοξον
2983 2344 3282 2416 παραλύειν
3326 2345 3616 2414 ἐπιχειρεῖ,
3658 2343 3749 2395 καὶ
3777 2336 3901 2394 οἷον

2317 2438 2382 2490 ἐκ
2415 2436 2629 2507 βάθρων
2659 2436 2836 2489 αὐτῶν
2859 2436 3166 2490 κατασείειν
3189 2435 3468 2508 ἀποτολμᾷ
3493 2433 3552 2486 τὸ
3575 2433 3713 2486 θεῖον
3732 2432 3902 2501 ἡμῶν

2323 2527 2619 2597 μυστήριον
2640 2542 2652 2556 ·
2689 2526 2790 2579 οὐκ
2819 2526 3034 2592 ἐννοῶν,
3074 2527 3156 2579 ὅτι
3185 2524 3576 2596 “omnem
3598 2527 3628 2579 6
3647 2522 3902 2596 Χρισςὺς

2318 2619 2410 2670 ἐπὶ
2441 2616 2645 2687 πέτραν
2663 2617 2763 2688 τὴν
2805 2616 3132 2686 Ἐκκλησίαν
3152 2632 3164 2646 ·
3195 2615 3290 2670 καὶ
3317 2617 3481 2670 πύλαι
3503 2616 3627 2687 ᾅδου
3657 2617 3716 2668 οὐ
3761 2631 3904 2668 κατ-

2321 2709 2632 2779 ισχύσουσιν
2682 2710 2872 2778 αὐτῆς.
2910 2709 3146 2763 ’Ήκιστα
3171 2709 3270 2779 μὲν
3309 2709 3418 2779 γὰρ
3465 2709 3607 2773 ἀξιοῖ
3637 2710 3705 2777 τῇ
3737 2709 3901 2776 κοινῇ

2319 2799 2413 2851 καὶ
2462 2798 2716 2851 ἀπάντων
2763 2799 2869 2850 τῶν
2908 2799 3041 2868 ὀρθά
3088 2801 3302 2869 φρονεῖν
3350 2798 3616 2852 εἰωθότων
3661 2797 3903 2850 ἕπεσθαι

2319 2888 2466 2960 δόξτγ
2494 2893 2806 2958 καινοτομεῖ
2853 2891 2945 2942 καὶ
2988 2891 3145 2960 μόνος
3191 2891 3567 2952 ἀϐασανίστως
3595 2889 3655 2942 τὸ
3681 2887 3896 2941 δοκοῦν.

2331 2982 2522 3051 Ἡμεῖς
2555 2982 2650 3050 μὲν
2681 2982 2809 3050 γάρ,
2841 2982 3090 3052 καθάπερ
3115 2983 3212 3053 ἤδη
3242 2985 3518 3052 προεῖπον,
3537 2981 3627 3034 τὸν
3665 2983 3728 3034 ἐκ
3757 2979 3901 3032 Θεόῦ

2323 3072 2534 3142 Πατρὺς
2567 3073 2739 3139 Λόγον
2766 3071 3050 3142 ἄνθρωπον
3080 3073 3371 3139 γεγονότα,
3417 3073 3508 3124 καὶ
3541 3069 3902 3140 ίερουργῆσαί

2326 3178 2504 3230 φαμεν
2536 3161 2712 3230 ἐαυτῷ
2755 3161 2845 3212 καὶ
2879 3160 2956 3230 τῷ
2995 3161 3167 3231 Πατρὶ
3199 3163 3296 3231 τῆς
3338 3162 3572 3221 πίστεως
3603 3159 3754 3228 ἡμῶν
3797 3159 3905 3229 τὴν

2325 3251 2632 3321 ὁμολογίαν,
2684 3251 3002 3321 πρέπουσάν
3045 3268 3104 3303 τε
3150 3252 3246 3304 καὶ
3295 3250 3415 3304 κατ’
3461 3250 3651 3303 οὐδένα
3696 3249 3905 3319 τρόπον

2325 3343 2664 3412 ἀνάρμοστον
2697 3343 2807 3404 τοῖς
2847 3341 2945 3410 τῆς
2984 3341 3265 3403 κενώσεως
3303 3341 3523 3409 μέτροις
3570 3340 3907 3411 ποιήσασθαι

2323 3435 2422 3502 τὴν
2469 3434 2800 3503 οἰκονομίαν.
2849 3432 2988 3484 Ἀλλ’
3027 3433 3119 3500 οὺχ
3165 3424 3268 3483 ὦδε
3323 3431 3455 3484 ταῦτ
3517 3431 3658 3502 ἔχειν
3703 3432 3907 3500 ἐκείνῳ

2326 3525 2492 3586 δοκεῖ,
2533 3523 2638 3593 ἰδίᾳ
2665 3523 2719 3575 δέ
2765 3522 2962 3590 μᾶλλον
2995 3522 3090 3574 καὶ
3128 3523 3231 3575 ἀνὰ
3267 3520 3431 3592 μέρος
3480 3521 3785 3587 ἀπολαϐὼν,
3825 3522 3909 3586 ὡς

2324 3615 2509 3683 ἕτερον
2563 3614 2691 3666 ὅντα
2733 3614 2968 3684 Χριστὸν
3011 3613 3099 3664 τὸν
3147 3613 3210 3664 ἐκ
3250 3613 3350 3681 τῆς
3404 3612 3564 3680 ἁγίας
3616 3611 3906 3680 Παρθένου

2327 3705 2479 3773 παρά
2508 3721 2572 3771 γε
2608 3704 2696 3756 τὸν
2720 3705 2781 3755 ἐκ
2818 3703 2952 3756 Θεοῦ
2991 3703 3201 3772 Πατρὸς
3235 3704 3424 3768 Λόγον,
3460 3702 3620 3755 αὐτὸν
3644 3702 3909 3769 γενέσθαι

2326 3794 2828 3864 φησίνἋπόστολον
2846 3795 2938 3847 καὶ
2973 3792 3259 3864 Ἀρχιερέα
3289 3793 3385 3863 τῆς
3414 3793 3698 3861 ὁμολογίας
3718 3793 3904 3862 ἡμῶν·

2325 3886 2497 3940 οἴεται
2534 3887 2590 3939 δὲ
2637 3888 2731 3939 καὶ
2788 3887 2895 3938 τῶν
2940 3888 3018 3948 εἰς
3066 3885 3347 3938 εὐσέϐειαν
3392 3885 3634 3956 ἡκόντων
3679 3887 3911 3951 ἐννοεῖν,

2328 3979 2502 4030 ἐκεῖνο
2538 3977 2711 4044 λέγων
2735 3993 2748 4007 ο
2783 3978 2845 4030 Εἰ
2875 3975 3006 4039 Θεὸς
3031 3979 3058 4030 ό
3077 3977 3422 4047 προσφέρων,
3448 3977 3621 4037 οὐδεὶς
3657 3969 3699 4043 ᾧ
3729 3992 3909 4045 προσ-

2329 4069 2588 4138 φέρεται⁶
2644 4069 2696 4121 τί
2745 4069 2853 4139 γὰρ
2907 4068 3158 4138 Θεότητος
3207 4068 3376 4133 ἀξιον,
3431 4070 3495 4120 ἵν’
3561 4070 3634 4131 ὡς
3681 4067 3911 4121 ἔλαττον

2329 4159 2610 4228 προσφέρῃ
2652 4158 2727 4228 τῷ
2761 4158 3001 4227 μείξονις
3046 4157 3184 4209 Ἀλλ’
3209 4159 3254 4209 εἰ
3282 4156 3378 4226 μέν
3404 4174 3485 4220 τις
3503 4154 3570 4227 ἦν
3592 4159 3619 4210 6
3647 4159 3911 4212 διατεινόο

2333 4250 2489 4317 μενός
2518 4266 2577 4300 τε
2601 4249 2694 4301 καὶ
2732 4249 2903 4315 λέγων
2930 4247 3091 4300 αὐτὸν
3124 4247 3338 4316 ἀληθῶς
3367 4249 3459 4300 τὸν
3510 4250 3576 4301 ἐκ
3619 4248 3752 4300 Θεοῦ
3783 4249 3911 4302 Πα-

2327 4342 2454 4411 τρὸς
2498 4341 2688 4408 Λόγον,
2727 4340 2820 4391 καὶ
2857 4340 2961 4408 πρὸ
2999 4339 3098 4408 τῆς
3139 4340 3598 4409 ἐνανθρωπήσεως
3644 4340 3910 4409 τετάχθαι

2333 4433 2462 4501 πρὸς
2497 4431 2825 4500 ἱερουργίαν,
2871 4433 2962 4483 καὶ
2987 4431 3045 4482 ἐν
3074 4430 3288 4500 μέτροις
3321 4427 3458 4483 εἶναι
3487 4431 3908 4500 λειτουργικοῖς,

2332 4523 2535 4592 ταύτης
2568 4538 2624 4574 τε
2655 4521 2811 4573 ἕνεκα
2839 4521 2937 4589 τῆς
2965 4521 3143 4584 αἰτίας
3173 4521 3532 4591 ὀνομάζεσθαι
3569 4522 3678 4573 δεῖν
3713 4523 3912 4590 ἀρχιε-

2336 4615 2434 4685 ρέα
2475 4612 2570 4665 καὶ
2613 4611 2928 4666 ἀπόστολον.
2976 4611 3152 4681 Σοφὴν
3197 4612 3263 4665 ἂν
3300 4613 3591 4680 ἐποιήσατο
3629 4611 3727 4681 τὴν
3767 4612 3913 4667 ἀπό-

2332 4701 2524 4770 πληξιν
2557 4700 2676 4772 [Ion
2709 4699 3030 4771 ἐπίπληξιν]
3049 4718 3060 4730 ·
3088 4702 3416 4769 πεποιῆσθαι
3436 4701 3494 4753 δέ
3517 4703 3611 4755 καὶ
3633 4704 3689 4754 ἐν
3712 4701 3913 4773 κόσμῳ

2331 4793 2465 4861 φαίη
2514 4810 2596 4854 τις
2641 4792 2705 4843 ἂν
2738 4790 2884 4860 αὐτῷ
2922 4791 3011 4843 τὸν
3051 4792 3140 4843 ἐπὶ
3181 4791 3353 4859 τούτῳ
3401 4792 3771 4860 συλλογισμόν.
3827 4796 3911 4846 Οὐ

2331 4885 2437 4954 γὰρ
2472 4879 2536 4952 ἦν
2566 4883 2623 4935 ἐν
2666 4883 2856 4934 σπάνει
2877 4881 2984 4933 τῶν
3015 4882 3311 4952 ἰερουργῶν
3347 4884 3380 4952 ή
3404 4883 3508 4936 τῶν
3538 4882 3671 4934 ὅλων
3702 4883 3910 4954 κατάρ-

2334 4991 2501 5045 χουσα
2527 4973 2704 5041 φύσις,
2742 4974 2808 5024 ἵν’
2828 4975 2883 5024 ἐν
2907 4973 3043 5041 αὐτῇ
3075 4971 3190 5042 [τσ.
3215 4971 3415 5043 ἑαυτῇ]
3449 4973 3907 5042 λειτουργήσειιν.

2350 5064 2567 5134 Ἐπειδὴ
2616 5065 2671 5115 δὲ
2713 5063 2869 5130 φύσει
2907 5063 3038 5126 Θεὸς
3082 5065 3340 5133 ὑπάρχων
3374 5065 3401 5115 6
3441 5063 3769 5132 Μονογενὴς,
3810 5067 3910 5117 καὶ

2336 5156 2434 5218 τὰς
2464 5156 2614 5226 παρά
2651 5156 2758 5207 τῶν
2802 5155 3183 5225 ἰερατευόντων
3215 5154 3553 5223 λειτουργίας
3597 5152 3908 5222 δεχόμενος,

2338 5249 2415 5308 εἰς
2451 5246 2511 5297 τὸ
2558 5246 2668 5297 τῶν
2697 5246 3042 5314 τεταγμένων
3087 5246 3165 5304 εις
3215 5242 3522 5313 ἱερουργίαν
3571 5243 3912 5309 καταπεφοί-

2337 5351 2468 5402 τηκε
2502 5334 2721 5404 μέτρον,
2758 5333 3039 5402 ἅνθρωπος
3070 5331 3329 5398 γεγονὼς,
3387 5331 3462 5395 ὡς
3495 5331 3649 5399 ἔφην,
3696 5331 3913 5397 γένοιτο

2337 5424 2402 5476 ἂν
2425 5425 2533 5476 τῶν
2563 5425 2776 5478 ἀτόπων
2807 5423 2978 5487 οὐδὲν,
3013 5426 3061 5474 εἰ
3090 5422 3302 5475 καλοῖτο
3335 5422 3469 5492 πρὸς
3504 5422 3659 5491 ἡμῶν
3689 5423 3778 5475 καὶ
3807 5425 3914 5491 ἀρ-

2341 5514 2574 5584 χιερεύς.
2630 5513 2696 5567 ’11
2750 5515 2810 5566 οὐ
2872 5515 3244 5585 καταϐέϐηκεν
3280 5517 3336 5568 ἐν
3385 5518 3448 5582 τῇ
3472 5513 3658 5566 δούλου
3699 5515 3911 5582 μορφῇ,

1813 5695 1855 5725 ’⁸
1891 5694 2121 5760 Philipp.
2151 5708 2208 5757 ιι,
2242 5692 2300 5756 7;
2336 5691 2495 5746 Hebr.
2526 5707 2560 5756 ι,
2588 5691 2636 5744 5.
