4028 6426
114 365 195 418 121
1214 347 1591 405 Αῡνειιειιδ
1629 347 1715 402 ΝΕ

1820 348 2034 407 DBIUM
2076 348 2201 404 UB.
2244 350 2331 405 Ill.

3285 349 3391 403 ΗΞ

114 479 321 550 μορφὴν
382 473 636 545 δηλονότι
688 471 879 523 δούλου
930 466 1131 532 λαϐὼν,
1179 467 1357 520 καίτοι
1421 467 1708 538 χαρακτὴρ

1820 479 2065 524 naturam
2114 470 2269 535 liber,
2307 478 2492 535 utpote
2528 470 2687 533 Deus,
2718 468 2805 524 ille
2831 467 2922 537 qui
2956 475 3071 521 erat
3122 467 3174 523 in
3217 468 3389 523 forma

111 571 374 637 ὑπάρχων
425 565 524 617 καὶ
568 561 915 629 ἀπαύγασμα
966 560 1064 626 τῆς
1113 554 1270 624 δόξης
1316 553 1410 607 τοῦ
1464 553 1709 625 Πατρός;

109 658 215 710 ἀλλ’
247 658 355 708 οῦκ
384 654 454 707 ἂν
489 649 786 706 ἑνδοιάσειέ
817 664 921 710 τις.
948 647 1075 698 Ὀτε
1110 645 1291 697 τοίνυν
1322 646 1349 697 6
1380 645 1518 697 κατὰ
1550 643 1711 712 φύσιν

111 746 244 798 ἰδίαν
270 742 591 811 ἐλεύθερος,
620 741 696 801 ὼς
722 738 875 799 Θεὸς,
897 738 925 788 6
954 739 1009 788 ὲν
1042 736 1223 803 μορφῇ
1256 732 1351 784 καὶ
1384 732 1588 801 ἰσότητι
1619 732 1712 783 τοῦ

110 835 518 903 γεγεννηκότος
540 871 554 893 ,
614 830 997 900 κεχρημάτικε
1048 825 1263 887 δοῦλος,
1314 823 1406 876 τὸν
1441 821 1551 894 [ιον.
1579 820 1712 893 τῶν]

108 930 213 982 ὑπὸ
254 928 403 992 ζυγά
436 924 687 985 δουλείας
719 922 779 974 τὸ
832 919 1030 990 μέτρον
1059 918 1118 969 ού
1154 914 1518 984 διωθούμενος
1566 915 1712 966 οἰκο-

110 1019 381 1089 νομικῶς,
418 1016 538 1069 ἀνθ’
566 1017 688 1067 ὅτου
723 1012 901 1073 δέδιας
932 1009 1092 1062 αὑτὸν
1126 1007 1219 1060 καὶ
1243 1005 1500 1079 ἀρχιερέα
1529 1005 1712 1058 καλεῖν

107 1112 193 1163 διὰ
238 1110 302 1163 τὸ
342 1106 728 1177 ἀνθρώπινον;
775 1100 1025 1170 καθιεροῖ
1069 1097 1177 1165 γὰρ
1218 1098 1366 1166 ἡμᾶς
1413 1096 1493 1157 εἰς
1537 1094 1713 1165 ὀσμὴν

108 1200 345 1261 εὐωδίας
379 1199 471 1251 διὰ
512 1197 611 1264 τῆς
644 1194 884 1255 πίστεως
906 1208 918 1220 ·
954 1189 1143 1243 ἑαυτόν
1176 1205 1236 1240 τε
1276 1186 1415 1258 ὑπὲρ
1455 1187 1610 1256 ἡμῶν
1638 1186 1713 1249 ὡς

108 1290 507 1360 εῦοσμώτατον
543 1288 690 1355 θῦμα
724 1282 1132 1352 προσκεκόμικε
1180 1279 1257 1348 τῷ
1296 1279 1493 1349 Πατρί.
1539 1279 1596 1330 '0
1633 1278 1711 1342 δὲ,

106 1384 210 1434 οὐκ
231 1378 330 1435 οἷδ’
356 1382 386 1432 ὃ
407 1397 462 1431 τι
490 1379 687 1444 λέγων,
717 1374 1061 1443 προσεπάγει
1090 1370 1301 1431 τούτοις
1326 1368 1486 1430 εὐθύς
1504 1384 1517 1397 '
1544 1367 1714 1420 Πόθεν

107 1468 202 1524 οὖν
231 1474 259 1522 6
294 1470 435 1531 Θεὸς
478 1468 663 1527 αὐτοῖς
704 1462 1009 1530 κεκλῆσθαι
1057 1460 1150 1513 νῦν
1200 1459 1493 1529 ἀρχιερεὺς
1530 1457 1713 1527 ἐνομί-

111 1566 282 1631 σθη,ὁ
317 1562 517 1622 Θυσίας
547 1560 626 1621 εἰς
659 1554 947 1626 προκοπὴν
977 1553 1111 1605 ἰδίαν
1145 1553 1217 1621 μὴ
1252 1551 1503 1621 χρῄζων;
1536 1552 1563 1602 6
1589 1550 1716 1602 Θεό-

108 1672 273 1725 τητος
304 1654 539 1721 κτὴτωρ
579 1668 597 1700 ι
629 1649 687 1713 ἐξ
716 1645 1022 1716 ἀνθρώπων
1055 1642 1300 1713 ληφθεὶς,
1329 1641 1473 1710 ὑπὲρ
1506 1638 1716 1711 ἀνθρώ-

108 1764 228 1798 πων
258 1743 597 1796 καθίσταται
640 1739 709 1791 τὰ
742 1738 879 1806 πρὸς
916 1736 1006 1788 τὸν
1033 1734 1198 1798 Θεόν;
1229 1752 1248 1785 ι
1286 1731 1456 1784 Πόθεν
1495 1732 1595 1801 μὲν
1621 1728 1714 1784 οῦν

1815 572 1868 613 et
1897 561 2203 627 aequalitate
2230 562 2560 629 generantis,
2595 559 2769 615 factus
2800 568 2884 613 est
2913 573 3125 622 servus,
3169 574 3388 613 mensus

1815 667 1930 705 ram
1957 668 2142 706 eorum
2167 653 2256 722 qui
2304 652 2404 705 sub
2430 651 2556 721 jngo
2584 650 2864 706 servitutis
2897 659 3076 715 erant,
3108 650 3390 718 dispensa—

1817 747 1950 797 toria
1984 746 2195 798 ratione
2226 758 2330 798 non
2389 744 2731 810 dedignatus,
2776 757 2879 811 qua
2909 742 2974 794 de
3004 756 3166 794 causa
3198 741 3392 795 metuis

1815 852 1938 890 eum
2009 836 2317 903 pontiﬁcem
2378 844 2598 903 prepter
2641 833 3032 885 humanitatem
3095 831 3390 898 appellare,

1815 928 1902 995 qui
1936 936 1989 980 et
2027 942 2124 980 nos
2159 926 2320 979 oﬂ‘ert
2358 926 2408 977 in
2441 923 2765 978 sacriﬁcium
2800 925 3131 991 odoremque
3154 922 3393 976 suavita-

1817 1019 1884 1070 tis
1911 1032 2006 1085 per
2045 1016 2223 1079 ﬁdem,
2256 1025 2310 1070 et
2342 1015 2579 1083 seipsum
2614 1013 2757 1066 Patri
2805 1028 2901 1079 pro
2930 1012 3087 1066 nobis
3134 1021 3389 1081 tauquam

1814 1109 2246 1164 odoratissimam
2300 1107 2573 1161 victimam
2625 1106 2860 1159 obtulit?
2905 1105 3003 1158 Hic
3049 1120 3176 1160 vero
3225 1103 3377 1174 (quid

1818 1202 1959 1255 dicat
2012 1199 2217 1268 nescio)
2274 1198 2361 1253 his
2407 1197 2551 1251 illico
2590 1195 2887 1266 adjungit:
2945 1195 3230 1250 Undenam
3292 1195 3392 1262 ipsi

1818 1301 2117 1361 putarunt,
2174 1289 2343 1343 Deum
2400 1303 2542 1342 nunc
2591 1296 2837 1341 vocatum
2887 1302 3007 1341 esse
3058 1288 3393 1355 pontiﬁcem,

1818 1397 1940 1435 cum
1992 1380 2079 1433 ille
2117 1378 2288 1433 hostia
2323 1377 2387 1430 ad
2444 1377 2842 1443 promotionem
2890 1392 3040 1429 suam
3096 1392 3197 1430 non
3252 1375 3397 1428 indi-

1817 1472 1986 1543 geat?
2025 1470 2249 1524 Deitatis
2302 1483 2588 1537 possessor
2624 1485 2642 1519 ι
2696 1482 2762 1521 ex
2809 1467 3128 1520 hominibus
3174 1482 3396 1520 assum-

1818 1575 1964 1635 ptus,
1992 1579 2089 1632 pro
2121 1563 2428 1616 hominibus
2453 1560 2800 1614 constituitur
2829 1560 2880 1613 in
2912 1560 2993 1612 his
3024 1574 3145 1626 qua:
3169 1569 3294 1611 sunt
3317 1557 3383 1609 ad

1821 1656 1985 1708 Deum
2023 1654 2089 1704 ".
2123 1671 2141 1705 ι
2176 1652 2459 1708 Undenam
2494 1653 2660 1722 igitur
2693 1662 2861 1717 essut,
2888 1661 2941 1704 et
2976 1666 3137 1719 quam
3171 1650 3241 1702 ob
3271 1664 3399 1702 cau-

1817 1762 1933 1800 sam
1971 1746 2241 1813 Christus,
2291 1747 2393 1801 hoc
2434 1756 2537 1810 est,
2593 1747 2768 1814 ipsum
2812 1745 2901 1798 Dei
2955 1744 3184 1797 Verbum
3236 1742 3398 1796 homo

109 1834 194 1906 ἦν,
241 1838 277 1905 ἢ
324 1834 420 1886 διὰ
458 1832 622 1883 ποίαν
663 1829 842 1881 αἰτίαν
890 1826 1206 1894 ὠνόμασται
1240 1823 1505 1893 Χριστὸς,
1554 1837 1713 1873 τουτ-

1822 1840 2042 1898 factum,
2078 1837 2376 1906 appellatus
2406 1838 2475 1890 sit
2510 1837 2797 1905 Apostolus
2828 1845 2882 1889 et
2920 1835 3185 1899 Pontifex,
3219 1834 3397 1887 abun-

106 1930 280 1987 ἐστιν,
331 1922 631 1985 ἄνθρωπος
681 1915 922 1986 γεγονὼς
954 1919 982 1968 6
1029 1913 1122 1967 τοῦ
1169 1914 1303 1967 Θεοῦ
1345 1915 1517 1981 Λόγος
1552 1912 1714 1965 ’Λπό-

108 2015 300 2078 στολος
337 2013 438 2065 καὶ
479 2010 820 2081 Ἀρχιερεὺς,
847 2004 1090 2076 διαρκῶς
1120 2005 1252 2075 ἡμῖν
1280 2006 1308 2058 6
1333 2004 1491 2072 λόγος
1519 2002 1715 2056 ἀποδέ-

102 2106 285 2175 δειχεν
320 2104 559 2174 ἀρτίως.
605 2096 775 2169 Οἶμαι
825 2097 881 2150 δὲ
924 2096 1034 2149 δεῖν
1072 2097 1171 2149 οὐκ
1208 2095 1570 2149 ἀϐασάνιστον
1619 2095 1715 2164 ὲᾷν

104 2199 203 2265 τὴν
244 2194 507 2263 ἀσυνήθη
554 2209 615 2243 τε
654 2191 751 2243 καί
785 2189 945 2258 ξένην
991 2188 1153 2241 αὑτοῦ
1192 2188 1399 2256 φωνήν.
1424 2182 1570 2256 ’Δρα
1607 2187 1715 2253 γὰρ

105 2287 370 2355 θεότητος
431 2284 682 2351 κτήτορα
712 2280 805 2332 τὸν
843 2282 909 2332 ὲκ
939 2278 1073 2331 Θεοῦ
1121 2279 1255 2348 φησι
1288 2278 1482 2345 Λόγον,
1528 2276 1632 2329 κᾶν
1667 2277 1718 2328 εί

103 2378 207 2428 ἀνα
243 2376 419 2447 μέρος
455 2372 706 2441 βούλοιτό
737 2387 820 2432 τις
846 2370 986 2422 νοεῖν
1015 2368 1177 2421 αὑτὸν
1206 2370 1299 2420 καὶ
1327 2368 1448 2437 δίχα
1475 2366 1712 2437 σαρκός;

104 2464 216 2537 ἆρα
245 2468 325 2530 ὡς
363 2467 503 2535 παρ’
532 2464 695 2518 αὑτὸν
726 2462 921 2531 ἑτέραν
952 2459 1049 2530 τὴν
1079 2459 1307 2530 θεότητα
1346 2459 1511 2513 αὑτοῦ
1553 2458 1717 2527 διορί-

106 2560 299 2623 (atat;
333 2553 432 2628 ἧς,
475 2558 580 2609 οὐκ
609 2552 703 2607 οἷδ’
732 2555 900 2614 ὅπως,
932 2550 1074 2603 καθά
1113 2566 1277 2619 φησιν
1310 2550 1493 2612 αὐτὸς,
1525 2550 1715 2616 γέγονε

105 2650 360 2719 κτήτωρ,
412 2647 495 2707 ὡς
554 2641 1036 2713 προσειλημμένης
1091 2638 1293 2701 ἔξωθεν
1340 2637 1435 2689 καί
1478 2639 1715 2706 ἐπισυμ-

105 2742 285 2809 ϐασης
316 2737 497 2807 αὐτῷ,
539 2735 716 2787 καίτοι
749 2732 868 2802 Θεῷ
908 2731 1049 2784 κατὰ
1079 2732 1241 2799 φύσιν
1270 2729 1370 2782 οὐκ
1417 2729 1529 2783 δντι
1569 2730 1719 2800 αὐτῷ

108 2851 268 2895 ποτε,
286 2831 486 2884 ὁποῖόν
508 2832 626 2881 ἐστι
647 2828 707 2880 τὺ
730 2826 881 2896 παρὰ
900 2826 1001 2896 τῆς
1018 2826 1254 2897 ἀρχαίας
1277 2824 1496 2894 ἐκείνης
1520 2842 1715 2893 γυναι-

108 2927 227 2987 κδς,
252 2924 407 2993 φημὶ
429 2921 498 2990 δὴ
530 2921 629 2990 τῆς
647 2917 810 2984 Εὔας,
827 2918 1090 2987 τεκούσης
1110 2920 1201 2971 τὸν
1226 2916 1330 2987 Σήθ
1354 2917 1465 2987 (19)
1487 2934 1500 2948 ο
1540 2936 1557 2968 ι
1602 2918 1723 2969 Ἐκ-

108 3017 373 3085 τησάμην
392 3014 683 3082 ἄνθρωπον
700 3011 791 3063 διὰ
820 3009 915 3062 τοῦ
950 3010 1104 3063 Θεοῦ.
1148 3009 1323 3061 ’Λλλί
1361 3005 1536 3077 οἶμαι,
1564 3008 1719 3060 τοῦτό

109 3112 261 3159 ἐστιν
310 3104 637 3171 ἀπόϐλητον
673 3100 953 3161 παντελῶς
1004 3098 1152 3167 αύτῷ
1187 3116 1246 3150 τε
1291 3100 1382 3151 καί
1442 3099 1625 3150 πᾶσιν.
1655 3097 1719 3148 Τί

108 3196 202 3251 οὖν
248 3197 611 3268 ἁκυρολογεῖ,
647 3194 741 3246 καὶ
774 3194 1150 3262 παραρριπτεῖ
1196 3192 1378 3258 φωνὰς
1426 3191 1719 3253 ἀσυνέτους

112 3287 197 3339 ἐπ’
220 3284 562 3353 ἀναγκαίοις
590 3280 731 3333 οῦτω
760 3281 1109 3350 πράγμασιν;
1132 3280 1203 3332 ’Ἡ
1231 3280 1329 3331 οὐκ
1356 3278 1421 3331 ἂν
1446 3279 1598 3345 ὄφλοι
1626 3278 1720 3345 γέ-

110 3382 259 3432 λωτα
295 3376 400 3430 καὶ
441 3371 878 3442 φρενοϐλαϐείας
911 3372 1150 3441 γραφὴν,
1186 3373 1235 3424 εἰ
1266 3372 1331 3442 δὴ
1366 3370 1605 3441 βούλοιτό
1638 3387 1720 3433 τις

111 3473 208 3523 ἕνα
252 3470 369 3521 τῶν
426 3464 553 3517 καθ’
592 3466 740 3533 ἡμᾶς
780 3462 1198 3533 ὰνθρωπότητος
1242 3462 1482 3531 κτήτορα
1516 3462 1715 3529 λέγειν,

111 3563 281 3627 ⁴ἤγουν
336 3558 435 3609 τὸν
473 3556 642 3607 ἵππον
690 3553 1021 3622 ίππότητος;
1064 3553 1159 3615 Τίς
1205 3550 1316 3622 ἆρα
1352 3552 1533 3603 λοιπὸν
1563 3555 1590 3605 6
1621 3552 1717 3619 τῆς

116 3652 379 3718 θεότητος
417 3650 663 3714 κτήτωρ,
703 3662 720 3695 ι
740 3645 767 3695 6
798 3643 856 3708 ἐξ
887 3641 1190 3711 ἀνθρώπων
1223 3641 1450 3712 ληφθεὶς
1478 3642 1547 3695 τὰ
1582 3643 1717 3713 πρὸς

118 3742 203 3791 τὸν
230 3738 371 3791 Θεὸν
404 3734 765 3796 καθίσταται;
806 3733 954 3802 Ἐρεί
982 3732 1121 3801 τάχα
1164 3748 1265 3784 που
1297 3732 1487 3785 διελὼν
1520 3734 1599 3796 εἰς
1627 3733 1720 3785 δύο

117 3832 207 3883 τὸν
250 3832 352 3883 ἕνα
401 3826 665 3896 Χριστὸν,
703 3826 795 3879 τὸν
825 3828 890 3877 ὲκ
922 3828 1019 3895 τῆς
1050 3827 1212 3893 ἁγίας
1262 3826 1575 3896 Παρθένου’
1623 3828 1717 3895 γέ-

118 3938 367 3992 γραπται
407 3918 522 3989 [ῖσ.
553 3917 879 3988 τέτραπται]
914 3918 1020 3987 γάρ
1060 3936 1175 3981 πως
1205 3920 1284 3981 εἰς
1314 3919 1469 3971 τοῦτο
1501 3920 1596 3971 καὶ
1625 3918 1717 3971 νῦν

118 4019 141 4066 6
172 4013 381 4073 σκοπὸς
411 4009 566 4079 αύτῷ
586 4027 599 4039 ·
632 4011 828 4079 κτῆσις
851 4006 945 4063 οῦν
977 4008 1263 4079 ἀνθρώπου
1294 4010 1516 4077 γέγονεν
1546 4012 1578 4080 ἡ
1610 4010 1720 4063 θεό-

118 4122 248 4173 της,
284 4102 418 4154 εἰπέ
459 4118 582 4171 μοι,
632 4102 725 4152 καὶ
766 4097 965 4167 συνέϐη
1010 4100 1115 4151 τινὶ
1169 4098 1277 4151 τῶν
1310 4100 1431 4152 καθ’
1460 4101 1625 4169 ἡμᾶς,
1660 4101 1719 4153 τὸ

122 4196 278 4261 φύσει
310 4210 374 4244 τε
408 4194 509 4246 καὶ
548 4190 776 4260 ἀληθείᾳ,
820 4189 1073 4257 γενέσθαι
1112 4189 1263 4256 Θεὸν,
1294 4192 1388 4243 καὶ
1432 4191 1535 4260 τῆς
1574 4192 1715 4244 ἀνω-

120 4290 265 4339 τάτω
301 4286 506 4338 πασῶν
552 4283 646 4335 καὶ
681 4282 996 4352 ὑπερτάτης
1040 4283 1226 4344 οὐσίας
1274 4283 1717 4352 καταπλουτῆσαι

122 4381 215 4446 τὴν
252 4376 585 4445 ὑπεροχήν;
626 4372 842 4439 Ἀπαγε
879 4372 978 4440 τῆς
1026 4371 1376 4435 δυσϐουλίας,
1424 4372 1677 4442 ἄνθρωπε
1701 4390 1712 4401 ·

1819 1931 1883 1988 de
1930 1934 2179 2000 proximo
2228 1944 2477 1983 sermone
2530 1929 2859 1996 patefactum
2902 1938 3026 1981 est:
3081 1927 3174 1981 sed
3217 1936 3396 1980 tamen

1818 2024 2088 2076 insuetam
2128 2031 2181 2076 et
2216 2036 2413 2075 novam
2461 2021 2576 2088 ejus
2626 2034 2813 2073 vocem
2844 2034 2951 2072 non
2986 2033 3105 2073 esse
3134 2018 3253 2072 sine
3288 2018 3401 2071 dis-

1817 2116 2071 2168 cussione
2118 2113 2553 2181 praetereundam
2598 2125 2819 2165 censeo.
2860 2108 3001 2164 Num
3040 2111 3183 2163 enim
3218 2108 3399 2162 Deita-

1822 2207 1889 2260 tis
1921 2219 2291 2275 possessorem
2344 2204 2519 2273 ipsum
2565 2218 2629 2255 ex
2664 2202 2772 2255 Deo
2800 2201 3038 2255 Verbum
3080 2202 3232 2265 dicit,
3274 2202 3398 2254 licet

1818 2312 2062 2350 seorsum
2100 2296 2230 2349 illud
2288 2294 2592 2360 intelligere
2643 2292 2928 2361 quisquam
2973 2292 3103 2345 velit
3154 2302 3209 2344 et
3253 2292 3391 2345 citra

1818 2385 2076 2443 carnem?
2108 2402 2174 2438 an
2206 2383 2373 2452 ipsius
2403 2382 2738 2436 divinitatem
2776 2392 3031 2449 tanquam
3072 2381 3140 2434 ab
3176 2384 3293 2449 ipso
3319 2382 3402 2434 di-

1820 2491 2033 2531 versam
2066 2473 2388 2543 distinguit?
2418 2472 2576 2538 cujus
2623 2472 2807 2525 nescio
2841 2486 3074 2539 quonam
3124 2472 3308 2533 modo,
3342 2481 3399 2524 ιιι

1822 2568 1934 2637 ipse
1961 2566 2058 2632 ait,
2095 2579 2377 2634 possessor
2411 2571 2495 2617 est
2528 2562 2722 2625 factus,
2759 2571 3009 2631 tanquam
3041 2562 3084 2614 si
3120 2562 3395 2616 extrinse-

1821 2675 1915 2713 cus
1950 2667 2172 2725 accepta
2208 2656 2299 2718 sit,
2338 2666 2392 2707 et
2429 2654 2503 2707 illi
2548 2654 2848 2717 advenerit,
2880 2652 3009 2706 licet
3038 2654 3127 2707 ille
3152 2653 3397 2721 aliquan.

1821 2749 1891 2801 do
1925 2747 2066 2798 Deus
2097 2744 2394 2799 secundum
2429 2753 2677 2796 naturam
2719 2758 2822 2796 non
2859 2742 3038 2808 Fuerit,
3077 2744 3236 2811 quale
3269 2743 3397 2797 illud

1820 2848 1904 2890 est
1931 2852 1961 2890 a
2006 2837 2187 2903 prisca
2214 2835 2305 2889 illa
2332 2835 2555 2898 femina,
2586 2834 2692 2887 Eva
2725 2835 2969 2903 inquam,
3005 2834 3230 2896 dictum,
3276 2848 3396 2887 cum

1821 2927 1953 2981 Seth
2006 2926 2172 2979 ﬁlium
2221 2925 2379 2979 enixa
2422 2934 2567 2978 esset
2601 2940 2615 2967 τ
2652 2943 2669 2974 ι
2727 2923 2943 2977 Posscdi
2991 2924 3261 2977 hominem
3306 2937 3401 2990 per

1821 3018 1987 3071 Deum
2020 3020 2057 3071 '.
2099 3036 2117 3069 ι
2161 3017 2267 3071 Sed
2298 3017 2369 3079 id,
2408 3017 2507 3070 nisi
2540 3016 2721 3078 fallor,
2752 3027 2803 3068 et
2834 3016 2946 3081 ipse
2974 3026 3025 3069 et
3058 3029 3247 3068 omnes
3280 3015 3397 3083 pla-

1827 3126 1892 3163 ne
1926 3110 2284 3176 respuendum
2316 3118 2563 3162 rensent.
2601 3106 2710 3160 Cur
2744 3122 2873 3176 ergo
2911 3106 3202 3175 imprOprie
3230 3106 3404 3173 loqui-

1829 3212 1936 3265 tur,
1971 3210 2025 3255 et
2058 3201 2436 3271 imprudenter
2468 3214 2626 3252 voces
2679 3199 2915 3265 projicit,
2971 3200 3021 3252 in
3070 3201 3229 3254 rebus
3265 3200 3403 3253 adeo

1825 3293 2114 3361 gravibus?
2146 3293 2344 3345 Annon
2397 3292 2654 3345 ridendus
2682 3300 2997 3353 censeatur,
3028 3302 3081 3343 et
3114 3292 3401 3344 dementia:

1825 3385 2032 3437 crimen
2074 3384 2337 3444 incurrat,
2398 3385 2442 3436 si
2482 3384 2603 3450 quis
2644 3397 2809 3435 unum
2859 3382 2927 3435 de
2973 3390 3157 3435 nostro
3205 3396 3402 3449 genere

1824 3476 1952 3528 velit
1996 3473 2352 3527 humanitatis
2400 3487 2768 3540 possessorem
2817 3473 3017 3535 dicere,
3055 3482 3146 3524 aut
3198 3488 3395 3540 equum

1823 3565 2033 3633 equinm
2064 3574 2270 3617 naturae
2293 3564 2315 3615 ’ἰ
2338 3563 2467 3628 Quis
2518 3578 2647 3629 ergo
2678 3571 2760 3616 est
2811 3562 2898 3616 ille
2932 3563 3236 3615 divinitatis
3278 3580 3401 3630 pus-

1823 3670 2027 3718 sessor,
2063 3672 2080 3704 ι
2116 3655 2205 3723 qui
2240 3669 2305 3706 ex
2336 3654 2645 3707 hominibus
2681 3663 2989 3721 assumptus
3018 3694 3031 3714 ,
3078 3668 3174 3720 pro
3224 3653 3402 3706 homi-

1824 3747 1980 3799 nibus
2011 3746 2365 3797 constituitur
2393 3743 2445 3795 iu
2479 3742 2562 3794 his
2593 3757 2712 3809 quae
2755 3752 2881 3795 sunt
2912 3743 2975 3793 ad
3025 3741 3231 3794 Deum?
3265 3762 3282 3792 ι
3316 3744 3402 3793 Di-

1822 3845 1909 3890 cet
1941 3835 2196 3896 fortasse,
2229 3849 2393 3886 unum
2422 3832 2703 3885 Christum
2743 3832 2794 3884 in
2825 3832 2959 3885 duos
2985 3832 3253 3897 dividens,
3281 3847 3401 3886 esse

1823 3926 1967 3979 illum
1998 3940 2062 3979 es
2092 3936 2278 3978 sancta
2321 3918 2537 3991 ViEginc
2566 3940 2577 3975 :
2624 3924 2727 3976 huc
2776 3922 2918 3976 enim
2951 3924 3127 3976 omnis
3162 3925 3282 3989 ejus
3315 3926 3399 3975 in-

1824 4016 1990 4071 tentio
2038 4024 2261 4080 spectat.
2300 4013 2509 4082 Ergone
2543 4013 2814 4080 possessio
2869 4013 3105 4067 hominis
3142 4016 3279 4067 facta
3315 4026 3397 4067 est

1823 4107 1932 4172 ipsa
1966 4103 2244 4165 divinitas,
2286 4117 2413 4169 rogo
2443 4112 2513 4165 te,
2544 4114 2597 4154 et
2623 4101 2781 4153 alicui
2829 4116 2859 4155 e
2893 4102 3048 4155 nobis
3087 4103 3315 4168 contigit
3341 4113 3398 4155 ιιι

1821 4194 2115 4249 secundum
2164 4204 2411 4246 naturam
2451 4209 2513 4245 ac
2548 4208 2670 4247 vere
2714 4193 2856 4247 Deus
2899 4194 3074 4257 ﬁeret,
3124 4202 3178 4247 et
3216 4208 3398 4248 essen-

1824 4288 1907 4339 tia:
1930 4288 2169 4339 omnium
2209 4300 2431 4337 summa:
2460 4299 2523 4338 ac
2556 4285 3024 4352 prtestantissima:
3073 4285 3394 4338 excellentia

1820 4376 2132 4429 ditaretur?
2162 4374 2273 4443 68
2300 4376 2503 4441 Apage,
2544 4374 2723 4439 homo,
2764 4374 2831 4426 ab
2859 4374 2957 4427 hac
3002 4374 3228 4427 stultitia
3259 4393 3271 4427 :
3302 4389 3399 4427 ne-

124 4470 458 4538 κεκτήσεται
489 4462 602 4532 γὰρ
633 4462 826 4527 οὐδεὶς,
858 4463 952 4514 καὶ
986 4463 1061 4525 ὡς
1097 4464 1229 4514 ἰδίαν
1256 4463 1321 4515 ἂν
1352 4463 1466 4533 ἔχοι
1492 4464 1590 4533 τὴν
1618 4468 1715 4535 τῆς

1823 4478 1925 4530 que
1951 4462 2094 4515 enim
2154 4462 2439 4529 quisquam
2489 4476 2555 4513 ex
2605 4462 2690 4514 his
2740 4462 2829 4527 qui
2870 4462 3009 4514 inter
3043 4463 3220 4530 genita
3272 4478 3398 4515 cen-

125 4561 380 4628 Θεότητος
414 4556 605 4623 φύσιν,
650 4554 758 4606 τῶν
790 4552 1088 4605 τελούντων
1133 4556 1190 4605 ἐν
1231 4558 1527 4623 γεννητοῖς.
1558 4556 1718 4608 Ἵδιον

123 4644 185 4715 ἦν
208 4649 268 4700 τὸ
301 4647 473 4713 σῶμα
501 4643 599 4695 τοῦ
632 4644 805 4711 Λόγου
825 4658 839 4673 ⁶
874 4644 967 4694 καὶ
992 4642 1065 4704 ὠς
1084 4643 1177 4694 ἕνα
1202 4642 1333 4695 Θεὸν
1365 4644 1457 4696 καὶ
1486 4644 1718 4713 Χριστὸν

128 4741 215 4791 καὶ
242 4738 374 4791 Υίδν
408 4737 508 4789 καὶ
536 4736 741 4804 Κύριον
769 4735 866 4786 σὺν
894 4733 1041 4803 αύτῷ
1069 4733 1510 4803 προσκεκύνηκεν
1538 4738 1570 4804 ἡ
1608 4736 1718 4788 κτί·

130 4844 236 4892 τις,
278 4826 381 4881 καὶ
434 4824 815 4889 δοξολογοῦσιν
852 4823 901 4875 οί
947 4822 1200 4891 οὐρανοὶ,
1254 4823 1347 4875 καὶ
1403 4823 1499 4875 σὺν
1534 4824 1715 4886 αὐτοῖς

130 4920 313 4985 ἡμεῖς’
349 4918 431 4978 ὡς
466 4915 579 4983 γὰρ
618 4916 647 4965 6
681 4914 968 4982 προφήτης
1009 4914 1190 4981 φησιν,
1229 4932 1246 4961 ι
1292 4913 1590 4981 Ἐκάλυψεν
1624 4916 1713 4966 ού-

134 5012 315 5075 ρανοὺς
343 5012 380 5078 ἡ
419 5008 596 5078 ἀρετὴ
629 5005 816 5069 αὐτοῦ,
845 5004 1063 5073 καὶτῆς
1096 5005 1354 5067 αἰνέσεως
1389 5006 1551 5057 αὐτοῦ
1586 5006 1717 5074 πλή-

134 5114 222 5164 ρης
265 5100 298 5168 ἡ
353 5097 469 5165 γῆ,
500 5114 519 5145 ι
576 5096 675 5162 οὐχ
710 5095 786 5155 ὼς
819 5092 1107 5162 ἀνθρώπου
1169 5093 1397 5161 θεότητα
1437 5096 1718 5164 κτησαμέ-

133 5204 244 5239 νω-
279 5188 405 5248 πῶς
436 5185 570 5253 γὰρ,
600 5184 633 5251 ἢ
669 5184 863 5247 πόθεν;
903 5182 1019 5234 ἀλλ’
1044 5182 1118 5246 ὡς
1148 5184 1206 5234 ὲν
1252 5184 1553 5252 προσλήψει
1586 5201 1718 5252 σαρ-

136 5276 215 5335 1's;
241 5277 546 5347 ανθρώπου
577 5273 863 5339 γεγονότος
898 5271 991 5324 τοῦ
1021 5273 1085 5325 ἐκ
1113 5272 1248 5324 Θεοῦ
1282 5272 1492 5340 Πατρὸς
1520 5274 1713 5340 Λόγου.

304 5370 453 5420 ἔστω
497 5365 664 5433 τυχὸν
691 5366 719 5417 6
750 5363 809 5428 ἐξ
836 5361 1141 5433 ἀνθρώπων
1172 5361 1397 5433 ληφθεὶς
1416 5402 1429 5426 ,
1469 5362 1718 5430 θεότητος

196 5480 235 5508 η
265 5477 434 5530 Hebr.
462 5492 516 5537 ν,
546 5476 597 5528 9.
680 5474 695 5505 ⁸
730 5474 865 5528 Gen.
898 5488 969 5537 tv,
1001 5474 1051 5526 i.
1126 5475 1145 5504 ³
1178 5471 1379 5528 Habac.
1408 5488 1488 5535 ιιι,
1514 5474 1567 5529 3.

1820 4565 2029 4615 sentur,
2083 4551 2377 4620 possidebit
2435 4559 2486 4604 et
2549 4561 2801 4618 tanquam
2861 4553 3132 4620 propriam
3183 4552 3395 4606 habebit

1823 4652 2070 4695 naturam
2128 4640 2455 4693 divinitatis.
2513 4638 2801 4705 Proprium
2854 4649 2974 4693 erat
3028 4638 3188 4694 Verbi
3224 4642 3399 4708 ipsum

1823 4748 2042 4801 corpus,
2091 4744 2145 4786 et
2176 4746 2279 4783 una
2318 4747 2438 4786 cum
2490 4732 2581 4785 illo
2620 4741 2876 4799 tanquam
2924 4747 3085 4785 unum
3136 4734 3297 4785 Deum
3344 4744 3400 4785 et

1821 4826 2094 4878 Christum
2126 4834 2179 4877 et
2225 4824 2419 4877 Filium
2451 4832 2500 4875 ct
2541 4824 2827 4877 Dominum
2864 4830 3053 4877 adorat
3100 4825 3213 4892 ipsa
3243 4840 3398 4879 crea-

1827 4927 1968 4977 tura,
2001 4925 2053 4967 et
2086 4916 2209 4968 (mli
2252 4915 2574 4990 glorilicant,
2612 4924 2663 4966 et
2695 4929 2816 4967 cum
2863 4915 2994 4980 ipsis
3029 4928 3124 4968 nos
3158 4930 3394 4983 quoque.

1828 5006 1894 5059 Ut
1925 5007 2067 5059 enim
2101 5007 2175 5058 ait
2207 5008 2466 5072 propheta
2495 5022 2507 5056 :
2541 5023 2557 5053 ι
2585 5003 2813 5070 Operuit
2850 5006 3017 5058 C(Plos
3047 5006 3219 5057 virtus
3259 5008 3393 5072 ejus,

1822 5107 1876 5148 et
1906 5096 2077 5148 laudis
2109 5098 2224 5163 ejus
2260 5097 2414 5163 plena
2454 5104 2534 5147 cst
2580 5105 2723 5147 terra
2754 5098 2772 5126 ¹
2814 5115 2824 5148 :
2866 5116 2883 5145 ι
2919 5112 3023 5149 non
3057 5097 3197 5164 quod
3237 5098 3397 5151 homo

1823 5186 2161 5238 divinitatem
2200 5187 2540 5252 possederit:
2586 5188 2675 5253 qui
2740 5189 2881 5239 enim
2906 5227 2920 5249 ,
2951 5197 3042 5239 aut
3079 5189 3396 5240 undenatn?

1824 5276 1913 5328 sed
1944 5278 2085 5343 quod
2137 5278 2309 5343 ipsum
2348 5291 2409 5328 ex
2449 5278 2555 5329 Deo
2608 5278 2770 5332 Patre
2814 5278 3046 5331 Verbum
3101 5280 3395 5331 humanam

1825 5382 2038 5419 carnem
2068 5370 2444 5435 assumpscrit.
2481 5368 2585 5422 Sed
2632 5370 2701 5422 sit
2741 5384 2891 5434 sane,
2923 5369 3009 5423 ille
3051 5385 3115 5423 ex
3156 5369 3392 5423 homini-

1394 5608 1551 5662 ANT.
1586 5607 1851 5663 ACELLII
1887 5609 2115 5664 ΝΟΤΑΞ.

209 5722 313 5791 (l9)
357 5718 451 5773 Vel
488 5717 618 5772 Seth
653 5734 753 5788 pro
788 5718 924 5773 Cain
969 5718 1208 5788 irrepsit,
1242 5721 1323 5773 ιρι
1364 5729 1599 5774 erratum
1636 5720 1927 5788 memoriat,
1968 5730 2048 5773 cst
2079 5734 2143 5771 ex
2168 5719 2301 5771 Gen.
2341 5735 2411 5782 Iv,
2452 5722 2495 5783 Ι,
2530 5723 2918 5786 castigandum.
