4028 6426
663 339 766 396 1‘25

1697 340 1752 394 S.
1797 339 2062 395 CVRILIJ
2103 337 2569 393 ALEXANDIRNI
2612 336 2930 391 ARCHIEP.

3819 337 3928 391 128

667 457 769 513 bus
793 466 1126 528 assumptus,
1153 472 1437 528 possessor
1461 458 1775 524 divinitatis,
1796 471 1852 512 ut
1878 461 1970 513 tibi
1999 461 2097 529 ipsi
2124 462 2235 528 pla-

2342 459 2578 526 κτήτωρ,
2605 455 2746 508 κατά
2769 472 2830 522 γε
2852 454 2910 506 τὸ
2933 453 3078 523 αὐτῷ
3107 471 3187 506 σοι
3214 452 3426 518 δοκοῦν,
3455 452 3570 516 πῶς
3593 451 3922 506 καθίσταται

666 560 751 602 cet
782 567 794 602 :
825 551 1095 617 quomodo
1115 551 1464 605 constituitur
1485 550 1535 604 in
1564 551 1780 617 hisqna:
1807 560 1932 604 sunt
1954 552 2018 603 ad
2050 552 2234 613 Deum,

667 651 720 691 nt
741 641 976 707 pontifex
1001 640 1252 694 nimirum
1271 643 1293 695 ?
1315 651 1567 696 utrumne
1584 643 1863 696 divinitate
1888 643 2061 696 nudus
2077 660 2236 711 quain

667 733 926 799 |t0sscdit,
963 733 1069 788 Deo
1100 733 1450 799 sacrificabit,
1483 751 1549 788 an
1590 736 1735 788 illam
1775 736 1930 804 quasi
1965 736 2236 803 propriam

663 821 912 892 habens?
939 824 987 876 id
1005 823 1167 887 enim,
1192 835 1247 878 nt
1270 830 1480 894 Opinor,
1505 842 1608 879 non
1636 826 1836 894 aliquid
1864 827 2006 879 aliud
2027 826 2236 894 signiﬁ-

665 922 772 975 cat,
791 912 931 980 quod
955 913 1258 980 possedisse
1289 915 1503 968 dicitur.
1527 915 1583 967 Si
1607 915 1800 974 nudus.
1835 929 1936 968 non
1962 915 2234 982 possedit;

665 1001 748 1054 sin
774 1010 830 1053 ut
859 1001 1004 1053 illam
1032 1005 1302 1072 propriam
1331 1004 1557 1066 habens,
1578 1004 1829 1057 divinitas
1865 1004 2049 1072 procul
2075 1005 2237 1058 dubio

667 1084 778 1140 Deo
803 1087 1149 1144 sacrifieabit.
1169 1089 1304 1155 Quid
1337 1091 1499 1160 igitur
1532 1100 1746 1154 :rstuas,
1765 1101 1818 1144 et
1843 1106 2058 1144 sursum
2085 1091 2239 1143 deor-

667 1191 785 1230 sum
825 1181 1108 1245 perturbas
1143 1180 1358 1243 omnia,
1391 1190 1444 1234 et
1483 1182 1603 1235 lidei
1643 1182 1982 1235 traditionem
2029 1182 2235 1235 adulte-

667 1283 787 1322 rare
817 1284 922 1322 uon
954 1270 1274 1325 erubescis?
1320 1271 1489 1325 liabet
1519 1273 1884 1326 necessariam
1917 1288 2133 1325 causam
2172 1273 2236 1324 il-

668 1356 756 1410 Iud
783 1373 850 1412 ex
905 1358 1013 1412 Deo
1043 1360 1201 1414 Patre
1238 1363 1492 1424 Verbum,
1529 1364 1746 1416 etiamsi
1783 1363 2124 1416 sacrificasse
2148 1365 2236 1416 di-

667 1458 822 1502 catur
865 1450 972 1504 Dco
1007 1466 1068 1504 ac
1105 1450 1246 1504 Patri
1281 1471 1294 1506 :
1351 1452 1593 1506 functum
1637 1462 1721 1507 est
1759 1454 1902 1506 enim
1943 1455 2232 1507 sacerdotii

667 1553 912 1603 munere,
956 1557 1058 1594 nou
1102 1543 1317 1610 quidem
1358 1545 1474 1596 sine
1507 1559 1693 1605 carne,
1727 1545 1819 1596 sed
1848 1545 2020 1598 nostri
2061 1545 2238 1598 simile

668 1632 890 1695 factum,
918 1634 1114 1701 quibus
1157 1636 1340 1702 gloriae
1376 1644 1459 1687 est
1492 1633 1778 1687 sacerdotii
1818 1634 2091 1688 nobilitas.
2118 1637 2235 1689 Alia

664 1739 880 1792 quoque
916 1726 1122 1778 ratione
1155 1725 1409 1792 perfacile
1434 1737 1513 1779 est
1543 1726 1748 1787 videre,
1786 1725 2234 1779 absurdissimum

2339 547 2408 597 τὰ
2439 539 2573 614 πρῖις
2609 545 2701 596 τὸν
2734 544 2886 608 Θεὸν,
2935 543 3224 613 ἀρχιερεὺς
3256 543 3534 611 δηλονότι,
3570 543 3772 612 πότερα
3801 540 3923 603 οὖν,

2341 638 2544 706 γυμνὸς
2575 633 2642 705 ἦς
2676 637 2943 704 ἐκτήσατο
2989 635 3241 703 θεότητος
3262 674 3276 697 ,
3315 634 3618 704 ίερατεύσει
3652 633 3728 702 τῷ
3759 632 3924 702 Θεῷ;

2341 731 2372 798 ἢ
2412 727 2612 797 ταύτην
2642 727 2742 796 ήδη
2775 743 2889 788 πως
2920 725 3053 778 ίδίαν
3081 725 3248 794 Exim);
3280 724 3432 776 τουτὶ
3470 724 3598 793 γάρ,
3619 719 3796 794 οἶμαι,
3826 725 3927 776 καὶ

2339 821 2524 889 ἓτερον
2571 820 2740 882 οὐδὲν,
2774 817 3235 888 κατασημαίνειεν
3271 819 3337 870 ἂν
3383 817 3444 868 τδ
3490 816 3794 885 κτήσασθαι
3826 815 3924 867 λέ-

2339 928 2454 978 γειν
2483 911 2662 963 αὐτόν.
2705 908 2843 961 Ἀλλ’
2885 911 2932 961 εί
2967 909 3065 977 μὲν
3097 908 3337 977 γυμνὸς,
3379 908 3480 959 οὐκ
3523 909 3830 976 ἐκτήσατο·
3871 907 3924 958 εἰ

2338 1002 2393 1054 δέ
2423 1001 2496 1064 ὡς
2535 1001 2668 1053 ἰδίαν
2702 1001 2840 1068 ἔχων
2883 999 3074 1067 αὐτὴν,
3116 998 3365 1065 θεότητος
3397 995 3509 1067 [ῖσ.
3551 995 3768 1067 θεότηςῖ
3813 1013 3921 1048 που

2339 1094 2556 1155 πάντως
2603 1091 2905 1162 ίερατεύσει
2938 1090 3074 1158 Θεῷ.
3109 1089 3172 1140 Τί
3207 1086 3299 1142 οὖν
3346 1089 3550 1154 ἀλύεις,
3583 1091 3696 1142 ἄνω
3727 1105 3787 1141 τε
3824 1089 3926 1140 καὶ

2339 1185 2486 1237 κάτω
2511 1184 2794 1252 διακυκᾷς,
2826 1183 2918 1234 καὶ
2949 1181 3384 1250 παρασημαίνων
3411 1181 3510 1232 οὐκ
3534 1181 3791 1250 ἐρυθριᾷς
3819 1179 3925 1246 τῆς

2339 1276 2570 1337 πίστεως
2612 1275 2709 1345 τὴν
2744 1273 3070 1344 παράδοσιν;
3099 1274 3251 1342 Ἔχει
3295 1273 3566 1342 πρόφασιν
3609 1271 3925 1338 ἀναγκαίαν

2337 1369 2366 1419 6
2395 1368 2457 1418 ὲκ
2479 1365 2612 1417 Θεοῦ
2632 1364 2843 1434 Πατρὸς
2870 1364 3059 1430 Λόγος,
3092 1363 3196 1415 κᾶν
3227 1363 3536 1430 ίερατεῦσαι
3562 1362 3774 1429 λέγοιτο
3797 1361 3924 1430 Θεῷ

2339 1458 2433 1510 καὶ
2460 1456 2663 1526 Πατρίο
2698 1455 3070 1523 κεχρημάτικε
3101 1453 3209 1524 γάρ
3241 1455 3420 1526 ἱερεὺς
3452 1455 3511 1507 οὐ
3539 1454 3661 1522 δίχα
3689 1453 3920 1523 σαρκδς,

2339 1549 2458 1601 καθ’
2484 1549 2628 1618 ἡμᾶς
2659 1548 2713 1599 δὲ
2745 1547 3004 1614 γεγονὼς,
3037 1547 3111 1605 ὼς
3143 1547 3298 1614 ἔφην,
3327 1545 3420 1609 οὒς
3449 1545 3562 1617 [Ion
3594 1540 3696 1615 οἷς]
3734 1545 3829 1596 καὶ
3860 1547 3925 1597 ἐν

2339 1639 2583 1700 εὐκλείας
2628 1638 2777 1702 τάξει
2819 1637 3122 1705 λελόγισται
3161 1637 3229 1689 τὰ
3263 1640 3362 1706 τῆς
3414 1635 3709 1705 ἱερωσύνης
3744 1636 3922 1704 αὐχή-

2343 1747 2506 1800 ματα.
2532 1730 2638 1782 Καὶ
2667 1729 2990 1796 καθ’ἒτερον
3020 1728 3075 1779 δὲ
3107 1728 3327 1797 τρόπον,
3346 1726 3728 1794 ἀταλαίπωρον
3761 1726 3918 1788 ἰδεῖν,

666 1828 798 1865 sane
829 1827 948 1866 esse
978 1823 1033 1867 et
1080 1814 1324 1866 stultitiie
1358 1813 1595 1881 plenum,
1634 1814 1779 1866 illum
1822 1829 1886 1867 ex
1927 1813 2236 1866 hominibus

2342 1794 2412 1882 i'o;
2447 1819 2558 1871 ἔστι
2587 1819 2695 1870 τῶν
2728 1820 2864 1886 ἄγαν
2905 1794 3322 1876 ἐκτοπωτάτων,
3356 1818 3450 1870 καὶ⁹
3482 1815 3682 1886 πολλῆς
3719 1816 3925 1884 ἐπίμε-

666 1915 1001 1970 assumptum
1062 1920 1426 1972 possessorem
1485 1905 1784 1958 divinitatis
1838 1905 2128 1973 appellare,
2186 1914 2239 1958 et

665 1994 1017 2047 constitutum
1051 1996 1104 2048 in
1138 1996 1219 2048 bis
1251 2011 1367 2062 quic
1400 2007 1521 2048 sunt
1563 1997 1626 2048 ad
1671 1996 1834 2050 Deuiu
1869 2014 1881 2048 :
1917 2012 2039 2049 nam
2068 1998 2108 2050 si
2148 2013 2236 2051 as-

668 2093 914 2152 sumptus
939 2096 1022 2138 est
1050 2101 1077 2137 a
1113 2085 1242 2151 Deo,
1276 2087 1544 2154 quomodo
1576 2096 1941 2141 assuineutcin
1982 2104 2041 2142 se
2072 2099 2234 2142 natii-

669 2191 784 2228 ram
811 2178 1098 2246 acquisivit
1126 2193 1188 2230 ac
1217 2179 1495 2245 possedit?
1541 2194 1662 2231 nam
1696 2180 1808 2246 ipsa
1850 2195 1934 2234 res
1961 2193 2235 2247 assumpta

666 2267 772 2319 eiit
805 2267 989 2334 procul
1023 2268 1557 2327 diibioassmneutis
1610 2270 1917 2336 possessio,
1968 2286 2071 2324 non
2109 2286 2236 2339 pos-

666 2357 804 2410 sidet
837 2368 1202 2410 assumentein
1233 2375 1244 2410 :
1281 2359 1427 2411 verbi
1465 2358 1658 2425 gratia,
1699 2360 1942 2428 pecunia:
1968 2362 2234 2429 quispiam

667 2449 842 2502 factus
893 2460 973 2502 est
1026 2464 1327 2517 possessor,
1363 2449 1443 2502 vel
1495 2451 1734 2503 scientia:
1785 2451 2075 2519 cujuslibet
2116 2454 2233 2506 rei:

667 2552 846 2589 nonne
894 2539 1145 2592 omnibus
1196 2540 1542 2608 perspicuum
1594 2549 1677 2592 est
1739 2555 1842 2593 non
1904 2542 2075 2608 ipsum
2119 2557 2238 2596 esse

665 2630 1062 2694 possessionem
1090 2630 1352 2698 pecunizn,
1385 2640 1478 2684 aut
1518 2632 1658 2684 illius
1689 2633 1885 2685 addita;
1919 2633 2020 2687 sibi
2057 2635 2236 2688 scicn-

667 2719 771 2782 tiae,
802 2722 893 2772 sed
931 2721 1189 2786 possideri
1228 2722 1296 2773 ab
1327 2722 1441 2790 ipso
1476 2723 1653 2788 potius
1682 2738 1792 2776 rein
1827 2726 2148 2792 acceptam?
2183 2726 2235 2779 ld

663 2806 880 2874 quidem
912 2810 1054 2862 nullo
1083 2813 1260 2874 modo,
1299 2823 1355 2863 ut
1384 2814 1597 2881 opinor,
1642 2823 1726 2866 est
1771 2814 2101 2881 ambiguum.
2139 2816 2237 2882 lgi-

667 2907 755 2951 iur
798 2899 842 2952 si
900 2902 1166 2953 rationem
1200 2917 1302 2970 qua
1358 2903 1446 2956 ille
1498 2893 1817 2971 Unigeuitus
1868 2905 2029 2960 homo
2065 2906 2237 2961 factus

664 2996 770 3053 est,
811 2990 1144 3056 exquirendo
1183 2992 1473 3055 curiosius,
1502 2993 1805 3048 invenimus
1841 2996 2114 3051 hominem
2149 3013 2237 3052 as-

665 3081 970 3146 sumptione
1000 3083 1301 3136 divinitatis
1347 3083 1545 3136 factum
1599 3085 1801 3152 Deum,
1832 3087 1989 3141 liceat
2017 3104 2138 3142 eum
2170 3105 2233 3143 ex

667 3181 757 3221 tuo
792 3173 1123 3240 pnescripto,
1155 3173 1452 3234 divinitatis
1494 3190 1860 3243 possessorem
1905 3179 2180 3247 appellare
2215 3198 2229 3234 :

666 3260 831 3326 ipsius
845 3265 984 3316 enim
1010 3264 1146 3319 facta
1164 3276 1244 3318 est
1264 3267 1375 3334 ipsa
1396 3268 1668 3321 divinitas.
1686 3269 1779 3321 Sin
1805 3269 2034 3323 Verbum
2059 3273 2231 3339 ipsum

664 3368 784 3404 eum
828 3365 970 3408 esset
1023 3356 1198 3420 Dens,
1251 3361 1604 3426 apprehendit
1651 3377 1832 3415 semen
1885 3364 2232 3428 Abraham’,

664 3455 717 3494 et
741 3460 860 3497 cum
896 3447 1006 3516 69
1036 3457 1176 3501 esset
1213 3449 1264 3501 in
1301 3449 1474 3503 forma
1509 3451 1598 3503 Dei
1632 3461 1686 3505 et
1722 3451 1919 3516 Patris,
1956 3466 2233 3523 assumpta

665 3536 808 3588 servi
858 3537 1029 3590 forma
1081 3538 1256 3594 factus
1299 3552 1382 3595 cst
1415 3543 1574 3596 hoino
1603 3543 1643 3605 ⁵,
1684 3543 1775 3610 qui
1811 3543 1925 3597 fieri
1962 3554 2142 3614 potest
2179 3555 2235 3598 ut

674 3641 778 3678 non
816 3627 884 3678 sit
913 3629 1158 3696 stupidus
1191 3631 1280 3695 qui
1325 3631 1508 3685 dicere
1550 3633 1698 3695 velit,
1748 3633 1798 3686 id
1843 3637 1985 3702 quod
2027 3651 2239 3690 assum-

667 3729 815 3782 ptum
851 3727 954 3777 est,
987 3716 1103 3784 ejus
1137 3729 1347 3773 natura:
1381 3723 1723 3788 possessione
1768 3723 2000 3777 ditatum
2051 3742 2078 3777 a
2132 3741 2236 3793 qua

668 3807 740 3859 sit
766 3818 1120 3876 assumptum,
1157 3826 1220 3864 ac
1254 3827 1358 3864 non
1397 3814 1572 3880 potius
1601 3816 1878 3882 proprium
1908 3832 2028 3871 esse
2063 3820 2234 3872 susci-

669 3897 867 3964 pientis
894 3909 1098 3953 natura:
1121 3900 1368 3956 factum?
1395 3904 1544 3969 Quod
1572 3915 1752 3959 autem
1787 3923 2006 3960 suorum
2045 3910 2238 3963 verbo-

671 4004 788 4041 rum
833 3999 884 4043 et
927 3991 1301 4048 inventionum
1334 3997 1464 4061 vim,
1506 3997 1790 4066 ipsumque
1837 4008 2104 4066 praeterea
2155 4015 2240 4053 sa-

571 4153 575 4159 .
669 4081 901 4134 cerdotii
953 4100 1148 4139 nomen
1184 4087 1430 4155 imperite
1477 4091 1541 4141 ad
1593 4091 1893 4158 simplicem
1943 4092 2237 4158 hominem,

667 4173 815 4225 illuni
853 4175 1066 4242 inquam
1103 4193 1167 4231 ex
1202 4178 1421 4244 femina,
1467 4181 1693 4250 redigat,
1743 4183 2070 4250 auferatque
2110 4183 2237 4237 illud

668 4266 735 4316 ab
781 4263 1074 4333 Unigenito
1116 4277 1170 4320 et
1208 4269 1354 4323 edito
1382 4285 1448 4324 ex
1496 4271 1654 4326 Patre
1687 4273 1883 4338 Verbo,
1941 4275 2104 4327 etiam
2144 4290 2242 4343 per

668 4358 948 4422 sequentia
976 4358 1267 4413 declarabit
1296 4378 1308 4414 :
1343 4361 1420 4415 sic
1445 4378 1678 4431 namque
1704 4365 1926 4431 scripsit
1955 4380 2169 4418 rursum
2216 4384 2229 4419 :

742 4445 1008 4516 [Νεετοιι.
1053 4468 1070 4500 i
1105 4449 1217 4503 Non
1247 4451 1467 4520 angelos
1499 4455 1892 4522 apprehendit,
1930 4455 2023 4510 sed
2057 4472 2236 4510 semen
2271 4482 2317 4539 ο

673 4537 959 4590 Abraham
993 4539 1436 4606 apprehendit”:
1485 4561 1502 4591 ι
1552 4558 1678 4595 num
1725 4558 1909 4597 semen
1963 4545 2237 4599 Abraham

667 4637 749 4679 cst
795 4627 906 4693 ipsa
950 4628 1243 4681 divinitas?
1275 4631 1399 4683 andi
1447 4633 1610 4684 etiam
1655 4646 1968 4701 sequentem
2009 4650 2236 4689 vocem:

678 4735 696 4767 ι
731 4715 884 4770 Unde
909 4719 1172 4786 oportuit,
1209 4721 1402 4787 inquit,
1443 4736 1537 4789 per
1569 4725 1751 4777 omnia
1800 4723 2060 4778 fratribus
2090 4725 2236 4779 assi-

671 4809 846 4862 niilari
873 4810 934 4863 ’τ
974 4829 990 4860 ι
1031 4827 1155 4863 ιιιιιιι
1186 4812 1457 4865 divinitati
1493 4814 1700 4868 similes
1739 4815 1875 4868 ullos
1907 4816 2095 4870 habuit
2125 4816 2238 4869 fra-

673 4913 785 4956 tres
816 4902 990 4969 ipsuin
1017 4903 1108 4956 Dei
1146 4904 1376 4958 Verbum
1401 4904 1424 4956 ?
1449 4905 1580 4958 Vide
1621 4906 1783 4958 etiam
1817 4908 1958 4974 quod
1988 4906 2130 4960 illico
2159 4907 2242 4962 his

672 4993 1018 5059 adiungitur:
1061 5014 1078 5046 i
1120 4995 1188 5049 Ut
1229 4997 1540 5050 misericors
1579 4996 1732 5048 fieret
1772 5006 1826 5049 et
1862 4996 2034 5050 lidclis
2067 4996 2244 5049 Ponti-

676 5084 760 5137 fex
814 5087 880 5138 ad
915 5085 1078 5139 Deum
1111 5105 1124 5140 :
1174 5089 1226 5141 in
1274 5103 1336 5141 eo
1364 5089 1510 5140 enim
1548 5088 1601 5139 in
1633 5102 1737 5155 quo
1769 5103 1961 5155 passos
2004 5099 2087 5143 est
2129 5091 2242 5156 ipse

676 5188 935 5241 tentatus,
954 5189 1140 5247 potens
1164 5190 1246 5233 est
1269 5190 1322 5233 et
1345 5181 1422 5234 eis
1445 5181 1534 5248 qui
1559 5190 1852 5240 tentantur,
1875 5181 2119 5235 auxiliari
2143 5182 2185 5233 ".
2217 5199 2234 5230 ι

677 5269 818 5338 Ergo
841 5270 991 5337 isqui
1020 5285 1212 5339 passus
1240 5282 1346 5334 est,
1380 5272 1469 5324 ille
1496 5282 1579 5326 est
1612 5270 1857 5326 Pontifex
1891 5272 2240 5338 misericors;

677 5360 899 5427 patihiIe
943 5373 1122 5416 autem
1172 5363 1344 5431 ipsum
1394 5362 1647 5430 templum
1690 5371 1796 5424 est,
1830 5377 1935 5416 non
1977 5362 2118 5416 Deus
2150 5363 2240 5427 qui

681 5449 990 5504 viviﬁcahat
1023 5452 1074 5506 id
1115 5453 1253 5520 quod
1291 5454 1612 5520 patiebatur.
1645 5452 1837 5506 Semen
1875 5453 2167 5515 Abraham,
2199 5453 2244 5507 is

677 5542 890 5607 estqui
940 5541 1055 5596 heri
1112 5553 1166 5596 et
1212 5543 1386 5606 hodie,
1443 5551 1501 5596 ut
1557 5542 1751 5598 Paulus
1796 5543 1870 5595 ait
1922 5543 1962 5607 ⁸,
2014 5559 2118 5595 ιιυιι
2153 5543 2238 5610 ιιιιί

755 5719 772 5748 ³
805 5720 966 5774 Hebr.
999 5739 1055 5784 ll,
1095 5724 1173 5775 Hi.
1253 5727 1265 5752 "
1303 5725 1525 5790 l‘liilipp.
1560 5741 1614 5786 ll,
1647 5726 1696 5788 η,
1727 5725 1773 5776 7.
1853 5724 1870 5753 ’⁸
1910 5723 2070 5780 Hebr.
2097 5740 2154 5786 ll,
2187 5726 2242 5778 l6

2342 1924 2463 1959 στον
2495 1908 2777 1975 εὐηθείας,
2826 1909 3065 1975 κτήτορα
3095 1907 3347 1974 θεότητος
3388 1905 3480 1957 τὸν
3513 1905 3571 1968 ἐξ
3610 1904 3924 1974 ἀνθρώπων

2339 1999 2606 2070 ληφθέντα
2648 1998 2848 2064 λέγειν,
2882 1995 3278 2064 καθιστάμενον
3311 2011 3370 2046 τε
3410 1994 3548 2063 πρὸς
3603 1993 3693 2045 τὸν
3735 1993 3875 2045 Θεόν
3903 2010 3918 2025 ·

2339 2093 2386 2142 εί
2417 2091 2526 2159 γὰρ
2556 2087 2760 2159 ἐλήφθη
2802 2085 2952 2154 παρά
2986 2085 3079 2138 τού
3111 2085 3267 2149 Θεοῦ,
3299 2084 3421 2137 τίνα
3459 2083 3656 2153 τρόπον
3685 2084 3783 2152 τὴν
3819 2085 3923 2135 λα·

2339 2181 2537 2234 ϐοὖσαν
2556 2179 2718 2233 αὐτὸν
2744 2178 3118 2245 κατεκτήσατο
3144 2175 3336 2242 φύσιν;
3359 2175 3418 2226 τὸ
3443 2175 3552 2244 γάρ
3577 2192 3658 2227 τοι
3683 2174 3919 2244 ληφθὲν,

2339 2273 2490 2325 ἔσται
2519 2289 2622 2324 που
2659 2270 2858 2339 μᾶλλον
2902 2267 2992 2321 τοῦ
3038 2268 3292 2328 λαϐόντος
3321 2267 3396 2327 ὡς
3429 2267 3639 2335 κτῆσις,
3682 2269 3778 2319 καὶ
3815 2268 3924 2320 οὐκ

2339 2369 2468 2422 αὐτὸ
2494 2369 2818 2437 κεκτήσεται
2847 2366 2907 2417 τὸ
2937 2363 3327 2433 προσειληφόςο
3356 2359 3465 2414 οἷον
3491 2362 3546 2414 δὲ
3571 2362 3632 2431 δή
3651 2361 3703 2412 τί
3736 2380 3886 2431 φημι
3904 2380 3917 2392 ·

2338 2461 2577 2515 Πλούτου
2611 2464 2704 2520 τις
2749 2458 2938 2524 γέγονε
2979 2458 3216 2524 κτήτωρς
3263 2456 3430 2522 ἤγουν
3460 2454 3771 2522 ἐπιστήμης
3817 2454 3922 2522 τῆς

2339 2553 2423 2620 ἐφ’
2458 2549 2660 2620 ὁτῳοῦν
2690 2549 3011 2617 νοουμένης·
3051 2542 3139 2615 ἆρ’
3167 2547 3263 2614 οὐχ
3299 2545 3502 2598 ἀπασιν
3552 2545 3803 2614 ἐναργὲς,
3840 2546 3922 2607 ὼς

2339 2644 2436 2696 οὐκ
2464 2642 2623 2704 αὐτὸς
2651 2641 2800 2692 ἔσται
2827 2637 2919 2691 τοῦ
2953 2637 3180 2689 πλούτου
3217 2637 3425 2704 κτῆσις,
3458 2636 3621 2704 ήγουν
3648 2639 3744 2702 τῆς
3780 2653 3922 2704 προ.

2338 2734 2635 2804 γενομένης
2683 2730 2805 2800 [ἵσ.
2848 2724 3327 2797 προσγενομένης]
3386 2723 3536 2793 αὐτῷ
3568 2725 3919 2792 ἐπιστήμης,

2339 2823 2740 2890 κατακτήσεται
2782 2818 2839 2870 δὲ
2889 2815 3166 2885 μᾶλλον’τὸ
3207 2812 3710 2883 προσειλημμένον;
3745 2812 3920 2876 Ἀλλ’,

2337 2909 2513 2984 οἴμαι,
2550 2910 2707 2964 τοῦτό
2741 2911 2856 2961 ἐστι
2912 2907 3032 2960 κατ’
3085 2905 3275 2958 οὐδένα
3328 2905 3527 2973 τρόπον
3583 2903 3922 2972 ἀμφίλογον.

2341 3002 2569 3065 Οὐκοῦν,
2602 3004 2648 3053 εί
2688 2999 2776 3052 τὸν
2817 2999 2918 3067 τῆς
2955 2996 3419 3066 ἐνανθρωπήσεως
3450 2993 3544 3046 τοῦ
3574 2994 3924 3060 Μονογενοῦς

2339 3090 2919 3163 πολυπραγμονοῦντες
2969 3088 3189 3156 τρόπον,
3244 3085 3529 3156 ἄνθρωπον
3564 3085 3922 3154 εὑρίσκομεν,

2339 3185 2414 3246 ὡς
2454 3184 2512 3234 ἐν
2559 3177 2859 3248 προσλήψει
2904 3175 3156 3244 θεότητος
3186 3173 3446 3240 γεγονότα
3478 3172 3631 3235 Θεὸν,
3669 3172 3927 3239 λεγέσθω

2339 3274 2480 3326 κατά
2525 3272 2611 3334 σὲ,
2663 3270 2916 3336 θεότητος
2970 3267 3188 3334 κτήτωρ
3213 3282 3226 3295 ·
3265 3264 3430 3316 αὑτοῦ
3483 3264 3592 3333 γὰρ
3629 3264 3852 3330 γέγονεν
3887 3265 3926 3332 ἡ

2339 3365 2546 3430 θεότης.
2576 3362 2638 3414 Εἰ
2663 3361 2719 3412 δὲ
2746 3359 2878 3420 Θεὸς
2903 3356 2977 3409 ὢν
3005 3359 3032 3408 ὁ
3058 3357 3250 3422 Λόγος,
3283 3354 3577 3407 ἐπελάϐετο
3603 3355 3925 3423 σπέρματος

2352 3455 2623 3524 Ἀϐραὰμ,
2656 3451 2748 3503 καὶ
2777 3449 3035 3518 ὑπάρχων
3062 3447 3119 3498 ὲν
3162 3449 3342 3515 μορφῇ
3374 3446 3467 3498 τοῦ
3505 3445 3639 3497 Θεοῦ
3681 3445 3926 3512 Πατρός,

2338 3545 2560 3613 γέγονεν
2600 3540 2883 3611 ἄνθρωπος
2919 3537 3129 3608 μορφὴν
3173 3536 3359 3588 δούλου
3408 3535 3608 3599 λαϐὼν,
3654 3536 3768 3596 πῶς
3817 3537 3930 3587 οὐκ

2341 3635 2703 3705 ἐμϐρόντητος
2730 3626 2812 3700 εἴη
2845 3629 2930 3693 ἂν,
2960 3631 3010 3682 εἷ
3040 3645 3121 3690 τις
3155 3627 3325 3680 ἕλοιτο
3353 3625 3550 3693 λέγειν,
3601 3627 3681 3678 ὅτι
3723 3627 3783 3677 τὸ
3825 3627 3932 3693 λη-

2343 3727 2472 3795 φθὲν
2517 3725 2614 3795 τὴν
2658 3723 2930 3775 λαϐοῦσαν
2977 3720 3106 3772 αὐτὸ
3167 3719 3542 3787 κατεκτήσατο
3598 3717 3779 3785 φύσιν,
3826 3718 3931 3769 καὶ

2341 3817 2460 3886 οὐχὶ
2482 3817 2537 3869 δὲ
2571 3815 2767 3884 μᾶλλον
2793 3813 3012 3880 γέγονεν
3040 3812 3166 3863 ἴδιον
3189 3809 3286 3879 τῆς
3311 3808 3582 3876 λαϐούσης
3603 3806 3764 3867 αὑτός
3794 3809 3931 3858 Ὅτι

2341 3909 2396 3960 δὲ
2423 3908 2530 3960 τῶν
2558 3906 2750 3959 ἑαυτοῦ
2779 3905 2951 3971 λόγων
2980 3920 3037 3954 τε
3070 3902 3162 3954 καὶ
3191 3900 3520 3970 εὑρημάτων
3546 3899 3642 3969 τὴν
3665 3899 3930 3967 δύναμιν,

2343 3998 2437 4051 καὶ
2469 3999 2573 4068 μὴν
2601 3997 2694 4049 καὶ
2725 3996 2856 4048 αὐτὸ
2884 3994 2942 4046 τὸ
2978 3993 3077 4060 τῆς
3115 3990 3526 4061 ἀρχιερωσύνης
3555 3990 3724 4058 δνομα
3758 4006 3930 4058 περι-

2337 4091 2554 4158 ΐστησιν
2587 4086 2811 4157 ἀμαθῶς
2846 4087 2924 4147 εἰς
2959 4083 3244 4151 ἄνθρωπον
3277 4080 3463 4142 ἁπλῶς
3499 4081 3589 4131 τὸν
3629 4081 3691 4131 ὲκ
3724 4097 3932 4146 γυναι-

2343 4180 2459 4242 κὸς,
2492 4178 2782 4247 ἀποφέρων
2815 4175 2948 4228 αὐτὸ
2985 4172 3079 4226 τοῦ
3122 4170 3460 4239 Μονογενοῦς
3488 4171 3582 4223 καὶ
3611 4173 3674 4222 ἐκ
3705 4171 3937 4239 Πατρὸς

2341 4272 2492 4332 ὖντος
2534 4269 2729 4335 Λόγου,
2773 4267 2866 4318 καὶ
2904 4267 2989 4318 διὰ
3035 4263 3143 4317 τῶν
3191 4262 3318 4329 ἑξῆς
3351 4261 3790 4332 προσαποφανεῖ·
3828 4261 3935 4327 γέ-

2344 4379 2520 4431 γραφε
2551 4361 2658 4428 γὰρ
2686 4360 2782 4412 ὡδὶ
2815 4359 2878 4429 δὴ
2913 4358 3075 4410 πάλιν
3099 4373 3113 4388 °

2418 4452 2463 4524 [ι
2493 4453 2606 4504 Οὐκ
2655 4451 2899 4518 ἀγγέλων
2951 4445 3400 4516 ἐπιλαμϐάνεται,
3439 4441 3578 4496 ἀλλά
3612 4442 3938 4509 σπέρματος

2357 4543 2608 4614 Ἀϐρααμ
2637 4541 3082 4611 ἐπιλαμϐάνεται.
3115 4557 3131 4587 ι
3172 4537 3264 4608 Μὴ
3297 4535 3514 4605 σπέρμα
3541 4531 3633 4585 τοῦ
3672 4531 3938 4600 Ἀϐραὰμ

2341 4638 2373 4706 ή
2405 4636 2630 4704 θεότης;
2666 4633 2897 4685 ἄκουσον
2928 4632 3019 4684 καὶ
3049 4630 3147 4700 τὴν
3173 4628 3448 4698 ἑπομένην
3473 4625 3656 4692 φωνήν
3675 4639 3688 4652 ’
3718 4642 3736 4673 ι
3758 4622 3938 4676 ’Ὁθεν

2339 4727 2557 4795 ὤφειλε,
2595 4725 2756 4793 φησὶ,
2793 4723 2933 4776 κατά
2980 4724 3156 4774 πάντα
3205 4723 3318 4783 τοῖς
3363 4717 3610 4786 ἀδελφοῖς
3651 4714 3938 4783 ὁμοιωθῆ-

2339 4835 2448 4882 ναι,
2475 4835 2493 4867 ι
2536 4817 2609 4887 μὴ
2640 4818 2704 4885 τῇ
2736 4814 2946 4884 θεότητί
2980 4830 3132 4874 τινας
3160 4815 3188 4864 6
3222 4812 3353 4874 Θεὸς
3383 4811 3554 4877 Λόγος
3587 4811 3741 4880 ἔσχεν
3770 4805 3941 4859 ἀδελ-

2342 4911 2476 4979 φοὺς
2521 4907 2794 4971 ὲοικότας;
2845 4905 3042 4956 Σκόπει
3083 4904 3175 4954 καὶ
3221 4902 3281 4953 τὸ
3327 4901 3539 4961 τούτοις
3585 4900 3744 4961 εὐθὺς
3796 4911 3939 4953 συν-

2340 5001 2674 5068 απτόμενονο
2716 5015 2732 5046 ι
2761 4998 2876 5048 Ἵνα
2919 4995 3165 5063 ἐλεήμων
3199 4994 3425 5061 γένηται
3462 4993 3556 5043 καὶ
3602 4990 3793 5052 πιστὸς
3828 4992 3942 5059 ἀρ-

2340 5090 2558 5160 χιερεὺς
2580 5088 2648 5140 τά
2675 5087 2809 5156 πρὸς
2835 5085 2925 5137 τὸν
2956 5085 3086 5136 Θεόν
3109 5100 3121 5113 ·
3151 5084 3208 5134 ἐν
3239 5075 3283 5148 ᾧ
3312 5082 3421 5151 γὰρ
3451 5080 3714 5134 πέπονθεν
3759 5081 3940 5144 αὐτὸς

2343 5181 2654 5252 πειρασθεὶς
2677 5220 2689 5241 ,
2726 5179 2947 5231 δύναται
2979 5179 3089 5236 τοῖς
3127 5173 3543 5244 πειραζομένοις
3587 5172 3872 5242 βοηθῆσαι.
3909 5191 3930 5222 ι

2345 5272 2605 5326 Οὑκοῦνὸ
2640 5269 2825 5323 παθὼν
2871 5269 3159 5338 ἀρχιερεὺς
3198 5267 3465 5334 ἐλεήμων,
3517 5265 3754 5333 παθητὸς
3800 5263 3858 5314 δέ
3907 5265 3938 5315 6

2345 5364 2491 5425 ναὸς,
2530 5363 2628 5430 οὐχ
2656 5363 2683 5413 6
2719 5360 2979 5424 ζωοποιος
3016 5357 3110 5409 τοῦ
3147 5356 3473 5417 πεπονθότος
3506 5355 3657 5416 Θεός.
3694 5354 3936 5422 Σπέρμα

2358 5453 2612 5522 ’Λϐραάμ
2636 5454 2664 5504 ὁ
2696 5451 2821 5519 χθὲς
2855 5449 2950 5502 καὶ
2982 5451 3241 5517 σήμερον,
3270 5447 3412 5499 κατά
3445 5448 3543 5515 τήν
3575 5444 3668 5496 τοῦ
3710 5443 3935 5495 Παύλου

2348 5545 2552 5612 φωνὴν,
2589 5543 2685 5611 οὐχ
2728 5546 2754 5593 6
2795 5542 2988 5607 λέγων,
3026 5558 3041 5588 i
3076 5539 3213 5608 Πρὶν
3246 5537 3493 5606 Ἀϐραὰμ
3529 5533 3784 5603 γενέσθαι
3817 5533 3936 5603 ἐγώ

2719 5724 2734 5751 ⁷
2772 5721 2898 5774 Ibid.
2937 5719 3014 5772 l8.
3093 5719 3112 5747 ⁸
3147 5714 3302 5772 llcbr.
3336 5731 3451 5777 xiii,
3486 5716 3565 5768 l8.

2347 5728 2362 5748 "
2396 5725 2504 5777 Ibid
2563 5723 2639 5775 l7.
