4028 6424
142 362 233 413 1-25

1277 358 1650 414 ADVERSUS
1690 357 2091 415 NESTORIUM
2134 358 2257 413 LIB.
2298 357 2382 415 ΙΙΙ.

3310 360 3411 412 H6

140 484 247 547 εἰμι
268 496 280 506 ⁸
305 499 323 530 ι
358 481 549 548 ὅμοιος
581 482 695 542 τοῖς
724 481 975 549 ἀδελφοῖς
1005 484 1144 537 κατά
1173 482 1354 535 πάντα
1380 485 1408 535 6
1434 481 1610 553 ψυχῆς
1643 482 1733 535 άν-

1838 482 1972 536 dixit
2011 502 2023 537 :
2066 502 2082 532 ι
2134 481 2451 548 Priusquam
2489 478 2763 533 Abraham
2808 478 2977 546 fieret,
3010 492 3111 547 ego
3149 495 3267 533 sum
3299 479 3343 531 θ.
3382 495 3403 529 ι

140 574 420 643 Θρωπίνης
452 576 551 626 καὶ
582 576 784 643 σαρκὸς
813 576 1098 628 ἀναλαϐὼν
1126 576 1481 644 ἀδελφότητα,
1514 576 1607 627 καὶ
1632 575 1729 644 οὐχ

138 667 163 716 6
183 666 383 734 λέγων,
416 685 435 717 ι
477 668 538 720 '0
566 666 827 736 ἑωρακὼς
852 668 976 737 ἐμὲ,
1002 668 1331 739 ἑώρακειτὸν
1361 668 1595 740 Πατέρα.
1614 668 1659 740 ι]

755 903 1013 957 ΚΕΦΑΛ.
1055 904 1128 959 B'.

208 1013 423 1066 Οὐκοῦν
485 1016 806 1079 ἐπελάϐετο,
852 1018 999 1071 καθά
1031 1019 1126 1070 καὶ
1166 1018 1330 1081 αὐτὸς
1378 1019 1731 1093 ὡμολόγηκεν

136 1103 368 1170 ἀρτίως,
422 1105 741 1174 σπέρματος
780 1108 1031 1178 Ἀϐραὰμ
1063 1109 1194 1172 Θεὸς
1227 1108 1301 1164 ὣν
1330 1113 1357 1163 6
1386 1113 1582 1181 Λόγος·
1616 1115 1733 1177 πῶς

135 1188 224 1244 οὖν
252 1196 335 1245 ἔτι
356 1195 616 1264 Θεότητος
640 1200 881 1267 κτήτωρ,
905 1200 934 1251 6
964 1201 1027 1250 ἐκ
1051 1199 1361 1269 σπέρματος
1394 1203 1664 1273 Ἀϐραὰμ,
1684 1208 1732 1257 εἰ

137 1285 496 1354 προσελήφθη
534 1286 685 1351 παρὰ
715 1287 876 1350 Θεοῦ,
907 1288 1001 1340 καὶ
1032 1290 1150 1358 οὐχὶ
1180 1291 1501 1358 προσλαϐὼν
1538 1297 1732 1364 δρᾶται

134 1375 231 1443 τὴν
265 1375 507 1443 ϐεότητα
545 1376 739 1441 αύτὸς;
778 1378 889 1430 Καὶ
923 1378 1171 1448 Θεότητος
1206 1375 1299 1431 οὗν
1332 1381 1491 1449 φύσις
1523 1384 1733 1453 ἥκιστα

136 1465 203 1515 ἂν
229 1467 315 1534 εῖη
346 1465 409 1516 τὸ
438 1466 664 1536 σπέρμα
691 1467 785 1519 τοῦ
828 1468 1099 1539 Ἀϐραὰμ,
1133 1470 1292 1539 σῶμα
1319 1472 1374 1523 δὲ
1412 1473 1610 1541 μᾶλλον
1637 1474 1730 1526 τοῦ

136 1556 269 1607 Θεοῦ
312 1557 496 1623 Λόγου
548 1559 775 1625 γέγονε,
842 1561 983 1613 κατά
1026 1562 1122 1623 τὰς
1162 1562 1417 1630 Γραφὰς,
1462 1564 1557 1617 καὶ
1605 1565 1732 1617 ἴδιον

135 1648 332 1702 αὑτοῦ·
368 1649 465 1699 καὶ
494 1650 522 1699 ὁ
555 1652 620 1717 τῇ
656 1650 833 1701 κτίσει
870 1650 1012 1703 κατὰ
1040 1649 1199 1719 φύσιν
1229 1650 1363 1704 ἰδίαν
1399 1652 1733 1717 ἀσύντακτος

134 1736 209 1799 ὡς
237 1738 400 1801 Θεὸς,
425 1739 518 1790 ὅτε
550 1739 776 1805 γέγονεν
805 1740 1108 1813 ἄνθρωπος.
1139 1742 1197 1802 ὃς
1236 1742 1350 1793 ἐστι
1376 1741 1606 1806 κτίσεως
1640 1745 1729 1814 μέ-

141 1845 252 1896 ρος,
296 1831 427 1881 τότε
462 1830 551 1899 δὴ,
594 1830 716 1883 τότε
746 1831 841 1883 καὶ
873 1831 1019 1900 μάλα
1050 1833 1302 1895 εἰκότως,
1345 1836 1438 1886 καὶ
1471 1835 1734 1903 ἀδελφοὺς

137 1921 285 1988 ἡμᾶς
327 1923 625 1989 ὀνομάζειν
667 1920 829 1986 ἀξιοῖ,
858 1922 1062 1989 λέγων·
1104 1924 1427 1991 Ἀπαγγελῶ
1468 1927 1527 1978 τὸ
1564 1926 1736 1996 ὄνομά

138 2028 233 2062 σου
269 2013 391 2071 τοῖς
430 2011 682 2078 ἀδελφοῖς
721 2031 843 2081 μου.
867 2014 992 2065 Ὅτι
1022 2013 1077 2065 δὲ
1107 2014 1194 2066 διά
1226 2016 1286 2066 τὸ
1320 2017 1419 2083 τῆς
1450 2016 1736 2081 κενώσεως

138 2100 339 2171 μέτρον
392 2104 874 2171 καταπεφοίτηκεν
916 2107 944 2157 6
976 2108 1038 2158 ἐκ
1074 2104 1206 2158 Θεοῦ
1262 2106 1479 2177 Πατρός
1527 2107 1733 2175 Λόγος,

134 2196 229 2245 καὶ
276 2195 361 2256 εἷς
414 2210 482 2261 γε
523 2192 586 2245 τὸ
635 2193 747 2246 δεῖν
802 2198 1195 2264 κατονομάζειν
1246 2197 1510 2266 ἀδελφοὺς
1558 2199 1735 2269 ἐαυτῷ

135 2283 262 2345 τοὺς
314 2285 416 2336 ἐπὶ
469 2284 572 2354 τῆς
626 2285 762 2354 γῆς,
824 2290 1079 2356 σαφηνιεί
1142 2289 1434 2360 γεγραφὼς
1483 2291 1512 2342 6
1555 2289 1732 2357 σοφώ-

134 2389 295 2435 τατος
329 2374 573 2437 Παῦλος,
607 2377 736 2444 περί
765 2393 823 2428 τε
849 2376 1015 2429 αὐτοῦ
1064 2379 1155 2431 καὶ
1190 2380 1348 2449 ἡμῶν
1370 2397 1383 2410 ο
1419 2400 1437 2431 ι
1472 2381 1600 2434 Ὅτε
1627 2381 1735 2451 γὰρ

134 2464 388 2531 ἁγιάζων
419 2469 518 2518 καὶ
559 2470 609 2520 οἰ
643 2467 1014 2537 ἁγιαζόμενοι.
1045 2468 1103 2533 ἐξ
1143 2471 1261 2534 ἐνὸς
1312 2472 1541 2539 πάντες,
1575 2473 1642 2526 δι’
1668 2474 1736 2544 ῆν

134 2558 319 2611 αἰτίαν
347 2558 454 2609 οὐκ
484 2559 871 2629 ἐπαισχύνεται
898 2558 1158 2628 ἀδελφοὺς
1189 2562 1387 2624 αὐτοὺς
1416 2562 1622 2624 καλεῖν,
1654 2564 1735 2616 λέ-

135 2667 277 2717 γωνυ
319 2650 653 2716 Ἀπαγγελῶ
702 2653 761 2703 τὸ
787 2652 958 2721 δνομά
1011 2668 1102 2703 σου
1130 2655 1241 2715 τοῖς
1269 2653 1518 2721 ἀδελφοῖς
1556 2672 1680 2724 μου.
1709 2674 1728 2708 ι

134 2742 251 2811 Πρὸ
292 2742 401 2811 μὲν
439 2742 552 2811 γάρ
599 2744 695 2812 τῆς
743 2744 1231 2812 ἐνανθρωπήσεως,
1273 2744 1504 2814 σμικρὸν
1536 2744 1733 2817 κομιδῇ

135 2829 211 2899 τῷ
240 2834 307 2883 ἐκ
342 2829 484 2882 Θεοῦ
523 2829 682 2897 φύντι
722 2831 879 2899 Λόγῳ
906 2831 966 2883 τὸ
997 2832 1097 2901 τῆς
1130 2831 1266 2901 πρὸς
1307 2834 1338 2901 ἡ
1350 2832 1465 2900 μῶν
1504 2833 1735 2901 ἀδελφό-

134 2938 299 2991 τητος
342 2921 526 2989 ὄνομα
546 2938 557 2948 ο
590 2921 908 2990 καθιγμένῳ
937 2939 1001 2988 γε
1048 2922 1153 2992 μὴν
1183 2924 1262 2984 εἰς
1293 2924 1537 2977 ἑκούσιον
1570 2925 1736 2978 κένω-

136 3028 244 3077 σιν,
272 3011 524 3082 σμικρὸν
560 3012 659 3081 μὲν
698 3014 793 3063 καὶ
831 3011 996 3077 οῦτω,
1029 3014 1166 3083 πλὴν
1197 3014 1523 3084 εὐαφόρμως
1554 3016 1733 3067 εἰσϐε-

135 3102 337 3172 6ηκός·
380 3102 692 3172 μετέσχηκε
722 3102 830 3172 γὰρ
860 3103 1089 3171 αἵματος
1118 3104 1213 3156 καὶ
1245 3104 1466 3173 σαρκὸς,
1501 3105 1593 3156 καὶ
1623 3106 1737 3166 τοῖς

134 3194 192 3245 ἐν
230 3196 407 3265 σαρκὶ
438 3194 535 3246 καὶ
570 3194 765 3263 αἵματι
810 3184 1217 3264 κεχρημάτικεν
1249 3194 1496 3264 ἀδελφός.
1537 3195 1600 3247 Εἰ
1631 3194 1739 3263 γὰρ

134 3284 434 3350 ἁγιάζεται
468 3284 588 3351 μεθ’
614 3286 647 3353 ἡ
658 3284 772 3353 μῶν
808 3285 941 3337 καθὸ
971 3284 1194 3353 γέγονεν
1224 3284 1530 3356 ἄνθρωπος,
1562 3287 1739 3341 καίτοι

134 3376 267 3437 Θεὸς
295 3375 378 3426 ὼν
411 3375 596 3441 φύσει,
634 3377 726 3425 καί
759 3376 818 3426 τὺ
854 3375 1069 3445 πνεῦμα
1101 3377 1276 3440 διδοὺς
1304 3378 1487 3442 αὐτὸς,
1525 3379 1644 3442 πῶς
1688 3382 1739 3431 εἰ

135 3466 357 3533 λέγοιτο
404 3464 505 3515 καὶ
552 3464 805 3543 ἀδελφὸς,
841 3465 941 3516 οὐκ
983 3467 1042 3517 ἐν
1080 3467 1270 3536 κόσμῳ
1304 3469 1490 3521 λοιπὸν
1524 3472 1737 3540 εἴρηται

137 3552 508 3627 [εἰρήσεται];
527 3552 730 3621 ταύτης
753 3553 860 3624 γὰρ
880 3553 1043 3607 ἕνεκα
1065 3555 1165 3623 τῆς
1189 3557 1370 3620 αἰτίας
1400 3559 1589 3626 γέγονε
1617 3561 1737 3613 καθ’

136 3649 318 3717 ἡμᾶς,
370 3647 463 3698 ἶνα
510 3647 661 3715 ἡμᾶς
707 3647 971 3715 ἀδελφοὺς
1024 3649 1367 3719 ἀποφήνηται
1410 3652 1502 3703 καὶ
1533 3652 1741 3706 ἐλευθέ-

137 3755 295 3808 ρους.
340 3756 361 3788 ι
396 3738 559 3791 Ὅσοι
598 3739 707 3808 γὰρ
742 3738 936 3792 ἔλαϐον
968 3740 1150 3804 αὐτὸν,
1190 3744 1375 3811 φησὶν,
1413 3744 1611 3797 ἔδωκεν
1644 3748 1739 3798 αὐ-

132 3830 250 3891 τοῖς
276 3829 543 3893 ἐξουσίαν
578 3830 743 3882 τέκνα
781 3830 917 3883 Θεοῦ
945 3832 1217 3899 γενέσθαι,
1249 3836 1360 3898 τοῖς
1389 3835 1738 3889 πιστεύουσιν

135 3921 217 3983 εἰς
257 3920 322 3973 τὸ
358 3919 538 3989 ὄνομα
567 3918 761 3972 αὑτοῦ·
790 3921 841 3972 οἳ
870 3922 970 3974 οὐκ
998 3923 1054 3988 ἐξ
1089 3924 1354 3993 αἱμάτων,
1384 3927 1503 3979 οὐδὲ
1548 3928 1613 3979 ἐκ
1648 3926 1737 3978 Οε-

135 4012 383 4082 λήματος
419 4013 645 4081 σαρκὸς,
677 4012 799 4064 οὑδέ
832 4013 896 4064 ἐκ
926 4014 1226 4084 θελήματος
1281 4018 1490 4087 ἀνδρὸς,
1528 4019 1641 4071 ἀλλ’
1674 4022 1738 4072 ἐκ

136 4099 273 4152 Θεοῦ
326 4099 733 4167 ἐγεννήθησαν.
757 4118 775 4149 ι
816 4100 1111 4171 Γεγένηται
1150 4104 1257 4173 γὰρ
1299 4105 1327 4155 6
1362 4107 1426 4158 ἐκ
1456 4108 1590 4159 Θεοῦ
1628 4112 1738 4161 Πα-

140 4188 270 4258 τρὺς
316 4188 502 4255 Λόγος
542 4190 659 4257 μεθ’
703 4190 863 4259 ἡμῶν
904 4192 1047 4245 κατὰ
1081 4192 1288 4263 σάρκα,
1325 4196 1409 4247 ἵνα
1443 4198 1534 4249 καὶ
1577 4200 1738 4267 ἡμεῖς

141 4278 243 4346 τὴν
272 4279 342 4329 ἐκ
371 4275 523 4331 Θεοῦ,
553 4277 1097 4349 καταπλουτήσωμεν
1126 4282 1214 4334 διὰ
1258 4284 1565 4353 πνεύματος
1612 4287 1737 4353 γέν-

141 4385 317 4435 νησιν,
344 4368 537 4420 οὐκέτι
566 4367 769 4437 σαρκὸς
796 4370 1225 4439 χρηματίζοντες
1245 4374 1432 4437 τέκνα,
1464 4393 1738 4445 μεταστοι-

1835 575 2039 629 Similis
2093 572 2351 625 fratribus
2403 587 2496 640 per
2533 572 2736 635 omnia,
2779 572 2869 641 qui
2925 572 3173 623 humana:
3214 572 3408 621 animae

1830 675 1885 717 et
1911 664 2091 717 carnis
2121 662 2517 715 fraternitatem
2548 661 2808 728 suscepit,
2846 674 2951 712 non
2988 658 3077 713 ille
3106 658 3197 726 qui
3224 656 3363 712 dixit
3390 674 3404 709 :

1838 773 1856 805 ι
1889 755 1990 819 Qui
2019 752 2153 806 vidit
2183 766 2289 817 me,
2326 751 2463 805 vidit
2484 761 2537 804 et
2569 750 2784 805 Patrem
2817 749 2886 803 ”.
2926 747 2995 820 ι]

2470 904 2622 959 CAP.
2666 903 2730 959 ll.

1903 1046 2045 1115 Ergo
2069 1043 2446 1113 apprehendit,
2479 1052 2540 1097 ut
2568 1043 2681 1111 ipse
2706 1042 2815 1109 jam
2847 1049 2926 1095 est
2960 1037 3277 1102 confessus,
3312 1050 3403 1092 se-

1834 1154 1955 1193 men
1984 1136 2283 1198 Abraham,
2302 1136 2472 1202 ipsum
2499 1134 2733 1187 Verbum
2760 1131 2903 1198 quod
2943 1129 3086 1184 Deus
3110 1137 3249 1194 erat,
3276 1143 3410 1197 quo-

1835 1227 1995 1281 modo
2025 1225 2190 1292 igitur
2214 1224 2330 1291 jam
2362 1222 2665 1276 divinitatis
2706 1221 2775 1274 sit
2808 1233 3115 1287 possessor,
3151 1221 3195 1272 is
3221 1220 3311 1285 qui
3340 1233 3408 1271 ex

1834 1319 2039 1373 semine
2069 1326 2151 1369 est
2182 1314 2477 1377 Abraham,
2508 1313 2551 1366 si
2590 1327 2619 1365 a
2661 1311 2769 1366 Deo
2798 1321 2882 1366 est
2927 1320 3263 1377 assumptus,
3298 1324 3407 1363 non

1832 1408 1947 1475 ipse
1969 1406 2301 1459 divinitatem
2332 1404 2691 1470 assumpsisse
2722 1402 3016 1457 cernitur?
3056 1400 3250 1468 Neque
3294 1400 3401 1467 igi—

1836 1508 1925 1551 tur
1952 1498 2127 1566 ipsum
2159 1509 2344 1549 semen
2378 1493 2647 1546 Abraham
2681 1491 2788 1545 ullo
2822 1492 2982 1545 modo
3005 1490 3308 1545 divinitatis
3325 1494 3411 1541 est

1835 1599 2047 1651 natura,
2091 1588 2183 1640 sed
2230 1601 2435 1655 corpus
2472 1584 2649 1653 potius
2697 1584 2790 1636 Dei
2842 1582 2998 1637 Verbi
3049 1582 3249 1635 factum
3301 1590 3411 1643 est,

1835 1680 2128 1733 secundum
2172 1678 2526 1746 Scripturas,
2569 1676 2791 1744 ejusque
2831 1674 3108 1743 pmprium
3149 1690 3163 1726 :
3217 1681 3272 1725 et
3322 1670 3415 1723 ille

1836 1770 1925 1839 qui
1982 1783 2046 1821 ex
2098 1778 2304 1821 naturae
2351 1780 2461 1819 suae
2520 1765 2729 1818 ratione
2774 1779 2897 1816 cum
2949 1769 3198 1815 creatura
3248 1759 3410 1814 simul

1836 1857 2044 1911 censeri
2079 1871 2181 1907 non
2218 1864 2414 1922 potest,
2446 1862 2636 1921 utpote
2675 1852 2837 1912 Deus.
2871 1850 2960 1904 ubi
2992 1848 3170 1904 factus
3194 1859 3273 1903 est
3308 1849 3408 1901 ho-

1837 1963 1946 2011 mo,
1974 1948 2061 2014 qui
2102 1954 2185 2000 est
2212 1961 2334 2014 pars
2372 1945 2639 2008 universi,
2682 1953 2793 1996 tum
2848 1956 2994 1996 vero
3040 1940 3314 2008 aptissime
3355 1948 3413 1992 et

1837 2038 2030 2090 fratres
2070 2050 2168 2089 nos
2209 2035 2482 2104 appellare
2512 2034 2786 2102 dignatur.
2839 2031 3065 2084 dicens:
3103 2048 3119 2079 ι
3161 2026 3413 2081 Narrabo

1837 2144 2033 2182 nomen
2083 2139 2229 2180 tuum
2276 2124 2537 2179 fratribus
2581 2122 2716 2175 meis
2753 2122 2818 2171 “.
2856 2137 2874 2170 ι
2911 2118 3082 2173 Porro
3127 2119 3303 2187 ipsum
3341 2131 3410 2172 ex

1837 2218 1947 2273 Deo
1979 2217 2144 2271 Patre
2174 2215 2408 2269 Verbum
2438 2229 2534 2283 per
2574 2212 2964 2267 exiuanilionis
3005 2224 3315 2265 mensuram
3357 2211 3411 2263 in

1836 2309 1888 2363 id
1909 2308 2072 2362 etiam
2097 2305 2465 2368 descendisse,
2497 2303 2829 2357 uthomines
2859 2301 2952 2369 qui
2985 2300 3036 2352 in
3061 2300 3224 2353 terris
3253 2309 3413 2353 erant

1836 2402 1937 2455 sibi
1974 2399 2170 2453 fratres
2204 2400 2432 2460 diceret,
2468 2395 2818 2463 perspicuum
2853 2393 3015 2445 faciet
3051 2392 3240 2446 beatus
3278 2390 3414 2444 Pau-

1835 2492 1941 2557 lus,
1971 2492 2060 2559 qui
2091 2491 2158 2544 de
2202 2490 2315 2557 ipso
2346 2490 2521 2556 deque
2557 2487 2712 2540 nobis
2741 2484 2961 2552 scripsit
2992 2502 3005 2537 :
3041 2501 3059 2533 ι
3101 2482 3200 2549 Qui
3256 2482 3402 2535 enim

1836 2584 2158 2648 sanctiﬁcat,
2190 2593 2243 2635 et
2282 2581 2375 2649 qui
2427 2579 2863 2642 sanctificantur,
2908 2591 2974 2631 ex
3028 2591 3138 2629 uno
3175 2589 3409 2629 omnes:

1836 2685 2054 2746 propter
2082 2688 2242 2743 quam
2278 2685 2502 2725 causam
2543 2685 2648 2724 non
2695 2668 3051 2723 confunditur
3082 2667 3282 2721 fratres
3312 2681 3410 2720 eos

1835 2766 2124 2836 appellare,
2153 2765 2378 2818 dicens:
2411 2761 2657 2815 Narrabo
2705 2759 2812 2828 70
2847 2771 3048 2812 nomen
3099 2765 3251 2810 tuum
3301 2756 3411 2809 fra-

1836 2859 2006 2913 tribus
2046 2857 2179 2909 meis
2211 2857 2294 2919 “;
2338 2873 2356 2905 ›
2394 2868 2518 2906 nam
2564 2861 2855 2919 antequam
2907 2851 3070 2903 homo
3121 2847 3295 2901 factus
3322 2861 3410 2900 es-

1834 2958 1935 3013 set,
1971 2947 2224 3015 exiguum
2253 2958 2385 2998 sane
2410 2952 2528 2997 erat
2555 2942 2629 2995 illi
2667 2956 2734 2994 ex
2760 2940 2871 2993 Deo
2894 2940 3076 3007 genito
3107 2938 3287 2993 Verbo
3320 2952 3411 2990 no-

1836 3044 1960 3091 stra:
1982 3024 2338 3088 fraternitatis
2357 3046 2551 3085 nomen
2577 3048 2590 3084 :
2612 3041 2667 3083 at
2692 3030 2783 3083 ubi
2814 3030 2878 3082 ad
2907 3029 3268 3083 voluntariam
3294 3028 3410 3081 exi-

1768 3140 1815 3202 ο
1844 3126 2177 3180 nanitionem
2224 3122 2523 3185 descendit,
2566 3120 2819 3188 exiguum
2881 3122 2961 3173 sic
3024 3134 3243 3189 quoque
3286 3118 3411 3182 fuit,

1843 3219 1935 3273 sed
1963 3232 2066 3270 non
2096 3220 2231 3271 citra
2263 3214 2640 3268 rationabilem
2666 3228 2889 3268 causam
2926 3220 3206 3279 receptum
3240 3228 3254 3263 :
3290 3226 3414 3278 par-

1844 3308 2083 3378 ticipavit
2123 3307 2266 3363 enim
2317 3320 2492 3360 carne
2526 3315 2578 3360 et
2624 3304 2886 3372 sanguine
2921 3303 2987 3369 ¹³,
3015 3311 3070 3356 et
3114 3302 3197 3356 bis
3232 3304 3323 3368 qui
3361 3301 3413 3354 in

1842 3415 2003 3455 carne
2034 3408 2188 3453 erant
2228 3414 2291 3453 ac
2326 3399 2623 3467 sanguine,
2659 3397 2829 3450 frater
2870 3395 3007 3449 fuit:
3041 3410 3164 3448 nam
3205 3393 3250 3447 si
3287 3408 3414 3447 sau-

1841 3493 2112 3546 ctificatur
2138 3491 2417 3543 nobiscum
2445 3504 2550 3557 qua
2602 3490 2780 3542 factus
2818 3496 2900 3541 est
2947 3488 3131 3553 homo,
3165 3486 3417 3555 quamvis

1841 3592 2033 3636 natura
2075 3581 2217 3635 Deus
2265 3588 2447 3641 esset,
2487 3588 2543 3632 et
2577 3578 2829 3647 Spiritum
2880 3578 2991 3647 ipse
3029 3577 3202 3641 daret,
3238 3592 3335 3630 cur
3368 3576 3413 3629 si

1841 3681 2060 3727 vocetur
2100 3673 2262 3726 etiam
2318 3670 2504 3734 frater,
2565 3669 2787 3723 minime
2848 3668 3104 3722 decenter
3171 3667 3408 3730 dicatur,

1842 3779 1961 3817 cum
1994 3765 2093 3817 hac
2124 3764 2187 3815 de
2213 3776 2373 3814 causa
2414 3760 2590 3812 fartus
2631 3760 2704 3813 sit
2752 3760 2923 3813 nostri
2962 3758 3179 3825 similis,
3222 3768 3281 3811 ut
3314 3772 3416 3810 nos

1842 3856 2037 3910 fratres
2080 3869 2143 3907 ac
2190 3853 2389 3906 liberos
2440 3849 2720 3905 efﬁceret?
2769 3867 2786 3899 ι
2822 3848 3097 3917 Quotquot
3152 3848 3295 3901 enim
3336 3862 3418 3901 re-

1839 3953 2100 4013 ceperunt
2145 3958 2290 4007 eum,
2346 3942 2560 4009 inquit,
2602 3940 2747 3994 dedit
2788 3940 2869 3993 eis
2911 3934 3230 4007 potestatem
3280 3937 3417 3990 ﬁlios

1841 4037 1935 4090 Dei
1994 4035 2131 4097 fieri,
2184 4033 2269 4087 his
2313 4032 2405 4100 qui
2456 4032 2684 4085 credunt
2730 4030 2785 4082 in
2845 4029 3067 4083 nomine
3120 4028 3236 4095 ejus
3275 4046 3289 4082 :
3323 4027 3414 4095 qui

1841 4140 1945 4179 non
1993 4140 2057 4178 ex
2113 4123 2490 4191 sanguinihus,
2543 4134 2717 4188 neque
2764 4133 2831 4172 ex
2878 4118 3155 4172 voluutate
3211 4118 3414 4179 carnis,

1842 4230 2015 4283 neque
2046 4230 2111 4268 ex
2146 4214 2425 4267 voluntate
2454 4211 2579 4274 viri,
2614 4210 2707 4264 sed
2754 4223 2820 4263 ex
2860 4209 2970 4264 Deo
3000 4208 3109 4261 nati
3148 4216 3273 4262 sunt
3306 4207 3369 4260 “.
3391 4225 3411 4258 ι

1840 4303 2035 4357 Natum
2071 4312 2150 4357 est
2191 4302 2334 4356 enim
2384 4300 2665 4353 nobiscum
2700 4298 2997 4352 secundum
3037 4310 3255 4349 carnem
3287 4294 3415 4348 illud

1844 4412 1906 4449 ex
1948 4396 2056 4449 Deo
2108 4394 2268 4447 Patre
2326 4393 2595 4456 Verbum,
2642 4400 2701 4443 ut
2750 4403 2848 4442 nos
2895 4400 3110 4456 quoque
3156 4386 3302 4439 illam
3349 4400 3415 4439 ex

144 4459 461 4527 χειούμενοι
509 4457 567 4509 δὲ
606 4459 807 4526 μᾶλλον
856 4462 935 4523 εἰς
972 4462 1040 4514 τά
1086 4464 1224 4533 ὑπὲρ
1258 4464 1439 4531 φύσιν,
1490 4468 1583 4519 καὶ
1634 4469 1734 4519 υἱοὶ

1851 4489 1958 4541 Deo
2001 4501 2097 4553 per
2130 4484 2381 4553 Spiritum
2432 4482 2769 4535 nativitatem
2807 4477 3154 4546 acquiramus
3187 4490 3203 4528 :
3240 4488 3419 4542 neque

136 4546 273 4599 Θεοῦ
309 4546 756 4615 χρηματίζοντες
790 4549 933 4602 κατά
962 4550 1139 4620 χάριν.
1168 4552 1362 4619 Γέγονε
1407 4554 1514 4624 γὰρ
1554 4555 1628 4618 ὡς
1660 4551 1739 4618 εἷς

134 4637 195 4700 ἐξ
224 4637 413 4707 ἡμῶν,
440 4640 470 4690 6
503 4636 648 4689 κατά
688 4638 849 4707 φύσιν
879 4642 973 4694 καὶ
1013 4642 1230 4713 ἀληθῶς
1256 4643 1384 4706 Υἰὸς
1422 4646 1737 4715 μονογενὴς,

138 4730 230 4780 καὶ
251 4728 506 4797 ἀψευδὴς
528 4730 555 4780 6
591 4727 749 4795 λόγος
769 4745 784 4759 °
813 4730 1145 4783 πιστώσεται
1171 4732 1226 4784 δὲ
1255 4733 1390 4803 πρὸς
1416 4733 1569 4787 τοῦτο
1596 4736 1740 4805 ἡμᾶς

138 4820 165 4869 6
199 4819 504 4880 θεσπέσιος
538 4819 773 4884 Παῦλος,
800 4821 896 4875 ὡδί
930 4840 1029 4875 που
1060 4823 1266 4890 λέγων·
1307 4845 1325 4875 ι
1353 4826 1471 4878 ’Ὁτι
1517 4826 1575 4878 δέ
1618 4830 1739 4878 ἐστε

137 4910 264 4975 υἱοὶ,
301 4910 705 4977 ἐξαπέστειλεν
733 4914 761 4964 6
792 4914 925 4977 Θεὸς
954 4915 1013 4969 τὸ
1037 4917 1261 4986 Πνεῦμα
1291 4917 1384 4969 τοῦ
1414 4918 1543 4969 Υἱοῦ
1574 4919 1738 4971 αὑτοῦ

140 5001 218 5062 εἰς
263 5004 372 5063 τὰς
409 5002 643 5071 καρδίας
677 5004 851 5073 ὑμῶν,
904 5006 1126 5076 κράζον,
1179 5007 1376 5071 Ἀϐϐἄ,
1420 5011 1447 5060 6
1478 5011 1686 5081 Πατήρ.
1716 5030 1733 5062 ι

142 5090 203 5141 Τί
232 5095 421 5145 τοίνυν
452 5093 730 5165 ἀποϐιάζῃ
764 5097 863 5166 τῆς
889 5100 1201 5169 οἰκονομίας
1237 5101 1298 5152 τὸ
1352 5102 1534 5165 σοφὸν,
1566 5104 1645 5164 εἰς
1678 5104 1737 5155 τὸ

145 5183 218 5251 μὴ
266 5186 326 5235 ἐν
376 5185 574 5253 κόσμῳ
608 5186 684 5255 τῷ
734 5187 909 5239 δέοντι
958 5190 1285 5259 πεποιῆσθαι
1317 5192 1513 5256 δοκεῖν,
1557 5193 1646 5247 διά
1679 5212 1738 5261 γε

142 5270 234 5321 τοῦ
274 5272 491 5339 λέγειν,
515 5273 605 5341 Μὴ
650 5276 875 5345 σπέρμα
912 5274 1004 5326 τοῦ
1040 5276 1291 5345 Ἀϐραὰμ
1319 5279 1351 5345 ἡ
1387 5276 1603 5345 Οεότης;
1649 5280 1737 5347 Μὴ

144 5363 207 5429 τῇ
237 5362 465 5431 θεότητι
499 5364 653 5425 τινὰς
682 5364 840 5433 ἔσχεν
870 5366 1131 5434 ἀδελφοὺς
1162 5368 1405 5431 ἐοικότας
1430 5388 1444 5435 ;
1472 5366 1615 5441 τΛρα
1640 5372 1740 5422 οὐκ

146 5454 386 5522 ἐναργὴς
420 5454 740 5525 ἀποπληξία
767 5454 927 5508 τοῦτό
956 5474 1050 5525 γε;
1083 5460 1156 5512 T6
1202 5460 1309 5530 γὰρ
1336 5460 1577 5524 ἐκτόπως
1606 5462 1739 5514 ἀνα-

1841 4579 1953 4646 jam
1998 4577 2178 4630 carnis
2225 4574 2317 4627 filii
2356 4574 2562 4637 simus,
2600 4572 2695 4625 sed
2733 4570 2785 4622 in
2831 4582 2892 4619 ea
2941 4581 3061 4633 quae
3103 4579 3265 4632 supra
3316 4579 3417 4616 na-

1845 4680 2020 4719 turam
2076 4674 2199 4719 sunt
2250 4664 2627 4723 immutemur,
2677 4667 2733 4711 et
2775 4657 2866 4709 lilii
2908 4656 3001 4709 Dei
3046 4670 3142 4724 per
3184 4654 3414 4722 gratiam

1843 4761 2012 4812 simus
2039 4775 2051 4810 :
2081 4756 2253 4809 factus
2279 4762 2362 4807 est
2391 4751 2534 4805 enim
2570 4759 2627 4803 ut
2662 4763 2798 4802 unus
2825 4763 2854 4801 e
2884 4746 3065 4811 nobis,
3102 4744 3190 4798 ille
3220 4758 3418 4798 secun-

1841 4850 1966 4903 dum
1989 4858 2235 4900 naturam
2266 4858 2329 4895 ac
2354 4856 2479 4895 vere
2503 4840 2671 4892 Filius
2705 4838 3022 4905 unigenitus
3062 4852 3079 4891 :
3123 4835 3269 4903 quod
3290 4849 3415 4889 cum

1846 4939 2123 4993 verissime
2157 4936 2388 4996 dicatur,
2420 4933 2578 4985 fidem
2616 4940 2875 4999 praeterea
2910 4928 3067 4981 nobis
3107 4925 3235 4979 facit
3283 4926 3409 4979 bea-

1849 5043 1933 5086 tus
1963 5028 2158 5084 Paulus
2189 5026 2272 5079 his
2301 5025 2412 5077 fere
2436 5023 2615 5076 verbis
2641 5034 2656 5073 :
2692 5037 2710 5071 ι
2749 5019 3026 5085 Quoniam
3068 5026 3249 5071 autem
3280 5014 3415 5069 estis

1846 5124 1963 5185 filii,
1989 5118 2135 5173 misit
2165 5115 2314 5170 Deus
2338 5114 2597 5181 Spiritum
2643 5110 2759 5165 Filii
2792 5112 2874 5164 sui
2900 5111 2951 5163 in
3004 5108 3171 5163 corda
3221 5117 3411 5161 nostra

1841 5214 2189 5270 clamantem,
2214 5206 2363 5259 Abba
2392 5204 2549 5256 Pater
2573 5202 2639 5257 ¹⁵.
2674 5220 2691 5252 ι
2722 5200 2829 5254 Cur
2862 5200 3026 5269 igitur
3056 5197 3408 5267 sapientissi-

1846 5318 1985 5356 mam
2023 5298 2476 5367 dispensationem
2506 5308 2600 5362 per
2629 5294 2734 5345 vim
2762 5307 2826 5345 eo
2865 5292 3180 5359 detorques,
3224 5298 3283 5342 ut
3315 5287 3415 5341 mi-

1846 5407 1945 5447 nus
1968 5392 2220 5444 decenter
2246 5396 2395 5455 gesta
2436 5399 2553 5438 esse
2580 5383 2844 5444 videatur,
2888 5381 3016 5433 dum
3049 5379 3185 5434 dicis
3214 5395 3227 5432 :
3268 5376 3406 5429 Num

1845 5494 2029 5536 semen
2073 5485 2157 5531 est
2189 5474 2459 5529 Abraham
2497 5473 2612 5541 ipsa
2645 5471 2939 5525 divinitas?
2975 5485 3099 5523 num
3138 5468 3277 5521 ullos
3323 5467 3416 5519 ha-

238 5656 429 5731 ἷ³τξ²πι
460 5675 577 5731 “"b
606 5662 694 5715 53.
780 5663 821 5694 '°
853 5660 1008 5719 Juan.
1035 5676 1142 5731 xttj,
1170 5662 1201 5717 9
1306 5665 1339 5694 “
1383 5662 1518 5717 l’sal.
1552 5680 1659 5730 χχι,
1686 5663 1773 5718 25.
1855 5662 1895 5694 ¹²
1927 5661 2086 5717 llcbr.
2116 5676 2174 5723 ιι,
2203 5658 2225 5710 l
2250 5657 2296 5722 Ι,
2330 5654 2414 5709 12.
2496 5655 2535 5685 ³⁸
2567 5650 2699 5707 Ibid.
2732 5649 2815 5704 Η.
2894 5649 2935 5681 ³⁵
2967 5646 3185 5715 Joan.i,
3216 5648 3415 5712 12,13.

150 5709 194 5755 ἶ⁸
236 5728 411 5781 Galat.
442 5744 511 5789 IV,
542 5709 594 5781 ti.
