4028 6424
641 344 742 396 19.7

1631 347 1687 403 S.
1730 347 2009 404 CYRll.Ll
2051 348 2516 402 ALEXANDBINI
2563 349 2880 407 ARCHIEP.

3807 359 3915 412 1‘28

638 461 751 512 huit
778 458 974 512 fratres
999 457 1300 515 divinitatis
1331 460 1577 516 similes?
1609 463 1802 518 Annon
1838 466 1889 518 id
1921 477 2074 520 certe
2105 474 2190 520 stu

2330 465 2713 527 πυνθάνεσθαι,
2749 469 2839 520 καὶ
2868 469 3224 537 ἀποκομίζειν
3257 472 3333 533 εἰς
3361 472 3688 542 δυσφημίας,
3721 472 3789 524 τὰ
3819 475 3915 527 οὓς

635 570 780 636 poris
812 578 892 623 est
941 571 1305 638 apertissimi?
1341 571 1472 626 Nam
1531 575 1716 643 inepte
1764 577 2124 646 interregare,
2160 589 2213 634 et

634 663 767 715 adeo
803 672 946 716 recta
973 672 1026 716 et
1064 663 1272 733 integra
1322 663 1598 733 dogmata,
1630 669 1772 734 quod
1818 670 1884 721 ad
1936 669 2214 737 dispensa-

636 752 798 806 tionis
845 753 1111 808 ratiouem
1157 756 1206 808 in
1238 755 1457 809 Christo
1498 757 1900 821 intelligendam
1948 761 2207 827 pertinet,

632 847 698 898 ad
752 844 1118 914 blasphemias
1162 849 1509 918 detorquere,
1561 853 1689 918 quid
1738 853 1886 906 aliud
1930 864 2209 922 estquam

631 952 855 991 summat
883 939 1138 992 amentiae
1166 941 1594 994 demonstratio?
1636 943 2020 997 Certissimutn
2054 945 2210 1012 quip-

631 1040 697 1092 pe
731 1036 836 1092 est,
872 1027 1000 1081 illud
1030 1028 1121 1081 Dei
1151 1029 1331 1084 Patris
1361 1032 1619 1094 Verbum,
1671 1033 1813 1099 quod
1847 1034 1912 1086 ad
1957 1043 2209 1087 naturam

632 1119 898 1186 corporis,
943 1121 1057 1172 sive
1091 1121 1447 1174 humanitatis
1485 1121 1740 1190 perfectae
1781 1117 2067 1176 ratiouetn'
2091 1126 2212 1178 atti-

639 1218 749 1270 net,
784 1209 982 1262 factum
1019 1224 1139 1264 esse
1163 1211 1334 1264 nostri
1370 1211 1567 1274 simile,
1600 1221 1654 1264 et
1685 1227 1780 1281 per
1809 1213 1988 1285 omnia
2026 1214 2212 1267 nobis-

628 1313 772 1365 cum,
805 1314 910 1352 uuo
940 1309 1167 1368 excepto
1213 1309 1454 1370 peccato,
1492 1304 1837 1357 convenisse.
1881 1304 1984 1357 Sed
2021 1319 2210 1372 rogare

628 1389 758 1444 libet
781 1405 902 1444 eum
939 1393 1028 1459 qui
1056 1392 1232 1446 dixit:
1265 1392 1398 1446 Num
1431 1393 1528 1447 Dei
1564 1393 1799 1448 Verbum
1846 1395 1984 1449 ullos
2019 1383 2210 1450 habuit

629 1477 822 1532 fratres
846 1479 1119 1532 divinitati
1173 1481 1427 1536 similes?
1456 1483 1715 1550 quidnam
1746 1499 1930 1538 secum
1971 1487 2085 1554 ipse
2127 1501 2211 1540 co-

627 1566 802 1632 gitans
833 1566 1023 1621 beatus
1051 1566 1250 1622 Paulus
1279 1571 1498 1637 scripsit
1545 1573 1612 1624 ad
1650 1573 1911 1640 quosdam
1941 1591 1953 1626 :
1993 1592 2010 1624 ι
2046 1571 2212 1629 Filio-

627 1655 682 1718 li,
710 1669 845 1723 quos
868 1656 1063 1710 iterum
1095 1661 1359 1727 parturio,
1379 1663 1551 1714 donec
1577 1661 1832 1716 Christus
1861 1662 2127 1718 formetur
2154 1666 2205 1719 itt

627 1745 781 1800 vobis
811 1745 874 1802 “.
908 1765 926 1798 ι
953 1747 1092 1814 Quin
1129 1749 1290 1802 etiam
1320 1750 1444 1804 alibi
1471 1751 1782 1808 hominibus
1803 1756 1890 1824 qui
1929 1772 2023 1824 per
2049 1755 2204 1810 fidem

2315 574 2422 619 τως
2467 557 2604 626 ὀρθὰ
2648 561 2741 610 καὶ
2787 561 3106 629 ἀμωμήτως
3139 564 3361 629 ἔχοντα,
3397 564 3537 615 κατά
3571 580 3632 628 γε
3672 563 3765 614 16v
3809 567 3916 629 τῆς

2315 648 2372 699 ὲν
2415 649 2633 718 Χριστῷ
2683 651 2981 720 νοουμένης
3042 654 3354 722 οἰκονομίας
3395 654 3572 720 λόγον,
3622 656 3672 706 τί
3721 657 3916 725 ἕτερόν

2315 741 2480 798 ἐστιν,
2510 740 2541 809 ἦ
2570 744 2669 809 τῆς
2711 742 2937 793 ἀπασῶν
2979 744 3214 814 ἐσχάτης
3259 745 3656 815 ἐμϐροντησίας
3685 749 3914 801 ἀπόδει-

2315 832 2430 895 ξις;
2470 831 2950 901 Ὀμολογουμένως
3002 835 3101 903 μὲν
3151 835 3280 905 γὰρ,
3319 837 3458 889 κατὰ
3508 837 3606 906 τὴν
3647 837 3742 890 τοῦ
3802 840 3913 890 σώ-

2317 939 2486 990 ματος
2522 923 2705 990 φύσιν,
2740 925 2854 993 ἤτοι
2893 927 2984 977 τὸν
3013 929 3111 996 τῆς
3143 928 3567 996 ἀνθρωπὸτητος
3603 929 3779 997 λόγον,
3817 948 3913 982 τε-

2313 1012 2471 1074 λείως
2518 1013 2746 1082 ὲχούσης
2795 1017 2878 1083 ἐφ’
2919 1017 3117 1086 ἑαυτῇ,
3165 1018 3388 1085 γέγονεν
3431 1020 3563 1088 ἡμῖν
3613 1020 3916 1090 παραπλή-

2313 1118 2451 1164 σιος.
2484 1105 2575 1156 καὶ
2607 1103 2746 1156 κατά
2778 1106 2884 1156 πᾶν
2911 1107 3088 1159 ὁτιοῦν
3117 1108 3332 1170 ἐοικὼς,
3363 1110 3484 1178 δίχα
3519 1111 3686 1180 μόνης
3718 1114 3912 1181 ἀμαρ-

2309 1191 2430 1255 τίας
2456 1195 2484 1244 6
2519 1195 2582 1245 ὲκ
2615 1193 2749 1245 Θεοῦ
2782 1197 2995 1266 Πατρός
3027 1198 3215 1266 Λόγος.
3256 1199 3560 1269 Ἐρήσομαι
3593 1201 3650 1254 δὲ
3689 1203 3783 1254 τὸν
3819 1203 3916 1254 λέ-

2311 1301 2498 1351 γοντα,
2517 1285 2610 1355 Μὴ
2635 1288 2699 1354 τῇ
2729 1285 2944 1355 θεότητι
2974 1289 3125 1351 τινὰς
3156 1291 3184 1340 6
3205 1289 3336 1353 Θεὸς
3366 1292 3538 1359 Λόγος
3565 1293 3723 1362 ἔσχεν
3753 1294 3917 1346 ἀδελ-

2314 1375 2448 1442 φοὺς
2491 1376 2770 1438 ὲοικότας;
2803 1376 2854 1428 τί
2887 1377 2950 1447 δὴ
2986 1378 3095 1447 ἄρα
3134 1380 3255 1432 καθ’
3285 1383 3478 1434 ἑαυτὸν
3507 1384 3839 1452 ὲννενοηκὼς
3884 1387 3915 1436 6

2314 1464 2605 1533 ἱερώτατος
2646 1466 2875 1532 Παῦλος,
2913 1468 3159 1539 γέγραφέ
3196 1488 3326 1533 τισι,
3372 1491 3387 1522 t
3418 1473 3638 1535 Τεκνία,
3673 1473 3767 1535 οὓς
3800 1479 3914 1527 πά-

2309 1556 2393 1610 λιν
2439 1558 2632 1620 ὠδίνω,
2680 1559 2838 1630 ἄχρις
2883 1554 2944 1613 οῦ
2998 1563 3258 1633 μορφωθῇ
3312 1563 3548 1634 Χριστὸς
3596 1568 3652 1617 tv
3701 1566 3854 1634 ὑμῖν.
3887 1584 3906 1614 ι

2310 1649 2422 1701 Καὶ
2473 1649 2578 1718 μὴν
2615 1650 2709 1702 καὶ
2753 1651 2980 1720 ἑτέρωθι
3028 1654 3141 1714 τοῖς
3190 1653 3279 1705 διὰ
3332 1655 3568 1718 πίστεως
3605 1656 3908 1725 τελειωμέ-

2309 1759 2418 1803 νοις
2467 1744 2526 1792 ἐν
2577 1744 2866 1811 πνεύματι,
2901 1762 2919 1793 1
2943 1745 3133 1812 Ἡμεῖς
3165 1745 3220 1797 δὲ
3255 1747 3458 1810 πάντες
3511 1749 3910 1817 ἀνακεκαλυμ-

625 1834 727 1903 71
749 1834 1166 1902 perﬁciebantur
1187 1838 1238 1890 in
1260 1838 1450 1905 spiritu
1475 1857 1487 1892 :
1516 1857 1533 1890 ι
1563 1839 1670 1895 Nos
1694 1856 1821 1896 vero
1843 1858 2032 1898 omnes
2051 1860 2204 1900 reve-

2315 1833 2460 1902 μὲνῳ
2489 1833 2764 1903 προσώπῳ
2799 1834 2896 1904 τὴν
2941 1836 3098 1900 δόξαν
3140 1838 3344 1906 Κυρίου
3379 1840 3910 1909 κατοπτριζόμενοι.

625 1925 729 1978 lata
762 1924 901 1979 faeie
934 1926 1158 1997 gloriam
1200 1929 1410 1982 Domini
1449 1933 1813 1999 speculantes,
1841 1935 1892 1986 in
1919 1935 2037 2003 ejus
2075 1937 2210 1989 ima-

623 2016 799 2084 ginem
833 2018 1287 2073 transformamur
1317 2035 1344 2073 a
1375 2021 1620 2076 claritate
1643 2024 1694 2076 in
1731 2025 2058 2092 claritatem,
2092 2038 2210 2080 tau-

620 2123 784 2176 quam
831 2124 859 2163 a
911 2108 1124 2164 Domini
1177 2112 1392 2178 spiritu.
1443 2114 1702 2170 Dominus
1753 2127 1933 2172 autem
1981 2121 2210 2187 spiritus

622 2204 750 2250 est:
791 2198 882 2252 ubi
914 2207 1096 2253 autem
1132 2202 1356 2271 spiritus
1407 2203 1638 2273 Domini,
1689 2208 1760 2261 ibi
1811 2210 2036 2264 libertas
2083 2213 2147 2266 ".
2187 2232 2204 2263 ι

625 2285 760 2340 Num
799 2287 964 2356 igitur
997 2289 1111 2344 haec
1145 2290 1278 2345 dicit
1307 2292 1517 2349 Calatis
1554 2307 1808 2364 tanquam
1839 2315 2118 2368 corporeae
2149 2302 2210 2356 li-

623 2375 844 2430 bertatis
878 2377 1084 2435 formas
1117 2395 1226 2434 non
1263 2381 1580 2441 habentibus
1611 2387 1684 2442 illi
1715 2403 1779 2443 ex
1812 2393 2018 2448 semine
2044 2393 2209 2448 David

621 2467 916 2521 secundum
965 2484 1185 2524 carnem
1223 2472 1452 2540 similes,
1501 2476 1688 2532 illosve
1740 2483 1991 2549 parturit,
2039 2493 2096 2537 ttt
2158 2485 2210 2537 in

621 2556 752 2624 ipsis
782 2559 1181 2628 quodammodo
1226 2565 1488 2635 figuretur
1519 2576 1575 2621 et
1604 2569 1874 2638 eﬂigietur
1907 2576 2208 2630 secundum

620 2665 838 2704 carnem
862 2651 1113 2708 Christus
1136 2656 1159 2708 ?
1191 2658 1351 2726 Atqui
1379 2664 1651 2729 quomodo
1677 2677 1781 2715 nOu
1813 2666 1990 2734 quivis
2017 2669 2211 2736 opinor

619 2753 676 2796 et
707 2742 829 2799 sine
855 2744 1019 2799 dubio
1046 2747 1212 2811 dicat,
1256 2750 1567 2806 conformes
1601 2754 1702 2807 sibi
1749 2755 1895 2810 inter
1929 2774 1986 2813 se
2023 2774 2212 2816 omnes

618 2848 741 2888 esse
770 2835 862 2906 qui
895 2846 1019 2890 sunt
1053 2840 1104 2893 in
1140 2842 1323 2904 terris,
1349 2852 1405 2896 et
1453 2843 1553 2912 ipsi
1586 2860 1801 2916 quoque
1836 2848 2074 2916 Christo,
2105 2869 2210 2920 qua

623 2924 796 2978 nostri
847 2926 1043 2982 similis
1097 2928 1289 2994 homo,
1347 2941 1403 2986 et
1459 2933 1739 2988 nobiscum
1797 2940 2212 2996 consideratur?

617 3013 804 3080 Qualis
819 3031 948 3087 ergo
964 3019 1214 3088 elligiatio
1230 3023 1280 3076 in
1302 3023 1406 3077 illis
1422 3025 1738 3094 exigebatur
1750 3027 1970 3084 Christo
1984 3031 2213 3087 similis?

617 3119 711 3162 aut
727 3112 996 3176 quomodo
1020 3127 1118 3166 nos
1141 3127 1168 3165 a
1195 3113 1444 3169 claritate
1460 3117 1511 3168 in
1533 3116 1836 3172 claritatem
1859 3121 2213 3176 transforma-

619 3199 773 3252 mur?
788 3215 891 3268 qua
915 3199 1101 3255 relicta
1122 3200 1319 3271 forma,
1341 3205 1393 3257 iu
1413 3219 1573 3274 quam
1595 3207 2088 3276 transfiguratum?
2112 3210 2209 3266 Er-

619 3306 686 3358 go
719 3307 816 3346 nos
852 3291 1072 3347 divinus
1101 3293 1189 3348 ille
1214 3294 1404 3350 doctor
1431 3297 1684 3363 prodiens
1711 3299 1924 3362 doceat,
1964 3301 2053 3354 ille
2077 3303 2210 3356 divi-

619 3399 809 3438 norum
834 3386 1090 3440 sacerdos
1120 3386 1526 3456 mysteriorum,
1563 3389 1652 3443 ille
1672 3390 1860 3444 doctor
1883 3392 2120 3458 gentium
2153 3393 2208 3446 in

617 3474 723 3526 title
750 3484 802 3527 et
826 3475 1089 3528 veritate:
1121 3492 1138 3525 ι
1168 3474 1315 3540 Quos
1332 3476 1476 3529 enim
1497 3477 1677 3538 scivit,
1705 3476 1903 3545 inquit.
1923 3486 1976 3532 et
2006 3481 2210 3546 praede-

616 3564 836 3617 stinavit
867 3564 1172 3620 conformes
1207 3564 1324 3618 fieri
1358 3566 1608 3634 imaginis
1641 3566 1760 3619 Filii
1793 3569 1896 3629 sui,
1920 3569 2018 3623 hos
2041 3578 2208 3624 etvo-

613 3655 757 3708 cavit
786 3654 852 3709 “.
875 3674 893 3708 ι
915 3653 1080 3723 Ergo,
1107 3656 1383 3709 utdudum
1410 3657 1543 3720 dixi,
1573 3671 1675 3725 qua
1706 3657 1881 3711 factus
1908 3668 1992 3712 est
2025 3659 2204 3728 homo,

616 3755 671 3798 et
713 3743 813 3798 fuit
851 3759 917 3800 ex
953 3744 1162 3799 semine
1187 3745 1485 3807 Abraham,
1520 3760 1710 3800 omnes
1743 3746 1821 3800 illi
1851 3762 2042 3802 sumus
2074 3764 2206 3804 con-

618 3836 840 3890 formes.
876 3836 1078 3890 Omnes
1115 3835 1281 3905 igitur
1303 3851 1438 3903 quos
1468 3834 1633 3890 Pater
1662 3839 1931 3906 pratscivit
1961 3839 2206 3897 homines

615 3927 705 3994 qui
730 3935 853 3979 sunt
888 3925 939 3978 in
975 3926 1156 3990 terris,
1191 3933 1245 3979 et
1267 3926 1690 3993 praedestinavit,
1725 3927 1824 3982 bos
1863 3944 1985 3984 eum
2016 3944 2204 3986 vocas-

615 4028 717 4083 set,
754 4018 1113 4072 sauctiiicavit
1154 4025 1210 4072 et
1247 4017 1570 4088 glorificavit
1617 4040 1630 4074 :
1686 4030 1848 4089 atque
1878 4037 1981 4075 non
2017 4036 2205 4078 omnes

613 4109 978 4176 praedestinati
1013 4116 1162 4173 sunt,
1212 4123 1320 4161 non
1355 4124 1546 4164 omnes
1583 4111 1906 4165 sauetiticati
1959 4122 2052 4166 aut
2086 4113 2200 4180 glo-

617 4197 844 4263 riiicati;
873 4213 979 4251 non
1009 4199 1170 4268 igitur
1201 4199 1304 4254 hoc
1338 4199 1514 4268 ipsum
1544 4203 1685 4270 quod
1711 4200 1848 4254 Filio
1875 4203 2189 4256 conforma-

613 4301 755 4350 mur,
776 4287 829 4340 iu
847 4287 960 4341 sola
981 4287 1301 4357 intelligitur
1331 4291 1512 4344 carnis
1531 4291 1952 4345 httmanitatisve
1984 4304 2198 4356 natura,

611 4377 706 4432 sed
735 4377 842 4431 alio
869 4393 1081 4447 quoque
1114 4380 1272 4434 modo
1299 4398 1312 4434 :
1345 4381 1506 4448 idque
1545 4382 1701 4437 nobis
1729 4383 1968 4436 declarat
2010 4385 2200 4440 beatus

2311 1923 2409 1990 τὴν
2439 1923 2602 1975 αὑτοῦ
2627 1924 2810 1976 εἰκόνα
2843 1924 2954 1993 (ὶο)
2987 1925 3488 1996 μεταμορφούμεθα
3512 1928 3618 1981 ἀπὸ
3641 1928 3798 1997 δόξης
3821 1930 3911 1991 εἰς

2309 2011 2487 2076 δόξαν,
2524 2012 2772 2081 καθάπερ
2805 2013 2913 2066 ἀπὸ
2933 2015 3138 2083 Κυρίου
3173 2017 3514 2086 πνεύματος·
3544 2020 3571 2072 6
3603 2019 3659 2072 δὲ
3693 2019 3912 2089 Κύριος

2308 2104 2371 2156 τὸ
2400 2104 2616 2174 πνεῦμά
2636 2107 2782 2157 ἐστιν
2801 2121 2814 2134 ·
2842 2100 2902 2159 οῦ
2929 2106 2984 2158 δὲ
3009 2107 3069 2158 16
3101 2106 3318 2176 πνεῦμα
3345 2110 3574 2180 Κυρίου,
3607 2112 3724 2164 ἐκεῖ
3747 2111 3912 2162 ἐλευ-

2310 2192 2486 2261 θερία.
2511 2191 2661 2262 ιτΑρ⁹
2689 2191 2784 2246 οὖν
2821 2195 2895 2258 ὡς
2935 2196 3034 2248 οὑκ
3067 2195 3248 2266 ἔχουσι
3275 2198 3542 2261 Γαλάταις
3574 2202 3670 2268 τῆς
3710 2215 3910 2270 σωμα-

2308 2283 2468 2351 τικῆς
2504 2283 2815 2356 ἐλευθερίας
2846 2287 2974 2349 τοὺς
3002 2286 3228 2349 τύπους,
3251 2288 3387 2358 πρὸς
3411 2287 3472 2341 16
3497 2290 3561 2342 ὲκ
3587 2291 3910 2359 σπέρματος

2311 2373 2476 2425 Δαὸὶδ
2526 2375 2664 2426 κατὰ
2719 2376 2919 2444 σάρκα,
2952 2377 3019 2429 τὰ
3067 2378 3244 2430 τοιάδε
3301 2379 3502 2449 φησίνο
3544 2380 3791 2434 ἀνωδίνει
3842 2383 3909 2435 δὲ

2309 2465 2530 2530 αὐτοὺς,
2556 2467 2622 2526 ἶν’
2642 2466 3032 2536 ὲγχαρὰττοιτό
3058 2484 3176 2531 πως
3199 2467 3405 2532 αὐτοῖς,
3429 2472 3522 2525 καὶ
3541 2473 3627 2524 δια
3637 2477 3909 2541 μορφοῖτο

2311 2555 2453 2610 κατὰ
2484 2555 2662 2626 σάρκα
2685 2557 2917 2625 Χριστός
2938 2574 2951 2621 ;
2987 2558 3179 2611 Καίτοι
3211 2561 3327 2621 πῶς
3347 2561 3444 2629 οὐχ
3469 2561 3614 2624 ἄπας
3633 2579 3718 2625 τις
3741 2559 3907 2633 οἶμαι

2309 2649 2406 2701 καὶ
2430 2647 2818 2718 ἀναμφιλόγως
2841 2649 2976 2718 ὲρεῖ,
3002 2650 3359 2720 συμμόρφους
3380 2651 3630 2723 ἀλλήλοις
3652 2654 3908 2716 ἅπαντας

2311 2735 2450 2792 εἶναι
2475 2741 2600 2802 τοὺς
2629 2740 2721 2791 ἐπὶ
2749 2743 2850 2808 τῆς
2873 2740 2997 2810 γῆς,
3015 2741 3109 2792 καὶ
3136 2739 3286 2807 αύτῷ
3309 2740 3365 2793 δὲ
3388 2741 3466 2810 τῷ
3492 2741 3731 2813 Χριστῷ.
3761 2743 3908 2795 καθὸ

2312 2835 2511 2884 νοεῖται
2543 2832 2664 2884 καθ’
2690 2832 2836 2901 ἡμᾶς
2869 2831 3176 2898 ἄνθρωπος,
3211 2830 3497 2902 ἄνθρωπός
3546 2834 3654 2903 [Ian
3685 2834 3901 2904 παρέλ-

2312 2921 2419 2993 κει]
2456 2939 2513 2974 τε
2544 2922 2637 2975 καὶ
2674 2921 2792 2991 μεθ’
2829 2921 3016 2990 ήμῶν;
3064 2921 3200 2974 Ποία
3230 2923 3293 2992 δὴ
3341 2918 3433 2976 οὖν
3463 2925 3520 2976 ὲν
3553 2924 3782 2986 ἐκείνοις
3810 2925 3906 2990 ἐξ·

2311 3016 2492 3085 ῃτεῖτο
2535 3013 2814 3082 μόρφωσις
2842 3012 2874 3080 ὴ
2907 3013 3044 3080 πρός
3073 3027 3135 3080 γε
3167 3015 3432 3082 Χριστόν;
3463 3015 3494 3083 ἢ
3539 3013 3660 3066 τίνα
3695 3014 3906 3083 τρόπον

2313 3105 2474 3172 ἡμεῖς
2515 3102 2622 3154 ἀπὸ
2666 3102 2823 3173 δόξης
2851 3105 2930 3165 είς
2959 3103 3115 3165 δόξαν
3153 3103 3690 3174 μεταμορφούμεθα;
3727 3104 3905 3157 Ποίαν

2314 3193 2543 3261 ἀφέντες
2576 3194 2812 3265 μορφὴν,
2848 3194 2926 3256 είς
2968 3193 3089 3246 τίνα
3129 3193 3718 3264 μεταστοιχειούμεθα;
3754 3195 3904 3247 Ούκ-

2310 3284 2406 3339 οῦν
2434 3285 2734 3338 διδασκέτω
2770 3285 3057 3355 παρελθῶν
3097 3287 3126 3339 6
3160 3286 3303 3350 θεῖος
3339 3289 3486 3358 ἡμᾶς
3515 3287 3900 3357 μυσταγωγὸς,

2309 3378 2338 3430 6
2366 3375 2475 3429 τῶν
2508 3377 2667 3430 θείων
2698 3379 3012 3448 μυστηρίων
3041 3380 3324 3450 ίερουργός
3347 3397 3359 3411 ·
3394 3381 3422 3433 6
3445 3380 3762 3441 διδάσκαλος
3787 3379 3904 3431 τῶν

2311 3466 2480 3519 ὲθνῶν
2508 3469 2565 3518 tv
2587 3467 2766 3521 πίστει
2798 3471 2890 3522 καὶ
2921 3469 3150 3540 ἀληθείᾳ
3173 3486 3186 3500 ·
3227 3489 3244 3520 t
3273 3469 3383 3532 Οὒς
3412 3469 3520 3538 γὰρ
3550 3470 3710 3536 ἔγνω,
3731 3469 3897 3537 φησὶ,

2311 3559 2404 3610 καὶ
2437 3558 2709 3629 προώρισε
2746 3561 3101 3629 συμμόρφους
3139 3563 3238 3630 τῆς
3276 3561 3482 3623 εἰκόνος
3508 3560 3600 3613 τοῦ
3635 3560 3763 3612 Υἰοῦ
3793 3562 3898 3614 αὺσ

2307 3648 2422 3707 τοῦ,
2455 3647 2671 3712 τούτους
2717 3651 2811 3702 καὶ
2857 3650 3132 3704 ἐκάλεσεν.
3166 3669 3183 3700 ι
3221 3650 3450 3713 Οὐκοῦν,
3481 3650 3555 3713 ὡς
3605 3650 3740 3720 ἔφην
3792 3653 3902 3722 ἁρ-

2307 3738 2458 3801 τίως,
2486 3739 2621 3792 καθὸ
2653 3741 2873 3807 γέγονεν
2900 3741 3203 3811 ἄνθρωπος,
3238 3743 3329 3794 καὶ
3359 3737 3426 3812 ἦν
3461 3743 3524 3795 ὲκ
3573 3743 3902 3813 σπέρματος

2322 3829 2591 3900 Ἀϐραὰμ,
2623 3832 2933 3902 σύμμορφοι
2965 3832 3164 3896 πάντες
3189 3834 3355 3902 ἐσμὲν
3385 3835 3531 3904 αὑτῷ
3551 3851 3565 3865 ο
3597 3835 3805 3898 πάντας
3827 3837 3899 3906 δὴ

2305 3915 2398 3973 οὖν
2443 3920 2698 3993 [1σ.οὓς]
2746 3923 2842 3975 καὶ
2887 3923 3136 3993 προέγνω
3182 3925 3308 3987 τοὺς
3351 3926 3442 3977 ἐπὶ
3491 3925 3592 3994 τῆς
3625 3925 3747 3994 γῆς,
3797 3932 3901 3980 καὶ

2307 4009 2612 4082 προώρισεν
2640 4013 2668 4064 6
2709 4014 2917 4085 Πατὴρ,
2953 4016 3178 4079 τούτους
3213 4017 3518 4087 κεκληκὼς,
3553 4018 3747 4088 ήγίασε
3796 4021 3900 4071 καὶ

2305 4103 2573 4169 ἐδόξασεν.
2593 4103 2755 4156 Ἀλλὰ
2781 4106 2886 4174 μὴν
2915 4107 3010 4176 οὐχ
3035 4107 3274 4171 ἅπαντες
3301 4108 3722 4179 προωρίσθησαν
3745 4127 3757 4139 ·
3787 4110 3893 4178 οὐχ

2305 4195 2542 4256 ἅπαντες
2573 4197 2938 4264 ὴγιάσθησαν,
2975 4198 3006 4267 ἢ
3045 4198 3448 4269 ἐδοξάσθησανο
3481 4200 3582 4252 οὐκ
3631 4201 3736 4268 ἄρα
3789 4201 3898 4268 τῆς

2304 4286 2440 4355 πρὸς
2476 4287 2598 4340 Υίὺν
2643 4288 2990 4356 συμμορφίας
3037 4288 3098 4340 16
3149 4292 3358 4359 χρῆμα,
3395 4290 3536 4342 κατὰ
3597 4291 3766 4359 μόνην
3823 4292 3897 4344 ἂν

2303 4380 2474 4429 νοοῖτο
2503 4377 2598 4446 τὴν
2630 4378 2727 4446 τῆς
2760 4378 2961 4447 σαρκὸς
2993 4379 3175 4446 φύσιν,
3212 4381 3378 4449 ἡγουν
3402 4381 3500 4450 τῆς
3531 4381 3896 4450 ἀνθρωπότη-

612 4467 810 4524 Paulus
841 4483 961 4523 cum
997 4469 1174 4523 dixit:
1208 4488 1226 4522 ι
1264 4469 1330 4524 Ει
1357 4471 1499 4524 sicut
1533 4474 1870 4540 portavimus
1903 4475 2192 4543 imaginem

2309 4485 2413 4530 τος,
2445 4467 2580 4520 ἀλλὰ
2631 4468 2725 4520 καὶ
2776 4469 2896 4521 καθ’
2929 4469 3115 4538 ἓτερον
3154 4471 3379 4541 τρόπον·
3433 4473 3527 4524 καὶ
3570 4472 3727 4525 τοῦτο
3755 4474 3897 4542 ἡμῖν

613 4562 833 4625 terreni,
863 4571 1139 4630 portemus
1167 4572 1220 4616 et
1247 4564 1538 4630 imaginem
1570 4566 1806 4620 caelestis
1843 4567 1918 4631 “;
1951 4587 1968 4620 ι
1994 4568 2194 4627 terreni

609 4647 859 4703 videlicet
886 4651 1174 4719 imaginem
1211 4649 1354 4702 illam
1392 4651 1550 4717 pritni
1585 4653 1828 4718 parentis
1863 4653 2053 4715 Adam,
2079 4666 2193 4705 coe-

610 4742 764 4797 lestis
793 4752 993 4805 autem,
1028 4743 1171 4796 illam
1203 4743 1403 4798 Christi
1443 4744 1773 4815 Intelligens.
1819 4745 2078 4812 Quaenam
2109 4755 2194 4799 est

610 4836 773 4902 igitur
805 4834 951 4902 prior
982 4834 1068 4888 illa
1104 4834 1263 4899 primi
1296 4833 1536 4902 parentis
1567 4835 1785 4904 imago?
1817 4838 2070 4890 nimirum
2107 4836 2191 4888 fa-

611 4926 788 4982 cilitas
831 4924 915 4976 illa
959 4924 1025 4977 ad
1067 4924 1423 4992 peccandum,
1474 4923 1577 4978 hoc
1609 4928 1781 4992 ipsum
1833 4927 1972 4996 quod
2029 4929 2190 4981 morti

609 5016 1052 5084 rorruptionique
1076 5030 1262 5070 smnus
1289 5015 1528 5069 obnoxii.
1560 5017 1688 5081 Quae
1723 5033 1910 5072 rursus
1942 5017 2029 5072 illa
2070 5032 2186 5071 etn-

612 5105 799 5161 lestis?
822 5106 965 5159 nullo
980 5106 1138 5161 modo
1153 5107 1346 5159 cedere
1363 5106 1528 5170 vitiis,
1551 5123 1657 5160 non
1679 5123 1838 5162 nosse
1856 5109 2188 5177 delinquere,

611 5212 718 5249 non
744 5210 866 5251 esse
891 5197 1048 5252 morti
1077 5207 1134 5251 et
1155 5197 1487 5264 corruptioni
1522 5198 1853 5266 subjectum,
1884 5199 2192 5252 sanctifica-

2305 4560 2602 4630 παρίστησι
2627 4561 2801 4627 λέγων
2831 4563 2858 4614 6
2891 4563 3158 4632 μακάριος
3203 4564 3414 4623 Παῦλος
3436 4581 3448 4592 ·
3504 4583 3521 4610 ι
3546 4565 3659 4617 Καὶ
3703 4566 3896 4629 καθὼς

2303 4648 2644 4717 ὲφορέσαμεν
2667 4650 2765 4720 τὴν
2789 4650 2972 4701 είκόνα
2993 4649 3087 4702 τοῦ
3113 4651 3319 4718 χοῖκοῦ,
3343 4653 3645 4722 φορέσομεν
3672 4654 3764 4705 καὶ
3786 4655 3895 4722 τὴν

2302 4739 2486 4791 εἰκόνα
2534 4739 2628 4791 τοῦ
2663 4740 3008 4808 ἐπουρανίου.
3044 4760 3060 4790 ι
3095 4741 3294 4794 Χοῖκοῦ
3333 4743 3432 4812 μὲν
3461 4743 3635 4809 λέγων
3677 4744 3886 4806 εἰκόνα,

2301 4830 2400 4897 τὴν
2430 4827 2522 4882 τοῦ
2564 4828 2904 4896 προπάτορος
2943 4828 3112 4897 Ἀδάμ.
3134 4846 3147 4859 ·
3182 4833 3503 4901 ἐπουρανίου
3538 4847 3601 4898 γε
3633 4831 3758 4901 μὴν,
3786 4833 3894 4902 τὴν

2300 4923 2393 4973 τοῦ
2424 4920 2682 4990 Χριστοῦ.
2713 4919 2808 4980 Τίς
2841 4914 2934 4972 οὖν
2965 4921 3153 4991 πρώτη
3186 4923 3279 4974 τοῦ
3313 4923 3655 4991 προπάτορος
3683 4923 3889 4989 είκών;

2302 5013 2360 5064 16
2386 5011 2704 5079 εὐπόριστον
2729 5013 2808 5073 είς
2833 5013 3134 5081 ἁμαρτίαν,
3164 5013 3222 5064 τὸ
3244 5013 3348 5064 ὑπὸ
3372 5012 3600 5065 θάνατον
3629 5013 3889 5079 γενέσθαι

2303 5102 2395 5154 καὶ
2425 5101 2648 5171 φθοράν.
2680 5102 2812 5152 Ποία
2833 5102 2887 5153 δὲ
2919 5102 3078 5154 πάλιν
3110 5104 3141 5171 ἡ
3165 5103 3256 5154 τοῦ
3283 5104 3640 5171 ὲπουρανίους
3671 5103 3730 5154 τὸ
3755 5120 3859 5155 κατ
3878 5107 3891 5125 ³

2301 5194 2492 5246 οὐδένα
2521 5193 2717 5262 τρόπον
2743 5193 3005 5262 ἡττᾶσθαι
3032 5193 3216 5245 παθῶν
3238 5209 3250 5222 ο
3276 5193 3335 5244 16
3379 5193 3452 5262 μὴ
3475 5193 3672 5245 εἰδέναι
3698 5193 3805 5262 πλη
3819 5213 3888 5262 μ-

683 5369 725 5400 ¹⁶
762 5368 894 5423 Ibid.
926 5369 1010 5425 19.
1091 5371 1132 5400 ¹⁷
1166 5369 1203 5423 II
1239 5371 1363 5425 Cor.
1395 5387 1476 5434 ut,
1509 5373 1593 5432 Π,
1625 5372 1709 5425 18.
1791 5374 1833 5404 ’⁸
1863 5371 2016 5424 Rom.
2047 5371 2204 5435 vttt,i

2358 5373 2398 5403 ¹⁹
2430 5371 2444 5423 Ι
2477 5371 2601 5424 Cor.
2639 5387 2726 5430 xv,
2757 5371 2844 5427 49.

1878 5526 2034 5581 ANT.
2079 5527 2346 5581 AGELLII
2391 5527 2618 5581 NOT.-E.

686 5656 796 5732 (ξο)
825 5655 993 5732 Codd.
1029 5659 1137 5711 fere
1162 5660 1328 5713 ϐττιιοί
1361 5661 1487 5732 Νι)γί
1516 5661 1840 5716 Testanteuti
1867 5663 2084 5720 habent.
2106 5665 2202 5732 τὴν

618 5726 791 5794 αὐτὴν
817 5727 998 5781 εἰκόνα
1033 5731 1548 5798 μεταμορφούμεθα,
1581 5750 1684 5799 quo
1715 5735 1869 5787 modo
1904 5735 2061 5788 habet
2096 5726 2192 5784 La-

2311 5665 2418 5714 tina
2470 5661 2868 5730 interpretatio,
2920 5661 2972 5714 iu
3005 5663 3238 5715 eamdem
3293 5661 3572 5731 imaginem
3619 5662 3886 5727 transfor-

2306 5749 2386 5783 ΗίΠ
2401 5749 2527 5784 Ἠίίν.
