4028 6424
165 338 258 391 129
1292 335 1655 392 Αῡνιειιευε
1697 337 1769 389 Μ

1861 336 2096 392 'ORIUM
2142 338 2268 392 LIB.
2312 339 2400 394 lli.

3357 340 3458 391 130

165 458 381 523 μελεῖν’
441 456 506 506 τὸ
566 454 643 525 μὴ
696 456 1017 509 ὑποκεῖσθαι
1070 456 1284 526 θανάτῳ
1335 459 1429 510 καὶ
1476 458 1684 527 φθορᾷ·
1738 461 1763 509 ὁ

1872 458 1968 520 tio,
2010 458 2250 526 iustitia,
2280 470 2335 512 et
2384 459 2468 513 his
2501 458 2679 512 aﬂinia
2727 466 2888 527 atque
2937 458 3153 512 similia.
3193 457 3297 511 Sed
3345 461 3457 511 han:

162 545 458 612 ἁγιασμὸς,
505 546 539 613 ἡ
568 545 889 615 δικαιοσύνη
917 562 929 575 ·
968 548 1059 597 καὶ
1092 548 1190 598 ὅσα
1220 546 1429 609 τούτοις
1458 546 1664 611 ἀδελφά
1706 563 1763 597 τε

161 638 249 689 καὶ
281 635 674 705 παραπλήσια.
696 636 859 700 Ἀλλ’,
888 635 1063 707 οξμαι,
1081 639 1236 690 ταυτὶ
1261 637 1536 708 πρέποιᾶν
1553 640 1618 706 τῇ
1648 637 1766 705 θεία

160 748 215 781 τε
270 732 365 781 καὶ
400 729 675 798 ἁκηράτῳ
708 728 1105 797 διακεκτῆσθαι
1141 729 1321 796 φύσει.
1361 729 1623 796 Κρεῖττον
1655 729 1764 797 γάρ

161 824 275 873 ἐστι
302 820 399 873 καὶ
432 821 717 889 ἁμαρτίας
748 819 841 871 καὶ¹
874 818 1100 888 φθορᾶς,
1134 819 1405 886 ἁγιασμὸς
1435 819 1531 869 καὶ
1556 818 1762 869 δικαιο-

166 910 635 979 σύνη.Ἀναιρέρει
673 910 730 961 δὲ
781 910 875 961 καὶ
926 910 1072 978 ἡμᾶς
1110 910 1168 961 ὲν
1204 908 1414 970 τούτοις
1460 909 1488 958 6
1530 908 1593 959 ἐκ
1629 907 1764 959 Θεοῦ

163 1003 379 1073 Πατρὸς
410 1001 609 1068 Λόγος,
646 1004 745 1071 τῆς
793 1002 942 1063 θείας
993 1001 1188 1054 ἑαυτοῦ
1219 1001 1433 1069 φύσεως
1476 1003 1766 1064 κοινωνοὺς

160 1094 485 1161 ἀποφαίνων
511 1094 601 1146 διὰ
633 1091 727 1145 τοῦ
764 1092 1076 1161 πνεύματος
1100 1107 1112 1121 ο
1151 1092 1265 1161 ἔχει
1293 1094 1476 1144 τοίνυν
1506 1092 1766 1159 ἀδελφοὺς

158 1186 412 1245 ἐοικότας
451 1182 628 1252 αὐτῷ,
658 1182 879 1252 καὶτῆς
903 1182 1053 1246 θείας
1084 1183 1250 1236 αὑτοῦ
1293 1184 1510 1253 φύσεως
1540 1183 1766 1253 φοροῦν-

156 1293 255 1337 τας
283 1276 501 1339 εἰκόνα,
536 1274 682 1326 κατά
718 1290 781 1341 γε
811 1274 903 1327 τὸν
935 1274 1031 1326 τοῦ
1065 1275 1327 1343 ἡγιάσθαι
1353 1276 1556 1344 τρόπον
1578 1292 1591 1306 ·
1625 1275 1766 1329 οὕτω

158 1366 267 1433 γὰρ
318 1366 379 1416 ὲν
433 1366 571 1433 ἡμῖν
613 1363 920 1433 μορφοῦται
956 1365 1187 1434 Χριστὸς
1234 1364 1765 1435 μεταστοιχειοῦντος

156 1457 350 1525 ὧσπρ
395 1459 548 1525 ἡμᾶς
584 1454 675 1507 τοῦ
706 1455 866 1521 ἁγίου
900 1454 1218 1523 Πνεύματος
1245 1458 1309 1507 ὲκ
1348 1454 1457 1507 τῶν
1486 1454 1765 1525 ἀνθρωπί-

156 1566 261 1598 νων
295 1551 380 1609 εἰς
410 1550 480 1599 τὰ
510 1546 706 1599 αὑτοῦ.
742 1545 925 1615 Ταύτῃ
954 1563 1034 1598 τοι
1063 1547 1156 1599 καὶ
1185 1546 1320 1617 πρὸς
1348 1548 1494 1615 ἡμᾶς
1531 1547 1559 1597 6
1589 1546 1767 1614 μακά-

160 1655 273 1707 ριος
314 1638 423 1706 ἔφη
465 1636 681 1699 Παῦλος
708 1653 721 1667 ο
783 1656 799 1685 ι
824 1636 1013 1707 Ὑμεῖς
1038 1637 1116 1702 δὲ,
1152 1636 1253 1689 οὑκ
1298 1637 1423 1690 ἐστὲ
1470 1638 1529 1689 ὲν
1581 1638 1763 1705 σαρκὶ,

155 1730 270 1781 ἀλλ’
304 1731 366 1780 ὲν
424 1729 722 1797 πνεύματι.
761 1746 777 1776 ι
818 1725 1031 1780 Οὐκοῦν
1086 1727 1370 1805 μεθίστησι
1420 1727 1517 1796 μὲν
1565 1730 1593 1780 6
1640 1728 1766 1790 Υἱὸς

154 1819 308 1871 οὐδὲν
345 1818 682 1886 τοπαράπαν
714 1815 824 1868 τῶν
850 1817 1235 1885 πεποιημένων
1267 1819 1347 1877 είς
1378 1816 1475 1885 τὴν
1503 1817 1600 1885 τῆς
1630 1817 1763 1879 ἰδίας

155 1908 419 1977 θεότητος
446 1908 613 1973 φύσιν
634 1925 647 1936 ε
675 1908 960 1975 ἀμήχανον
983 1906 1089 1976 γάρ
1110 1922 1123 1936 ο
1149 1906 1534 1976 ἐνσημαίνεται
1565 1907 1622 1959 δέ
1646 1924 1763 1968 πως

152 2002 262 2060 τοῖς
303 1998 407 2067 τῆς
439 1997 593 2061 Θείας
622 1997 839 2065 φύσεως
869 1996 1036 2050 αὐτοῦ
1065 1998 1314 2064 γεγονόσι
1342 2000 1641 2060 κοινωνοῖς,
1676 1996 1763 2049 διὰ

153 2090 249 2142 τοῦ
282 2092 587 2159 μετασχεῖν
617 2089 775 2156 ἁγίου
805 2088 946 2142 Πνεύ
957 2106 1146 2158 ματος,
1176 2091 1208 2159 ἡ
1242 2088 1377 2158 πρὸς
1402 2089 1563 2141 αὑτὸν
1597 2089 1762 2158 ὲμφέ-

155 2200 278 2251 ρεια
302 2183 501 2251 νοητὴ,
523 2184 617 2235 καὶ
640 2180 701 2233 τὸ
728 2182 825 2250 τῆς
848 2182 1089 2250 ἀρρήτου
1122 2178 1376 2249 θεότητος
1404 2180 1621 2243 κάλλος,
1644 2182 1764 2242 ταῖς

151 2273 262 2324 τῶν
317 2272 499 2337 ἁγίων
555 2272 923 2340 ὲναστράπτει
972 2270 1201 2339 ψυχαῖς·
1258 2268 1309 2319 τί
1362 2269 1538 2320 τοίνυν
1587 2272 1758 2337 ἡμῖν,

151 2365 376 2433 γυμνήν
401 2379 463 2414 τε
495 2363 585 2414 καὶ
621 2362 792 2431 μόνην
824 2360 922 2428 τῆς
954 2360 1154 2430 σαρκὸς
1178 2358 1276 2428 τὴν
1306 2357 1605 2428 ἐμφέρειαν
1631 2360 1763 2410 ἀπορ-

152 2460 365 2525 νέμων,
396 2456 501 2508 οὐκ
529 2452 808 2523 ἐρυθριᾷς,
838 2450 938 2519 τῆς
982 2449 1130 2511 θείας
1170 2464 1232 2500 τε
1278 2448 1373 2499 καὶ
1403 2447 1597 2517 νοητῆς
1628 2464 1759 2518 μορ-

152 2546 392 2611 φώσεως
423 2538 849 2610 κατημεληκὼς,
885 2536 1085 2605 μᾶλλον
1121 2536 1178 2588 δὲ
1207 2536 1298 2588 καὶ
1332 2536 1565 2589 είσάπαν
1590 2538 1761 2605 αὐτὴν

151 2634 431 2704 ἁναιρῶν;
480 2631 620 2683 Ἀλλ’
654 2632 681 2681 6
716 2628 815 2697 μὲν
845 2622 953 2679 τῶν
979 2626 1116 2679 ὅλων
1148 2626 1353 2699 Κύριος
1380 2629 1473 2682 καὶ
1504 2628 1635 2690 Θεὸς
1668 2646 1762 2698 μο-

152 2723 408 2791 νογενὴς,
454 2720 695 2788 καθῆκεν
742 2718 935 2770 ἑαυτὸν
984 2719 1063 2780 εἰς
1111 2717 1339 2771 κένωσιν
1384 2718 1451 2771 δι’
1479 2720 1645 2789 ἡμᾶς,
1678 2721 1761 2772 ἵνα

149 2818 285 2885 ἡμῖν
308 2811 613 2882 χαρίσηται
636 2810 735 2879 τῆς
761 2810 898 2877 πρὸς
920 2808 1086 2861 αὑτὸν
1113 2809 1475 2880 ἀδελφότητος
1501 2811 1559 2863 τὸ
1595 2811 1760 2876 ἀξίω-

153 2923 252 2974 μα,
289 2904 392 2956 καὶ
430 2902 534 2971 τῆς
568 2902 797 2971 ἐνούσης
839 2899 989 2969 αὑτῷ
1035 2900 1315 2967 εὐγενείας
1348 2903 1408 2953 τὸ
1439 2900 1759 2973 ἀξιέραστον

151 2998 388 3058 καλλος·
433 2996 463 3046 6
494 2995 548 3047 δὲ
587 2994 843 3046 ἁπάντων
873 2992 1021 3061 ἡμᾶς
1045 2992 1152 3044 τῶν
1188 2992 1487 3046 καλλίστων
1530 2997 1760 3049 ἀποστε-

152 3088 284 3158 ρῶν,
310 3085 613 3156 ἄνθρωπον
636 3085 767 3153 ἡμῖν
792 3081 980 3144 ἁπλῶς
999 3082 1227 3149 ἀδελφὸν
1250 3083 1578 3152 γεγενῆσθαί
1603 3101 1754 3153 φησι,

148 3147 245 3231 καὶ
276 3178 481 3231 πιστὸν
527 3175 605 3237 ὡς
651 3173 845 3235 οἴεται,
874 3173 967 3223 τὸν
1010 3171 1067 3224 ἐν
1113 3189 1175 3239 γε
1210 3172 1420 3234 τούτοις
1455 3175 1585 3242 ἡμῖν
1620 3175 1756 3225 ἀπο·
1785 3147 1826 3203 C

150 3272 337 3336 ξαίνει
370 3268 539 3333 λόγον
562 3264 876 3334 προστιθείς
897 3280 909 3294 ·
937 3265 1134 3317 Σκόπει
1156 3265 1250 3317 καὶ
1272 3265 1331 3316 τὸ
1357 3265 1567 3328 τούτοις
1598 3265 1758 3329 εὐθὺς

148 3359 596 3428 συναπτόμενον,
655 3356 807 3408 «Ἵνα
844 3356 1095 3426 ἐλεήμων
1146 3355 1369 3425 γένηται
1418 3357 1513 3408 καὶ
1570 3358 1761 3420 πιστὸς

156 3451 492 3521 Ἀρχιερεὺς
535 3446 606 3499 τὰ
648 3446 788 3516 πρὸς
818 3446 909 3499 τὸν
943 3446 1103 3499 Θεόν·
1154 3448 1212 3498 ὲν
1247 3440 1291 3513 ᾧ
1334 3447 1443 3518 γὰρ
1492 3448 1761 3503 πέπονθεν

144 3546 314 3606 αὐτὸς
342 3540 693 3611 πειρασθεὶς,
729 3539 956 3593 δύναται
980 3543 1091 3603 τοῖς
1121 3538 1535 3610 πειραζομένοις
1563 3542 1757 3611 βοηθῆ-

147 3654 259 3689 σαι.
296 3655 315 3685 ι
361 3632 579 3687 Οὐκοῦν
602 3633 629 3684 6
656 3630 843 3683 παθὼν
879 3632 1171 3702 ἀρχιερεὺς
1208 3631 1484 3701 ἐλεήμωνο
1515 3632 1756 3700 παθητὸς

143 3730 198 3781 δὲ
233 3731 262 3780 ό
295 3725 455 3790 ναὸς,
490 3725 589 3792 οὐχ
627 3724 654 3774 6
689 3722 954 3785 ζωοποιὸς
982 3721 1074 3773 τοῦ
1110 3722 1440 3785 πεπονθότος
1467 3722 1753 3786 Θεός.”οτι

149 3822 249 3891 μὲν
276 3817 378 3874 οὖν
402 3813 512 3871 ὧδέ
540 3835 598 3869 τε
635 3820 855 3888 φρονεῖν
881 3818 1179 3887 ᾑρημένος,
1203 3819 1296 3871 καὶ
1324 3819 1431 3888 μὴν
1451 3809 1553 3872 καὶ
1577 3820 1756 3886 λέγειν

145 3912 509 3979 ἁποτολμῶν,
543 3907 921 3976 ἀποδιῖστησιν
974 3906 1134 3960 πάλιν
1183 3908 1261 3969 ετς
1320 3925 1379 3961 τε
1429 3909 1757 3972 ὑποστάσεις

149 4004 351 4066 ιὲικας,
387 4000 487 4053 καὶ
520 4002 629 4071 μὴν
672 4000 767 4052 καὶ
810 3998 1077 4068 πρόσωπα
1125 3998 1237 4059 δύο,
1270 3999 1363 4050 τόν
1408 4016 1466 4049 τε
1512 4000 1576 4051 ὲκ
1622 3998 1755 4051 Θεοῦ

148 4095 372 4164 Πατρὸς
399 4093 599 4159 Λόγον,
634 4091 729 4144 καὶ
751 4090 808 4142 ὃν
827 4092 959 4158 ἡμῖν
986 4088 1145 4152 αὐτὸς
1174 4089 1376 4158 ἀρτίως
1398 4088 1472 4151 ὡς
1502 4089 1757 4158 θεοφόρον

147 4185 513 4252 εἰσκεκόμικε
539 4181 849 4252 ἄνθρωπον,
875 4180 1034 4251 εἴπερ
1059 4183 1210 4234 ἐστιν
1234 4181 1418 4251 ἕτερός
1451 4197 1508 4233 τε
1540 4183 1632 4233 καὶ
1653 4182 1757 4233 ἀνὰ

150 4278 318 4347 μέρος
356 4278 386 4329 6
427 4273 645 4336 παθὼν,
679 4274 773 4325 καὶ
810 4272 1000 4341 ἕτερος
1044 4275 1072 4325 ό
1124 4271 1407 4335 ζωοποιὸς,
1456 4272 1754 4325 ὲνδοιάσειν

148 4363 303 4434 οἶμαι
360 4361 650 4424 παντελῶς
682 4361 894 4414 οὐδένα.
927 4362 1237 4433 ῐΙαραπαίει
1279 4361 1337 4414 δὲ
1384 4362 1476 4414 καὶ
1527 4363 1751 4431 ἑτέρως,

1873 560 1987 598 mea
2021 546 2292 599 sententia
2325 546 2626 613 possidere,
2669 547 2863 600 divinae
2895 548 3143 601 convenit
3179 545 3458 598 immorta-

1870 634 2014 701 lique
2053 644 2257 689 natura:
2303 652 2316 688 :
2360 645 2443 689 εει
2464 636 2611 688 enim
2650 636 2735 688 illa
2791 645 3012 704 peccato
3060 646 3224 701 atque
3266 650 3457 688 corru-

1870 727 2052 792 ptione
2076 729 2343 795 superior,
2370 726 2731 783 sanctificatio
2758 728 2883 781 item
2909 738 2959 781 et
2978 727 3211 793 iustitia.
3236 727 3317 780 Ad
3342 728 3457 780 haec

1868 827 2049 869 autem
2117 833 2216 871 nos
2283 818 2389 887 72
2444 819 2606 872 etiam
2652 819 2851 871 attollit
2916 819 3089 885 ipsum
3141 817 3236 871 Dei
3285 818 3460 872 Patris

1871 905 2125 968 Verbum,
2154 910 2279 961 dum
2314 925 2422 963 suae
2453 908 2648 962 divinae
2686 920 2894 963 natura:
2922 925 3017 979 per
3043 910 3291 977 spiritum
3330 924 3457 979 par-

1872 997 2067 1066 ticipes
2105 997 2271 1053 efficit
2309 1016 2321 1051 :
2371 1000 2534 1054 habet
2565 1013 2694 1069 ergo
2738 1000 2936 1054 fratres
2980 1000 3081 1054 sibi
3127 1000 3355 1065 similes,
3402 1009 3458 1053 et

1866 1089 2061 1143 divinae
2106 1106 2219 1145 suae
2267 1102 2473 1146 naturae
2518 1104 2800 1162 portantes
2846 1093 3157 1163 imaginem,
3210 1094 3353 1162 quod
3390 1094 3456 1147 ad

1866 1182 2315 1237 sanctificationis
2348 1184 2562 1237 modum
2584 1186 2800 1239 attinet.
2835 1183 2925 1239 Sic
2951 1199 3182 1253 namque
3210 1184 3458 1239 Christus

1868 1274 2135 1329 formatur
2166 1275 2217 1328 iu
2253 1275 2406 1329 nobis
2437 1277 2565 1329 dum
2602 1276 2840 1344 Spiritus
2877 1286 3098 1331 sanctus
3131 1292 3229 1330 uos
3260 1278 3325 1330 ab
3354 1276 3456 1330 hu-

1868 1365 2043 1419 manis
2089 1366 2155 1419 ad
2206 1381 2302 1420 sua
2348 1367 2564 1435 propria
2617 1366 3013 1435 quodammodo
3083 1367 3452 1421 transformat.

1868 1454 1979 1508 Hac
2005 1456 2215 1510 ratione
2243 1470 2338 1511 nos
2369 1472 2583 1525 quoque
2610 1458 2799 1511 beatus
2821 1456 3021 1511 Paulus
3040 1466 3121 1511 est
3150 1458 3452 1511 allocutus:

1872 1566 1890 1597 ι
1933 1545 2038 1600 Vos
2068 1558 2248 1601 autem
2283 1562 2386 1601 non
2410 1550 2545 1602 estis
2575 1548 2627 1602 in
2658 1563 2840 1613 carne,
2888 1549 2980 1603 sed
3013 1550 3063 1603 in
3098 1550 3288 1617 spiritu
3325 1550 3387 1603 ³ο.
3430 1567 3449 1600 ο

1868 1636 2011 1692 Nihil
2044 1654 2173 1707 ergo
2196 1654 2422 1707 prorsus
2443 1655 2473 1694 e
2499 1642 2701 1695 creatis
2725 1640 2888 1695 rebus
2916 1642 2982 1694 ad
3016 1656 3127 1695 sua:
3156 1642 3453 1696 divinitatis

1868 1737 2116 1782 naturam
2158 1729 2327 1783 Filius
2360 1730 2641 1795 transfert,
2677 1731 2728 1785 id
2773 1733 2917 1786 enim
2953 1741 3036 1787 est
3082 1732 3449 1798 impossibile;

1801 1818 1839 1870 Β
1868 1815 1959 1869 sed
1996 1817 2325 1885 imprimitur
2359 1820 2754 1885 quodammodo
2788 1820 2838 1872 in
2879 1820 2963 1874 his
2995 1821 3086 1889 qui
3116 1822 3308 1876 divina:
3337 1822 3453 1890 ejus

1871 1914 2078 1958 natura:
2110 1915 2239 1960 sunt
2274 1908 2397 1961 facti
2436 1909 2726 1975 participes
2755 1910 2819 1972 “,
2857 1910 2983 1962 dum
3013 1909 3247 1979 Spiritus
3277 1914 3450 1965 sancti

1868 2006 2155 2050 consortes
2209 1997 2366 2061 ﬁunt,
2422 1998 2510 2050 illa
2544 1998 2803 2066 spiritalis
2850 1999 2967 2067 ejus
3019 2000 3340 2069 similitudo,
3398 2014 3453 2057 et

1867 2085 2155 2142 ineﬂ'ahilis
2180 2087 2266 2141 illa
2299 2088 2605 2143 divinitatis
2634 2091 2840 2158 species
2873 2091 2927 2145 in
2964 2104 3275 2148 sanctorum
3312 2096 3455 2150 viro-

1869 2191 1985 2229 rum
2017 2177 2213 2231 auimis
2234 2176 2420 2247 fulget.
2450 2178 2559 2232 Cur
2591 2179 2756 2249 igitur
2786 2184 2983 2235 nudam
3020 2183 3178 2238 nobis
3198 2199 3261 2239 ac
3283 2186 3453 2240 solam

1866 2268 2043 2321 carnis
2080 2268 2494 2323 similitudinem
2528 2270 2766 2325 tribuere
2812 2286 2916 2325 non
2948 2275 3243 2340 erubescis,
3273 2276 3451 2331 divina

1866 2371 1927 2409 ac
1974 2358 2201 2426 spiritali
2245 2360 2570 2429 eﬂigiatione
2633 2365 2900 2433 neglecta,
2964 2368 3073 2423 imo
3122 2384 3247 2424 vero
3288 2372 3450 2425 etiam

1864 2451 2086 2504 omnino
2135 2450 2384 2505 sublata?
2437 2455 2611 2523 Atque
2662 2456 2749 2509 ille
2805 2458 3021 2525 quidem
3075 2461 3450 2517 universorum

1866 2539 2127 2595 Dominus
2173 2549 2227 2595 et
2269 2540 2413 2596 Deus
2461 2545 2799 2614 nuigenitus,
2843 2550 3192 2619 semetipsum
3237 2565 3456 2623 propter

1866 2648 1963 2686 nos
1995 2634 2061 2685 ad
2095 2634 2520 2689 exinanitionem
2552 2637 2788 2701 demisit,
2816 2647 2874 2692 ut
2911 2640 3067 2695 nobis
3091 2641 3455 2701 fraternitatis

1864 2739 1976 2777 sust:
2017 2726 2360 2793 dignitatem,
2398 2736 2451 2781 et
2498 2728 2675 2783 insita:
2719 2730 2821 2785 sibi
2865 2732 3165 2788 nobilitatis
3192 2745 3455 2805 exoptan-

1864 2817 1985 2870 dam
2025 2817 2481 2886 pulchritudinem
2525 2818 2817 2889 largiretur
2854 2839 2867 2874 :
2908 2822 2997 2877 hic
3044 2838 3174 2878 vero
3201 2826 3454 2881 omnibus

1863 2924 1963 2963 nos
1995 2910 2157 2963 rebus
2202 2910 2636 2978 praeclarissimis
2678 2912 2933 2981 spolians,
2984 2915 3256 2970 hominem
3301 2919 3455 2973 nobis

1862 2999 2162 3068 simplicem
2198 2999 2395 3053 factum
2419 3016 2541 3056 esse
2570 3002 2795 3056 fratrem
2825 3004 2980 3071 dicit,
3008 3014 3061 3059 et
3082 3005 3183 3061 title
3213 3008 3451 3077 dignam,

1863 3100 1921 3143 ut
1970 3091 2084 3158 ipse
2126 3098 2298 3159 putat,
2348 3091 2433 3146 his
2468 3092 2533 3145 de
2589 3094 2750 3147 rebus
2803 3095 3070 3149 rationem
3118 3101 3449 3164 pronuntiat,

1860 3180 2062 3234 addens
2099 3199 2110 3234 :
2150 3179 2285 3235 Vide
2311 3183 2475 3235 etiam
2504 3184 2644 3250 quod
2672 3185 2815 3238 illico
2845 3185 2927 3241 his
2966 3187 3297 3257 adjungitur,
3324 3210 3342 3242 ι
3372 3193 3442 3245 Ut

1861 3270 2169 3327 misericors
2198 3272 2433 3336 fieret.et
2465 3273 2639 3329 fidelis
2663 3274 2911 3330 Pontifex
2948 3281 3015 3331 ad
3053 3280 3219 3334 Deum
3258 3299 3271 3335 :
3307 3283 3359 3337 in
3386 3298 3452 3337 eo

1859 3362 2003 3415 enim
2046 3364 2098 3416 in
2146 3378 2252 3432 quo
2302 3379 2493 3433 passus
2527 3376 2611 3422 est
2658 3368 2772 3438 ipse
2820 3378 3078 3435 tentatus,
3133 3383 3322 3439 potens
3368 3386 3453 3428 est

1860 3462 1914 3506 et
1932 3454 2010 3508 eis
2030 3456 2121 3523 qui
2143 3462 2441 3522 tentantur,
2472 3459 2724 3513 auxiliari
2749 3462 2814 3514 “.
2846 3479 2865 3513 ι
2892 3459 3034 3532 Ergo
3066 3464 3110 3519 is
3137 3465 3228 3532 qui
3258 3479 3450 3533 passus

1858 3555 1961 3611 est,
2016 3545 2266 3601 Pontifex
2317 3558 2399 3603 est
2449 3548 2538 3603 ille
2587 3550 2899 3606 misericors
2948 3554 3218 3620 :patibile
3270 3564 3447 3609 autem

1859 3636 2035 3704 ipsum
2076 3637 2329 3706 templum
2386 3652 2491 3703 est,
2544 3656 2649 3694 non
2698 3640 2841 3697 Deus
2888 3644 2977 3713 qui
3029 3644 3344 3699 vivificabat
3394 3647 3451 3700 id

1859 3728 2000 3793 quod
2038 3728 2366 3795 patiebatur.
2406 3730 2575 3798 Igitur
2605 3733 2690 3785 cui
2724 3734 2805 3787 sic
2839 3736 3042 3789 sentire
3082 3735 3247 3791 libeat
3289 3749 3453 3807 atque

1859 3817 2019 3870 etiam
2050 3819 2229 3872 dicere
2255 3820 2470 3882 audeat,
2503 3823 2633 3889 quin
2676 3838 2863 3878 rursus
2890 3825 2940 3878 in
2970 3827 3289 3895 hypostases
3320 3844 3448 3898 pro-

1859 3910 2024 3974 prias,
2063 3919 2225 3978 atque
2256 3911 2419 3965 etiam
2446 3911 2496 3964 in
2524 3912 2658 3967 duas
2693 3929 2952 3982 personas
2986 3918 3190 3971 dividat
3223 3919 3348 3973 illud
3379 3936 3445 3975 est

1861 3998 1968 4053 Deo
2004 4000 2162 4053 Patre
2198 4001 2457 4068 Verbum,
2489 4014 2543 4057 et
2590 4004 2735 4057 illum
2767 4023 2926 4073 quem
2973 4010 3127 4063 nobis
3158 4010 3357 4065 dudum
3392 4024 3448 4064 ut

1860 4082 2119 4143 deiferum
2151 4091 2424 4146 hominem
2468 4095 2672 4149 induxit
2722 4096 3027 4167 (siquidem
3077 4102 3323 4157 diversus
3365 4115 3447 4159 εει

1860 4189 1914 4233 ει
1944 4181 2225 4249 sejunctas
2259 4183 2307 4237 is
2350 4185 2440 4252 qui
2487 4177 2679 4253 passus
2702 4196 2803 4250 est,
2837 4189 2904 4242 ab
2928 4205 2992 4243 eo
3023 4193 3111 4258 qui
3149 4193 3444 4264 vivificat),

1859 4273 1947 4340 qui
1984 4274 2220 4343 ambigat
2253 4276 2525 4329 neminem
2564 4293 2785 4345 prorsus
2818 4280 2933 4335 fore
2964 4283 3220 4336 arbitror.
3256 4284 3361 4339 Sed
3391 4296 3444 4339 et

1858 4364 1960 4415 alia
2003 4379 2216 4433 quoque
2250 4368 2459 4421 ratione
2501 4368 2720 4432 insanit,
2766 4372 2958 4425 hausto
2986 4388 3052 4427 ex
3084 4374 3235 4429 vinea
3274 4377 3444 4431 Sodo-

150 4457 239 4510 τὸν
270 4454 335 4521 ἐξ
363 4452 622 4525 ἀμπέλου
654 4450 906 4521 Σοδόμων
935 4446 1075 4505 οἶνον
1118 4452 1480 4514 ἐκπεπωκὼς,
1512 4452 1606 4505 καὶ
1654 4469 1753 4506 κα-

1861 4470 2068 4507 morum
2102 4456 2247 4519 vino,
2280 4468 2333 4511 et
2382 4459 2589 4511 erroris
2633 4461 2900 4517 ebrietate
2949 4465 3189 4530 madens,
3232 4482 3294 4521 ac
3333 4467 3443 4522 for-

148 4548 446 4619 ταμεθύων
593 4546 793 4617 πλάνῃ,
826 4546 922 4598 καὶ
956 4546 1096 4614 τάχα
1128 4562 1230 4597 που
1264 4545 1395 4614 μηδὲ
1431 4543 1586 4607 εἰδὼς
1612 4546 1638 4597 ὃ
1668 4546 1748 4598 λέ-

147 4658 265 4707 γει·
305 4638 416 4691 ποῦ
444 4638 557 4708 γὰρ
588 4635 908 4705 ὠνόμασται
937 4638 1065 4699 Θεὸς
1097 4635 1191 4688 τοῦ
1221 4634 1479 4704 Χριστοῦ,
1516 4638 1753 4690 καταπέι

149 4750 322 4802 τρικα
355 4730 416 4782 δὲ
444 4728 644 4796 λέγων,
677 4730 707 4781 ὁ
737 4728 803 4780 ἐκ
844 4726 982 4779 Θεοῦ
1018 4728 1228 4797 Πατρὸς
1263 4729 1469 4796 Λόγο,;
1522 4722 1615 4786 Εἷς
1642 4728 1751 4798 γὰρ

151 4825 357 4894 Κύριος
393 4819 609 4891 Ἰησοῦς
638 4819 900 4889 Χριστὸς,
925 4819 1019 4871 καὶ
1050 4819 1150 4888 μία
1178 4820 1410 4889 πίστιςή
1441 4820 1520 4882 εἰς
1548 4820 1710 4872 αὐτόν
1732 4838 1743 4849 ·

147 4915 237 4983 οὐχ
262 4914 342 4973 ὡς
377 4912 459 4971 εἰς
485 4907 580 4960 δύο
610 4911 703 4960 καὶ
727 4907 832 4959 ἀνὰ
857 4908 1044 4977 μέρος,
1072 4908 1185 4960 ἀλλ’
1212 4909 1288 4971 ὼς
1312 4909 1379 4960 δι’
1403 4909 1519 4971 ἑνὸς
1558 4909 1749 4978 βαπτίο

152 5019 380 5073 σματος,
416 5002 501 5063 είς
540 4998 668 5050 Υἱὸν
717 4998 813 5051 ἕνα
864 4998 958 5050 καὶ
1008 4999 1140 5051 Θεὸν
1187 5002 1282 5051 καὶ
1315 4999 1518 5069 Κύριον
1562 5000 1654 5052 τὸν
1684 5002 1749 5052 ὲκ

148 5094 280 5147 Θεοῦ
335 5089 558 5159 Πατρὸς
606 5089 804 5155 Λόγον,
837 5087 933 5141 καὶ
962 5090 1050 5141 ὅτε
1081 5090 1301 5158 γέγονεν
1334 5091 1649 5161 ἄνθρωπος·
1686 5092 1746 5142 ού

148 5189 250 5256 γὰρ
296 5188 384 5239 ὄτι
432 5184 628 5250 γέγονε
674 5181 799 5233 καθ’
827 5183 997 5250 ἡμᾶς,
1029 5182 1089 5234 τὸ
1136 5178 1276 5235 εἶναι
1320 5182 1452 5244 Θεὸς
1494 5183 1747 5234 ἀπολέσει

150 5278 311 5330 ποθέν
332 5292 345 5304 ·
384 5274 513 5327 οὗτε
548 5274 657 5345 μὴν
686 5273 769 5325 ὅτι
794 5270 927 5334 Θεὸς
975 5271 1113 5324 κατὰ
1155 5273 1318 5340 φύσιν
1351 5274 1518 5335 ἐστὶν,
1553 5274 1749 5342 ὁμοίω-

154 5384 231 5418 σιν
264 5364 659 5436 ἁπαράδεκτον
697 5362 830 5433 ἔχει,
866 5364 961 5414 καὶ
1012 5363 1083 5414 τὸ,
1122 5362 1408 5431 ἄνθρωπος
1439 5358 1578 5415 εἶναι
1610 5380 1751 5433 παρ-

154 5462 435 5526 αιτήσεται
465 5475 477 5485 ·
548 5456 830 5524 μεμένηκε
881 5453 974 5517 δὲ,
1025 5453 1214 5523 ὥσπερ
1262 5455 1318 5505 ἐν
1372 5454 1748 5524 ἁνθρωπὸτητι

156 5550 298 5613 Θεὸς,
333 5549 482 5600 οὕτω
507 5546 596 5599 καὶ
627 5547 684 5597 ἐν
717 5544 877 5612 φύσει
908 5560 966 5595 τε
996 5545 1088 5595 καὶ
1118 5545 1358 5614 ὑπεροχῇ
1382 5542 1630 5613 θεότητος
1653 5543 1746 5608 ὣν,

227 5732 269 5761 ⁸⁸
304 5730 462 5782 ιίοιιι.
492 5742 611 5793 vut,
641 5728 693 5783 9.

1861 4558 2003 4602 tasse
2048 4548 2176 4602 illud
2231 4550 2403 4617 ipsum
2447 4552 2588 4619 quod
2639 4551 2772 4604 dicit
2822 4554 3085 4607 nesciens.
3147 4555 3245 4610 Ubi
3296 4560 3443 4611 enim

1858 4654 2094 4706 unquam
2132 4638 2337 4693 dictum
2371 4650 2472 4705 est,
2505 4639 2645 4695 Deus
2671 4642 2869 4696 Christi
2899 4643 3128 4713 (horreo
3163 4647 3440 4715 referens)

1856 4728 2029 4795 ipsum
2067 4728 2159 4781 Dei
2192 4728 2365 4783 Patris
2391 4730 2669 4785 Verbum?
2702 4729 2853 4786 Unus
2883 4746 2966 4787 est
2998 4735 3143 4787 enim
3179 4735 3443 4793 Dominus

1851 4818 2008 4874 Jesus
2036 4819 2306 4885 Christus,
2344 4832 2398 4875 et
2428 4838 2531 4874 una
2562 4832 2643 4875 cst
2675 4824 2725 4875 in
2760 4840 2882 4878 eum
2922 4825 3053 4879 fides
3083 4825 3150 4891 “,
3178 4842 3283 4880 non
3315 4838 3437 4883 tau-

1854 4926 2015 4977 quam
2051 4912 2103 4963 in
2133 4912 2268 4966 duos
2296 4928 2359 4964 ac
2399 4915 2648 4978 seorsim,
2687 4916 2781 4968 sed
2832 4924 3086 4985 tanquam
3131 4933 3225 4986 per
3269 4934 3435 4973 unum

1858 5002 2179 5067 baptismum
2227 5003 2277 5055 in
2326 5001 2430 5070 73
2469 5019 2631 5056 unum
2680 5004 2874 5057 Filium
2928 5017 2983 5060 et
3030 5009 3193 5062 Deum
3234 5020 3288 5065 et
3336 5013 3439 5066 Do-

1858 5094 2084 5152 minum,
2134 5094 2307 5160 ipsum
2356 5109 2419 5147 ex
2471 5094 2580 5147 Deo
2624 5092 2783 5149 Patre
2834 5097 3101 5163 Verbum,
3152 5110 3259 5155 tum
3302 5118 3436 5171 quo-

1855 5198 1959 5250 que
1995 5200 2117 5237 cum
2164 5184 2364 5237 factum
2413 5195 2497 5239 est
2533 5189 2692 5240 homo
2726 5206 2738 5241 :
2775 5205 2951 5259 neque
2992 5193 3136 5245 enim
3178 5196 3302 5261 quia
3348 5213 3438 5249 nn-

1856 5276 1951 5326 stri
1998 5275 2191 5327 similis
2248 5275 2419 5329 factus
2461 5287 2579 5339 est,
2637 5280 2849 5335 amittet
2900 5282 3007 5335 ullo
3069 5286 3227 5338 modo
3292 5291 3434 5355 quod

1857 5362 1998 5417 Dens
2044 5377 2180 5430 erat,
2232 5382 2405 5435 neque
2442 5384 2504 5422 ex
2540 5385 2603 5423 eo
2651 5374 2792 5438 qund
2823 5371 2964 5426 Deus
3011 5385 3092 5427 est
3136 5380 3433 5431 secundum

1859 5467 2107 5511 naturam
2163 5460 2566 5516 similitudinem
2617 5464 2762 5519 nullo
2812 5465 2972 5520 modo
3012 5467 3257 5535 suscipit,
3293 5479 3345 5521 et
3380 5481 3436 5523 ut

1863 5549 2023 5601 homo
2075 5550 2145 5603 sit
2199 5549 2460 5619 refugiet;
2518 5553 2609 5608 sed
2670 5565 2725 5606 ut
2782 5556 2832 5609 in
2890 5557 3226 5613 humanitate
3292 5558 3436 5615 Deus

776 5728 818 5757 ἰ
856 5722 902 5777 ιι
936 5719 1089 5779 Pctr.
1121 5739 1157 5788 l,
1187 5722 1239 5777 4.
1319 5726 1361 5753 ”
1400 5723 1559 5779 llcbr.
1592 5740 1651 5793 ιι,
1680 5724 1764 5787 t7,
1797 5726 1875 5779 l8.
1956 5725 1999 5755 ⁸³
2030 5724 2309 5790 Εριιεε.,ιν
2360 5728 2392 5779 5
