4028 6424
613 317 711 374 131

1653 320 1711 375 S.
1751 318 2028 374 CYRILLI
2067 315 2540 372 ALEXANDRINI
2580 317 2900 374 ARCHIEP.

3783 313 3889 367 13?.

612 443 830 508 mansit,
850 442 933 498 sic
961 443 1012 496 in
1034 451 1222 496 natura
1245 455 1460 510 quoque
1488 452 1539 496 et
1567 442 1878 511 prmstantia
1906 439 2201 495 divinitatis

2308 439 2586 509 ἄνθρωπος
2617 441 2770 493 οὐδὲν
2794 436 2954 512 ἧττόν
2983 439 3360 508 ἐστιν.”Α·μφω
3382 437 3444 508 δὴ
3467 431 3561 488 οὖν
3589 437 3645 488 ἐν
3679 434 3884 501 ταύτῷ,

614 533 783 587 nihilo
814 534 994 587 minus
1027 542 1110 587 est
1143 533 1322 586 homo.
1360 532 1662 600 Utrumque
1703 533 1867 602 igitur
1895 532 1948 585 in
1985 532 2200 594 eodem,

613 633 666 676 et
706 638 846 676 unus
873 623 1125 691 idemque
1149 621 1294 677 Deus
1328 632 1382 678 et
1413 625 1576 678 homo
1614 632 1697 678 est
1736 622 2069 676 Emmanuel.
2099 619 2204 674 Sed

615 712 718 767 iste
749 713 921 767 bonus
943 715 1046 780 vir,
1078 713 1277 782 rejecto
1309 715 1730 784 dispensationis
1762 714 1919 767 modo
1947 722 2203 780 tanquam

615 819 804 873 parum
842 804 1088 873 pulchro,
1126 809 1304 860 aufert
1338 821 1367 860 a
1415 807 1523 861 Deo
1568 804 1740 860 Verbo
1778 819 1897 873 quae
1937 815 2062 859 sunt
2108 803 2206 856 bu-

616 909 797 958 mana,
834 904 892 948 ut
919 895 1032 962 jam
1059 896 1205 949 nulla
1230 912 1293 949 ex
1320 905 1474 965 parte
1505 896 1669 972 rebus
1700 895 1899 950 nostris
1922 895 2204 949 utilitatem

614 985 847 1056 aliquam
867 987 1114 1043 attulisse
1134 997 1406 1043 cernatur.
1441 988 1556 1042 Non
1595 987 1762 1052 enim,
1795 988 1992 1056 inquit,
2031 988 2202 1056 ipsum

616 1079 784 1136 fuisse
819 1081 1231 1136 misericordem
1260 1090 1314 1136 et
1346 1081 1557 1136 fidelem
1592 1079 1902 1151 pontillcem
1935 1080 2090 1143 dicit,
2127 1077 2206 1132 id-

613 1184 718 1239 que
762 1185 959 1225 munus
991 1185 1151 1240 passo
1196 1172 1377 1238 potius
1411 1171 1600 1224 tribuit
1645 1181 1899 1238 tanquam
1940 1169 2008 1222 ab
2033 1183 2099 1224 eo
2125 1167 2206 1221 di-

616 1275 793 1314 verso.
831 1260 1090 1326 Quamvis
1132 1262 1223 1330 qui
1272 1261 1658 1332 mysteriorum
1691 1261 1910 1330 sapiens
1942 1274 2061 1313 esse
2090 1273 2206 1312 ma~

620 1349 796 1418 gister
826 1349 975 1416 velit,
1028 1350 1297 1418 quomodo
1331 1365 1435 1403 non
1484 1364 1606 1403 eum
1653 1349 1892 1418 oportuit
1940 1362 2098 1402 voces
2144 1361 2206 1402 ac

615 1441 918 1494 sententias
951 1454 1230 1494 sacrarum
1265 1439 1592 1494 Litterarum
1639 1448 1898 1493 accurate
1927 1438 2202 1508 colligere,

614 1539 780 1599 atque
812 1533 1056 1600 cogitare
1084 1547 1214 1588 vere
1259 1545 1382 1587 esse
1417 1531 1524 1585 Deo
1572 1531 1790 1601 dignum
1841 1531 1945 1585 hoc
1989 1545 2203 1593 munus,

616 1635 671 1678 et
707 1641 812 1679 non
848 1626 1082 1681 alienqu
1115 1641 1144 1678 a
1173 1626 1386 1680 ratione
1409 1639 1528 1693 quae
1555 1625 1672 1692 ejus
1692 1622 2046 1676 exinanitioni
2075 1636 2204 1676 con-

615 1715 784 1779 venit,
813 1731 1042 1785 eamque
1075 1716 1268 1770 decet?
1300 1716 1351 1768 Id
1389 1731 1494 1784 qua
1523 1714 1732 1767 ratione
1766 1726 1952 1766 verum
1982 1713 2072 1777 sit,
2092 1712 2202 1782 jam

2308 531 2400 580 καί
2425 525 2504 592 εἷς
2531 547 2589 582 τε
2619 531 2750 593 Θεὸς
2785 533 2876 584 καὶ
2905 530 3190 602 ἄνθρωπος
3236 531 3264 580 ὁ
3303 527 3668 597 Ἐμμανουήλ.
3689 525 3827 576 Ἀλλ’
3859 525 3891 574 6

2306 623 2542 692 χρηστὸς
2567 624 2746 675 οὐτοσὶ
2775 626 2873 694 τῆς
2902 624 3213 693 οἰκονομίας
3240 623 3328 675 τὸν
3354 622 3549 692 τρόπον
3573 620 3646 682 ὼς
3674 617 3891 686 ἀκαλλῆ

2305 713 2764 783 παραιτούμενος,
2799 715 3064 784 ἀποφέρει
3087 715 3181 766 τοῦ
3213 714 3347 766 Θεοῦ
3377 713 3550 780 Λόγου
3577 711 3644 763 τὰ
3678 708 3894 778 ἀνθρώ-

2306 822 2455 869 πινα,
2488 805 2552 858 ἶν’
2583 804 2756 875 ὁρῷτο
2788 806 2972 859 λοιπὸν
3004 806 3126 858 κατ’
3149 805 3338 858 οὐδένα
3363 804 3563 873 τρόπον
3595 803 3793 871 ὀνήσας
3816 799 3896 850 τά

2305 895 2425 948 καθ’
2457 898 2623 966 ἡμᾶς.
2658 898 2730 950 υύ
2766 897 2874 967 γάρ
2899 897 2982 950 τοί
3023 913 3188 966 φησιν
3219 895 3380 949 αὐτὸν
3406 893 3672 963 ἐλεήμονα
3699 909 3758 944 τε
3789 891 3896 943 καὶ

2306 987 2493 1040 πιστὸν
2535 989 2796 1058 ἀρχιερέα
2822 989 3112 1056 γενέσθαι·
3145 986 3441 1058 προσνέμει
3478 984 3535 1037 δὲ
3577 983 3775 1053 μᾶλλον
3807 982 3896 1042 ὡς

2304 1078 2474 1147 ἑτέρῳ
2524 1079 2655 1149 παρ’
2687 1079 2846 1132 αὐτὸν
2894 1078 2954 1131 τὸ
3005 1081 3192 1148 χρῆμα
3233 1076 3310 1146 τῷ
3344 1073 3656 1128 πεπονθότι.
3693 1072 3898 1124 Καίτοι

2305 1168 2422 1232 πῶς
2451 1170 2552 1222 οὐκ
2585 1170 2691 1221 ἔδει
2725 1170 3083 1240 μυσταγωγὸν
3127 1164 3266 1222 εἶναι
3301 1165 3523 1220 θέλοντα
3555 1162 3737 1230 σοφὸς,
3773 1159 3895 1213 τῶν

2307 1260 2366 1311 ἐν
2412 1262 2477 1329 τῇ
2531 1259 2874 1330 θεοπνεύστῳ
2921 1262 3108 1330 Γραφῇ
3165 1259 3358 1328 φωνῶν
3403 1275 3461 1310 τε
3509 1257 3602 1310 καὶ
3665 1252 3896 1307 ἐννοιῶν

2304 1350 2510 1420 ἀκριϐῆ
2546 1352 2818 1404 ποιεῖσθαι
2857 1352 2953 1420 τὴν
2995 1352 3268 1421 ἄθροισινο
3313 1351 3512 1402 ἐννοεῖν
3551 1364 3634 1411 τε,
3662 1347 3744 1397 ὅτι
3790 1344 3898 1396 καὶ

2306 1440 2610 1510 θεοπρεπὲς
2643 1442 2860 1511 ἀληθῶς
2887 1443 2946 1495 τὸ
2980 1443 3170 1513 χρῆμά
3191 1445 3328 1505 ἐστι,
3349 1441 3442 1493 καὶ
3463 1440 3563 1492 οὐκ
3592 1438 3695 1500 ἔξω
3723 1436 3896 1502 λόγου

2303 1530 2399 1583 τοῦ
2439 1535 2504 1603 τῇ
2533 1532 2756 1586 κενώσει
2780 1534 3078 1604 πρέποντός
3111 1552 3168 1587 τε
3198 1535 3290 1586 καὶ
3319 1533 3595 1596 ἐοικότος;
3633 1527 3743 1581 Καὶ
3763 1527 3896 1578 τίνα

2304 1623 2504 1692 τρόπον
2551 1624 2784 1694 ἐροῦμεν
2833 1625 3294 1696 βραχυλογοῦντες
3345 1625 3420 1686 ὼς
3465 1624 3565 1677 ἔνι.
3593 1624 3897 1690 Κατεχρη-

2309 1715 2560 1785 σμῲδησε
2594 1716 2693 1786 μὲν
2717 1717 2825 1787 γάρ
2845 1717 2918 1779 ὼς
2949 1720 2977 1770 6
3007 1717 3112 1769 τῶν
3141 1716 3276 1768 ὅλων
3305 1716 3436 1777 Θεὸς
3464 1717 3575 1776 τοῖς
3597 1712 3897 1782 ἀρχαιοτέ-

614 1806 857 1860 dicemus
901 1821 1062 1875 quam
1114 1806 1453 1860 brevissime.
1502 1803 1636 1858 Nam
1689 1803 1779 1858 ille
1824 1806 2199 1857 universorum

2312 1822 2422 1876 ροις
2452 1807 2540 1859 τὸν
2573 1808 2756 1878 νόμον,
2793 1808 3217 1879 μεσολαϐοῦντος
3247 1807 3507 1868 Μωσέως.
3527 1804 3663 1856 Ἀλλ’
3694 1803 3795 1855 οὐκ
3818 1798 3897 1871 ἦν

619 1895 759 1948 Deus
790 1895 984 1964 priscis
1008 1895 1114 1950 illis
1143 1897 1458 1951 hominibus
1480 1897 1651 1964 legem
1681 1895 1868 1957 edidit,
1906 1896 2202 1961 interprete

615 1984 798 2053 Mose;
833 1987 926 2040 sed
954 2003 1057 2040 non
1085 1996 1203 2041 erat
1235 2002 1297 2041 ea
1327 1987 1406 2041 vis
1436 1985 1589 2053 legis,
1613 1994 1668 2037 ut
1697 1985 1786 2054 qui
1818 1983 2012 2038 vellent
2038 1984 2200 2038 etiam

616 2085 837 2142 possent
880 2074 1088 2144 integre
1120 2074 1264 2143 quod
1300 2075 1496 2127 bonum
1525 2082 1606 2126 est
1635 2073 1894 2142 perlicere
1944 2089 1958 2126 :
2001 2090 2020 2122 ι
2058 2071 2201 2126 Nihil

617 2165 760 2217 enim
790 2165 856 2217 ad
892 2165 1185 2232 perfectum
1221 2165 1444 2218 adduxit
1467 2163 1616 2215 "-".
1653 2182 1671 2214 ι
1705 2164 1812 2217 Sed
1840 2177 2013 2232 neque
2047 2165 2201 2232 culpa

618 2251 830 2306 vacavit
868 2253 996 2305 illud
1046 2253 1196 2322 prius
1241 2262 1621 2307 testamentum
1675 2271 1688 2306 :
1751 2254 2199 2307 ministrationem

616 2356 835 2412 quoque
867 2341 1236 2397 damnationis
1267 2342 1499 2411 appellat
1530 2358 1647 2397 eam
1679 2343 1866 2398 beatus
1905 2343 2198 2410 Paulus“;

616 2432 862 2485 eumdem
899 2433 1059 2486 audio
1105 2433 1287 2487 dicere
1321 2452 1333 2486 :
1374 2452 1391 2484 ‹
1430 2434 1646 2488 Scimus
1679 2435 1821 2503 quod
1865 2449 2202 2503 quaecunque

617 2525 700 2578 lex
732 2526 990 2594 loquitur,
1027 2525 1110 2578 his
1145 2527 1234 2593 qui
1269 2525 1321 2578 itt
1353 2526 1466 2596 lege
1499 2536 1626 2580 sunt
1651 2528 1911 2596 loquitur,
1949 2538 2008 2581 ut
2040 2542 2203 2583 omne

616 2629 680 2669 os
702 2617 1041 2680 obstruatur,
1072 2625 1126 2669 et
1155 2616 1402 2670 subditus
1433 2618 1522 2670 liat
1559 2619 1737 2671 oumis
1779 2619 2014 2673 mundus
2046 2619 2154 2673 Deo
2184 2637 2198 2674 :

621 2707 874 2776 quoniam
901 2721 966 2759 ex
988 2706 1242 2774 operibus
1263 2705 1398 2774 legis
1418 2720 1523 2760 non
1538 2706 1866 2776 juStiﬁcatur
1882 2711 2056 2764 omnis
2075 2724 2203 2765 caro

627 2813 814 2852 coram
849 2797 1039 2862 illo";
1073 2816 1091 2848 ι
1128 2799 1212 2852 lex
1247 2802 1388 2852 enim
1425 2799 1558 2853 iram
1579 2801 1916 2868 operatur",
1945 2810 1998 2856 et
2021 2801 2200 2856 littera

617 2890 816 2945 occidit
851 2908 866 2944 :
899 2898 956 2944 et
990 2897 1050 2942 ut
1093 2889 1291 2944 alicubi
1325 2890 1456 2944 dicit
1497 2891 1638 2944 idem
1667 2891 1709 2922 "
1739 2909 1751 2944 :
1790 2909 1808 2942 ι
1840 2891 2051 2946 irritam
2081 2893 2203 2960 quis

620 2982 824 3036 faciens
845 2982 1018 3051 legem
1044 2980 1199 3049 Mosi,
1224 2981 1343 3036 sine
1371 2981 1476 3035 ulla
1501 2982 1852 3036 miseratione
1880 2984 2087 3037 duobus
2113 2983 2201 3038 vel

621 3076 792 3130 tribus
822 3075 1055 3130 testibus
1086 3078 1310 3128 moritur
1334 3075 1400 3126 ³⁸.
1433 3091 1451 3124 ι
1484 3072 1617 3127 Cum
1647 3087 1777 3143 ergo
1808 3074 1894 3128 lex
1921 3074 2202 3128 damnaret

619 3176 932 3236 peccantes,
967 3173 1021 3219 et
1054 3175 1354 3220 extremum
1390 3178 1774 3233 nonnunquam
1805 3164 2127 3235 supplicium
2152 3166 2204 3218 in

619 3268 1032 3313 contenmentes
1051 3257 1386 3318 decerneret,
1411 3265 1465 3310 et
1485 3254 1630 3309 nullo
1656 3255 1814 3309 modo
1833 3258 2202 3319 miseraretur,

619 3349 890 3420 quomodo
930 3363 1040 3402 non
1075 3356 1193 3402 erat
1239 3349 1541 3402 necessaria
1588 3348 1899 3402 hominibus
1950 3347 2002 3399 itt
2047 3348 2204 3403 terris

619 3439 903 3509 agentibus
948 3437 1037 3492 illa
1086 3437 1371 3492 clementis
1418 3447 1473 3492 et
1520 3437 1888 3492 misericordis
1933 3438 2204 3506 pontiﬁcis

619 3530 940 3596 declaratio,
979 3529 1072 3597 qui
1116 3529 1403 3584 maledicto
1447 3530 1605 3583 linem
1639 3530 1961 3597 imponeret,
2011 3531 2204 3598 praci—

618 3621 879 3689 deretque
915 3620 1228 3682 vindictam,
1279 3631 1330 3673 et
1376 3635 1468 3673 eos
1517 3620 1606 3688 qui
1659 3629 2032 3689 peccaverant,
2090 3620 2205 3675 cle-

619 3712 785 3764 menti
831 3709 1047 3778 gratia,
1098 3708 1442 3776 benigneque
1517 3719 1647 3762 nutu
1696 3709 1992 3762 liberaret?
2038 3727 2056 3760 ‹
2095 3709 2206 3779 Ego

618 3801 790 3864 enim,
818 3799 1013 3868 inquit,
1041 3814 1157 3852 sum
1184 3799 1274 3866 qui
1309 3801 1459 3852 deleo
1491 3800 1806 3866 iniquitates
1837 3809 1974 3862 tuas,
2010 3809 2065 3852 et
2097 3815 2202 3853 non

621 3891 946 3945 recordabor
976 3888 1041 3940 “.
1095 3887 1393 3956 Justiiicati:
1429 3903 1660 3957 namque
1707 3902 1892 3941 sumus
1942 3888 2065 3954 ﬁde,
2098 3903 2203 3943 nou

618 3997 684 4036 ex
720 3981 974 4049 operibus
1005 3978 1154 4047 legis,
1178 3977 1296 4049 74
1329 3989 1384 4032 ιιι
1412 3979 1671 4048 scriptum
1707 3979 1876 4033 est”.
1908 3997 1926 4030 ι
1956 3979 2014 4033 In
2041 3994 2200 4049 quem

617 4074 781 4144 igitur
824 4073 1109 4127 credentes
1153 4071 1556 4137 justiticamur?
1603 4085 1784 4126 nonne
1831 4072 1884 4125 in
1933 4087 2056 4125 eum
2111 4073 2204 4140 qui

619 4173 836 4235 propter
871 4180 968 4236 nos
1000 4173 1230 4217 mortem
1277 4164 1571 4217 secundum
1605 4178 1823 4217 carnem
1856 4178 2047 4231 passus
2077 4164 2206 4218 est?

620 4271 726 4310 nou
761 4257 810 4308 in
841 4271 1005 4309 unum
1046 4255 1329 4309 Dominum
1359 4251 1541 4308 Jcsum
1584 4253 1900 4307 Christum?
1926 4269 2032 4306 non
2061 4269 2206 4308 mor-

620 4356 728 4400 tem
768 4348 884 4414 ejus
913 4348 1320 4406 annuntiantes,
1355 4353 1410 4398 et
1445 4343 1908 4399 resurrectionem
1940 4344 2206 4399 confiten-

619 4449 699 4492 tes
723 4439 988 4507 redempti
1032 4437 1258 4492 sumus?
1291 4438 1346 4490 Si
1385 4437 1546 4505 igitur
1583 4435 1634 4489 in
1669 4436 1937 4490 hominem
1975 4452 2140 4490 unum
2173 4451 2204 4490 e

619 4531 773 4584 nobis
813 4531 1158 4593 credidimus,
1200 4543 1262 4582 ac
1297 4545 1401 4581 non
1433 4529 1608 4597 potius
1648 4529 1698 4580 iu
1746 4528 1935 4591 Deum,
1965 4529 2202 4582 hominis

618 4622 864 4676 adoratio
893 4623 998 4676 erit
1033 4637 1094 4675 ea
1140 4635 1225 4674 res
1269 4621 1384 4673 sine
1421 4619 1605 4682 dubio,
1636 4630 1689 4672 et
1727 4618 1858 4670 nihil
1901 4619 2066 4673 aliud.
2100 4620 2198 4673 Sin

623 4713 770 4767 illum
805 4729 968 4768 carne
997 4729 1216 4782 passum
1255 4712 1422 4764 Deum
1453 4725 1570 4764 esse
1597 4709 1883 4772 credimus,
1914 4712 2002 4778 qui
2039 4713 2202 4766 etiam

622 4816 807 4858 noster
837 4806 1092 4860 sacerdos
1125 4804 1196 4858 sit
1225 4803 1420 4864 factus,
1456 4801 1603 4854 nullo
1636 4802 1795 4853 modo
1819 4803 1868 4853 in
1895 4817 2084 4856 errore
2110 4818 2202 4857 su-

623 4913 764 4962 mus,
796 4898 889 4952 sed
938 4898 1113 4964 ipsum
1158 4912 1222 4949 ex
1269 4895 1379 4947 Deo
1415 4893 1648 4946 Verbum
1687 4893 1958 4947 hominem
1999 4892 2198 4947 factum

624 4991 967 5061 agnoscimus
993 5007 1008 5042 :
1036 4991 1224 5054 sicque
1254 5002 1282 5040 a
1313 4985 1466 5065 nobis
1499 4985 1631 5038 lides
1667 4985 1718 5038 iu
1757 4985 1921 5038 Deum
1951 4985 2203 5049 exigitur,

621 5084 711 5152 qui
759 5097 857 5136 nos
890 5099 915 5134 a
964 5081 1202 5135 vindicta
1239 5079 1451 5142 eximit,
1498 5087 1553 5131 et
1605 5088 1946 5146 peccatorum
1999 5077 2206 5145 laqueis

691 5259 816 5299 ἰ-ἰ
854 5258 1016 5311 llebr.
1044 5272 1139 5320 vn,
1193 5256 1276 5310 t9.
1357 5255 1403 5285 ’°
1435 5255 1471 5307 ll
1502 5254 1628 5306 Cor.
1654 5270 1713 5307 ιιι
1740 5294 1754 5316 ,
1799 5253 1852 5305 7.

622 5346 685 5395 x,
707 5330 797 5384 28.
873 5328 914 5359 ³¹
950 5328 1050 5381 lsa.
1081 5343 1233 5392 me,
1256 5325 1347 5380 25.
1428 5326 1470 5356 ³³
1503 5324 1676 5380 Galat.
1704 5340 1762 5386 ιι,
1795 5325 1878 5376 16.

2309 1897 2366 1947 ἐν
2395 1897 2545 1966 νόμῳ
2573 1897 2634 1949 τὸ
2665 1897 2920 1950 δύνασθαι
2950 1897 3248 1968 κατορθοῦν
3274 1900 3385 1960 τοῖς
3427 1895 3701 1949 ἐθέλουσιν
3730 1895 3897 1963 ἀμω-

2311 1988 2496 2056 μήτως
2517 1988 2577 2040 τὸ
2598 1989 2800 2056 ἀγαθόν
2819 2006 2831 2018 °
2864 2008 2880 2039 ι
2895 1989 3223 2042 Τετελείωκε
3242 1988 3350 2058 γὰρ
3371 1987 3576 2040 οὐδέν.»
3600 1985 3739 2037 Ἀλλ’
3764 1984 3899 2036 οὐδὲ

2310 2076 2599 2144 ἄμεμπτος
2621 2073 2687 2145 ἦν
2704 2082 2735 2146 ὴ
2768 2077 2956 2148 πρώτη
2993 2079 3245 2148 διαθήκη.
3267 2077 3602 2147 Κατάκριμα
3632 2077 3686 2127 δὲ
3708 2077 3900 2128 διακο-

2309 2165 2428 2228 νίας
2455 2165 2589 2234 (20“)
2607 2167 2888 2237 ὠνόμαζεν
2907 2168 3076 2238 αὐτὴν
3092 2171 3119 2221 6
3141 2170 3415 2236 πάνσοφος
3438 2165 3677 2228 Παῦλος·
3705 2165 3899 2218 ἀκούω

2308 2253 2363 2304 δὲ
2390 2254 2638 2320 λέγοντος
2659 2274 2670 2286 ι
2714 2275 2729 2305 ι
2762 2257 2996 2326 Οἴδαμεν
3031 2258 3112 2309 ὅτι
3143 2259 3283 2310 ὅσαό
3305 2258 3468 2326 νόμος
3492 2257 3662 2323 λέγει,
3688 2257 3801 2316 τοῖς
3833 2257 3900 2307 ἐν

2307 2343 2385 2414 τῷ
2415 2345 2563 2414 νόμῳ
2593 2345 2758 2412 λέγει,
2794 2346 2877 2397 ἵνα
2907 2348 3012 2398 πᾶν
3054 2349 3225 2416 στόμα
3257 2349 3463 2416 φραγῇ,
3499 2346 3593 2398 καὶ
3637 2345 3900 2408 ὑπόδικος

2309 2433 2530 2501 γένηται
2559 2435 2665 2494 πᾶς
2693 2435 2721 2484 6
2751 2435 2950 2503 κόσμος
2977 2435 3055 2503 τῷ
3081 2435 3199 2503 Θεῷ
3219 2452 3231 2464 ·
3257 2436 3391 2488 διότι
3421 2435 3478 2500 ἐξ
3514 2435 3689 2504 ἔργων
3720 2434 3898 2503 νόμου

2309 2519 2370 2575 οὐ
2399 2522 2817 2593 δικαιωθήσεται
2835 2526 2982 2576 πᾶσα
3002 2525 3140 2595 σάρξ
3168 2525 3399 2578 ἐνώπιον
3417 2525 3603 2578 αὐτοῦ.
3631 2544 3647 2574 ι
3671 2525 3900 2594 Κατερ-

2309 2617 2532 2685 γάζεται
2566 2618 2674 2687 γάρ
2708 2621 2735 2671 6
2767 2619 2929 2687 νόμος
2958 2620 3036 2682 εἰς
3057 2619 3244 2689 ὀργὴν,
3278 2618 3370 2670 xui.
3399 2617 3460 2670 τὸ
3487 2616 3720 2686 γράμμα
3749 2618 3898 2666 ἀπο-

2310 2712 2526 2763 κτείνει·
2549 2711 2641 2763 xui.
2662 2710 2736 2774 ὣς
2754 2712 2854 2764 πού
2870 2729 3030 2782 φησιν
3055 2712 3234 2773 αὐτός’
3265 2730 3282 2761 ι
3316 2710 3608 2777 Ἀθετήσας
3624 2725 3704 2769 τις
3727 2709 3900 2776 νόμον

2309 2803 2571 2866 Μωσέως,
2601 2803 2770 2872 χωρὶς
2803 2804 3122 2876 οἰκτιρμῶν.
3161 2803 3255 2855 ἐπὶ
3285 2802 3436 2854 δυσὶν
3474 2801 3504 2868 ἢ
3535 2800 3714 2870 τρισὶν
3750 2801 3888 2869 μάρ-

2311 2912 2462 2947 τυσιν
2495 2894 2846 2964 ἀποθνήσκει.
2878 2915 2895 2947 ι
2931 2896 3364 2967 Κατακρίνοντος
3390 2896 3569 2948 τοίνυν
3601 2893 3695 2946 τοῦ
3723 2893 3899 2961 νόμου

2309 2986 2438 3047 τούς
2465 2986 2899 3055 ἁμαρτάνοντας,
2928 2988 3021 3039 καὶ
3047 2987 3146 3056 τήν
3176 2986 3412 3056 ἐσχάτην
3439 2985 3552 3037 ἐσθ’
3577 2986 3664 3038 ὅτε
3695 2985 3899 3054 ποινὴν

2311 3072 2689 3143 καθορίξοντος
2716 3073 2823 3125 τῶν
2853 3076 3225 3145 ήμεληκότων,
3262 3075 3356 3128 καὶ
3395 3075 3513 3127 κατ’
3545 3074 3733 3128 οὐδένα
3768 3075 3901 3144 τρό-

2313 3179 2414 3213 πον
2445 3161 2830 3229 οἰκτείραντος,
2863 3163 2978 3225 πῶς
3001 3165 3099 3214 οὐκ
3119 3164 3391 3231 ἀναγκαία
3413 3165 3526 3225 τοῖς
3554 3163 3645 3216 ἐπὶ
3664 3162 3763 3232 τῆς
3785 3163 3901 3232 γῆς

2311 3256 2344 3324 ή
2368 3254 2459 3305 τοῦ
2480 3256 2914 3324 φιλοικτίρμονος
2934 3255 3028 3307 καὶ
3050 3254 3337 3324 ἐλεήμονος
3361 3253 3574 3324 ἀληθῶς
3591 3254 3902 3324 ἀρχιερέως

2314 3345 2585 3410 ἀνάδειξις
2629 3342 2733 3414 ἦν;
2765 3346 3032 3406 παύοντος
3079 3346 3178 3414 μὲν
3209 3346 3307 3415 τὴν
3343 3346 3515 3414 ἀράν
3552 3346 3899 3398 ἀνακόπτον-

2310 3453 2402 3498 τος
2427 3436 2482 3488 δὲ
2510 3439 2605 3505 τὴν
2637 3437 2792 3506 δίκην
2814 3453 2826 3466 ·
2865 3438 2955 3488 καὶ
2994 3437 3427 3498 ἁπαλλάττοντος
3472 3438 3596 3499 τοὺς
3643 3439 3904 3508 ήμαρτη-

2312 3527 2495 3590 κότας,
2530 3526 2890 3595 ἀμνησικάκῳ
2921 3526 3121 3595 χάριτι,
3165 3525 3258 3578 καὶ
3289 3527 3400 3588 τοῖς
3447 3525 3505 3590 ἐξ
3553 3528 3903 3597 ἡμερότητος

2312 3617 2602 3686 νεύμασινς
2648 3636 2665 3668 ι
2690 3616 2831 3684 Ἐγὼ
2880 3619 3009 3688 γάρ,
3045 3618 3231 3687 φησιν,
3263 3619 3380 3687 είμὶ
3411 3620 3438 3670 6
3465 3617 3758 3686 ἐξαλείφων
3793 3619 3902 3682 τὰς

2313 3710 2542 3779 ἀνομίας
2594 3727 2708 3772 σου,
2756 3713 2850 3763 καὶ
2917 3714 2976 3763 οὐ
3028 3713 3100 3782 μὴ
3151 3712 3549 3782 μνησθήσομαι.
3602 3713 3904 3764 Δεδικαιώ-

2319 3799 2458 3868 μεθα
2479 3799 2584 3867 γὰρ
2609 3802 2666 3851 ἐν
2690 3801 2871 3854 πίστει
2904 3802 2996 3853 καὶ
3017 3802 3115 3853 οὐκ
3137 3800 3198 3864 ἐξ
3215 3801 3390 3871 ἔργων
3413 3801 3601 3871 νόμου,
3625 3821 3641 3851 ι
3671 3801 3810 3854 κατά
3832 3803 3903 3854 τὸ

2312 3907 2471 3960 γεγρε
2494 3893 2719 3962 μμένον.
2772 3894 2866 3955 Εἰς
2903 3895 3024 3946 τίνα
3059 3894 3120 3962 δὴ
3155 3890 3245 3945 οὖν
3278 3892 3626 3956 πιστεύοντες
3657 3893 3905 3946 δικαιου-

2316 3983 2490 4052 μεθα;
2519 3985 2617 4036 οὐκ
2649 3987 2725 4048 εἰς
2756 3985 2845 4037 τὸν
2877 3984 3114 4037 παθόντα
3144 3984 3208 4036 δι’
3241 3986 3387 4054 ἡμᾶς
3422 3985 3511 4036 τὸν
3540 3985 3679 4037 κατὰ
3711 3985 3901 4055 σάρκα

2314 4075 2571 4141 θάνατον;
2602 4078 2701 4128 οὐκ
2734 4079 2812 4140 είς
2837 4078 2934 4129 ἕνα
2960 4079 3162 4147 Κύριον
3197 4077 3403 4146 Ἰησοῦν
3431 4076 3691 4147 Χριστόνς
3715 4077 3774 4128 οὐ
3799 4078 3902 4131 τὸν

2314 4167 2542 4220 θάνατον
2564 4169 2728 4220 αὐτοῦ
2755 4169 3235 4235 καταγγέλλοντες,
3266 4170 3358 4221 καὶ
3383 4168 3765 4237 ὁμολογοῦντες
3790 4169 3900 4238 τὴν

2312 4260 2606 4312 ἀνάστασιν
2641 4259 3054 4330 λελυτρώμεθα;
3089 4261 3150 4311 Ei
3202 4260 3299 4328 μὲν
3346 4255 3439 4311 οὖν
3486 4260 3563 4321 είς
3603 4259 3900 4326 ἄνθρωπον

2312 4349 2419 4402 τῷν
2453 4350 2573 4402 καθ’
2595 4353 2743 4420 ἡμᾶς
2774 4351 2870 4404 ἕνα
2894 4349 3358 4419 πεπιστεύκαμεν,
3394 4349 3486 4402 καὶ
3519 4351 3638 4418 οὐχὶ
3666 4349 3727 4418 δὴ
3759 4350 3902 4417 μᾶλ-

2236 4480 2284 4538 D
2313 4441 2403 4494 λον
2432 4445 2510 4505 εἰς
2540 4444 2691 4509 Θεὸν,
2731 4443 3208 4513 ἀνθρωπολατρεία
3243 4443 3303 4494 τὸ
3335 4442 3545 4512 χρῆμα,
3584 4442 3677 4494 καὶ
3703 4441 3899 4510 ἕτερον

2309 4533 2461 4586 οὐδὲν
2495 4532 2958 4603 ὁμολογουμένως.
2983 4534 3045 4585 Εί
3073 4533 3128 4585 δέ
3151 4532 3281 4584 Θεὸν
3309 4528 3448 4584 εἷναι
3472 4531 3563 4583 τὸν
3584 4530 3899 4584 πεπονθότα

2313 4625 2478 4694 σαρκὶ
2513 4625 2860 4694 πιστεύομεν,
2892 4626 2948 4686 ὃς
2982 4626 3076 4677 xui.
3114 4625 3332 4692 γέγονεν
3373 4621 3529 4692 ήμῶν
3559 4622 3850 4692 ἀρχιερεύς
3876 4641 3893 4652 ο

2313 4715 2704 4785 πεπλανήμεθα
2738 4716 2834 4783 μὲν
2867 4716 2986 4768 κατ’
3017 4715 3207 4768 οὐδένα
3241 4715 3437 4784 τρόπον
3459 4730 3472 4744 ·
3510 4712 3793 4782 ἄνθρωπον
3833 4713 3897 4764 δὲ

2311 4805 2574 4873 γεγονότα
2606 4806 2696 4858 τὸν
2737 4807 2800 4858 ἐκ
2837 4805 2972 4856 Θεοῦ
3007 4805 3178 4870 Λόγον
3211 4802 3672 4870 ἐπιγινώσκομεν·
3713 4802 3898 4871 πράτ-

2312 4913 2460 4948 τεται
2491 4896 2544 4947 δὲ
2570 4896 2708 4947 οὕτω
2747 4896 2883 4965 πρὸς
2915 4894 3070 4964 ἡμῶν
3101 4896 3133 4961 ἡ
3165 4893 3349 4955 πίστις
3378 4894 3457 4952 εἰς
3487 4891 3638 4954 Θεὸν,
3672 4891 3760 4942 τὸν
3784 4889 3898 4954 ἔξω

2308 4989 2524 5040 τιθέντα
2582 4989 2777 5057 δίκης,
2833 4988 2926 5040 καὶ
2975 4985 3259 5056 ἁμαρτιῶν
3309 4983 3717 5037 ἀπαλλάττοντα
3762 4983 3896 5044 τούς

2310 5079 2594 5142 ἐναλόντας
2619 5080 2828 5142 αὐταῖς.
2860 5099 2876 5130 ι
2901 5080 3050 5147 Ἔχει
3084 5089 3192 5148 γαρ
3222 5078 3468 5142 ἐξουσίαν
3495 5079 3523 5129 6
3547 5076 3659 5138 υἱὸς
3685 5074 3776 5127 τοῦ
3797 5077 3895 5128 ἀθ-

1929 5255 1971 5285 ¹⁷
2006 5254 2160 5309 Rom.
2190 5272 2202 5309 l

2327 5257 2406 5318 l9,
2448 5257 2538 5309 9.0.
2616 5257 2661 5287 ’⁸
2685 5256 2840 5310 Rom.
2868 5272 2940 5324 tv,
2972 5257 3054 5309 l5.
3133 5255 3236 5321 ",ll
3259 5257 3385 5310 Cor.
3413 5272 3490 5317 ιιι,
3516 5253 3568 5307 6.
3648 5254 3691 5284 ³⁰
3729 5252 3867 5308 lleb.

1896 5476 2055 5530 ANT.
2100 5474 2369 5528 ACELLH
2411 5472 2638 5529 ΝΟΤᾸΞ.

695 5646 828 5715 (20‘)
858 5646 1080 5698 Videtur
1109 5644 1286 5711 lapsus
1315 5642 1529 5706 notarii,
1555 5657 1674 5696 cum
1704 5638 1875 5693 Graeci
1903 5638 2056 5692 codd.
2105 5634 2202 5691 Net

2308 5635 2601 5690 'Cstamenti
2648 5635 2902 5700 habeant,
2944 5636 3187 5690 διακονία
3231 5639 3635 5710 κατακρίσεως,
3674 5649 3725 5695 et
3759 5640 3892 5698 item

626 5717 810 5771 Latina
839 5717 1002 5771 editio
1039 5715 1270 5783 vulgata.
