4028 6432
663 341 762 392 1πῆ
1510 383 1513 387 ,
1695 333 1750 386 S.
1795 329 2068 384 (IVRILLI
2111 326 2574 382 ALEXANDRLVI
2617 325 2933 378 AHCIIIEP.
3827 326 3937 376 15ίῖ»

661 456 924 526 suscepit,
957 469 1061 510 non
1091 455 1180 511 ille
1227 456 1318 524 qui
1370 454 1542 508 dixit:
1590 473 1607 504 ‹
1649 453 1748 519 Qui
1781 453 1912 505 vidit
1963 467 2068 512 me,
2097 451 2232 503 vidit

2343 449 2690 515 ἀδελφότητα,
2709 447 2803 516 οὐχ
2825 447 2851 497 6
2869 443 3044 511 λέγων
3067 463 3079 476 ⁶
3121 446 3176 496 ’0
3194 445 3447 514 ἑωρακὼς
3469 447 3582 514 εμὲ,
3606 445 3813 516 ἑώρακε
3834 447 3934 496 τὸν

660 561 713 603 ct
738 550 950 603 Palrem
983 549 1049 602 “.
1079 568 1096 600 ι
1135 547 1333 601 Missus
1364 557 1445 600 est
1475 555 1654 599 autem
1690 544 1775 597 ille
1811 544 1963 597 nobis
2001 544 2235 594 consub-

2340 539 2579 608 Πατέρα.
2617 559 2632 588 ι
2716 537 3016 607 ’Ᾱπεστόιλη
3070 537 3124 588 δὲ
3179 541 3204 589 6
3259 539 3387 606 ἡμῖν
3455 537 3772 605 ὀμοούσιος,
3833 540 3931 588 καὶ

661 640 964 703 stautialis,
1015 650 1068 694 et
1095 649 1287 693 mtctus
1327 647 1407 691 cst
1438 636 1744 704 praedicans
1777 634 2007 704 captivis
2047 632 2234 686 remis-

2340 632 2618 698 κέχρισται
2648 628 2933 699 κηρύττων
2951 627 3316 696 αἰχμαλώτοις
3340 629 3554 696 ἄφεσιν,
3583 631 3676 682 καὶ
3701 629 3931 696 τυφλοῖς

661 731 865 785 sionem
902 738 956 784 et
1002 729 1159 783 catcis
1208 726 1449 780 visunt“
1498 743 1515 776 ι
1557 726 1791 794 Spiritus
1833 725 1976 777 enim
2024 723 2234 777 Domini

2339 719 2652 787 ἀνάϐλεψιν.
2692 737 2708 768 ι
2733 717 2958 787 Πνεῦμα
2994 718 3100 789 γὰρ
3129 717 3336 787 Κυρίου
3367 719 3453 771 ἐπ’
3490 720 3610 787 ἐμὲ,
3650 712 3715 771 οὗ
3735 719 3930 770 ἕνεκεν

661 835 822 890 super
861 836 944 874 me
967 859 980 884 ,
1013 829 1234 888 propter
1263 820 1404 888 quod
1447 818 1600 870 unxit
1631 830 1735 870 me.
1771 813 1818 885 ι]

1162 833 1234 873 Ler
1263 820 1404 888 quod
1447 818 1600 870 unxit
1631 830 1735 870 me.
1771 813 1818 885 ι]
2339 808 2521 877 ἐχρισέ
2567 825 2652 877 με.
2690 827 2706 858 t
2740 808 2753 879 j

1319 953 1474 1009 CAP.
1519 951 1606 1004 111.

2944 945 3192 997 ΚΕΦΑΛ.
3244 945 3315 998 Γ’.

739 1088 941 1142 Dividit
975 1102 1105 1158 ergo
1135 1101 1347 1141 rursum
1384 1085 1435 1140 in
1472 1086 1623 1146 duos,
1655 1093 1710 1137 ut
1737 1084 2080 1154 perspicuum
2112 1091 2231 1135 est:

2409 1076 2640 1147 Διορίζει
2669 1072 2761 1130 οὖν
2794 1079 2872 1139 εἰς
2917 1077 3010 1130 δύο
3048 1077 3111 1148 δὴ
3155 1079 3336 1142 πάλιν,
3384 1079 3479 1132 καὶ
3518 1080 3661 1150 μάλα
3694 1083 3888 1148 σαφῶς
3913 1100 3925 1112 ·

663 1180 808 1250 atqui
845 1180 1114 1247 quomodo
1165 1193 1272 1233 non
1313 1177 1656 1232 convinceris
1694 1175 1944 1229 animalis
1997 1187 2138 1236 esse,
2185 1180 2239 1226 et

2339 1162 2456 1218 εἶτα
2512 1167 2628 1229 πῶς
2663 1168 2762 1220 ούκ
2809 1168 3092 1239 ὲλήλεγξαι
3131 1169 3361 1239 ψυχικὸς
3403 1171 3492 1223 καὶ
3561 1172 3778 1241 πνεῦμα
3849 1176 3929 1242 μὴ

662 1272 909 1341 spiritum
955 1286 1060 1323 non
1091 1270 1313 1331 habere,
1358 1278 1418 1322 ut
1473 1269 1549 1322 ait
1599 1267 1688 1321 ille
1723 1265 2024 1320 Salvatoris
2065 1263 2235 1319 nostri

2339 1256 2497 1326 ἔχων,
2545 1259 2690 1311 καθὰ
2735 1275 2867 1327 φησι
2921 1259 3014 1312 τοῦ
3051 1260 3304 1330 Σωτῆρος
3348 1261 3376 1312 6
3432 1261 3714 1332 μαθητήςς
3780 1264 3930 1315 Ἀλλ’

663 1360 995 1429 discipulus?
1036 1358 1140 1414 Sed
1180 1362 1258 1413 vis
1282 1371 1433 1413 certe
1465 1359 1578 1426 ipsa
1611 1357 1856 1411 veritatis
1892 1356 1997 1408 tuis
2035 1353 2235 1414 verbis,

2339 1347 2431 1414 ἦτε
2465 1346 2474 1416 Ι
2506 1348 2589 1400 lor.
2629 1349 2661 1418 ἥ
2704 1348 2808 1420 γε]
2841 1351 2937 1419 τῆς
2969 1351 3226 1420 ἀληθείας
3269 1352 3496 1422 δύναμις
3533 1357 3642 1416 τοῖς
3690 1357 3825 1419 σοῖς,
3883 1350 3930 1408 ὦ

659 1455 808 1522 oqni
844 1454 912 1505 ita
971 1452 1162 1514 sentis,
1216 1458 1501 1518 repugnat.
1550 1446 1660 1502 Nos
1716 1448 1857 1500 enim
1908 1446 2238 1500 aﬂirmamus

2340 1429 2511 1498 οὗτος,
2542 1438 2883 1501 ἀντιτάξεται
2910 1439 3104 1507 λόγοις.
3136 1440 3589 1510 Διῖσχυριξόμεθα
3622 1444 3727 1513 γὰρ
3757 1445 3931 1496 αὐτὸν

666 1546 839 1612 ipsum
871 1559 936 1597 ex
971 1542 1082 1597 Deo
1114 1543 1274 1596 Patre
1321 1540 1555 1594 Verbum
1584 1538 2006 1606 apprehendisse
2051 1550 2234 1589 senteu

2339 1529 2429 1580 τὸν
2464 1531 2526 1581 ὲκ
2561 1529 2694 1581 Θεοῦ
2739 1530 2950 1600 Πατρὸς
2995 1532 3166 1598 Λόγον
3211 1533 3562 1586 ἐπιλαϐέσθαι
3607 1537 3930 1604 σπέρματος

662 1636 958 1696 Abraham,
993 1644 1045 1687 et
1074 1648 1227 1686 suum
1279 1630 1473 1684 fecisse
1518 1645 1718 1698 corpus
1747 1629 1928 1682 anima
1977 1625 2234 1681 rationali

2351 1620 2619 1690 Ἀϐραὰμ,
2669 1622 2761 1673 καὶ
2813 1623 2940 1674 ῐδιον
2983 1622 3310 1692 ποιήσασθαι
3361 1623 3519 1694 σῶμα
3561 1627 3738 1694 ψυχὴν
3784 1626 3931 1694 ἔχων

663 1727 967 1796 praeditum,
1003 1727 1153 1790 illud,
1191 1724 1442 1792 inquam,
1472 1735 1537 1774 ex
1580 1731 1762 1774 sancta
1819 1718 2036 1789 Virgine
2086 1731 2235 1773 sum-

2339 1711 2460 1783 [ῖσ.
2499 1712 2654 1784 ἔχον]
2705 1713 2802 1784 τὴν
2839 1713 3084 1784 λογικὴν,
3130 1716 3188 1768 τὺ
3218 1718 3281 1768 ἐκ
3311 1718 3408 1786 τῆς
3436 1717 3594 1783 ἁγίας
3640 1718 3929 1788 Παρθένου

661 1791 811 1881 ptum
853 1830 864 1866 :
901 1815 1080 1880 itaque
1113 1825 1208 1880 per
1245 1791 1426 1864 veram
1455 1809 1708 1862 unionem
1737 1823 1903 1861 unum
1952 1808 2234 1860 eumdem-

2340 1805 2537 1871 ληφθὲν
2568 1806 2746 1873 σῶμα.
2788 1807 2897 1859 Καὶ
2923 1807 2984 1875 δὴ
3025 1807 3147 1858 καθ’
3177 1808 3369 1861 ἕνωσιν
3392 1809 3588 1880 ἀληθῆ,
3620 1811 3714 1862 ἕνα
3741 1827 3803 1862 τε
3831 1813 3931 1862 καὶ

660 1917 764 1973 que
791 1904 1018 1956 dicimus
1049 1916 1171 1956 esse
1203 1902 1353 1954 illum
1397 1901 1510 1955 heri
1540 1911 1594 1954 et
1618 1900 1780 1955 hodie
1833 1907 1889 1953 et
1925 1899 1977 1951 in
2009 1897 2230 1962 saecula,

2340 1894 2427 1946 τὸν
2468 1896 2632 1947 αὑτὸν
2665 1892 2803 1949 εἶναί
2845 1915 3025 1966 φαμεν
3053 1901 3142 1951 τὸν
3173 1900 3296 1968 χθὲς
3329 1903 3421 1954 καὶ
3452 1903 3689 1972 σήμερον
3719 1905 3816 1956 καὶ
3844 1905 3931 1966 είς

662 1996 751 2065 qui
789 1986 1080 2047 secundum
1135 1993 1472 2046 divinitatem
1513 2001 1634 2044 erat
1678 2000 1806 2043 ante
1853 1989 2150 2051 Abraham,
2179 2001 2234 2042 et

2339 1987 2464 2049 τοὺς
2488 1985 2710 2052 αἰῶνας,
2743 1987 2871 2041 ὄντα
2892 2006 2949 2041 τε
2983 1989 3087 2059 πρὸ
3137 1989 3386 2060 ’Λϐραὰμ
3421 1990 3636 2054 Θεῖκῶς,
3656 1994 3930 2060 γεγονότα

661 2088 749 2157 qui
791 2095 973 2156 postea
1024 2085 1202 2140 factus
1263 2093 1347 2138 est
1379 2084 1564 2147 homo,
1619 2093 1674 2136 et
1717 2081 2121 2151 generationem
2167 2094 2232 2133 ex

2338 2076 2391 2128 δὲ
2426 2079 2518 2128 καὶ
2550 2079 2686 2148 μετὰ
2717 2078 2874 2132 τοῦτο
2906 2079 3208 2151 ἄνθρωπον,
3244 2080 3337 2133 καὶ
3361 2081 3610 2149 γέννησιν
3626 2083 3929 2152 ὑπομεῖναι

663 2179 889 2232 muliere
944 2177 1134 2230 subiit.
1202 2175 1315 2228 Non
1374 2188 1505 2242 ergo
1562 2172 1821 2227 mentitur
1872 2185 1995 2224 cum
2049 2171 2229 2226 dicit:

2336 2170 2432 2238 τὴν
2478 2171 2541 2221 ἐκ
2595 2171 2872 2236 γυναικός.
2916 2171 3125 2224 Οὐκοῦν
3173 2174 3232 2224 ού
3287 2172 3642 2242 ψευδοεπήσει
3705 2173 3927 2242 λέγων·

666 2287 684 2319 ι
722 2269 893 2320 Amen
928 2267 1051 2320 dico
1085 2266 1235 2320 vobis
1263 2303 1276 2327 ,
1329 2265 1646 2334 priusquam
1704 2264 1982 2316 Abraham
2044 2261 2231 2326 ﬂeret,

2343 2281 2360 2312 ι
2409 2263 2578 2332 Ἀμὴν
2633 2262 2776 2329 λέγω
2817 2265 2965 2332 ὑμῖν,
3016 2266 3145 2331 πρὶν
3202 2263 3452 2334 Ἀϐραὰμ
3509 2265 3761 2330 γενέσθαι
3813 2267 3931 2333 ἐγώ

659 2374 760 2429 ego
791 2372 930 2412 sum.
977 2375 997 2409 ι
1038 2355 1144 2410 Sed
1173 2357 1291 2410 iste
1315 2370 1538 2425 prorsus
1571 2369 1677 2408 non
1704 2354 1954 2422 intelligit
1975 2353 2231 2422 quidnam

2341 2355 2467 2422 εἰμι.
2501 2371 2517 2402 ι
2570 2354 2706 2405 Ἀλλ’
2750 2355 2810 2406 ού
2872 2355 3116 2422 συνίησιν
3148 2353 3303 2416 ὅλως,
3359 2353 3386 2405 ὃ
3426 2353 3478 2406 τί
3536 2354 3666 2407 ποτέ
3705 2356 3828 2407 ἐστι
3866 2357 3932 2408 τὸ

661 2450 790 2502 illud
817 2449 908 2512 sit,
944 2448 1060 2500 heri
1085 2456 1140 2500 et
1186 2447 1349 2500 hodie
1396 2454 1449 2500 et
1479 2446 1532 2499 in
1589 2445 1788 2500 saecula
1815 2462 1828 2499 :
1859 2444 1968 2514 76
2023 2459 2144 2496 nam
2178 2454 2236 2496 ut

2340 2443 2460 2511 χθὲς
2499 2443 2591 2494 καὶ
2649 2445 2923 2512 σήμερον,
2964 2443 3058 2495 καὶ
3106 2445 3186 2505 είς
3224 2444 3349 2505 τοὺς
3393 2443 3627 2505 αἰῶναςσ
3682 2445 3769 2497 ἵνα
3815 2447 3931 2516 γὰρ

658 2549 920 2595 aternum
956 2552 1081 2593 esse
1126 2547 1182 2592 et
1216 2536 1405 2592 eodem
1459 2538 1618 2592 modo
1675 2538 1877 2592 habere
1925 2541 2229 2591 secundum

2338 2529 2503 2583 ἀΐδιον
2538 2531 2686 2594 ὀντα,
2737 2533 2830 2585 καὶ
2871 2532 3132 2595 ὡσαύτως
3185 2532 3376 2601 ἔχοντα
3418 2534 3561 2587 κατὰ
3601 2535 3782 2603 φύσιν,
3827 2540 3929 2590 καὶ

663 2640 935 2690 naturam,
967 2643 1141 2697 neque
1193 2628 1557 2692 conversioni,
1604 2629 2008 2696 ntutationique
2053 2627 2236 2695 subju-

2335 2623 2540 2689 τροπῆς
2574 2622 2781 2690 ἀμείνω
2821 2624 2913 2674 καὶ
2961 2623 3261 2691 μεταϐολῆς
3301 2623 3392 2674 τὸν
3437 2623 3531 2675 τοῦ
3565 2623 3701 2677 Θεοῦ
3746 2642 3926 2679 κατα-

660 2732 783 2772 cere
812 2717 904 2770 Dei
940 2714 1172 2771 Verbum
1205 2719 1536 2780 ostenderet,
1579 2719 1744 2770 etiam
1781 2720 1826 2771 si
1864 2719 2039 2772 lactus
2063 2719 2224 2770 homo

2335 2711 2482 2781 δείξῃ
2517 2712 2706 2775 Λόγον,
2741 2711 2844 2764 κᾶν
2866 2714 2916 2764 εί
2955 2713 3173 2779 γέγονεν
3220 2713 3522 2782 ἄνθρωπος,
3579 2717 3657 2778 εις
3691 2719 3926 2787 καιροὺς

659 2808 772 2872 sit,
829 2815 1043 2875 tempus
1083 2821 1241 2860 omne
1297 2805 1552 2860 distinxit
1601 2808 1653 2860 in
1705 2807 1803 2861 tria
1857 2820 2143 2877 tempora,
2177 2816 2232 2861 et

2340 2804 2436 2872 μὲν
2464 2804 2714 2873 διέστησε
2763 2806 2913 2873 τρεῖς
2942 2804 3031 2857 τὸν
3065 2804 3278 2857 ᾶπαντα
3308 2805 3500 2874 χρόνον
3525 2822 3536 2834 ·
3572 2805 3753 2875 τίθησι
3777 2807 3834 2860 δὲ
3860 2810 3927 2862 τὸ

660 2897 798 2962 lteri,
832 2898 896 2950 de
944 2897 1215 2965 przeterito
1255 2897 1430 2962 dixit;
1467 2898 1532 2952 de
1583 2899 1833 2966 praesenti
1862 2937 1878 2961 ,
1918 2900 2076 2952 hodie
2113 2915 2128 2962 ;
2168 2902 2233 2952 de

2338 2892 2437 2959 μὲν
2475 2890 2622 2959 χθὲς,
2657 2893 2749 2944 ἐπὶ
2787 2893 2880 2944 τοῦ
2926 2893 3338 2962 παρῳχηκότος,
3385 2895 3478 2945 ὲπὶ
3509 2895 3565 2948 δέ
3594 2912 3657 2962 γε
3691 2896 3788 2949 τοῦ
3830 2899 3924 2951 ὲν-

660 2989 842 3042 futuro
865 3026 880 3051 ,
912 2988 963 3042 in
995 2987 1248 3042 saeculum
1296 3005 1310 3041 :
1347 2986 1451 3040 iste
1497 3003 1627 3042 vero
1664 2987 1968 3056 imperitus,
2005 2988 2122 3042 heri
2174 2999 2231 3042 et

2339 2983 2657 3051 εστηκότος,
2715 2984 2777 3036 τὸ
2822 2987 3094 3055 σήμερον’
3147 2988 3240 3038 καὶ
3279 2988 3371 3039 ἐπὶ
3404 2987 3708 3056 μέλλοντος,
3736 2988 3799 3042 τὸ
3835 2990 3927 3053 είς

660 3082 819 3136 bodie
851 3089 1104 3150 tauquam
1136 3080 1200 3134 de
1232 3081 1506 3133 communi
1541 3079 1759 3133 homine
1783 3080 1850 3132 ab
1878 3094 1942 3132 eo
1977 3079 2214 3143 dicatur,

2335 3074 2537 3138 αἰῶνας
2565 3091 2578 3106 ο
2608 3077 2637 3127 6
2669 3076 2723 3128 δὲ
2749 3077 3006 3147 ἄγροικος
3037 3078 3243 3142 ούτοσὶ,
3277 3079 3338 3131 τὸ
3376 3079 3499 3148 χθὲς
3530 3080 3624 3132 καὶ
3651 3081 3923 3151 σήμερον,

657 3157 980 3240 insipienter
1019 3170 1296 3234 afﬁrmat,
1359 3186 1462 3224 non
1517 3170 1824 3239 intelligens
1865 3183 2090 3238 prorsus
2138 3184 2229 3222 au-

2337 3165 2407 3227 ὡς
2435 3167 2520 3239 επ⁹
2562 3166 2854 3237 ἀνθρώπου
2882 3169 3099 3237 λέγεται
3132 3172 3265 3240 παρ’
3301 3169 3466 3222 αὑτοῦ
3512 3169 3692 3223 κοινοῦ
3730 3187 3928 3241 παρα-

657 3258 944 3322 tiquiorem
973 3257 1120 3310 illttut
1167 3266 1221 3310 et
1253 3259 1486 3325 priorem
1523 3271 1618 3312 sua
1671 3257 1838 3326 ipsius
1879 3258 2229 3325 generatione

2336 3256 2500 3324 λόγως
2530 3252 2731 3327 [λείπει
2761 3259 2883 3330 τι]⁶
2938 3261 3037 3314 οὐκ
3063 3261 3279 3328 ἐννοῶν,
3317 3263 3400 3314 ὅτι
3445 3261 3818 3334 πρεσϐύτερόν
3861 3282 3927 3317 τε

655 3363 686 3400 ι
720 3362 782 3401 se
805 3348 1164 3416 pronuntiari,
1195 3348 1464 3416 siquidem
1495 3355 1616 3402 erat
1637 3348 1862 3402 oumiuo
1888 3348 2054 3400 etiam
2085 3347 2227 3410 heri,

2339 3350 2424 3400 καὶ
2473 3351 2893 3420 προϋπάρχοντα
2927 3353 3025 3421 τῆς
3059 3352 3252 3405 ἑαυτοῦ
3301 3356 3606 3423 γεννήσεως
3646 3355 3930 3425 ἀποφανεί

651 3443 795 3508 quod
822 3440 1076 3508 praeteriti
1103 3440 1361 3505 temporis
1377 3439 1828 3508 signiﬁcationem
1850 3438 2032 3491 habet.
2060 3435 2230 3490 Porro

2337 3439 2508 3508 πάντη
2541 3458 2599 3492 τε
2637 3445 2732 3493 καὶ
2762 3441 2999 3505 πάντως,
3041 3444 3200 3514 εἴπερ
3228 3439 3296 3516 ἦν
3329 3446 3467 3508 ὅλως
3501 3447 3595 3499 καὶ
3641 3446 3783 3500 κατὰ
3815 3448 3928 3514 τὴν

657 3546 763 3584 non
814 3545 934 3584 esse
968 3529 1132 3583 alium
1175 3530 1325 3584 illum
1377 3529 1491 3582 heri
1547 3539 1600 3582 et
1631 3529 1787 3581 hodie
1839 3525 2024 3582 Jesum
2071 3526 2230 3582 Chri-

2338 3526 2477 3594 χθὲς,
2512 3529 2649 3597 ὅπερ
2684 3529 2799 3580 ἐστὶ
2834 3530 2927 3581 τοῦ
2967 3533 3361 3600 παρῳχηκότος
3405 3534 3599 3604 καιροῦ
3649 3552 3929 3605 σημαντι-

655 3633 821 3685 stum,
851 3622 1016 3674 alium
1054 3635 1180 3675 vero
1207 3635 1328 3675 eum
1360 3621 1450 3688 qui
1481 3619 1608 3674 dicit
1643 3636 1656 3670 :
1688 3636 1706 3668 ‹
1736 3619 2036 3685 Antequam
2059 3619 2230 3671 Abra-

2336 3617 2444 3669 κόν.
2481 3617 2603 3669 Ὅτι
2629 3619 2727 3686 μὲν
2756 3618 2854 3687 οὐχ
2883 3619 3071 3685 ἕτερος
3103 3622 3131 3671 ὀ
3159 3621 3283 3688 χθὲς
3309 3623 3400 3673 καὶ
3429 3624 3665 3691 σήμερον
3707 3625 3927 3693 Ἰησοῦς

658 3716 779 3766 ham
807 3715 978 3774 llerel,
1010 3725 1108 3780 ego
1144 3725 1287 3773 sum,
1315 3729 1332 3761 ι
1365 3711 1457 3763 sed
1485 3725 1648 3762 unum
1674 3719 1728 3761 et
1762 3708 2006 3760 eumdem
2042 3722 2231 3762 secun-

2337 3707 2587 3776 Χριστὸς,
2623 3708 2808 3776 ἔτερος
2837 3708 2892 3760 δὲ
2935 3711 2964 3760 6
3013 3709 3205 3776 λέγων,
3246 3729 3263 3760 ι
3296 3713 3432 3781 Πρὶν
3465 3715 3712 3783 Ἀδραὰμ
3760 3718 3928 3782 γενέ-

654 3804 783 3856 dum
812 3816 994 3856 veram
1027 3801 1303 3865 unionem,
1336 3815 1459 3852 cum
1499 3797 1641 3851 Deus
1678 3797 1910 3850 Verbum
1952 3796 2023 3849 sit
2069 3795 2230 3850 homo

2338 3799 2479 3861 σθαι,
2519 3799 2627 3866 ἐγώ
2656 3803 2789 3867 ειμι,
2823 3819 2840 3849 ›
2879 3800 2993 3852 ἀλλ’
3025 3796 3105 3864 εἷς
3129 3819 3186 3854 τε
3211 3804 3304 3854 καὶ
3328 3805 3355 3855 6
3389 3804 3548 3866 αὐτὸς
3575 3807 3696 3859 καθ’
3717 3807 3929 3864 ἕνωσιν

651 3895 834 3946 Iactus
878 3891 1045 3944 nostri
1083 3891 1316 3954 similis,
1374 3901 1428 3942 et
1455 3904 1566 3942 suae
1614 3898 1818 3941 natura:
1867 3887 2228 3940 conditionem

2339 3891 2504 3960 ἀληοῆ
2533 3889 2820 3958 ἀνθρώπου
2852 3892 2973 3943 καθ’
2998 3894 3147 3962 ἡμᾶς
3173 3894 3456 3962 γεγονότος
3486 3895 3579 3948 τοῦ
3604 3898 3797 3965 Λόγου,
3821 3902 3930 3955 καὶ

655 3986 801 4038 illam
832 3999 936 4052 qua
964 3982 1232 4050 principio
1268 3983 1528 4048 temporis
1558 3989 1730 4045 caret,
1787 3980 2024 4033 servarit
2058 3980 2225 4033 etiam

2339 3983 2398 4050 τῇ
2427 3981 2532 4051 ἰδίᾳ
2564 3981 2721 4050 φύσει
2752 3983 3144 4052 τετηρηκότος,
3190 3986 3284 4036 καὶ
3307 3985 3396 4036 ὅτε
3431 3987 3620 4053 γέγονε
3655 3987 3813 4057 σὰρξ,
3859 3991 3930 4042 τὸ

647 4093 776 4131 cum
809 4077 981 4131 factus
1020 4085 1104 4130 est
1132 4089 1284 4137 caro,
1347 4074 1599 4127 facillime
1635 4074 1864 4141 quisque
1921 4087 1988 4125 ex
2053 4072 2228 4126 sacris

2340 4073 2566 4142 Ξναρχον
2593 4074 2650 4124 ὲν
2681 4075 2877 4142 χρόνῳ,
2931 4073 3274 4144 καταθρήσαι
3320 4094 3402 4138 τις
3438 4077 3524 4140 ἂν,
3571 4079 3662 4130 καὶ
3694 4079 3931 4132 ἀταλαι-

657 4167 853 4221 litteris
894 4165 1201 4233 perspiciet.
1251 4163 1341 4214 Ait
1367 4164 1512 4216 enim
1561 4161 1804 4216 Joannes
1837 4163 2029 4216 beatus
2062 4174 2230 4213 evan-

2337 4163 2531 4233 πώρως
2577 4164 2771 4232 κομιδῆ
2821 4163 2908 4217 διά
2955 4181 3019 4232 γε
3063 4166 3158 4234 τῆς
3200 4165 3560 4220 Θεοπνεύστου
3601 4168 3856 4239 Γραφῆς·
3898 4172 3928 4225 ὅ

656 4259 845 4326 gelista
874 4258 939 4309 de
960 4256 1200 4308 omnium
1233 4255 1515 4309 Salvatore
1539 4253 1759 4309 Christo
1799 4271 1811 4306 :
1848 4252 2092 4307 Joannes
2143 4261 2225 4306 te-

2334 4269 2464 4322 φησι
2494 4253 2543 4322 [ὃ
2576 4251 2880 4323 παρέλκει]
2906 4254 3002 4323 μὲν
3026 4253 3133 4323 γὰρ
3161 4256 3188 4305 6
3213 4255 3480 4325 μακάριος
3521 4255 3925 4329 εύαγγελιστὴς

654 4345 968 4396 ειιιιιοηιιιιη
994 4343 1325 4410 perhibetdc
1345 4343 1480 4409 ipso,
1509 4353 1560 4395 et
1581 4342 1799 4405 clamat,
1821 4343 2005 4395 dicens
2031 4357 2044 4392 :
2075 4357 2092 4390 ι
2124 4340 2228 4406 Qui

2345 4343 2596 4409 Ἰωάννης
2628 4345 2755 4411 περὶ
2789 4344 2884 4395 τοῦ
2921 4345 3136 4397 πάντων
3169 4345 3326 4414 ήμῶν
3357 4346 3606 4417 Σωτῆρος
3634 4348 3880 4418 Χριστοῦ
3901 4369 3919 4382 ο

657 4445 778 4500 post
801 4450 884 4488 me
915 4436 1081 4498 venit,
1115 4444 1240 4488 ante
1271 4449 1355 4486 me
1383 4435 1559 4488 factus
1592 4443 1674 4487 est
1705 4474 1721 4498 ,
1772 4433 1900 4501 quia
1947 4434 2096 4501 prior
2144 4447 2228 4486 me

2345 4433 2597 4502 Ἰωάννης
2631 4437 2900 4503 μαρτυρεῖ
2923 4438 3051 4505 περὶ
3084 4435 3269 4500 αὑτοῦ,
3303 4435 3398 4488 καὶ
3436 4436 3674 4506 κέκραγε
3700 4435 3883 4504 λέγων
3904 4457 3919 4471 ·

655 4534 772 4579 erat
793 4524 890 4590 ",t
914 4536 967 4578 et
992 4525 1188 4577 iterum
1218 4543 1230 4576 :
1267 4543 1284 4575 ι
1311 4526 1496 4580 Altera
1519 4525 1604 4578 die
1631 4525 1774 4578 videt
1800 4521 1982 4577 .lesuut
2008 4524 2228 4577 venien~

2337 4540 2357 4574 ι
2395 4524 2451 4576 '0
2477 4523 2651 4575 ὀπίσω
2686 4540 2787 4592 μου
2828 4525 3140 4594 ἐρχόμενος,
3186 4525 3496 4595 ἔμπροσθέν
3535 4544 3635 4595 μου
3665 4527 3923 4594 γέγονεν,

658 4627 762 4668 teut
792 4614 857 4667 ad
890 4628 968 4676 se,
1005 4623 1060 4667 et
1087 4613 1162 4666 ait
1195 4630 1209 4665 :
1243 4614 1379 4668 Ecce
1411 4615 1596 4681 Agnus
1625 4615 1739 4678 Dei,
1776 4615 1865 4680 qui
1919 4612 2057 4667 tollit
2103 4627 2230 4680 pec-

2334 4614 2414 4666 ὄτι
2445 4614 2658 4684 πρῶτός
2684 4632 2784 4684 μου
2805 4609 2889 4684 ἦν’
2908 4634 2924 4665 ι
2960 4616 3054 4666 καὶ
3083 4615 3244 4667 πάλιν
3267 4631 3278 4643 ·
3311 4615 3417 4685 «Τῇ
3439 4616 3698 4686 ἐπαύριον
3722 4616 3925 4686 βλέπει

658 4717 836 4760 catum
878 4706 1096 4768 mundi;
1125 4705 1211 4758 hic
1249 4715 1332 4759 eat
1371 4705 1436 4758 de
1459 4719 1564 4774 quo
1602 4705 1712 4757 dixi
1746 4720 1758 4755 :
1790 4704 1916 4757 Post
1945 4718 2030 4756 me
2080 4705 2230 4759 venit

2334 4703 2423 4756 τὸν
2466 4704 2670 4772 Ἰησοῦν
2707 4705 2999 4774 ἐρχόμενον
3033 4705 3170 4775 πρὸς
3210 4705 3371 4757 αὐτὸν
3395 4706 3488 4757 καὶ
3525 4705 3710 4775 λέγει·
3743 4709 3855 4762 Ἴδε
3895 4715 3925 4766 6

657 4800 740 4851 vir
772 4798 863 4866 qui
891 4806 1016 4850 ante
1050 4812 1135 4851 me
1169 4797 1342 4851 factus
1377 4806 1479 4862 est,
1507 4798 1633 4865 quia
1668 4797 1815 4865 prior
1846 4809 1932 4850 me
1954 4807 2073 4849 erat
2094 4795 2159 4847 “.
2203 4815 2220 4846 ι

2348 4795 2540 4865 Ἀμνὸς
2578 4795 2670 4847 τοῦ
2706 4796 2839 4848 Θεοῦ
2867 4799 2894 4849 6
2925 4797 3094 4865 αἴρων
3127 4796 3225 4866 τὴν
3257 4797 3530 4868 ἁμαρτίαν
3556 4798 3647 4851 τοῦ
3677 4800 3917 4870 κόσμου·

659 4891 820 4943 Vides
845 4890 1008 4958 igitur
1048 4901 1232 4958 aperte
1273 4889 1728 4956 quemadmodum
1769 4887 2107 4942 admirabilis
2140 4887 2227 4941 ille

2336 4881 2488 4948 οὗτός
2520 4889 2632 4939 ἑστι
2673 4887 2799 4957 περὶ
2833 4880 2892 4938 οὗ
2921 4887 3031 4954 ἐγὼ
3071 4883 3256 4952 εἷπον,
3301 4889 3504 4941 Ὀπίσω
3547 4906 3648 4959 μου
3690 4890 3921 4960 ἔρχεται

659 4979 898 5048 Baptista
938 4979 1210 5033 hominem
1260 4979 1404 5031 dicat
1432 4977 1640 5042 Jesum,
1672 4987 1728 5031 et
1772 4989 1893 5045 post
1931 4979 2136 5040 venire,
2171 4987 2228 5030 ut

2337 4977 2496 5047 ἀνὴρ,
2543 4977 2600 5040 ὃς
2646 4976 2953 5047 ἔμπροσθέν
3000 4995 3102 5046 μου
3141 4979 3385 5046 γέγονεν,
3426 4981 3506 5032 ὅτι
3545 4981 3759 5050 πρῶτός
3807 4999 3918 5050 μου

658 5071 1005 5140 posteriorem
1037 5079 1164 5123 natu
1201 5080 1396 5137 etpost
1444 5071 1617 5137 ipsum
1643 5107 1656 5132 ,
1709 5069 1858 5138 prius
1889 5079 2065 5121 tamen
2107 5083 2226 5123 esse

2335 5063 2420 5136 ἦν.
2455 5087 2472 5116 ι
2512 5067 2669 5136 Ὁρᾷς
2695 5064 2787 5118 οῦν
2814 5066 2922 5136 ἄρα
2966 5067 3058 5118 καὶ
3096 5066 3242 5135 μάλα
3271 5084 3456 5135 σαφως
3485 5067 3576 5119 τὸν
3619 5067 3917 5122 Θεσπέσιον

655 5162 906 5229 οωρὶεεε,
941 5161 1196 5229 priusque
1221 5160 1494 5213 exstitisse
1538 5177 1551 5213 :
1596 5160 1646 5213 id
1686 5160 1862 5222 enim,
1902 5169 1962 5212 ut
1999 5159 2217 5226 opinor,

2338 5157 2648 5228 Βαπτιστὴν
2685 5158 2852 5227 ἄνδρα
2899 5158 3126 5225 λέγοντα
3169 5158 3258 5210 τὸν
3311 5158 3537 5229 Ἰησοῦν,
3580 5160 3675 5212 καὶ
3730 5162 3918 5217 ὀπίσω

658 5251 943 5319 signiﬁcat,
982 5269 998 5301 ι
1035 5250 1168 5315 Quia
1211 5251 1358 5316 prior
1394 5264 1479 5302 me
1509 5259 1648 5313 erat,
1681 5258 1736 5303 et
1761 5259 1884 5302 ante
1918 5263 2002 5303 me
2045 5249 2222 5304 lactus

2335 5251 2436 5319 μὲν
2498 5250 2809 5320 ἐρχόμενον,
2867 5249 2940 5310 ὡς
2995 5248 3221 5317 ὀψιγενῆ
3284 5265 3342 5301 τε
3388 5249 3481 5303 καὶ
3540 5251 3655 5318 μετ’
3708 5251 3912 5306 αὐτόν⁴

651 5353 760 5396 est.
800 5360 815 5392 I
853 5342 1012 5410 Atqui
1037 5343 1078 5394 si
1118 5344 1278 5395 homo
1314 5347 1419 5405 est,
1447 5341 1717 5410 quomodo
1753 5342 1904 5410 prius
1953 5343 2231 5396 exstitisse

2335 5340 2758 5412 πφῦπὰρχοντά
2789 5356 2852 5404 γε
2899 5339 3004 5409 μὴν
3050 5338 3232 5403 αὑτοῦ,
3285 5340 3376 5391 καὶ
3416 5342 3870 5412 προῦφεστηκότα
3895 5361 3911 5372 ο

661 5433 999 5501 intelligitur,
1033 5442 1124 5484 aut
1157 5432 1307 5502 prius
1344 5447 1466 5486 esse
1507 5433 1740 5500 cmpisse
1783 5433 1984 5487 dicitur
2025 5446 2091 5487 eo
2140 5434 2230 5500 qui

2334 5434 2482 5503 δηλοῖ
2525 5433 2634 5502 γὰρ
2664 5428 2816 5501 οἶμαι
2850 5433 3019 5495 τουτὶ,
3065 5431 3142 5493 τὸ,
3184 5449 3206 5482 ε
3234 5431 3356 5484 Ὅτι
3409 5433 3622 5503 πρῶτός
3673 5450 3774 5504 μου
3820 5432 3914 5505 ἦν,

663 5536 898 5591 tempore
931 5525 1075 5592 prior
1111 5533 1248 5588 erat,
1290 5532 1344 5577 et
1384 5525 1535 5593 prior
1589 5534 1715 5577 natu
1767 5526 2060 5578 secundum
2116 5541 2232 5579 car-

2337 5527 2429 5576 χαί
2457 5522 2764 5593 ἔμπροσθέν
2795 5540 2896 5592 μου
2929 5523 3167 5591 γέγονεν.
3198 5541 3214 5572 ι
3249 5520 3379 5577 Εἶτα
3415 5524 3549 5588 πῶς,
3580 5524 3737 5597 ετπερ
3763 5528 3916 5582 ἐστὶν

732 5698 774 5724 ⁵⁸
811 5701 959 5750 Joau.
991 5714 1096 5762 tttv,
1121 5699 1172 5752 9.
1252 5700 1295 5729 “
1331 5698 1432 5752 lsa.
1464 5715 1591 5763 LXII,
1625 5702 1668 5763 l,
1691 5701 1752 5766 2;
1790 5699 2134 5764 [.uc.tv,18.
2167 5700 2248 5752 19.

1691 5701 1752 5766 2;
1790 5699 2134 5764 [.uc.tv,18.
2167 5700 2248 5752 19.
2324 5701 2368 5730 ’δ’
2409 5698 2622 5761 1‹›;ιη.ι,
2657 5695 2737 5751 15.
2818 5698 2861 5728 ⁵⁵
2900 5698 3030 5752 Ibid.
3056 5697 3145 5766 29,
3172 5698 3261 5754 30.
