4028 6438
140 326 229 381 157
1273 327 1647 387 ADVERSUS
1678 325 1721 382 N

1826 326 2085 385 TORIUM
2127 329 2254 385 LIB.
2299 329 2385 382 lli.

3316 335 3416 390 138

135 442 281 510 ἀνὴρ,
322 443 776 514 προῦςρεστηκὼς
802 446 1025 510 νοεῖται,
1057 447 1154 499 καὶ
1178 446 1551 519 προῦπάρχων
1582 447 1721 515 λέγε-

1841 463 1963 503 nem
1988 448 2012 501 9
2038 449 2169 503 Nam
2196 451 2239 503 si
2275 452 2341 502 de
2371 449 2549 518 aliquo
2579 460 2822 504 nostrum
2856 451 2957 506 hoc
2990 450 3219 506 fortasse
3246 454 3411 519 dicat,

131 546 211 581 ται
237 529 336 582 τοῦ
372 531 779 601 προειληφότος
814 534 958 588 κατά
992 535 1083 588 τὸν
1113 537 1327 607 χρόνον,
1362 540 1457 591 καὶ
1496 538 1735 607 πρεσὸυ-

130 620 284 688 τέραν
311 619 542 688 ἔχοντος
585 623 686 691 τὴν
718 625 859 677 κατὰ
884 624 1064 695 σάρκα
1114 626 1368 698 γέννησιν
1416 626 1621 693 αὐτοῦ;
1670 627 1737 682 El

131 710 222 777 μὲν
266 712 381 781 γὰρ
428 712 527 764 ἐπί
585 731 732 791 τινος
791 715 902 768 τῶν
950 718 1069 772 καθ’
1133 720 1281 789 ἡμᾶς
1327 721 1481 773 τουτὶ
1528 718 1739 788 λέγοιτο

126 800 306 868 τυχὸν,
338 802 690 872 ἀπορήσειεν
716 803 804 871 ἂν,
828 802 1005 876 οἶμαι,
1029 809 1123 861 καὶ
1141 809 1475 863 ἁπαστισοῦν
1500 812 1580 873 είς
1602 811 1738 864 ἁπο-

127 891 307 957 λογίαν
323 910 336 921 ·
364 893 461 945 ἐπὶ
483 893 542 946 δέ
570 913 631 962 γε
654 896 750 949 τοῦ
775 898 994 951 πάντων
1016 900 1175 969 ήμῶν
1202 900 1452 971 Σωτῆρος
1472 903 1731 971 Χριστοῦ,

125 982 182 1033 τὸ
215 983 480 1051 ἐμποδὼν
512 986 675 1039 οὐδέν
698 1002 711 1015 ³
743 988 1045 1043 οἰκειοῦται
1082 990 1181 1057 μὲν
1213 991 1320 1061 γὰρ
1341 994 1371 1043 6
1398 992 1462 1044 ἐκ
1477 993 1611 1045 Θεοῦ
1632 994 1734 1063 τῆς

127 1074 259 1136 ἰδίας
290 1078 507 1145 σαρκὸς
541 1078 642 1148 τὴν
691 1078 948 1150 γέννησιν
970 1098 984 1109 ·
1025 1082 1165 1153 πλὴν
1202 1083 1303 1135 οὐκ
1336 1084 1607 1154 ἠγνόηκεν
1649 1086 1732 1137 ὅτι

120 1166 226 1218 τῶν
283 1169 510 1221 αἰώνων
560 1172 681 1223 ἐστὶ
744 1173 999 1244 ποιητὴς,
1057 1174 1152 1229 καὶ
1193 1175 1607 1245 προῦφέστηκεν
1656 1175 1732 1239 ὡς

120 1258 271 1320 Θεὸς,
301 1261 401 1310 καὶ
424 1259 507 1329 τῷ
536 1260 653 1332 ἰδίῳ
678 1263 856 1333 Πατρὶ
888 1265 1176 1329 συναῒδιος.
1195 1267 1270 1318 Οὐ
1293 1265 1401 1336 γάρ
1422 1266 1504 1319 τοί
1526 1283 1728 1337 φαμεν,

119 1350 197 1401 ὅτι
230 1353 296 1418 τῇ
348 1352 613 1422 γεννήσει
656 1354 751 1406 τοῦ
804 1355 935 1408 ίδίου
982 1355 1236 1426 σώματος
1279 1357 1575 1430 σύγχρονον
1618 1357 1731 1427 ἔχει

118 1439 214 1506 τὴν
247 1437 526 1510 ὕπαρξιν,
556 1441 674 1493 ἀλλ’
697 1437 788 1511 ἦν,
815 1443 890 1505 ὼς
917 1444 1074 1512 ἔφην,
1109 1446 1172 1497 ἐκ
1208 1447 1306 1515 τῆς
1345 1447 1440 1500 τοῦ
1473 1446 1611 1500 Θεοῦ
1635 1448 1731 1501 καὶ

118 1529 335 1599 Πατρδς
385 1531 583 1595 οὐσίας
642 1533 975 1604 ἀπορῤήτως
1046 1539 1464 1607 γεγεννημένος.
1520 1537 1731 1591 Οὐκοῦν

117 1620 252 1689 ἔχων
284 1622 351 1673 τὸ
380 1618 526 1675 εἶναι
560 1625 668 1692 πρὸ
714 1625 970 1695 Ἀϐραὰμ
1004 1627 1078 1691 ώς
1103 1628 1257 1691 Θεὸς,
1291 1630 1395 1683 κᾶν
1426 1631 1475 1682 εί
1505 1631 1727 1698 γέγονεν

115 1714 431 1783 ἅνθρωπος.
486 1717 586 1768 οὐκ
613 1716 679 1769 ἂν
709 1718 1066 1787 διαψεύσαιτο
1087 1720 1285 1789 λέγων,
1306 1723 1383 1785 ὼς
1408 1716 1489 1785 εἷς
1513 1722 1729 1791 ἀληθῶς

1841 539 2111 594 neminem
2146 550 2277 607 puto
2308 539 2436 605 quid
2479 542 2805 609 respondeat
2830 541 3146 595 habiturum
3178 559 3191 594 :
3225 544 3318 597 sed
3359 546 3411 598 in

1838 631 2080 686 omnium
2119 639 2365 685 nostrum
2390 629 2672 685 Salvatore
2699 630 2922 685 Christo
2946 633 3081 687 nihil
3101 634 3357 702 impediet
3394 653 3409 689 :

1839 733 1964 773 nam
1994 717 2165 787 ipsum
2206 716 2301 772 Dei
2356 718 2587 772 Verbum
2623 734 2732 773 sua:
2789 721 2969 775 carnis
3003 723 3411 790 generationem

1836 807 1939 863 sibi
1980 819 2233 876 tanquam
2266 807 2541 877 propriam
2583 810 2826 864 vindicat
2856 826 2866 858 :
2907 826 3007 867 nec
3041 822 3221 868 tamen
3258 815 3412 885 igno-

1838 898 1980 954 ravit
2024 900 2174 952 illum
2209 913 2333 955 esse
2357 901 2691 955 conditorem
2743 900 3095 968 saeculorum,
3156 913 3211 958 et
3262 906 3412 972 prius

1836 991 2143 1054 exstitisse,
2181 1001 2366 1059 utpote
2406 991 2605 1056 Deum,
2650 1002 2706 1047 et
2736 1008 2835 1047 suo
2868 992 3016 1048 Patri
3053 1006 3406 1051 coaeternum.

1839 1080 2024 1147 Neque
2070 1081 2217 1135 enim
2251 1081 2402 1134 illum
2437 1082 2669 1137 dicimus
2722 1099 2948 1151 corpore
3008 1087 3275 1141 nativitati
3316 1103 3409 1142 co-

1833 1186 2006 1225 aevum
2060 1173 2263 1225 habere
2312 1172 2524 1225 initium
2580 1175 2944 1230 subsistentia:
2971 1217 2985 1242 ,
3023 1179 3117 1233 sed
3162 1189 3313 1242 erat,
3349 1189 3409 1234 ut

1835 1262 1970 1326 dixi,
2003 1278 2067 1316 ex
2102 1264 2213 1330 ipsa
2258 1262 2351 1317 Dei
2412 1264 2517 1334 7⁷
2558 1274 2610 1319 et
2657 1265 2831 1321 Patris
2877 1260 3113 1322 essentia
3164 1271 3409 1325 ineffabi-

1834 1354 1957 1408 liter
1981 1356 2211 1420 genitus.
2252 1354 2397 1423 Ergo
2427 1371 2548 1411 cum
2579 1358 2648 1412 sit
2673 1368 2799 1413 ante
2836 1360 3113 1415 Abraham
3149 1374 3207 1415 ut
3243 1363 3405 1426 Deus,

1837 1441 2055 1493 tametsi
2085 1440 2263 1494 factus
2304 1444 2375 1495 sit
2431 1444 2614 1510 homo,
2657 1461 2761 1500 non
2821 1450 3117 1503 mentietur
3157 1451 3346 1506 dicens
3389 1472 3403 1505 ε

1838 1549 1856 1581 ι
1896 1530 2199 1600 Antequam
2221 1543 2367 1588 esset
2387 1536 2687 1599 Abraham,
2714 1552 2814 1606 ego
2839 1554 2982 1605 sum,
3014 1560 3034 1595 ι
3062 1550 3120 1593 ιιι
3149 1544 3239 1609 qui
3268 1559 3407 1597 unus

1834 1634 1963 1675 vero
2002 1624 2072 1676 sit
2105 1623 2277 1679 Filius
2323 1634 2378 1680 et
2428 1627 2706 1682 Dominus.
2752 1628 2935 1697 Neque
2985 1646 3117 1685 vero
3164 1632 3404 1695 mireris,

1834 1717 1877 1769 si
1916 1717 2021 1769 hoc
2056 1716 2233 1784 ipsum
2278 1718 2423 1785 quod
2470 1729 2554 1772 est
2588 1728 2715 1771 ante
2756 1721 3026 1774 Abraham
3058 1737 3169 1776 suae
3198 1732 3408 1777 naturae

116 1809 205 1857 καὶ
242 1807 378 1869 Υἱὸς
412 1807 512 1859 καὶ
541 1806 769 1877 Κύριος
811 1827 829 1858 ι
856 1810 995 1881 Πρὶν
1045 1810 1297 1881 Ἀδραὰμ
1319 1812 1592 1880 γενέσθαι,
1615 1812 1721 1881 ἐγώ

1833 1806 2019 1860 tribuit
2052 1822 2066 1859 :
2114 1807 2208 1861 sed
2238 1807 2364 1861 illud
2402 1808 2580 1876 potius
2622 1818 2832 1877 reputa,
2860 1812 3025 1878 quod,
3052 1812 3178 1866 licet
3208 1828 3408 1882 corpus

115 1899 251 1964 εἰμι.
287 1916 307 1946 ι
354 1898 471 1950 Καὶ
518 1899 592 1967 μή
634 1915 716 1950 τοι
760 1898 1050 1971 θαυμάσῃς
1096 1901 1145 1952 εἰ
1191 1904 1260 1972 τῇ
1312 1901 1417 1976 ιδίᾳ
1458 1904 1723 1974 τετίμηκε

115 1984 241 2058 [ισ.
290 1987 611 2061 νενέμηκε]
670 1988 832 2059 φύσει
854 1990 916 2043 τὸ
940 1986 1079 2043 εἶναι
1105 1992 1212 2063 πρὸ
1235 1993 1485 2064 Ἀϐραάμ
1508 2012 1521 2025 ο
1549 1995 1724 2048 διαλο-

112 2078 267 2143 γίζου
302 2078 365 2129 δὲ
402 2077 634 2147 μᾶλλον,
680 2080 765 2131 ὅτι
806 2079 982 2132 καίτοι
1018 2081 1077 2134 τὸ
1127 2081 1290 2152 σῶμα
1329 2083 1508 2137 λαϐὼν
1535 2088 1599 2138 ἐκ
1624 2087 1724 2155 τῆς

112 2168 273 2235 ἁγίας
308 2168 627 2237 Παρθένου,
676 2170 781 2240 ἔφη
826 2172 966 2242 πρὸς
996 2174 1085 2226 τὸν
1114 2175 1426 2245 Νικόδημον
1450 2192 1464 2206 °
1507 2194 1525 2228 ι
1556 2179 1618 2232 Ei
1655 2182 1722 2229 τὰ

110 2260 336 2325 ἐπίγεια
356 2256 518 2313 εἷπον
538 2262 693 2331 ὑμῖν,
720 2262 815 2315 καὶ
840 2264 901 2316 οὐ
932 2265 1216 2318 πιστεύετε
1236 2281 1250 2295 ·
1290 2266 1425 2328 πῶς.
1460 2268 1552 2320 ἐὰν
1584 2270 1723 2321 εἴπω

112 2352 245 2419 ὑμῖν
287 2352 365 2403 τά
394 2352 729 2421 ἐπουράνια,
764 2354 1118 2421 πιστεύσετε;
1157 2358 1268 2409 Καὶ
1321 2357 1495 2421 οὐδεὶς
1528 2359 1721 2412 ἀναδέ-

110 2442 281 2510 εηκεν
313 2443 398 2502 εξς
424 2441 520 2493 τὸν
540 2442 795 2511 οὐρανὸν,
821 2445 869 2495 εἰ
900 2443 975 2513 μὴ
1009 2446 1036 2496 6
1065 2446 1128 2497 ὲκ
1167 2444 1261 2498 τοῦ
1295 2445 1524 2515 οὐρανοῦ
1553 2464 1721 2501 κατα-

109 2532 230 2595 ϐὰς,
263 2533 293 2582 6
326 2533 461 2594 Υἱὸς
496 2531 593 2584 τοῦ
624 2532 917 2602 ἀνθρώπου
942 2550 955 2561 ·
981 2553 998 2584 ι
1028 2534 1206 2587 καίτοι
1227 2536 1602 2605 κεχρημάτικε
1630 2538 1721 2589 καὶ

110 2623 237 2683 Υἱὸς
263 2622 595 2693 ἀνθρώπου,
636 2623 919 2693 γεννηθεὶς
949 2625 1013 2677 ὲκ
1046 2626 1315 2693 γυναικὸς
1346 2627 1485 2679 κατά
1518 2628 1715 2696 σάρκα.

107 2712 503 2781 Ψευδοεπήσει
525 2711 591 2783 δὴ
606 2709 721 2777 οὖν,
753 2712 1188 2785 καταϐεϐηκέναι
1204 2715 1378 2784 λέγων
1409 2715 1469 2780 ἐξ
1488 2716 1719 2787 οὐρανοῦ

108 2804 199 2853 τὸν
248 2802 388 2853 Υίδν
452 2800 583 2861 τοῦ,
636 2802 953 2872 ἀνθρώπου,
1013 2804 1292 2857 τουτέστιν
1354 2805 1586 2873 ἐαυτρν;
1642 2806 1720 2875 μὴ

108 2894 321 2959 γένοιτο
354 2908 366 2920 ⁸
424 2893 527 2945 καὶ
561 2894 672 2961 γάρ
700 2894 849 2945 ἐστιν
890 2894 1053 2959 αὐτὸς
1082 2897 1115 2965 ἡ
1162 2894 1409 2965 ἀλήθεια.
1459 2896 1581 2958 Πῶς
1622 2893 1715 2949 οὖν

108 2986 319 3038 ἄνωθεν
349 2987 379 3036 6
410 2985 541 3047 Υίδς
571 2985 664 3037 τοῦ
698 2983 991 3054 ἀνθρώπου
1019 2988 1179 3039 νοοῖτ’
1205 2985 1271 3040 ἂν
1289 2987 1515 3049 εἰκότως
1540 3002 1554 3051 ;
1592 2987 1715 3039 Ὅτι

107 3074 238 3136 Θεὸς
274 3074 358 3125 ὢν
395 3075 425 3124 ὁ
464 3074 661 3141 Λόγος,
689 3073 782 3125 καὶ
808 3075 872 3125 ὲκ
894 3073 994 3141 τῆς
1016 3074 1277 3127 ἀνωτάτω
1297 3076 1485 3128 πασῶν
1507 3074 1713 3139 οὐσίας,

1834 1896 2134 1965 accepisset
2162 1910 2193 1950 e
2226 1908 2414 1951 sancta
2451 1897 2694 1968 Virgine,
2725 1898 2863 1953 dixit
2897 1902 2963 1953 ad
2997 1901 3351 1959 Nicodemum
3386 1923 3400 1959 :

1841 2006 1858 2037 ι
1886 1989 1942 2041 Si
1974 1998 2188 2043 terrena
2225 1988 2333 2043 dixi
2377 1990 2531 2043 vobis
2556 2000 2610 2043 et
2643 2004 2747 2043 non
2794 1992 3040 2057 creditis,
3064 1996 3332 2062 quomodo
3361 1996 3407 2050 si

1832 2079 2025 2134 dixero
2054 2080 2207 2133 vobis
2247 2080 2513 2145 ctelestia,
2552 2082 2823 2137 credetis?
2859 2083 2925 2138 Et
2953 2099 3110 2139 nemo
3160 2086 3407 2141 ascendit

1838 2171 1889 2223 in
1930 2169 2153 2237 coelum,
2202 2170 2302 2225 nisi
2341 2171 2434 2240 qui
2481 2173 2547 2225 de
2590 2172 2729 2227 cado
2766 2173 3051 2229 descendit
3090 2174 3260 2230 Filius
3303 2178 3403 2230 bo-

1834 2262 2087 2327 minis“;
2125 2281 2143 2314 ι
2173 2262 2320 2333 atqui
2352 2263 2652 2333 appellatus
2682 2274 2765 2319 est
2788 2263 2955 2319 Filius
2978 2265 3235 2331 hominis,
3264 2283 3400 2337 qua-

1833 2362 1991 2407 tenus
2022 2362 2107 2407 est
2128 2367 2194 2407 ex
2217 2353 2444 2407 muliere
2470 2353 2765 2407 secundum
2797 2369 3039 2408 carnem.
3073 2354 3210 2420 Quid
3238 2358 3405 2425 ergo?

1830 2444 2192 2499 mentieturne
2274 2460 2397 2499 cum
2454 2446 2605 2508 dicit,
2652 2445 2845 2499 Filium
2890 2447 3144 2509 hominis,
3198 2449 3249 2501 id
3293 2458 3400 2511 est,

1829 2536 2065 2603 seipsum
2101 2535 2451 2591 descendisse
2486 2536 2552 2591 de
2593 2537 2770 2591 casio?
2804 2538 2943 2591 absit
2970 2555 2981 2588 :
3006 2549 3090 2591 est
3122 2539 3264 2593 enim
3312 2540 3401 2594 illa

1828 2623 1944 2694 ipsa
1982 2625 2205 2682 veritas.
2244 2627 2524 2692 Quomodo
2550 2628 2716 2697 igitur
2748 2643 2982 2697 superne
3023 2629 3194 2685 Filius
3227 2631 3403 2686 homi-

1829 2717 1911 2771 nis
1944 2718 2294 2773 descendisse
2324 2719 2549 2790 intelligi
2579 2721 2963 2776 convenienter
3004 2722 3222 2790 potest?
3248 2723 3398 2791 quia,

1826 2823 1947 2863 cum
1980 2806 2121 2862 Deus
2150 2818 2297 2863 esset
2362 2808 2592 2863 Verbum
2640 2819 2695 2864 et
2741 2824 2807 2863 ex
2864 2809 2952 2862 illa
2992 2825 3240 2879 suprema
3280 2826 3401 2866 om-

1829 2897 1975 2950 nium
2010 2898 2265 2962 essentia,
2296 2898 2648 2955 descendisse
2670 2899 2869 2954 dicitur
2895 2909 2949 2953 et
2991 2899 3223 2955 formam
3250 2904 3396 2957 servi

1827 2984 2127 3049 accepisse.
2160 2984 2364 3038 Deinde
2396 2986 2679 3041 nobiscum
2723 2986 2965 3056 loquitur
2993 3003 3101 3042 non
3138 3000 3399 3060 tanquam

1828 3072 2025 3125 nudum
2054 3073 2232 3127 adhuc
2260 3073 2520 3139 Verbum,
2552 3077 2643 3130 sed
2681 3086 2934 3145 tanquam
2972 3077 3135 3133 homo
3158 3092 3188 3132 e
3220 3080 3399 3146 nobis,

109 3164 568 3234 καταϐεϐηκέναι
605 3163 843 3231 λέγεται,
888 3164 984 3215 καὶ
1026 3163 1213 3216 δούλου
1258 3164 1471 3234 μορφὴν
1519 3164 1719 3216 ἀναλα-

1826 3170 1876 3214 et
1910 3164 1999 3229 qui
2034 3178 2169 3216 unus
2192 3162 2302 3231 jam
2335 3179 2456 3218 cum
2490 3166 2639 3219 unita
2672 3168 2774 3221 sibi
2822 3183 2987 3222 carne
3031 3168 3387 3239 intelligatur.

108 3256 245 3309 δεῖν.
280 3251 425 3309 Εἶτα
456 3254 771 3322 διαλέγεται
807 3255 944 3324 πρὸς
975 3256 1142 3322 ημᾶς,
1185 3254 1286 3325 οὐχ
1314 3254 1389 3317 ὡς
1415 3253 1619 3323 γυμνὸς
1640 3254 1719 3305 ἔτι

107 3351 305 3415 Λόγος,
340 3348 463 3400 ἀλλ’
506 3347 583 3409 ὼς
606 3347 895 3417 ἄνθρωπος
928 3346 1049 3400 καθ’
1078 3347 1249 3417 ἡμᾶς,
1282 3346 1376 3398 καὶ
1404 3345 1479 3408 ὼς
1510 3340 1591 3406 εἷς
1618 3345 1717 3414 ἤδη

104 3441 409 3509 νοοῦμενος
436 3439 583 3509 μετὰ
608 3438 707 3507 τῆς
733 3437 1029 3507 ένωθείσης
1066 3435 1215 3506 αὑτῷ
1249 3435 1450 3505 σαρκός
1484 3451 1498 3465 ο
1530 3435 1720 3502 ὥσπερ

106 3533 161 3584 δὲ
189 3534 278 3583 διὰ
322 3532 385 3583 τὸ
419 3532 490 3600 τῇ
527 3528 757 3581 κενώσει
805 3528 1035 3597 πρέπον,
1093 3525 1395 3579 οἰκειοῦται
1442 3526 1618 3579 πάντα
1652 3528 1719 3579 τὰ

107 3623 197 3674 τοῦ
242 3624 386 3674 ἰδίου
434 3620 718 3688 σώματος,
755 3619 934 3671 καίτοι
964 3620 1064 3687 τὴν
1095 3616 1255 3685 φύσιν
1284 3615 1574 3684 ἀσώματος
1619 3617 1715 3680 ὢν,

108 3715 246 3767 οὕτω
290 3714 393 3765 καὶ
422 3710 640 3766 ἀνωθεν
669 3709 743 3763 ὢν
771 3709 935 3771 αὐτὸς
981 3709 1075 3761 καὶ
1114 3707 1174 3771 ἐξ
1202 3707 1455 3777 ούρανοῦ,
1484 3706 1544 3759 τὸ
1575 3707 1712 3759 ἄνωο

110 3805 195 3857 Θεν
239 3808 410 3875 ἦκειν
464 3802 736 3872 ἀπονέμει
786 3802 947 3855 πάλιν
1001 3800 1179 3869 ἐαυτῷ
1227 3801 1321 3852 καὶ
1356 3800 1444 3851 ὅτε
1496 3798 1717 3866 γέγονεν

108 3895 428 3969 ἄνθρωπος,
462 3895 571 3949 κᾶν
600 3896 649 3947 εἰ
680 3894 1006 3962 γεγέννηται
1040 3893 1179 3945 κατὰ
1209 3893 1388 3962 σάρκα
1418 3890 1537 3959 μεθ’
1560 3892 1715 3959 ἡμῶν

108 3991 167 4041 ὲκ
204 3988 504 4057 γυναικός.
545 3985 744 4052 Γέγονε
778 3984 960 4037 τοίνυν
1002 3985 1107 4036 ίδια
1152 3984 1251 4052 μὲν
1293 3980 1388 4035 τοῦ
1419 3980 1614 4048 Λόγου,
1647 3980 1714 4033 τὰ

105 4081 199 4148 τῆς
224 4075 665 4147 ἀνθρωπότητος
687 4091 700 4102 ·
735 4074 844 4127 ἴδια
874 4074 930 4126 δὲ
962 4073 1122 4125 πάλιν
1147 4073 1245 4141 τῆς
1274 4069 1710 4140 ἀνθρωπότητος,

107 4177 173 4222 τά
206 4169 379 4223 αὐτοῦ
414 4167 517 4220 τοῦ
553 4166 752 4232 Λόγου.
793 4158 888 4226 Εἷς
922 4164 1032 4233 γὰρ
1058 4163 1199 4216 οὕτω
1236 4165 1436 4214 νοεῖται
1478 4160 1714 4228 Χριστὸς

108 4265 198 4315 καί
221 4263 354 4323 Tib;
394 4260 494 4311 καὶ
526 4256 756 4326 Κύριος.
796 4255 1017 4324 Ἐπειδη
1046 4255 1101 4307 δὲ
1130 4254 1519 4324 προστέθεικεν
1544 4254 1571 4304 6
1594 4270 1713 4306 και-

108 4355 333 4421 νοτόμος
365 4350 583 4407 οὑτοσὶ,
619 4349 703 4399 ὅτι
739 4366 756 4398 ι
806 4348 1035 4415 Ὄμοιος
1085 4348 1199 4406 τοῖς
1260 4344 1508 4412 ἀδελφοῖς
1571 4343 1713 4395 κατὰ

109 4444 303 4503 πάντα,
342 4461 361 4491 ι
404 4442 433 4493 6
472 4439 657 4507 ψυχῆς
686 4437 1035 4508 ἀνθρωπίνης
1065 4436 1158 4487 καὶ
1185 4434 1386 4504 σαρκὸς
1430 4433 1711 4487 ἁναλαῦὼν

106 4536 471 4602 ἀδελφότητα,
506 4531 609 4599 οὐχ
644 4532 672 4581 6
696 4529 893 4595 λέγων,
926 4548 944 4577 ‹
966 4528 1023 4579 '0
1063 4526 1324 4595 ἑωρακὼς
1353 4527 1470 4595 ἐμὲ,
1500 4525 1711 4594 ἑώρακε

104 4628 192 4679 τὸν
228 4626 464 4694 Πατέρα
486 4640 498 4651 ·
529 4640 547 4671 ι
578 4620 713 4689 φέρε
742 4618 807 4688 δὴ
832 4619 994 4671 πάλιν
1025 4619 1051 4671 ὃ
1077 4618 1128 4670 τί
1160 4618 1289 4669 ποτέ
1321 4620 1467 4669 ἐστιν
1494 4618 1521 4669 ὃ
1548 4635 1712 4687 φησιν

107 4720 159 4770 ὲν
209 4718 431 4777 τούτοις
491 4713 569 4775 ώς
626 4712 705 4763 ένι
752 4710 1238 4781 περιαθρήσωμεν.
1278 4710 1398 4762 ’Ὁτι
1450 4711 1548 4777 μὲν
1603 4710 1711 4780 γὰρ

105 4808 263 4860 εἰκών
304 4809 429 4860 ἐστι
487 4804 598 4858 και
626 4801 917 4873 χαρακτὴρ
973 4800 1067 4852 τοῦ
1108 4800 1243 4852 Θεοῦ
1291 4800 1383 4850 καὶ
1423 4800 1633 4869 Πατρὺς
1686 4804 1714 4852 6

106 4901 249 4961 Υἱὸς,
282 4896 678 4967 διωμο>.όγηκε
704 4876 801 4946 καὶ
831 4892 1016 4953 αὑτός.
1061 4892 1155 4953 Τίς
1180 4891 1226 4942 δ’
1259 4891 1325 4943 ἂν
1353 4889 1439 4960 εἴη
1467 4890 1651 4942 λοιπὸν
1682 4893 1710 4942 ὁ

103 4990 277 5057 φυχῆς
314 4986 682 5055 ἀνθρωπίνης
731 4984 827 5035 καὶ
877 4981 1130 5049 σώματος
1160 4978 1450 5034 ἀναλαϐὼν
1478 4980 1705 5045 6651;6-

101 5096 260 5147 τητα,
292 5080 460 5146 δῆλον
493 5076 550 5127 δὲ
584 5077 665 5126 ὅτι
695 5075 795 5142 τὴν
824 5072 961 5140 πρὸς
985 5073 1149 5143 ἡμᾶς,
1175 5068 1469 5121 διδασκέτω
1503 5067 1705 5137 παρελ-

106 5174 229 5224 Odm.
261 5175 335 5225 Οὐ
381 5172 499 5240 γάρ
536 5187 639 5221 που
670 5168 807 5235 φαίη
835 5183 916 5228 τις
946 5165 1010 5218 ἂν
1038 5165 1111 5226 ὼς
1143 5166 1170 5215 6
1202 5162 1324 5215 καθ’
1349 5162 1494 5231 ἡμᾶς
1518 5162 1705 5227 φαινό-

111 5284 263 5333 μενος
308 5264 628 5333 ἄνθρωπος,
674 5256 807 5321 οἷον,
860 5256 1143 5327 Βαρνάῶς
1187 5254 1369 5323 τυχὸν,
1404 5253 1435 5320 ἢ
1472 5252 1703 5315 Παῦλος,

106 5360 266 5421 ἤγουν
298 5356 497 5424 ξτεῴς
524 5370 610 5415 τις
636 5352 756 5432 τῶν.
772 5350 1072 5403 τελούντων
1097 5351 1153 5398 ἐν
1178 5346 1506 5417 ἀνθρώποις.
1529 5344 1707 5413 ψυχῆς

108 5450 455 5518 ανθρωπὶνης
488 5446 584 5497 καὶ
619 5443 875 5512 σώματος
919 5440 1314 5508 ἀνθρωπότητα
1339 5434 1457 5507 [τσ.
1488 5435 1707 5501 ἀδελφά.

106 5541 272 5611 ητα]
336 5539 527 5593 ὶςιὸἐῖν
555 5537 761 5603 λέγοιτ’
802 5537 890 5599 ἂν,
938 5535 1011 5594 ὡς
1050 5532 1237 5601 ἕτερόν
1272 5548 1321 5582 τι
1360 5530 1511 5599 παρὰ
1550 5528 1707 5580 τοῦτο

1826 3251 1895 3307 Ut
1927 3264 2113 3307 autern
2165 3265 2384 3324 prepter
2431 3255 2481 3309 id
2530 3257 2671 3324 quod
2705 3258 3058 3313 exinanitioni
3099 3262 3398 3330 convenit,

1821 3346 2002 3399 omnia
2034 3343 2119 3398 sui
2150 3348 2396 3416 corporis
2429 3356 2683 3418 tanquam
2721 3351 2822 3404 sibi
2855 3352 3071 3420 propria
3125 3353 3388 3419 vindicat,

1823 3434 1949 3491 licet
1977 3451 2041 3489 ex
2099 3448 2289 3491 natura
2346 3439 2415 3491 sit
2460 3439 2851 3508 incorporeus;
2899 3442 2971 3495 ita
3023 3459 3236 3515 quoque
3269 3461 3392 3502 cum

1822 3526 1941 3593 ipse
1972 3542 2207 3595 superne
2239 3530 2311 3583 sit
2344 3539 2399 3582 et
2432 3544 2464 3582 e
2498 3531 2657 3596 caelo,
2695 3533 2795 3587 hoc
2828 3533 3002 3601 ipsum
3034 3550 3265 3605 superne
3296 3554 3393 3593 ve-

1822 3616 1940 3668 nirc
1976 3615 2078 3669 sibi
2117 3618 2216 3685 ipsi
2248 3634 2462 3673 rursum
2498 3620 2685 3673 tribuit
2731 3630 2842 3676 tum
2886 3638 3101 3693 quoque
3134 3642 3255 3681 cum
3307 3628 3392 3682 fa-

1819 3716 1939 3761 ctus
1966 3719 2049 3762 est
2084 3709 2267 3773 homo,
2300 3711 2424 3764 licet
2481 3721 2640 3765 natus
2686 3714 2754 3765 sit
2786 3714 3064 3769 nobiscum
3097 3721 3390 3773 secundum

1818 3812 2037 3851 carnem
2057 3814 2121 3852 ex
2153 3800 2400 3854 muliere.
2428 3799 2591 3855 Facta
2621 3812 2749 3856 sunt
2776 3803 2938 3872 igitur
2966 3804 3122 3861 Verbi
3152 3811 3392 3877 propria,

1818 3902 1940 3954 quae
1994 3898 2117 3940 sunt
2192 3889 2550 3943 humanitatis
2583 3928 2598 3953 ,
2664 3906 2989 3962 rursumque
3038 3894 3393 3952 humanitatis

1822 3976 2066 4043 prepria,
2098 3992 2217 4045 qua:
2249 3987 2373 4032 sunt
2414 3978 2581 4048 ipsius
2623 3977 2806 4034 Verbi.
2857 3980 2950 4036 Sic
2982 3998 3216 4053 namque
3256 4002 3393 4042 unus

1817 4066 2068 4120 Christus
2103 4079 2158 4121 et
2182 4067 2351 4122 Filius
2380 4079 2434 4124 et
2472 4069 2732 4125 Dominus
2760 4072 3102 4143 intelligitur.
3136 4074 3242 4131 Sed
3264 4080 3392 4146 quia

1819 4158 1905 4211 hic
1923 4168 2148 4212 novatur
2165 4159 2392 4229 adjecit:
2418 4162 2652 4217 «Similis
2671 4162 2928 4219 fratribus
2959 4180 3052 4234 per
3073 4170 3256 4222 omnia
3287 4171 3389 4235 ",t

1815 4250 1904 4315 qui
1926 4249 2170 4303 humanm
2194 4251 2384 4306 anime
2407 4252 2695 4321 carnisque
2722 4254 3115 4310 fraternitatem
3132 4260 3392 4327 suscepit,

1816 4354 1922 4392 non
1967 4339 2056 4393 ille
2111 4340 2203 4407 qni
2255 4342 2390 4393 dixit
2440 4357 2508 4393 τι
2543 4342 2642 4408 Qui
2688 4345 2820 4397 vidit
2856 4361 2960 4409 me,
2999 4347 3136 4401 vidit
3184 4359 3237 4402 et
3285 4349 3391 4402 Pa-

1821 4441 1956 4484 trem
1980 4431 2058 4484 ":
2086 4449 2102 4481 ι
2134 4447 2233 4499 age
2256 4432 2366 4501 jam
2406 4449 2592 4487 rursus
2623 4434 2748 4501 quid
2780 4438 2992 4490 tandem
3019 4437 3071 4490 in
3107 4439 3189 4494 his
3215 4441 3393 4494 verbis

1819 4522 1922 4575 sibi
1951 4522 2100 4588 velit,
2136 4534 2191 4576 ut
2226 4522 2407 4579 licebit
2438 4526 2865 4581 consideremus.
2902 4529 2977 4582 Ac
3029 4529 3225 4584 Filium
3271 4546 3392 4586 esse

1818 4615 1909 4668 Dei
1942 4627 1996 4667 et
2020 4614 2196 4669 Patris
2229 4616 2519 4684 imaginem
2543 4628 2597 4669 et
2636 4616 2885 4684 figuratur,
2912 4618 3026 4685 ipse
3057 4633 3272 4689 quoque
3307 4620 3391 4673 fa-

1819 4714 1960 4758 tetur
1990 4721 2001 4755 :
2037 4707 2291 4776 quisquis
2326 4722 2490 4774 porro
2525 4708 2773 4760 humanae
2809 4707 3004 4761 animm
3040 4710 3389 4777 corporisque

1819 4797 2217 4851 fraternitatem
2273 4799 2617 4864 susceperit,
2669 4797 2811 4849 illam
2837 4797 3043 4851 scilicet
3068 4813 3170 4865 qua
3208 4799 3391 4853 nobis—

1816 4902 1938 4940 cum
1982 4886 2249 4957 jungitur,
2293 4890 2518 4957 prodeat
2584 4904 2647 4941 ac
2683 4890 2849 4941 dicat.
2894 4886 3179 4956 Nunquam
3244 4889 3388 4943 enim

1814 4978 2099 5045 quisquam
2151 4978 2327 5041 dicet,
2368 4978 2639 5032 hominem
2690 4979 2780 5048 qui
2827 4978 2994 5031 nostri
3032 4978 3223 5032 similis
3271 4994 3389 5032 esse

1813 5071 2079 5131 cernitur,
2112 5070 2260 5123 verbi
2290 5070 2484 5139 gratia,
2506 5068 2811 5122 Barnabam
2852 5071 3098 5131 fortasse,
3135 5071 3215 5121 vel
3248 5070 3387 5122 Pau—

1817 5159 1949 5222 lum,
1984 5170 2077 5212 aut
2114 5160 2278 5213 alium
2305 5161 2610 5227 quempiam
2642 5160 2730 5227 qui
2764 5172 3053 5212 censeatur
3103 5161 3244 5211 inter
3292 5160 3389 5211 bo-

1818 5252 2014 5313 mines,
2043 5250 2146 5303 dici
2178 5264 2333 5318 posse
2365 5252 2613 5302 humana:
2660 5250 2854 5301 animae
2899 5248 3254 5315 corporisque
3288 5247 3388 5298 fra-

1819 5344 2128 5396 ternitatem
2162 5344 2473 5412 suscepisse
2501 5383 2515 5407 ,
2547 5342 2697 5410 quasi
2736 5342 2780 5394 is
2812 5340 2957 5394 aliud
3005 5340 3259 5405 quiddam
3311 5341 3381 5389 sit

1817 5434 1883 5487 ab
1916 5434 2015 5488 hoc
2051 5433 2344 5495 diversum,
2379 5436 2519 5502 quod
2551 5443 2733 5501 postea
2767 5432 3068 5491 susceperit
3110 5449 3121 5482 :
3156 5431 3247 5482 sed
3274 5428 3383 5496 78

1818 5524 1999 5592 potius
2028 5534 2131 5587 est,
2168 5526 2291 5578 dum
2319 5525 2369 5577 in
2397 5538 2460 5579 eo
2517 5534 2697 5577 manet
2750 5524 2892 5590 quod
2936 5533 3017 5579 est
3052 5540 3062 5573 :
3108 5536 3210 5573 non
3260 5534 3386 5586 ergo

172 5721 210 5747 ’⁵
249 5718 405 5769 Juon.
436 5731 518 5775 ιιι,
551 5714 639 5774 l2,
666 5713 756 5765 13.
837 5711 883 5739 “
923 5708 1082 5761 llebr.
1113 5724 1173 5773 ιι,
1205 5709 1285 5760 l7.
1367 5706 1408 5735 ⁸⁷
1449 5705 1737 5766 Joau.x1v,
1768 5704 1821 5756 9.

340 5810 617 5865 Parnm“
656 5805 775 5867 Gtt.
820 5801 1057 5860 LXXVI

3059 5787 3086 5843 5
