4028 6430
658 315 758 371 1³9

1634 309 1696 366 S.
1738 307 2013 366 CYRILLI
2051 302 2526 364 ALEXANDRINI
2565 303 2885 362 ARCIIIEP.

3809 307 3914 360 1-ίο

657 438 816 490 homo
839 433 1035 504 aliquis
1063 433 1174 504 jam
1203 431 1495 496 exsistcns,
1528 431 1779 502 accipere
1816 431 2049 501 idipsum
2080 430 2222 499 quod

2329 426 2610 498 ὑπάρχων,
2644 422 2745 481 εἷθ’
2789 427 2935 481 οὓτω
2978 428 3196 484 λαθών·
3246 429 3361 482 ἔστι
3394 430 3450 482 δὶ
3495 429 3697 501 μᾶλλον
3738 430 3794 488 ἓν
3851 448 3919 499 γι

653 537 758 590 est,
798 525 950 595 quasi
981 525 1127 579 aliud
1181 523 1437 591 quiddam
1494 537 1522 574 a
1576 536 1634 576 se
1684 521 1982 586 diversum,
2023 520 2226 574 intelli-

654 617 858 685 gendus
891 623 1011 670 est:
1049 614 1141 669 sed
1169 614 1347 683 potius
1376 613 1452 667 illi
1503 627 1568 667 ex
1615 614 1726 667 Deo
1778 613 1962 681 genito
1996 610 2174 666 Verbo
2205 648 2222 676 ,

652 709 744 776 qui
791 705 1085 760 secundum
1134 718 1246 758 sua:
1296 711 1502 756 naturae
1552 702 1796 756 rationes
1845 700 2126 756 nobiscum
2169 700 2224 754 in

651 796 897 851 eumdem
928 809 1149 850 censum
1195 792 1389 848 referri
1417 806 1523 846 non
1573 800 1778 861 potest,
1833 792 2088 846 convenit
2124 791 2224 844 hu-

653 903 825 942 mana:
856 888 1049 941 anima:
1073 895 1128 941 et
1167 885 1412 954 corporis
1454 886 1849 940 fraternitatem
1883 898 1986 953 qua
2036 883 2224 938 nobis—

651 996 770 1034 cum
796 980 1072 1049 jungatur,
1105 977 1401 1046 accepisse.
1443 976 1507 1030 Et
1541 975 1669 1030 huic
1702 985 1900 1031 nostra
1940 975 2224 1031 sententiae

653 1081 763 1123 tum
813 1070 927 1140 ipsa
959 1069 1209 1124 veritatis
1263 1067 1404 1121 ratio
1456 1067 1854 1137 patrocinatur,
1909 1076 2020 1121 tum
2055 1068 2221 1121 etiam

651 1164 870 1231 integrae
905 1160 1025 1214 fidei
1057 1159 1299 1213 traditio.
1343 1157 1568 1212 Constat
1600 1171 1729 1227 ergo
1762 1157 1815 1211 in
1846 1156 2016 1211 forma
2048 1157 2137 1211 Dei
2165 1166 2219 1212 et

648 1253 824 1307 Patris
854 1252 1018 1306 Deum
1051 1249 1282 1306 Verbum
1307 1248 1532 1304 fratrem
1565 1249 1721 1304 nobis
1750 1248 1950 1302 factum
1980 1264 2101 1303 esse
2126 1264 2223 1316 per

651 1345 855 1410 omnia,
889 1344 1142 1397 humana:
1173 1341 1366 1394 animae
1391 1348 1444 1394 et
1465 1339 1712 1409 corporis
1736 1337 2081 1393 fraternitate
2097 1354 2218 1392 sns-

649 1446 804 1505 cepta
859 1448 1036 1503 neque
1081 1432 1341 1487 mentitur
1385 1445 1507 1485 cum
1559 1431 1636 1484 ait
1680 1445 1691 1478 :
1735 1447 1752 1481 ι
1794 1430 1891 1496 Qui
1936 1430 2068 1483 vidit
2113 1443 2219 1496 me,

647 1526 780 1581 vidit
813 1535 867 1578 et
889 1524 1130 1578 Patrem.
1170 1540 1188 1574 ι
1222 1520 1354 1574 Nam
1388 1520 1432 1574 si
1463 1519 1584 1588 quis
1617 1528 1863 1573 nostrum
1893 1518 1958 1573 ad
1979 1532 2099 1573 eam
2131 1535 2220 1572 us-

646 1632 751 1686 que
778 1615 1164 1683 cogitationum
1190 1609 1518 1666 dementiam
1548 1610 1730 1679 lapsus
1752 1619 1920 1674 esset,
1966 1619 2024 1663 ut
2057 1619 2211 1678 puta-

645 1720 727 1765 ret
754 1710 918 1762 etiam
953 1706 1126 1774 ipsum
1162 1703 1328 1774 quiin
1356 1702 1511 1757 caelis
1561 1711 1645 1756 est
1691 1701 1906 1755 Patrem
1942 1717 2007 1754 ac
2043 1699 2212 1755 Deum

2325 520 2406 589 τῷ
2438 517 2580 574 εἶναι
2604 520 2750 574 τοῦθ’
2773 522 2909 592 ὅπερ
2935 522 3105 576 ἐστίν.
3152 521 3362 576 Οὐκοῦν
3390 523 3490 575 οὑκ
3519 521 3807 593 ἄνθρωπός
3835 539 3922 585 τις

2328 612 2612 683 ὑπάρχων,
2669 613 2746 677 ὡς
2800 614 2986 685 ἕτερόν
3031 633 3085 667 τι
3139 616 3268 684 παρ’
3322 614 3540 681 ἑαυτὸν,
3609 615 3794 668 λαϐεῖν
3854 616 3921 666 ἂν

2326 707 2497 757 νοοῖτο
2520 704 2581 756 τὸ
2613 700 2749 758 εἶναι
2779 706 2806 758 ὅ
2834 706 2951 759 ἐστι
2977 724 2991 737 ο
3040 708 3241 778 πρέποι
3281 707 3326 759 δ’
3375 707 3440 760 ἂν
3494 708 3697 777 μᾶλλον
3727 709 3806 778 τῷ
3851 712 3922 762 ὲκ

2326 792 2461 846 Θεοῦ
2484 793 2641 863 φύντι
2663 794 2839 864 Λόγῳ,
2873 795 2936 848 τὸ
2968 796 3308 849 ἀσύντακτον
3341 797 3515 867 ἔχοντι
3563 797 3699 868 πρὸς
3740 800 3772 868 ἡ
3783 799 3921 868 μᾶς,

2327 885 2470 939 κατά
2503 903 2566 954 γε
2593 887 2719 948 τοὺς
2752 887 2852 957 τῆς
2902 887 3038 951 ίδίας
3070 888 3286 957 φύσεως
3329 888 3543 956 λόγους,
3591 889 3771 959 ψυχῆς
3824 892 3925 941 ἀν-

2328 975 2609 1045 θρωπίνης
2653 976 2749 1029 καὶ
2780 975 3032 1046 σώματος
3073 978 3172 1048 τὴν
3205 978 3343 1050 πρὸς
3383 980 3534 1048 ἡμᾶς
3579 979 3924 1049 ἀδελφότητα

2326 1065 2532 1121 λαϐεῖν.
2561 1067 2670 1120 Καὶ
2697 1068 2832 1138 πρός
2865 1085 2928 1136 γε
2967 1068 3123 1122 τοῦτο
3148 1070 3278 1140 ἡμῖν
3307 1070 3336 1121 0
3367 1069 3464 1140 τῆς
3507 1070 3764 1141 ἀληθείας
3819 1074 3923 1124 ὲπ-

2326 1162 2635 1226 αγωνιεῖται
2652 1160 2827 1228 λόγος,
2844 1160 2940 1214 καὶ
2967 1162 3064 1231 τῆς
3085 1163 3386 1232 ἀμωμήτου
3413 1162 3646 1226 πίστεως
3675 1166 3707 1234 ἡ
3734 1166 3923 1235 παρά-

2325 1252 2489 1316 δοσις.
2529 1255 2768 1323 Ἀραρεν
2802 1250 2893 1308 οὖν
2922 1256 3005 1307 ὅτι
3043 1257 3100 1306 ὲν
3135 1259 3316 1326 μορφῇ
3361 1255 3455 1309 τοῦ
3490 1255 3625 1309 Θεοῦ
3676 1257 3769 1310 καί
3805 1258 3926 1309 Πα-

2324 1345 2472 1415 τρὸς,
2500 1345 2631 1409 Θεὸς
2664 1347 2837 1414 Λόγος
2878 1347 3108 1415 ἀδελφὸς
3140 1351 3274 1418 ἡμῖν
3314 1350 3457 1402 κατὰ
3489 1351 3666 1404 πάντα
3699 1351 3924 1420 γέγονε,

2323 1435 2500 1505 ψυχῆς
2543 1436 2893 1506 ἀνθρωπίνης
2924 1439 3019 1492 καὶ
3061 1437 3314 1509 σώματος
3344 1440 3679 1512 ἀδελφότητα
3708 1442 3922 1506 λαϐὼν,

2323 1525 2420 1576 καὶ
2465 1526 2563 1578 οὑκ
2615 1526 2681 1579 ἂν
2719 1527 3070 1590 διαψεύσαιτο
3119 1529 3315 1598 λέγων,
3364 1549 3382 1581 ι
3407 1532 3464 1584 Ὀ
3499 1533 3758 1602 ἑωρακὼς
3790 1534 3924 1604 ἐμὲ,

2325 1615 2538 1688 ἑώρακε
2567 1617 2659 1672 τὸν
2699 1619 2937 1689 Πατέρα.
2964 1639 2981 1670 ›
3036 1621 3099 1673 El
3145 1621 3243 1690 μὲν
3270 1621 3379 1690 γάρ
3407 1624 3632 1688 τις,τῶν
3662 1625 3720 1676 ὲν
3761 1626 3923 1695 ἡμῖν,

2324 1710 2571 1779 ἀμαθίας
2617 1712 2695 1773 είς
2735 1710 2894 1764 τοῦτο
2925 1712 3263 1767 κατώλισθεν
3301 1715 3542 1781 ἐννοιῶν,
3590 1718 3665 1779 ὡς
3708 1718 3929 1770 οἴεσθαι

643 1815 710 1852 eo
743 1797 1122 1866 dejiciendnm,
1161 1803 1218 1848 ut
1264 1793 1487 1848 omnino
1519 1799 1762 1846 nostram
1805 1790 2216 1844 similitudinem

2329 1803 2417 1854 καὶ
2440 1802 2600 1854 αὑτὸν
2621 1803 2713 1856 τὸν
2744 1804 2801 1854 ὲν
2827 1806 2939 1866 τοῖς
2962 1805 3022 1856 οὑ
3033 1809 3210 1874 ρανοῖς
3238 1807 3456 1877 Πατέρα
3477 1779 3570 1860 καὶ
3595 1808 3728 1861 Θεὸν
3751 1827 3930 1862 κατα-

645 1880 862 1953 habeat,
917 1900 1234 1956 corpoream
1277 1883 1560 1948 nimirum,
1609 1893 1756 1935 recte
1803 1891 2096 1946 metueret,
2128 1895 2216 1946 ne,

644 1984 769 2036 dum
805 1979 1054 2034 Christus
1087 1977 1258 2030 dicit:
1296 1993 1314 2025 ι
1368 1973 1471 2040 Qui
1519 1972 1654 2025 vidit
1692 1987 1798 2038 me,
1859 1971 1992 2024 vidit
2016 1981 2071 2023 et
2115 1969 2220 2023 Pa-

646 2086 807 2136 trem,
848 2091 863 2123 ι
903 2071 1077 2138 ipsum
1132 2080 1351 2136 quoque
1400 2078 1467 2118 ex
1513 2078 1621 2132 quo
1674 2072 1757 2117 est
1801 2064 1980 2131 specie
2032 2073 2218 2116 nostra

645 2180 765 2219 esse
796 2174 848 2217 et
878 2162 1077 2230 {iguras
1121 2156 1368 2227 corporis
1418 2156 1620 2209 habere
1669 2154 2061 2223 suspicaretur.
2111 2151 2220 2206 Sed

644 2259 768 2326 quia
809 2256 974 2311 etiam
1015 2251 1183 2307 Filius
1224 2248 1460 2303 hominis
1495 2246 1693 2310 factus,
1753 2248 1855 2299 hoc
1900 2245 2040 2314 quod
2077 2245 2218 2300 Deus

643 2357 759 2403 erat
788 2344 1046 2408 servavit,
1079 2351 1133 2397 et
1165 2354 1276 2395 suae
1299 2349 1505 2393 naturae
1535 2337 1992 2405 pulchritudinem
2022 2337 2220 2390 immu-

649 2438 864 2493 labilem
897 2434 1113 2497 retinet,
1147 2431 1294 2485 nullo
1326 2429 1484 2484 modo
1534 2431 1764 2482 verebor
1812 2430 2016 2491 dicere,
2067 2428 2220 2481 illum

645 2545 766 2586 esse
793 2528 959 2582 etiam
990 2524 1224 2581 similem
1255 2521 1412 2576 nobis
1441 2533 1547 2589 qua
1578 2519 1740 2572 homo
1763 2531 1868 2580 est,
1913 2527 1971 2570 ut
1995 2533 2093 2571 nos
2122 2533 2218 2571 su-

646 2637 765 2676 mus
803 2634 869 2673 ex
901 2618 1080 2671 anima
1109 2612 1270 2669 simul
1319 2624 1373 2668 ct
1421 2624 1673 2679 corpore,
1727 2609 1975 2678 quamvis
2027 2620 2220 2663 natura

645 2715 718 2768 sit
760 2712 920 2778 Deus,
966 2719 1020 2763 et
1049 2710 1219 2780 ﬁgura
1262 2710 1582 2764 substantias
1613 2708 1893 2764 Genitoris
1943 2709 2010 2762 ⁵⁸.
2070 2707 2220 2762 Unus

643 2806 812 2875 igitur
847 2804 1095 2870 idemque
1125 2801 1319 2857 similis
1350 2812 1432 2856 est
1465 2801 1724 2855 fratribus
1760 2801 2061 2855 secundum
2096 2816 2218 2854 car-

643 2909 766 2950 nem
793 2905 847 2948 et
876 2895 930 2948 in
971 2909 1064 2948 sua
1102 2901 1295 2948 natura
1319 2907 1423 2962 qua
1457 2893 1598 2946 Deus
1627 2901 1735 2954 est,
1790 2893 1963 2960 ipsum
2007 2907 2222 2961 quoque

643 2986 861 3042 Patrem
908 2985 1166 3040 ostendit.
1223 2983 1320 3038 Hic
1378 2999 1509 3038 vero
1559 2985 1609 3037 id
1655 2999 1761 3038 non
1818 2984 2066 3053 intelligit
2115 2984 2221 3038 ullo

647 3080 850 3143 modo,
913 3078 1006 3132 sed
1059 3088 1260 3131 rectam
1312 3089 1610 3144 puramque
1663 3074 1902 3143 mysterii
1957 3074 2218 3128 rationem

647 3172 982 3234 adulterans,
1020 3169 1183 3222 alium
1210 3167 1364 3222 nobis
1396 3176 1450 3220 et
1483 3167 1647 3218 alium
1683 3167 1886 3219 inducit
1913 3166 2218 3228 Christum,

645 3273 700 3320 et
742 3262 1088 3317 Judaicorum
1139 3260 1428 3314 criminum
1482 3259 1688 3326 laqueis
1726 3269 1938 3325 captus,
1987 3257 2076 3310 ubi
2128 3257 2221 3320 sit,

646 3349 837 3418 etquo
881 3347 1148 3401 malorum
1186 3349 1396 3399 venerit
1434 3347 1653 3398 minimc
1687 3347 1871 3400 sentit.
1914 3347 2223 3401 Audiebant

646 3442 790 3497 enim
817 3440 907 3510 qui
944 3441 1009 3492 de
1035 3450 1229 3506 genere
1267 3433 1429 3489 Israel
1458 3446 1643 3498 erant,
1676 3437 1840 3488 Deum
1890 3437 2223 3491 clamantem

646 3550 742 3605 per
768 3535 1055 3603 quemdam
1114 3540 1424 3583 sanctorum
1465 3529 1851 3596 prophetarum
1913 3530 1980 3582 de
2011 3530 2226 3583 Emma-

647 3627 773 3680 nuel
807 3641 820 3676 :
860 3643 877 3675 ι
915 3623 982 3677 Ει
1024 3633 1110 3686 ιιι,
1157 3620 1468 3673 Bethlehem
1524 3621 1714 3672 domus
1763 3618 2076 3688 Ephratha,
2127 3621 2228 3674 ini-

648 3721 795 3773 nima
844 3731 902 3771 es
953 3721 1004 3769 in
1061 3715 1297 3768 millibus
1343 3712 1476 3765 Juda
1515 3731 1528 3765 :
1566 3727 1631 3765 ex
1672 3722 1723 3764 te
1770 3712 1899 3764 mihi
1957 3713 2126 3766 exibit
2173 3722 2229 3765 ut

649 3810 720 3865 sit
753 3810 1004 3879 princeps
1033 3807 1084 3859 in
1116 3803 1302 3865 Israel,
1339 3813 1391 3856 et
1420 3803 1597 3856 exitus
1645 3801 1760 3870 ejus
1801 3816 1827 3852 a
1862 3802 2127 3870 principio
2159 3817 2224 3855 ex

649 3901 842 3956 diebus
873 3897 1196 3951 aeternitatis
1232 3895 1295 3946 “.
1336 3913 1352 3945 ι
1391 3893 1455 3947 Et
1475 3908 1704 3947 rursus:
1741 3910 1760 3942 ι
1804 3891 2224 3946 Generationem

648 3991 765 4059 ejus
809 3990 930 4058 quis
977 3986 1296 4040 enarrabit?
1343 3985 1467 4054 quia
1526 3983 1734 4037 tollitur
1790 3984 1854 4037 de
1918 3993 2060 4036 terra
2114 3984 2224 4037 vita

649 4085 765 4152 ejus
794 4082 859 4133 ⁸ο.
887 4101 904 4131 ι
945 4079 1143 4131 Deinde
1173 4093 1291 4130 cum
1345 4091 1571 4145 prorsus
1607 4075 1754 4129 nullo
1809 4073 1968 4129 modo
2023 4088 2225 4145 myste-

649 4179 788 4231 rium
842 4173 1252 4241 intelligerent,
1309 4183 1484 4237 neque
1527 4169 1733 4223 scirent
1763 4167 1937 4235 illum,
1977 4169 2225 4237 quamvis

650 4268 791 4321 Deus
811 4274 955 4319 esset
987 4280 1051 4316 ex
1073 4272 1262 4314 natura
1290 4271 1344 4313 et
1369 4261 1733 4314 subsistentia:
1758 4274 1867 4312 sme
1898 4260 2112 4313 initium
2143 4262 2224 4313 in-

650 4358 758 4429 79
794 4355 1000 4410 visibile
1024 4364 1077 4406 et
1112 4350 1655 4419 incomprehensibile
1678 4351 1924 4414 haberet,
1971 4363 2221 4406 vocatum

2323 1892 2645 1961 κομίζεσθαι
2700 1895 2831 1960 δεῖν,
2875 1896 2953 1959 εἷς
2993 1913 3058 1964 γε
3107 1898 3167 1950 τὸ
3203 1899 3420 1968 χρῆναι,
3466 1902 3632 1970 φημὶ,
3665 1901 3764 1971 τὴν
3794 1902 3929 1954 καθ’

2325 1986 2471 2053 ἡμᾶς
2495 1985 2753 2054 ὁμοίωσιν
2798 1987 2964 2057 ἔχειν,
3011 1989 3171 2058 δῆλον
3200 1991 3256 2043 δὲ
3292 1991 3373 2045 ὅτι
3425 1994 3525 2062 τὴν
3569 1996 3927 2065 σωματικὴν,

2323 2076 2500 2146 ὀρθῶς
2543 2078 2755 2144 ἐδεδίει,
2810 2081 2885 2150 μὴ
2933 2082 3041 2150 ἄρα
3086 2099 3187 2134 που
3238 2082 3487 2150 λέγοντος
3529 2083 3622 2136 τοῦ
3657 2085 3930 2154 Χριστοῦ,

2330 2187 2347 2219 ι
2390 2168 2448 2220 '0
2475 2168 2737 2240 ἑωρακὼς
2776 2171 2895 2241 ἐμὲ,
2929 2170 3140 2240 ἑώρακε
3167 2173 3258 2225 τὸν
3293 2175 3534 2245 Πατέρα,
3568 2194 3584 2226 ι
3632 2179 3726 2230 καὶ
3751 2179 3926 2231 αὑτὸν

2324 2260 2689 2331 ὑποτοπήσειε
2713 2261 2804 2314 τὸν
2834 2264 2892 2328 ἐξ
2931 2259 3102 2334 οὗπέρ
3131 2266 3299 2328 ἐστιν,
3335 2268 3392 2320 ὲν
3426 2267 3554 2320 εῖδει
3585 2285 3640 2320 τε
3664 2264 3800 2322 εἶναι
3843 2269 3930 2340 τῷ

2324 2350 2446 2402 καθ’
2481 2352 2647 2421 ἡμᾶς,
2701 2353 2793 2406 καί¹
2839 2356 2897 2405 ὲν
2939 2357 3051 2417 τοῖς
3100 2357 3243 2408 κατὰ
3279 2357 3437 2426 σῶμα
3490 2362 3928 2427 σχηματισμοῖς.

2337 2442 2555 2513 Ἐπειδὴ
2606 2443 2663 2495 δὲ
2706 2445 2800 2496 καὶ
2850 2444 2976 2508 Υἱὸς
3030 2445 3320 2512 ἀνθρώπου
3350 2447 3608 2514 γεγονὼς,
3665 2449 3726 2500 τὸ
3781 2447 3932 2503 εἶναι

2324 2534 2457 2597 Θεὸς
2507 2535 2820 2601 διεσώσατο,
2874 2537 3065 2591 καὶτὸ
3115 2538 3217 2608 τῆς
3260 2540 3399 2603 ίδίας
3457 2541 3672 2609 φύσεως
3725 2542 3932 2607 κάλλος

2323 2628 2742 2697 ἀπαραποίητον
2765 2630 2900 2700 ἔχει,
2927 2632 3329 2700 κατοκνήσαιμ’
3354 2632 3419 2685 ἂν
3445 2633 3694 2703 οὐδαμῶς
3721 2636 3929 2698 είπεῖν,

2323 2716 2405 2768 ὅτι
2440 2717 2534 2770 καὶ
2567 2719 2667 2789 τὴν
2702 2719 2838 2788 πρὸς
2878 2721 3029 2789 ἡμᾶς
3067 2722 3326 2791 ὁμοίωσιν
3369 2723 3503 2794 ἔχει,
3558 2725 3701 2777 κατά
3747 2743 3810 2794 γε
3867 2727 3934 2779 τὸ

2324 2805 2462 2861 εἶναι
2488 2810 2610 2862 καθ’
2644 2812 2792 2881 ἡμᾶς
2820 2811 3128 2881 ἄνθρωπος,
3157 2817 3184 2868 0
3218 2817 3282 2867 ἐκ
3310 2816 3489 2886 ψυχῆς
3521 2819 3614 2870 καὶ
3641 2816 3929 2888 σώματος,

2325 2901 2502 2954 καίτοι
2534 2903 2666 2962 Θεὸς
2699 2902 2774 2955 ὢν
2799 2904 2960 2972 φύσει
2993 2906 3087 2958 καὶ
3125 2906 3413 2976 χαρακτὴρ
3444 2911 3542 2977 τῆς
3566 2909 3933 2974 ὑποστάσεως

2323 2991 2417 3045 τοῦ
2449 2994 2862 3063 γεγεννηκότος.
2902 2992 2993 3057 Εἷς
3027 2992 3117 3048 οῦν
3167 2997 3275 3066 ἄρα
3323 2998 3416 3048 καὶ¹
3455 3000 3480 3050 0
3513 2999 3693 3064 αὑτὸς,
3738 3017 3931 3071 παρα-

2251 3106 2293 3164 C
2330 3083 2562 3154 πλήσιος
2592 3085 2691 3154 μὲν
2718 3088 2830 3149 τοῖς
2861 3086 3108 3156 ἀδελφοῖς
3146 3087 3285 3140 κατὰ
3324 3089 3522 3158 σάρκα,
3558 3088 3820 3144 δεικνύων
3869 3091 3934 3143 δὲ

2329 3179 2423 3229 καὶ
2440 3178 2601 3230 αὑτὸν
2619 3180 2676 3229 ἐν
2698 3180 2803 3250 ίδίᾳ
2827 3181 2985 3248 φύσει
3010 3181 3101 3232 τὸν
3128 3181 3448 3251 Γεννήτορα,
3472 3182 3612 3235 κατά
3635 3199 3722 3250 γε,
3749 3185 3931 3252 φημὶ,

2333 3269 2394 3321 τὸ
2440 3265 2578 3323 εἶναι
2621 3271 2782 3334 Θεός·
2821 3273 2848 3323 0
2888 3272 2942 3324 δὲ
2987 3273 3146 3325 τοῦτο
3201 3274 3298 3342 μὲν
3350 3275 3408 3325 οὑ
3466 3274 3679 3342 συνίησί
3708 3275 3884 3327 ποθεν
3913 3290 3932 3305 ο

2337 3363 2774 3431 παρασημαίνων
2799 3363 2854 3415 δὲ
2887 3363 3075 3432 ὥσπερ
3097 3365 3186 3416 τὸν
3214 3365 3386 3435 ὀρθῶς
3412 3383 3471 3416 τε
3500 3368 3590 3417 καὶ
3617 3366 3935 3436 ἀκιὸδήλως

2330 3454 2521 3522 ἔχοντα
2548 3454 2640 3506 τοῦ
2681 3456 2978 3525 μυστηρίου
3015 3455 3192 3522 λόγον,
3229 3458 3416 3525 ἕτερον
3444 3457 3577 3526 ἡμῖν
3604 3458 3699 3510 καὶ
3733 3457 3935 3527 ἕτερον

2330 3546 2635 3616 εἰσκομίζει
2666 3549 2899 3617 Χριστόν
2925 3565 2936 3576 ’
2975 3550 3067 3600 καὶ
3097 3551 3209 3611 τοῖς
3246 3548 3553 3612 Ἰουδαϊκοῖς
3575 3549 3934 3619 ἐγκλήμασιν

2330 3638 2588 3700 ὲναλοὺς,
2635 3639 2755 3690 οὐδὲ
2808 3641 3039 3710 ὅποιπέρ
3101 3643 3247 3704 ἐστι,
3300 3642 3393 3692 καὶ
3455 3641 3521 3694 ἵν’
3571 3643 3695 3712 ἥκει
3731 3641 3935 3694 κακῶν

2329 3729 2664 3782 αἰσθάνεται.
2710 3732 2942 3782 ’Ἤκουον
2965 3732 3059 3798 μὲν
3108 3731 3216 3802 γὰρ
3258 3734 3304 3783 0i
3342 3732 3398 3797 ἐξ
3418 3733 3648 3801 αἵματος
3680 3733 3934 3803 Ἰσραὴλ,

2330 3820 2466 3873 Θεοῦ
2507 3820 2928 3891 διακεκραγὸτος
2974 3822 3040 3874 δι’
3087 3823 3204 3886 ἑνὸς
3249 3813 3356 3875 τῶν
3398 3824 3570 3892 ἁγίων
3623 3825 3934 3894 προφητῶν

2332 3915 2458 3982 περὶ
2484 3911 2577 3966 τοῦ
2626 3913 2971 3991 Ἐμμανουήλ
2995 3930 3006 3942 ·
3047 3935 3064 3965 ι
3095 3916 3204 3968 Καὶ
3225 3917 3313 3978 σὺ,
3347 3915 3614 3985 Βηθλεὲμ,
3651 3914 3800 3977 οἶκος
3830 3918 3935 3970 τοῦ

2343 4001 2608 4071 Ἐφραθᾶ,
2639 4001 2917 4069 ὀλιγοστὸς
2945 3998 2997 4054 εἴ
3035 4004 3127 4055 τοῦ
3159 3999 3300 4056 εἶναι
3337 4006 3394 4056 ὲν
3426 4005 3660 4074 χιλιάσιν
3704 4005 3883 4059 Ἰούδα
3914 4025 3930 4039 ο

2330 4095 2394 4146 ὲκ
2425 4093 2518 4146 σοῦ
2549 4111 2640 4162 μοι
2675 4093 3017 4156 ἐξελεύσεται
3063 4095 3155 4146 τοῦ
3191 4091 3329 4147 εἶναι
3371 4097 3452 4158 είς
3482 4095 3718 4165 ἄρχοντα
3751 4097 3812 4146 ὲν
3846 4097 3932 4165 τῷ

2344 4186 2592 4256 Ἰσραήλ·
2642 4186 2736 4239 καὶ
2774 4187 2830 4238 αἱ
2862 4186 3028 4252 ἔξοδοι
3064 4187 3229 4240 αὑτοῦ
3275 4189 3370 4239 ἀπ’
3403 4189 3577 4259 ἀρχῆς
3607 4187 3662 4254 ἐξ
3694 4190 3932 4258 ἡμερῶν

2330 4277 2541 4340 αίῶνος.
2559 4297 2575 4329 ι
2596 4279 2704 4330 Καὶ
2724 4278 2902 4332 πάλιν·
2925 4298 2942 4330 ι
2957 4280 3066 4349 Τὴν
3088 4279 3280 4347 γενεὰν
3303 4279 3467 4332 αὑτοῦ
3484 4281 3564 4342 τίς
3578 4281 3930 4351 διηγήσεταις

2331 4373 2411 4424 ὅτι
2443 4371 2655 4442 αἴρεται
2682 4371 2788 4424 ἀπὸ
2814 4373 2910 4442 τῆς
2931 4374 3033 4442 γῆς
3059 4371 3221 4442 ἠζωὴ
3238 4373 3457 4425 αὑτοῦ.»
3487 4366 3617 4423 Εἶτα
3643 4371 3930 4434 συνιέντες

649 4467 769 4504 esse
798 4457 976 4502 tamen
1005 4444 1431 4506 Bethleemitam,
1467 4450 1650 4510 utpote
1685 4456 1746 4494 ex
1779 4441 1959 4495 radice
1984 4441 2135 4496 Jesse
2163 4457 2222 4496 ac

2335 4463 2586 4532 οὑδαμῶς
2617 4464 2677 4515 τὸ
2713 4465 3028 4534 μυστήριον,
3074 4463 3195 4515 οὔτε
3241 4463 3347 4533 μὴν
3377 4464 3577 4526 εἰδότες
3607 4464 3686 4516 ὄτι
3739 4465 3931 4517 καίτοι

653 4543 899 4606 David“,
928 4538 1308 4593 ibisecundum
1332 4549 1548 4587 carnem
1569 4534 1832 4601 genitum,
1851 4535 1990 4587 inter
2014 4550 2072 4588 se
2090 4536 2231 4588 dice-

653 4638 781 4689 bant
811 4653 823 4687 :
855 4654 872 4684 ι
918 4631 1108 4685 Nonne
1135 4630 1221 4682 hic
1247 4637 1324 4682 est
1359 4642 1516 4695 quem
1547 4629 1862 4694 quaerebant
1898 4626 2230 4680 interficere?

653 4726 795 4781 Ecce
821 4726 990 4792 palam
1046 4722 1303 4788 loquitur,
1335 4729 1388 4771 ct
1443 4718 1573 4770 nihil
1632 4718 1682 4770 ei
1730 4719 1954 4771 dicunt:
1993 4718 2231 4786 nunquid

656 4814 1310 4889 cognoveruntprincipes
1339 4812 1464 4878 quia
1512 4812 1597 4864 hic
1655 4822 1738 4863 est
1785 4809 2078 4863 Christus?
2125 4810 2231 4863 Sed

658 4916 801 4967 hunc
827 4911 1028 4963 scimus
1051 4908 1189 4959 unde
1208 4908 1311 4958 sit:
1349 4904 1602 4957 Christus
1634 4912 1810 4955 autem
1844 4917 1965 4955 cum
1994 4905 2230 4968 venerit,

659 5004 937 5059 ttetnoscit
971 5001 1110 5054 unde
1140 4998 1298 5052 sit“.
1338 5016 1354 5046 ι
1405 4996 1706 5049 Audiebant
1762 4996 1930 5058 enim,
1989 5007 2044 5049 ut
2093 4995 2226 5060 dixi,

661 5097 976 5164 prophetam
1008 5094 1191 5144 dicere
1236 5089 1520 5159 perspicue
1555 5105 1566 5139 :
1611 5107 1626 5138 ι
1657 5087 2076 5141 Generationem
2111 5088 2228 5155 ejus

662 5189 784 5258 quis
829 5184 1150 5238 cnarrabit?
1187 5201 1203 5232 ι
1241 5191 1316 5245 et,
1371 5180 1514 5247 quod
1581 5181 1781 5241 exitus.
1825 5179 2000 5244 idea".
2032 5195 2225 5232 esseti-

663 5305 748 5354 tim
789 5301 993 5353 initium
1022 5307 1148 5350 ante
1175 5295 1356 5350 omnia
1410 5292 1604 5346 Saecula
1660 5292 1899 5345 haberet.
1945 5289 2061 5344 Jum
2106 5306 2232 5345 vero

659 5402 892 5462 quantus
921 5390 1083 5442 inerit
1103 5386 1407 5441 Judaaorum
1436 5396 1644 5452 stupor,
1682 5400 1890 5437 rursmn
1921 5385 2231 5437 consideres

658 5486 841 5538 velint.
866 5484 998 5536 Cum
1035 5483 1176 5535 enim
1205 5479 1448 5533 dicereut
1478 5498 1488 5530 :
1527 5496 1542 5527 ι
1581 5477 1826 5529 Christus
1851 5492 1970 5528 cum
2001 5476 2228 5538 venerit,

662 5593 818 5633 nemo
842 5577 943 5629 scit
1012 5575 1151 5625 unde
1213 5571 1304 5632 sit,
1349 5588 1366 5618 ι
1405 5584 1588 5621 rursus
1640 5571 1776 5621 inter
1829 5584 1885 5621 se
1937 5567 2227 5621 dicebant:

732 5759 775 5792 ⁸³
817 5757 976 5811 Hebr.
1009 5756 1101 5819 1,5
1198 5752 1243 5783 ⁸⁹
1281 5749 1436 5803 Mich.
1468 5764 1515 5810 ν,
1550 5747 1600 5799 2.
1678 5749 1724 5778 ⁵ο
1759 5746 1855 5800 lsa.
1886 5763 1997 5811 LIII,
2025 5748 2075 5801 8.

2181 5746 2222 5776 ⁵¹
2267 5747 2365 5798 lsa.
2399 5761 2470 5807 Xl,
2505 5747 2549 5797 1.

2336 4552 2466 4614 Θεὸς
2494 4551 2568 4604 ῶν
2599 4551 2779 4619 φύσει,
2835 4555 2926 4604 καὶ
2975 4553 3072 4621 τῆς
3113 4552 3400 4623 ὑπάρξεως
3442 4553 3540 4623 τὴν
3579 4553 3755 4622 ἀρχὴν
3815 4555 3932 4606 ἄπ-

2337 4645 2504 4696 οπτόν
2535 4661 2592 4694 τε
2625 4645 2718 4695 καὶ
2761 4643 3145 4713 ἀκατάληπτον
3189 4644 3348 4714 ἔχων,
3380 4646 3759 4713 κεχρημάτικε
3813 4645 3934 4712 Βη-

2339 4736 2649 4804 θλεεμίτης,
2686 4734 2758 4797 ῶς
2792 4737 2854 4787 ἐκ
2887 4735 3043 4805 ῥίζης
3086 4736 3283 4788 Ἰεσσαὶ
3316 4737 3408 4788 καὶ
3437 4734 3618 4796 Δαὸὶδ,
3644 4735 3758 4786 ὲκεῖ
3793 4751 3932 4801 γεν-

2337 4829 2519 4897 νηθεὶς
2547 4828 2685 4880 κατά
2731 4828 2926 4898 σάρκα,
2961 4828 3095 4897 πρὸς
3127 4827 3386 4896 ἀλλήλους
3433 4826 3670 4895 ἔφασκον
3692 4841 3706 4853 ⁸
3745 4845 3762 4874 ι
3812 4828 3937 4898 Οὐχ

2344 4913 2498 4982 οὗτός
2556 4922 2703 4972 ἐστιν
2743 4920 2800 4972 ὃν
2867 4920 3118 4989 ζητοῦσιν
3164 4920 3520 4984 ἀποκτεῖναι;
3561 4920 3664 4972 Ἴδε
3706 4923 3939 4991 παρρη-

2342 5014 2432 5083 σία
2471 5012 2643 5077 λαλεῖ,
2684 5012 2774 5063 καὶ
2808 5011 2957 5063 οὐδὲν
3008 5011 3154 5080 αὐτῴ
3185 5012 3441 5078 λέγουσι·
3480 5012 3552 5080 μή
3589 5027 3719 5062 ποτε
3750 5009 3936 5076 ἔγνω-

2339 5122 2438 5157 σαν
2483 5105 2531 5156 οἱ
2576 5105 2854 5174 ἄρχοντες,
2892 5104 2972 5155 ὅτι
3004 5098 3155 5165 οὗτός
3188 5106 3336 5155 ἐστιν
3381 5104 3408 5154 0
3436 5103 3702 5172 Χριστός;
3762 5102 3940 5157 Ἀλλά

2332 5198 2519 5251 τοῦτον
2546 5199 2765 5266 οἴδαμεν
2792 5196 2952 5249 πόθεν
2981 5197 3126 5248 ἐστίν
3148 5212 3160 5224 ⁸
3194 5198 3221 5248 0
3251 5196 3307 5248 δὲ
3331 5196 3564 5265 Χριστὸς
3597 5197 3726 5248 ὅταν
3756 5195 3939 5266 ἔρχηα

2331 5304 2441 5351 ται,
2471 5287 2642 5349 οὐδεὶς
2680 5285 2937 5353 γινώσκει
2974 5286 3135 5338 πόθεν
3159 5285 3324 5339 ἐστίν.
3352 5305 3369 5337 ι
3404 5287 3639 5339 Ἤκουον
3674 5285 3803 5356 γὰρ,
3857 5289 3939 5350 ὡς

2332 5378 2489 5446 ἔφην,
2529 5377 2622 5429 ’τοῦ
2666 5379 2943 5446 προφήτου
2995 5378 3243 5444 λέγοντος
3285 5377 3567 5448 ἐναργῶς·
3617 5398 3634 5428 ι
3678 5378 3788 5444 Τὴν
3832 5395 3935 5446 γε-

2338 5471 2463 5521 νεὰν
2486 5467 2645 5519 αὑτοῦ
2667 5467 2744 5529 τίς
2765 5468 3081 5536 διηγήσεται
3107 5484 3119 5532 ;
3145 5490 3163 5517 ι
3187 5467 3278 5520 καὶ
3304 5467 3385 5518 ὅτι
3414 5468 3511 5529 τὰς
3540 5467 3771 5532 ἐξόδους,
3806 5468 3936 5535 ἦτοι

2339 5561 2436 5630 τὴν
2465 5559 2696 5629 ὕπαρξιν
2731 5561 2834 5627 πρὸ
2872 5559 3069 5621 παντὸς
3098 5559 3289 5621 αἰῶνος
3331 5557 3464 5627 ἔχει.
3499 5557 3690 5627 Ἀθρει
3733 5558 3796 5628 δή
3841 5575 3938 5628 μοι

2631 5745 2674 5772 δ’
2711 5742 2866 5793 1min.
2903 5758 2990 5807 ut,
3025 5741 3210 5794 93-97.
