4028 6432
147 329 235 382 ιιι
1246 336 1614 395 ADVERSUS
1649 333 2050 393 NESTORIUM
2095 337 2224 392 LIB.
2270 337 2355 390 Ill.

3303 335 3404 388 “2

143 449 298 501 πάλιν
332 451 442 519 τῆς
489 452 767 507 Ἰουδαίων
800 456 1200 529 ἐμϐροντησίας
1237 461 1297 513 τὸ
1328 459 1555 529 μέγεθος
1576 474 1589 485 ·
1629 459 1717 526 ερα-

1843 476 1860 509 ι
1900 458 1995 513 Hic
2017 469 2099 514 est
2132 474 2254 514 vere
2293 458 2551 527 propheta
2582 472 2595 509 :
2631 454 2721 511 alii
2752 468 2879 509 vero
2912 451 3181 519 dicebant,
3207 452 3402 521 inquit,

143 557 365 604 σκοντες
398 542 517 613 γάρ
544 562 556 577 ·
596 564 615 595 ‹
664 547 723 598 'U
755 548 990 617 Χριστὸς
1015 550 1142 602 ὅταν
1172 551 1415 622 ἔρχηται,
1444 550 1617 612 οὐδεὶς
1646 567 1731 617 γι-

140 632 336 683 νώσκει
368 633 543 686 πόθεν
569 636 722 688 ἐστί’
761 655 781 688 ι
824 639 986 691 πάλιν
1031 641 1165 711 πρὸς
1207 641 1469 712 ἀλλήλους
1511 640 1728 710 ἔλεγονο

146 742 162 772 ‹
194 718 366 787 Οὗτός
400 726 559 778 ἐστιν
589 727 805 797 ἀληθῶς
842 730 871 781 6
906 734 1188 803 προφήτης
1214 751 1227 764 ·
1258 734 1404 787 ἄλλοι
1433 734 1489 786 δὲ
1524 733 1729 802 ἔλεγον,

138 818 322 883 φησὶν,
354 817 442 869 ὃτι
477 819 655 881 Αὐτός
679 822 828 874 ἐστιν
854 824 882 874 ό
922 824 1155 895 Χριστός
1177 841 1188 853 ⁸
1228 827 1276 879 οἱ
1311 826 1367 878 δὲ
1396 824 1602 894 ἔλεγον·
1639 824 1730 896 Μὴ

135 906 241 975 γὰρ
289 908 360 959 ὲκ
406 910 515 979 τῆς
566 910 861 976 Γαλιλαίας
909 916 937 966 6
970 916 1204 983 Χριστὸς
1243 917 1493 987 ἔρχεταις
1543 917 1729 988 οὐχὶή

136 997 327 1066 Γραφὴ
374 994 539 1053 εἶπεν
568 1001 651 1053 ὅτι
679 1003 744 1054 ὲκ
780 1002 1098 1074 σπέρματος
1134 1008 1319 1068 Δαὸὶδ,
1348 1008 1443 1061 καὶ
1486 1009 1593 1060 ἀπὸ
1626 1008 1731 1078 Βη-

133 1089 300 1157 Θλεὲμ
330 1090 440 1160 τῆς
488 1091 707 1162 κώμης,
756 1095 893 1147 ὅπου
929 1092 998 1166 ἦν
1028 1096 1209 1163 Δαὸὶδ,
1250 1100 1279 1151 6
1312 1098 1543 1170 Χριστὸς
1570 1099 1729 1169 ἔρχε-

132 1198 251 1243 ται;
298 1200 317 1231 ι
386 1183 559 1253 Ὁρᾷς
608 1180 703 1238 οὖν
750 1186 899 1250 ὅπως
948 1190 1041 1242 καὶ
1075 1191 1499 1261 καταμεθύουσι,
1536 1192 1627 1245 καὶ
1669 1193 1729 1246 τὸ

130 1272 370 1341 ἄναρχον
407 1272 634 1339 θεῖχῶς,
670 1276 763 1328 καὶ
797 1276 897 1347 τὴν
935 1280 994 1331 ὲν
1031 1280 1207 1351 χρόνῳ
1250 1281 1501 1351 γέννησιν
1540 1299 1729 1352 σαρκι-

132 1365 232 1430 κὴν
269 1365 676 1433 ὁμολογοῦντες
713 1371 913 1436 αὐτοῦς
984 1372 1120 1425 Ἀλλ’
1168 1374 1269 1427 οὐκ
1310 1373 1377 1427 ἂν
1425 1377 1505 1437 είς
1557 1375 1729 1437 οὕτως

131 1456 409 1518 ἐκτύπους
457 1458 860 1529 ἀπεκομίζοντο
915 1462 1256 1529 δυσϐουλίας,
1320 1466 1477 1537 εἴπερ
1533 1466 1728 1536 ᾔδεσαν

126 1546 369 1615 ἀληθῶς,
407 1549 494 1601 ὅτι
534 1550 668 1613 Θεὸς
700 1550 775 1603 ὢν
821 1555 849 1606 6
874 1555 1064 1623 Λόγος,
1094 1558 1157 1609 ὲκ
1193 1556 1349 1628 ῥίζης
1389 1558 1488 1628 τῆς
1532 1558 1728 1611 Ἰεσσαὶ

125 1638 217 1687 καὶ
243 1638 439 1702 Δαϐὶδ,
482 1640 577 1691 καὶ
606 1641 707 1710 τῆς
732 1643 892 1711 ἁγίας
927 1645 1202 1715 Παρθένου
1226 1647 1494 1717 προῆλθεν
1522 1648 1728 1721 ἄνθρω-

125 1745 240 1793 πος,
293 1730 626 1801 ὠνόμασται
657 1733 714 1786 δὲ
761 1737 857 1788 καὶ
891 1736 1279 1808 Βηθλεεμίτης,
1312 1741 1341 1792 6
1388 1742 1493 1811 γῆς
1540 1757 1599 1793 τε
1634 1742 1728 1794 καὶ

1839 549 1933 603 Hic
1974 561 2058 605 est
2102 551 2379 613 Christus;
2431 549 2517 602 alii
2558 546 2805 602 dicebant
2840 542 3018 599 :Num
3064 559 3128 598 ex
3187 543 3401 599 Calilzra

1834 641 2083 695 Christus
2123 640 2304 695 venit?
2331 653 2505 692 nonne
2546 638 2825 707 Scriptura
2867 636 3015 697 dicit,
3049 636 3188 703 quod
3225 649 3286 687 ex
3320 648 3403 687 se-

1835 732 1973 785 mine
1998 731 2159 785 David
2188 743 2240 784 et
2260 734 2324 785 de
2342 729 2653 783 Bethlehem
2682 728 2924 790 castello,
2960 728 3045 781 ubi
3071 735 3189 781 erat
3212 726 3399 788 David,

1832 822 2079 877 Christus
2111 822 2254 877 venit
2278 822 2436 874 5"“?
2464 841 2482 873 ι
2520 819 2676 874 Vides
2713 831 2769 871 ut
2800 818 3094 881 insaniunt,
3124 817 3249 871 dum
3282 816 3401 884 eius

1834 923 2079 969 naturam
2112 915 2265 968 initio
2288 922 2580 976 carentem,
2611 911 2752 980 quod
2787 910 2851 963 ad
2886 910 3221 962 divinitatem
3270 909 3363 961 atti
3385 938 3399 947 -

1833 1015 1943 1067 net,
1971 1015 2023 1058 et
2044 1004 2313 1059 carnalem
2339 1004 2393 1057 in
2427 1011 2665 1071 tempore
2689 1000 3087 1069 generationem
3134 998 3402 1052 fatentur?

1832 1095 1936 1150 Sed
1963 1111 2233 1166 nunquam
2267 1096 2318 1149 in
2351 1108 2456 1148 tam
2478 1094 2739 1147 absurdas
2763 1093 3077 1161 ineptasque
3102 1091 3401 1144 sententias

1830 1187 2044 1241 abducti
2062 1195 2263 1251 essent,
2287 1188 2331 1241 si
2365 1200 2488 1241 vere
2509 1184 2919 1247 intellexissent,
2941 1186 3111 1251 ipsum
3140 1180 3397 1243 Verbum,

1830 1290 1951 1334 cum
2000 1284 2143 1330 esset
2188 1277 2349 1338 Deus,
2390 1290 2456 1329 ex
2515 1273 2697 1328 radice
2722 1271 2876 1327 Iesse
2914 1280 2970 1325 et
3021 1271 3184 1325 David
3243 1281 3296 1323 et
3329 1285 3398 1323 ex

1831 1376 2020 1421 sancta
2070 1366 2286 1437 Virgine
2319 1366 2591 1421 hominem
2648 1365 2930 1433 prodiisse,
2964 1362 3399 1432 appellatumque

1829 1472 1947 1513 esse
1982 1458 2383 1513 Bethleemitam
2414 1458 2587 1525 ipsum
2610 1468 2786 1521 terrae,
2811 1455 2933 1509 caeli
2996 1455 3398 1508 universorum-

1829 1564 1933 1619 que
1949 1548 2256 1605 Dominum.
2284 1566 2301 1600 ι
2322 1547 2609 1604 Nobiscum
2638 1550 2779 1602 enim
2803 1547 2958 1601 simul
2984 1561 3183 1615 egenus
3209 1555 3291 1599 est
3320 1546 3399 1597 fa-

1828 1652 1971 1704 ctus,
1999 1655 2119 1693 cum
2147 1640 2296 1694 dives
2313 1650 2509 1703 esset,»
2534 1650 2590 1693 ut
2615 1639 2873 1708 scriptum
2892 1648 2974 1693 est
2994 1638 3058 1690 ⁸⁵.
3084 1635 3399 1705 Quidigitur

1831 1730 1882 1783 in
1908 1728 2213 1785 Judazorum
2241 1746 2409 1800 nugas
2440 1741 2489 1784 te
2513 1733 2625 1798 ipse
2657 1730 2903 1796 conjicis,
2940 1740 2989 1783 et
3025 1743 3085 1782 ea
3120 1729 3286 1781 sentis
3336 1742 3399 1779 ac

122 1820 359 1888 οὐρανοῦ
417 1821 517 1873 καὶ
564 1823 673 1877 τῶν
722 1824 861 1878 ὅλων
893 1828 1199 1899 Δεσπότης·
1240 1848 1259 1881 ι
1313 1830 1717 1901 Συνεπτώχευσε

1832 1820 2123 1886 dicis,qum
2158 1834 2330 1888 neque
2356 1819 2531 1887 eloqui
2554 1818 2642 1872 fas
2664 1830 2768 1881 est,
2800 1827 2854 1871 et
2901 1818 3218 1871 damnosum
3252 1816 3395 1884 cogi—

122 1912 226 1981 γὰρ
261 1913 403 1981 ἡμῖν
437 1913 699 1979 πλούσιος
730 1916 827 1981 ὢν,
873 1937 891 1969 ι
932 1919 1072 1972 κατὰ
1116 1907 1616 1991 τδγεγραμμένον.
1666 1924 1729 1980 Τί

120 2002 421 2072 τοιγαῳῦν
466 2008 591 2067 ταῖς
616 2006 726 2058 τῶν
773 2008 1044 2062 Ἰουδαίων
1074 2009 1384 2080 τερθρείαις
1421 2012 1582 2064 αὐτὸν
1615 2010 1724 2083 [lca

122 2091 345 2162 σαυτὸν]
390 2094 585 2157 ἐνιεὶς,
626 2097 981 2167 πεφρόντικάς
1019 2114 1077 2150 τε
1144 2099 1239 2152 καὶ
1285 2099 1463 2169 λέγεις
1496 2100 1531 2155 ἃ.
1589 2104 1727 2172 μήτε

120 2182 277 2250 Θέμις
317 2185 525 2251 εἰπεῖν,
562 2188 698 2258 μήτε
746 2188 853 2259 μὴν
901 2191 1103 2243 ἐννοεῖν
1134 2189 1401 2261 ἀζήμιον;
1435 2192 1571 2245 Ἕνα
1606 2193 1726 2263 μεθ’

119 2275 276 2341 ἡμῶν
309 2276 575 2343 ὁμολόγει
610 2278 877 2349 Χριστόν·
911 2282 1004 2334 καὶ
1036 2282 1111 2351 μὴ
1156 2280 1459 2352 διατέμνων
1511 2286 1589 2347 είς
1635 2284 1727 2337 δύο

117 2362 177 2430 δὴ
229 2365 400 2417 πάλιν
437 2367 622 2419 ἐκεῖνο
649 2366 775 2435 λέγε
796 2385 809 2397 ·
860 2369 1161 2440 ’Δπεστάλη
1195 2372 1223 2424 6
1260 2373 1388 2443 ἡμῖν
1421 2374 1722 2443 όμοούσιος,

119 2457 209 2505 καὶ
252 2456 556 2525 κέχρισται
606 2458 895 2529 κηρύττων
944 2460 1316 2531 αἰχμαλώτοις
1361 2464 1575 2533 ἄφεσιν,
1631 2468 1724 2519 καὶ

116 2544 341 2609 τυφλοῖς
382 2546 711 2616 ἀνάϐλεψιν.
769 2544 907 2602 Εἶτα
954 2551 1076 2603 ὅποι
1125 2552 1257 2605 ποτὲ
1303 2553 1565 2622 βαδιεῖται
1616 2554 1724 2608 τῶν

118 2633 405 2703 θεηγὸρων
444 2638 475 2687 6
508 2636 685 2703 λόγος,
722 2636 770 2689 οἳ
808 2641 1159 2707 μυσταγωγοὶ
1191 2641 1443 2709 γεγόνασι
1491 2642 1589 2711 τῆς
1632 2644 1721 2695 ὑπ’

118 2726 389 2793 οὐρανόν;
426 2727 607 2780 Αὐτὸν
637 2728 745 2798 γὰρ
778 2729 1173 2801 διακεκράγασι
1214 2732 1305 2784 τὸν
1333 2734 1397 2784 ὲκ
1437 2733 1572 2786 Θεοῦ
1607 2735 1720 2787 Πα-

117 2817 241 2884 τρὸς
270 2818 479 2882 Λόγον,
518 2819 747 2889 Σωτῆρα
793 2820 903 2872 τῶν
932 2820 1067 2873 ὅλων
1097 2822 1349 2889 γενέσθαι
1382 2824 1475 2876 καὶ
1497 2825 1720 2897 Λυτρωαο

116 2910 233 2975 τὴν,
266 2908 370 2990 οὐχ
400 2907 484 2969 ὡς
514 2908 804 2979 ἀνθρώπου
840 2910 1217 2979 μεσιτεύοντος
1250 2915 1378 2985 παρ’
1405 2916 1567 2968 αὑτὸν
1605 2919 1721 2970 ἐτέ-

121 3016 231 3065 ρου,
254 2998 524 3068 καθάπερ
558 3000 751 3069 ἀμέλει
786 3002 879 3053 καὶ
912 3004 940 3054 6
961 3002 1183 3073 Μωσῆς,
1203 3006 1259 3055 ὲν
1289 3005 1493 3059 εῖδειδὲ
1519 3008 1719 3075 μᾶλλον

116 3091 208 3187 καὶ
256 3091 582 3187 ὁμοιώματι
631 3090 937 3187 ρωματικῷ
987 3093 1122 3163 πρὸς
1166 3097 1316 3165 ἡμᾶς
1366 3098 1715 3167 καθιγμένον.
1746 3131 1788 3187 C

116 3180 427 3250 Κέχρισται
460 3180 574 3250 γὰρ
602 3174 756 3243 οὗτος
784 3183 865 3245 είς
911 3184 1196 3255 Ἀρχιερέα
1224 3188 1314 3239 καὶ
1359 3189 1677 3243 Ἀπόστολον
1698 3209 1714 3225 ο

114 3274 204 3324 καὶ
236 3272 376 3339 γοῦν
427 3272 707 3334 Ἰουδαίοις
736 3275 994 3343 ἐπετίμα,
1022 3274 1224 3343 λέγων·
1264 3296 1281 3327 ι
1319 3279 1430 3331 Οὐκ
1476 3279 1589 3334 ἔστι
1620 3300 1715 3350 γε·

114 3362 448 3433 γραμμὲνον
479 3365 536 3417 ὲν
569 3362 646 3433 τῷ
676 3364 824 3433 νόμῳ
852 3364 1028 3435 ὑμῶν·
1062 3366 1202 3434 Ἐγὼ
1217 3364 1370 3421 εἶπα·
1395 3370 1518 3422 Θεοί
1550 3374 1671 3425 ἐστε
1696 3391 1710 3437 ;

113 3454 173 3506 Εἰ
205 3455 466 3517 ἐκείνους
510 3451 632 3506 εἷπε
676 3455 830 3519 θεοὺς
863 3457 1001 3527 πρὸς
1043 3457 1135 3521 οὓς
1175 3462 1204 3513 6
1247 3459 1403 3529 λόγος
1452 3458 1547 3515 τοῦ
1580 3464 1711 3516 Θεοῦ

114 3547 356 3612 ἐγένετο,
391 3548 492 3599 καὶ
521 3547 584 3599 οὐ
614 3547 839 3601 δύναται
871 3548 1097 3620 λυθῆναι
1145 3554 1178 3622 ἡ
1210 3552 1419 3623 Γραφὴ,
1450 3554 1509 3606 ὃν
1538 3558 1566 3608 6
1600 3557 1713 3610 Πα-

112 3638 211 3705 τὴρ
258 3638 469 3706 ἡγίασε
515 3638 613 3690 καὶ
651 3640 972 3693 ἀπέστειλεν
1020 3642 1101 3704 είς
1147 3643 1239 3694 τὸν
1288 3644 1523 3714 κόσμον,
1556 3646 1713 3715 ὑμεῖς

114 3731 327 3799 ὶέγετε,
364 3732 450 3783 ὅτι
492 3730 868 3801 Βλασφημεῖς,
917 3733 999 3785 ὅτι
1036 3726 1222 3787 εἴπονο
1261 3735 1388 3798 Υἱὸς
1433 3736 1529 3790 τοῦ
1574 3735 1708 3791 Θεοῦ

112 3825 258 3890 alyn;
301 3842 321 3873 ι
378 3821 529 3873 Ἀνθ’
578 3822 700 3874 ὅτου
733 3822 791 3875 δὲ
838 3822 901 3894 δὴ
943 3803 1034 3876 τον
1066 3824 1256 3878 ἑαυτὸν
1291 3827 1528 3881 καθέντα
1575 3829 1710 3899 πρὸς

112 3914 345 3965 κένωσιν
401 3913 496 3964 ἶνα
546 3910 699 3984 σώσῃ
739 3912 839 3982 τὴν
890 3912 982 3965 ὑπ’
1010 3913 1258 3983 οὐρανὸν,
1304 3916 1413 3968 τῶν
1445 3919 1525 3981 εἰς
1563 3921 1709 3987 ἡμᾶς

112 4005 418 4073 γεγονότων
452 4002 969 4073 θεοπρεπεστάτων,
996 4006 1092 4058 καὶ
1121 4005 1466 4074 ἀξιαγάστων
1494 4009 1706 4079 ἀληθῶς

112 4098 571 4167 κατορθωμάτων
601 4095 980 4166 ὲκπέμψομεν,
1004 4098 1339 4151 ἀπεστάλθαι
1366 4098 1612 4168 λέγοντες
1633 4102 1709 4164 ὡς

110 4192 289 4261 ἔτερόν
320 4206 451 4241 τινα
486 4188 621 4258 παρ’
650 4188 813 4240 αὐτὸν
847 4189 980 4257 ἡμῖν
1011 4188 1331 4257 όμοούσιον;
1370 4192 1558 4244 Καίτοι
1591 4192 1707 4255 πῶς

109 4283 197 4333 οὐκ
223 4282 461 4349 ἄμεινον
494 4280 690 4341 εἰπεῖν,
725 4279 820 4330 καὶ
851 4279 959 4350 μὴν
993 4280 1086 4333 καὶ
1117 4280 1331 4333 ἑλέσθαι
1363 4285 1599 4352 φρονεῖν,
1631 4284 1705 4348 ὡς

108 4371 447 4427 ἀπέσταλται
467 4388 528 4422 τε
558 4373 653 4423 καὶ
675 4371 902 4439 γέγονεν
925 4373 1055 4441 ἡμῖν
1076 4373 1378 4443 όμοούσιος,
1405 4376 1701 4439 τουτέστιν,

1832 1909 1988 1963 tare?
2017 1908 2189 1963 Unum
2226 1911 2503 1964 nobiscum
2551 1911 2850 1964 consistere
2896 1910 3189 1975 Christum,
3224 1922 3399 1977 neque

1832 2004 1883 2055 in
1914 2002 2018 2055 duo
2046 2018 2258 2056 rursum
2294 2002 2540 2057 dividens
2562 2004 2711 2057 dicas
2742 2017 2755 2055 :
2788 2002 2985 2057 Missus
3017 2013 3099 2056 est
3124 2003 3211 2056 ille
3243 2002 3397 2055 nobis

1829 2093 2325 2157 coiisnbstantialis,
2355 2103 2408 2148 et
2466 2106 2660 2149 unctus
2708 2105 2789 2148 est
2836 2094 3133 2161 praedicans
3171 2094 3396 2163 captivis

1831 2183 2154 2247 libertatem,
2204 2192 2258 2237 el.
2309 2183 2468 2239 caecis
2509 2184 2679 2236 visum
2712 2184 2776 2235 '°.
2808 2184 2965 2251 Atqui
3020 2200 3127 2251 quo
3176 2183 3392 2235 tandem

1828 2274 1980 2328 ibunt
2004 2274 2373 2344 theologorum
2398 2275 2583 2339 verba,
2606 2276 2696 2343 qui
2734 2276 2982 2328 doctores
3012 2273 3161 2328 orbis
3220 2283 3393 2327 terra-

1827 2382 1943 2419 rum
1982 2366 2231 2419 fnerunt?
2251 2365 2429 2435 Ipsum
2455 2381 2687 2435 namque
2717 2381 2780 2418 ex
2804 2367 2913 2421 Deo
2944 2366 3103 2419 Patre
3158 2365 3390 2420 Verbum

1826 2457 2160 2513 Salvatorem
2183 2473 2245 2512 ac
2269 2459 2683 2527 Redemptorem
2709 2460 2948 2513 omnium
2968 2460 3394 2527 prmdicaverunt

1828 2566 1931 2602 non
1963 2551 2118 2619 quasi
2152 2550 2312 2604 homo
2343 2551 2490 2604 aheo
2523 2550 2765 2604 diversus
2793 2548 3107 2617 interiectus
3158 2550 3225 2604 sit
3277 2563 3390 2601 me-

1824 2641 2018 2704 diator,
2070 2650 2123 2693 ut
2184 2640 2343 2708 plane
2394 2639 2588 2703 Moses,
2642 2642 2732 2694 sed
2783 2641 2959 2708 potius
2989 2641 3129 2707 quod
3158 2642 3243 2694 ille
3274 2641 3393 2707 ipse

1824 2733 2004 2799 specie
2027 2747 2089 2785 ac
2116 2730 2469 2786 similitudine
2491 2747 2750 2801 corporea
2784 2732 2849 2785 ad
2898 2747 2995 2785 nos
3030 2734 3385 2785 desoenderit.

1825 2823 1921 2882 llic
1960 2838 2190 2892 namque
2225 2824 2277 2877 in
2304 2824 2619 2892 Apostolum
2648 2834 2700 2877 et
2729 2822 3037 2878 Pontilicem
3052 2835 3133 2877 est
3158 2835 3349 2878 unctus
3374 2843 3387 2878 :

1826 2918 2006 2985 itaque
2037 2916 2249 2971 Judznns
2277 2914 2630 2981 coarguebat,
2658 2913 2842 2967 dicens
2881 2928 2894 2964 :
2969 2931 2986 2963 ‹
3026 2910 3211 2965 Nonne
3262 2914 3390 2966 scri-

1823 3022 1969 3078 ptum
1992 3012 2143 3064 estin
2182 3012 2295 3079 lege
2322 3014 2495 3065 vestra
2533 3019 2547 3064 ε
2582 3004 2689 3073 Ego
2707 3005 2840 3067 diXi.
2874 3002 2953 3056 Dii
2994 3003 3160 3057 CSliS?
3193 3003 3247 3056 Si
3276 3004 3392 3057 illos

1823 3102 1955 3155 dixit
1978 3105 2125 3166 deos,
2155 3103 2219 3154 ad
2243 3116 2377 3170 quos
2412 3117 2589 3156 sermo
2627 3095 2713 3155 Dei
2747 3096 2919 3153 factus
2951 3108 3050 3159 est,
3083 3108 3135 3149 et
3164 3112 3265 3148 non
3301 3111 3393 3165 pn-

1826 3203 1929 3245 test
1968 3193 2099 3245 solvi
2129 3191 2434 3261 Scriptura;
2487 3193 2598 3262 80
2620 3208 2776 3261 quem
2830 3192 2989 3247 Pater
3030 3183 3391 3246 sanciiﬁcavit

1822 3292 1876 3335 et
1921 3283 2064 3334 misit
2114 3282 2164 3332 in
2216 3281 2507 3343 mundum,
2571 3297 2663 3333 vos
2723 3282 2954 3335 dicitis:
2998 3280 3385 3349 Blnsphemas,

1821 3375 1943 3441 quia
1966 3373 2097 3435 dixi,
2132 3371 2296 3425 Filius
2326 3372 2414 3425 Dei
2442 3388 2559 3426 sum
2591 3373 2678 3424 ‘7?
2712 3392 2729 3423 ι
2766 3373 2879 3437 Qua
2950 3389 3075 3428 vero
3122 3376 3186 3427 de
3222 3391 3386 3429 causa

1822 3464 1967 3517 illum
1990 3464 2077 3530 qui
2107 3478 2166 3515 se
2194 3465 2257 3515 ad
2288 3462 2708 3515 exinanitionem
2740 3464 2959 3516 demisit
2991 3473 3043 3516 ut
3066 3466 3250 3517 urbem
3280 3476 3387 3518 ter-

1822 3568 2001 3607 rarum
2029 3554 2232 3605 salvum
2279 3554 2498 3612 faceret,
2549 3569 2577 3605 a
2635 3555 2793 3607 rebus
2821 3570 2946 3623 erga
2983 3572 3077 3610 nos
3129 3558 3387 3613 divinitus

1819 3644 1974 3712 plane
2008 3653 2062 3696 et
2095 3643 2482 3697 admirabiliter
2511 3646 2676 3711 gestis
2734 3648 3103 3713 exeludemus,
3164 3652 3384 3705 missum

1818 3736 1984 3790 inisse
2008 3736 2246 3789 dicentes
2281 3734 2428 3787 illum
2462 3736 2617 3788 nobis
2647 3737 3187 3805 consubstantialem,
3224 3746 3378 3809 quasi

1816 3828 1978 3880 alium
2011 3826 2077 3879 ab
2103 3840 2168 3879 eo
2196 3826 2505 3879 diversum?
2537 3828 2697 3893 Atqui
2734 3844 2911 3882 nonne
2933 3832 3101 3884 satius
3150 3846 3266 3886 erat
3305 3836 3385 3887 tli-

1814 3930 1958 3978 cere,
1997 3915 2103 3968 imo
2124 3928 2249 3967 vero
2275 3927 2342 3965 ex
2371 3914 2552 3967 animo
2600 3917 2821 3981 sentire,
2875 3920 3094 3971 missum
3156 3922 3374 3988 quidem

1814 4022 1933 4060 esse
1959 4006 2179 4058 illumet
2214 4004 2413 4059 factum
2485 4008 3001 4061 consuhstantialem
3053 4010 3227 4076 nobis,
3282 4014 3383 4066 hoc

1815 4110 1916 4163 est,
1940 4098 2244 4161 hominem;
2278 4098 2371 4151 sed
2401 4099 2665 4151 mansisse
2685 4107 2859 4151 tamen
2887 4101 2983 4167 ipsi
3012 4101 3117 4155 Deo
3148 4118 3212 4155 ac
3240 4103 3382 4158 Patri

1814 4188 2352 4251 consuhstantialem,
2387 4204 2489 4256 qua
2518 4200 2571 4242 et
2602 4192 2889 4256 cogitatur,
2924 4204 2977 4245 et
3030 4206 3167 4260 erat,
3199 4207 3255 4249 et
3304 4210 3387 4250 est

1818 4278 1987 4331 Deus?
2023 4278 2113 4331 Est
2154 4292 2407 4344 namque,
2451 4287 2556 4342 est,
2600 4279 2838 4345 inquam,
2879 4283 3016 4348 quod
3056 4294 3190 4347 erat,
3220 4287 3382 4337 etiam

1813 4386 1932 4424 cum
1959 4370 2248 4438 assumpsit
2277 4380 2521 4423 naturam
2558 4371 2866 4435 humanam,
2923 4382 2976 4426 et
3004 4378 3247 4429 eamdem
3295 4393 3383 4429 es-

108 4465 392 4534 ἄνθρωπος
417 4481 433 4494 ’
486 4462 784 4532 ὀμοούσιος,
821 4463 878 4515 δὲ
928 4463 1257 4535 μεμενηκὼς
1308 4467 1401 4518 καὶ
1438 4467 1588 4536 αὐτῷ
1630 4466 1707 4535 τῷ

1822 4462 2037 4515 sentiam
2070 4461 2274 4514 habens
2299 4477 2418 4515 cum
2446 4460 2605 4513 Patre
2632 4462 2719 4527 qui
2748 4471 2831 4515 est
2893 4464 2942 4515 in
2980 4467 3130 4518 caelis
3160 4482 3223 4520 ac
3253 4467 3378 4531 Deo,

107 4556 213 4623 Θεῷ
266 4556 366 4608 καὶ
404 4553 611 4623 Πατρὶ,
662 4552 800 4605 καθὸ
844 4552 938 4605 καὶ
980 4556 1197 4619 νοεῖται,
1243 4556 1337 4609 καὶ
1372 4552 1440 4627 ἦν
1487 4575 1568 4619 τε,
1612 4559 1707 4610 καὶ

108 4647 209 4700 ἔστι
241 4646 421 4709 Θεόςς
460 4644 581 4697 ἔστι
610 4647 740 4715 γὰρ,
774 4644 961 4696 Ἔστιν
988 4644 1017 4696 ὃ
1050 4640 1139 4715 ἦν,
1168 4647 1617 4717 καὶ-προσλαϐὼν
1646 4648 1706 4699 τὸ

108 4739 487 4809 ἀνθρώπινον,
545 4737 686 4805 ἔχων
751 4734 808 4787 δὲ
862 4735 961 4804 τὴν
1014 4737 1317 4806 ταυτότητα
1372 4738 1469 4807 τῆς
1517 4739 1705 4800 οὐσίας

108 4832 232 4901 πρὸς
269 4831 369 4882 τὸν
402 4831 467 4881 ὲν
513 4830 629 4889 τοῖς
655 4827 902 4897 οὐρανοῖς
943 4827 1161 4898 Πατέρα
1194 4829 1286 4880 καὶ
1316 4828 1467 4888 Θεὸν,
1502 4829 1701 4880 ἐπελά-

108 4921 215 4974 6ετο
248 4920 442 4989 σοφῶς
478 4920 573 4971 καὶ
609 4919 709 4987 τῆς
742 4918 879 4988 πρὸς
906 4919 1051 4987 ἡμᾶς
1084 4919 1400 4989 ὁμοιότητος
1421 4937 1433 4949 ⁸
1464 4919 1698 4972 τέθειται

106 5015 154 5065 δὲ
176 5016 268 5066 καὶ
301 5013 565 5082 μεσίτης,
600 5010 835 5062 συνδέων
856 5010 921 5062 δι’
942 5010 1134 5063 ἑαυτοῦ
1162 5011 1299 5080 πρὸς
1324 5011 1551 5081 ἑνότητα
1577 5028 1698 5079 σχε-

106 5106 251 5174 τικὴν
301 5106 373 5155 τὰ
411 5106 531 5164 τοῖς
572 5102 675 5169 τῆς
710 5100 927 5167 φύσεως
972 5100 1151 5167 λόγοις
1200 5102 1505 5170 ὁλοτρόπως
1536 5100 1698 5169 ἀλλή-

1810 4549 2043 4616 suscepit
2074 4550 2300 4616 sapienti
2328 4549 2553 4601 consilio
2585 4560 2821 4603 nostram
2858 4566 3071 4620 quoque
3129 4557 3382 4610 similitu-

1810 4642 2008 4693 (linem.
2037 4639 2164 4706 quin
2188 4642 2351 4692 etiam
2405 4641 2611 4708 pesitus
2671 4650 2754 4695 est
2802 4644 3086 4709 mediator,
3137 4650 3225 4714 qui
3281 4667 3379 4719 per

1807 4732 2041 4796 seipsqu
2068 4734 2134 4784 ad
2173 4731 2523 4799 respectivam
2562 4732 2819 4783 unitatem
2853 4735 3131 4801 colligaret
3157 4754 3220 4791 ea
3252 4757 3376 4809 qua:

1806 4832 2011 4874 naturae
2054 4822 2347 4876 rationibus
2373 4824 2583 4892 penitus
2607 4834 2759 4877 erant
2787 4828 2924 4879 inter
2965 4842 3049 4881 se.
3084 4832 3371 4900 disjuncta.

1808 4911 1940 4965 Nam
1966 4913 2055 4981 qui
2091 4914 2226 4967 Deus
2251 4925 2369 4968 erat
2396 4930 2460 4967 ex
2496 4924 2705 4978 natura,
2740 4914 2912 4971 factus
2963 4933 3045 4972 est
3078 4921 3239 4977 homo
3288 4942 3375 4980 se-

1808 5005 2038 5057 cundum
2074 5006 2377 5069 veritatem,
2406 5015 2463 5057 ut
2488 5020 2581 5058 nos
2615 5022 2830 5075 quoque
2859 5010 3027 5063 simus
3073 5027 3239 5082 genus
3268 5032 3372 5088 non

1791 5095 1904 5161 jam
1942 5097 2083 5150 illius
2108 5098 2291 5164 primi,
2320 5099 2421 5150 hoc
2471 5106 2573 5161 est,
2613 5101 2831 5163 terreni,
2891 5104 2954 5153 ad
2984 5118 3141 5171 quem
3168 5106 3367 5160 dictum

110 5194 204 5245 λων
239 5191 581 5264 διῃρημένα.
625 5190 822 5254 Γέγονε
870 5190 997 5258 γὰρ,
1038 5190 1167 5250 Θεὸς
1200 5189 1275 5241 ὢν
1321 5190 1502 5258 φύσει,
1558 5192 1696 5243 κατά

1822 5197 1883 5239 εει
1921 5203 1948 5239 a
1983 5189 2107 5241 Deo.
2149 5206 2166 5236 ι
2236 5187 2402 5241 Terra
2456 5204 2534 5252 es,
2560 5202 2613 5243 et
2669 5193 2718 5245 in
2767 5200 2970 5245 terram
3003 5196 3103 5248 ibis
3125 5196 3191 5262 ⁸⁸,
3233 5215 3250 5247 ι
3278 5200 3366 5266 qui

110 5289 359 5356 ἀληθειαν
421 5284 739 5353 ἄνθρωπος,
791 5281 878 5332 ἴνα
924 5284 1015 5333 καὶ
1063 5284 1221 5351 ἡμεῖς
1268 5283 1696 5351 χρηματίσωμεν

1822 5277 1961 5329 :tiam
2000 5277 2382 5331 transmittitin
2416 5291 2676 5345 mortem;
2718 5283 2810 5336 sed
2836 5282 2980 5336 illius
3025 5285 3244 5338 secundi
3275 5289 3366 5354 qui

108 5380 271 5439 γένος,
303 5373 495 5425 οὐκέτι
519 5370 615 5422 τοῦ
645 5371 885 5437 πρώτου,
915 5371 1182 5434 τουτέστι,
1204 5370 1299 5423 τοῦ
1330 5370 1531 5439 χοϊκοῦ,
1560 5371 1695 5439 πρὸς

1822 5379 1879 5422 εει
1900 5383 2134 5438 superne
2155 5378 2207 5424 et
2238 5386 2267 5424 e
2302 5373 2460 5435 caelo,
2488 5372 2716 5437 Christi,
2756 5374 2999 5441 inquam,
3036 5378 3125 5444 qui
3161 5394 3256 5431 nos
3304 5381 3368 5431 ad

107 5465 159 5515 ἰν
186 5468 397 5533 εἴρηται
453 5463 609 5531 παρὰ
661 5460 820 5524 Θεοῦ,
874 5480 889 5509 ι
934 5461 1008 5529 Γῆ
1036 5461 1107 5525 εἶ,
1166 5479 1257 5513 και
1302 5464 1382 5523 εἰς
1429 5463 1531 5532 γῆν
1582 5463 1691 5513 ἁπ-

1799 5461 2160 5514 immortalem
2192 5462 2355 5515 vitam
2384 5465 2618 5527 reduxit,
2650 5474 2702 5518 et
2749 5474 2993 5519 naturam
3046 5470 3203 5521 morti
3267 5472 3367 5522 ob~

110 5555 310 5625 εὶεύτῃ,
335 5576 352 5605 ι
374 5553 473 5606 τοῦ
508 5552 602 5605 καὶ
650 5552 730 5615 είς
776 5549 1005 5603 θάνατον
1036 5552 1520 5621 παραπέμποντος·
1554 5550 1689 5605 ἀλλὰ

1822 5553 2032 5617 ιοκὶειιη,
2064 5552 2241 5609 είΐεοῑι
2272 5555 2751 5627 incorruptibilem,
2784 5569 2835 5611 et
2869 5559 3105 5627 peccatis
3139 5562 3367 5614 exsolvit

135 5733 242 5765 su.
280 5734 439 5789 χολη.
480 5730 773 5796 κηἰοῲέ,
818 5727 925 5781 5"Il
969 5728 1091 5782 Cnt'.
1135 5730 1315 5792 '-'lll,9.

1395 5729 1437 5758 5“
1478 5728 1579 5781 lsa.
1616 5742 1727 5792 LXI,
1771 5728 1822 5793 l;
1863 5726 1991 5782 an.
2025 5740 2095 5794 Iv,
2134 5730 2216 5787 19.
2294 5729 2339 5760 ⁸⁷
2378 5729 2530 5784 ιῘιιίΙΙΙ.
2567 5748 2618 5795 x,
2654 5732 2835 5785 31-35.

2917 5735 2958 5767 ³⁵
3000 5733 3127 5785 Cen.
3164 5749 3241 5793 lll,
3283 5734 3364 5788 l9.
