4040 6432
686 320 788 372 143

1684 319 1741 376 S.
1783 318 2050 374 CYRILLI
2087 315 2550 373 ALEXANDRINI
2591 316 2908 373 ARCHIEP.

3814 325 3922 376 144

685 435 886 502 peccati
918 433 1124 500 laqueis
1158 433 1506 500 implicatam.
1529 436 1617 488 Sic
1644 453 1775 491 sane
1814 439 1926 505 ipse
1967 437 2128 492 Pater
2156 439 2233 491 al-

2339 435 2433 486 τοῦ
2465 435 2738 505 δευτέρου,
2789 434 2878 488 τοῦ
2913 437 3119 488 ἄνωθεν
3164 454 3254 489 και
3286 437 3345 503 ἐξ
3374 439 3623 508 οὐρανοῦ,
3667 441 3808 510 φημὶ
3853 442 3922 509 δὴ

683 525 916 594 loquitur
936 522 1126 577 Filium
1155 543 1165 577 :
1193 542 1209 574 ι
1236 525 1371 579 Ecce
1388 527 1504 579 dedi
1525 535 1575 579 te
1593 521 1670 596 [in
1696 527 1868 583 fmdus
1899 529 2160 601 generis,]
2185 531 2235 583 in

681 613 854 667 lucem
883 615 1140 679 gentium,
1163 618 1470 684 utaperires
1495 620 1679 674 oculos
1713 635 2000 684 caecorum,
2029 631 2087 675 ut
2108 624 2238 676 edu-

679 718 832 759 ceres
860 705 1065 759 vinctos
1083 719 1150 759 ex
1188 708 1512 766 vmculis.et
1549 724 1616 762 ex
1658 712 1816 764 domo
1865 713 2099 767 carceris
2155 727 2240 766 se-

678 796 864 851 dentes
893 798 943 849 in
966 798 1198 851 tenebris
1226 799 1290 852 ⁵⁹.
1332 817 1350 850 ι
1386 801 1455 854 Et
1477 802 1669 856 iterum
1705 817 1800 872 per
1824 802 1975 859 Isaiae
2005 819 2188 859 vocem
2219 823 2234 859 :

683 903 702 937 ι
745 885 1071 943 Benedieent
1094 903 1176 943 me
1213 890 1396 945 bestiae
1427 894 1564 961 agri,
1597 895 1790 950 sirenae
1815 904 1868 949 et
1945 897 2067 951 ﬁliae
2091 910 2236 952 stru-

678 978 962 1031 thionum:
998 979 1123 1047 quia
1146 979 1267 1035 dedi
1302 982 1354 1034 in
1385 982 1600 1038 deserto
1623 1000 1842 1054 aquam,
1872 997 1926 1042 et
1959 989 2149 1044 ﬂuvios
2185 991 2237 1045 in

679 1075 820 1119 terra
851 1066 1133 1135 inaquosa,
1167 1081 1225 1123 ut
1262 1081 1443 1139 potum
1471 1074 1657 1129 darem
1689 1080 1873 1148 generi
1904 1094 2023 1135 meo
2039 1082 2234 1146 electo,

677 1157 873 1224 popqu
891 1173 1049 1227 quem
1078 1163 1337 1230 acquisivi
1382 1174 1438 1217 ut
1465 1166 1687 1222 virtutes
1721 1184 1869 1224 meas
1895 1183 2078 1226 narret
2107 1172 2171 1225 “.
2211 1193 2230 1224 ι

677 1245 829 1312 Quod
852 1263 970 1301 cum
993 1249 1158 1318 probe
1185 1252 1504 1322 intelligeret
1526 1255 1715 1313 beatus
1740 1258 2030 1325 Petrus,iis
2061 1264 2148 1331 qui
2168 1278 2235 1318 ex

678 1337 924 1405 gentibus
955 1352 1051 1407 per
1078 1339 1233 1394 [idem
1269 1345 1335 1395 ad
1365 1359 1544 1399 veram
1578 1346 1669 1402 Dei
1726 1350 2084 1420 cognitionem
2144 1369 2238 1408 vo-

677 1426 784 1480 cati
822 1437 976 1482 erant
1007 1429 1270 1495 scribens,
1299 1435 1416 1486 ait:
1452 1455 1471 1485 ι
1515 1437 1628 1512 Vos~
1667 1448 1845 1493 autem
1906 1456 2073 1509 genus
2125 1447 2237 1500 ele-

676 1526 844 1580 ctum,
881 1519 1056 1588 regale
1085 1523 1471 1588 sacerdotium,
1510 1541 1643 1596 gens
1668 1540 1879 1597 sancta,
1930 1535 2154 1603 p0pulus
2181 1537 2234 1590 in

679 1611 1112 1679 acquisitionem,
1141 1614 1441 1671 utvirtutes
1471 1621 1802 1676 annuntietis
1835 1623 1972 1691 ejus,
2011 1628 2102 1696 qui
2139 1642 2236 1683 vos

677 1703 743 1753 de
776 1703 1011 1757 tenebris
1033 1705 1244 1758 vocavit
1267 1705 1319 1758 in
1347 1707 1662 1765 admirabile
1689 1710 1870 1768 lumen
1921 1730 2075 1770 suum
2102 1736 2116 1772 :
2142 1720 2233 1788 qui

2341 523 2598 592 Χριστοῦ,
2628 524 2722 577 τοῦ
2752 525 2885 594 πρὸς
2918 525 3061 596 ζωὴν
3100 527 3245 596 ἡμᾶς
3269 529 3366 597 τὴν
3404 531 3681 600 ἀκήρατον
3710 533 3924 600 ἀναφέ-

2345 631 2547 684 ροντος,
2582 615 2678 667 καὶ
2708 614 2984 685 ἄφθαρτον
3014 617 3404 684 ἀποφαίνοντος
3446 620 3507 670 τὸ
3539 620 3754 690 Θανάτῳ
3781 623 3925 675 κάτ-

2339 721 2484 772 οχον,
2520 703 2614 757 καὶ
2635 704 3067 768 ἀπαλλάττοντος
3109 708 3392 777 ἁμαρτιῶν
3420 710 3481 761 τὸ
3504 710 3606 780 τῆς
3643 713 3926 782 ἁμαρτίας

2342 794 2554 864 βρόχοις
2585 795 2993 866 ἐνειλημμένον.
3019 797 3175 852 Οὕτω
3205 817 3305 852 που
3332 803 3466 872 πρὸς
3487 805 3576 856 τὸν
3600 806 3727 857 Υίὸν
3752 808 3928 867 αὑτός

2341 900 2505 954 φησιν
2549 886 2577 936 6
2610 887 2833 956 Πατήρο
2873 904 2893 938 ι
2946 887 3074 940 Ἰδοὺ
3107 889 3314 944 δέδωκά
3366 910 3423 944 σε
3463 895 3542 957 είς
3577 896 3690 962 φῶς
3722 897 3924 955 ἐθνῶν,

2339 973 2545 1037 ἀνοῖξαι
2574 975 2884 1046 ὀφθαλμοὺς
2900 978 3136 1046 τυφλῶν,
3166 982 3452 1051 ἐξαγαγεῖν
3489 987 3554 1039 ἐκ
3585 986 3798 1058 δεσμῶν
3831 989 3929 1042 δε-

2337 1063 2625 1134 δεμένους,
2688 1069 2781 1120 καὶ
2833 1069 2892 1132 ἐξ
2949 1069 3098 1123 οἴκου
3157 1073 3404 1144 φυλακῆς
3454 1077 3796 1147 καθημένους
3869 1082 3929 1131 ἐν

2339 1156 2519 1209 σκότει
2537 1195 2551 1209 .
2580 1176 2598 1208 ι
2620 1160 2729 1212 Καὶ
2759 1161 2918 1213 πάλιν
2944 1162 3030 1214 διά
3057 1166 3239 1235 φωνῆς
3276 1166 3497 1221 Ἡσαΐου
3518 1187 3531 1200 ο
3567 1188 3584 1220 t
3621 1172 3927 1242 Εὐλογήσει

2340 1263 2407 1314 με
2454 1249 2521 1299 τὰ
2573 1246 2735 1318 θηρία
2783 1250 2876 1302 τοῦ
2927 1253 3132 1321 ἀγροῦ,
3179 1256 3427 1328 σειρῆνες
3479 1259 3570 1312 καὶ
3622 1261 3930 1332 θυγατέρες

2340 1338 2617 1408 στρουθῶν
2638 1357 2652 1371 σ
2683 1341 2763 1392 ὃτι
2787 1343 2964 1395 ἔδωκα
3003 1349 3061 1397 ἐν
3095 1349 3158 1416 τῇ
3190 1349 3381 1419 ἐρήμῳ
3415 1350 3577 1422 ὕδωρ,
3627 1356 3720 1406 καὶ
3750 1373 3929 1409 ποτα-

2339 1428 2471 1496 μοὺς
2500 1429 2557 1480 ἐν
2587 1432 2658 1499 γῇ
2704 1430 2936 1500 ἀνύδρῳ,
2987 1436 3202 1489 ποτίσαι
3233 1439 3292 1491 τὸ
3329 1441 3483 1506 γένος
3518 1461 3617 1510 μου
3668 1445 3726 1497 τὸ
3762 1447 3926 1499 ἐκλε-

2338 1518 2462 1568 κτόν
2485 1535 2498 1548 ·
2540 1518 2686 1584 λαὸν,
2722 1520 2780 1573 ὃν
2810 1528 3284 1598 περιεποιησάμην
3327 1532 3424 1594 τὰς
3458 1534 3658 1603 ἀρετάς
3703 1554 3805 1606 μου
3839 1539 3926 1591 δια

2335 1609 2603 1677 ηγείσθαι.
2633 1630 2650 1660 ι
2694 1613 2758 1663 "O
2792 1612 2855 1684 δὴ
2885 1616 2977 1667 καὶ
3011 1619 3210 1683 συνιεὶς
3233 1616 3291 1673 εῦ
3329 1622 3494 1691 μάλα,
3519 1628 3628 1690 τοῖς
3650 1627 3710 1692 ἐξ
3741 1630 3925 1682 ἐθνῶν

2335 1700 2422 1752 διὰ
2471 1702 2705 1765 πίστεως
2755 1706 3148 1776 κεκλημένοις,
3217 1716 3298 1776 είς
3353 1714 3680 1786 θεογνωσίαν
3734 1721 3924 1792 ἁληθῆ

677 1790 965 1859 aliquando
1004 1808 1106 1847 non
1136 1795 1382 1863 populus,
1436 1813 1578 1852 nunc
1630 1809 1810 1856 autem
1852 1805 2075 1873 populus
2106 1777 2173 1859 “:
2209 1827 2227 1858 ι

2335 1790 2534 1858 γράφει
2560 1792 2654 1845 καί
2687 1810 2849 1864 φησιν
2878 1799 2906 1848 6
2935 1796 3217 1865 θεσπέσιος
3265 1777 3507 1876 Πέτρος·
3547 1828 3565 1859 ι
3629 1777 3837 1880 Ὑμεῖς,
3862 1777 3926 1865 δέ

676 1881 825 1946 Quod
857 1882 903 1935 si
954 1887 1401 1949 quemadmodum
1463 1888 1558 1941 tibi
1620 1891 1720 1961 ipsi
1807 1903 1861 1946 et
1922 1897 2124 1953 sentire
2180 1909 2237 1952 et

675 1973 856 2026 dicere
931 1975 1121 2042 placet,
1203 1977 1400 2032 missus
1492 1986 1574 2034 est
1637 1983 1727 2036 ille
1797 1985 1950 2040 nobis
2003 1990 2237 2045 consub-

673 2064 961 2129 stantialis,
1010 2082 1116 2121 non
1183 2069 1285 2136 ipsi
1349 2069 1522 2139 Patri,
1567 2074 1715 2128 nullo
1787 2076 1947 2131 modo
1995 2093 2095 2134 nos
2151 2079 2234 2134 fa-

672 2157 743 2208 cti
810 2170 996 2211 sumus
1051 2158 1247 2213 divinae
1299 2171 1501 2216 natura:
1531 2174 1847 2221 consortes:
1910 2171 2233 2237 mansimus,

669 2235 868 2314 aliut
924 2246 1057 2314 dixi,
1108 2257 1163 2303 et
1201 2249 1375 2305 adhuc
1444 2267 1630 2307 sumus
1675 2271 1843 2324 genus
1883 2259 2023 2315 illius
2050 2235 2230 2332 primi,

671 2337 761 2403 qui
795 2337 847 2389 in
881 2337 1308 2394 maledictionem
1342 2357 1404 2396 ac
1431 2357 1657 2400 mortem
1693 2351 2105 2416 transmittit,et
2133 2355 2231 2408 sub

670 2425 876 2492 peccati
901 2434 1127 2480 reatum.
1149 2425 1308 2482 Stulti
1332 2444 1459 2498 ergo
1485 2431 1610 2486 facti
1666 2449 1870 2500 sumus,
1900 2447 1953 2492 ct
1987 2441 2052 2494 iis
2091 2457 2231 2497 nunc

671 2528 881 2582 quoque
908 2515 1253 2571 nihilominus
1280 2525 1544 2585 tenemur,
1612 2523 1893 2592 inquibus
1946 2528 2073 2582 olim
2111 2545 2233 2585 era-

672 2617 794 2657 mus
832 2614 957 2658 ante
982 2604 1124 2659 illius
1153 2607 1465 2666 adventum.
1491 2609 1771 2676 Quomodo
1811 2616 2098 2685 igiturjam
2133 2636 2229 2673 ve-

671 2700 784 2746 tera
838 2695 1192 2761 transierunt,
1225 2707 1281 2752 et
1336 2714 1462 2754 ecce
1498 2700 1635 2756 facta
1683 2714 1812 2757 sunt
1849 2722 1982 2760 nova
2014 2709 2101 2762 ιη
2129 2710 2231 2765 Ubi

669 2796 799 2837 vero
829 2784 955 2838 illud
989 2800 1002 2836 :
1041 2803 1059 2835 ι
1097 2785 1152 2840 Si
1186 2789 1307 2854 quis
1341 2789 1394 2842 in
1424 2790 1659 2856 Christo,
1698 2809 1833 2848 nova
1885 2801 2179 2854 creatura?
2206 2820 2224 2851 ι

671 2873 776 2927 Sed
808 2877 1082 2931 erubescis
1117 2878 1279 2932 Deum
1302 2881 1551 2936 conﬁteri
1601 2883 1830 2938 similem
1864 2889 2036 2956 nobis,
2061 2892 2232 2946 homi-

671 2982 789 3019 nem
816 2963 1013 3022 l'a‘ctum
1050 2970 1219 3037 ipsum
1255 2971 1349 3026 Dei
1397 2971 1667 3029 Verbum?
1697 2977 1948 3049 Increpas
2006 2996 2134 3051 ergo
2176 2985 2232 3037 il-

669 3055 799 3122 lum,
832 3072 928 3112 nec
958 3060 1234 3128 sapienter
1264 3064 1598 3120 consultasse
1625 3067 1762 3124 dicis
1796 3072 1936 3139 quod
1960 3089 2018 3127 se
2054 3076 2228 3142 ipsum
2254 3107 2297 3165 ο

666 3157 887 3218 propter
921 3165 1018 3205 nos
1059 3151 1354 3209 exinanivit
1385 3155 1450 3209 ”.
1480 3158 1680 3214 Audies
1724 3162 1886 3230 igitur
1916 3165 2182 3220 dicentem
2209 3183 2223 3220 :

673 3257 691 3289 ‹
729 3239 869 3293 Vade
895 3251 1013 3308 post
1040 3259 1145 3308 me,
1171 3241 1392 3306 Satana.
1417 3250 1728 3305 scandalum
1787 3269 1846 3308 es
1910 3256 2063 3322 mihi,
2103 3262 2228 3328 quia

667 3350 773 3388 non
799 3336 942 3404 sapis
974 3352 1035 3390 ea
1067 3351 1185 3406 qua!
1201 3335 1294 3393 Dei
1328 3341 1572 3408 sunt,sed
1598 3358 1660 3399 ea
1688 3360 1805 3414 qua:
1823 3347 2097 3406 hominum
2127 3354 2188 3408 ⁸⁵.
2206 3373 2225 3406 ι

670 3426 925 3483 Scrutare
953 3432 1230 3486 nobiscum
1266 3448 1450 3490 sacras
1481 3436 1735 3492 Litteras.
1768 3442 2030 3509 Apparuit
2053 3461 2230 3514 quon-

667 3520 788 3569 dam
820 3519 980 3572 etiam
1009 3522 1326 3587 patriarcha:
1347 3521 1515 3581 Iacob
1543 3528 1607 3581 de
1631 3527 1813 3584 Laban
1842 3533 2047 3590 aedibus
2106 3555 2232 3606 pro-

671 3607 951 3671 ﬁciscenti,
993 3609 1240 3677 cumjam
1269 3613 1334 3665 ad
1364 3614 1479 3682 ipsa
1506 3614 1679 3672 Jaboc
1715 3621 1846 3674 vada
1872 3629 2227 3694 pervenisset,

668 3694 808 3747 sicut
837 3696 1094 3763 scriptum
1128 3710 1210 3752 est
1240 3715 1254 3751 :
1292 3718 1310 3751 ι
1333 3698 1573 3756 Relictus
1598 3711 1680 3757 est
1705 3707 1846 3760 enim
1865 3706 2031 3764 Jacob
2061 3715 2226 3777 solus,

668 3794 721 3838 et
747 3784 1051 3840 luctabatur
1092 3788 1175 3842 vir
1214 3804 1337 3844 cum
1375 3791 1491 3860 ipso
1523 3809 1692 3864 usque
1726 3814 1901 3853 mane.
1950 3801 2092 3856 Vidit
2132 3820 2226 3856 au-

671 3885 776 3930 tem
794 3879 934 3945 quod
965 3893 1086 3933 eum
1120 3896 1376 3950 superare
1399 3900 1502 3939 non
1540 3899 1743 3955 posset,
1773 3902 1827 3945 et
1857 3891 2028 3963 tetigit
2049 3895 2231 3948 latitu-

669 3967 847 4021 dinem
892 3968 1113 4025 femoris
1152 3972 1289 4038 ejus,
1328 3983 1381 4027 et
1427 3981 1696 4034 emarcuit
1744 3981 1970 4038 latitudo
2010 3984 2231 4041 feruoris

667 4058 852 4126 Jacob,
895 4062 1018 4116 dum
1053 4075 1314 4134 pugnaret
1343 4082 1464 4121 cum
1500 4069 1663 4140 ipso:
1699 4074 1835 4128 dixit
1871 4085 2050 4130 autem
2094 4078 2169 4132 illi
2213 4097 2225 4133 :

669 4151 892 4207 Dimitte
924 4168 1027 4217 me,
1065 4158 1310 4211 ascendit
1339 4159 1483 4214 enim
1508 4162 1798 4217 diluculum
1822 4182 1836 4218 :
1865 4167 1955 4221 ille
1982 4182 2112 4223 vero
2141 4170 2228 4223 di-

670 4242 787 4297 xit:
820 4242 936 4297 Non
968 4253 1020 4298 te
1047 4245 1309 4302 dimittam
1364 4249 1464 4304 nisi
1488 4251 1827 4310 benedixeris
1857 4258 1984 4311 mihi
2017 4259 2083 4311 ".
2115 4278 2132 4312 ι
2169 4260 2234 4314 Ει

670 4341 792 4402 post
831 4334 933 4388 alia
977 4351 1210 4391 rursus:
1252 4357 1272 4390 ι
1316 4340 1377 4394 Et
1428 4344 1646 4398 vocavit
1690 4343 1857 4402 Jacob
1904 4364 2099 4404 nomen
2129 4351 2230 4406 loci

2332 1880 2489 1946 γένος
2522 1881 2794 1950 ἐκλεκτὸν,
2846 1885 3115 1954 βασίλειον
3159 1894 3490 1965 ἱεράτευμα,
3533 1899 3684 1964 ἔθνος
3733 1904 3919 1970 ἅγιον,

2333 1971 2458 2035 λαὸς
2507 1977 2586 2037 εἰς
2633 1977 3015 2048 περιποίησιν,
3053 1983 3142 2036 ἴνα
3184 1986 3284 2048 τὰς
3320 1988 3522 2059 ἀρετάς
3561 1991 3922 2065 ἐξαγγείλητε

2332 2062 2425 2115 τοῦ
2471 2066 2534 2116 ἐκ
2580 2066 2803 2130 σκότους
2858 2070 2998 2138 ὑμᾶς
3030 2073 3322 2139 καλοῦντος
3366 2079 3458 2131 ἐπὶ
3503 2083 3564 2135 τὸ
3602 2062 3924 2154 θαυμαστὸν

2332 2153 2496 2206 αὑτοῦ
2524 2155 2659 2222 φῶς,
2680 2158 2735 2210 οῖ
2763 2177 2890 2212 ποτε
2912 2161 2972 2213 οὺ
2995 2163 3143 2230 λαὸς,
3173 2167 3266 2220 νῦν
3291 2169 3345 2222 δὲ
3373 2171 3552 2235 λαός.»
3585 2177 3646 2228 Ei
3669 2153 3725 2230 δέ
3750 2179 3922 2233 καθά-

2334 2260 2439 2313 περ
2483 2245 2632 2315 αὐτῷ
2680 2265 2762 2300 σοι
2809 2249 2957 2304 δοκεῖ
3010 2257 3103 2308 καὶ
3146 2263 3361 2327 φρονεῖν
3413 2269 3505 2316 καὶ
3545 2267 3742 2333 λέγειν,
3809 2273 3925 2323 ἀπ-

2332 2334 2530 2406 εστάλη
2559 2338 2587 2388 6
2625 2340 2754 2408 ἡμῖν
2783 2343 3084 2411 ὀμοούσιος,
3113 2349 3293 2403 οὐκέτι
3321 2352 3377 2404 δὲ
3409 2356 3498 2407 καὶ
3530 2357 3678 2428 αὐτῷ
3697 2361 3773 2430 τῷ
3798 2363 3922 2415 Πα-

2332 2426 2439 2492 τρὶ,
2473 2428 2592 2480 κατ’
2634 2429 2821 2482 οὐδένα
2850 2435 3050 2503 τρόπον
3084 2439 3242 2507 ἡμεῖς
3268 2442 3412 2507 θείας
3443 2447 3656 2514 φύσεως
3683 2454 3924 2521 γεγόνα-

2335 2531 2432 2583 μεν
2489 2521 2766 2572 κοινωνοί⁸
2819 2529 3225 2598 μεμενήκαμεν,
3276 2534 3351 2598 ὠς
3397 2536 3551 2609 ἔφην,
3597 2545 3690 2594 καὶ
3743 2545 3923 2615 ἐσμὲν

2333 2607 2412 2658 ἔτι
2444 2609 2596 2674 γένος
2627 2610 2717 2662 τοῦ
2751 2615 2990 2682 πρώτου,
3031 2621 3122 2672 τοῦ
3157 2628 3616 2696 παραπέμποντος
3660 2635 3740 2696 είς
3770 2637 3924 2706 ἀρὰν

2331 2701 2424 2752 καὶ
2457 2701 2706 2769 θάνατον,
2746 2707 2838 2760 καὶ
2871 2707 2975 2762 ὑπὸ
3006 2713 3192 2784 ποινὴν
3239 2718 3529 2789 ἁμαρτίας.
3575 2725 3921 2795 Μεματαιώ-

2335 2793 2473 2861 μεθα
2505 2795 2570 2866 δὴ
2613 2794 2725 2862 οὖν,
2768 2801 2862 2853 καὶ
2890 2804 3056 2873 ἐσμὲν
3084 2808 3236 2861 οὐδὲν
3275 2806 3436 2881 ἦττον
3480 2817 3574 2872 καὶ
3606 2793 3700 2873 νῦν
3727 2823 3785 2874 ἐν
3831 2819 3921 2887 οἷς

2329 2879 2473 2953 ἦμεν
2516 2888 2704 2952 πάλαι,
2736 2893 2831 2944 καὶ
2863 2895 2966 2964 πρὸ
2996 2898 3092 2966 τῆς
3119 2879 3432 2972 ἐπιδημίας.
3462 2908 3586 2972 Πῶς
3613 2907 3703 2964 οὖν
3727 2913 3810 2965 ἐτι
3843 2879 3922 2967 τά

2330 2976 2532 3044 ἀρχαῖα
2575 2982 2866 3051 παρῆλθεν,
2917 2990 3006 3040 καὶ
3052 2990 3162 3044 ίδοὺ
3201 2993 3390 3063 γέγονε
3423 3004 3624 3068 καινά;
3665 3007 3774 3059 Ποῦ
3817 3009 3876 3060 δέ
3904 3030 3918 3040 ·

2337 3082 2354 3112 ι
2396 3066 2462 3118 Εῖ
2481 3083 2564 3128 τις
2611 3071 2669 3122 ὲν
2701 3072 2939 3144 Χριστῷ,
2976 3081 3135 3150 καινὴ
3168 3084 3372 3151 κτίσις;
3414 3108 3432 3137 ι
3495 3066 3633 3145 Ἀλλ’
3678 3098 3918 3170 αἰσχύνῃ

2331 3154 2463 3209 Θεὸν
2496 3161 2774 3229 ὁμολογεῖν
2810 3167 2928 3218 καθ’
2959 3171 3107 3238 ἡμᾶς
3147 3177 3434 3245 γενόμενον
3477 3154 3805 3253 ἄνθρωπονῗ
3823 3154 3921 3242 τδῦ

2330 3248 2423 3301 τοῦ
2469 3249 2605 3303 Θεοῦ
2646 3255 2852 3322 Λόγον;
2907 3260 3288 3334 Ἐπιπλήττεις
3333 3267 3426 3322 οῦν
3481 3275 3661 3335 αὑτὸν,
3709 3281 3805 3331 καὶ
3852 3301 3920 3334 ου

2333 3343 2471 3412 σοφά
2512 3343 2894 3414 βεϐουλεῦσθαι
2947 3354 3074 3422 φὴς,
3127 3357 3208 3411 ὅτι
3251 3363 3554 3419 κεκένωκεν
3601 3369 3793 3422 ἑαυτὸν
3846 3374 3919 3425 δι’

2329 3436 2496 3504 ἡμᾶς.
2535 3437 2741 3491 Οὖκοῦν
2791 3442 2999 3516 ἀκούσῃ
3055 3445 3334 3516 λέγοντος’
3391 3475 3408 3505 ι
3466 3456 3682 3526 ’Υπαγε
3733 3461 3920 3515 ὀπίσω

2335 3545 2457 3597 μου,
2484 3531 2716 3598 Σατανᾶ,
2770 3537 3065 3595 σκάνδαλόν
3103 3557 3203 3609 μου
3235 3540 3301 3607 εἷς
3340 3546 3419 3598 ὅτι
3465 3550 3523 3600 οὐ
3578 3555 3792 3620 φρονεῖς
3847 3559 3919 3607 τὰ

2331 3620 2421 3670 τοῦ
2443 3620 2599 3683 Θεοῦ,
2619 3624 2754 3676 ἀλλὰ
2778 3627 2845 3678 τὰ
2877 3629 2983 3679 τῶν
3013 3632 3331 3700 ἀνθρώπων.
3377 3656 3394 3686 ι
3437 3640 3756 3710 Ἐρεύνησον
3790 3647 3918 3712 μεθ’

2333 3710 2488 3778 ἡμῶν
2531 3712 2628 3781 τὴν
2665 3714 3017 3769 θεόπνευστον
3053 3720 3293 3791 Γραφήν.
3342 3726 3517 3799 Ὄφοη
3550 3732 3674 3782 ποτὲ
3708 3710 3802 3785 καί
3836 3736 3921 3804 τῷ

2333 3803 2643 3873 πατριάρχῃ
2697 3805 2887 3858 Ἰακὼϐ
2926 3809 3021 3878 τῆς
3058 3813 3155 3881 μὲν
3185 3815 3276 3866 τοῦ
3309 3818 3493 3871 Λάϐαν
3528 3825 3708 3887 ἑστίας
3740 3827 3921 3878 ἀπαί-

2334 3909 2502 3961 ροντι.
2540 3897 2673 3962 πρὸς
2707 3900 2898 3962 αὐταῖς
2943 3902 3000 3954 δὲ
3047 3908 3291 3973 γεγονότι
3341 3914 3459 3975 ταῖς
3491 3914 3767 3970 διαϐάσεσι
3814 3921 3918 3973 τοῦ

2345 3982 2558 4050 Ἰαϐὼκ,
2596 3990 2742 4040 καθὰ
2772 3990 3102 4062 γέγραπται·
3146 4015 3164 4048 l
3221 3999 3547 4074 ’Υπελείφθη
3572 4006 3678 4076 γὰρ
3719 4008 3920 4060 Ἰακὼϐ

2334 4074 2525 4143 μόνος,
2585 4079 2679 4132 καὶ
2725 4082 2987 4136 ’ἐπάλαιεν
3041 4088 3326 4158 ἄνθρωπος
3386 4095 3500 4162 μετ’
3554 4096 3755 4160 αὑτοῦ,
3805 4100 3920 4162 ἓως

2333 4170 2498 4235 πρωΐ.
2533 4165 2652 4224 Οἷδε
2681 4173 2795 4244 lic.
2833 4172 2962 4248 εἶδε]
2992 4179 3066 4242 δὲ,
3099 4180 3179 4232 ὅτι
3211 4183 3270 4233 οὐ
3307 4183 3527 4238 δύναται
3558 4188 3691 4256 πρὸς
3725 4191 3917 4252 αὑτὸν,

2332 4262 2424 4312 καὶ
2458 4261 2633 4332 ἥψατο
2669 4265 2763 4317 τοῦ
2795 4267 3030 4331 πλάτους
3063 4271 3154 4322 τοῦ
3193 4274 3367 4342 μηροῦ
3401 4277 3588 4340 αὑτοῦ,
3622 4280 3714 4330 καὶ
3753 4282 3924 4353 ἐνάρ-

2334 4368 2469 4421 κησε
2499 4353 2559 4405 τὸ
2591 4354 2790 4418 πλάτος
2831 4357 2924 4409 τοῦ
2962 4361 3137 4430 μηροῦ
3187 4362 3404 4428 Ἰακὼϐ,
3449 4367 3508 4420 ἐν
3541 4367 3617 4437 τῷ
3663 4371 3921 4428 παλαίειν

672 4424 814 4478 illius
849 4441 863 4479 :
893 4425 1111 4495 Species
1147 4429 1274 4495 Dei;
1307 4434 1489 4500 aspexi
1514 4435 1656 4489 enim
1687 4436 1856 4492 Deum
1878 4437 2018 4495 facie
2054 4443 2119 4496 ad
2147 4442 2233 4497 fa-

2338 4443 2496 4494 αὐτὸν
2538 4445 2654 4514 μετ’
2686 4448 2872 4502 αὐτοῦ.
2930 4449 3066 4503 Eine
3115 4453 3172 4504 δὲ
3207 4455 3382 4526 αὐτῷ’
3424 4459 3762 4513 Ἀπόστειλον
3797 4483 3870 4532 με
3902 4481 3919 4493 ·

670 4515 829 4581 ciem,
863 4523 917 4568 et
945 4517 1090 4571 salva
1153 4520 1294 4574 facta
1355 4532 1440 4577 est
1487 4526 1666 4579 anima
1696 4541 1836 4585 mea.
1889 4531 2120 4587 Exortus
2145 4543 2232 4588 est

670 4614 844 4660 autem
872 4607 944 4661 illi
968 4608 1049 4662 sol
1079 4623 1199 4663 cum
1229 4615 1612 4679 pertransisset
1643 4614 1889 4685 Speciem
1931 4621 2023 4675 Dei
2087 4622 2152 4677 “.
2205 4643 2224 4676 ο

669 4694 909 4764 Intellige
938 4696 1117 4766 igitur,
1138 4713 1243 4753 non
1272 4710 1330 4752 ut
1370 4700 1743 4771 incorporeum
1802 4717 1856 4761 et
1888 4708 2232 4779 impalpabile

675 4784 904 4838 Verbum
930 4802 1190 4855 apparere
1221 4791 1542 4857 patriarcha:
1562 4809 1625 4846 eo
1679 4806 1918 4866 tempore
1972 4802 2228 4867 voluisse,

672 4886 727 4928 ut
764 4876 836 4928 illi
872 4879 1110 4946 mysterii
1160 4890 1341 4950 typum
1395 4896 1837 4952 praemonstraret
1869 4908 1882 4944 :
1920 4893 2016 4946 sed
2072 4894 2232 4950 homo

671 4975 786 5020 erat
806 4969 892 5034 qui
919 4967 1243 5037 luctabatur,
1273 4981 1326 5025 et
1356 4983 1520 5026 totam
1549 4976 1684 5030 inea
1722 4994 1777 5032 re
1801 4990 2012 5035 noctem
2051 4992 2232 5038 trans-

672 5058 824 5127 egit:
881 5057 1225 5114 illucescente
1251 5072 1430 5116 autem
1488 5067 1594 5134 die,
1645 5078 1804 5139 atque
1849 5087 2039 5126 aurora
2072 5075 2235 5128 adve-

674 5152 873 5214 niente,
915 5168 933 5200 ί
988 5151 1207 5204 Dimitte
1261 5169 1365 5219 me,
1405 5174 1423 5207 ι
1488 5156 1702 5224 inquit;
1753 5163 1893 5227 quod
1957 5165 2234 5218 evidenter

672 5247 791 5292 erat
823 5255 850 5292 a
877 5241 1014 5295 lucta
1049 5244 1507 5300 desistentis..lam
1531 5263 1650 5315 qua:
1701 5251 1772 5302 sit
1825 5254 2066 5322 mysterii
2097 5259 2238 5312 ratio

674 5334 854 5386 dicere
882 5348 1102 5389 necesse
1128 5346 1210 5390 est
1242 5355 1253 5389 :
1284 5353 1404 5390 cum
1438 5339 1520 5392 his
1548 5341 1688 5393 enim
1717 5342 1804 5410 qui
1846 5345 1896 5395 in
1932 5354 2085 5399 nocte
2105 5357 2158 5400 et
2181 5348 2232 5402 in

682 5423 913 5478 tenebris
946 5426 1164 5493 degunt,
1189 5443 1415 5495 quorum
1442 5429 1636 5483 animis
1655 5441 1703 5484 et
1753 5434 2006 5488 cordibus
2062 5437 2236 5506 caligo

743 5625 785 5654 ⁵ο
829 5623 927 5675 lsa.
959 5638 1094 5686 mi,
1123 5623 1175 5686 ὓ,
1211 5624 1259 5677 7.
1365 5627 1410 5657 ⁸⁸
1447 5628 1546 5680 lsa.
1589 5642 1739 5685 xuii,
1767 5627 1854 5690 90,
1891 5632 1979 5684 2|.

675 5697 714 5723 ⁸⁸
757 5692 942 5747 Matth.
973 5709 1079 5749 xvr.
1127 5694 1215 5747 25.
1293 5695 1335 5726 ⁸⁸
1376 5696 1512 5749 Gen.
1549 5712 1716 5751 xxx”.
1752 5695 1942 5753 22-26.

2093 5635 2134 5664 “
2175 5635 2193 5686 1
2233 5633 2378 5689 Ρου.
2421 5652 2478 5691 ιι.
2511 5638 2680 5704 9,10.

2045 5704 2089 5733 ⁸⁸
2129 5706 2256 5757 ibid.
2288 5705 2377 5764 50,
2411 5709 2474 5762 51

2335 4533 2501 4604 ἀνέϐη
2540 4535 2647 4605 γὰρ
2697 4540 2725 4589 6
2767 4539 2994 4610 69090;“
3047 4545 3073 4594 6
3119 4544 3174 4596 δὲ
3221 4542 3408 4600 εἶπεν·
3451 4551 3525 4602 Οὐ
3559 4553 3630 4620 μή
3669 4569 3726 4603 σε
3775 4556 3924 4608 ἀπο-

2334 4625 2547 4687 στείλω,
2588 4627 2680 4679 ἐὰν
2718 4631 2791 4700 μή
2830 4648 2896 4700 με
2933 4634 3251 4706 εὐλογήσῃς.
3281 4657 3297 4688 ι
3333 4641 3440 4691 Καὶ
3473 4641 3590 4708 μεθ’
3622 4641 3780 4712 ἕτερα
3809 4649 3925 4698 πά-

2333 4714 2449 4768 λιν’
2504 4735 2522 4768 t
2577 4719 2684 4772 Kal.
2729 4722 2984 4774 ἐκάλεσεν
3032 4725 3224 4778 Ἰακὼϐ
3271 4729 3331 4780 τὸ
3379 4730 3547 4800 ὄνομα
3601 4733 3693 4785 τοῦ
3741 4736 3923 4790 τόπου

2333 4805 2562 4870 ἐκείνου,
2589 4805 2738 4871 Εἶδος
2774 4812 2908 4864 Θεοῦ
2928 4829 2940 4842 °
2974 4811 3127 4868 Εἶδον
3163 4818 3270 4887 γὰρ
3298 4819 3429 4872 Θεὸν
3456 4823 3742 4891 πρόσωπον
3772 4829 3924 4896 πρὸς

2334 4899 2642 4968 πρόσωπον,
2679 4903 2771 4954 καὶ
2798 4903 2975 4974 ἐσώθη
3005 4924 3106 4975 μου
3141 4910 3172 4978 ή
3199 4910 3364 4980 ψυχή.
3398 4915 3655 4967 Ἀνέτειλε
3682 4916 3737 4968 δὲ
3761 4919 3926 4990 αὐτῷ

2335 4991 2363 5041 6
2395 4991 2564 5061 ἥλιος,
2611 4995 2772 5063 ἡνίκα
2807 4997 3047 5066 παρῆλθε
3076 5002 3136 5052 τὸ
3179 4999 3318 5064 εἶδος
3344 5004 3437 5055 τοῦ
3481 5006 3638 5060 Θεοῦ.
3691 5028 3708 5059 ι
3747 5011 3924 5075 Σύνες

2336 5078 2427 5135 οῦν
2461 5085 2625 5149 ὅπως,
2679 5087 2776 5155 οὐχ
2823 5087 2898 5150 ὡς
2945 5091 3234 5159 ἀσώματος
3279 5111 3337 5145 τε
3369 5096 3462 5148 καὶ
3492 5098 3706 5166 ἀναφὴς
3737 5102 3924 5168 Λόγος

2335 5173 2489 5243 ἠξίου
2522 5177 2806 5243 φαίνεσθαι
2842 5180 2919 5249 τῷ
2949 5185 3260 5257 πατριάρχῃ
3309 5191 3647 5258 τοτηνικάδε,
3688 5193 3777 5244 τὸν
3816 5197 3920 5248 τοῦ

2342 5266 2640 5334 μυστηρίου
2669 5267 2835 5320 τύπον
2886 5274 3300 5340 προαναφαίνων
3338 5277 3522 5344 αὐτῷ·
3566 5280 3682 5332 ἀλλ’
3714 5278 3779 5352 ἦν
3821 5285 3920 5335 ἄν-

2339 5351 2554 5420 θρωπος
2603 5356 2630 5406 ὁ
2679 5345 2934 5422 παλαίων,
2976 5362 3067 5411 καὶ
3099 5362 3226 5433 ὅλην
3269 5366 3347 5425 είς
3393 5366 3550 5419 τοῦτο
3597 5369 3922 5438 δαπανήσας

2337 5442 2434 5511 τὴν
2475 5444 2671 5498 νύκτα’
2710 5449 2847 5515 πλὴν
2891 5449 3288 5522 διαυγαζούσης
3334 5457 3574 5526 ἡμέρας,
3623 5459 3818 5528 ὄρθρου
3857 5479 3919 5514 τε

2798 5644 2841 5672 ⁸³
2882 5644 2920 5695 ll
2962 5645 3083 5700 Cor.
3129 5663 3178 5708 ν,
3218 5649 3304 5701 l7.
3420 5649 3464 5680 ⁸³
3507 5650 3805 5721 ΡΙιὶΙῙιψ.ιι,
3853 5656 3906 5710 7.
