4040 6438
138 331 225 387 145
1203 354 1576 413 ADVERSUS
1611 359 2019 423 NESTORIUM
2064 368 2192 426 LIB.
2233 372 2314 427 111.

131 452 535 546 ῖετενημένου,
590 457 674 516 τὸ.
713 476 732 509 ε
780 460 1121 519 ’Δπόστειλόν
1162 486 1252 538 με,
1297 491 1315 523 ι
1360 477 1488 546 φησὶ

131 540 189 613 ἦν
214 546 475 634 ὲναργῷς
524 550 890 617 καταλύοντος
922 556 1019 627 τὴν
1063 561 1260 632 πάλην.
1302 540 1537 634 Κᾴιτιξ
1563 573 1592 624 6
1622 540 1717 626 τοῦ

132 632 436 736 puram-ipim}
461 638 673 736 λόγος,
724 645 900 736 εἰπεῖν
950 649 1275 718 ἀναγκαῖον·
1324 662 1437 723 τοῖς
1484 632 1582 732 μὲν
1610 665 1718 736 γὰρ

129 727 197 787 ὡς
225 729 283 778 ὲν
319 730 484 781 νυκτὶ
517 732 611 783 καὶ
652 734 837 787 σκότει
864 735 1188 806 διατελοῦσι,
1222 746 1314 800 καὶ
1339 727 1509 820 ἀχλὺν
1537 727 1717 825 ἔχουαι

129 817 219 881 τὴν
274 822 483 890 νοητὴν
532 823 614 885 είς
652 825 777 878 νοῦν
828 828 924 880 καὶ
978 832 1225 901 καρδίαν,
1271 817 1422 894 οὔπω
1468 860 1529 896 τε
1565 817 1718 901 ’νοεῖν

131 906 375 972 ἰσχύουσι
412 909 478 961 τὸ
527 911 617 963 ἐπ’
660 914 811 985 αὐτῷ
862 922 1179 992 μυστήριον,
1220 928 1472 985 παλαίειν
1512 951 1572 989 τε
1623 939 1719 992 καὶ

129 996 402 1098 μάχεσθαι
435 1002 532 1098 sui
564 1005 722 1098 νικᾷν
754 1005 877 1071 ἔθος
908 1011 1087 1083 αὐτῷ·
1125 1020 1237 1082 τοῖς
1263 1036 1326 1089 γε
1358 1024 1465 1095 μὴν
1493 1026 1553 1081 ἐν
1580 1032 1718 1098 φωτὶ

3286 385 3385 437 116

1480 479 1541 543 ιν,
1586 479 1721 551 ὅπερ
1748 486 1798 543 Α
1826 487 2086 555 spiritalis
2119 488 2290 545 offusa
2307 501 2391 545 est
2415 500 2471 545 et
2505 494 2741 549 nondum
2771 496 2886 562 ejus
2917 498 3226 566 mysterium
3291 516 3385 554 va-

1820 576 1932 632 lent
1960 579 2290 651 intelligere,
2322 581 2514 636 luctari
2547 598 2893 657 pugnareque
2928 588 3015 643 ille
3065 598 3121 643 et
3167 591 3386 646 vincere

1818 667 1954 721 solet
1985 682 2000 720 :
2030 684 2149 723 cum
2184 670 2268 726 his
2299 686 2428 727 vero
2459 674 2547 741 qui
2574 674 2627 728 in
2652 675 2772 730 luce
2792 687 2993 733 suntet
3038 679 3265 748 spiritali
3290 679 3377 735 di-

1819 757 2019 824 luculo,
2038 768 2091 813 et
2112 762 2279 831 probe
2306 763 2617 833 mysterium
2648 765 2975 837 intelligunt,
3000 784 3105 822 non
3133 769 3233 823 sibi
3262 784 3382 824 esse

1819 850 2164 918 pugnandum
2198 860 2409 915 censet,
2461 853 2556 908 sed
2589 854 2766 923 potius
2789 855 3059 924 spiritales
3090 857 3196 912 illis
3219 860 3381 913 bene-

1818 936 2082 993 dictiones
2102 938 2307 995 tribuit.
2337 940 2392 995 Si
2418 943 2580 1011 igitur
2604 943 2687 997 vel
2704 958 2827 1000 sero
2851 947 3065 1001 tandem
3096 949 3381 1003 nobiscum

1820 1026 1874 1081 in
1906 1026 2107 1083 lumine
2140 1038 2387 1084 versatus
2406 1029 2593 1095 fueris,
2616 1040 2670 1084 et
2724 1041 2975 1103 tanquam
3033 1034 3087 1088 in
3122 1036 3380 1104 diluculo,

126 1093 400 1190 γεγονοσι,
432 1096 530 1190 καὶ
557 1097 634 1160 ὠς
676 1100 733 1151 ὲν
778 1100 961 1174 ὖρθρῳ
986 1106 1063 1176 τῷ
1088 1110 1285 1181 νοητῷ,
1318 1093 1716 1190 καὶ-νενοηκόσι

125 1176 180 1231 εὖ
218 1183 367 1248 μάλα
396 1188 459 1237 τὸ
490 1190 811 1258 μυστήριον,
838 1194 938 1247 οὐκ
980 1176 1328 1258 ἑπιπαλαίειν
1353 1206 1512 1272 ἀξιοῖ,
1543 1176 1718 1265 δίανέ-

252 1272 310 1325 δὲ
357 1277 567 1342 μᾶλλον
611 1281 858 1350 εὐλογίας
908 1294 1299 1359 πνευματικὰς.
1352 1298 1579 1365 Οὐκοῦν,
1615 1302 1717 1357 κᾶν

122 1362 368 1459 ὀψὲ-καὶ
393 1455 403 1459 Δ
433 1369 590 1459 μέλις
651 1374 916 1442 είσγένοιο
945 1381 1053 1432 ’καὶ
1088 1382 1249 1447 αὐτὸς
1290 1388 1410 1454 μεθ’
1459 1362 1611 1459 ήμών
1658 1396 1717 1447 ὲν

121 1454 279 1551 (ρωτλ,
316 1455 417 1506 καὶ
450 1452 562 1551 οἷον
591 1461 651 1511 ἐν
678 1462 881 1535 ὄρθρῳ,
923 1470 1263 1527 πεπαύσεται
1291 1452 1377 1529 σοι
1410 1452 1716 1551 μαξάμενος

118 1545 144 1641 ε
176 1544 393 1641 πάντας
423 1549 613 1604 νικῶν.
648 1552 758 1606 Θέα
786 1555 841 1608 δὲ
870 1557 1018 1623 ὅπως
1050 1562 1335 1634 ἀνθρώπου
1377 1544 1713 1641 salutavi“;

117 1636 143 1682 6
180 1634 483 1733 Θεσπέσιος
527 1642 722 1696 Ἰακὼὸ
760 1647 1064 1717 ἑωρακέναι
1111 1656 1243 1724 φησι
1269 1657 1361 1710 τὸν
1388 1659 1520 1713 Θεὸν
1548 1634 1712 1733 πρόσλ

1817 1673 1879 1713 ex
1918 1658 2025 1712 Deo
2049 1657 2209 1713 Patre
2238 1656 2470 1714 Verbum
2528 1661 2861 1731 incarnatum
2897 1634 3070 1718 fuisse
3121 1674 3177 1718 et
3209 1664 3380 1718 homi-

115 1741 264 1823 ωπον
320 1726 809 1823 πρὸς-πρόςωπον.
869 1738 1227 1807 Προστέθεικε
1288 1748 1345 1800 δὲ
1386 1749 1447 1802 τὸ
1476 1726 1713 1823 Γράμμα
1749 1821 1773 1823 _
1816 1764 1936 1801 nem
1956 1747 2256 1813 factum,ut
2285 1750 2493 1816 Opinor,
2534 1728 2787 1819 praedicet
2808 1754 3058 1821 quisquis
3081 1764 3286 1809 rectam
3315 1754 3380 1807 li-

115 1812 172 1863 τὸ
225 1814 402 1914 liis-6v,
443 1819 587 1914 ‘61::
618 1839 636 1870 ι
708 1824 1004 1879 Ἀνέτειλεν
1048 1830 1196 1902 αῦτῷ
1251 1836 1280 1888 6
1326 1812 1709 1912 ἦλιος,.ήνίκα

1817 1840 1936 1894 dem
1968 1846 2134 1902 tenet,
2157 1849 2211 1891 et
2238 1850 2487 1894 accurate
2525 1854 2799 1896 sacrarum
2862 1841 3189 1897 Litterarum
3243 1860 3369 1914 pro-

115 1904 366 2004 παρῆλθε
397 1906 469 2004 τὸ
512 1903 654 2004 είᾷος
694 1914 802 2004 ,τοῦ
849 1915 1006 1971 Θεοῦ.
1063 1940 1081 1971 ι
1140 1924 1282 1978 ‘AvO‘
1330 1903 1453 1983 ὅτου
1483 1903 1582 2004 -δὴυ
1617 1932 1710 1988 οῦν

1817 1932 2046 2001 positum
2085 1931 2352 2001 exquirit?
2380 1930 2471 1985 Ille
2499 1931 2660 2000 igitur
2691 1933 3171 1990 consubstantialis
3204 1903 3379 2001 nobis,

494 2002 609 2095 τοίς
648 2003 751 2071 τῆς
796 2008 1079 2075 κενώσεως
1128 2015 1368 2087 μέτροις,
1396 1994 1570 2077 καίτοι
1618 2026 1710 2080 τὸν

1817 1994 1919 2091 qua
1942 2022 2115 2078 laetus
2131 1994 2215 2078 est
2244 2023 2424 2083 homo.
2455 2032 2509 2077 et
2544 2023 2641 2092 ipsi
2674 2023 2856 2080 itidem
2890 2023 3054 2090 Patri,
3083 2040 3185 2095 qua
3218 2026 3377 2080 etiam

114 2086 181 2185 ἐκ
206 2084 352 2137 Θεοῦ
394 2088 817 2186 [ἰατρὸς-Λόγον
846 2084 1196 2174 σαρκωθῆναί
1223 2084 1282 2161 τε
1311 2113 1404 2165 καὶ
1437 2114 1707 2186 ιἰνανθρω⁴

1817 2084 1869 2169 in
1903 2115 2013 2182 ipsa
2031 2114 2365 2169 humanitate
2403 2084 2785 2179 Deusiuansit,
2825 2114 3021 2170 missus
3048 2084 3131 2170 est
3190 2116 3381 2182 praedi-

113 2175 313 2275 πῇσαι,
345 2183 573 2275 παντὸς,
594 2179 769 2275 οἶμαι,
790 2188 1039 2257 λέγοντος
1057 2195 1150 2248 τοῦ
1176 2200 1269 2252 καὶ
1296 2201 1462 2273 ὀρθὴν
1493 2175 1707 2275 ἔχοντος

114 2265 324 2331 πίστιν,
372 2269 469 2319 καὶ
512 2269 898 2339 βασανίζοντος
936 2280 1177 2349 ἀκριϐῶς
1208 2285 1307 2353 τῆς
1331 2265 1707 2346 ’θεοπνεῦστου

112 2355 345 2425 Γραφῆς
377 2360 475 2411 τὸν
512 2365 749 2428 σκοπὸν;
797 2366 852 2418 ὐ
883 2370 1058 2422 τοίνυν
1087 2375 1219 2442 ἡμῖν
1243 2377 1546 2446 ὀμοούσιος.
1574 2384 1708 2437 καθὸ

110 2446 345 2543 γέγονεν
371 2451 473 2543 ἄνθ
484 2469 692 2521 ρωπος·
727 2458 820 2508 καὶ
848 2458 998 2530 αὑ·τῷ
1020 2461 1076 2515 δὲ
1106 2464 1185 2535 τῷ
1209 2466 1406 2536 Πατρὶ,
1438 2473 1579 2527 καΘὰ
1615 2491 1710 2543 με-

112 2537 450 2634 tamam
487 2544 868 2617 ἀνθρωπύτητι
891 2552 998 2606 -Ζσ,
1029 2555 1088 2606 ἐν
1114 2556 1517 2634 ἀνθρωπότητι]
1555 2537 1706 2630 θέδς,

106 2630 402 2702 ἀπεστάλη
465 2634 758 2704 κηρύσσων
808 2643 1176 2712 αἰχμαλώτοις
1223 2630 1438 2717 ἄφεσιν,
1479 2630 1572 2707 καὶ
1622 2674 1711 2708 τυ-

108 2720 265 2815 φλοῖς
314 2724 641 2797 ἀνάϐλεψιν,
677 2732 929 2787 ἰάσασθαί
959 2754 1017 2790 τε
1050 2739 1175 2802 τοὺς
1207 2747 1709 2815 συντετριμμένους

105 2814 207 2881 τὴν
259 2816 521 2887 καρδίαν,
565 2822 791 2877 καλέσαι
826 2825 884 2878 δὲ
935 2827 1027 2879 καὶ
1074 2831 1319 2885 ἐνιαυτὸν
1368 2814 1570 2905 Κυρίου
1621 2840 1708 2891 δε-

106 2907 257 2959 κτόν.
325 2910 510 2963 Αὐτοῦ
558 2912 668 2984 γὰρ
722 2916 885 2983 μόνου
942 2918 1035 2970 καὶ
1078 2921 1173 2989 οὐχ
1221 2923 1409 2993 ἑτέρου
1458 2928 1601 2990 τινὸς
1643 2930 1709 2983 τὰ

106 3000 291 3051 τοιάδε
338 3001 571 3067 γέγονεν
607 3006 687 3065 είς
717 3008 863 3074 ἡμᾶς
904 3010 1338 3080 κατορθώματα·
1373 3018 1465 3067 καὶ
1504 3018 1707 3070 πιστώ-

105 3090 263 3143 σεταί
315 3106 406 3152 τις
443 3090 553 3144 τῶν
606 3094 777 3161 ἁγίων
828 3101 1141 3169 προφητῶν,
1170 3101 1314 3155 οὕτω
1337 3103 1542 3171 λέγων·
1589 3108 1707 3161 (οὑ

1819 3104 1997 3157 munis
2019 3115 2181 3172 esset,
2214 3106 2483 3174 quomodo
2507 3104 2622 3173 ipse
2645 3106 2785 3158 idem
2812 3120 2932 3161 esse
2966 3106 3377 3176 intelligeretur,

106 3178 381 3247 πρέσῦυς,
459 3181 560 3232 οὐκ
597 3159 845 3251 ἀπελος,
872 3159 1011 3241 ’ἀλλ”
1065 3159 1225 3255 αὐτὸς
1272 3194 1301 3245 6
1336 3159 1539 3264 Κόριος
1573 3159 1709 3250 seu;

1817 3194 1906 3262 qui
1947 3159 2353 3249 veteribuslillis
2383 3159 2553 3265 legem
2581 3195 2706 3250 olim
2723 3159 2926 3250 ediditl
2957 3159 3376 3264 Nequevenlm,

107 3282 199 3319 σεν
229 3268 390 3337 ἡμᾶς
412 3284 426 3296 ·
475 3286 492 3318 ι
532 3268 559 3320 6
588 3270 683 3323 καὶ
712 3272 1086 3343 ἐναργέστατα
1119 3276 1320 3344 λέγων·
1366 3297 1384 3330 ι
1423 3279 1519 3333 Διὰ
1552 3281 1709 3336 τοῦτο

1817 3285 1857 3338 si
1882 3294 1939 3337 ut
1970 3285 2131 3338 homo
2162 3286 2309 3352 prius
2347 3297 2513 3351 esset,
2569 3288 2729 3341 homo
2776 3286 2951 3341 factus
2989 3300 3109 3341 esse
3141 3301 3378 3356 unquam

104 3357 390 3421 γνώσεται
436 3361 467 3410 6
518 3358 647 3421 λαός
702 3377 802 3429 μου
846 3362 907 3413 τὸ
950 3363 1120 3433 ὄνομά
1168 3383 1269 3435 μου
1316 3370 1374 3419 ὲν
1419 3372 1484 3440 τῇ
1528 3372 1710 3443 ἡμέρᾳ

1817 3375 1915 3429 dici
1943 3385 2145 3443 posset,
2178 3390 2243 3429 ne
2264 3376 2665 3430 suhsistentiam
2704 3376 3065 3446 antiquiorem
3096 3377 3247 3431 initio
3271 3391 3379 3445 quo

104 3449 292 3519 ἐκείνῃ
317 3466 335 3479 ⁸
372 3447 545 3513 αὐτὸς
573 3454 603 3502 6
650 3451 845 3515 λαλῶν,
884 3455 1135 3525 πάρειμι.
1181 3478 1198 3509 ι
1244 3460 1433 3513 Καίτοι
1464 3463 1599 3527 πῶς,
1634 3463 1709 3515 ετ-

1817 3480 1934 3518 esse
1966 3466 2154 3533 cmpit,
2181 3467 2381 3531 habere
2405 3466 2687 3522 videatur:
2722 3468 2817 3521 sed
2878 3481 2998 3521 cum
3036 3466 3378 3536 prmexsiste—

106 3558 208 3609 περ
244 3537 321 3611 ἦν
360 3559 447 3603 τις
485 3539 774 3611 ἄνθρωπος
802 3544 991 3608 ἁπλῶς
1028 3550 1056 3601 6
1087 3550 1512 3617 ἀπεσταλμένος,
1548 3555 1708 3619 αὐτὸς

1817 3563 1893 3608 ret
1927 3564 1981 3607 ut
2008 3555 2165 3619 Dens,
2193 3556 2401 3611 locutus
2418 3557 2631 3621 quidem
2662 3567 2747 3611 est
2807 3557 2997 3628 legem,
3046 3572 3105 3612 se
3134 3571 3263 3611 vero
3285 3557 3378 3609 ad-

105 3631 167 3682 ἇν
201 3636 409 3693 νοοῖτο,
450 3632 550 3683 καὶ
587 3632 677 3685 τὸν
714 3633 882 3687 πάλαι
917 3640 1031 3701 τοῖς
1077 3642 1453 3709 ἀρχαιοτέροις
1504 3661 1707 3715 κεχρη..

1817 3660 1929 3700 esse
1977 3647 2051 3699 ait
2096 3662 2234 3701 novo
2283 3648 2600 3715 insnetoque
2660 3650 2838 3713 modo,
2887 3663 3009 3702 cum
3077 3648 3252 3702 lactus
3295 3656 3379 3701 cst

106 3721 481 3790 σμῳδημένον
530 3722 772 3791 λαλήσας
828 3725 1018 3793 νόμον;
1081 3730 1154 3779 Οὐ
1202 3730 1311 3801 γάρ
1356 3748 1409 3783 τι
1446 3732 1553 3803 [Im
1599 3736 1712 3806 τοιῖ

1817 3738 1990 3790 Ιιοιηο.
2015 3737 2199 3807 Atqui,
2229 3738 2423 3806 inquit,
2456 3740 2636 3793 omnia
2694 3740 2927 3809 complet
2963 3738 3219 3802 Verbum,
3251 3755 3372 3793 cum

106 3815 291 3883 πραῢν
328 3814 409 3878 ὡς
451 3814 743 3885 ἄνθρωπος
788 3819 1115 3889 γεγενῆσθαι
1151 3822 1347 3890 λέγοιτ’
1383 3828 1469 3888 ἂν,
1509 3827 1594 3879 ἵνα
1630 3829 1705 3897 μὴ

1817 3826 1881 3879 sit
1908 3826 2079 3881 Deus:
2105 3828 2372 3895 quomodo
2401 3829 2562 3897 igitur
2590 3829 2752 3883 etiam
2773 3833 2970 3884 missus
2991 3830 3115 3883 est?
3140 3844 3259 3883 nam
3284 3829 3374 3881 ubi

102 3902 198 3965 τῆς
245 3902 338 3965 είς
365 3901 431 3956 τὺ
477 3898 620 3955 εἶναι
652 3905 907 3973 παρόδου,
941 3909 1323 3982 πρεσϐυτέραν
1358 3914 1496 3982 ἔχων
1532 3914 1706 3983 ὁρῷτο

1817 3930 1913 3969 non
1962 3926 2079 3969 erat
2117 3917 2206 3984 qui
2236 3918 2465 3985 complet
2497 3913 2715 3971 omnia?
2752 3917 2888 3984 Quid
2924 3934 3072 3987 ergo,
3099 3918 3185 3972 dic
3216 3919 3369 3981 mihi,

102 3994 196 4059 τὴν
238 3994 511 4064 ὕπαρξιν·
550 3995 666 4047 ἀλλ’
714 3996 789 4058 ὡς
823 3995 956 4059 Θεὸς
999 4000 1401 4070 προῦπὰρχων,
1443 4002 1705 4072 λελάληκε

1817 4005 2044 4060 divinam
2085 4016 2437 4077 sanctamque
2473 4006 2787 4062 Trinitatem
2836 4018 3239 4066 coarctatamne
3281 4025 3378 4077 pu-

108 4082 202 4159 μξιν
228 4085 327 4137 τὸν
359 4085 552 4153 νόμον,
583 4086 834 4155 παρεῖναι
855 4085 910 4137 δέ
937 4103 1067 4155 φησι
1097 4087 1260 4152 ξένως
1289 4108 1345 4143 τε
1397 4095 1488 4145 καὶ
1545 4095 1706 4146 ἀσυν-

1817 4099 2063 4162 tabintus,
2090 4116 2155 4152 an
2179 4116 2275 4168 per
2313 4098 2492 4155 omnia
2519 4101 2728 4154 dilatari
2782 4111 2837 4155 et
2863 4102 3040 4156 omnia
3070 4102 3378 4170 complere?

109 4174 256 4239 ήθως
296 4177 393 4228 ὅτε
450 4174 681 4241 γέγονεν
727 4175 1051 4245 ἄνθρωπος·
1084 4177 1219 4231 ἀλλὰ
1268 4180 1378 4243 ναὶ,
1430 4183 1584 4252 φησὶ,
1636 4184 1706 4236 τὰ

1817 4190 1865 4245 Id
1887 4192 1930 4245 si
1974 4193 2044 4245 ita
2080 4178 2185 4254 est,
2216 4193 2482 4260 quomodo
2507 4207 2731 4260 magnus
2759 4192 2850 4245 ille
2875 4191 3073 4256 Muses,
3097 4208 3218 4247 cum
3258 4193 3378 4262 qni-

106 4266 285 4318 rzs'wra.
326 4265 538 4334 πληροῖ
574 4264 708 4327 Θεὸς
738 4265 815 4318 ὢν
860 4268 888 4319 6
928 4268 1134 4335 Λόγος·
1168 4270 1283 4334 πῶς
1330 4268 1424 4325 οὖν
1459 4272 1567 4343 ἄρα
1613 4277 1705 4329 καὶ

1817 4284 1931 4335 dam
1962 4300 1990 4335 e
2016 4284 2209 4350 priscis
2244 4283 2550 4337 hominibus
2583 4283 2769 4335 turrim
2788 4283 3120 4339 aediﬁcarent
3142 4285 3207 4338 ad
3262 4299 3377 4340 ca:-

107 4357 434 4426 ἁπεστάλης
476 4356 584 4408 ποῦ
617 4355 727 4427 γὰρ
758 4358 859 4409 οὐκ
880 4352 948 4427 ἦν
972 4358 1001 4409 6
1029 4361 1203 4413 πάντα
1234 4360 1493 4433 πληρῶν;
1527 4365 1592 4416 Τί
1622 4364 1703 4428 δὲ,

1817 4374 1919 4426 lum
1948 4388 2116 4442 usque
2152 4374 2568 4442 pertingentem,
2609 4374 2820 4429 induxit
2857 4374 3125 4429 dicentem
3150 4374 3319 4430 Deum
3361 4393 3373 4428 :

104 4449 225 4500 εἰπέ
259 4463 375 4515 μοι,
413 4445 521 4516 τὴν
548 4446 697 4500 θείαν
733 4448 830 4499 καὶ
858 4448 1140 4517 ὁμοούσιον
1168 4451 1373 4521 Τριάδα
1414 4456 1702 4508 συνεστάλ-

1817 4484 1830 4514 ι
1872 4464 2083 4526 Venite,
2110 4464 2501 4518 descendamus
2522 4474 2578 4518 et
2619 4464 3011 4519 confundamus
3064 4464 3137 4521 ibi
3168 4465 3379 4535 linguas

105 4536 193 4589 θαι
241 4537 524 4607 δώσομεν,
574 4537 609 4608 ἢ
679 4538 1108 4608 κατευρύνεσθαί
1161 4558 1220 4594 τε
1260 4543 1367 4597 τῶν
1414 4544 1569 4610 ὅλων,
1605 4548 1702 4601 καὶ

1817 4570 1996 4609 eorum
2031 4555 2115 4607 "?
2150 4575 2169 4606 ι
2216 4554 2458 4619 Quanam
2489 4552 2842 4610 descensione
2868 4570 3003 4624 opus
3029 4555 3263 4610 habebat
3285 4556 3377 4611 illa

104 4632 283 4682 πάντα
334 4628 622 4699 πληροῦν;
678 4626 812 4683 Εἶτα
864 4630 983 4694 πῶς
1029 4634 1163 4701 ἡμῖν
1206 4636 1235 4688 6
1269 4635 1441 4705 μέγας
1474 4638 1700 4708 Μωσῆς,

1817 4659 1930 4713 qum
1954 4644 2147 4699 caelum
2181 4660 2245 4699 ac
2291 4653 2462 4699 terras
2488 4644 2721 4715 complet
2750 4637 2976 4698 natura?
2998 4643 3268 4712 Scriptum
3292 4656 3376 4700 est

104 4721 186 4770 ετξ
226 4720 315 4771 τὸν
346 4718 716 4789 οὐρανομήκη
749 4719 959 4789 πύργον
1006 4721 1356 4792 ἀνεδείμαντό
1405 4742 1548 4788 τινες
1592 4727 1700 4779 τῶν

1817 4735 1969 4790 etiam
1994 4735 2060 4792 de
2089 4746 2276 4790 sancto
2293 4734 2493 4805 Spiritu
2528 4755 2541 4790 ε
2576 4753 2595 4785 ι
2635 4736 2871 4805 Spiritus
2922 4737 3130 4790 Domini
3158 4738 3381 4806 replevit

108 4810 515 4879 ἀρχαιοτέρων,
540 4811 893 4881 εἰσκεκόμικε
919 4811 1142 4879 λέγοντα
1171 4815 1263 4867 τὸν
1283 4815 1413 4869 Θεόν
1469 4836 1488 4868 ι
1515 4817 1701 4882 Δεῦτε,

1817 4830 1998 4881 urbem
2026 4838 2292 4881 terrarum
2318 4828 2383 4879 τί.
2421 4847 2437 4879 ι
2478 4826 2666 4882 Psallit
2697 4838 2958 4896 praeterea
2978 4828 3165 4882 beatus
3185 4828 3370 4895 David,

106 4902 201 4951 καὶ
242 4901 598 4962 καταϐάντες
636 4903 957 4971 συγχέωμεν
1005 4906 1121 4957 ἐκεῖ
1162 4904 1261 4968 τὰς
1306 4906 1557 4976 γλώσσας
1603 4910 1701 4965 αὑ-

1817 4931 1875 4972 ac
1900 4921 1965 4971 de
1992 4919 2074 4970 his
2106 4917 2193 4983 qui
2238 4918 2291 4970 in
2342 4916 2501 4971 terris
2534 4926 2659 4971 sunt
2687 4918 2864 4984 positi,
2890 4933 3010 4971 cum
3062 4918 3169 4970 Deo
3199 4917 3376 4986 loqui—

105 4992 249 5056 τῶν;
295 5010 313 5042 ι
352 4992 530 5053 Ποίας
579 4992 750 5044 ὲδεϊτο
781 4993 1132 5059 καταϐάσεως
1177 4998 1465 5067 ήοὺρανόν
1502 5016 1561 5053 τε
1608 5001 1702 5053 καὶ

107 5084 211 5151 γῆν
249 5084 664 5150 ἁναπιμπλᾶσα
721 5086 910 5152 φύσιςς
960 5085 1272 5157 Γέγραπται
1321 5090 1376 5143 δὲ
1434 5092 1526 5144 καὶ
1576 5093 1702 5162 περὶ

1817 5109 1864 5154 ct
1894 5099 2238 5163 crealmntur,
2275 5107 2326 5151 et
2353 5098 2636 5153 renovabis
2658 5096 2847 5151 faciem
2882 5109 3037 5151 terra:
3060 5099 3139 5163 7';
3196 5117 3214 5150 ι
3244 5115 3375 5165 quo-

105 5175 197 5225 τοῦ
240 5178 397 5243 ἁγίου
438 5175 785 5242 Πνεῦματος,
811 5176 893 5227 ὅτι
923 5195 940 5227 ι
985 5178 1207 5249 Πνεῦμα
1256 5183 1459 5252 Κυρίου
1496 5184 1708 5254 πεπλή-

1817 5193 1967 5245 modo
1997 5191 2227 5244 mittitur
2262 5190 2351 5258 qui
2399 5191 2630 5259 complet
2678 5190 2899 5245 omnia?
2922 5189 2999 5243 Ne
3062 5192 3221 5259 igitur
3256 5204 3374 5243 tan-

108 5281 251 5329 pmxa
288 5265 387 5334 τὴν
413 5265 771 5335 οἰκουμένην.
800 5287 816 5315 ι
842 5268 1046 5322 arma;
1067 5271 1159 5323 καί
1189 5289 1351 5343 φησιν
1386 5276 1414 5326 6
1438 5277 1706 5346 μακάριος

1817 5294 1963 5347 quam
2043 5288 2257 5331 acutum
2316 5278 2569 5344 quiddam
2620 5288 2673 5331 ct
2749 5277 3168 5347 inexpugnabile
3243 5294 3371 5346 pro-

106 5356 272 5407 Δαεὶδ
305 5357 439 5425 περὶ
484 5355 597 5408 τῶν
628 5356 687 5407 ἐν
721 5359 792 5426 γῇ
840 5359 1104 5428 κειμένων
1134 5362 1269 5432 πρὸς
1300 5366 1389 5417 τὸν
1420 5368 1703 5431 ζωοποιεῖν

1817 5369 2047 5423 iouendo
2117 5368 2277 5433 illud,
2363 5382 2429 5422 ex
2488 5368 2596 5422 Deo
2678 5366 2839 5423 Patre
2912 5368 3170 5433 Verbum,
3248 5384 3370 5423 cum

109 5447 367 5515 ἰσχύοντα
401 5448 541 5501 Θεὸν
563 5464 577 5478 ·
617 5467 635 5501 ι
682 5447 1091 5516 Ἐξαποστελεῖς
1127 5454 1188 5507 τὸ
1231 5455 1455 5528 Πνεῦμα
1485 5475 1577 5511 σου
1607 5460 1700 5513 καὶ

1817 5460 1976 5514 ηιιηία
2071 5460 2239 5529 possit
2327 5459 2645 5528 complere,
2709 5459 2853 5513 nullo
2948 5460 3105 5513 modo
3186 5459 3369 5526 mitti,

1820 1117 1964 1172 illico
1995 1125 2171 1174 tecum
2223 1134 2463 1189 pugnare
2525 1123 2750 1179 desistet
2800 1125 2891 1196 qui
2954 1124 3120 1180 vincit
3165 1139 3379 1181 omnes.

1818 1208 1990 1265 Velim
2024 1219 2202 1265 autem
2233 1213 2570 1278 consideres,
2613 1226 2882 1285 pugnante
2943 1216 3158 1272 homine
3178 1218 3380 1271 dixisse

1818 1299 2035 1354 beatum
2060 1297 2227 1355 Iacob
2244 1315 2304 1355 se
2324 1302 2521 1357 vidisse
2552 1302 2718 1357 Deum
2749 1302 2885 1359 facie
2914 1305 2979 1358 ad
3010 1304 3202 1359 faciem
3226 1323 3240 1371 ;
3267 1304 3377 1374 82

1816 1388 2022 1443 addidit
2048 1390 2208 1443 etiam
2231 1403 2384 1444 sacra
2406 1387 2725 1460 Scriptura:
2761 1409 2781 1443 ι
2832 1390 3001 1447 Ortus
3043 1403 3126 1449 est
3176 1394 3249 1447 illi
3298 1394 3379 1448 sol

1817 1480 2032 1547 quando
2088 1479 2400 1547 pertransiit
2429 1479 2674 1549 Speciem
2741 1482 2855 1537 Dei.
2892 1501 2911 1535 ι
2962 1482 3077 1550 Qua
3135 1499 3265 1554 ergo
3307 1484 3376 1537 de

1816 1584 1974 1624 causa
2005 1569 2282 1625 erubescis
2303 1570 2368 1625 de
2390 1570 2777 1627 exinanitionis
2800 1586 3075 1637 mensura,
3100 1589 3219 1629 cum
3247 1574 3376 1627 illud

1814 2218 1939 2258 care
1967 2204 2193 2271 captivis
2226 2202 2624 2266 remissionem,
2658 2211 2712 2257 et
2742 2203 2900 2259 caecis
2931 2204 3126 2268 visum,
3180 2212 3235 2258 et
3267 2218 3379 2259 me-

1814 2295 1930 2349 deri
1956 2294 2199 2350 contritis
2235 2295 2421 2360 corde,
2453 2305 2507 2348 et
2538 2294 2772 2349 indicere
2801 2309 3000 2349 annum
3051 2294 3261 2365 Domini
3290 2310 3371 2349 ac-

1816 2384 2130 2453 ceptabilem
2156 2384 2199 2416 ⁶τ
2236 2399 2250 2435 :
2284 2384 2450 2453 ipsius
2484 2398 2719 2453 namque
2751 2384 2940 2449 solius,
2992 2399 3095 2440 non
3150 2385 3379 2454 alicujus

1817 2474 2041 2529 alterius
2076 2471 2574 2542 fueruntejusmodi
2620 2470 2876 2540 praeclara
2935 2478 3082 2540 gesta
3122 2485 3248 2541 erga
3280 2486 3379 2525 nos

1817 2576 2144 2637 perpetrata.
2171 2566 2267 2620 Cui
2304 2566 2380 2621 rci
2416 2565 2573 2621 ﬁdem
2632 2564 2794 2619 faciet
2845 2562 3121 2633 quidema
3177 2563 3380 2618 sanctis

1816 2657 2115 2725 prophetis,
2139 2656 2231 2724 qui
2263 2656 2391 2710 dicit
2420 2673 2435 2708 :
2462 2673 2480 2707 ι
2514 2654 2626 2709 Non
2685 2655 2911 2722 legatus,
2973 2670 3077 2710 non
3139 2653 3377 2723 angelus,

1816 2748 1909 2801 sed
1948 2747 2061 2814 ipse
2082 2745 2337 2799 Dominus
2361 2744 2704 2798 salvavituos
2727 2744 2805 2811 ";
2846 2762 2865 2794 ι
2903 2746 2991 2813 qui
3028 2746 3192 2800 etiam
3221 2760 3376 2814 aper-

1821 2838 2027 2891 tissime
2064 2837 2235 2890 dicit:
2272 2854 2291 2887 ι
2323 2834 2548 2904 Proptcr
2619 2835 2721 2889 hoc
2768 2836 2903 2889 sciet
2951 2836 3180 2905 populus
3223 2851 3375 2890 mens

1818 2944 2011 2983 nomen
2042 2944 2218 2982 meum
2245 2928 2296 2981 in
2333 2928 2418 2982 die
2445 2926 2558 2992 illa,
2582 2928 2707 2995 quia
2737 2942 2837 2998 ego
2871 2928 2984 2995 ipse
3007 2928 3097 2995 qui
3122 2928 3380 2997 loquebar

1818 3024 2004 3071 adsum
2035 3018 2098 3069 ".
2142 3035 2159 3066 ι
2199 3016 2359 3085 Atqui
2385 3018 2427 3071 si
2459 3016 2545 3071 ille
2584 3016 2780 3071 missus
2814 3017 2976 3070 homo
3004 3016 3199 3084 aliquis
3226 3030 3343 3070 cont
3363 3045 3377 3057 -

1812 5021 1915 5073 tur,
1948 5011 2038 5079 qui
2069 5009 2337 5062 virilicare
2370 5018 2543 5076 potest
2572 5024 2590 5061 :
2630 5026 2647 5058 ι
2676 5008 2897 5061 Emittes
2924 5007 3180 5077 Spiritum
3204 5019 3374 5073 tuum,

173 5648 220 5676 "
266 5644 369 5700 lsa.
404 5663 519 5710 ur,
576 5652 627 5706 t,
679 5648 743 5713 2;
776 5646 911 5706 an.
970 5665 1041 5716 tv,
1096 5651 1177 5717 l8,
1219 5654 1298 5708 l9.
1404 5657 1447 5685 “
1487 5658 1709 5712 153.1.“

102 5717 143 5747 "
183 5716 335 5771 Psal.
379 5732 501 5771 ctu.
530 5716 619 5771 50.

1817 5657 1855 5711 ἢ.
1966 5657 2013 5687 θ’
2050 5656 2149 5710 lsa.
2205 5673 2299 5721 ιιι,
2330 5656 2379 5708 6.
2485 5655 2529 5685 ⁷⁰
2570 5653 2702 5709 Gen.
2736 5673 2808 5719 ιι,
2841 5658 2890 5711 7.
2996 5660 3034 5688 ⁷⁸
3081 5659 3206 5726 Sap.
3244 5673 3283 5722 t,
3313 5659 3366 5713 7.

128 5720 143 5747 ³
183 5717 335 5771 ΡδιιΙ.
379 5732 501 5782 ctu,
530 5717 619 5772 50.
