4040 6428
677 341 778 397 M7

1672 343 1730 400 S.
1771 342 2048 400 CYlilLLl
2087 342 2557 401 ALEXANDRINI
2596 345 2916 402 ARCIIIEP.

3833 343 3925 398 HS

673 461 783 530 83
816 462 1029 516 coneris
1079 462 1364 516 veritatem
1399 461 1695 526 infirmare,
1731 471 1784 516 et
1827 462 2072 531 mysterii
2137 462 2246 516 vim

2368 465 2776 537 ιτισθήσονται,
2835 464 2928 516 καὶ
2989 463 3321 526 ἁνακαινιεῖς
3373 461 3434 513 τὸ
3494 462 3782 530 πρόσωπον
3834 463 3926 527 τῆς

674 566 920 610 evertere
957 574 971 621 ;
1004 556 1098 610 sed
1129 554 1256 609 illud
1311 556 1489 625 potius
1519 555 1716 622 cogita,
1757 568 1846 610 res
1886 554 2098 608 divinas
2147 554 2251 608 dici

675 647 892 712 quidem
928 649 1162 700 humano
1193 662 1362 710 more,
1403 647 1481 700 sic
1508 656 1687 700 autem
1723 660 1752 699 a
1794 645 1950 701 nobis
1998 645 2249 712 intelligi,

677 747 733 787 ut
768 735 912 789 Deus
943 737 1056 804 ipse
1084 736 1232 790 solus
1265 735 1387 801 scit,
1423 746 1476 789 et
1509 745 1567 788 ut
1609 735 1686 788 illi
1733 732 1912 790 facere
1950 734 2116 790 moris
2146 745 2247 789 est.

677 823 783 876 Sed
809 825 930 891 quia
959 825 1267 878 unctionem
1310 836 1365 878 ut
1400 841 1512 878 rem
1562 824 1814 892 exiguam
1871 833 1926 878 et
1972 823 2252 887 humilem,

676 924 729 966 et
755 911 1026 980 Unigeniti
1057 915 1225 983 gloria
1274 916 1428 985 longe
1472 914 1746 983 indignam
1793 922 1965 982 putat,
1991 927 2111 982 age,
2154 914 2255 968 hac

678 1010 742 1062 de
779 1024 834 1063 re
856 1025 978 1077 qua:
1007 1023 1245 1062 consona
1278 1019 1404 1064 sunt
1434 1010 1700 1072 dicamus,
1728 1014 1785 1059 ut
1815 1004 2059 1060 scandali
2087 1017 2253 1058 occa-

678 1101 859 1154 siones
894 1101 1250 1169 prazdicantus
1280 1121 1291 1155 :
1323 1101 1463 1171 Ergo
1491 1100 1536 1154 si
1582 1099 1746 1154 homo
1785 1112 1892 1153 non
1925 1105 2010 1152 est
2055 1095 2253 1160 factus,

678 1191 911 1245 humana
981 1193 1215 1260 reiiciat,
1263 1193 1727 1261 dispensationem
1784 1199 1995 1246 recuset
2035 1198 2096 1243 ut
2136 1202 2257 1258 qua:

679 1285 946 1339 minorem
983 1285 1127 1339 illum
1157 1285 1340 1352 faciat,
1370 1295 1425 1341 et
1458 1301 1485 1338 a
1516 1300 1770 1355 suprema
1805 1284 1891 1339 illa
1927 1283 2097 1354 gloria
2130 1281 2256 1335 divi-

678 1389 856 1443 naque
899 1377 1220 1431 excellentia
1255 1379 1325 1431 sit
1363 1377 1521 1446 longe
1576 1385 1781 1430 remota
1814 1394 1826 1429 :
1865 1376 2059 1444 exigua
2106 1388 2256 1428 nam-

678 1481 784 1532 que
807 1476 934 1519 sunt
959 1469 1055 1536 ipsi
1089 1467 1261 1522 Verbo
1291 1479 1474 1523 nostra
1511 1468 1716 1522 omnia.
1752 1467 1858 1522 Sed
1890 1467 2015 1536 quia
2041 1468 2257 1538 sapien-

680 1559 750 1611 tia
781 1559 993 1626 plenum
1038 1571 1121 1615 est
1155 1562 1257 1615 hoc
1296 1563 1637 1632 mysterium,
1690 1577 1862 1630 neque
1889 1561 1965 1615 illi
1997 1561 2255 1630 rejicien-

679 1651 804 1702 dum
829 1653 1219 1705 exinanitionis
1259 1669 1418 1722 opus,
1469 1669 1567 1708 cur
1599 1669 1659 1706 ea
1689 1667 1808 1721 qua:
1858 1662 2004 1707 recte
2037 1655 2253 1719 habent,

678 1741 942 1797 audacter
974 1757 1218 1806 accusas,
1253 1754 1306 1798 et
1344 1744 1488 1812 quod
1540 1743 1683 1796 illius
1724 1742 1932 1811 judicio
1982 1757 2260 1797 commen-

681 1834 862 1899 datur,
921 1844 980 1886 ut
1044 1835 1360 1889 indecorum
1429 1834 1749 1890 aversaris?
1784 1831 1981 1888 Vidisti
2040 1827 2336 1887 unctumB

680 1923 916 1978 humano
979 1941 1130 1979 more
1174 1926 1346 1981 ?vide
1415 1928 1666 1980 eumdem
1721 1925 1978 1980 divinitus
2040 1939 2258 1992 ungere.

681 2015 958 2085 Scriptum
993 2026 1077 2070 est
1102 2017 1244 2070 enim
1268 2034 1282 2071 :
1308 2036 1326 2069 ι
1363 2016 1758 2072 Testimonium
1793 2018 2068 2087 perhibuit
2097 2015 2263 2072 Joan-

679 2120 794 2168 nes,
837 2107 1078 2160 dicens:
1127 2107 1264 2173 Quia
1322 2108 1431 2161 vidi
1493 2107 1755 2177 Spiritum
1841 2107 2260 2161 descendentem

681 2197 835 2264 quasi
883 2197 1208 2262 columbam,
1257 2209 1310 2253 et
1360 2208 1663 2252 manentem
1727 2213 1891 2268 super
1952 2199 2172 2268 ipsum;
2210 2210 2264 2254 et

684 2302 785 2357 ego
809 2290 1116 2344 nesciebam
1146 2306 1291 2353 eum,
1318 2291 1410 2345 sed
1440 2291 1529 2358 qui
1569 2291 1718 2344 misit
1770 2306 1856 2344 me
1887 2291 2167 2360 baptizare
2208 2291 2263 2344 in

685 2396 846 2448 aqua,
873 2380 958 2434 ille
982 2382 1110 2434 mihi
1145 2382 1317 2436 dixit:
1342 2383 1518 2451 Super
1558 2397 1716 2450 quem
1751 2382 1955 2436 videris
2002 2381 2262 2450 Spiritum

685 2472 1107 2526 descendentem
1142 2482 1197 2527 et
1228 2483 1536 2528 manentem
1562 2488 1726 2541 super
1760 2487 1906 2536 eum,
1938 2473 2027 2526 hic
2053 2483 2136 2527 est
2171 2474 2264 2542 qui

685 2565 922 2632 haptizat
955 2565 1006 2618 in
1045 2564 1248 2636 Spiritu
1283 2576 1516 2631 sancto;
1553 2574 1605 2620 et
1640 2566 1769 2629 vidi,
1799 2575 1852 2619 et
1900 2567 2262 2620 testimonium

684 2658 950 2725 perhibui,
979 2661 1104 2726 quia
1128 2658 1213 2712 hic
1234 2648 1316 2712 est
1356 2656 1525 2711 Filius
1571 2656 1661 2711 Dei
1689 2657 1829 2712 7"“.
1867 2674 1886 2708 ι
1913 2655 2049 2722 Quid
2081 2657 2266 2711 enim?

685 2750 1113 2804 humanitatisne
1156 2764 1292 2817 opus
1335 2764 1456 2803 esse
1503 2747 1639 2801 dicis
1695 2749 1972 2815 baptizare
2013 2760 2170 2814 posse
2209 2745 2263 2799 in

682 2834 891 2906 Spiritu
941 2849 1134 2894 sancto
1192 2838 1532 2894 credentes?
1596 2837 1756 2905 Atqui
1837 2836 2106 2904 quomodo
2159 2851 2262 2889 non

681 2930 909 2985 Stultum
957 2932 1029 2986 sit
1076 2941 1268 2998 putare
1322 2929 1436 2984 huic
1476 2929 1548 2983 ita
1596 2943 1656 2983 se
1701 2927 1899 2981 habere
1930 2927 1954 2979 ?
1984 2927 2265 2992 Quomodo

681 3023 849 3088 enim,
883 3023 1025 3090 quod
1063 3024 1239 3076 minus
1273 3033 1377 3084 est,
1435 3019 1905 3089 participationem
1965 3021 2039 3072 rei
2105 3018 2264 3088 longe

2359 559 2493 628 γῆς’
2536 577 2554 608 ι
2592 559 2708 621 πῶς
2744 555 3192 622 ὲξαποστέλλεται
3222 555 3283 607 τὸ
3323 554 3502 607 πάντα
3530 552 3797 623 πληροῦν;
3842 553 3928 621 Μὴ

2358 648 2543 700 τοίνυν
2588 647 2662 709 ὼς
2706 647 2869 715 σοφόν
2921 663 2981 698 τε
3037 645 3132 698 καὶ
3185 642 3389 696 δυσανὰ
3422 642 3494 713 (1)
3526 640 3797 711 προτιθεὶς
3843 642 3930 692 τὸν

2361 741 2538 794 πάντα
2577 738 2817 809 πληροῦν
2860 736 3145 808 ἰσχύοντα,
3184 735 3278 788 τὸν
3328 736 3392 786 ὲκ
3429 733 3562 786 Θεοῦ
3595 732 3802 802 Πατρδς
3831 731 3930 784 Λό-

2361 848 2480 900 γον,
2516 831 2803 898 ἀνέφικτον
2834 829 2976 898 ἕχειν
3007 828 3107 895 τὴν
3139 824 3426 894 ἐπιστολὴν
3455 822 3562 894 [lam
3587 820 3929 892 ἀποστολὴν],

2363 923 2661 994 παραλύειν
2683 922 2903 988 ἐπείγου
2928 920 2989 973 τὸ
3019 918 3239 990 ἀληθὲς,
3273 917 3368 971 καὶ
3388 917 3488 986 τὴν
3516 915 3611 968 τοῦ
3639 913 3931 984 μυστηρίου

2361 1017 2593 1088 δύναμιν
2615 1014 2942 1086 ἀνατρέπειν
2963 1031 2976 1044 ·
2997 1013 3165 1066 ἐννόει
3183 1013 3238 1066 δὲ
3261 1011 3482 1083 μᾶλλον,
3501 1011 3581 1064 ὅτι
3602 1010 3816 1078 λέγεται
3842 1009 3935 1078 μὲν

2369 1110 2726 1180 ἀνθρωπίνως
2779 1107 2847 1160 τά
2889 1107 3019 1178 περὶ
3061 1105 3234 1158 Θεοῦο
3280 1106 3482 1158 νοεῖται
3531 1102 3589 1156 δὲ
3624 1102 3766 1155 οὕτω
3803 1099 3936 1170 πρὸς

2363 1203 2533 1272 ἡμᾶς,
2556 1199 2631 1264 ὡς
2657 1200 2724 1254 ἂν
2745 1199 2906 1262 αὑτός
2939 1215 2999 1250 τε
3022 1197 3188 1268 εἰδείη
3213 1197 3307 1250 καὶ
3342 1195 3524 1265 μόνος,
3543 1194 3639 1248 καὶ
3655 1194 3788 1264 δρᾷν
3819 1192 3936 1253 ἔθος

2363 1291 2531 1363 αύτῷ.
2574 1291 2792 1360 Ἐπειδὴ
2823 1291 2881 1344 δὲ
2910 1289 2984 1350 ὡς
3015 1287 3188 1359 βραχὺ
3219 1286 3313 1340 καὶ
3341 1285 3703 1355 ἀνθρώπινον,
3728 1282 3939 1351 καὶτῆς

2362 1385 2457 1439 τοῦ
2490 1381 2828 1452 Μονογενοῦς
2872 1381 3029 1448 ἀξίας
3068 1377 3401 1451 ἡττώμενον,
3432 1377 3688 1448 ἀμέτρως
3726 1375 3937 1444 δέχεται

2363 1476 2462 1547 τὴν
2484 1475 2679 1546 χρῆσιν
2707 1473 2817 1546 [τον.
2849 1470 3074 1543 χρίσιν],
3107 1471 3239 1542 φέρε
3261 1471 3330 1524 τὰ
3351 1471 3534 1523 εἰκότα
3560 1469 3652 1522 καὶ
3677 1469 3756 1531 εἰς
3785 1465 3940 1520 τοῦτο

2364 1568 2631 1639 λέγωμεν,
2663 1567 2762 1630 τάς
2813 1565 2908 1619 τοῦ
2960 1565 3254 1618 σκανδάλου
3288 1563 3508 1625 λύοντες
3559 1559 3836 1631 ἀφορμάς.
3880 1557 3941 1610 Εἰ

2368 1660 2468 1729 μὲν
2495 1655 2589 1712 οὖν
2617 1659 2677 1711 ού
2701 1658 2923 1727 γέγονεν
2951 1655 3254 1725 ἄνθρωπος,
3279 1653 3619 1708 ἀποσειέσθω
3639 1653 3707 1704 τὰ
3736 1650 3947 1720 ἀνθρώ-

2366 1768 2520 1812 πινα,
2570 1747 2945 1820 παραιτείσθω
2993 1746 3091 1819 τὴν
3127 1745 3460 1815 οἰκονομίαν,
3493 1743 3568 1806 ὡς
3613 1744 3671 1795 ὲν
3722 1739 3945 1810 μειώσει

2363 1840 2608 1894 τιθεῖσαν
2647 1839 2832 1902 αὑτὸν,
2866 1839 2962 1891 καὶ
2990 1839 3088 1904 τῆς
3117 1837 3379 1890 ἀνωτάτω
3411 1833 3569 1904 δόξης
3599 1833 3692 1886 καὶ
3721 1831 3951 1900 θεοπρε-

2364 1930 2502 1993 ποῦς
2524 1930 2797 2000 ὑπεροχῆς
2825 1928 3053 1982 κατόπιν
3078 1929 3248 1979 ἱεῖσαν
3271 1943 3283 1954 ·
3314 1925 3523 1996 σμικρά
3546 1923 3654 1994 γὰρ
3684 1922 3760 1992 τῷ
3787 1923 3950 1990 Λόγῳ

2363 2023 2431 2077 τὰ
2464 2024 2585 2076 καθ’
2612 2025 2780 2093 ἡμᾶς.
2812 2019 3032 2092 Ἐπειδὴ
3062 2020 3120 2073 δὲ
3175 2019 3339 2088 σοφὸν
3385 2015 3601 2085 ἀληθῶς
3634 2015 3694 2068 τὸ
3727 2016 3954 2084 μυστή-

2367 2131 2503 2186 ριον,
2527 2115 2621 2166 καὶ
2651 2114 2751 2166 ούκ
2775 2113 3081 2182 ἀπόϐλητον
3114 2110 3263 2181 αύτῷ
3287 2110 3348 2162 τὸ
3375 2110 3474 2180 τῆς
3499 2107 3783 2170 κενώσεως
3809 2105 3953 2178 χρῆ-

2368 2223 2465 2276 μα,
2489 2204 2541 2257 τί
2565 2206 2672 2266 τοῖς
2701 2202 2876 2274 ὀρθῶς
2898 2202 3104 2272 ἔχουσι,
3132 2200 3516 2272 ῥιψοκινδύνως
3545 2200 3826 2269 ἐπιτιμᾷς,
3854 2198 3954 2251 καὶ

2363 2295 2426 2348 τὸ
2453 2297 2573 2358 ταῖς
2626 2293 2790 2348 αὑτοῦ
2845 2295 3046 2364 ψήφοις
3107 2291 3562 2361 στεφανούμενον,
3606 2291 3683 2354 ὡς
3714 2289 3957 2350 ἀκαλλὲς

2364 2386 2690 2457 ἀποτρέπῃ;
2729 2381 2882 2447 Εἶδες
2926 2385 3212 2454 χριόμενον
3243 2383 3638 2454 ἀνθρωπίνως;
3702 2382 3807 2452 ὅρα
3858 2379 3957 2433 τὸν

2366 2478 2527 2531 αὑτὸν
2557 2478 2654 2531 καὶ
2700 2477 2924 2548 χρίοντα
2962 2476 3192 2539 θεῖκῶςο
3224 2476 3531 2546 γέγραπται
3569 2475 3698 2546 γὰρ,
3737 2476 3819 2528 ὅτι
3856 2475 3960 2528 καὶ

2373 2590 2391 2622 ι
2427 2570 2843 2641 Ἐμαρτύρησεν
2883 2569 3158 2639 Ἰωάννης,
3183 2568 3388 2636 λέγων·
3426 2569 3549 2620 Ὅτι
3587 2567 3853 2637 τεθέαμαι
3894 2566 3960 2619 τὸ

2368 2664 2593 2733 Πνεῦμα
2627 2663 2957 2716 καταϐαῖνον
2993 2662 3125 2714 ὡσεὶ
3167 2661 3522 2732 περιστερὰν,
3547 2661 3640 2713 καὶ
3671 2659 3833 2729 μένον
3865 2661 3960 2712 ἐπ’

2367 2755 2529 2808 αὐτόν
2551 2771 2564 2785 ο
2597 2754 2751 2819 κάγὼ
2779 2754 2879 2807 ούκ
2908 2754 3055 2824 ᾔδειν
3079 2753 3240 2806 αὐτόν
3263 2769 3277 2784 ·
3305 2753 3420 2806 ἀλλ’
3441 2756 3470 2806 ό
3505 2752 3727 2823 πέμψας
3756 2770 3824 2822 με
3859 2752 3964 2823 βα-

2367 2846 2577 2910 πτίζειν
2603 2848 2661 2899 ὲν
2684 2845 2855 2910 ὕδατι,
2874 2845 3078 2908 ἐκεῖνός
3102 2863 3191 2915 μοι
3220 2840 3372 2897 εἶπεν
3391 2862 3406 2876 ·
3439 2845 3554 2914 Ἐφ’
3571 2844 3629 2896 ὃν
3659 2844 3724 2897 ἂν
3753 2843 3876 2916 ἴδῃς
3900 2843 3969 2894 τὸ

2367 2936 2591 3006 Πνεῦμα
2619 2936 2945 2988 καταϐαῖνον
2973 2935 3067 2988 καὶ
3084 2936 3242 3006 μένον
3265 2935 3355 2987 ἐπ’
3381 2935 3562 2998 αὑτὸν,
3582 2926 3735 2997 οὗτός
3753 2934 3911 2988 ἐστιν
3936 2935 3967 2985 6

2369 3027 2646 3097 βαπτίζων
2676 3028 2734 3081 ὲν
2767 3027 2843 3098 τῷ
2864 3027 3144 3097 Πνεύματι
3174 3026 3251 3095 τῷ
3274 3027 3443 3096 ἀγίῳο
3476 3027 3572 3080 καὶ
3591 3026 3834 3096 ἑώρακα,
3861 3027 3970 3080 καὶ

681 3115 908 3184 majoris
952 3114 1272 3184 largietur?
1307 3113 1438 3166 Illud
1485 3113 1649 3165 etiam
1709 3110 2023 3164 consideres
2078 3110 2262 3173 velim,

2371 3118 2796 3190 μεμαρτύρηκα,
2843 3119 2925 3171 ὃτι
2983 3112 3137 3181 οὗτός
3185 3120 3333 3170 ἐστιν
3369 3118 3399 3169 6
3432 3117 3560 3180 Υίὺς
3602 3117 3694 3170 τοῦ
3737 3117 3906 3171 Θεοῦ.
3942 3135 3964 3169 ι

683 3206 832 3262 illum
860 3208 1035 3276 ipsum
1073 3221 1238 3275 super
1274 3220 1434 3274 quem
1471 3204 1706 3274 Spiritus
1737 3203 2019 3257 advolasse
2063 3203 2264 3256 dicitur

685 3311 738 3355 et
770 3301 1034 3356 mansisse
1058 3314 1221 3369 super
1250 3314 1397 3363 eum,
1428 3299 1480 3351 in
1519 3295 1721 3365 Spiritu
1751 3306 1941 3350 sancto
1966 3295 2261 3361 baptizare,

682 3393 825 3461 quod
857 3392 1106 3446 videlicet
1139 3400 1194 3445 ut
1218 3391 1357 3444 Deus
1386 3390 1670 3444 credentes
1710 3403 1808 3440 suo
1838 3385 2042 3456 Spiritu
2069 3399 2264 3453 perun-

679 3493 811 3549 gat;
845 3483 1027 3550 itaque
1047 3482 1242 3536 revixit
1269 3495 1300 3535 e
1334 3479 1582 3542 mortuis,
1611 3489 1666 3533 et
1689 3477 1986 3533 insumavit
2017 3478 2069 3530 in
2099 3476 2264 3530 disci-

681 3571 859 3639 pulos,
911 3572 1134 3625 diccns:
1165 3588 1185 3622 ι
1240 3571 1484 3638 Accipite
1530 3568 1794 3638 Spiritum
1837 3577 2086 3621 sanctum
2116 3567 2205 3632 ";
2241 3584 2259 3617 ι

680 3678 844 3731 quem
893 3664 982 3730 qui
1027 3671 1370 3730 acceperant,
1406 3661 1702 3715 dicebant:
1739 3677 1757 3710 ι
1807 3658 1915 3713 Nos
1943 3668 2122 3712 autem
2158 3673 2263 3711 non

681 3756 935 3824 Spiritum
990 3755 1150 3824 hujus
1178 3755 1362 3809 mundi
1395 3753 1728 3823 accepimus,
1753 3753 1848 3806 sed
1871 3750 2135 3819 Spiritum
2171 3749 2262 3819 qui

682 3863 749 3901 ex
781 3847 889 3902 Deo
912 3857 1014 3910 est,
1047 3857 1104 3900 ut
1136 3848 1375 3903 sciamus
1407 3862 1528 3915 qua:
1563 3862 1592 3899 a
1643 3847 1754 3899 Deo
1790 3845 1986 3899 donata
2014 3853 2143 3898 sunt
2166 3859 2263 3899 no-

683 3940 768 3993 bis
791 3939 860 3991 ".
900 3957 916 3991 υ
946 3937 1148 3993 Scribit
1182 3940 1344 3992 etiam
1375 3940 1570 3993 beatus
1604 3936 1844 3992 Paulus:
1881 3954 1899 3987 ι
1937 3936 2038 4001 Qui
2082 3945 2263 3990 autem

683 4031 737 4084 in
767 4044 929 4084 carne
976 4041 1121 4097 sunt,
1165 4029 1278 4086 Deo
1305 4031 1518 4101 placere
1548 4044 1653 4083 non
1686 4037 1927 4098 possunt.
1954 4027 2062 4080 Vos
2086 4036 2263 4081 autem

681 4137 791 4176 non
851 4122 983 4176 estis
1012 4123 1064 4176 in
1101 4137 1286 4186 carne,
1337 4123 1432 4176 sed
1476 4123 1527 4174 in
1570 4120 1785 4189 spiritu,
1844 4118 2109 4186 siquidem
2146 4116 2267 4185 Spi-

682 4214 822 4268 ritus
855 4214 946 4268 Dei
986 4213 1195 4268 h‘abitat
1237 4213 1289 4266 in
1324 4214 1496 4266 vobis.
1532 4212 1588 4265 Si
1631 4211 1754 4279 quis
1787 4218 1967 4264 autem
2001 4207 2264 4276 Spiritum

683 4305 885 4360 Christi
915 4320 1019 4358 non
1046 4305 1227 4368 habet,
1254 4305 1342 4358 hic
1370 4319 1478 4358 non
1505 4315 1588 4358 est
1615 4302 1731 4369 ejus
1758 4302 1827 4358 ⁷⁷.
1853 4319 1871 4353 ι
1905 4302 2082 4369 Atque
2097 4299 2263 4353 etiam

683 4397 811 4451 alibi
860 4414 874 4449 :
926 4414 944 4445 ι
1011 4396 1338 4465 Quicunque
1385 4396 1578 4463 spiritu
1617 4393 1707 4448 Dei
1734 4403 1989 4462 aguntur,
2047 4391 2101 4445 hi
2140 4401 2266 4446 sunt

2367 3207 2512 3280 *Αρα
2541 3209 2650 3281 γὰρ
2685 3210 3101 3281 ἀνθρωπότητος
3123 3211 3280 3280 ἔργον
3325 3205 3463 3262 εἶναι
3509 3209 3616 3278 φὴς
3655 3210 3716 3262 τὸ
3758 3209 3974 3279 βαπτίο

2369 3301 2481 3364 ζειν
2516 3300 2778 3352 δύνασθαι
2809 3301 2934 3362 τοὺς
2971 3299 3327 3361 πιστεύοντας
3375 3300 3431 3350 ἐν
3467 3298 3604 3368 ἁγίῳ
3635 3297 3969 3364 Πνεύματι;

2369 3391 2546 3444 καίτοι
2577 3391 2691 3453 πῶς
2717 3393 2816 3443 ούκ
2851 3390 3045 3461 εὔηθες
3073 3392 3133 3444 τὸ
3170 3390 3313 3443 οὕτω
3352 3390 3495 3459 ἔχειν
3520 3389 3727 3442 οἴεσθαι
3753 3390 3929 3443 ταυτί
3956 3406 3973 3452 ;

2344 3483 2492 3546 ’Πῶς
2524 3483 2633 3554 γὰρ
2667 3487 2728 3536 τὸ
2773 3486 2922 3553 μεῖον
2963 3485 3063 3551 τὴν
3097 3483 3193 3536 τοῦ
3227 3481 3559 3552 προύχοντος
3599 3482 3979 3551 ἀσυγκρίτως

2367 3579 2636 3644 χαριεῖται
2664 3573 2909 3645 μέθεξιν;
2941 3575 3129 3644 Ἀθρει
3150 3574 3205 3626 δὲ
3237 3575 3319 3626 ὅτι
3345 3573 3502 3635 αὐτὸς
3521 3574 3747 3635 ἐκεῖνος,
3782 3574 3876 3641 ἐφ’
3910 3573 3978 3624 ὃν

2369 3666 2717 3734 καταπτῆναι
2743 3665 2804 3718 τὸ
2835 3664 3060 3735 Πνεῦμα
3088 3665 3327 3731 λέγεται,
3360 3662 3538 3732 μεῖναί
3563 3679 3622 3715 τε
3654 3663 3740 3713 ἐπ’
3768 3662 3978 3724 αὐτὸν,

2369 3755 2428 3806 ὲν
2458 3755 2598 3826 ἁγίῳ
2637 3755 2890 3824 βαπτίζει
2923 3757 3201 3826 Πνεύματι
3227 3797 3241 3822 ,
3277 3755 3592 3827 καταχρίων
3622 3755 3679 3808 δὲ
3714 3755 3982 3825 δηλονότι

2367 3848 2495 3909 τοὺς
2526 3849 2880 3911 πιστεύοντας
2910 3849 2990 3912 τώς
3035 3849 3168 3911 Θεὸς
3219 3848 3298 3919 τῷ
3359 3848 3473 3920 ἰδίῳ
3511 3848 3790 3918 Πνεύματι
3814 3864 3827 3877 °
3868 3848 3986 3901 καὶ

2369 3943 2502 4012 γοῦν
2533 3944 2735 3996 ἀνεϐίω
2768 3944 2867 4013 μὲν
2902 3946 2965 3997 ὲκ
3000 3943 3234 4015 νεκρῶν,
3273 3945 3578 4015 ἐνεφύσησε
3603 3944 3659 3997 δὲ
3692 3945 3807 4006 τοῖς
3851 3961 3986 4014 μα·-

2371 4035 2582 4104 θηταῖς,
2625 4036 2833 4103 λέγων·
2865 4057 2882 4087 ι
2906 4036 3113 4090 Λάϐετε
3148 4035 3372 4107 Πνεῦμα
3409 4036 3598 4104 ἀγιον·
3634 4054 3650 4087 r
3689 4036 3738 4088 οἱ
3766 4034 3826 4087 δὲ
3867 4036 3988 4088 λα-

2370 4123 2558 4185 ϐόντες
2589 4124 2782 4190 φασίν·
2822 4143 2840 4174 ι
2865 4123 3054 4193 Ἡμεῖς
3087 4123 3145 4176 δὲ
3179 4123 3239 4175 ού
3287 4123 3350 4175 τὸ
3371 4122 3588 4193 πνεῦμα
3622 4121 3715 4174 τοῦ
3746 4123 3988 4194 κόσμου

2369 4215 2658 4286 ἐλάϐομεν,
2690 4216 2826 4269 ἀλλὰ
2856 4215 2914 4268 τὸ
2944 4215 3168 4285 Πνεῦμα
3193 4216 3254 4268 τὸ
3285 4217 3349 4268 ὲκ
3378 4215 3474 4269 τοῦ
3502 4214 3662 4278 Θεοῦ,
3690 4215 3777 4268 ἵνα
3806 4217 3995 4270 εἰδῶ-

2374 4325 2470 4377 μεν
2495 4309 2562 4361 τά
2594 4309 2658 4360 ὲκ
2679 4307 2773 4360 τοῦ
2805 4305 2940 4359 Θεοῦ
2968 4305 3298 4376 χαρισθέντα
3325 4307 3479 4374 ἡμῖν.
3509 4324 3527 4356 ›
3557 4305 3761 4375 Γράφει
3781 4304 3842 4358 δὲ
3875 4307 3995 4360 καὶ

2369 4397 2397 4448 ὁ
2428 4394 2740 4464 σοφώτατος
2776 4395 3021 4459 Παῦλος·
3066 4397 3167 4448 «Οἱ
3216 4395 3273 4448 δὲ
3320 4396 3377 4448 ἐν
3411 4395 3575 4465 σαρκὶ
3617 4395 3791 4457 ὄντες,
3842 4397 3995 4469 Θεῷ

682 4488 778 4544 ﬁlii
815 4487 908 4542 Dei
935 4489 1000 4542 ⁷⁸.
1043 4509 1060 4540 ι
1097 4489 1236 4558 Ergo
1266 4504 1387 4545 cum
1419 4487 1623 4542 videris
1648 4501 1771 4540 eum
1806 4485 2025 4555 proprio
2047 4493 2262 4539 unctum

2374 4488 2570 4558 ἀρέσαι
2599 4489 2661 4540 ού
2699 4487 2974 4542 δύνανται.
3032 4488 3222 4558 Ὑμεῖς
3269 4488 3325 4540 δὲ
3370 4489 3470 4541 ούκ
3511 4489 3634 4540 ἐστὲ
3674 4489 3731 4541 ὲν
3767 4492 3993 4561 σαρκὶ,

693 4579 926 4646 Spiritu,
957 4587 1232 4634 memento
1279 4577 1425 4632 illius
1484 4578 1536 4631 in
1599 4593 1765 4632 carne
1817 4577 2266 4646 dispensationis,

685 4670 799 4742 84
854 4680 907 4725 et
945 4672 1120 4740 cogita
1155 4672 1446 4724 humanam
1483 4680 1733 4724 naturam
1773 4688 1786 4724 :
1821 4684 1942 4723 cum
1968 4669 2171 4723 videris
2202 4669 2269 4723 ab

684 4775 750 4813 eo
793 4757 1059 4828 Spiritum
1094 4759 1232 4824 dari,
1271 4774 1392 4812 cum
1443 4759 1546 4813 hoc
1587 4757 1746 4812 simul
1805 4757 2076 4811 admirare
2121 4757 2268 4810 illum

685 4851 850 4904 etiam
911 4851 963 4904 in
1014 4851 1350 4906 humanitate
1398 4852 1585 4905 Deum.
1622 4850 1727 4905 Sed
1765 4853 1866 4904 iste
1897 4852 2270 4906 contentiosus

686 4941 821 4995 nihil
859 4944 1048 4995 horum
1073 4955 1350 5009 reputans,
1381 4944 1460 4996 sic
1489 4957 1676 4995 rursus
1700 4944 1774 4994 ait
1809 4959 1822 4994 :

2377 4580 2492 4633 ἀλλ’
2523 4582 2580 4634 ὲν
2607 4580 2905 4650 Πνεύματι,
2936 4582 3093 4651 εἰπερ
3129 4579 3356 4652 Πνεῦμα
3391 4579 3524 4633 Θεοῦ
3551 4581 3688 4633 οἰκεῖ
3717 4582 3774 4634 ὲν
3810 4582 3993 4652 ύμῖν.

2376 4671 2438 4722 Εἰ
2473 4670 2528 4724 δέ
2559 4687 2643 4734 τις
2673 4670 2896 4741 Πνεῦμα
2934 4669 3174 4742 Χριστοῦ
3205 4671 3304 4722 οὑκ
3333 4670 3468 4739 ἔχει,
3499 4665 3650 4733 οὗτος
3684 4669 3786 4722 οὐκ
3817 4669 3993 4724 ἐστιν

2375 4761 2561 4815 αὐτοῦ.
2594 4781 2612 4812 ι
2639 4763 2748 4817 Καὶ
2771 4763 2878 4834 μὴν
2907 4764 3001 4816 καὶ
3027 4764 3251 4834 ἑτέρωθι
3272 4781 3284 4792 °
3315 4782 3333 4814 ι
3361 4764 3513 4816 Ὅσοι
3543 4761 3653 4830 γὰρ
3684 4760 3993 4832 Πνεύματλ

2375 4853 2511 4906 Θεοῦ
2551 4856 2796 4922 ἄγονται,
2841 4853 2986 4909 οῦτοί
3033 4859 3170 4909 εἰσιν
3205 4857 3310 4909 υἱοὶ
3348 4854 3504 4909 Θεοῦ.
3531 4874 3548 4905 ι
3583 4853 3794 4907 Οὐκοῦν
3819 4848 3993 4908 ’ὅτακ

2376 4945 2490 5015 ἴδῃς
2520 4948 2681 4999 αὐτὸν
2713 4948 2791 5017 τῷ
2826 4949 2937 5018 ἰδίῳ
2967 4951 3252 5019 χριόμενον
3283 4949 3582 5018 Πνεύματι,
3618 4948 3993 5019 διαμέμνησι

686 5033 788 5098 τῆς
817 5034 954 5101 μετὰ
986 5035 1186 5106 σαρκὸς
1215 5036 1548 5105 οἰκονομίας,
1581 5037 1673 5088 καὶ
1727 5037 2086 5105 καταλογίζου
2150 5038 2211 5090 τὸ
2278 5039 2654 5107 ἀνθρώπινονν
2687 5045 2815 5096 ὅταν
2895 5045 3009 5114 ἴδῃς
3062 5045 3121 5096 τὸ
3161 5044 3385 5115 Πνεῦμα
3435 5043 3664 5106 διδόντα,
3712 5041 3991 5111 θαύμαζε

690 5129 830 5199 μετὰ
857 5131 1047 5182 τούτου
1078 5131 1168 5184 τὸν
1190 5131 1286 5185 καὶ
1320 5133 1377 5183 ὲν
1407 5130 1790 5202 ἀνθρωπότητι
1854 5132 2005 5186 Θεόν.
2043 5132 2184 5184 Ἀλλ’
2252 5134 2407 5187 οὐδὲν
2447 5138 2554 5188 τῶν
2592 5139 2851 5192 τοιούτων
2919 5139 3370 5210 ὑπολογιζόμενος
3408 5140 3436 5192 6
3481 5138 3698 5208 δύσερις
3753 5134 3980 5189 οὑτοσὶ

686 5225 853 5278 πάλιν
877 5219 978 5278 ὧδέ
1003 5243 1189 5292 φησιν’

759 5315 1020 5388 [Νεετοιι.
1047 5318 1139 5372 llic
1167 5319 1252 5372 ille
1275 5319 1444 5372 fidelis
1466 5319 1574 5372 Deo
1605 5317 1778 5373 factus
1800 5320 2036 5389 pontifex
2060 5321 2253 5390 (factus

683 5421 767 5464 est
798 5411 972 5477 enim,
1001 5428 1102 5464 non
1127 5415 1194 5468 ab
1223 5424 1426 5467 aeterno
1453 5422 1624 5476 erat);
1655 5412 1742 5466 hic
1769 5413 2051 5482 paulatim,
2080 5415 2250 5467 hatre-

758 5571 874 5601 "'""
911 5569 1066 5624 .loan.
1103 5589 1140 5637 t,
1176 5570 1264 5625 52.
1343 5571 1386 5599 ⁷⁵
1429 5568 1583 5624 ιῘΟθιιο
1621 5585 1709 5636 XX:
1760 5569 1850 5622 Ἡ·

1929 5570 1973 5599 ⁷⁸
2015 5567 2031 5620 l
2074 5572 2198 5624 L‘or.
2249 5586 2306 5636 ll,
2345 5569 2430 5625 1‘2.
2506 5570 2548 5601 ⁷⁷
2592 5569 2748 5624 Rom.
2783 5585 2900 5634 wn,
2938 5567 2990 5633 8,
3027 5571 3078 5625 0.

2437 5314 2628 5393 [Οὗτος
2661 5323 2688 5373 ό
2735 5321 2925 5383 πιστὸς
2963 5321 3040 5390 τῷ
3095 5319 3213 5386 Θεῷ
3263 5320 3626 5390 γεγενημένος
3666 5319 3991 5390 ἀρχιερεὺς

2363 5412 2602 5482 (ἐγένετο
2627 5413 2756 5482 γὰρ,
2782 5413 2882 5465 ούκ
2911 5411 3119 5481 ἀῖδίως)
3164 5407 3258 5482 ἦν,
3307 5403 3462 5473 οὗτος
3496 5409 3524 5460 6
3567 5410 3705 5464 κατά
3740 5411 3981 5481 μικρὸν

3157 5569 3201 5599 ’⁸
3241 5567 3372 5624 ibid.
3413 5566 3497 5621 15.

763 5726 838 5792 (ll
885 5727 1018 5796 Lege
1070 5727 1418 5797 δυσάντητον,
1459 5726 1874 5795 ἱιιθ.ι-ριισιιαὸιίε,
1927 5736 1981 5780 ut
2012 5728 2141 5782 vidit
2186 5728 2471 5796 interpres.
2509 5729 2662 5782 l-Int'r.
