4040 6494
145 354 232 407 149
1210 363 1581 419 ADVERSUS
1621 363 2021 422 NESTORIUM
2058 366 2185 423 LIB.
2226 368 2307 423 Ill.

144 480 375 548 αἱρετικέ

148 571 489 639 σαφεστέρας
519 589 602 625 σοι
630 573 935 642 διαϐοώσης
960 579 1140 645 φωνῆς
1159 593 1171 605 ·
1199 596 1216 628 ι
1250 580 1344 640 Ὃς
1367 579 1424 629 ἐν
1450 578 1567 640 ταῖς
1593 576 1725 647 ἠμέ-

147 677 276 727 ραις,
307 662 475 729 φησὶ,
505 663 609 730 τῆς
651 664 853 732 σαρκὸς
886 664 1070 728 αὑτοῦ,
1104 666 1314 735 δεήσεις
1339 684 1400 719 τε
1431 668 1522 720 καὶ
1548 668 1727 738 ἱκετη-

146 750 256 814 ρίας
298 750 446 819 πρὸς
494 752 587 803 τὸν
617 752 918 821 δυνάμενον
946 754 1140 817 σώζειν
1168 755 1329 808 αὑτὸν
1366 758 1430 809 ἐκ
1474 756 1725 820 θανάτου,

146 840 276 907 μετά
312 841 573 910 κραυγῆς
624 844 855 913 ἰσχυρᾶς
904 846 996 897 καὶ
1041 846 1290 917 δακρύων
1336 846 1725 917 προσενέγκας,

146 931 234 982 καὶ
283 932 678 995 εἰσακουσθεὶς
717 936 825 987 ἀπὸ
872 936 972 1005 τῆς
1010 937 1327 1001 εὐλαϐείας-
1355 957 1373 990 ο
1423 938 1624 1008 καίπερ
1654 938 1730 991 ὣν

148 1024 286 1087 Υἱὸς,
309 1024 523 1093 ἔμαθεν
550 1026 642 1094 ἀφ’
667 1019 743 1079 ὧν
774 1028 945 1081 ἔπαθε
969 1030 1066 1098 τὴν
1100 1030 1368 1100 ὑπακοὴν,
1406 1030 1498 1082 καὶ
1523 1030 1732 1083 τελειωο

144 1114 271 1177 θεὶς,
322 1116 551 1183 ἐγένετο
579 1121 691 1179 τοῖς
732 1118 1101 1171 ὑπακούουσιν
1146 1120 1294 1190 αὐτῷ
1345 1122 1511 1173 πᾶσιν
1559 1121 1731 1184 αἴτιος

146 1206 423 1274 σωτηρίας
482 1206 850 1262 ἀκαταλύτου.
896 1209 1206 1264 Τελειοῦται
1242 1214 1336 1265 καὶ
1362 1214 1424 1265 τὸ
1468 1216 1610 1267 κατά
1639 1232 1730 1285 μι-

144 1296 272 1365 κρὸν
296 1298 643 1365 προκόπτον,
669 1301 913 1370 αίρετικέ
933 1318 945 1330 ⁸
971 1304 1099 1363 περὶ
1129 1295 1190 1355 οῦ
1218 1304 1315 1358 καὶ
1343 1305 1596 1374 Ἰωάννης
1619 1305 1730 1375 (21)

142 1388 197 1437 ἐν
227 1390 343 1448 τοῖς
377 1389 740 1456 Εὑαγγελίοις
768 1389 868 1462 βοᾷ
892 1408 904 1421 ·
952 1412 971 1444 ι
1008 1393 1213 1462 Ἰησοῦς
1247 1395 1583 1465 προέκοπτεν
1614 1395 1733 1466 ὴλί-

3284 364 3384 420 150

386 523 400 545 ,
455 482 540 543 εἰς
574 481 878 553 ἀρχιερέως
938 485 1213 556 προκόψας
1246 486 1481 557 ἀξίωμα.
1527 489 1722 540 ’Ἄκουε

1839 488 1952 552 .ice,
1981 489 2044 543 ad
2089 488 2358 557 pontilicis
2400 485 2710 555 dignitatem
2739 496 3072 554 progressus.
3104 482 3237 535 Audi
3279 482 3388 537 cla-

1828 578 2022 632 riorem
2075 579 2167 633 tibi
2217 580 2554 633 insonantem
2604 588 2786 628 vocem
2825 588 2886 627 :t
2926 572 3025 639 Qui
3070 573 3124 626 in
3178 572 3385 636 diebus,

1829 666 2021 734 inquit,
2052 668 2234 722 carnis
2262 683 2371 722 sua:
2399 681 2588 735 preces
2634 664 3157 735 supplicationesque
3178 662 3241 713 ad
3265 675 3385 714 eum

1828 757 1918 825 qui
1950 765 2133 826 posset
2154 772 2273 811 eum
2305 756 2508 811 salvum
2530 756 2710 810 facere
2738 770 2766 807 a
2785 763 2978 819 morte,
3008 768 3128 808 cum
3156 752 3390 806 clamore

1830 848 2002 902 valido
2036 858 2090 903 et
2125 849 2379 918 lacrymis
2426 847 2679 909 offerens,
2722 854 2776 898 et
2823 843 3110 897 exauditus
3160 856 3256 911 pro
3294 854 3388 894 sua

1831 941 2129 994 reverentia
2162 941 2207 972 "
2240 956 2255 1003 ;
2290 958 2307 991 ι
2339 948 2392 993 et
2420 938 2632 1006 quidem
2664 951 2784 991 cum
2807 943 2952 990 esset
2980 934 3167 997 Filius,
3206 932 3390 987 didicit

1830 1029 1898 1083 ab
1928 1029 2011 1084 his
2040 1044 2158 1097 qua:
2188 1044 2377 1097 passus
2412 1036 2494 1081 est
2542 1026 2922 1087 obedientiam,
2953 1032 3009 1077 et
3048 1034 3385 1077 consumma-

1834 1130 1937 1185 tus,
1970 1120 2145 1174 factus
2175 1129 2258 1174 est
2303 1117 2803 1186 obtemperantibus
2853 1113 2955 1169 sibi
2994 1127 3154 1167 causa
3202 1110 3392 1167 salutis

1831 1220 2065 1265 aeternae.
2107 1209 2519 1265 Consummatur
2535 1216 2714 1261 autem
2742 1206 2793 1260 id
2823 1204 2962 1273 quod
2987 1203 3244 1274 paulatim
3267 1215 3395 1271 pro-

1834 1301 1968 1364 ficit,
2002 1299 2252 1354 hmretice
2281 1316 2296 1364 ;
2330 1300 2395 1353 de
2425 1314 2531 1367 quo
2559 1298 2796 1353 Joannes
2839 1298 2892 1350 in
2946 1293 3250 1363 Evangeliis
3279 1291 3393 1346 cla-

1835 1400 1947 1444 mat
1977 1405 1992 1443 :
2027 1409 2045 1442 ι
2074 1389 2229 1445 Jesus
2256 1390 2571 1460 proﬁciebat
2606 1397 2764 1444 aetate
2803 1395 2857 1443 et
2893 1386 3157 1455 sapientia
3191 1392 3245 1437 et
3268 1397 3397 1451 gra-

142 1477 234 1547 κίᾳ
259 1479 357 1530 καὶ
387 1480 582 1549 σοφίᾳ,
611 1484 705 1534 καὶ
727 1481 911 1551 χάριτι
932 1499 945 1512 ⁸
974 1502 992 1534 ι
1013 1478 1093 1547 οἷς
1117 1486 1383 1554 σύμφωνα
1408 1487 1503 1540 καὶ
1525 1487 1735 1551 Παῦλος

1839 1482 1907 1535 tia
1930 1480 2018 1533 ⁸⁰ε
2084 1500 2102 1533 ι
2155 1480 2359 1546 Quibus
2410 1480 2592 1534 verbis
2641 1493 2876 1532 consona
2924 1475 3121 1530 Paulus
3162 1474 3393 1557 dicens:

142 1569 548 1639 φθεγγόμενος,
589 1591 609 1623 ‹
658 1572 996 1637 Τελειωθεὶς,
1043 1576 1229 1644 φησὶν,
1257 1577 1468 1643 ἐγένετο
1494 1579 1604 1641 τοῖς
1635 1578 1736 1630 ὑπ-

1841 1590 1861 1622 ι
1897 1571 2338 1633 Consummatus,
2360 1571 2551 1639 inquit,
2600 1569 2774 1624 factus
2800 1578 2885 1622 est
2904 1566 3153 1621 omnibus
3181 1565 3393 1619 obtem-

141 1660 444 1714 ακούουσιν
498 1662 652 1731 αύτῷ
688 1664 879 1729 πᾶσιν,
935 1665 1106 1725 αἴτιος
1154 1666 1424 1735 σωτηρίας
1480 1667 1731 1720 αἰωνίου·

1839 1662 2156 1729 perantibus
2192 1663 2293 1716 sibi
2342 1678 2504 1715 causa
2543 1661 2731 1714 salutis
2776 1667 3015 1720 aeternae,
3041 1655 3337 1725 appellatus
3365 1669 3395 1707 a

139 1754 625 1822 προσαγορευθεὶς
674 1755 781 1806 ὑπὸ
835 1754 930 1807 τοῦ
969 1755 1101 1807 Θεοῦ
1134 1758 1424 1826 ἀρχιερεὺς
1455 1759 1597 1811 κατά
1639 1758 1736 1827 τὴν

1840 1748 1951 1803 Deo
1978 1751 2230 1805 sacerdos
2250 1751 2542 1805 secundum
2566 1749 2811 1804 ordinem
2845 1744 3300 1802 Melchisedech“
3326 1760 3343 1811 ;
3376 1765 3394 1795 ι

139 1818 297 1909 τάξιν
342 1818 724 1913 Μελχισεδέκ·
768 1864 785 1895 ι
825 1840 978 1910 οὗτος
1025 1849 1053 1899 6
1098 1818 1268 1918 Μῴἒῇ
1300 1818 1447 1902 κατὰ
1492 1850 1583 1902 τὸν
1637 1818 1733 1919 της

1840 1841 1927 1894 hic
1957 1840 2044 1894 ille
2064 1856 2183 1894 cum
2212 1839 2360 1894 Mose
2387 1840 2527 1908 quod
2556 1840 2623 1894 ad
2663 1839 2892 1893 ducendi
2921 1836 3195 1891 exercitus
3219 1844 3399 1905 typum

1841 1939 2206 1997 comparatus,
2236 1930 2320 1983 ille
2355 1943 2536 1984 semen
2590 1930 2859 1982 Abraham
2923 1938 3167 1990 vocatus,
3196 1927 3284 1980 ille
3310 1940 3405 1993 per

1839 2021 2019 2073 omnia
2052 2020 2242 2075 similis
2273 2021 2533 2075 fratribus
2563 2021 2607 2052 θ’
2639 2038 2654 2087 ;
2688 2020 2776 2072 ille
2809 2028 3048 2088 tempore
3083 2018 3256 2073 factus
3274 2032 3407 2086 pon-

1842 2108 1992 2175 tifex,
2055 2109 2141 2165 ille
2167 2124 2262 2180 per
2306 2111 2587 2179 passiones
2639 2119 3061 2174 consummatus,
3120 2107 3209 2162 ille
3239 2106 3404 2176 quiin

1840 2214 1947 2267 quo
1977 2215 2168 2267 passus
2198 2210 2282 2254 est
2331 2201 2448 2268 ipse
2500 2208 2754 2263 tentatus,
2794 2206 2969 2267 potest
3003 2196 3223 2252 tentatis
3253 2195 3407 2249 auxi-

1842 2288 1978 2353 liari,
2017 2290 2106 2344 ille
2129 2292 2423 2344 secundum
2464 2290 2708 2344 ordinem
2751 2288 3135 2343 Melchisedech
3170 2284 3405 2356 pontifex

1843 2380 2161 2448 appellatus.
2197 2380 2332 2446 Quid
2363 2379 2524 2450 igitur
2572 2379 2831 2433 adversus
2861 2377 3082 2431 Paulum
3136 2376 3404 2446 interpre-

1846 2470 1999 2535 laris,
2031 2469 2470 2538 impassibileque
2505 2468 2594 2522 Dei
2638 2466 2874 2521 Verbum
2928 2476 3145 2521 terreno
3196 2464 3408 2536 corpori

1845 2559 2160 2624 permisees,
2197 2570 2249 2613 et
2294 2558 2606 2629 passibilem
2638 2558 2974 2613 sacerdotem
3005 2556 3137 2612 facis
3160 2555 3216 2628 1’]

142 1936 497 2007 στρατηγίας
560 1940 985 2007 συγκρινόμενος
1039 1938 1241 1989 τύπον·
1287 1940 1315 1990 6
1367 1938 1583 2007 σπέρμα.
1640 1939 1736 1991 τοῦ

152 2028 417 2097 Ἀϐραὰμ
461 2028 803 2097 κεκλημένος
828 2045 839 2056 ·
885 2029 913 2079 6
961 2028 1099 2080 κατὰ
1129 2029 1308 2082 πάντα
1349 2032 1460 2092 τοῖς
1488 2029 1736 2098 ἀδελφοῖς

141 2118 543 2185 παραπλήσιος
567 2134 579 2146 ·
618 2120 646 2169 6
681 2119 857 2188 χρόνῳ
890 2118 1180 2188 γενόμενος
1225 2120 1550 2189 ἀρχιερεύς·
1592 2122 1621 2171 6
1650 2120 1738 2173 διὰ

142 2208 503 2277 παθημάτων
537 2208 845 2272 τελειωθείς
865 2227 877 2239 ·
911 2212 939 2263 6
971 2213 1027 2263 ἐν
1056 2205 1100 2278 ᾧ
1129 2210 1395 2263 πέπονθεν
1424 2210 1587 2273 αὐτὸς
1619 2228 1739 2262 πει-

146 2298 376 2368 ρασθεὶς
418 2299 723 2368 δυνάμενος
752 2302 866 2361 τοῖς
914 2301 1330 2369 πειραζομένοις
1372 2300 1670 2372 βοηθῆσαιο
1711 2303 1740 2354 6

143 2388 294 2442 κατά
329 2390 435 2459 τὴν
482 2390 636 2453 τάξιν
672 2390 1010 2459 Μελχισεδὲκ
1050 2390 1339 2459 ἀρχιερεὺς
1379 2389 1737 2458 κεκλημένος.

140 2482 208 2535 Τί
236 2477 335 2535 οὖν
369 2482 805 2551 ἀνθερμηνεύεις
849 2483 923 2551 τῷ
982 2481 1194 2551 Παύλῳ,
1250 2482 1342 2533 τὸν
1388 2481 1571 2549 ἀπαθῆ
1610 2480 1740 2532 Θεὸν

139 2573 321 2640 Λόγον
380 2570 619 2640 ἐπιγείῳ
678 2570 1018 2640 δαιταμιγνὺς
1067 2569 1307 2641 σώματι,
1365 2569 1459 2622 καὶ.
1503 2569 1741 2638 παθητὸν

141 2664 416 2733 ἀρχιερέα
445 2662 621 2715 ποιῶν
644 2667 687 2734 ;]

772 2798 1018 2850 ΚΕΦΑΑ.
1074 2799 1145 2850 Δ¹.

2467 2802 2641 2861 .CAP.
2670 2802 2759 2859 IV.

226 2938 319 2999 Ὧς
354 2934 741 3003 ἀκμαιοτάτην
763 2974 775 2992 ,
807 2928 851 2985 ὦ
879 2935 995 2986 ’τᾶν
1016 2973 1029 2996 ,
1052 2933 1145 2984 καὶ
1166 2931 1309 3001 μάλα
1353 2933 1603 3002 νεανικὴν
1635 2931 1737 2984 τῶν

1919 2934 2156 2988 Fortiter
2185 2950 2335 2998 sane,
2386 2936 2469 2988 vir
2519 2937 2753 3006 egregie,
2796 2946 2852 2991 ct
2879 2937 3163 2991 admodum
3196 2942 3414 2991 strenue

145 3029 247 3097 τῆς
280 3026 585 3087 εὐσεϐείας
617 3024 904 3093 δογμάτων
952 3024 1193 3091 ἐποιήσω
1239 3026 1339 3093 τὴν
1370 3025 1737 3093 καταδρομήν.

1856 3024 1908 3076 in
1946 3026 2195 3094 dugmata
2222 3024 2438 3092 pictatis
2488 3027 2855 3082 incursionem
2906 3028 3059 3081 facis.
3115 3027 3192 3080 Ac
3225 3026 3416 3081 beatus

141 3121 258 3173 Καὶ
294 3122 325 3172 ό
358 3119 466 3189 μὲν
509 3117 798 3176 θεσπέσιος
832 3115 1065 3184 Βαροὺχ,
1112 3114 1203 3166 τὸν
1252 3113 1345 3166 τοῦ
1380 3113 1514 3165 Θεοῦ
1555 3114 1737 3181 Λόγον,

1854 3114 2066 3184 quidem
2094 3112 2323 3175 Baruch,
2360 3115 2447 3167 Dei
2483 3113 2717 3167 \‘erbum
2749 3114 2856 3180 jam
2884 3114 3156 3168 hominem
3191 3113 3413 3173 factum,

140 3209 631 3281 ἐνηνθρωπηκότα
651 3208 708 3260 δὲ
728 3208 852 3277 ἤδη,
877 3207 970 3257 καὶ
997 3206 1054 3255 ἐν
1080 3204 1335 3265 ὁμοιώσει
1358 3207 1423 3273 τῇ
1441 3204 1567 3256 καθ’
1599 3205 1737 3274 ἡμᾶς

1847 3202 1984 3255 etin
2034 3214 2217 3257 nostra
2267 3203 2619 3259 similitudine
2680 3215 3025 3274 apparentem
3076 3202 3414 3258 ostendens:

143 3300 443 3369 πεφηνότα
473 3298 859 3359 καταδεικνὺς,
900 3315 916 3345 ι
944 3288 1129 3357 Οὗτος,
1151 3294 1337 3363 φησὶν,
1357 3294 1385 3345 6
1406 3293 1539 3357 Θεὸς
1568 3293 1737 3363 ἡμῶν,

1855 3312 1873 3345 ε
1905 3293 2001 3348 llic
2044 3306 2146 3359 est,
2204 3297 2394 3364 inquit.
2448 3299 2587 3350 Deus
2641 3309 2841 3362 noster,
2900 3314 3003 3351 non
3062 3297 3417 3351 :estimahitur

141 3391 205 3441 οὐ
235 3389 641 3456 λογισθήσεται
692 3386 878 3453 ἕτερος
924 3384 1060 3452 πρὸς
1092 3386 1285 3436 αὐτόν’
1336 3384 1523 3453 ἐξεῦρε
1567 3386 1737 3436 πᾶσαν

1849 3387 1987 3441 alius
2039 3388 2105 3438 ad
2166 3401 2311 3448 eum,
2366 3386 2570 3441 invenit
2614 3402 2827 3441 onmem
2882 3389 3021 3439 viam
3074 3386 3419 3449 scientiam.

138 3479 261 3531 ὁδὸν
295 3478 649 3544 ἐπιστήμης,
685 3476 774 3527 καὶ
819 3473 1015 3526 ἔδωκεν
1050 3475 1217 3543 αὐτὴν
1254 3472 1443 3525 Ἰακὼϐ
1484 3473 1561 3542 τῷ
1599 3474 1737 3525 παιδὶ

1851 3476 2000 3529 dedit
2031 3476 2175 3528 illam
2204 3475 2373 3530 Jacob
2402 3491 2568 3543 puero
2600 3494 2719 3541 suo,
2766 3488 2816 3531 et
2849 3477 3009 3531 Israel
3041 3476 3235 3532 dilecto
3273 3490 3373 3530 suo
3403 3495 3416 3530 :

138 3568 343 3632 αὑτοῦ,
372 3567 473 3619 καὶ
512 3564 733 3635 Ἰσραὴλ
777 3563 856 3631 τῷ
904 3562 1247 3631 ἠγαπημένῳ
1291 3561 1380 3613 ὑπ’
1416 3561 1577 3613 αὑτοῦ
1607 3578 1621 3591 ο
1656 3562 1737 3614 καὶ

1850 3572 2045 3634 etpost
2070 3566 2184 3619 haec
2212 3564 2261 3617 in
2295 3567 2454 3620 terris
2494 3567 2640 3620 visus
2692 3576 2794 3627 est,
2831 3577 2883 3621 et
2925 3583 3044 3621 cum
3102 3566 3416 3621 hominibus

143 3658 483 3730 μεταταῦτα
529 3658 627 3710 ἐπὶ
664 3657 763 3725 τῆς
810 3655 914 3724 γῆς
944 3652 1118 3721 ὤφθη,
1168 3652 1403 3714 καὶτοῖς
1446 3648 1737 3721 ἀνθρώποις

1852 3665 2203 3709 conversatus
2228 3655 2274 3686 ⁸³
2337 3675 2353 3706 ι
2408 3655 2483 3708 Tu
2541 3672 2690 3721 vero,
2734 3673 2916 3711 vocem
2968 3658 3073 3721 hic,
3111 3657 3418 3725 etquidem

145 3749 621 3819 συνανεστράφη.
640 3766 657 3796 ι
686 3747 757 3798 Σὺ
785 3744 842 3797 δέ
864 3736 1130 3806 τὸ,οῦτος,
1152 3744 1244 3795 καὶ
1266 3743 1410 3812 μάλα
1436 3743 1737 3807 πλειστάκις

1850 3744 2042 3813 saepius
2091 3743 2393 3807 intendens,
2436 3760 2499 3799 ac
2541 3745 2925 3813 propemodum
2981 3760 3195 3799 manum
3248 3745 3422 3798 inten-

1853 3835 2009 3896 dens,
2066 3848 2351 3902 quemnam
2397 3835 2743 3889 credentibus
2787 3836 3053 3899 ostendis,
3103 3847 3155 3889 et
3202 3835 3423 3903 subjicis

1851 3924 2042 3987 oculis,
2097 3934 2261 3992 atque
2284 3924 2445 3979 etiarn
2476 3924 2732 3994 paulatim
2766 3940 3109 3995 progressum
3145 3929 3211 3979 ad
3244 3942 3422 3981 sacer-

1852 4014 2057 4068 dotium
2088 4015 2284 4067 asseris
2316 4015 2513 4068 ?l|lum
2559 4030 2782 4084 prorsus
2822 4016 3061 4071 arbitror
3103 4016 3212 4086 85
3263 4032 3420 4085 quem

141 3839 487 3908 ἀναφωνῶν,
520 3836 806 3907 μονονουχὶ
836 3836 931 3887 καὶ
964 3836 1119 3903 χεῖρα
1150 3835 1468 3903 προτείνων,
1495 3833 1617 3886 τίνα
1638 3837 1749 3897 τοῖς

141 3931 563 3986 πεπιστευκόσι
590 3928 857 3995 καθίστης
886 3924 1112 3994 ἐναργῆ,
1136 3924 1229 3976 καὶ
1263 3924 1368 3992 μὴν
1401 3924 1492 3976 καὶ
1520 3923 1749 3991 ὁρᾶσθαι

140 4028 352 4088 ποιεῖς,
407 4024 509 4076 καὶ
533 4021 598 4090 δὴ
628 4019 722 4071 καὶ
756 4015 1027 4086 προκόψαι
1059 4013 1163 4083 φὴς
1189 4015 1268 4076 εἰς
1290 4014 1551 4084 ἀρχιερέα
1580 4032 1749 4066 κατα-

140 4116 369 4187 ϐραχύ;
432 4111 607 4171 Ἀλλ’,
649 4105 802 4177 οἶμαί
829 4124 958 4171 που,
992 4106 1206 4167 πάντως
1257 4105 1497 4168 ἐκεῖνον,
1554 4105 1613 4157 ὃν
1658 4106 1737 4158 καὶ

1856 4104 2052 4159 dudum
2083 4106 2373 4159 ostendens
2407 4106 2591 4159 aiebas
2630 4123 2645 4160 :
2679 4104 2844 4173 Igitur
2870 4106 2959 4159 ille
2987 4106 3287 4175 quipassus
3317 4115 3421 4169 est,

140 4210 385 4276 ἔναγχος
420 4198 985 4269 παραδειγματίζων,
1032 4195 1269 4264 ἔφασκεν
1307 4194 1418 4266 [τσ.
1453 4195 1737 4267 ἔφασκες]

1853 4195 2093 4264 pontifex
2139 4206 2220 4249 est
2256 4196 2584 4260 misericors,
2640 4211 2743 4249 non
2792 4196 2878 4250 ille
2937 4197 3077 4263 passi
3124 4198 3424 4251 viviﬁcator

138 4299 365 4353 Οὐκοῦν
406 4298 436 4348 6
469 4292 686 4354 παθὼν,
732 4288 1025 4358 ἀρχιερεὺς
1074 4286 1354 4357 ἐλεήμων,
1405 4287 1501 4355 οὐχ
1544 4288 1572 4339 ὁ
1616 4286 1737 4349 ζωοί

1861 4288 2020 4340 Deus.
2048 4286 2242 4339 Semen
2292 4286 2562 4339 Abraham
2587 4286 2673 4341 ille
2704 4287 2816 4341 heri
2848 4298 2901 4342 et
2932 4282 3107 4351 hodie,
3142 4297 3201 4342 ut
3230 4288 3426 4343 Paulus

143 4391 307 4451 ποιὸς
341 4388 443 4439 τοῦ
480 4382 819 4442 πεπονθότος
852 4378 1004 4440 Θεός.
1033 4378 1260 4448 Σπέρμα
1298 4377 1547 4447 Ἀϐραὰμ
1572 4378 1599 4428 6
1628 4377 1737 4446 χθὲς

1856 4377 2079 4439 ᾱῑοίι⁸³⁴,
2101 4393 2204 4431 non
2231 4378 2318 4431 ille
2347 4378 2435 4447 qui
2456 4378 2624 4431 dixit:
2658 4398 2677 4429 ‹
2706 4380 3009 4447 Antequam
3030 4379 3303 4433 Abraham
3334 4382 3427 4435 fie-

138 4482 249 4535 χειὶ
280 4482 558 4549 σήμερον,
586 4472 731 4525 κατά
756 4471 853 4541 τὴν
879 4469 972 4522 τοῦ
1008 4468 1216 4521 Παύλου
1244 4467 1424 4539 φωνὴν
1444 4509 1459 4533 ,
1490 4470 1585 4537 οὐχ
1611 4469 1640 4520 6
1667 4468 1737 4521 λέ-

1862 4476 1964 4533 ret,
1988 4484 2085 4538 ego
2112 4485 2228 4522 sum
2258 4469 2322 4522 ⁸³.
2349 4489 2365 4519 ι
2402 4467 2605 4523 Similis
2640 4483 2722 4523 εει
2750 4469 3006 4524 fratribus
3037 4484 3131 4539 per
3171 4472 3351 4526 omnia
3383 4473 3427 4527 is

137 4588 285 4639 γωνο
320 4589 338 4619 ι
384 4568 533 4639 Πρὶν
579 4562 834 4633 Ἀϐραὰμ
874 4559 1150 4629 γενέσθαι,
1178 4558 1288 4626 ἐγώ
1315 4562 1451 4628 είμι.
1481 4579 1497 4609 ι
1530 4562 1737 4629 Ὅμοιος

1854 4561 1943 4628 qui
1984 4560 2230 4611 humanae
2267 4561 2460 4612 anima:
2506 4571 2559 4614 et
2589 4562 2768 4613 carnis
2805 4560 3205 4614 fraternitatem
3243 4577 3428 4616 susce-

134 4668 266 4726 τοῖς
296 4661 563 4729 ἀδελφοῖς
599 4656 741 4709 κατά
770 4654 967 4715 πάντα,
1014 4654 1041 4704 6
1079 4650 1260 4720 ψυχῆς
1290 4651 1634 4720 ἀνθρωπίνης
1663 4652 1737 4703 κα“

1859 4653 1955 4719 pit,
1982 4668 2083 4703 nun
2118 4652 2209 4721 qui
2241 4652 2413 4705 dicit:
2456 4671 2471 4701 ι
2530 4651 2633 4717 Qui
2692 4652 2823 4703 vidit
2874 4669 2979 4713 tne,
3040 4652 3173 4706 vidit
3220 4662 3274 4706 et
3328 4653 3428 4705 Pu-

138 4756 358 4825 capita;
413 4746 715 4804 ἀναλαϐὼν
765 4744 1137 4811 ἀδελφότητα,
1170 4741 1267 4809 οὐχ
1311 4744 1337 4792 6
1386 4742 1593 4807 λέγων’
1638 4760 1656 4791 ι
1698 4742 1737 4794 ’ί

1856 4750 1991 4795 trem
2018 4743 2082 4796 "'.
2132 4763 2149 4791 ι
2220 4743 2392 4810 Atque
2439 4743 2488 4793 in
2524 4755 2588 4795 eo
2631 4743 2769 4809 quod
2811 4744 3011 4795 asseris
3068 4743 3231 4796 Deum
3286 4745 3427 4810 μειεδί

135 4840 422 4911 ἑωρακὼς
471 4838 602 4905 ἐμὲ,
648 4832 861 4902 ἑώρακε
909 4832 1002 4883 τὸν
1052 4829 1289 4898 Πατέρα.
1327 4847 1346 4879 ι
1390 4829 1497 4881 Καὶ
1532 4829 1612 4881 ὅτι
1658 4830 1737 4899 μὲ·

1858 4848 1977 4887 esse
2016 4834 2191 4899 ipsum
2229 4834 2508 4887 vivificaris
2551 4834 2639 4886 Dei
2691 4832 2947 4893 Verbum,
3010 4842 3060 4888 te
3102 4835 3429 4888 inevitabilis

133 4909 248 4986 τοῦ
282 4927 630 4987 πεπονθότος
663 4924 795 4977 Θεὸν
830 4923 918 4974 τὸν
970 4921 1232 4985 ζωοποιὸν
1275 4918 1370 4970 τοῦ
1416 4918 1549 4971 Θεοῦ
1584 4921 1737 4989 Λόγοι

1862 4924 2207 4993 blasphemia?
2229 4926 2430 4977 crimen
2452 4925 2767 4985 incurrisse,
2792 4909 3133 4993 graiiterque
3154 4940 3426 4993 peccasse,

137 5023 427 5093 ὑπάρχειν
470 5012 984 5079 διαϐεϐαιούμενος,
1016 5010 1121 5071 τοῖς
1137 5010 1235 5076 τῆς
1276 5004 1520 5074 ἀφύκτου
1550 5006 1737 5077 δυσφη-

1862 5013 2060 5068 cllicaci
2122 5014 2326 5067 ratione
2383 5015 2809 5068 demonstratqu
2869 5023 2969 5067 est.
3023 5015 3187 5069 Miror
3245 5026 3424 5071 autem

140 5116 293 5186 μίας
318 5112 646 5180 ἐγκλήμασι
670 5103 892 5157 σεαυτὸν
920 5100 1102 5161 ἐνιεὶς,
1134 5098 1399 5167 ἠδίκηκας
1417 5096 1477 5148 ού
1500 5098 1732 5167 μετρίως

1866 5105 2006 5173 quod
2060 5115 2268 5158 tuarum
2320 5120 2509 5158 vocum
2537 5105 2753 5169 oblitus,
2784 5104 3037 5173 paulatim
3079 5120 3424 5175 progressum

215 5257 275 5286 τι
322 5254 486 5305 “ab...
530 5262 583 5304 ν,
621 5246 675 5297 7,
780 5241 825 5271 ⁸ο
868 5237 1002 5297 lmn,
1039 5234 1168 5288 Luc.
1202 5252 1259 5294 tt,
1291 5235 1378 5306 52.
1445 5235 1521 5306 _"
1568 5234 1726 5287 Hebr.

1851 5235 2019 5300 9,10.
2128 5238 2173 5267 ⁸⁸
2214 5236 2373 5291 llcbr.
2402 5252 2461 5302 ll,
2505 5237 2590 5290 l7.
2730 5236 2775 5267 ⁸³
2814 5236 3024 5293 Baruch
3078 5254 3182 5306 ιιι,
3238 5240 3420 5295 56-58.

134 5329 211 5359 ιι·
252 5304 423 5379 Hebr.
455 5332 580 5380 xm,
615 5315 671 5369 8.
750 5312 796 5343 ἰ
832 5307 989 5363 Joau.
1024 5320 1138 5369 vnn,
1190 5306 1279 5360 58.
1357 5305 1400 5336 ⁸⁵
1437 5304 1592 5359 Joan.
1628 5321 1733 5367 xiv,
1763 5306 1814 5358 9.

1461 5422 1614 5475 ΛΝΤ.
1659 5420 1934 5477 AGELLII
1972 5419 2201 5476 NOTAE.

1865 5580 1971 5620 non
2009 5564 2273 5632 coarguit,
2301 5572 2351 5616 et
2382 5562 2595 5617 beatum
2623 5558 2822 5632 Lucam
2855 5570 3129 5618 auctorem
3162 5560 3425 5632 agnoscit,

217 5583 348 5650 (2|)
389 5580 483 5634 Vel
518 5575 861 5633 notariorum
889 5582 1042 5650 error
1071 5577 1171 5631 est,
1205 5566 1312 5650 νει.
1336 5567 1517 5648 lapsus
1543 5563 1757 5650 estlﬂe-
1865 5580 1971 5620 non
2009 5564 2273 5650 coarguit,
2301 5572 2351 5616 et
2382 5563 2595 5650 beatum
2623 5563 2761 5650 Luca

1865 5634 2091 5691 notariis
2133 5631 2361 5689 fortasse
2388 5632 2589 5702 justius
2627 5631 2944 5687 ascribetur.

135 5635 386 5714 ειάἶὶιίς,
414 5650 510 5720 qui
548 5646 714 5720 verba
746 5645 862 5695 hcce.
893 5639 1050 5719 [meae
1076 5651 1198 5706 cap.
1222 5635 1477 5720 tI‘Jonnni
1510 5635 1752 5720 ascribit.

137 5705 260 5782 sic]
285 5705 290 5707 γ
320 5705 447 5792 (ιυῙᾶ
502 5720 652 5774 hunc
683 5716 892 5783 lapsum
924 5710 977 5763 iu
1009 5722 1102 5761 sua
1152 5705 1478 5763 refutatione
1522 5705 1759 5776 Cyrillus
