4040 6460
661 376 759 431 151

1646 373 1704 428 S.
1744 369 2023 428 CYRILLI
2061 369 2527 430 ALEXANDRINI
2568 369 2880 424 ARCHIEP.

3808 350 3906 402 152

659 493 725 546 ad
766 491 1034 562 pontillcis
1070 493 1414 562 dignitatem,
1474 492 1654 546 dicere
1710 493 1868 547 simul
1917 503 1970 548 et
2023 495 2226 549 sentire

2347 491 2590 561 ίιποχρῶν
2617 491 2748 561 ἡμῖν
2782 489 3002 554 διέδειξε
3047 485 3221 553 λόγος.
3255 477 3530 548 Θαυμάζω
3560 474 3637 534 δὲ,
3682 473 3762 562 ὅτι
3799 469 3906 520 τῶν

658 585 847 649 audes,
884 598 1043 654 quem
1099 586 1264 639 etiam
1309 585 1474 638 Deum
1505 599 1626 639 esse
1652 587 1855 640 asset-is
1880 586 2227 656 omnipoten-

659 685 789 731 tem.
813 673 945 730 Nam
966 678 1242 746 proposita
1258 678 1354 730 tibi
1380 677 1617 746 Epistola
1638 677 1704 730 ad
1732 677 1986 732 Hebraeos
2002 679 2228 746 scripta,

659 769 864 822 teneris
903 767 1281 824 dixisse:Sed
1325 769 1412 823 hic
1468 768 1684 823 lsraelis
1730 777 1993 839 cognatus
2039 783 2230 824 secun-

657 859 785 913 dum
816 873 1062 921 carnem.
1100 861 1397 915 secundum
1428 860 1812 930 aspectabilem
1845 870 2092 914 naturam
2129 861 2229 914 ho-

658 964 767 1015 mo,
803 964 872 1004 ex
928 951 1136 1005 semine
1189 950 1358 1004 David
1401 949 1578 1005 factus
1642 952 1938 1006 secundum
1987 966 2229 1016 carnem,

658 1039 772 1107 ipsa
853 1041 1238 1110 conjunctione
1312 1042 1453 1098 Deus
1510 1045 1878 1115 omnipotens.
1951 1045 2233 1112 Quomodo

660 1127 826 1194 igitur
855 1143 1174 1199 progressus
1211 1140 1317 1195 est,
1373 1142 1433 1186 ut
1466 1143 1667 1188 temere
1696 1133 1976 1198 fabularis,
2011 1135 2077 1188 ad
2100 1149 2234 1204 pon-

660 1217 820 1271 tificis
851 1219 1193 1288 dignitatem,
1218 1236 1342 1277 cum
1383 1224 1526 1279 Deus
1559 1225 1630 1280 sit
1655 1226 2000 1295 omnipotens
2017 1234 2233 1280 tuorum

659 1323 872 1378 quoque
918 1311 1208 1367 verborum
1260 1317 1625 1371 testimonio?
1669 1316 1734 1372 Et
1788 1317 2038 1386 quamvis
2086 1317 2233 1371 illam

660 1397 972 1466 ignobilem,
1035 1411 1092 1456 et
1118 1417 1147 1455 a
1185 1411 1237 1458 te
1264 1404 1379 1460 solo
1423 1407 1607 1462 nescio
1649 1409 1920 1478 quomodo
1959 1409 2237 1479 excogita-

659 1494 770 1540 tam
801 1489 1238 1558 conjunctionem
1263 1508 1684 1562 commemores,
1709 1499 1932 1554 missum
1964 1500 2018 1554 id
2040 1499 2235 1555 faciam

658 1579 724 1631 ad
767 1593 1046 1648 praesens;
1094 1583 1224 1639 illud
1275 1595 1452 1642 tamen
1507 1586 1844 1659 elDagitabo,
1889 1600 1949 1644 ut
1998 1591 2238 1648 secundo

658 1682 822 1723 cursu
850 1667 1060 1726 feratur
1088 1673 1287 1739 oratio,
1321 1682 1374 1729 et
1398 1676 1465 1729 ad
1498 1689 1722 1746 scopum
1753 1677 1855 1732 sibi
1907 1677 2238 1732 convenien-

661 1763 766 1808 tem
794 1763 850 1809 et
886 1771 918 1810 a
957 1759 1236 1828 proposito
1276 1762 1416 1817 haud
1443 1762 1677 1819 alienum
1707 1765 1910 1819 tendat.
1937 1764 2072 1820 Num
2094 1767 2237 1836 quod

2337 560 2483 634 ίδίων
2509 560 2669 641 αὐτὸς
2701 577 3094 647 ἀμνημονήσας
3136 570 3352 641 φωνῶν,
3387 567 3529 620 κατὰ
3567 560 3738 633 βραχὺ
3772 573 3906 625 προ-

2332 671 2503 724 ελθεῖν
2529 673 2610 733 είς
2642 668 2947 739 ἀρχιερέως
2976 665 3193 734 ἀξίωμα
3230 663 3394 731 φάναι
3422 674 3480 711 τε
3502 657 3658 727 ὁμοῦ,
3684 656 3777 708 καὶ
3803 653 3910 722 μὴν

2333 763 2427 814 καὶ
2458 762 2674 829 φρονεῖν
2696 758 2888 824 ἀξιοῖς,
2916 756 2975 808 ὃν
3010 755 3101 807 καὶ
3122 753 3255 805 Θεὸν
3291 745 3428 802 εἷναι
3461 747 3566 816 φὴς
3601 742 3914 812 παντοκρά-

2331 869 2485 923 τορα.
2519 849 2894 920 Προκειμένῃς
2925 845 3034 916 γάρ
3061 861 3144 897 σοι
3171 842 3273 911 τῆς
3306 840 3582 909 Ἑϐραίοις
3607 835 3914 906 γραφείσης

2345 941 2682 1010 Ἐπιστολῆς,
2716 941 2911 1008 ἁλίσκῃ
2943 937 3117 1004 λέγων
3145 951 3158 964 °
3191 934 3331 986 Ἀλλ’
3351 927 3503 993 οὗτος
3525 930 3552 981 6
3569 927 3710 980 κατά
3731 927 3917 995 σάρκα

2332 1031 2425 1084 τοῦ
2461 1029 2675 1099 Ἰσραὴλ
2693 1029 2981 1097 συγγενὴς,
2995 1025 3172 1079 ὁκατά
3191 1024 3252 1077 τὸ
3267 1022 3588 1092 φαινόμενον
3607 1018 3918 1088 ἄνθρωπος,

2333 1125 2362 1174 6
2394 1123 2534 1175 κατὰ
2557 1121 2655 1190 τὴν
2685 1119 2896 1172 Παύλου
2934 1117 3148 1188 φωνὴν,
3201 1118 3265 1168 ὲκ
3307 1113 3619 1182 σπέρματος
3655 1124 3918 1176 γεγεννη-

2339 1214 2496 1283 μένος
2539 1211 2724 1278 Δαὸὶδ,
2764 1209 3167 1280 παντοκράτωρ
3198 1209 3265 1277 τῇ
3305 1202 3571 1273 συναφείᾳ
3601 1200 3753 1262 Θεός.
3791 1195 3921 1257 Πῶς

2335 1306 2418 1358 ἔτι
2453 1303 2721 1377 προέκοψε
2767 1302 2912 1356 κατά
2939 1303 3039 1374 τὴν
3075 1298 3456 1370 είκαιομυθίαν
3501 1298 3581 1358 είς
3615 1291 3923 1363 ἀρχιερέως

2334 1398 2574 1467 ἀξίωμα,
2606 1396 2783 1450 καίτοι
2824 1395 2956 1458 Θεὸς
2999 1393 3398 1464 παντοκράτωρ
3435 1389 3530 1441 καὶ
3579 1385 3666 1438 διὰ
3691 1383 3790 1452 τῆς
3822 1381 3924 1449 σῆς

2337 1489 2521 1558 φωνῆς
2552 1486 3032 1558 μαρτυρούμενος;
3068 1485 3185 1538 Κᾶν
3212 1483 3310 1553 τὴν
3337 1481 3530 1546 ἀκλεᾶ,
3552 1477 3646 1531 καὶ
3671 1477 3792 1544 τὴν,
3818 1474 3926 1526 οὐκ

2336 1576 2432 1634 οἷδ’
2451 1582 2622 1644 ὅπως,
2647 1577 3018 1649 ἐξευρημένην
3046 1574 3197 1645 αύτῷ
3232 1592 3313 1627 σοι
3340 1574 3434 1626 καὶ
3460 1572 3605 1643 μόνῳ
3621 1568 3926 1634 συνάφειαν

2338 1669 2634 1739 όνομάζῃς,
2667 1669 2902 1740 παρήσω
2936 1665 3054 1718 νυνί
3075 1680 3090 1695 ⁸
3123 1664 3263 1735 πλὴν
3297 1663 3588 1734 ἐρήσομαι,
3621 1658 3763 1712 κατά
3793 1656 3927 1728 ῥοῦν

2344 1762 2476 1813 ἰέναι
2500 1760 2589 1812 τὴν
2612 1759 2760 1829 αύτῷ
2784 1757 3063 1829 πρέποντά
3083 1773 3144 1808 τε
3175 1756 3266 1810 καὶ
3289 1751 3649 1825 προκείμενον
3669 1748 3749 1819 τῷ
3778 1749 3928 1816 λόγῳ

657 1845 724 1900 ad
792 1849 1158 1904 sacerdotium
1217 1865 1570 1920 promovetur
1606 1863 1663 1910 et
1704 1855 1952 1925 gloriam,
2002 1871 2110 1911 non
2163 1859 2230 1912 ad

2347 1851 2533 1905 rxonbv
2551 1851 2740 1919 ἐφιείς·
2759 1847 3016 1920 ’Δρόύχὶ
3028 1848 3085 1901 τὸ
3098 1847 3404 1918 προκόπτον
3420 1846 3497 1907 είς
3517 1841 3815 1913 ἱερωσύνην
3832 1839 3930 1891 καὶ

657 1935 882 1994 meliora
943 1945 1439 2014 praestantioraque
1466 1945 1692 2013 gradum
1727 1947 1879 2012 facit,
1911 1956 2003 2002 aut
2052 1948 2235 2004 incre-

655 2039 900 2084 mentum
942 2033 1110 2088 sumit
1135 2034 1158 2088 ?
1180 2044 1236 2090 et
1263 2037 1510 2105 quisnam
1544 2038 1704 2108 hujus
1733 2039 2017 2094 sententia:
2040 2040 2238 2095 verita-

659 2126 769 2174 tem
831 2135 934 2177 suo
987 2124 1246 2196 suffragio
1295 2143 1400 2182 non
1464 2128 1710 2197 probet?
1747 2128 1915 2197 Maius
1967 2139 2052 2184 est
2107 2143 2238 2199 ergo

655 2211 950 2267 sacerdotii
979 2229 1194 2278 munus.
1226 2231 1388 2286 quam
1428 2218 1593 2273 Deum
1618 2234 1739 2275 esse
1764 2219 2187 2288 omnipotentem
2221 2235 2234 2273 ;

657 2299 762 2356 hoc
801 2303 848 2358 si
886 2303 962 2357 ita
1013 2313 1119 2369 est,
1164 2309 1438 2376 quomodo
1479 2311 1570 2379 qui
1623 2312 1932 2367 sacerdotio
1971 2311 2236 2381 fungitur,

660 2393 937 2450 ministrat
992 2406 1049 2450 et
1097 2408 1242 2451 astat
1275 2409 1334 2453 ut
1389 2402 1645 2456 minister
1675 2402 1805 2468 Deo,
1850 2410 1904 2456 et
1926 2410 1984 2456 ut
2004 2401 2241 2456 famulus

660 2483 909 2550 Domino,
971 2488 1164 2543 solitas
1206 2505 1270 2545 ac
1306 2501 1480 2546 statas
1538 2493 1844 2549 oblationes
1896 2492 2153 2558 offerens,
2185 2485 2241 2547 et

660 2578 870 2633 hostias
898 2579 1204 2650 imponens,
1242 2583 1334 2637 ille
1356 2598 1486 2637 vero
1523 2594 1774 2653 tanquam
1797 2600 2046 2653 suprema
2079 2600 2240 2638 orna-

664 2680 750 2722 tns
784 2670 958 2740 gloria
994 2673 1475 2740 admittithostias,
1500 2687 1555 2729 et
1596 2676 1892 2730 honoratur
1937 2677 2242 2746 obsequio?

657 2760 817 2828 Illud,
850 2765 1065 2833 Opinor,
1095 2766 1261 2829 dices,
1299 2766 1466 2820 Deum
1510 2767 1935 2836 omnipotentem
1993 2769 2239 2822 eumdem

661 2852 868 2908 factum
928 2870 1048 2910 esse
1105 2858 1439 2925 pontiﬁcem.
1499 2857 1640 2929 Ergo
1691 2861 2001 2916 exinanitus
2047 2869 2151 2926 est,
2186 2869 2243 2915 et

661 2945 904 3012 seipsnm
939 2946 1264 3008 humiliavit,
1304 2950 1369 3003 ad
1403 2951 1613 3005 minora
1650 2966 1711 3006 se
1755 2953 2035 3020 dejiciens.
2093 2954 2241 3020 Quo-

661 3035 822 3089 modo
862 3037 1025 3107 igitur
1055 3040 1120 3092 ad
1158 3040 1476 3108 dignitatem
1525 3057 1844 3111 progressus
1878 3055 1960 3098 est
1991 3047 2244 3099 sacerdos

664 3125 888 3183 factus?
918 3128 1228 3184 Recordare
1279 3131 1391 3200 jam
1437 3148 1624 3188 rursus
1663 3143 1876 3187 tuorum
1909 3137 2195 3189 verborum
2226 3153 2240 3201 ;

2337 1943 2516 2006 δόξαν,
2546 1943 2645 2012 τὴν
2662 1943 2743 2004 είς
2766 1941 2834 1995 τά
2859 1939 3068 2010 ἀμείνω
3081 1939 3174 1993 καί⁵
3187 1936 3491 2009 προύχοντα
3519 1936 3751 1988 ποιεῖται
3776 1931 3934 2000 βάδι-

2339 2051 2444 2098 σιν,
2458 2034 2625 2103 ἢγουν
2642 2033 2882 2086 ἐπίδοσιν
2896 2031 3110 2099 ;Καίτοι
3129 2030 3244 2092 πῶς
3263 2029 3362 2098 οὐχ
3377 2022 3930 2094 ἀπαστισοῦνὲπιψη-

2338 2127 2540 2194 φιεῖται
2552 2123 2627 2194 τῷ
2646 2123 2788 2195 λόγῳ
2799 2124 2860 2176 τὸ
2874 2122 3089 2194 ἀληθῶς
3104 2120 3210 2193 [ῑσ.
3227 2117 3472 2192 ἀλῃθές];
3489 2119 3689 2180 Μεῖζον
3705 2110 3800 2169 οὖν
3816 2116 3935 2188 ἄρα

2339 2214 2434 2268 τοῦ
2458 2211 2594 2267 εἶναι
2605 2213 2738 2266 Θεὸν
2755 2213 3192 2283 παντοκράτορα,
3207 2211 3304 2282 τῆς
3324 2209 3623 2282 ἱερωσύνης
3639 2208 3816 2278 τὸχρῆ
3827 2224 3931 2278 μα.

2340 2303 2473 2360 Εἶτα
2494 2307 2631 2370 πῶς,
2659 2307 2687 2358 6
2716 2306 2813 2376 μὲν
2841 2304 3090 2377 ἱερᾶσθαι
3129 2301 3312 2374 λαχὼν
3328 2302 3633 2372 λειτουργεῖ
3665 2299 3763 2353 καὶ
3785 2315 3938 2368 παρ-

2340 2400 2569 2468 έστηκεν
2586 2398 2661 2458 ὡς
2675 2398 2774 2451 λάτ
2783 2415 2880 2468 ρης
2892 2396 3031 2467 Θεῷ.
3047 2395 3142 2448 καὶ
3154 2395 3230 2458 ὡς
3241 2394 3458 2462 οἰκέτης
3474 2392 3740 2462 Δεσπότῃ,
3765 2406 3941 2461 προσ-

2341 2488 2583 2558 κομίζων
2603 2488 2671 2541 τά
2685 2488 3070 2557 νενομισμένα,
3091 2485 3386 2550 καὶθυσίας
3411 2483 3703 2546 ἀνατιθείς·
3730 2483 3826 2536 ὀδὲ
3855 2481 3938 2544 ὼς

2342 2581 2466 2651 δόξῃ
2492 2583 2557 2650 τῇ
2579 2581 2718 2648 ὑπερ
2728 2580 2863 2650 τάτῃ
2884 2578 3322 2646 κατεστεμμένος
3337 2577 3694 2646 προσδέχεται
3720 2573 3821 2635 τὰς
3834 2572 3940 2624 Θυο-

2345 2671 2488 2733 σίας,
2519 2670 2611 2722 καὶ
2640 2670 2869 2738 τιμᾶται
2887 2668 3321 2738 Θεραπευόμενος
3340 2685 3355 2733 ;
3374 2667 3511 2720 Ἀλλ’
3529 2666 3729 2728 έκεῖνο,
3749 2660 3937 2733 οἶμαι,

2346 2763 2452 2832 φής
2461 2781 2472 2792 '
2507 2762 2737 2825 ὅτιθεὸς
2750 2762 3150 2832 παντοκράτωρ
3167 2761 3449 2831 ὑπάρχων,
3467 2761 3495 2813 6
3513 2759 3674 2820 αὐτὸς
3702 2757 3940 2825 γέγονεν

2345 2854 2499 2922 ἀρχιε
2511 2852 2654 2921 ρεύς.
2677 2851 2969 2904 Κεκένωκε
2988 2850 3050 2921 δὴ
3072 2846 3185 2912 οῦν,
3206 2854 3299 2903 καὶ
3313 2851 3712 2903 τεταπείνωκεν
3739 2848 3944 2902 ἑαυτὸν

2345 2944 2532 3007 καθεὶς
2544 2947 2601 2996 ὲν
2623 2943 2818 3014 μείοσι.
2841 2942 2964 3004 Πῶς
2982 2936 3074 2994 οὖν
3089 2940 3168 2994 ἔτι
3187 2942 3489 3011 προέκοψεν
3511 2944 3588 3004 είς
3603 2939 3821 3009 ἀξίωμα
3841 2955 3945 3006 γε-

2345 3033 2518 3102 γονὼς
2546 3033 2761 3104 ίερεύς;
2792 3034 3147 3104 Διαμέμνησο
3171 3035 3234 3104 δὴ
3277 3034 3438 3086 πάλιν
3468 3032 3576 3085 τῶν
3601 3030 3799 3083 σαυτοῦ
3854 3031 3949 3081 λό-

2345 3144 2457 3194 γων
2478 3144 2491 3158 ⁶
2527 3126 2664 3196 ἔφης
2691 3125 2797 3195 γὰρ
2825 3125 2998 3188 οὕτως
3036 3128 3093 3178 ὲν
3114 3128 3224 3188 τοῖς
3253 3125 3511 3196 ἀνωτέρω
3548 3122 3720 3194 βραχύ
3748 3138 3762 3150 ’
3789 3122 3854 3174 Εἰ
3887 3121 3948 3173 δὲ

665 3217 744 3270 sic
777 3231 1009 3286 namque
1045 3221 1202 3288 paulo
1225 3222 1478 3290 superius
1533 3225 1714 3279 dixisti
1755 3242 1769 3277 :
1805 3224 2025 3290 Quodsi
2053 3241 2238 3280 sacer-

2347 3219 2634 3290 ἁρχιερεὺς
2667 3217 2701 3288 ἡ
2726 3218 2948 3287 Θεότης,
2973 3216 3054 3280 τίς
3078 3218 3105 3270 6
3129 3217 3282 3287 παρά
3302 3219 3366 3286 τῇ
3396 3216 3496 3284 τῆς
3524 3214 3950 3286 ἀρχιερωσύνης

666 3307 766 3361 dos
799 3316 883 3362 est
925 3309 1038 3378 ipsa
1072 3310 1356 3375 Divinitas,
1401 3313 1650 3381 quisnam
1688 3321 1772 3368 est
1827 3315 1917 3382 qui
1955 3315 2242 3369 sacerdotii

665 3398 926 3468 obsequio
961 3401 1159 3456 colitur
1190 3403 1213 3455 ?
1242 3403 1288 3457 si
1325 3402 1465 3457 Deus
1493 3413 1576 3458 est
1603 3404 1694 3473 qui
1727 3403 1905 3467 offert,
1959 3419 2119 3458 nemo
2165 3414 2248 3458 est

667 3489 755 3544 cui
799 3489 913 3563 86
943 3490 1227 3547 offeratur.
1252 3492 1389 3560 Quid
1421 3493 1564 3548 enim
1591 3495 1664 3548 sit
1690 3494 1977 3548 Divinitate
2001 3495 2245 3563 dignum,

666 3579 834 3635 utilla
873 3591 1129 3650 tanquam
1164 3581 1392 3638 inferior
1419 3584 1606 3651 majori
1642 3584 1835 3637 offerat
1865 3583 1886 3635 ’ἒ
1924 3585 2068 3640 Siste
2108 3599 2249 3638 nunc

669 3672 861 3728 saltem
909 3674 964 3728 in
1006 3673 1112 3730 tuis
1163 3674 1334 3744 ipsius
1374 3675 1600 3730 vocibus
1635 3693 1649 3741 ;
1683 3675 1777 3730 sed
1818 3676 1869 3728 id
1903 3675 2083 3730 facere
2109 3691 2251 3729 nun-

669 3778 831 3830 quam
861 3763 1084 3832 poteris,
1120 3778 1243 3818 cum
1306 3764 1454 3818 omni
1503 3775 1663 3818 vento
1711 3764 2144 3830 circumferaris,
2196 3773 2251 3818 et

669 3862 725 3907 te
748 3853 891 3907 ultro
913 3854 1160 3923 citroque
1192 3854 1386 3923 jactari
1418 3870 1525 3908 non
1564 3856 1795 3920 sentias,
1843 3871 1985 3911 nunc
2038 3873 2100 3912 ex
2143 3857 2250 3911 illis

669 3946 736 3998 ad
785 3945 923 4009 haec,
977 3961 1124 4000 nunc
1172 3946 1413 4000 vicissim
1442 3960 1509 4001 ex
1561 3947 1645 4001 bis
1683 3949 1749 4001 ad
1778 3947 1865 4001 illa
1896 3948 2247 4014 transiliens;

668 4050 850 4108 neque
897 4037 1007 4092 ullo
1044 4039 1205 4093 modo
1249 4037 1593 4108 pertimescis
1620 4039 1769 4106 illud,
1798 4044 1942 4111 quod
1981 4051 2065 4096 est
2100 4042 2249 4097 Pauli

666 4143 804 4184 voce
860 4129 1108 4184 dictum:
1143 4148 1163 4183 ι
1204 4128 1260 4184 Si
1285 4132 1430 4185 enim
1472 4146 1592 4201 quae
1619 4132 1885 4197 destruxi,
1919 4133 2035 4188 hac
2063 4149 2252 4189 rursus

667 4218 900 4283 adifico,
926 4221 1399 4289 prevaricatorem
1425 4223 1687 4292 meipsum
1706 4223 1982 4278 constituo
2005 4225 2070 4280 ⁸⁸.
2106 4244 2124 4276 ι
2145 4224 2252 4281 Sed

666 4308 901 4364 fortasse
929 4309 1170 4365 dicturus
1196 4325 1257 4365 es
1282 4311 1410 4365 illud
1437 4330 1449 4365 :
1487 4310 1620 4366 Cum
1653 4320 1705 4365 tu
1738 4313 1851 4380 ipse
1876 4315 2074 4384 ubique
2103 4315 2255 4371 Chri-

668 4410 814 4457 stum
851 4417 1017 4456 unum
1063 4411 1118 4458 et
1152 4402 1347 4457 Filium
1405 4415 1460 4456 et
1505 4404 1788 4458 Dominum
1841 4421 1966 4461 esse
2015 4406 2253 4462 afﬁrmes

668 4497 801 4554 illud
839 4512 907 4553 ex
966 4500 1077 4553 Deo
1127 4498 1291 4553 Patre
1338 4498 1570 4553 Verbum
1605 4515 1728 4554 cum
1756 4516 1851 4556 sua
1884 4516 2068 4567 carne,
2109 4517 2248 4570 quo-

669 4591 832 4647 modo
860 4591 1061 4648 asseris
1116 4591 1427 4660 pontiﬁcem
1457 4592 1692 4660 positum
1727 4592 1898 4648 fuisse
1925 4601 1980 4648 et
2034 4605 2250 4661 aposto-

669 4681 779 4736 lum
799 4724 815 4746 ,
849 4683 922 4736 ita
954 4690 1033 4749 ut,
1062 4696 1184 4736 cum
1214 4682 1266 4736 id
1302 4681 1473 4746 dicas,
1504 4696 1609 4736 non
1647 4696 1913 4738 summam
1935 4687 2050 4752 ejns
2073 4684 2250 4754 digni—

670 4782 838 4828 tatem
871 4773 1074 4828 afﬁcias
1101 4773 1430 4828 contumelia
1464 4775 1487 4827 ?
1522 4776 1679 4841 Quia,
1731 4777 1974 4843 inquam,
1999 4777 2080 4830 vir
2110 4777 2252 4845 opti-

670 4879 780 4929 me,
804 4867 1141 4937 unigenitum
1168 4866 1296 4919 illud
1327 4867 1416 4920 Dei
1452 4865 1682 4921 Verbum
1726 4867 1927 4922 factum
1955 4879 2039 4922 est
2068 4870 2249 4933 homo,

669 4967 728 5013 et
775 4959 1066 5014 sacerdotii
1110 4973 1307 5012 munus
1368 4959 1721 5014 humanitatis
1772 4975 2077 5015 mensuram
2107 4963 2250 5014 haud

671 5052 920 5116 dedecet,
950 5062 1008 5105 ut
1043 5051 1171 5107 item
1225 5051 1370 5119 quod
1428 5052 1627 5106 missus
1677 5066 1799 5106 esse
1842 5054 2057 5108 dicitur.
2109 5052 2252 5106 Con-

672 5141 946 5198 fusionem
977 5141 1123 5196 enim
1171 5141 1517 5210 contempsit,
1548 5152 1606 5194 ut
1639 5142 1833 5196 beatus
1849 5141 2048 5196 Paulus
2088 5143 2250 5207 ait",

671 5233 921 5286 cumbis
974 5232 1138 5286 etiam
1188 5231 1405 5287 utiliora
1435 5241 1490 5287 et
1542 5233 1843 5304 indigniora
1897 5248 2116 5304 pmpter
2158 5250 2255 5287 nos

672 5321 981 5392 pertulerit.
1005 5321 1160 5376 Dedit
1186 5323 1330 5377 enim
1367 5325 1587 5379 dorsum
1618 5325 1672 5378 in
1714 5325 1949 5395 ﬂagella,
1977 5335 2032 5378 et
2059 5325 2252 5380 faciem

672 5427 825 5466 suam
862 5427 968 5467 non
1003 5412 1204 5466 avertit
1236 5427 1266 5464 a
1289 5415 1610 5468 confusione
1641 5426 1919 5483 sputorum
1954 5416 1998 5447 ⁸⁸
2024 5456 2039 5480 ,
2087 5427 2139 5470 et
2162 5415 2256 5470 Ju-

675 5507 914 5561 daeorum
945 5506 1301 5562 contumelias
1329 5507 1595 5576 patienter
1626 5508 1898 5562 sustinuit.
1922 5509 2026 5562 Sed
2057 5508 2259 5578 refugis

675 5598 1015 5653 sacerdotem
1043 5598 1243 5653 dicere.
1262 5609 1318 5651 ut
1354 5600 1442 5667 qui
1473 5600 1541 5653 sit
1564 5599 1747 5652 Deus?
1779 5601 2018 5655 Admitte
2040 5601 2253 5671 dispen-

747 5781 794 5814 "
832 5782 1010 5836 Galat.
1064 5797 1122 5845 ll,
1161 5782 1242 5835 i8.
1322 5782 1365 5813 ⁸⁷
1409 5781 1571 5835 llebr.
1611 5795 1708 5844 xu,
1743 5780 1793 5834 2.

2348 3306 2662 3376 λειτουργίᾳ
2716 3307 3192 3376 Θεραπευόμενος;
3225 3308 3272 3357 εί
3323 3305 3455 3368 Θεὸς
3509 3305 3538 3357 6
3585 3304 3948 3375 προσφέρων,

2348 3394 2522 3456 οὐδεὶς
2553 3386 2598 3460 ᾧ
2627 3396 3032 3465 προσφέρεται·
3058 3394 3111 3447 τί
3138 3394 3246 3463 γὰρ
3279 3394 3546 3464 Θεότητος
3577 3394 3744 3458 ἄξιον,
3774 3393 3843 3446 ἶν’
3867 3393 3952 3454 ὼς

2349 3488 2587 3540 ἐλάττων
2634 3489 2920 3560 προσφέρῃ
2949 3488 3028 3557 τῷ
3070 3488 3314 3559 μείζονι,
3350 3489 3516 3560 Στῆθι
3554 3488 3648 3542 νῦν
3686 3488 3780 3541 καὶ
3809 3487 3954 3555 γοῦν

2350 3583 2406 3632 ὲν
2435 3583 2564 3641 ταῖς
2595 3580 2790 3632 ἑαυτοῦ
2824 3582 3028 3648 φωναῖς
3052 3598 3064 3610 ·
3103 3580 3238 3633 ἀλλὰ
3264 3579 3420 3632 τοῦτο
3453 3580 3572 3650 μὲν,
3606 3579 3705 3648 οὐχ
3733 3572 3848 3641 οἷός
3885 3594 3955 3629 τε

2351 3670 2451 3741 ἔσῃ
2499 3669 2665 3739 δρᾷν·
2706 3669 2981 3740 περιφέρῃ
3019 3669 3077 3720 δὲ
3128 3668 3315 3738 ὥσπερ
3369 3669 3556 3744 ἀνέμῳ
3609 3667 3807 3731 παντὶ,
3847 3669 3955 3720 καὶ

2350 3761 2840 3832 διαρριπτούμενος
2872 3762 2971 3813 οὑκ
3001 3760 3256 3831 αἰσθάνῃ,
3302 3760 3432 3812 ποτὲ
3475 3760 3593 3829 μὲν,
3625 3759 3684 3823 ἐξ
3713 3759 3955 3812 ἐκείνων

2353 3856 2432 3916 είς
2467 3852 2675 3916 ταῦτα,
2707 3853 2837 3906 ποτὲ
2871 3854 2927 3905 δὲ
2963 3853 3126 3904 πάλιν
3157 3855 3221 3906 ἐκ
3260 3852 3464 3905 τούτων
3496 3854 3574 3916 είς
3621 3852 3808 3905 ἐκεῖνα
3852 3870 3955 3923 με-

2353 3944 2613 4013 ταπηδῶν
2635 3961 2649 3974 ·
2678 3944 2856 4008 δέδιας
2903 3945 2961 3998 δὲ
3004 3946 3126 3998 κατ’
3159 3944 3353 3997 οὐδένα
3387 3943 3588 4014 τρόπον
3622 3945 3681 3995 τὸ
3724 3943 3818 3998 διὰ
3846 3946 3955 4014 τῆς

2353 4040 2449 4091 τοῦ
2481 4039 2689 4094 Παύλου
2709 4041 2922 4112 φωνῆς·
2956 4061 2975 4092 ‹
3007 4041 3068 4094 Εί
3091 4041 3200 4112 γὰρ
3224 4040 3258 4094 ἀ
3286 4041 3588 4107 κατέλυσα,
3627 4039 3805 4095 ταῦτα
3834 4041 3955 4095 πά-

2354 4133 2438 4185 λιν
2485 4134 2850 4207 οἱκοδομήσω,
2906 4135 3232 4206 παραϐάτην
3278 4137 3520 4207 ἐμαυτὸν
3556 4138 3890 4191 συνιστάνω.
3936 4159 3955 4189 ι

2368 4225 2542 4295 Ἐρεῖς
2592 4226 2650 4278 δὲ
2691 4227 2821 4288 ἴσως
2855 4227 3057 4280 ἐκεῖνοο
3115 4229 3353 4296 Χριστὸν
3404 4229 3499 4281 ἕνα
3545 4228 3638 4280 καὶ
3676 4225 3808 4280 Υἱδν
3855 4231 3955 4282 καὶ

2357 4314 2563 4384 Κύριον
2597 4315 3067 4386 διισχυριζόμενος
3101 4311 3240 4369 εἶναι
3276 4317 3548 4387 πανταχοῦ
3586 4317 3678 4370 τὸν
3712 4318 3777 4370 ὲκ
3807 4317 3955 4372 Θεοῦ

2358 4411 2568 4481 Πατρὸς
2600 4409 2792 4476 Λόγον,
2835 4407 2973 4478 μετά
3011 4408 3110 4478 τῆς
3140 4409 3274 4471 ίδίας
3321 4410 3545 4480 σαρκὸς,
3585 4409 3700 4474 πῶς
3733 4409 3801 4479 δὴ
3842 4411 3955 4481 φὴς

2360 4504 2437 4564 είς
2468 4500 2730 4572 ἀρχιερέα
2785 4496 3062 4553 τεθεῖσθαι
3110 4500 3202 4552 καὶ
3252 4500 3585 4566 ἀπόστολον;
3615 4496 3732 4552 εἷτα
3780 4502 3955 4555 τοῦτο

2357 4593 2550 4659 λέγων,
2586 4593 2681 4660 ούχ
2715 4589 2969 4663 ύ6ριεῖ[ς]
2997 4591 3093 4660 τῆς
3123 4590 3270 4654 Θείας
3301 4591 3468 4644 αὑτοῦ
3493 4591 3648 4660 δόξης
3679 4591 3738 4644 τὸ
3774 4591 3955 4665 ὑπερ-

2361 4683 2524 4754 φερὲς
2551 4681 2799 4752 ἀξίωμα;
2835 4684 2975 4746 Ὅτι,
3006 4677 3051 4734 ὦ
3101 4681 3362 4751 βέλτιστε,
3398 4683 3562 4753 φαίην
3603 4683 3688 4747 ἂν,
3717 4682 3955 4751 γέγονεν

2361 4777 2456 4828 ἄνθ
2468 4791 2646 4843 ρωπος
2670 4775 2697 4824 6
2730 4773 3023 4843 μονογενὴς
3052 4772 3145 4824 τοῦ
3173 4773 3309 4825 Θεοῦ
3345 4774 3538 4842 Λόγος,
3564 4773 3659 4826 καὶ
3687 4775 3802 4836 τοῖς
3851 4777 3955 4845 τῆς

2364 4865 2780 4934 ἁνθρωπότητος
2832 4864 3048 4934 μέτροις
3071 4905 3085 4928 ,
3119 4865 3219 4916 οὑκ
3273 4865 3610 4935 ἀνάρμοστον
3648 4863 3713 4916 ἂν
3743 4864 3837 4935 εἴη
3895 4870 3955 4920 τέ

2363 4960 2551 5027 χρῆμα
2580 4957 2678 5025 τῆς
2727 4954 3044 5026 ἱερωσύνης,
3106 4955 3200 5007 καὶ
3243 4954 3347 5026 μὴν
3379 4957 3474 5007 καὶ
3513 4954 3572 5006 τὸ
3603 4955 3955 5010 ἀπεστάλθαι

2361 5051 2542 5116 λέγειν
2576 5048 2756 5103 αὐτόν.
2799 5048 3188 5117 Κατεφρόνησε
3220 5046 3328 5118 γὰρ
3377 5046 3655 5116 αἰσχύνῃς,
3679 5046 3753 5108 ὡς
3797 5049 3828 5098 6
3859 5047 3955 5100 Θε-

2365 5139 2583 5200 σπέσιος
2611 5139 2811 5208 γράφει
2836 5137 3064 5200 Παῦλος,
3099 5137 3191 5189 καὶ
3223 5137 3291 5188 τὰ
3326 5136 3406 5187 ἔτι
3439 5135 3572 5205 μείω
3593 5152 3650 5186 τε
3691 5136 3781 5188 καὶ
3839 5141 3955 5190 ἁπ-

2363 5232 2637 5300 ηχέστερα
2667 5230 2731 5281 δι’
2757 5232 2904 5299 ἡμᾶς
2932 5229 3251 5298 ὑπομείνας.
3274 5228 3486 5281 Δέδωκε
3521 5227 3628 5297 γὰρ
3654 5227 3743 5279 τὸν
3776 5229 3955 5284 νῶτοκ

2361 5326 2440 5386 είς
2473 5326 2762 5393 μάστιγας,
2790 5325 2849 5374 τὸ
2883 5324 2940 5374 δὲ
2972 5324 3264 5396 πρόσωπον
3291 5321 3454 5374 αὐτοῦ
3488 5323 3586 5373 ούκ
3613 5324 3955 5392 ἀπεστράφη

2362 5416 2472 5469 ἀπὸ
2513 5416 2774 5485 αἰσχύνῃς
2798 5417 3227 5485 ἐμπτυσμάτων,
3261 5415 3352 5468 καὶ
3378 5415 3476 5479 τὰς
3509 5413 3778 5467 Ἰουδαίων
3801 5432 3955 5485 παρ-

2362 5507 2530 5569 οινίας
2560 5507 2856 5576 τληπαθῶς
2888 5507 3164 5577 ἠνέσχετο.
3199 5505 3335 5558 Ἀλλ’
3357 5505 3457 5556 ούκ
3483 5504 3653 5568 ἀξιοῖς
3683 5504 3838 5575 ἱερέα
3871 5506 3955 5558 λέι

2364 5615 2481 5666 γειν
2518 5599 2592 5661 ὡς
2617 5598 2934 5670 ὑπάρχοντα
2957 5597 3124 5664 Θεόν;
3152 5597 3319 5666 Δέχου
3350 5597 3449 5668 τῆς
3473 5598 3786 5667 οἰκονομίας
3821 5599 3955 5664 τοὺς

1871 5782 1917 5811 ⁸⁸⁸
1960 5783 2057 5836 lea.
2095 5799 2142 5847 1.,
2167 5783 2240 5847 -6;
2276 5782 2461 5836 Matth.
2497 5801 2641 5848 un,
2680 5787 2766 5841 67.
