4040 6432
155 332 247 386 153

146 457 332 523 λόγους
352 474 364 486 ·

148 825 235 874 καὶ
261 824 352 875 διὰ
393 826 595 879 τούτου
637 828 775 897 πρὸς
810 829 1075 884 κένωσιν·
1110 833 1233 885 ἐπεὶ
1269 836 1383 898 πῶς
1414 839 1733 905 κεκένωται,

146 915 233 965 καὶ
252 911 748 985 [τε]ταπεινῶσθαι
764 920 983 987 λέγεται
999 924 1192 980 ,καίτοι
1206 925 1266 977 τὸ
1283 926 1556 995 ἄτρεπτον
1574 930 1735 999 ἔχων,

144 1008 234 1060 καὶ
264 1008 541 1079 ὑπάρχων
577 1013 635 1063 ὲν
672 1015 856 1082 μορφῇ
885 1016 977 1067 καὶ
1009 1016 1215 1085 ἰσότητι
1243 1018 1385 1071 κατὰ
1413 1023 1521 1075 πᾶν
1559 1021 1737 1075 ὁτιοῦν

142 1096 276 1165 πρὸς
302 1097 400 1149 τὸν
445 1099 647 1153 ἑαυτοῦ
684 1102 1029 1173 Γεννήτορα;
1072 1104 1187 1169 πῶς
1230 1107 1287 1160 δὲ
1332 1110 1425 1162 καὶ
1464 1111 1735 1182 προέκοψε

140 1188 281 1239 κατὰ
312 1188 519 1259 βραχὺ,
560 1193 655 1244 καὶ
697 1193 880 1257 τοῦτο,
919 1196 1062 1249 καθᾶ
1091 1199 1196 1268 φὴς
1233 1201 1415 1265 αὐτὸς,
1446 1206 1526 1265 εἰς
1546 1204 1607 1257 τὸ
1635 1205 1736 1276 τῆς

137 1280 566 1353 ἀρχιερωσύνης
608 1285 869 1353 ἀξίωμας
918 1287 1078 1341 ποίαν
1129 1293 1212 1352 είς
1246 1290 1403 1345 τοῦτο
1447 1294 1734 1365 δεχόμενος

134 1372 231 1440 τὴν
273 1373 568 1440 ἐπίδοσινς
603 1366 666 1428 El
702 1378 802 1446 μὲν
855 1374 953 1432 οὖν
995 1380 1094 1447 τὴν
1143 1380 1427 1450 σώματος,
1464 1387 1732 1457 ἐρήσομαι

137 1462 327 1515 πάλιν·
360 1460 521 1534 ’Δρα
548 1466 658 1538 γὰρ
698 1469 730 1538 ἡ
772 1468 1024 1539 σώματος
1046 1472 1273 1545 αὔξησις
1320 1475 1458 1545 πρὸς
1502 1478 1601 1547 τὴν
1634 1481 1733 1549 τῆς

136 1554 452 1624 ἱερωσύνης
482 1557 1016 1629 ἀνακομίζειδόξανς
1054 1563 1263 1616 Οὐκοῦν
1296 1565 1435 1619 ἔστω
1460 1566 1518 1618 τὸ
1542 1568 1731 1638 χρῆμα

133 1646 319 1698 κοινόν
342 1664 355 1677 ·
394 1648 497 1700 καὶ
532 1650 562 1700 6
596 1649 687 1711 σὸς
727 1651 911 1704 οὑτοσὶ
935 1652 1073 1704 κατὰ
1103 1654 1302 1717 παντὸς
1329 1655 1424 1709 ίτω
1458 1656 1612 1723 λόγος
1634 1661 1729 1712 τοῦ

132 1739 556 1806 προκόπτοντος
620 1740 981 1810 σωματικῶς·
1035 1743 1171 1796 ἀλλὰ
1235 1745 1341 1815 μὴν
1394 1746 1492 1817 οὐχ
1555 1748 1728 1803 ἅπασι

1229 343 1604 401 ADVERSUS
1641 345 2042 401 NESTORIUM
2087 346 2213 402 LIB.
2252 348 2335 403 ΙΙΙ.

418 458 737 527 διαλογίζου
796 463 898 533 τὴν
926 464 1190 519 κένωσιν·
1246 468 1345 539 τὴν
1396 471 1475 533 είς
1507 472 1605 540 τὴν
1651 469 1723 523 τοὶ

1849 472 2073 525 sationis
2134 471 2424 535 rationem,
2484 470 2657 539 cogita
2712 470 3156 536 exinanitionem,
3190 473 3414 529 descen-

147 548 325 599 δούλου
357 551 585 621 μορφὴν
616 554 1032 624 καταφοίτησιν.
1064 558 1136 610 Οὐ
1163 558 1227 626 δὴ
1256 560 1527 630 προκόψαι
1557 562 1738 631 φαμὲν

150 640 233 691 καὶ
260 641 341 703 εἰς
368 642 598 711 ἀξίωμα
627 644 861 714 δραμεῖν
904 647 996 699 τὸν
1028 650 1121 701 τοῦ
1173 650 1308 703 Θεοῦ
1351 652 1547 720 Λόγον,
1574 654 1623 706 εί
1649 671 1740 707 κε-

148 734 493 800 χρημάτικεν
535 736 695 804 ἡμῶν
739 737 1064 810 ἀρχιερεὺς,
1097 741 1422 797 καθικέσθαι
1451 745 1507 797 δὲ
1538 746 1739 815 μᾶλλον

3313 357 3416 411 154

1842 578 2071 632 Suntque
2116 563 2181 616 ad
2237 562 2378 616 servi
2432 560 2682 616 formam.
2732 562 2845 617 Non
2906 564 3069 633 igitur
3122 564 3414 633 profecisse

1841 656 2092 718 dicimus,
2151 661 2205 708 et
2263 655 2330 706 ad
2376 652 2693 719 dignitatem
2746 655 3058 721 pervenisse
3108 656 3280 724 ipsum
3322 656 3409 710 Dei

1847 747 2099 809 Verbum,
2130 762 2251 801 cum
2283 744 2522 814 pontifex
2562 755 2744 799 noster
2775 755 2859 799 est
2886 744 3081 811 factus,
3117 748 3208 800 sed
3234 748 3413 815 potius

1840 839 2002 893 etiam
2037 853 2101 892 ex
2131 838 2231 892 hac
2271 847 2425 904 parte
2458 837 2527 889 ad
2556 836 2986 889 exinanitionem
3030 836 3407 891 descendisse:

1840 931 2060 999 alioqui,
2113 930 2383 998 quomodo
2417 928 2728 982 exinanitus
2760 938 2814 981 ct
2847 927 3164 981 humiliatus
3192 926 3410 990 dicitur,

1839 1038 1960 1077 cum
1993 1029 2139 1075 esset
2191 1018 2548 1073 immutabilis
2577 1026 2631 1071 ct
2663 1019 2715 1071 in
2754 1016 2924 1070 forma
2956 1016 3070 1081 Dei,
3107 1025 3161 1069 et
3192 1015 3412 1083 aequali-

1841 1122 2003 1168 tatem
2026 1113 2280 1165 omnibus
2311 1110 2364 1163 in
2402 1109 2562 1163 rebus
2580 1123 2702 1163 cum
2733 1124 2829 1161 suo
2854 1107 3112 1164 Genitore
3134 1104 3413 1161 servaret?

1834 1204 2110 1274 quomodo
2139 1204 2301 1257 etiam
2345 1200 2600 1269 paulatim
2630 1198 2881 1269 profecit,
2906 1199 3087 1268 idque,
3125 1209 3183 1251 ut
3218 1207 3274 1251 tu
3305 1196 3407 1262 ais,

1838 1295 1903 1348 ad
1934 1295 2221 1348 sacerdotii
2253 1291 2569 1361 dignitatem
2601 1292 2625 1343 τ
2652 1292 2810 1360 quale
2835 1292 2900 1344 ad
2926 1305 3045 1343 eam
3077 1303 3190 1345 rem
3231 1290 3411 1342 incre-

1838 1396 2081 1440 mentum
2114 1388 2320 1451 accepit
2351 1384 2373 1437 ‘l
2406 1383 2535 1437 Nam
2579 1385 2622 1438 si
2668 1384 2913 1453 corporis
2971 1384 3145 1449 dicas,
3208 1382 3408 1451 rogabo

1838 1491 2077 1530 rursus:
2127 1474 2264 1528 Num
2301 1476 2548 1544 corporis
2599 1484 2947 1541 augmentum
3004 1477 3068 1528 ad
3118 1473 3409 1529 sacerdotii

1836 1570 2059 1639 gloriam
2096 1569 2341 1636 perducit
2372 1567 2395 1619 ?
2430 1567 2570 1636 Ergo
2610 1566 2917 1621 communis
2951 1568 3023 1619 sit
3054 1580 3117 1621 ea
3152 1564 3405 1635 dignitas,

1833 1671 1887 1714 et
1914 1662 2028 1713 hate
2057 1670 2147 1711 tua
2204 1659 2345 1712 ratio
2396 1674 2491 1727 per
2550 1672 2738 1711 omnes
2768 1665 2855 1708 eat
2917 1656 3011 1723 qui
3056 1654 3411 1723 corporaliter

1835 1763 2123 1821 augentur,
2182 1749 2332 1818 atqui
2394 1764 2499 1801 non
2555 1748 2806 1802 onmibus
2851 1747 2940 1815 qui
2976 1747 3042 1800 ad
3101 1745 3407 1800 auctionem

132 1830 244 1888 τοῖς
270 1830 356 1889 είς
414 1828 651 1898 αὔξησιν
688 1829 787 1900 τὴν
828 1832 1143 1904 σωματικὴν
1188 1834 1481 1906 ἀναφοιτᾷν
1514 1838 1723 1892 εἰωθόσι

1833 1840 2169 1910 corporalem
2207 1840 2494 1908 pervenire
2516 1840 2711 1901 solent,
2746 1839 3048 1891 sacerdotio
3089 1836 3236 1906 fungi
3279 1852 3410 1892 con-

131 1916 190 1967 τὸ
244 1918 510 1987 ἱερᾶσθαι
568 1917 809 1989 πρέπει·
848 1919 968 1983 πῶς
1003 1916 1095 1974 οὖν
1156 1923 1291 1991 ἡμῖν
1337 1924 1417 1985 είς
1458 1924 1729 1991 ἀπόδειξιν

129 2002 202 2061 ὧν
255 2008 400 2079 ἔφης
446 2011 776 2078 παρατιθεὶς
826 2013 927 2065 οὑκ
966 2012 1256 2084 ἐρυθριᾷς,
1298 2015 1361 2067 τὸ
1412 2016 1500 2068 διὰ
1544 2018 1729 2086 φωνῆς

127 2100 427 2169 είρημένον
466 2099 563 2152 τοῦ
610 2099 900 2153 θεσπεσίου
933 2104 1117 2156 Λουκᾶ
1142 2119 1155 2133 ·
1210 2121 1229 2156 ι
1270 2104 1475 2175 Ἰησοῦς
1513 2107 1569 2159 δὲ
1597 2124 1728 2176 προ-

124 2190 359 2243 ἔκοπτεν
388 2191 585 2262 ἡλικίᾳ
610 2190 706 2245 καὶ
737 2192 899 2263 σοφίᾳ
923 2194 1014 2245 καὶ
1036 2196 1218 2265 χάριτι
1242 2214 1256 2262 ;
1289 2216 1307 2247 ι
1342 2198 1481 2251 Ἀλλ’
1511 2199 1587 2263 ὡς
1612 2197 1722 2271 [ἷσ.

124 2281 225 2353 είς]
266 2284 477 2351 σοφίαν
510 2283 621 2353 φὴς
652 2284 908 2353 γενέσθαι
951 2285 1048 2357 τὴν
1081 2287 1347 2342 ἐπίδοσιν·
1383 2291 1560 2345 καίτοι
1608 2294 1726 2358 πῶς

122 2371 282 2423 τοῦτο
317 2372 428 2423 οὐκ
479 2372 733 2438 ἀμαθές;
785 2374 1239 2447 Πεπιστεύκαμεν
1283 2377 1391 2448 γὰρ
1438 2380 1503 2433 ὲκ
1535 2381 1727 2450 νηδύος

121 2463 296 2535 αὐτῆς
347 2464 452 2517 καὶ
505 2465 722 2534 μήτρας
764 2465 862 2535 τῆς
908 2467 1242 2540 παρθενικῆς
1288 2470 1418 2524 Θεὸν
1451 2472 1579 2526 ὄντα
1635 2474 1724 2527 τὸν

132 2555 520 2625 Ἐμμανουήλ,
562 2555 849 2627 ἄνθρωπον
893 2559 1193 2626 προελθεῖν,
1232 2562 1412 2634 πλήρη
1439 2581 1540 2616 που
1590 2567 1724 2619 πάν-

116 2663 225 2710 τως
254 2649 459 2716 σοφίας
494 2652 591 2702 καὶ
624 2649 849 2719 χάριτος
886 2649 986 2718 τῆς
1022 2652 1247 2722 ἐνούσης
1280 2655 1429 2725 αύτῷ
1457 2659 1719 2723 φυσικῶς.

118 2742 285 2795 Ποίαν
313 2739 413 2795 οὖν
435 2742 749 2805 ὲπιδέξαιτο
770 2742 869 2812 τὴν
892 2742 1134 2796 ἐπίδοσιν
1159 2744 1187 2795 6
1213 2746 1271 2795 ὲν
1297 2739 1340 2812 ᾧ
1364 2748 1564 2810 πάντες
1586 2752 1723 2803 είσὶν

116 2835 165 2885 οξ
204 2834 488 2904 θησαυροὶ
534 2834 636 2901 τῆς
667 2833 877 2901 σοφίας,
909 2836 937 2887 6
961 2834 1062 2903 τῆς
1103 2835 1310 2888 ἄνωθεν
1339 2839 1560 2909 χάριτος
1594 2858 1722 2894 συν-

114 2926 280 2995 δοτὴρ
316 2926 401 2994 τῷ
444 2924 569 2993 Θεῷ
610 2926 704 2977 καὶ
734 2926 942 2995 Πατρί;
974 2927 1099 2989 Πῶς
1128 2924 1220 2981 οὖν
1244 2929 1351 2998 ἄρα
1391 2934 1721 3000 προκόπτειν

117 3019 379 3089 είρηται;
413 3017 897 3087 Συμμετροῦντος,
922 3017 997 3081 ῶς
1030 3035 1092 3085 γε
1121 3015 1295 3088 οἶμαι,
1336 3022 1426 3073 τοῦ
1462 3023 1597 3075 Θεοῦ
1621 3026 1720 3078 Λό-

115 3130 234 3177 γου,
270 3112 343 3181 τῇ
374 3108 476 3162 τοῦ
530 3108 664 3162 ἰδίου
700 3108 955 3178 σώματος
984 3110 1123 3183 αὔξῃ
1151 3128 1211 3164 τε
1251 3114 1346 3166 καὶ
1383 3114 1586 3186 ἡλικίᾳ,
1610 3118 1719 3171 τῶν

1836 1932 1983 1986 venit
2012 1950 2025 1985 :
2056 1931 2329 1999 quomodo
2363 1929 2526 1999 igitur
2562 1930 2625 1983 ad
2662 1929 2749 1984 illa
2794 1944 2915 1999 quae
2971 1929 3151 1982 dixisti
3182 1928 3412 1983 demon-

1831 2024 2080 2088 stranda,
2106 2039 2168 2076 ea
2205 2022 2401 2076 afferre
2425 2036 2531 2075 11011
2550 2022 2827 2075 erubescis
2882 2035 3000 2087 qua
3044 2018 3225 2073 verbis
3264 2018 3407 2073 beati

1830 2112 1991 2167 Lucae
2026 2114 2167 2166 dicta
2196 2121 2364 2167 sunt:
2400 2126 2419 2159 ι
2458 2107 2616 2163 Jesus
2663 2118 2840 2161 autem
2891 2107 3206 2177 proficiebat
3251 2116 3411 2160 aetate

1828 2216 1883 2260 et
1939 2203 2203 2275 sapientia
2258 2211 2313 2255 et
2367 2201 2540 2268 gratia
2568 2200 2713 2253 "h
2750 2199 2819 2251 At
2845 2199 2989 2252 enim
3041 2198 3093 2252 in
3143 2197 3407 2268 sapientia

1827 2295 2177 2348 factumesse
2220 2293 2618 2345 incrementum
2651 2289 2835 2344 dicis:
2880 2288 3095 2342 tametsi
3141 2287 3410 2356 quomodo

1826 2389 1934 2458 87
1960 2389 2007 2440 id
2041 2402 2143 2440 non
2166 2385 2385 2439 stultum
2411 2383 2518 2437 sit?
2538 2383 2811 2436 credimus
2830 2381 2975 2438 enim
2999 2396 3065 2434 ex
3088 2382 3203 2449 ipso
3221 2390 3409 2433 ventre

1827 2491 1990 2548 atque
2034 2490 2186 2531 utero
2223 2476 2487 2545 virgineo,
2526 2474 2701 2543 ipsum
2728 2471 3067 2535 Emmanuel,
3111 2485 3231 2525 cum
3268 2470 3410 2524 Deus

1825 2578 1989 2631 esset,
2023 2567 2297 2621 hominem
2337 2565 2623 2633 prodiisse,
2658 2563 2874 2632 plenum
2910 2561 3095 2632 procul
3127 2561 3289 2616 dubio
3322 2574 3411 2613 sa-

1827 2657 2026 2727 pientia
2060 2668 2112 2709 et
2140 2655 2314 2726 gratia
2349 2669 2470 2723 quae
2503 2653 2575 2707 illi
2622 2653 2940 2706 naturaliter
2985 2654 3180 2705 inerat.
3231 2650 3411 2717 Quod-

1827 2767 1948 2803 nam
1993 2750 2155 2818 igitur
2185 2750 2228 2801 is
2261 2748 2653 2800 incrementum
2683 2744 3004 2812 susciperet.
3042 2745 3095 2797 in
3134 2756 3241 2811 quo
3286 2748 3411 2796 sunt

1823 2856 2011 2896 oxnnes
2043 2838 2277 2893 thesauri
2314 2838 2592 2905 sapientiae
2617 2839 2688 2899 ’°,
2716 2838 2806 2904 qui
2848 2850 3094 2904 superna:
3120 2832 3306 2903 gratiae
3333 2833 3408 2885 si-

1824 2933 1930 2987 mul
1964 2947 2084 2987 cum
2116 2930 2226 2983 Dco
2259 2939 2314 2983 et
2350 2926 2512 2981 Patre
2540 2926 2768 2995 largitor
2796 2924 2921 2978 est?
2943 2922 3223 2987 Ouomodo
3249 2920 3412 2984 igitur

1823 3024 2084 3093 prolicere
2133 3023 2311 3077 dictus
2344 3020 2465 3074 est?
2514 3017 2585 3072 Ut
2632 3032 2730 3088 ego
2784 3018 3037 3081 arbitror,
3088 3012 3212 3082 quia
3272 3012 3411 3065 Deus

1828 3111 2089 3174 Verbum,
2128 3128 2225 3180 pro
2254 3113 2595 3164 incremento
2620 3116 2675 3161 et
2696 3115 2856 3159 aetate
2880 3102 3245 3171 suicorporis,
3276 3099 3413 3154 divi—

115 3175 351 3256 ένόντων
375 3200 537 3271 αὐτῷ
560 3175 1047 3273 θεοπρεπεστάτων
1072 3175 1290 3273 ἀγαθῶν
1435 3175 1712 3277 ἔκφανσιν.

1827 3219 2013 3259 norum
2057 3203 2269 3256 illorum
2310 3202 2573 3255 bonorum
2619 3213 2737 3265 qnze
2771 3197 2871 3251 sibi
2901 3198 3134 3257 inerant,
3178 3190 3410 3246 manife-

127 3294 443 3361 Ἐννοῶμεν
495 3291 605 3360 γὰρ
630 3293 732 3351 ὅτι.
779 3294 957 3345 καίτοι
1008 3296 1129 3347 καθ’
1173 3299 1319 3367 ἡμᾶς
1357 3301 1596 3367 γεγονὼς
1621 3302 1716 3355 ἀν-

116 3386 362 3453 θρωπος,
408 3382 705 3437 λανθάνειν
750 3384 1082 3449 ἐσπούδαζεν
1126 3389 1185 3440 ὲν
1217 3390 1415 3458 ἀρχαῖς
1437 3430 1451 3451 ,
1484 3392 1580 3443 καὶ
1607 3389 1718 3446 οἷον

119 3475 370 3545 ἀψοφητὶ
415 3474 519 3527 καὶ
550 3474 932 3543 σεσιγημένως
962 3475 1057 3546 τὴν
1094 3477 1187 3531 τοῦ
1221 3480 1521 3549 μυστηρίου
1556 3482 1717 3535 δύνα-

118 3586 206 3637 μιν
249 3567 403 3621 κατὰ
450 3566 631 3637 βραχὺ
676 3564 1080 3634 διοικούμενος·
1114 3569 1209 3621 καὶ
1252 3570 1389 3639 πρός
1444 3588 1507 3639 γε
1563 3573 1719 3627 τοῦτο

114 3662 259 3728 ἡμᾶς
308 3658 487 3720 αὐτὸς
536 3658 566 3709 6
597 3656 730 3721 Θεὸς
764 3660 859 3712 καὶ
891 3660 1080 3729 Πατὴρ
1138 3661 1471 3716 πιστώσεται
1504 3664 1676 3731 λέγων
1699 3683 1715 3698 ·

122 3770 137 3800 ι
183 3750 395 3804 Ἰακὼό
430 3750 461 3802 ὁ
505 3752 636 3813 παῖς
681 3767 805 3819 μου,
845 3750 1211 3821 ἀντιλήψομαι
1256 3753 1457 3807 αὑτοῦ·
1505 3756 1719 3827 Ἰσραὴλ

114 3849 139 3899 6
182 3846 454 3909 ἐκλεκτός
505 3862 633 3914 μου,
694 3844 1055 3915 προσεδέξατο
1101 3847 1265 3900 αὐτὸν
1316 3850 1348 3919 ή
1395 3848 1538 3920 ψυχή
1578 3869 1715 3920 μου·

118 3940 290 3993 ἔδωκα
325 3940 390 3992 τὸ
413 3937 645 4006 πνεῦμά
686 3955 785 4005 μου
809 3938 894 3987 ἐπ’
929 3938 1091 3990 αὐτόν
1114 3954 1125 3964 ·
1159 3939 1341 4007 κρίσιν
1370 3943 1482 4003 τοῖς
1513 3942 1719 3995 ἔθνεσιν

116 4028 342 4091 ἐξοίσει·
368 4029 433 4080 οὐ
486 4025 845 4095 κεκράξεται,
879 4025 999 4077 οὐδὲ
1034 4026 1257 4089 ἀνοίσει,
1289 4028 1410 4079 οὐδὲ
1446 4030 1720 4101 ἀκουσθή-

119 4135 265 4173 σεται
296 4123 327 4186 ἡ
375 4116 541 4187 φωνὴ
593 4114 759 4169 αὐτοῦ
800 4112 936 4179 ἔξω·
969 4115 1216 4186 κάλαμον
1260 4119 1721 4190 συντεθλασμένον

115 4209 172 4260 οὐ
199 4208 526 4279 συντρίψει·
561 4206 657 4259 καὶ
691 4205 836 4257 λίνον
861 4206 1165 4275 τυφόμενον
1210 4207 1271 4259 οὐ
1298 4208 1500 4264 σὸἐσει.
1537 4229 1556 4260 ι
1594 4212 1721 4265 Ἐπ-

116 4301 274 4368 ετίμσ,
302 4302 363 4353 δέ
402 4317 514 4353 που
556 4298 653 4351 καὶ
698 4298 883 4361 αὐτοῖς
926 4300 1038 4361 τοῖς
1069 4297 1247 4366 ἁγίοις
1266 4301 1604 4367 ἀποστόλοις,
1636 4306 1721 4359 ἵνα

120 4395 191 4462 μὴ
224 4393 475 4462 φανερὸν
507 4389 675 4442 αὑτὸν
710 4388 962 4443 ποιῶσιν.
997 4388 1205 4442 Οὐκοῦν
1233 4391 1448 4462 ἐδείχθη
1488 4394 1554 4447 ἂν
1581 4396 1721 4451 ἃπα-

116 4501 197 4537 σιν
224 4485 395 4554 ἂηθές
424 4500 487 4535 τε
516 4480 713 4551 χρῆμα
746 4481 840 4532 καὶ
872 4479 1042 4544 ξένον,
1070 4483 1165 4534 καὶ
1191 4486 1513 4553 περιεργίας
1548 4487 1716 4553 ἄξιον,
1755 4516 1795 4568 D

112 4579 159 4628 εί
190 4576 395 4645 βρέφος
426 4574 509 4626 ὣν
545 4572 652 4634 ἔτι,
690 4570 973 4640 θεοπρεπῆ
1001 4571 1101 4642 τῆς
1139 4574 1331 4642 σοφίας
1366 4576 1601 4630 ἐποιεῖτο
1621 4579 1719 4649 τὴν

113 4670 335 4733 ἑνδειξιν
355 4687 368 4698 ·
406 4665 562 4721 κατὰ
592 4666 766 4735 βραχὺ
793 4666 850 4718 δὲ
884 4668 981 4718 καὶ
1006 4666 1284 4734 ὰναλῖγως
1309 4669 1374 4737 τῇ
1407 4668 1501 4721 τοῦ
1533 4669 1720 4739 σώμα-

113 4775 199 4821 τος
242 4760 442 4829 ἡλικίᾳ
498 4754 858 4826 κατευρύνων
914 4755 1105 4825 αὐτὴν,
1166 4758 1381 4827 ἐμφανῆ
1434 4775 1495 4810 τε
1545 4758 1717 4813 ἅπασι

113 4848 411 4911 nemo),
440 4845 785 4915 προκόπτειν
820 4843 887 4896 ἂν
906 4843 1135 4910 λέγοιτο,
1164 4847 1258 4899 καὶ
1290 4847 1437 4916 μάλα
1467 4850 1713 4913 εἰκότως.

112 4938 234 5002 Πῶς
260 4936 357 4992 οὖν
385 4939 505 5009 ἄρα
542 4934 688 4989 κατὰ
720 4937 916 5006 μικρὸν
948 4937 1251 5006 προέκοψεν
1279 4941 1359 5001 είς
1390 4942 1711 5011 ἱερωσύνην,

112 5034 247 5082 κατὰ
282 5030 517 5101 ἀρετὴν,
556 5029 684 5081 είπέ
729 5045 842 5095 μοι,
882 5028 1300 5099 τελειούμενος;
1346 5026 1464 5083 εἶτα
1512 5032 1628 5096 πῶς
1653 5033 1719 5087 ἂν

110 5120 140 5188 ἦ
176 5122 337 5174 πόθεν
359 5118 670 5173 ἑνδοιάσειέ
695 5136 801 5183 τις,
827 5120 909 5173 ὅτι
935 5120 995 5173 τὸ
1021 5121 1359 5191 ἡμαρτηκὸς,
1388 5123 1481 5174 τοῦ
1502 5123 1721 5187 τελείως

113 5212 324 5278 ἔχοντος
360 5212 512 5265 κατὰ
543 5212 769 5282 ἀρετὴν,
804 5210 911 5264 ὑπὸ
960 5211 1147 5281 μῶμον
1177 5211 1349 5276 ἔσται,
1384 5216 1478 5267 καὶ
1505 5214 1605 5268 οὑκ
1640 5217 1720 5277 είς

114 5303 256 5355 item
300 5303 769 5373 τεθαυμασμένον
794 5342 807 5365 ,
844 5303 1043 5370 μᾶλλον
1069 5303 1124 5356 δὲ
1164 5304 1303 5373 τάχα
1340 5324 1440 5359 που
1482 5307 1577 5359 καὶ
1615 5308 1718 5360 ὑπὸ

113 5398 327 5463 γραφὴν
387 5395 713 5465 ἁμαρτίαςι
761 5394 923 5447 Ἀλλὰ
984 5395 1090 5465 μὴν
1138 5396 1359 5466 ἀληθὲς,
1403 5397 1480 5461 ὼς
1513 5399 1575 5450 οὑ
1616 5416 1712 5450 πε-

114 5486 339 5556 ποίηκεν
380 5486 691 5555 ἁμαρτίαν,
721 5486 842 5538 οὐδὲ
883 5485 1077 5550 εὑρέθη
1103 5486 1250 5550 δόλος
1288 5489 1347 5540 ὲν
1384 5489 1452 5558 τῷ
1486 5489 1711 5558 στόματι

1819 3296 2106 3351 stationem
2166 3292 2619 3347 admetiebantur.
2670 3288 3091 3343 Consideremus
3143 3285 3285 3338 enim
3346 3284 3412 3336 il-

1820 3386 1955 3447 lum,
1994 3385 2244 3453 quamvis
2278 3385 2438 3437 homo
2458 3382 2570 3451 jam
2604 3379 2772 3433 nostri
2806 3377 3003 3432 similis
3044 3376 3218 3429 factus
3246 3384 3410 3427 esset.

1822 3475 1977 3530 initio
2034 3474 2201 3528 latere
2260 3473 2569 3535 studuisse,
2634 3471 2798 3524 veluti
2872 3471 2988 3523 sine
3054 3468 3283 3536 strepitu
3346 3478 3413 3518 ac

1824 3566 1987 3620 tacite
2060 3563 2319 3632 paulatim
2381 3560 2627 3631 mysterii
2699 3560 2804 3612 vim
2875 3559 3249 3627 disponentem
3297 3574 3311 3610 :
3359 3571 3413 3612 et

1821 3656 1887 3711 ad
1939 3654 2097 3721 hujus
2153 3654 2226 3707 rei
2278 3652 2439 3705 fidem
2492 3650 2633 3703 Deus
2686 3665 2748 3703 ac
2797 3647 2957 3701 Pater
2992 3646 3148 3701 nobis
3181 3646 3285 3699 erit
3331 3645 3413 3698 lo-

1822 3749 2005 3815 cuples
2036 3757 2227 3799 auctor
2272 3760 2393 3799 cum
2429 3744 2560 3799 dicit
2593 3762 2607 3794 :
2647 3760 2664 3791 ι
2697 3740 2865 3794 Jacob
2921 3755 3055 3810 puer
3087 3754 3258 3801 meus,
3289 3752 3410 3791 sus-

1821 3840 2017 3908 cipiam
2062 3852 2185 3891 eum
2235 3834 2467 3895 :.lsrael
2510 3833 2718 3892 electus
2764 3847 2948 3896 meus,
2993 3832 3251 3899 suscipiet
3284 3846 3407 3883 eum

1822 3930 1998 3983 anima
2036 3941 2151 3979 mea
2180 3943 2192 3978 :
2218 3918 2338 3979 dedi
2372 3923 2621 3992 spiritqu
2646 3938 2824 3975 meum
2857 3936 3025 3989 super
3078 3936 3202 3974 eum
3232 3919 3409 3988 :judi-

1822 4021 1963 4075 cium
2006 4018 2260 4087 gentibus
2307 4014 2544 4085 proferet
2588 4031 2601 4067 :
2640 4030 2746 4067 non
2783 4013 3059 4075 clamabit,
3103 4027 3280 4079 neque
3312 4026 3409 4065 vo-

1822 4112 2154 4173 ciferabitur,
2187 4123 2357 4176 neque
2380 4107 2639 4160 audietur
2663 4119 2763 4157 vox
2790 4103 2906 4170 ejus
2931 4102 3065 4157 foris
3096 4121 3109 4157 :
3139 4102 3409 4155 calamum

1823 4211 2142 4271 quassatum
2195 4214 2298 4252 non
2351 4206 2623 4260 conteret,
2665 4205 2721 4248 et
2771 4196 2936 4248 linum
2988 4193 3257 4262 fumigans
3303 4199 3408 4245 neu

1822 4292 2131 4360 exstinguet
2157 4289 2224 4342 9’.
2262 4306 2280 4339 ι
2316 4288 2631 4356 lncrepabat
2660 4288 2822 4339 etiam
2858 4285 3004 4353 ipsos
3032 4294 3250 4337 sanctos
3281 4298 3408 4350 apo-

1823 4383 2010 4447 stolos,
2048 4396 2115 4435 ne
2138 4396 2259 4434 eum
2302 4379 2649 4433 manifestum
2692 4377 2951 4431 facerent.
2986 4375 3125 4445 Ergo
3155 4390 3287 4427 nova
3325 4390 3410 4429 res

1824 4484 1877 4527 et
1913 4472 2124 4526 insolita
2156 4478 2368 4525 ostensa
2402 4479 2567 4531 esset.
2599 4479 2653 4522 et
2686 4484 2805 4537 qua:
2837 4469 3105 4521 curiosius
3140 4477 3281 4519 eSset
3312 4483 3409 4519 u-

1824 4564 2106 4635 quirenda,
2129 4564 2172 4616 si
2203 4563 2378 4617 adlmc
2402 4561 2578 4616 infans
2603 4563 2839 4615 divinam
2866 4563 3146 4629 sapientia:
3172 4560 3407 4627 speciem

1825 4657 2150 4711 ostendisset
2177 4656 2243 4709 θ’.
2275 4654 2380 4709 Sed
2408 4669 2531 4708 cum
2556 4652 2813 4719 paulatim
2844 4654 2986 4706 illam
3014 4662 3067 4706 ct
3097 4667 3191 4721 pro
3214 4666 3408 4719 corpu-

1829 4763 1931 4801 reae
1960 4748 2132 4802 anatis
2157 4748 2365 4800 ratione
2398 4745 2778 4813 amplificaret,
2810 4745 3167 4811 clunibusque
3195 4743 3407 4811 perspi-

1824 4856 1979 4894 cuam
2034 4839 2268 4901 faceret,
2322 4839 2708 4891 convenienter
2759 4835 3051 4889 admodum
3109 4832 3408 4903 profecisse

1823 4934 1927 4986 dici
1977 4941 2173 5001 potest.
2213 4930 2494 4996 Quomodo
2548 4928 2714 4997 igitur
2762 4928 3022 4997 paulatim
3075 4928 3303 4995 profecit
3351 4930 3405 4983 itt

1820 5023 2177 5077 sacerdotium
2199 5062 2213 5086 ,
2261 5022 2314 5073 in
2349 5021 2637 5084 virtutene,
2690 5034 2819 5090 rogo
2853 5027 2925 5083 te,
2958 5019 3410 5073 consummatus?

1820 5115 1960 5185 quod
1996 5116 2038 5169 si
2072 5124 2178 5177 est,
2212 5128 2315 5181 qua
2351 5114 2565 5165 ratione
2596 5111 2882 5179 quisquam
2912 5109 3172 5178 ambiget,
3210 5110 3351 5178 quod
3375 5124 3406 5161 a

1822 5204 2148 5274 perfectione
2200 5204 2417 5258 virtutis
2469 5205 2656 5267 abest,
2712 5203 2762 5255 id
2824 5215 2946 5255 esse
2995 5200 3401 5269 reprehensioni

1820 5298 2134 5361 obnoxium,
2184 5310 2358 5364 neque
2393 5310 2489 5362 per
2516 5295 2696 5347 omnia
2739 5294 3091 5357 laudandum,
3138 5292 3246 5346 imo
3279 5307 3405 5347 vero

1819 5390 1983 5443 etiam
2014 5388 2248 5467 fortasse
2277 5388 2343 5441 de
2372 5388 2579 5455 peccati
2611 5387 2839 5440 crimine
2861 5387 3207 5455 culpandum.
3239 5386 3402 5454 Atqui

1819 5498 2007 5535 verum
2042 5492 2124 5535 est
2156 5497 2260 5534 non
2309 5480 2502 5534 fecisse
2546 5490 2848 5547 peccatum,
2902 5496 3075 5547 neque
3126 5481 3401 5531 inventum

178 5684 221 5711 ’⁵
268 5682 399 5736 Luc.
449 5698 513 5748 ll,
552 5681 643 5736 5‘2.
721 5683 767 5713 '°
809 5681 1019 5737 Culoss.
1056 5699 1114 5746 tt.
1151 5684 1199 5737 3‘
1284 5684 1331 5715 ’ί
1371 5684 1475 5739 lsrt.
1516 5700 1647 5751 xui,
1684 5684 1811 5748 1-5;
1852 5681 2045 5737 Matth.
2078 5698 2177 5747 xu,
2222 5682 2405 5737 18-20.
2484 5683 2529 5713 9’
2573 5681 2756 5734 Matth.
2796 5697 2904 5739 xu,
2943 5679 3047 5746 ‘20;
3086 5682 3249 5734 Marc.
3284 5698 3397 5747 \"tll,

114 5755 174 5805 ΞΟ
