4040 6454
633 359 734 415 155

1645 359 1702 414 5.
1745 358 2020 414 CYRILIJ
2064 357 2532 412 ALEXANDRINI
2572 357 2890 412 ARCHIEP.

3786 342 3906 400 156

633 479 798 534 fuisse
827 477 1006 534 dolum
1035 479 1088 533 in
1115 492 1209 533 ore
1235 479 1369 546 ejus,
1402 487 1461 533 ut
1501 478 1759 548 scriptum
1790 487 1874 534 est
1909 480 1974 530 ’³.
2014 477 2204 532 Perfe-
2236 525 2241 537 ι

2349 479 2494 542 ὑτοῦ,
2538 478 2680 530 καθά
2729 477 3054 546 γέγραπται.
3109 472 3428 534 Παντέλειος
3469 465 3563 523 οῦν
3609 469 3637 520 ὁ
3685 461 3906 516 τοιόσδε

631 570 906 624 ctissimus
946 584 1075 638 ergo
1122 579 1241 624 erat
1283 571 1428 625 omni
1483 585 1546 624 ex
1584 578 1737 638 parte
1782 568 2048 638 ejusmodi
2099 569 2202 632 vir,

633 678 806 730 neque
834 663 939 717 ullo
969 665 1130 719 modo
1161 665 1451 733 quidquam
1485 665 1557 717 illi
1590 666 1777 718 deerat
1814 667 1879 719 ad
1907 664 2207 719 absolutam

632 754 1036 824 perfectamque
1074 756 1347 810 virtutem.
1398 755 1626 823 Quando
1669 766 1847 811 autem
1891 758 1988 811 fuit
2034 757 2210 811 minus

635 846 688 897 in
732 847 930 900 virtute
961 846 1254 915 perfectus,
1283 848 1375 918 qui
1404 848 1567 902 etiam
1603 850 1654 902 in
1689 858 1842 903 utero
1881 850 2022 903 Deus
2052 848 2211 903 erat?

635 938 700 989 de
726 952 832 1004 quo
861 939 1022 992 etiam
1069 941 1327 1007 propheta
1375 939 1507 994 dicit
1546 940 1710 995 Isaias
1747 959 1759 994 :
1797 960 1815 993 ι
1850 941 2106 1012 Butyrum
2155 948 2210 994 et

637 1028 738 1079 mel
770 1030 1050 1084 comedet:
1087 1042 1374 1099 antequam
1405 1032 1542 1085 sciat
1569 1031 1650 1084 vel
1672 1033 1834 1101 eligat
1861 1033 2022 1093 mala,
2053 1032 2213 1101 eliget

636 1120 944 1175 bonum":
985 1141 1005 1172 ι
1045 1124 1165 1190 quia
1203 1133 1490 1192 antequam
1553 1125 1686 1178 sciat
1721 1139 1855 1192 ptter
1887 1126 2083 1178 bunum
2122 1133 2214 1178 aut

637 1214 858 1278 malum,
899 1217 1220 1282 repugnabit
1285 1217 1637 1285 improbitati.
1676 1227 1738 1272 ut
1780 1218 1948 1286 eligat
1984 1219 2209 1271 bonum.

638 1303 914 1358 Undenam
937 1305 1100 1370 igitur
1125 1306 1215 1359 tibi
1248 1309 1484 1375 suppetit
1512 1311 1726 1364 virtutis
1757 1308 2214 1379 imperfectionem

636 1393 690 1444 in
718 1393 933 1446 Christo
958 1395 1073 1464 88
1100 1395 1511 1450 demonstrare?
1534 1412 1708 1465 quave
1735 1399 1819 1454 ille
1844 1402 2218 1470 progressione

639 1484 862 1552 indiget,
898 1488 987 1553 qui
1016 1488 1150 1539 adeo
1179 1499 1263 1539 εει
1294 1488 1599 1553 absolutus,
1630 1498 1689 1542 ut
1721 1490 1987 1545 universa:
2017 1492 2220 1558 impro-

639 1573 792 1626 bitati
847 1583 1126 1643 repugnet,
1184 1574 1542 1644 praeferatque
1585 1578 1687 1643 illi,
1739 1579 1846 1633 imo
1890 1595 2019 1634 vero
2050 1582 2217 1635 solam

638 1663 803 1733 eligat
833 1665 1124 1718 virtutem?
1156 1664 1260 1719 Sed
1304 1668 1489 1722 nescio
1517 1682 1620 1735 qua
1667 1669 1872 1722 ratione
1901 1670 1992 1738 qui
2027 1673 2220 1724 asserit

639 1771 704 1809 ac
737 1756 911 1810 dicit:
948 1757 1046 1810 Hic
1075 1758 1164 1824 qui
1214 1757 1472 1826 paulatim
1517 1758 1744 1826 profecit
1786 1761 1852 1813 ad
1887 1761 2080 1813 summi
2126 1774 2215 1813 sa-

640 1846 865 1900 cerdOIii
907 1847 1244 1916 dignitatem,
1286 1860 1340 1902 et
1387 1850 1454 1902 ad
1501 1865 1598 1902 sua
1648 1851 1810 1904 verba
1857 1850 2225 1904 confirmanda

641 1938 865 2008 protulit
907 1939 1036 1992 illud
1078 1957 1091 1993 :
1133 1959 1150 1990 ι
1179 1939 1338 1994 Jesus
1372 1951 1552 1994 autem
1599 1940 1918 2008 proficiebat
1963 1950 2122 1995 actate
2174 1952 2228 1994 et

642 2029 906 2097 sapientia
957 2039 1010 2081 et
1058 2031 1266 2096 gratia;
1303 2048 1322 2080 ι
1379 2031 1765 2098 propemodum
1817 2046 1911 2086 sua
1959 2031 2122 2085 verba
2171 2041 2229 2084 ut

645 2136 834 2190 parum
883 2121 1136 2174 decenter
1172 2121 1313 2174 dicta
1360 2124 1753 2185 condemnatis,
1799 2131 1853 2175 et
1881 2137 2066 2177 eorum
2093 2122 2229 2177 obli-

647 2222 734 2265 tus
755 2228 874 2281 qua:
901 2213 1036 2265 bene
1066 2212 1266 2267 habere
1293 2221 1598 2282 putaverat,
1631 2214 1985 2282 perfectionis
2013 2214 2229 2269 modum

646 2302 748 2355 alia
778 2303 986 2357 ratione
1018 2303 1322 2357 absolutum
1369 2303 1538 2357 fuisse
1577 2302 1828 2370 affirmat,
1860 2304 2049 2359 dicens
2078 2319 2093 2356 :
2135 2304 2234 2359 Hic

647 2395 736 2449 ille
773 2396 1028 2464 temporis
1062 2410 1283 2451 accessu
1321 2393 1497 2448 factus
1541 2393 1807 2462 pontifex,
1847 2394 1936 2448 ille
1971 2410 2074 2464 per
2101 2409 2231 2465 pas-

648 2488 830 2542 siones
855 2497 1288 2545 consummatus.
1329 2485 1522 2540 Nonne
1554 2487 1655 2541 hoc
1695 2487 1965 2556 perspicui
1997 2487 2235 2555 stuporis

648 2588 761 2642 est;
795 2578 902 2630 into
936 2592 1065 2632 vero
1091 2593 1315 2631 summa:
1345 2578 1596 2633 versutia:
1618 2577 1910 2631 indicium?
1947 2576 2077 2630 Nam
2103 2593 2235 2632 con-

651 2679 952 2723 summatus
975 2670 1295 2738 estquidem
1322 2686 1416 2739 per
1445 2670 1729 2738 passiones
1761 2669 2016 2723 Dominus
2051 2678 2236 2724 noster

650 2760 809 2815 Jesus
839 2762 1088 2815 Christus
1112 2779 1127 2816 :
1149 2765 1250 2816 iste
1284 2775 1430 2825 vero,
1468 2760 1823 2815 liretmodum
1852 2778 1956 2829 quo
1990 2770 2072 2815 est
2105 2777 2236 2814 con-

653 2862 954 2906 summatus
1020 2867 1123 2907 non
1179 2854 1411 2923 ignoret,
1465 2853 1854 2921 simpliciorum
1909 2854 2118 2907 animos
2172 2854 2237 2906 ad

654 2953 892 2997 remotos
937 2945 1196 3009 quosdam
1242 2944 1631 3014 cngitationum
1668 2943 1944 2998 anfractus
1994 2945 2235 3004 abducit.

655 3035 1031 3106 etﬂprofecisse
1083 3036 1213 3089 dicit
1246 3036 1294 3088 iu
1324 3038 1682 3100 sacerd0tem,
1712 3049 1767 3090 et
1797 3038 1848 3088 in
1888 3037 1990 3091 hoc
2033 3039 2082 3090 in
2115 3053 2236 3100 cum

2310 571 2443 640 πρὸς
2481 571 2587 622 πᾶν
2617 569 2812 630 ὁτιοῦν,
2848 568 2940 618 καὶ
2978 567 3098 617 κατ’
3152 563 3343 616 οὐδένα
3365 561 3567 631 τρόπον
3592 557 3657 612 ἂν
3687 556 3799 625 ἔχοι
3838 551 3908 603 τὸ

2311 663 2495 724 ἐνδεὲς
2528 661 2621 713 τοῦ
2659 661 2858 731 ἀρτίως
2898 658 3111 726 ἔχοντος
3158 656 3238 717 είς
3284 650 3622 723 κατόρθωσιν
3665 645 3904 714 ἀρετῆς.

2313 751 2447 803 Πότε
2477 749 2530 802 δὲ
2556 745 2624 819 ἦν
2658 749 2717 800 οὺ
2758 747 2958 808 τέλειος
3001 747 3078 805 είς
3106 743 3166 795 τὸ
3203 741 3405 809 ἀγαθὸν
3433 740 3460 791 6
3486 739 3580 791 καὶ
3611 739 3668 789 ἐν
3708 736 3906 805 μήτρᾳ

2312 842 2464 905 Θεὸς,
2492 841 2620 910 περὶ
2644 832 2704 893 οὗ
2729 838 2822 892 καὶ
2844 840 2872 890 6
2898 837 3181 908 προφήτης
3213 832 3378 902 φησιν
3415 831 3642 890 Ἡσαΐας
3667 845 3678 856 ·
3712 847 3729 878 ι
3761 824 3906 877 Βού-

2314 951 2475 1001 τυρον
2511 934 2603 986 καὶ
2637 931 2755 1002 μέλι
2786 930 3039 999 φάγεται·
3073 925 3238 994 πρινὴ
3261 923 3461 992 γνῶναι
3493 920 3655 974 αὐτὸν
3688 919 3721 988 ἢ
3759 932 3909 985 προ-

2314 1025 2530 1079 ελέσθαι
2581 1023 2812 1091 πονηρὰ,
2852 1017 3129 1082 ἐκλέξεται
3170 1016 3230 1068 τὸ
3259 1013 3494 1083 ἀγαθόν;
3527 1030 3544 1063 ι
3567 1009 3700 1063 διότι
3728 1005 3910 1078 πρινὴ

2315 1116 2518 1186 γνῶναι
2547 1116 2609 1168 τὸ
2648 1113 2855 1166 παιδίον
2901 1109 3122 1178 ἀγαθὸν,
3159 1108 3191 1177 ἢ
3225 1106 3416 1168 κακδν,
3469 1101 3685 1156 ἀπειθεῖ
3725 1115 3911 1166 πονη-

2319 1210 2442 1280 ρίᾳ,
2469 1206 2560 1261 τοῦ
2594 1203 2917 1268 ἐκλέξασθαι
2945 1202 3005 1255 τὸ
3034 1199 3257 1268 ἀγαθόν.
3299 1196 3411 1250 Ποῦ
3439 1195 3621 1248 τοίνυν
3657 1192 3722 1245 ἂν
3765 1191 3911 1260 ἔχῃς

2318 1298 2581 1362 ἐπιδεῖξαι
2623 1294 2859 1366 Χριστοῦ
2899 1293 2960 1346 τὸ
3001 1292 3189 1354 ἀτελὲς
3232 1289 3312 1342 ἔτι
3375 1288 3509 1357 πρὸς
3552 1285 3614 1337 τὸ
3651 1281 3910 1348 ἀγαθόν;

2317 1391 2351 1462 ἢ
2385 1391 2544 1451 ποίας
2582 1389 2647 1443 ἂν
2672 1387 2845 1441 δέοιτο
2887 1383 3187 1454 προκοπῆς,
3219 1384 3247 1434 6
3288 1379 3459 1440 οὕτως
3490 1375 3691 1447 ἀρτίως
3735 1371 3912 1440 ἔχων,

2318 1482 2394 1544 ὠς
2425 1480 2609 1550 ἁπάσῃ
2642 1479 2740 1548 μὲν
2779 1475 3026 1530 ἀπειθεῖν
3064 1471 3322 1542 πονηρίᾳ,
3361 1469 3684 1540 προτάττειν
3715 1464 3772 1517 δὲ
3806 1463 3919 1516 αὺ-

2320 1572 2439 1641 τῆς,
2471 1571 2566 1622 καὶ
2613 1569 2721 1637 μὴν
2753 1567 2846 1620 καὶ
2876 1565 3034 1634 μόνον
3081 1562 3354 1632 αἱρεῖσθαι
3389 1559 3448 1611 τὸ
3480 1556 3715 1625 ἀγαθόν;
3761 1551 3920 1641 ’Λλϊ

2321 1636 2422 1714 οῦκ
2453 1657 2550 1713 οἷδ’
2577 1636 2725 1720 ὅπως
2749 1659 2775 1710 6
2806 1652 3280 1722 διαϐεϐαιούμενός
3299 1668 3358 1703 τε
3387 1649 3480 1703 καὶ
3506 1648 3704 1714 λέγων,
3733 1636 3920 1703 Οὗτος

2327 1755 2354 1805 6
2377 1750 2516 1804 κατά
2547 1748 2742 1819 μικρὸν
2789 1745 3070 1816 προκόψας
3099 1745 3177 1806 είς
3207 1741 3505 1814 ἀρχιερέως
3545 1737 3780 1805 ἀξίωμα,
3810 1733 3924 1786 καὶ

2330 1840 2682 1911 παρενεγκὼν
2734 1841 2813 1900 είς
2859 1836 3132 1905 ἀπόδειξιν
3184 1835 3293 1886 τῶν
3346 1830 3538 1885 ἐαυτοῦ
3578 1829 3775 1894 λόγων,
3823 1823 3917 1880 τὸ.

2338 1955 2356 1987 ‹
2386 1935 2592 2005 Ἰησοῦς
2621 1934 2677 1985 δὲ
2708 1932 3042 2002 προέκοπτεν
3069 1925 3253 1996 ἡλικίᾳ
3275 1925 3368 1978 καὶ
3385 1921 3548 1991 σοφίᾳ
3564 1917 3882 1988 καὶχάριτι,
3900 1933 3920 1965 ι

2335 2027 2617 2099 μονονουχὶ
2665 2025 2774 2078 τῶν
2819 2023 3014 2078 ἐαυτοῦ
3059 2022 3233 2087 λόγων
3290 2014 3593 2084 καθορίζων
3636 2011 3697 2064 τὸ
3746 2010 3929 2099 ἀτερ-

2333 2098 2432 2184 πές
2449 2119 2555 2191 [ἷσ.
2579 2115 2865 2188 ἁπρεπὲς],
2888 2115 2982 2167 καὶ
3002 2107 3076 2165 ὧν
3093 2107 3151 2165 εὖ
3171 2110 3314 2181 ἔχειν
3332 2107 3628 2176 ὑπείληφεν
3645 2105 3724 2164 είς
3739 2098 3929 2191 ληθην

2333 2189 2669 2279 ὑπενεχθεὶς,
2696 2207 2787 2259 τὸν
2814 2204 2913 2275 τῆς
2955 2201 3286 2262 τελειώσεως
3321 2197 3518 2267 τρόπον
3559 2193 3756 2261 ἑτέρως
3781 2189 3931 2258 ἡμῖν

2334 2301 2650 2373 πεπρᾶχθαι
2694 2297 3082 2368 διισχυρίζεται
3125 2293 3299 2360 λέγων
3319 2306 3332 2319 ·
3371 2280 3538 2348 Οὗτος
3561 2284 3591 2336 6
3614 2281 3799 2373 1qupr
3818 2295 3933 2373 7-s-

2333 2368 2637 2462 γενημένος
2683 2387 2988 2460 ἀρχιερεὺς,
3019 2382 3156 2436 ὁδιά
3196 2376 3537 2448 παθημάτων
3582 2368 3929 2430 τελειωθείς.

2333 2481 2458 2554 τΛρ’
2485 2483 2583 2537 οὐκ
2605 2479 2838 2549 ἐναργὴς
2856 2474 3168 2545 ἀποπληξία
3194 2471 3350 2527 τοῦτό
3377 2488 3436 2539 γε
3461 2487 3474 2535 ;
3508 2467 3706 2538 μᾶλλον
3733 2464 3790 2516 δὲ
3811 2463 3926 2554 οῦκ

2338 2577 2555 2644 ἀπάσης
2586 2570 2933 2644 ῥᾳδιουργίας
2962 2567 3212 2636 ἐλεγχος;
3267 2560 3621 2616 Τετελείωται
3667 2556 3767 2625 μὲν
3809 2553 3934 2622 γὰρ

2336 2668 2423 2723 διὰ
2453 2665 2788 2737 παθημάτων
2827 2663 2856 2716 ὁ
2902 2660 3104 2731 Κύριος
3151 2655 3308 2726 ἡμῶν
3347 2651 3554 2722 Ἰησοῦς
3589 2646 3862 2718 Χριστόςο
3903 2644 3936 2695 ό

2337 2761 2416 2822 δὲ,
2450 2760 2626 2812 καίτοι
2651 2756 2746 2809 τοῦ
2785 2751 3105 2807 τελειῶσθαι
3130 2739 3568 2820 [τετελειῶσθαι]
3599 2742 3690 2793 τὸν
3717 2737 3936 2809 τρόπον

2339 2855 2441 2906 οὐκ
2467 2847 2773 2920 ἠγνοηκὼς,
2793 2846 2886 2908 τὸν
2913 2845 3021 2897 τῶν
3044 2839 3428 2910 ἁπλουστέρων
3448 2830 3772 2903 ἀποκομίζει
3801 2826 3939 2882 νοῦν

2339 2949 2419 3008 είς
2445 2941 2709 3003 ἐκτύπους
2738 2939 2888 3000 τινας
2951 2933 3169 2988 ἐννοιῶν
3214 2927 3592 3001 περιαγωγὰς,
3645 2921 3742 2975 καὶ
3796 2935 3939 2989 προ-

2340 3036 2505 3106 κόψαι
2537 3032 2702 3103 φησὶν
2724 3031 2801 3093 είς
2825 3027 3108 3099 ἀρχιερέα,
3129 3024 3223 3078 καὶ
3249 3019 3566 3076 τελειῶσθαι
3595 3015 3729 3086 πρὸς
3745 3011 3940 3076 τοῦτο,

658 3138 1086 3182 consummatum
1137 3127 1323 3190 fuisse,
1367 3129 1510 3196 quod
1543 3144 1664 3181 cum
1700 3129 1874 3181 factus
1908 3139 2009 3187 est.
2043 3129 2239 3182 dicitur

2343 3128 2453 3188 τὸν,
2478 3126 2558 3178 ὅτι
2583 3123 2740 3191 τοῦτο
2762 3121 2977 3189 γέγονε,
3009 3115 3344 3171 κεκενῶσθαι
3377 3111 3688 3180 λεγόμενον.
3718 3106 3944 3201 Ὥσπερ

658 3221 985 3276 exinanitus.
1042 3221 1162 3276 .lam
1226 3237 1353 3277 vero
1415 3232 1668 3289 tauquam
1727 3220 1860 3274 satis
1913 3219 2241 3274 ostendisset

2346 3217 2403 3270 δὲ
2423 3213 2663 3283 διαρκῶς
2709 3212 3018 3279 ἀποφήνας,
3046 3208 3128 3260 ὅτι
3183 3205 3314 3275 μηδὲ
3359 3202 3549 3270 γέγονε
3593 3196 3729 3267 σὰρξ
3775 3197 3804 3247 6
3836 3196 3943 3245 τοῦ

661 3315 834 3385 ipsqu
866 3314 958 3369 Dei
995 3313 1228 3369 Verbum
1262 3330 1436 3383 neque
1471 3329 1690 3368 carnem
1725 3313 1924 3366 factum
1961 3327 2101 3376 esse,
2140 3329 2238 3367 ne-

661 3421 768 3476 que
800 3407 1072 3461 hominem
1104 3421 1168 3461 ex
1209 3406 1432 3461 muliere
1456 3407 1743 3475 prodiisse,
1771 3420 1865 3459 eos
1899 3405 1990 3474 qui
2037 3406 2116 3460 sic
2159 3421 2249 3458 sa-

665 3500 818 3568 piunt
852 3499 1112 3566 increpat,
1143 3498 1371 3553 dicens:
1407 3497 1543 3565 Quid
1568 3514 1697 3566 ergo
1732 3499 1992 3552 adversus
2021 3496 2246 3551 Paulum

666 3590 1065 3662 interpretaris,
1093 3590 1219 3644 dum
1257 3590 1587 3658 impossibile
1634 3591 1723 3645 Dei
1761 3591 1996 3644 Verbum
2035 3601 2250 3644 terreno

667 3682 944 3736 immis‘ces
987 3683 1221 3750 corpori,
1267 3691 1319 3736 et
1353 3683 1666 3750 passibilem
1717 3682 2027 3751 pontificem
2077 3682 2253 3737 facis?

669 3773 808 3826 Audi
843 3773 1007 3839 igitur
1037 3789 1066 3826 a
1100 3773 1274 3837 nobis,
1305 3775 1504 3842 quibus
1541 3773 1703 3828 etiam
1745 3775 1965 3828 charior
1997 3781 2080 3826 est
2109 3773 2251 3825 veri-

673 3876 796 3921 tas:
827 3881 926 3920 cur
967 3881 1217 3935 perverse
1263 3866 1482 3921 Paulum
1525 3869 1924 3937 interpretaris,
1972 3869 2081 3922 imo
2125 3883 2255 3922 vero

673 3960 954 4013 universas
983 3959 1217 4013 Litteras
1239 3974 1424 4013 sacras
1449 3959 1819 4021 calumniaris,
1848 3960 1972 4012 dum
2003 3958 2096 4013 Dei
2123 3959 2260 4014 Ver-

676 4054 802 4106 bum
839 4066 869 4104 a
907 4051 1084 4104 carnis
1118 4050 1524 4118 dispensatione
1571 4049 1847 4112 subducis,
1894 4058 1949 4102 ct
1984 4049 2256 4103 hominem

677 4142 835 4196 nobis
870 4143 1010 4195 nuda
1035 4140 1415 4210 conjunctione
1443 4141 1788 4195 honestatum
1821 4141 2053 4207 praeficis
2081 4156 2259 4195 sacer-

679 4235 880 4299 dotem,
925 4234 1048 4288 licet
1093 4233 1338 4287 eumdem
1383 4233 1574 4287 audias
1614 4231 1930 4301 pontificem
1977 4231 2159 4296 simul,
2205 4241 2260 4286 et

2347 3307 2485 3361 Θεοῦ
2521 3305 2710 3372 Λόγος,
2744 3305 2878 3373 μήτε
2914 3300 3019 3372 μὴν
3051 3295 3291 3370 προῆλθε
3325 3294 3608 3363 ἄνθρωπος
3639 3293 3702 3342 ἐκ
3737 3303 3944 3354 γυναι-

2351 3397 2468 3462 κὸς,
2498 3399 2613 3460 τοῖς
2641 3395 2707 3449 τά
2747 3394 2924 3449 τοιάδε
2959 3391 3178 3465 φρονεῖν
3218 3385 3516 3460 ᾑρημένοις
3558 3382 3808 3452 ἐπιτιμᾷ,
3845 3380 3948 3432 καί

2353 3506 2514 3558 φησι·
2556 3485 2736 3541 Τίοῦν
2777 3484 3161 3557 ἀνθερμηνεύῃ
3206 3481 3284 3556 τῷ
3336 3478 3558 3549 Παύλῳ,
3610 3474 3703 3533 τὸν
3749 3471 3950 3552 ἀπαθῆ

2351 3581 2484 3634 Θεὸν
2510 3581 2684 3647 Λόγον
2730 3579 2956 3648 ἐπιγείῳ
2987 3577 3328 3645 καταμιγνὺς
3366 3574 3600 3643 σώματι,
3627 3572 3723 3625 καὶ
3752 3571 3948 3643 παθη-

2353 3674 2444 3726 τὸν
2475 3673 2735 3744 ἀρχιερέα
2775 3671 2978 3733 ποιῶν;
3010 3667 3220 3722 Οὐκοῦν
3254 3669 3417 3722 ἄκουε
3456 3666 3549 3719 καὶ
3589 3664 3727 3736 πρὸς
3755 3664 3946 3735 ἡμῶν,

2354 3757 2435 3825 οἷς
2463 3763 2525 3830 δὴ
2553 3761 2645 3813 καὶ
2675 3759 2871 3829 μᾶλλον
2899 3757 3185 3828 ήιάλήοεια
3205 3756 3334 3825 φίλη
3355 3772 3367 3785 ·
3401 3756 3465 3808 Τί
3497 3754 3949 3824 παρερμηνεύεις

2355 3854 2445 3906 τὸν
2500 3851 2744 3915 Παῦλον,
2801 3849 2999 3920 μᾶλλον
3053 3849 3109 3901 δὲ
3159 3848 3378 3900 ἃπασαν
3427 3849 3784 3915 συκοφαντεῖς
3843 3847 3950 3914 τὴν

2358 3945 2711 3999 θεόπνευστον
2739 3940 2978 4011 Γραφὴν,
3013 3937 3299 4004 ὑπεξάγων
3328 3937 3426 4005 τῆς
3463 3935 3600 4005 μετά
3631 3933 3838 4005 σαρκὸς
3865 3937 3950 3987 οἰ·-

2360 4037 2616 4106 κονομίας
2636 4033 2725 4086 τὸν
2740 4032 2832 4085 τοῦ
2851 4031 2986 4083 Θεοῦ
3001 4030 3192 4096 Λόγον,
3215 4029 3310 4082 καὶ
3333 4027 3617 4097 ἄνθρωπον
3661 4026 3795 4095 ἡμῖν
3819 4041 3922 4077 συν
3940 4053 3954 4066 -

2361 4129 2530 4199 αφεία
2558 4126 2686 4195 ψιλῇ
2715 4125 3024 4194 τιμώμενον
3049 4121 3274 4190 ἐφιστᾷς
3320 4119 3492 4189 ἱερέα,
3521 4117 3697 4170 καίτοι
3727 4115 3823 4167 τὸν
3852 4116 3957 4169 αὑ-

2361 4221 2451 4274 τὸν
2480 4219 2694 4272 ἁκούων
2727 4214 2989 4285 ἀρχιερέα
3019 4229 3074 4264 τε
3103 4210 3240 4281 ὁμοῦ
3280 4211 3373 4262 καὶ
3400 4209 3688 4280 σύνθρονον
3716 4207 3848 4258 ὄντα
3873 4207 3955 4277 τῷ

680 4341 800 4377 eum
835 4323 942 4378 Deo
986 4333 1039 4377 et
1069 4323 1231 4378 Patre
1278 4324 1327 4376 in
1371 4325 1558 4378 eodem
1596 4300 1732 4376 solio
1763 4323 2156 4388 considentem,
2203 4339 2234 4376 ιι

2362 4310 2482 4382 Θεῷ
2532 4311 2623 4364 καὶ
2649 4309 2843 4378 Πατρὶ,
2879 4305 3128 4374 καθάπερ
3173 4304 3275 4374 ἠδη
3329 4303 3633 4372 φθάσαντες
3681 4300 3952 4368 εἴπομενς

682 4417 840 4482 paulo
896 4423 1020 4468 ante
1070 4414 1338 4480 diximus;
1386 4429 1509 4467 nam
1558 4413 1755 4467 Paulus
1810 4414 1986 4467 dixit:
2026 4431 2045 4464 ι
2076 4413 2241 4468 Talen

2367 4400 2471 4470 ἔφη
2504 4401 2610 4469 γάρ
2631 4401 2656 4451 ὁ
2676 4398 2904 4461 Παῦλος,
2933 4399 3015 4450 ὄτι
3035 4415 3052 4446 ι
3075 4395 3327 4448 Τοιοῦτον
3356 4393 3552 4463 ἔχομεν
3583 4392 3872 4462 ἀρχιερέα,
3897 4392 3957 4453 ὃς

685 4480 944 4557 habemus
1000 4503 1333 4569 pontificem,
1388 4504 1476 4569 qui
1537 4502 1675 4556 sedit
1729 4502 1781 4554 in
1843 4503 2066 4556 dextera
2114 4501 2241 4556 sedit

2364 4493 2616 4546 ἐκάθισεν
2647 4493 2703 4542 ἐν
2753 4489 2904 4557 δεξιᾷ
2941 4487 3035 4540 τοῦ
3065 4486 3256 4558 θρόνου
3303 4484 3403 4554 τῆς
3449 4480 3843 4553 μεγαλωσύνης
3899 4484 3958 4533 ὲν

687 4592 1071 4659 magnitudinis
1092 4592 1144 4644 in
1171 4591 1325 4645 cmlis
1347 4591 1428 4644 "‘1
1453 4611 1472 4642 ι
1507 4589 1640 4643 Nam
1672 4591 1782 4658 ipse
1814 4590 2111 4658 impatibile
2138 4589 2265 4644 illud

683 4701 747 4739 ex
786 4685 894 4736 Deo
929 4683 1086 4736 Patre
1119 4681 1378 4744 Verbum,
1409 4681 1582 4736 cuivis
1617 4681 1802 4751 utique
1849 4691 2098 4748 apertum
2137 4692 2261 4736 est:

682 4790 900 4836 passum
942 4788 1067 4826 vero
1097 4787 1260 4826 carne
1292 4787 1390 4840 pro
1422 4771 1576 4824 nobis
1612 4772 1722 4839 ipsa
1758 4786 1859 4824 vox
1893 4771 2266 4842 theologorum

691 4877 812 4917 vere
842 4865 945 4918 dici
986 4863 1345 4918 confirmabit.
1376 4863 1526 4928 Quod
1558 4863 1600 4916 si
1642 4863 1730 4916 Dei
1762 4860 1996 4917 Verbum
2033 4864 2216 4918 aufers
2238 4880 2266 4916 a

691 4960 906 5009 terreno
941 4970 1191 5023 corpore,
1238 4955 1485 5008 universa
1531 4954 1596 5006 ad
1648 4954 1870 5008 nihilum
1920 4955 2208 5008 concident
2255 4974 2266 5009 :

694 5062 813 5098 nam
855 5046 898 5099 si
949 5047 1109 5100 homo
1148 5047 1322 5099 factus
1370 5061 1473 5098 non
1506 5053 1612 5106 est,
1665 5062 1729 5098 ne
1761 5055 2006 5099 mortuus
2048 5046 2266 5114 quidem

692 5148 774 5192 est
799 5152 895 5204 pro
927 5138 1110 5202 nobis;
1146 5137 1266 5190 etsi
1305 5135 1463 5190 morti
1495 5135 1772 5205 proprium
1809 5151 2006 5204 corpus
2038 5153 2142 5191 non
2173 5139 2270 5191 de-

695 5231 790 5288 dit.
827 5230 1096 5297 quomodo
1145 5228 1342 5282 dicitur
1389 5228 1784 5298 primogenitus
1810 5243 1875 5281 ex
1913 5229 2140 5283 mortuis
2186 5228 2278 5267 "7

700 5321 838 5390 Ergo
862 5336 1035 5387 neque
1064 5329 1307 5375 mortuus
1332 5331 1434 5384 est,
1463 5335 1635 5389 neque
1661 5319 1772 5389 89
1794 5320 2088 5373 resurrexit
2115 5319 2275 5374 Chri-

699 5424 836 5468 stus.
886 5411 1114 5466 Prodeat
1149 5427 1279 5482 ergo
1325 5410 1379 5464 in
1433 5411 1664 5465 medium
1718 5413 1906 5464 beatus
1946 5409 2164 5474 Paulus,
2220 5421 2276 5464 et

701 5505 896 5559 clamet
931 5519 994 5559 ac
1025 5505 1208 5559 dicat:
1254 5522 1272 5555 ι
1305 5503 1360 5558 Si
1385 5502 1580 5558 mortui
1617 5517 1720 5558 non
1758 5514 2063 5573 resurgunt,
2101 5517 2276 5572 neque

700 5598 954 5653 Christus
999 5596 1326 5662 resurrexit;
1372 5609 1507 5649 vana
1555 5604 1638 5648 est
1687 5594 1818 5649 fides
1852 5605 2053 5661 vestra,
2098 5595 2275 5651 adhuc

773 5783 819 5816 ’³
860 5781 958 5835 lsa.
997 5796 1110 5846 ι.ιιι,
1144 5779 1209 5847 9;
1249 5777 1266 5833 ι
1305 5777 1445 5835 Petr.
1484 5792 1540 5844 ιι,
1571 5773 1661 5830 Ἡ.
1737 5775 1782 5812 ⁸⁸
1821 5773 1923 5832 lsa.
1949 5789 2041 5841 vn,
2081 5772 2168 5842 15,
2208 5774 2293 5830 l6.

2367 4587 2478 4647 τοῖς
2505 4583 2788 4652 οὐρανοῖς
2817 4599 2835 4632 ι
2867 4581 2988 4632 Ὅτι
3017 4577 3116 4648 μὲν
3147 4577 3256 4647 γὰρ
3279 4574 3494 4644 ἀπαθὴς
3525 4575 3552 4625 6
3581 4574 3645 4624 ἐκ
3672 4570 3808 4623 Θεοῦ
3845 4573 3963 4625 Πα-

2368 4676 2496 4746 τρδς
2531 4675 2722 4741 Λόγος,
2759 4671 2922 4725 παντί
2974 4687 3077 4722 που
3104 4669 3261 4737 δῆλον
3305 4666 3371 4720 ἂν
3414 4665 3498 4735 εἴη
3535 4662 3836 4734 δήπουθεν
3877 4665 3962 4717 ὃτι

2368 4765 2428 4816 δὲ
2457 4763 2723 4816 πέπονθεν
2758 4761 2897 4830 ὑπὲρ
2940 4757 3101 4828 ἡμῶν
3133 4755 3319 4826 σαρκὶ,
3366 4753 3768 4822 κατασφραγιεῖ
3820 4752 3964 4822 πρὸς

2370 4855 2628 4923 ἀλήθειαν
2653 4851 2814 4921 ἡτῶν
2849 4849 3127 4919 θεηγόρων
3153 4847 3324 4915 φωνή.
3352 4845 3412 4897 Εἰ
3449 4843 3506 4896 δέ
3531 4843 3835 4912 άποφέρεις
3860 4844 3965 4894 αὑ-

2370 4949 2460 5011 τὸς
2490 4945 2729 5014 ἐπιγείου
2773 4942 3024 5012 σώματος
3051 4941 3142 4992 τὸν
3183 4941 3245 4991 ἐκ
3283 4937 3418 4990 Θεοῦ
3445 4937 3635 5003 Λόγον,
3675 4935 3963 5003 οἰχήσεταί

2375 5056 2456 5092 σοι
2492 5039 2551 5091 τὸ
2580 5037 2798 5105 σύμπαν
2834 5035 2912 5095 είς
2944 5032 3006 5084 τὸ
3037 5031 3234 5101 μηδέν·
3269 5030 3316 5081 εἰ
3350 5029 3460 5098 γάρ
3493 5027 3566 5096 μὴ
3609 5025 3833 5094 γέγονεν
3864 5026 3965 5079 ἄν-

2374 5131 2612 5200 θρωπος,
2663 5127 2781 5180 οὐδὲ
2825 5123 3094 5177 ἀπέθανεν
3147 5122 3287 5191 ὑπὲρ
3318 5119 3507 5191 ἡμῶνο
3541 5118 3634 5172 καὶ
3681 5119 3727 5169 εί
3760 5115 3838 5186 μὴ
3871 5117 3964 5170 δέ-

2373 5225 2511 5277 δωκε
2540 5223 2617 5292 τῷ
2662 5219 2877 5289 θανάτῳ
2908 5218 2968 5270 τὸ
3004 5217 3134 5269 ἴδιον
3185 5215 3363 5282 σῶμα,
3394 5211 3510 5274 πῶς
3549 5207 3688 5263 εἶναι
3737 5208 3965 5277 λέγεται

2381 5314 2724 5385 πρωτότοκος
2750 5313 2812 5363 ἐκ
2838 5308 3078 5376 νεκρῶν;
3115 5303 3322 5356 Οὐκοῦν
3357 5301 3479 5354 οῦτε
3510 5300 3800 5361 ἀπέθανεν,
3834 5297 3963 5351 οὔτε

2381 5405 2582 5458 ἀνεϐίω
2626 5402 2882 5473 Χριστός.
2921 5401 3048 5452 Ἵτω
3078 5397 3142 5467 δὴ
3169 5392 3260 5448 οῦν
3297 5397 3378 5457 είς
3410 5393 3572 5464 μέσον
3609 5393 3636 5444 6
3672 5391 3964 5454 θεσπέσιος

2382 5497 2614 5560 Παῦλος,
2673 5493 3114 5562 ἀνακεκραγέτω,
3169 5488 3374 5554 λέγων’
3428 5505 3446 5536 ι
3494 5485 3557 5537 Εἰ
3613 5482 3796 5552 νεκροὶ
3863 5483 3963 5534 οὐκ

2382 5592 2708 5662 ἐγείρονται,
2742 5586 2861 5639 οὐδὲ
2916 5581 3144 5654 Χριστὸς
3187 5580 3515 5648 ἐγήγερται·
3547 5576 3595 5628 εἰ
3631 5574 3685 5627 δέ
3727 5574 3961 5644 Χριστὸς

2369 5771 2414 5849 "_
2457 5767 2620 5825 llebr.
2656 5782 2771 5832 vnt,
2801 5764 2850 5820 ι.
2926 5763 2970 5795 ³⁸
3005 5757 3212 5816 Ωοιοες,
3247 5771 3284 5820 ι,
3322 5755 3408 5809 13,
