4040 6428
144 352 232 408 157
1210 352 1582 409 ADVERSUS
1621 353 2021 411 NESTORIUM
2061 354 2187 410 LIB.
2234 355 2320 408 Ill.

3313 345 3412 401 158

142 474 232 525 οὐκ
290 472 622 543 ἐγήγερται,
672 474 881 543 ματαία
933 474 967 543 ἡ
1004 473 1184 536 πίστις
1237 472 1425 543 ὑμῶν’
1482 473 1561 526 ἔτι
1613 473 1729 526 ὲστὲ

1838 474 1968 527 estis
2001 475 2050 528 in
2096 473 2331 543 peccatis
2369 471 2581 524 vestris.
2630 466 2772 537 Ergo
2825 464 2918 533 qui
2966 462 3301 516 dormierunt
3356 461 3408 512 in

143 568 193 617 ἐν
216 569 332 627 ταῖς
370 567 679 635 ἁμαρτίαις
699 566 877 636 ὑμῶν.
914 562 1060 636 *Λρα
1092 566 1187 619 καὶ
1213 567 1261 617 oi
1285 566 1638 636 κοιμηθέντες
1672 565 1729 618 ὲν

145 659 358 729 Χριστῷ
418 658 736 721 ἀπώλοντο;
783 677 801 708 ›
852 658 994 711 Ἀλλ’
1040 660 1333 728 ἐγήγερται
1386 657 1620 726 Χριστὸς
1666 658 1729 710 ἐκ

145 751 374 820 νεκρῶψ
410 751 609 817 γέγονε
640 750 748 820 γάρ
789 750 1077 819 ἄνθρωπος
1101 753 1129 803 6
1164 750 1454 819 μονογενὴς
1477 749 1570 802 τοῦ
1594 748 1727 802 Θεοῦ

146 842 328 906 Λόγος,
368 841 468 892 καὶ
496 842 689 909 γήϊνον
718 840 880 910 σῶμα
909 839 1109 902 λαϐὼν,
1134 841 1339 903 ένώσας
1365 857 1423 892 τε
1448 838 1569 892 καθ’
1596 839 1729 891 ὑπό-

146 951 325 986 στασιν
373 934 577 1003 ἑαυτῷ,
614 933 799 1003 χάριτι
842 932 996 996 Θεοῦ,
1044 933 1184 986 κατά
1215 933 1276 985 τὸ
1322 932 1728 1002 γεγραμμένον,

145 1027 275 1096 ὑπὲρ
303 1026 513 1088 παντὸς
541 1026 809 1092 ἐγεύσατο
836 1025 1066 1078 θανάτου
1088 1042 1101 1055 ·
1136 1024 1508 1094 κεχρημάτικε
1543 1023 1600 1074 δὲ
1635 1022 1731 1075 καὶ

143 1118 363 1187 ἀπαρχὴ
397 1119 511 1169 τῶν
543 1117 986 1185 κεκοιμημένων,
1012 1114 1384 1186 ἐγηγερμένος
1409 1114 1474 1167 ὲκ
1496 1112 1727 1182 νεκρῶν.

154 1205 427 1276 Ἀσφαλὴς
467 1202 562 1258 οὖν
610 1206 719 1274 ἄρα
749 1205 844 1258 καὶ
882 1205 943 1257 ού
994 1204 1195 1274 ματαία
1246 1202 1429 1256 λοιπὸν
1468 1204 1500 1272 ἡ
1549 1202 1731 1265 πίστις

139 1298 313 1366 ἡμῶν,
347 1299 419 1366 ἦν
447 1296 524 1359 ὡς
564 1297 815 1367 ἄγκυραν
844 1297 1039 1366 ἔχομεν
1072 1295 1171 1363 τῆς
1202 1294 1381 1363 ψυχῆς
1417 1294 1634 1362 ἀσφαλῆ
1674 1311 1733 1345 τε

140 1389 225 1438 καὶ
266 1386 524 1455 βεϐαίαν,
561 1387 706 1439 κατά
749 1388 810 1439 τὸ
840 1386 1246 1456 γεγραμμένον.
1278 1385 1487 1454 ’Ὠσπερ
1512 1384 1566 1435 δὲ
1613 1385 1733 1436 κατ’

137 1482 323 1532 οὐδένα
353 1481 565 1550 τρόπον
590 1479 874 1550 ἠδικηκὼς
905 1479 1004 1548 τῆς
1038 1478 1173 1549 μετά
1203 1477 1404 1547 σαρκὸς
1424 1478 1733 1547 οἰκονομίας

136 1573 255 1633 τοὺς
283 1571 509 1638 λόγους,
540 1571 633 1624 διά
662 1588 726 1639 γε
776 1570 870 1623 τοῦ
919 1571 1083 1639 φάναι
1128 1570 1305 1633 ταυτὶ,
1340 1570 1435 1621 καὶ
1478 1568 1585 1620 τῶν
1635 1568 1732 1638 τῆς

135 1661 393 1731 ἀληθείας
428 1662 723 1731 δογμάτων
774 1662 989 1732 ἀκρατῆ
1020 1679 1078 1713 τε
1102 1661 1195 1713 καὶ
1220 1660 1603 1731 βδελυρότατον
1633 1676 1729 1711 κα-

134 1752 323 1818 ταχέαι
366 1751 465 1803 τὸν
496 1751 713 1819 ἔμετον,
754 1751 841 1819 ἐφ’
888 1750 1081 1819 ἑτέραν
1121 1748 1339 1817 ἔρχεται
1384 1744 1725 1809 δυσϐουλίαν,

134 1840 338 1923 μᾶλλον
366 1841 428 1892 δὲ
464 1840 787 1892 δυσσέϐειαν
824 1840 1052 1909 ἐναργῆ,
1086 1839 1177 1891 καί
1206 1854 1370 1907 φησιν
1390 1855 1402 1868 ·

203 1931 223 2001 [
254 1932 459 1993 Ὄντος
493 1926 589 1985 οὖν
626 1933 762 2001 ἡμῖν
792 1929 983 1983 τούτου
1031 1929 1192 2000 μόνου
1237 1928 1558 1999 ἀρχιερέως,
1591 1940 1729 1997 συμμ-

134 2024 364 2089 παθοῦς,
406 2027 507 2077 καὶ
557 2022 878 2091 συγγενοῦς,
914 2024 1007 2076 καὶ
1042 2022 1283 2092 βεϐαίου,
1320 2023 1417 2089 τῆς
1456 2021 1534 2081 είς
1568 2019 1731 2072 αὑτὸν

137 2118 207 2186 μὴ
280 2115 715 2186 παρατρέπεσθε
780 2115 1048 2177 πίστεως·
1095 2113 1255 2175 αὐτὸς
1306 2111 1415 2181 γὰρ
1474 2113 1604 2179 ἡμῖν
1634 2109 1731 2179 τῆς

135 2207 567 2277 ἐπηγγελμένης
594 2206 847 2274 εὐλογίας
879 2208 943 2257 ἐκ
978 2206 1289 2275 σπέρματος
1325 2202 1575 2271 Ἀϐραὰμ
1626 2202 1731 2253 ἀπ-

133 2301 366 2370 εστάλη,
406 2300 486 2362 ὡς
532 2300 675 2368 ὑπὲρ
727 2297 925 2351 ἑαυτοῦ
959 2297 1050 2349 καὶ
1096 2295 1189 2348 τοῦ
1241 2295 1450 2362 γένους,
1488 2294 1588 2363 τὴν
1633 2291 1727 2345 τοῦ

136 2390 390 2460 σώματος
428 2388 623 2443 Θυσίαν
657 2386 1121 2456 συνεπαγόμενος.
1153 2382 1175 2455 ]

746 2496 999 2549 ΚΕΦΑΛ.
1042 2496 1116 2548 Ε⁹.

212 2587 515 2657 Ἀρχιερέα
548 2587 728 2639 τοίνυν
774 2588 905 2656 ἡμῖν
950 2585 1212 2655 συμπαθῆ
1260 2602 1321 2638 τε
1355 2585 1449 2638 καὶ
1489 2584 1729 2655 συγγενῆ

131 2679 221 2731 καὶ
262 2680 513 2748 βέϐαιον,
555 2679 650 2729 καὶ
693 2677 920 2747 προσέτι
967 2676 1125 2744 μόνον
1174 2678 1379 2729 ἐκεῖνον
1413 2674 1550 2729 εἶναι
1600 2677 1727 2745 φὴς,

130 2773 187 2823 ὃν
220 2770 434 2840 ἀρτίως
470 2771 602 2838 ἡμῖν
628 2770 656 2820 6
688 2769 777 2830 σὸς
810 2768 1057 2839 ἐναργῶς
1086 2767 1343 2833 διεδίδαξε
1370 2767 1526 2835 λόγος
1548 2784 1562 2798 ·
1595 2766 1731 2837 ἔφης

131 2860 233 2929 γάρ
256 2876 269 2887 ·
312 2858 553 2927 Σπέρμα
590 2856 840 2927 Ἀϐραάμ
862 2858 890 2909 6
915 2855 1043 2927 χθὲς
1070 2856 1163 2910 καὶ
1194 2857 1435 2925 σήμερον
1461 2855 1604 2908 κατά
1630 2857 1729 2924 τὴν

128 2953 217 3004 τοῦ
272 2951 501 3005 Παύλου
531 2950 750 3019 φωνήν·
784 2950 883 3019 οὐχ
926 2950 955 3001 6
1002 2948 1205 3016 λέγων’
1243 2966 1260 2997 ι
1308 2948 1442 3017 Πρὶν
1482 2947 1731 3017 Ἀϐραὰμ

128 3043 389 3112 γενέσθαι
420 3043 535 3109 ἐγώ
560 3044 606 3094 εί
615 3060 677 3111 μι
697 3059 708 3070 ·
726 3061 743 3090 ›
772 3043 958 3110 ὅμοιος
982 3042 1093 3101 τοῖς
1111 3039 1358 3106 ἀδελφοῖς
1376 3038 1516 3090 κατά
1531 3040 1726 3101 πάντα,

127 3142 152 3190 6
179 3138 364 3206 ψυχῆς
416 3135 772 3203 ἀνθρωπίνης
812 3132 909 3186 καὶ
944 3132 1147 3202 σαρκὸς
1181 3130 1465 3183 ἀναλαϐὼν
1508 3129 1730 3197 ἀδελφό-

1835 562 2070 628 Christo,
2122 564 2399 631 perierunt
2420 559 2558 612 ’7?»
2608 556 2712 612 Sed
2767 554 3059 609 resurrexit
3094 552 3338 606 Christus
3380 564 3410 603 a

1838 656 2085 719 mortuis,
2113 656 2236 722 quia
2269 654 2469 707 factum
2499 646 2581 705 est
2610 651 2772 704 homo
2803 645 2931 700 illud
2960 643 3293 710 unigenitum
3316 640 3410 695 Dei

1838 746 2095 809 Verbum,
2132 756 2205 806 et,
2248 752 2462 811 sumpto
2496 751 2709 795 terreno
2737 750 2966 804 corpore
3002 735 3261 801 nuitoque
3310 730 3412 784 sibi

1834 838 2129 891 secundum
2184 836 2541 906 hypostasim,
2585 832 2757 901 gratia
2816 829 2932 890 Dei,
2968 826 3107 879 sicut
3151 825 3411 892 scriptum

1837 936 1943 989 est,
1977 942 2071 994 pro
2099 927 2348 979 omnibus
2384 924 2616 993 gustavit
2643 928 2869 973 mortem
2898 932 2911 967 :
2939 915 3111 967 factus
3136 922 3218 967 est
3249 912 3412 965 etiam

1839 1018 2091 1087 primitiae
2117 1016 2502 1071 dormientium
2526 1011 2594 1079 "‘,
2624 1028 2745 1066 cum
2787 1006 3175 1062 resurrexisset
3205 1020 3235 1058 a
3272 1018 3414 1056 mor-

1841 1110 1966 1163 tuis.
2004 1108 2184 1163 Firma
2222 1107 2406 1179 igitur,
2451 1122 2556 1159 non
2593 1117 2729 1155 vana
2755 1099 2971 1167 estiam
3024 1098 3157 1150 lides
3202 1104 3411 1158 nostra,

1837 1215 1998 1268 quam
2046 1198 2188 1253 velut
2228 1199 2516 1251 anchoram
2575 1196 2835 1248 habemus
2890 1191 3082 1242 animae
3132 1198 3301 1241 tutam
3352 1201 3416 1237 ac

1836 1293 2068 1352 lirmam,
2102 1300 2158 1342 ut
2222 1298 2304 1344 est
2334 1287 2387 1341 in
2436 1287 2607 1341 sacris
2641 1285 2860 1339 Litteris
2883 1282 2929 1314 ⁸³
2986 1280 3104 1335 Jam
3143 1294 3266 1333 vero
3292 1292 3413 1331 cum

1835 1383 1948 1437 bzec
1974 1382 2191 1444 dixerit,
2222 1390 2275 1435 et
2314 1381 2364 1433 in
2398 1381 2645 1448 dogmata
2686 1376 2930 1430 veritatis
2965 1374 3413 1440 intemperantem

1833 1484 1888 1526 et
1911 1471 2301 1526 exsecrandum
2331 1472 2383 1524 in
2421 1468 2613 1539 primis
2646 1467 2904 1521 vomitum
2949 1462 3217 1525 effuderit,
3257 1462 3412 1529 quasi

1837 1562 1982 1616 nullo
2010 1562 2167 1615 modo
2199 1563 2431 1615 rationes
2466 1560 2608 1613 illius
2640 1573 2761 1611 eum
2796 1570 2959 1608 carne
2996 1552 3413 1622 dispensationis

1835 1654 2111 1717 violasset,
2136 1653 2200 1706 ad
2229 1653 2386 1706 aliam
2412 1650 2699 1712 insaniam,
2737 1648 2843 1702 imo
2877 1662 3004 1701 vero
3031 1654 3277 1715 apertam
3316 1643 3417 1696 itn-

1836 1747 2089 1816 pietatetn
2119 1745 2335 1807 transit,
2362 1754 2413 1797 et
2453 1746 2564 1797 ait:

1903 1922 2169 1995 [Νεετοιι.
2203 1920 2336 1976 Cum
2365 1920 2526 1989 igitur
2558 1916 2707 1972 solus
2747 1915 2831 1969 hic
2880 1911 3036 1967 nobis
3073 1915 3145 1965 sit
3175 1908 3413 1979 pontifex

1834 2016 2167 2080 misericors,
2199 2022 2251 2067 et
2276 2021 2555 2080 cognatus,
2584 2019 2638 2063 et
2663 2008 2874 2070 firmus,
2898 2014 3085 2059 cavete
3112 2020 3179 2058 ne
3206 2003 3271 2056 ab
3297 2003 3415 2071 ejus

1834 2107 1936 2161 fide
1969 2103 2345 2159 dimoveamini
2378 2122 2389 2155 :
2425 2102 2540 2171 ipse
2576 2112 2808 2167 namque
2832 2098 2986 2150 nobis
3019 2097 3298 2164 promissae
3327 2096 3418 2146 he-

1831 2197 2158 2251 nedictionis
2182 2212 2247 2249 ex
2274 2195 2479 2250 semine
2506 2191 2773 2247 Abraham
2804 2198 2887 2242 est
2913 2188 3129 2251 missus,
3159 2196 3411 2251 tanquam

1830 2304 1929 2359 pro
1961 2290 2139 2355 seipso
2171 2297 2224 2341 et
2255 2302 2351 2355 pro
2378 2299 2576 2356 genere
2602 2298 2700 2336 suo
2733 2280 2978 2347 corporis
3003 2278 3084 2332 sui
3139 2275 3414 2330 victimam

1830 2381 1992 2437 simul
2020 2379 2273 2434 aﬂerens.
2301 2375 2321 2449 ]

2493 2488 2646 2544 CAP.
2685 2485 2750 2540 ν.

1903 2587 2045 2655 Ergo
2082 2583 2402 2639 Pontiﬁcem
2446 2579 2877 2639 misericordem,
2916 2584 2970 2628 et
3010 2580 3326 2641 cognatum,
3359 2577 3416 2624 et

1831 2679 2065 2743 ﬁrmum,
2113 2686 2166 2731 et
2218 2686 2477 2745 pranerea
2525 2673 2721 2737 solum,
2771 2671 2918 2724 illum
2962 2681 3082 2721 esse
3130 2665 3210 2719 ais
3252 2677 3415 2733 quem

1831 2785 2001 2840 nuper
2025 2768 2177 2823 nobis
2195 2778 2382 2839 aperte
2405 2778 2489 2819 tua
2517 2763 2754 2819 ostendit
2780 2761 2954 2814 oratio
2978 2775 2993 2821 ;
3019 2756 3200 2810 dixisti
3229 2756 3371 2809 enim
3398 2770 3412 2804 :

1832 2862 2026 2918 Semen
2057 2862 2332 2917 Abraham
2382 2857 2470 2912 ille
2501 2854 2615 2910 heri
2650 2862 2698 2907 et
2744 2851 2901 2905 hodie
2934 2849 3084 2918 juxta
3131 2845 3280 2899 Pauli
3324 2859 3417 2897 vo-

1831 2969 1946 3008 cem
1969 2957 2007 3019 ⁸,
2030 2969 2132 3008 non
2161 2954 2248 3007 ille
2266 2952 2355 3020 qui
2380 2949 2552 3004 dixit:
2580 2966 2598 2998 ι
2619 2948 2921 3012 Antequam
2944 2940 3213 2995 Abraham
3243 2936 3413 2999 fieret,

1831 3063 1929 3115 ego
1972 3062 2090 3100 sum
2119 3049 2173 3108 ’ς
2210 3064 2226 3096 ι
2266 3044 2462 3098 similis
2500 3040 2760 3094 fratribus
2807 3049 2903 3105 per
2947 3031 3170 3087 omnia‘
3212 3030 3299 3083 ille
3325 3027 3415 3093 qui

1832 3141 2027 3193 anima:
2066 3138 2313 3191 humana:
2344 3134 2636 3199 carnisque
2672 3127 3070 3182 fraternitatem
3098 3120 3414 3188 assumpsit;

128 3248 295 3297 τητα·
325 3230 429 3297 οὐχ
460 3230 487 3279 ὁ
528 3227 736 3292 λέγων’
777 3243 794 3274 ι
843 3225 901 3277 '0
932 3223 1192 3294 ἑωρακὼς
1232 3223 1353 3291 ἐμὲ,
1397 3223 1607 3292 ἑώρακε
1636 3222 1728 3273 τὸν

1835 3250 1938 3287 non
1971 3232 2059 3300 qui
2104 3231 2275 3283 dicit:
2320 3245 2337 3277 ι
2369 3225 2469 3292 Qui
2501 3223 2635 3277 vidit
2664 3235 2771 3283 me,
2806 3218 2940 3271 vi'dit
2966 3226 3020 3270 et
3048 3215 3262 3268 Patrem
3290 3211 3311 3242 ⁸
3338 3230 3350 3265 :
3392 3230 3410 3262 ι

128 3325 386 3393 Πατέρα⁶
437 3340 457 3373 ι
494 3319 774 3390 ἀπεστάλη
824 3320 852 3372 6
883 3320 1015 3390 ἡμῖν
1060 3316 1362 3387 όμοούσιος,
1400 3316 1494 3369 καὶ
1542 3314 1727 3383 κέχριυ

129 3432 249 3467 σται
302 3411 612 3483 κηρύσσων
666 3410 1037 3480 αίχμαλώτοις
1085 3408 1307 3475 ἄφεσιν,
1356 3408 1450 3460 καὶ
1503 3406 1727 3473 τυφλοῖς

128 3504 457 3573 ἀνάϐλεψιν.
506 3498 677 3564 Οὗτος
725 3496 818 3553 οὖν
851 3502 959 3570 ἀρα
994 3498 1085 3551 καὶ
1140 3497 1406 3566 συγγενὴς
1434 3497 1500 3549 ἂν
1556 3500 1727 3549 νοοῖτο

128 3600 237 3657 τοῖς
266 3598 366 3649 ἐπὶ
397 3595 505 3663 τῆς
528 3595 651 3663 γῆς,
698 3593 791 3645 καὶ
820 3592 917 3662 οὐχ
945 3592 1019 3654 ὡς
1056 3591 1119 3643 σὺ
1155 3590 1279 3660 φὴς,
1306 3589 1334 3640 6
1358 3588 1530 3655 λέγων
1552 3606 1566 3620 ο
1595 3606 1613 3638 ι
1669 3589 1727 3641 '0

131 3689 400 3759 ἑωρακὼς
448 3688 576 3754 ἐμὲ,
609 3684 822 3755 ἑώρακε
856 3685 947 3736 τὸν
980 3683 1219 3753 Πατέρα.
1242 3702 1259 3733 ι
1290 3683 1352 3735 Ei
1381 3681 1480 3751 μὲν
1509 3681 1617 3751 γὰρ
1649 3681 1729 3742 είς

130 3780 186 3832 ἒν
212 3782 389 3850 ἄμφω
418 3776 703 3843 συλλέγων
730 3776 852 3829 καθ’
874 3776 1066 3828 ἕνωσιν
1086 3773 1284 3843 ἀληθῆ,
1306 3775 1402 3825 ἕνα
1427 3771 1543 3842 μεθ’
1574 3769 1728 3841 ἡμῶν

131 3874 415 3942 ὁμολογεῖς
480 3869 632 3933 Υίὸν,
665 3868 973 3937 πεποίηκας
1007 3867 1183 3936 μάτην
1235 3865 1342 3934 ἰδίᾳ
1390 3881 1449 3916 τε
1485 3864 1578 3915 καὶ
1626 3860 1730 3915 ἀνά

331 3964 606 4031 ἑκάτερον
648 3960 961 4030 ἀποφέρων,
993 3957 1323 4011 ὑποστάσεσι
1350 3972 1408 4008 τε
1437 3954 1533 4007 καὶ
1559 3970 1731 4022 προσ-

132 4056 299 4118 ώποις
350 4054 572 4115 διιστὰς
602 4052 950 4122 ἀλλοτρόπως
970 4067 982 4079 ·
1017 4048 1138 4118 οὐχὶ
1165 4047 1226 4100 τὸ
1258 4045 1366 4117 [ῖσ.
1401 4045 1503 4116 τῷ]
1529 4044 1731 4097 εἰδέναι

134 4147 292 4214 μόνον
318 4146 405 4197 ὅτι
437 4143 646 4213 σαρκὸς
705 4142 802 4210 μὲν
846 4140 1006 4209 φύσις
1037 4141 1198 4210 ἑτέρα
1233 4139 1385 4208 παρά
1429 4138 1527 4205 τὴν
1557 4135 1728 4200 θείαν,

133 4238 336 4307 συνόδῳ
367 4254 437 4304 γε
482 4236 593 4303 μὴν
626 4234 695 4303 τῇ
726 4231 849 4285 καθ’
893 4232 1087 4284 ἕνωσιν
1117 4229 1312 4300 ἀληθῆ,
1356 4228 1463 4282 ίδίσ.
1508 4228 1731 4295 γέγονεν

130 4327 317 4394 αὐτῆς.
356 4327 422 4378 Εἰ
466 4324 525 4377 δὲ
564 4320 882 4391 ἀσύμϐατος
910 4320 1021 4391 [τσ.
1051 4317 1389 4390 άσύμϐατον]
1429 4320 1561 4388 ἡμῖν
1593 4316 1733 4370 κατά

129 4420 220 4489 τὴν
251 4417 425 4481 δόξαν
464 4413 701 4482 ὁρᾶσθαι
750 4413 941 4474 θέλων,
975 4410 1067 4464 καὶ
1105 4409 1537 4481 παραιτούμενος
1592 4425 1728 4461 παν⁶

1828 3324 2027 3377 ntisaus
2057 3330 2139 3375 est
2169 3320 2256 3373 ille
2288 3319 2445 3372 nobis
2478 3310 2979 3371 consubstantialis,
3012 3316 3066 3360 et
3104 3314 3297 3357 unctus
3332 3310 3417 3355 est

1828 3414 2126 3483 pranlicans
2156 3408 2385 3479 captivis
2434 3408 2777 3466 libertatem,
2820 3411 2876 3455 et
2918 3399 3077 3453 caecis
3126 3397 3297 3450 visum
3320 3394 3364 3449 ⁵.
3390 3412 3410 3447 ι

1831 3504 1928 3558 Hic
1952 3518 2080 3571 ergo
2102 3502 2266 3554 etiam
2296 3507 2561 3568 cognatus
2592 3493 2910 3561 intelligitur
2939 3490 3025 3543 his
3055 3488 3145 3556 qui
3181 3488 3233 3538 in
3258 3485 3416 3539 terris

1830 3604 1977 3659 sunt,
2011 3608 2119 3647 non
2155 3601 2213 3645 ut
2254 3601 2306 3644 ιιι
2363 3590 2581 3652 asseris,
2623 3587 2711 3641 ille
2742 3586 2831 3653 qui
2876 3582 3004 3638 dicit
3045 3600 3057 3634 :
3099 3599 3117 3631 ι
3146 3580 3246 3645 Οιιὶ
3284 3579 3415 3632 vidit

1832 3700 1939 3749 me,
1974 3683 2111 3738 vidit
2153 3690 2207 3735 et
2253 3679 2493 3735 Patrem.
2530 3696 2550 3730 ι
2589 3677 2723 3731 Nam
2767 3675 2813 3729 si
2856 3682 3141 3739 utrumque
3171 3671 3223 3724 in
3250 3684 3414 3722 unum

1830 3793 1927 3848 per
1951 3792 2133 3831 veram
2159 3776 2411 3829 unionem
2435 3768 2759 3838 colligendo,
2787 3782 2952 3819 unum
2981 3763 3261 3816 nobiscum
3284 3773 3415 3813 con-

1833 3868 2002 3923 ﬁteris
2033 3867 2198 3919 Deum
2244 3864 2465 3927 Filium,
2513 3859 2685 3914 fecisti
2730 3868 2933 3911 temere
2975 3865 3033 3907 ut
3072 3853 3320 3922 privatim
3351 3867 3415 3905 ac

1832 3961 2060 4016 seorsitn
2104 3958 2425 4011 alterutrum
2471 3952 2813 4020 adjungeres,
2855 3955 2907 4000 et
2948 3944 3333 4015 ltypostasihus
3360 3952 3415 3996 et

1834 4049 2079 4121 personis
2110 4048 2326 4101 diverso
2359 4043 2517 4096 modo
2552 4038 2936 4107 distingueres,
2983 4050 3085 4086 ttou
3129 4042 3188 4084 ut
3216 4030 3416 4084 intelli-

1833 4152 1989 4209 geres
2030 4135 2406 4193 tantunnnodo
2445 4130 2606 4182 alian’t
2647 4126 2862 4194 quidem
2921 4138 3044 4176 esse
3092 4121 3274 4175 carnis
3317 4136 3413 4171 ua—

1834 4208 2010 4281 turam
2040 4240 2068 4278 a
2096 4225 2299 4281 divina,
2336 4221 2429 4274 sed
2458 4232 2551 4286 per
2576 4229 2757 4268 veram
2788 4213 3040 4265 unionem
3068 4225 3186 4264 esse
3218 4208 3412 4261 lactant

1836 4319 1975 4373 illius
2019 4314 2314 4385 propriam.
2351 4310 2445 4364 Sin
2480 4306 2651 4361 videri
2697 4306 2919 4359 studens
2948 4301 3095 4355 nullo
3129 4300 3287 4354 modo
3314 4314 3414 4351 no-

1835 4410 2040 4463 hiscum
2068 4408 2119 4459 in
2156 4402 2422 4459 sententia
2449 4396 2745 4455 convenire
2776 4395 2874 4465 (ι),
2912 4401 2964 4446 et
3001 4393 3202 4461 ubique
3235 4390 3416 4443 unita-

306 4510 416 4581 τὴν
449 4509 671 4570 ἕνωσιν,
704 4506 892 4575 ἕτερον
924 4499 1064 4557 εἶναι
1095 4503 1199 4573 φὴς
1247 4502 1341 4554 καὶ
1368 4500 1555 4571 ἕτερον
1580 4516 1593 4531 ·
1634 4500 1729 4552 καὶ

1838 4509 1942 4553 tem
1979 4496 2269 4565 refugiens,
2299 4493 2524 4545 alterum
2554 4500 2716 4558 atque
2768 4487 2993 4539 alterum
3035 4499 3155 4537 esse
3192 4482 3413 4545 asseris,

2220 4587 2255 4600 λ
2369 4583 2475 4600 ΔΑ
2530 4580 2682 4600 n-._-
2727 4577 2957 4600 -..ηε--..κ
3031 4574 3259 4600 ..Ιιιι-...η
3321 4588 3381 4600 ..η

128 4602 211 4653 τὸν
264 4604 395 4672 μὲν,
428 4604 497 4654 ὲκ
524 4597 663 4650 Θεοῦ
707 4595 1070 4665 γεγεννῆσθαι
1104 4592 1347 4661 Πατρός*
1377 4592 1469 4645 τὸν
1498 4591 1573 4656 δὲ,
1609 4607 1732 4658 συγ-

130 4691 255 4760 γενῆ
280 4708 347 4742 τε
375 4688 657 4756 ὑπάρχειν
677 4688 812 4756 ἡμῖν
834 4686 929 4737 καὶ
948 4682 1233 4753 ὁμοούσιον
1251 4698 1265 4711 ο
1304 4680 1421 4743 πῶς
1442 4680 1506 4751 δὴ
1533 4680 1729 4749 χρῆναι

131 4784 227 4851 φὴς
258 4784 363 4852 τῆς
392 4783 481 4842 εἰς
514 4764 683 4831 αὐτὸν
716 4777 792 4847 μὴ
833 4775 1288 4845 παρατρέπεσθαι
1319 4773 1574 4837 πίστεως,
1608 4770 1729 4824 εἰπέ

135 4892 239 4942 μοι,
278 4874 378 4927 καὶ
407 4871 656 4939 συγγενῆ
689 4867 1075 4936 πιστεύσομεν,
1112 4865 1341 4934 ἀφέντες
1364 4864 1454 4915 τὸν
1479 4862 1725 4930 λέγοντα’

139 4983 153 5013 ι
186 4966 323 5035 Πρὶν
366 4960 633 5032 Ἀϐραάμ
670 4957 945 5026 γενέσθαι,
997 4957 1105 5024 ἐγώ
1145 4958 1279 5025 εἰμι.
1319 4973 1336 5006 ι
1383 4953 1732 5023 Ἐπιγραψώ-

139 5055 269 5122 μεθα
297 5055 441 5108 Θεὸν
474 5052 569 5105 τὸν
600 5048 783 5119 ψυχῆς
827 5047 1175 5117 ἀνθρωπίνης
1209 5046 1303 5099 καὶ
1348 5044 1552 5115 σαρκὸς
1600 5043 1730 5095 ἀνα⁶

134 5144 365 5199 λαϐόντα
417 5141 563 5212 πρὸς
615 5139 763 5209 ἡμᾶς
809 5137 1166 5205 ἀδελφότητα,
1217 5135 1483 5203 παρέντες
1517 5132 1605 5185 τὸν
1652 5132 1732 5183 λέ-

136 5254 316 5303 γοντα·
364 5256 382 5286 ι
445 5234 507 5285 '0
558 5228 824 5300 ἑωρακὼς
874 5228 995 5296 ἐμὲ,
1036 5226 1249 5297 ἑώρακε
1287 5225 1379 5278 τὸν
1426 5223 1665 5294 Πατέρα.
1708 5241 1725 5273 ι

139 5330 326 5380 Καίτοι
368 5324 544 5395 φησιν
580 5320 779 5383 αὐτός’
818 5337 836 5371 ι
878 5318 1033 5372 Οὕτω
1061 5319 1169 5388 γὰρ
1218 5317 1505 5387 ἠγάπησεν
1544 5320 1571 5369 6
1599 5316 1732 5378 θεὸς

136 5422 221 5473 τδν
250 5424 487 5491 κόσμον,
518 5416 665 5469 ὥστε
700 5413 793 5466 τὸν
828 5413 958 5467 Υἱὸν
987 5410 1151 5465 αὐτοῦ
1182 5411 1276 5464 τὸν
1304 5412 1567 5481 μονογενῆ
1610 5408 1734 5461 ἐδω-

1836 4601 1889 4646 et
1917 4604 2078 4643 unum
2112 4602 2175 4642 ex
2220 4587 2326 4640 Deo
2368 4583 2479 4652 90
2529 4580 2686 4633 Patre
2724 4577 2983 4647 genitum,
3030 4574 3260 4627 alterum
3320 4588 3414 4627 co-

1836 4690 2058 4750 gnatum
2086 4693 2207 4733 esse
2234 4675 2392 4729 nobis
2416 4684 2473 4727 et
2499 4667 3048 4727 consubstantialem,
3074 4677 3283 4732 expone
3310 4661 3414 4714 nti-

1836 4774 1912 4835 bi,
1943 4786 2148 4841 quaeso,
2194 4783 2428 4838 quonam
2456 4764 2613 4819 modo
2633 4762 2782 4815 dicas
2803 4775 2906 4812 non
2935 4755 3138 4810 esseab
3173 4753 3288 4821 eius
3312 4752 3416 4806 fide

1834 4866 2231 4926 declinandum,
2279 4871 2332 4915 et
2373 4865 2656 4927 cognatum
2705 4853 3011 4912 credemus,
3058 4848 3147 4900 illo
3190 4846 3415 4899 dimisso

1835 4957 1925 5023 qui
1973 4957 2047 5008 ait
2086 4973 2099 5009 :
2134 4972 2151 5004 ι
2188 4954 2489 5019 Antequam
2526 4947 2799 5001 Abraham
2833 4943 3007 5004 fleret,
3060 4955 3161 5007 ego
3212 4952 3353 4990 sum.
3387 4954 3406 4985 ι

1834 5045 1986 5099 illum
2023 5044 2357 5098 ascribemus
2392 5037 2546 5092 nobis
2597 5036 2763 5089 Deum
2806 5032 2898 5101 qui
2938 5029 3133 5082 anima:
3163 5026 3413 5078 humana:

1835 5136 2125 5203 carnisque
2170 5133 2450 5186 nobiscum
2510 5126 2911 5181 fraternitatem
2967 5118 3226 5183 suscepit,
3274 5114 3413 5178 abji-

1834 5227 2038 5280 cientes
2068 5238 2189 5277 eum
2224 5220 2315 5289 qui
2354 5220 2486 5274 dixit
2519 5236 2532 5272 :
2574 5236 2593 5269 ι
2624 5216 2721 5282 Qui
2759 5214 2888 5266 vidit
2922 5226 3027 5273 me,
3065 5208 3193 5260 vidit
3222 5215 3273 5258 et
3312 5203 3411 5255 Pa-

1836 5326 2008 5382 trem;
2049 5334 2067 5366 ι
2106 5313 2357 5383 quamvis
2404 5312 2519 5379 ipse
2566 5307 2762 5363 dixerit
2804 5322 2816 5357 :
2852 5323 2869 5354 ι
2905 5304 2996 5355 Sic
3046 5302 3184 5353 Deus
3228 5297 3413 5349 dilexit

1842 5406 2123 5471 mundum,
2151 5414 2209 5459 ut
2232 5402 2427 5458 Filium
2456 5415 2610 5456 suum
2649 5397 2982 5465 unigenitum
3018 5393 3188 5453 daret,
3215 5399 3270 5441 ut
3291 5391 3413 5442 'otn-

204 5561 398 5616 "Cor.
423 5575 519 5625 xv,
558 5557 643 5625 I6,
679 5554 765 5611 18.
823 5553 873 5587 ’⁸
900 5551 932 5625 _I
971 5551 1095 5607 Cor.
1131 5566 1209 5625 xl,
1239 5548 1332 5625 29.
1358 5618 1377 5625 _
1407 5550 1453 5581 "
1496 5547 1893 5625 Helir:nVl,_}9.
1974 5545 1989 5576 ⁸
2034 5544 2197 5600 llebr.
2232 5560 2350 5610 xttt,
2387 5540 2440 5596 8.
2518 5542 2537 5571 ²
2576 5536 2733 5593 Joan.
2769 5550 2882 5601 vnt,
2921 5534 3006 5589 58.
3086 5531 3103 5562 ³
3148 5528 3310 5582 llebr.
3344 5541 3409 5592 tt,

143 5632 221 5685 17.
300 5634 321 5662 ⁸
362 5617 525 5688 ιοειι.
560 5617 677 5694 vtv,
707 5625 763 5682 9.
835 5625 858 5655 ⁸
899 5623 1001 5678 lsa.
1029 5636 1138 5685 ιιι,
1180 5621 1231 5685 1,
1262 5620 1326 5685 ‘2;
1358 5618 1487 5674 Luc.
1522 5634 1596 5685 tv,
1634 5617 1838 5676 18.19.

210 5772 281 5839 (ι)
321 5769 441 5826 ιρι.
485 5766 581 5823 Sin
620 5764 809 5819 volens
845 5761 991 5817 nullo
1020 5760 1177 5817 modo
1210 5760 1347 5817 inter
1372 5773 1430 5816 se
1459 5758 1511 5814 in
1544 5756 1713 5829 gloria
1754 5754 2063 5813 convenire.
