4040 6432
649 369 756 427 159

1645 359 1707 413 S.
1750 351 2023 409 CYBILLI
2064 341 2530 403 ALEXANDRINI
2574 337 2893 393 ARCHIEP.

3837 321 3937 375 160

652 484 737 538 nis
763 480 852 550 qui
882 479 1057 535 credit
1092 481 1145 534 in
1185 479 1385 548 ipsum,
1427 491 1531 531 non
1560 482 1768 545 pereat,
1800 472 1893 527 sed
1933 473 2126 524 habeat
2166 466 2245 519 vi-

2354 479 2465 524 κεν,
2498 461 2585 513 ἵνα
2625 462 2733 522 πᾶς
2768 460 2797 511 ὁ
2844 453 3120 508 πιστεύων
3156 453 3237 515 είς
3284 450 3467 513 αὑτὸν,
3514 449 3590 519 μὴ
3638 446 3939 515 ἀπόληται,

655 585 761 625 tatu
791 579 1050 624 aeternam
1078 570 1132 635 ⁶;
1167 588 1185 619 ι
1210 576 1265 623 et
1289 583 1504 622 rursum
1533 586 1547 622 :
1587 585 1605 618 ι
1626 566 1727 632 Qui
1758 563 1931 617 credit
1964 561 2014 614 in
2041 561 2237 628 ipsum,

654 678 758 717 non
788 661 1095 729 judicatur;
1127 660 1216 728 qui
1253 666 1433 713 autem
1466 672 1571 710 non
1603 654 1796 718 credit,
1824 652 1935 720 jam
1967 650 2242 719 judicatus

651 760 765 818 est,
816 752 940 823 quia
990 766 1097 806 non
1148 751 1380 805 credidit
1427 750 1479 803 in
1536 748 1753 802 nomine
1801 742 2063 814 unigeniti
2118 740 2242 795 Filii

654 844 748 899 Dei
780 844 823 897 ⁷.
857 863 876 895 ι
915 842 1052 896 Νυηι
1101 857 1232 911 ergo
1267 841 1500 896 seorsim
1530 854 1593 893 ac
1626 837 1774 892 solus
1808 833 1898 891 ille
1926 850 1993 890 ex
2035 833 2241 888 semine

654 934 929 988 Abraham
972 948 1092 987 esse
1146 932 1469 1001 intelligitur
1503 930 1836 999 unigenitus,
1887 943 2009 981 cum
2056 934 2243 995 aperte

658 1026 937 1093 scripserit
960 1024 1204 1081 Joannes
1250 1042 1265 1079 :
1323 1042 1342 1075 ‹
1378 1022 1697 1092 Unigenitus
1736 1020 1905 1075 Filius
1945 1019 2035 1089 qui
2073 1029 2156 1072 est
2189 1017 2240 1071 in

658 1116 779 1171 sinu
812 1116 1009 1179 Patris,
1038 1117 1128 1170 ille
1155 1114 1434 1169 enarravit
1458 1112 1514 1178 ες
1549 1130 1568 1165 ι
1594 1126 1657 1165 ac
1681 1120 1940 1181 praeterea
1969 1108 2070 1162 alia
2103 1123 2241 1177 quo-

657 1222 764 1279 qtte
791 1222 944 1261 sacra
983 1206 1263 1275 Scriptura
1301 1223 1314 1259 :
1350 1223 1368 1255 ι
1401 1204 1534 1259 Cum
1567 1212 1747 1257 autem
1790 1200 2089 1255 introducit
2122 1200 2243 1254 Pri-

658 1298 993 1367 mogenitum
1027 1298 1080 1351 in
1126 1297 1310 1352 orbem
1339 1305 1498 1350 terrae
1542 1294 1675 1349 dicit
1714 1312 1727 1346 :
1766 1288 1832 1346 Et
1861 1294 2085 1346 adorent
2118 1307 2241 1347 eum

656 1400 849 1440 omnes
880 1385 1053 1455 angeli
1096 1387 1271 1450 Dei’;
1305 1404 1323 1437 ι
1360 1384 1752 1453 primogenitus
1795 1393 1975 1437 autem
2023 1397 2244 1452 prorsus

656 1488 740 1532 est
783 1479 871 1534 ille
910 1480 961 1533 in
1012 1478 1192 1532 multis
1240 1478 1523 1540 fratribus,
1562 1493 1669 1531 nun
1707 1477 1797 1532 ille
1836 1478 1984 1531 solus
2022 1492 2086 1530 ex
2129 1476 2244 1531 solo

659 1568 769 1624 Deo
795 1586 860 1624 ac
887 1570 1044 1625 Patre
1070 1569 1306 1640 genitus.
1341 1567 1635 1638 Sequimur
1665 1569 1810 1623 enim
1847 1569 2062 1622 interim
2100 1577 2243 1633 tuas,

657 1661 742 1713 vir
784 1662 1019 1732 egregie.
1070 1661 1470 1726 distinctiones,
1514 1674 1577 1713 ac
1620 1671 1932 1728 spectamus
1974 1661 2244 1725 consulto,

657 1765 765 1820 quo
797 1753 1008 1806 tandem
1036 1754 1194 1807 verba
1229 1755 1539 1808 deveniattt.
1582 1752 1725 1823 Ergo
1770 1753 1911 1823 (jatn
1947 1755 2090 1808 enim
2121 1769 2245 1807 ora-

2345 554 2460 606 ἀλλ’
2486 553 2586 622 ἔχῃ
2621 550 2765 620 ζωὴν
2795 547 3043 602 αἰώνιον·
3088 564 3106 596 ι
3155 543 3249 596 καὶ
3289 542 3473 605 πάλιν,
3505 559 3523 591 ι
3573 541 3633 592 '0
3662 536 3943 591 πιστεύων

2342 646 2425 706 εἰς
2452 644 2636 701 αὑτὸν,
2670 642 2733 693 οὑ
2786 641 3030 710 κρίνεται
3054 652 3068 665 °
3097 639 3125 689 6
3152 636 3209 688 δὲ
3260 633 3334 704 μὴ
3383 630 3675 691 πιστεύων,
3713 628 3820 699 ἠδη
3851 627 3945 680 κέ-

2345 752 2559 806 κριται·
2592 736 2674 788 ὅτι
2722 732 2797 801 μὴ
2828 729 3195 783 πεπίστευκεν
3224 727 3305 787 είς
3330 724 3391 777 τὸ
3427 724 3597 792 ὄνομα
3640 719 3737 773 τοῦ
3777 735 3942 788 μονο-

2343 825 2533 893 γενοῦς
2552 822 2684 877 Υίοῦ
2706 820 2802 875 τοῦ
2830 818 2988 873 Θεοῦ.
3004 837 3021 870 ι
3046 813 3176 887 'Ap’
3200 812 3292 869 οὖν
3321 814 3585 885 ὑπάρχειν
3608 813 3811 869 νοεῖται
3847 826 3947 876 μο-

2344 914 2570 984 νογενὴς
2601 913 2707 983 ίδίᾳ
2738 929 2798 964 τε
2842 911 2936 963 καὶ
2966 910 3125 978 μόνος
3158 908 3185 960 6
3207 908 3273 959 ὲκ
3308 905 3625 973 σπέρματος
3661 898 3945 969 Ἀϐραὰμ,

2345 1007 2520 1061 καίτοι
2572 1002 2908 1073 γεγραφότος
2944 1000 3193 1053 Ἰωάννου
3231 994 3420 1064 σαφῶς
3446 1013 3458 1027 -
3488 1014 3506 1046 ι
3559 993 3616 1046 '0
3644 989 3948 1063 μονογενὴς

2346 1099 2495 1163 Υἱδς,
2527 1098 2556 1149 6
2584 1096 2659 1149 ὢν
2698 1097 2778 1158 είς
2810 1092 2902 1146 τὸν
2943 1091 3144 1145 κόλπον
3184 1087 3279 1142 τοῦ
3314 1084 3545 1155 Πατρὸς,
3598 1084 3809 1144 ἐκεῖνος
3860 1079 3949 1141 ὲξο

2345 1190 2621 1261 ηγήσατο-
2662 1206 2680 1238 ι
2733 1185 2828 1238 καὶ
2864 1183 2971 1254 μὴν
3004 1182 3098 1235 καὶ
3131 1180 3323 1250 ἑτέρου
3365 1177 3700 1249 Γράμματος
3747 1172 3903 1243 ίεροῦ
3932 1188 3943 1199 -

2352 1298 2372 1332 ι
2410 1281 2579 1333 Ὅταν
2616 1278 2673 1330 δὲ
2706 1277 2977 1344 εἰσαγάγῃ
3017 1274 3108 1325 τὸν
3135 1270 3490 1343 Πρωτότοκον
3517 1271 3599 1331 είς
3632 1265 3730 1337 τὴν
3761 1266 3951 1317 οἰκου-

2353 1372 2548 1443 μένην,
2602 1370 2781 1437 λέγει’
2819 1368 2929 1421 Καὶ
2954 1361 3499 1435 προσκυνησάτωσαν
3543 1357 3693 1427 αὑτῷ
3739 1354 3953 1414 πάντες

2347 1462 2568 1530 ἄγγελοι
2596 1458 2752 1513 Θεοῦ.
2785 1477 2802 1509 ι
2831 1455 3181 1527 Πρωτότοκος
3204 1452 3261 1505 δὲ
3289 1452 3468 1519 πάντη
3491 1465 3549 1502 τε
3577 1447 3673 1501 καὶ
3727 1448 3949 1505 πάντως

2350 1557 2435 1625 εῐη
2465 1555 2533 1608 ἂν
2566 1556 2594 1608 6
2618 1554 2677 1606 ιν
2713 1550 2925 1613 πολλοῖς
2969 1548 3241 1614 ἀδελφοῖς,
3267 1546 3367 1615 οὑχ
3411 1546 3439 1597 6
3476 1543 3634 1613 μόνος
3663 1541 3728 1593 ὲκ
3784 1538 3951 1608 μόνου

2350 1646 2747 1716 γεγεννημένος
2780 1642 2875 1695 τοῦ
2903 1637 3041 1693 Θεοῦ
3089 1638 3182 1691 καὶ
3231 1634 3465 1706 Πατρός.
3509 1630 3793 1702 Ἐψόμεθα
3841 1630 3954 1699 γάρ

2348 1740 2489 1801 τέως
2520 1740 2641 1799 ταῖς
2677 1737 2816 1798 σαῖς,
2849 1728 2894 1787 ὦ
2924 1724 3102 1793 οὗτος,
3134 1727 3477 1791 διαστολαῖς,
3510 1722 3955 1797 καραδοκοῦντες

660 1841 859 1896 tionem
902 1843 966 1895 ad
1014 1844 1163 1896 initia
1204 1844 1509 1912 revocabo)
1550 1844 1639 1911 qui
1686 1844 1935 1897 humanae
1962 1845 2153 1898 animae
2194 1855 2245 1898 et

2354 1828 2713 1899 οἰκονομικῶς
2750 1828 2874 1879 ὅποι
2924 1826 3054 1877 ποτὲ
3088 1825 3220 1893 ἡμῖν
3260 1819 3635 1873 διεκπαίουσιν
3681 1817 3731 1869 oi
3774 1814 3951 1881 λόγοι.

656 1933 839 1988 carnis
864 1934 1265 1988 fraternitatem
1300 1936 1585 1989 nobiscum
1612 1934 1871 2003 suscepit,
1896 1944 1950 1988 et
1979 1942 2139 1989 natus
2162 1947 2248 1989 est

656 2039 724 2077 ex
764 2025 971 2078 semine
1009 2027 1306 2089 Abraham,
1359 2027 1405 2078 is
1454 2026 1845 2094 primogenittts
1885 2026 1993 2081 erit
2038 2029 2241 2095 utique,

659 2125 717 2170 ttt
746 2115 799 2169 in
832 2116 1016 2171 multis
1038 2116 1301 2173 fratribus
1338 2134 1351 2171 :
1381 2117 1471 2171 ille
1502 2132 1629 2172 vero
1660 2119 1710 2171 itt
1758 2118 1878 2172 sinu
1924 2119 2015 2171 Dei
2046 2128 2102 2171 et
2140 2116 2245 2171 Pa-

658 2206 780 2269 tris,
817 2208 1128 2275 unigenitus
1180 2205 1323 2263 Deus
1378 2207 1634 2263 Verbum.
1695 2209 1857 2280 Atqui
1914 2226 2035 2265 cum
2089 2224 2244 2265 sacra

659 2296 937 2367 Scriptura
970 2298 1112 2353 dicat
1158 2299 1209 2354 in
1238 2298 1435 2353 Filium
1477 2299 1568 2353 Dei
1601 2298 1937 2368 unigenitum
1972 2316 2094 2357 esse
2122 2316 2244 2357 cre-

655 2386 916 2451 dendum,
952 2401 1058 2454 qua
1092 2386 1159 2441 de
1192 2400 1354 2441 causa
1399 2387 1557 2444 nobis
1590 2399 1880 2457 cognatum
1913 2399 2077 2460 atque
2111 2407 2245 2447 con-

656 2473 1071 2529 substantialem
1111 2491 1233 2530 cum
1277 2481 1650 2548 proposueris,
1684 2482 1820 2536 dicis
1852 2497 1956 2537 non
1993 2493 2248 2551 oportere

655 2565 724 2620 ab
746 2564 864 2634 ejus
895 2566 1156 2621 dimoveri
1191 2567 1296 2622 fide
1319 2569 1342 2621 τ
1379 2568 1521 2639 Ergo
1544 2584 1769 2626 necesse
1792 2583 1877 2627 est
1919 2574 2247 2644 conjungere

658 2655 711 2707 in
738 2669 902 2708 unum
937 2656 1223 2712 Dominum
1249 2667 1303 2711 et
1333 2657 1633 2725 Christum,
1663 2663 2051 2732 conjunctione
2081 2666 2245 2719 nimi-

657 2759 776 2798 rum
803 2747 1101 2800 secuttdum
1133 2748 1469 2819 ltypostasin,
1508 2760 1566 2805 ut
1594 2752 1647 2805 in
1680 2756 1870 2809 eodem
1915 2756 2248 2825 intelligatur

658 2835 988 2906 nnigenitus,
1027 2847 1084 2892 et
1112 2840 1508 2907 primogettitus
1566 2842 1749 2911 idem;
1794 2860 1857 2900 eo
1892 2848 2033 2915 quod
2072 2849 2244 2915 ipsum

656 2942 722 2981 ex
766 2929 874 2984 Deo
920 2930 1081 3009 Patre
1113 2930 1348 2987 Verbum
1380 2948 1501 2989 etttn
1552 2947 1698 2993 esset
1737 2953 1803 2991 ex
1854 2950 2047 2993 natura
2082 2940 2243 3005 Deus,

659 3026 861 3080 factum
893 3038 974 3081 est
1009 3029 1171 3083 homo
1204 3031 1376 3085 nostri
1403 3031 1622 3097 similis,
1654 3042 1710 3088 et
1742 3049 1805 3088 ex
1840 3034 2050 3089 semine
2073 3036 2243 3089 Abra-

658 3119 806 3173 ham.
858 3117 1073 3173 Etenim
1121 3132 1338 3175 acutum
1372 3124 1473 3177 sibi
1506 3128 1761 3193 quiddam
1795 3127 2067 3181 invenisse
2094 3130 2243 3182 vide-
2273 3152 2315 3209 α

661 3220 763 3272 tur.
797 3211 977 3281 itaque
1002 3214 1081 3268 sic
1115 3229 1301 3269 rursus
1329 3216 1406 3268 ait
1437 3233 1450 3270 :

730 3479 994 3553 [Nssrom
1035 3480 1360 3538 Meministis
1404 3490 1584 3537 autem
1630 3499 1855 3553 prorsus
1899 3499 2086 3539 eorum
2126 3502 2247 3554 qua:

659 3588 803 3641 saepe
828 3574 940 3626 disi
964 3572 1137 3637 vobis,
1168 3587 1289 3626 cum
1320 3578 1455 3627 duas
1480 3573 1533 3627 itt
1561 3573 1781 3629 Christo
1804 3585 2027 3629 naturas
2054 3578 2247 3631 distin-

657 3678 879 3735 guerent
911 3683 925 3720 :
958 3667 1076 3719 dure
1098 3674 1230 3719 sunt
1256 3665 1424 3729 enim,
1455 3667 1500 3720 si
1527 3676 1776 3720 naturam
1809 3676 2051 3735 spectes;
2086 3668 2131 3721 si
2167 3670 2248 3722 di-

658 3759 941 3821 gnitatem,
970 3754 1197 3823 simplex
1225 3770 1240 3806 :
1277 3765 1595 3809 naturarum
1628 3757 1773 3810 enim
1804 3758 2106 3812 auctoritas
2140 3775 2244 3812 una

658 3859 743 3904 est
789 3858 1010 3919 propter
1051 3847 1535 3917 conjttnctiouem,
1588 3848 1695 3919 91
1756 3850 1970 3905 naturis
2026 3852 2244 3919 quidem

659 3957 875 4012 semper
910 3941 963 3996 in
992 3953 1091 3996 suo
1116 3941 1308 3995 ordine
1350 3944 1815 4011 permanentibus,
1856 3943 1951 3997 sed
1984 3943 2249 4013 dignitate

660 4034 970 4106 conjuncta,
1003 4040 1062 4087 ut
1088 4031 1201 4098 jam
1244 4032 1379 4096 dixi,
1410 4032 1463 4085 itt
1500 4033 1877 4087 auctoritatem
1906 4034 2142 4090 unicam.
2172 4034 2190 4105 j

1316 4168 1467 4225 CAP.
1508 4168 1596 4224 VI.

734 4302 841 4359 Sed
866 4302 1023 4358 facile
1041 4318 1266 4373 prorsus
1290 4302 1669 4365 intellexisses,
1704 4303 1748 4358 si
1776 4304 1988 4358 divinas
2014 4298 2249 4359 Litteras

661 4397 814 4465 sequi
839 4396 1126 4450 statuisses
1145 4436 1159 4461 ,
1186 4409 1307 4465 quae
1338 4410 1502 4449 ttnutn
1527 4395 1716 4449 dicunt
1742 4394 2030 4449 Dominum
2061 4394 2246 4450 Jesunt

2350 1921 2559 1977 Οὐκοῦν
2593 1917 2938 1988 (ἀνακομίσω
2971 1915 3079 1985 γὰρ
3107 1914 3202 1967 τὸν
3230 1913 3388 1979 λόγον
3420 1912 3500 1972 είς
3522 1909 3583 1961 τὸ
3613 1908 3710 1961 ἀπ’
3740 1906 3951 1977 ἀρχῆς)

2347 2020 2377 2070 6
2403 2014 2586 2084 ψυχῆς
2620 2010 2971 2082 ἀνθρωπίνης
3016 2008 3111 2060 καὶ
3149 2004 3352 2075 σαρκὸς
3387 2002 3526 2073 πρὸς
3555 1999 3704 2071 ἡμᾶς
3744 1999 3955 2052 ἀναλαο

2349 2106 2462 2158 6ὼν
2482 2103 2843 2172 ἀδελφότητα,
2871 2097 3114 2169 γεγονὼς
3140 2096 3198 2150 δὲ
3223 2098 3287 2149 ὲκ
3315 2093 3631 2162 σπέρματος
3670 2089 3952 2159 Ἀϐραὰμ,

2348 2196 2693 2268 πρωτότοκος
2720 2193 2805 2261 εἴη
2832 2192 2898 2245 ἂν
2930 2190 3007 2251 ὡς
3027 2190 3085 2241 ιν
3118 2185 3336 2249 πολλοῖς
3367 2185 3621 2252 ἀδελφοῖς
3646 2198 3660 2212 ’
3686 2182 3714 2234 ὃ
3736 2198 3806 2250 γε
3846 2180 3954 2250 μὴν

2348 2288 2407 2341 έν
2438 2286 2623 2355 κόλπῳ
2648 2283 2744 2337 τοῦ
2774 2279 2911 2336 Θεοῦ
2939 2281 3034 2334 καὶ
3066 2278 3304 2349 Πατρδς,
3342 2275 3639 2347 μονογενὴς
3670 2271 3811 2326 Θεοῦ
3845 2272 3952 2325 A6-

2350 2397 2462 2448 γος.
2487 2373 2621 2430 Εἶτα
2653 2377 2751 2445 τῆς
2782 2370 3144 2426 θεοπνεύστου
3178 2368 3429 2439 Γραφῆς,
3459 2367 3541 2429 είς
3576 2364 3669 2417 τὸν
3700 2364 3835 2416 Υίδν
3856 2362 3951 2415 τοῦ

2348 2469 2484 2522 Θεοῦ
2510 2470 2601 2520 τὸν
2651 2461 2919 2537 μονογενῆ
2968 2460 3169 2532 χρῆναι
3207 2458 3474 2529 λεγούσης
3531 2454 3810 2510 ποιεῖσθαι
3850 2454 3953 2520 τὴν

2350 2564 2557 2625 πίστιν,
2592 2562 2681 2613 τὸν
2714 2556 2954 2626 συγγενῆ
2996 2573 3055 2609 τε
3084 2554 3181 2609 καὶ
3209 2556 3344 2624 ἡμῖν
3371 2549 3680 2622 ὀμοούσιον,
3716 2546 3952 2601 ἀνθότου

2350 2636 2690 2723 παρατιθεὶς,
2727 2652 2800 2721 μὴ
2828 2648 2894 2719 δὴ
2939 2648 3137 2718 χρῆναι
3175 2646 3284 2716 φὴς
3316 2643 3416 2714 τῆς
3453 2645 3536 2706 είς
3570 2642 3735 2695 αὑτὸν
3768 2656 3955 2707 παραο

2347 2745 2649 2817 τρέπεσθαι
2688 2744 2959 2806 πίστεως;
2994 2739 3205 2793 Οὑκοῦν
3235 2737 3453 2805 ἀνάγκη
3487 2735 3700 2788 συνδεῖν
3733 2733 3814 2794 είς
3856 2730 3954 2783 ἕνα

2350 2837 2557 2909 Κύριον
2588 2836 2684 2890 καὶ
2732 2834 3000 2907 Χριστόνο
3043 2834 3164 2887 κατ’
3196 2831 3411 2902 ἐνδησιν
3470 2830 3527 2882 δὲ
3571 2827 3819 2898 δηλονότι
3854 2825 3954 2895 τὴν

2349 2931 2473 2984 καθ’
2504 2932 2824 2989 ὑπόστασιν,
2862 2927 2951 2980 ἵνα
2978 2928 3035 2979 ὲν
3080 2922 3264 2992 ταυτῷ
3306 2923 3479 2975 νοοῖτο
3521 2918 3823 2989 μονογενὴς
3859 2919 3955 2969 καὶ

2348 3022 2694 3093 πρωτότοκος
2722 3021 2750 3072 6
2778 3018 2963 3083 αὑτὸς,
3005 3015 3142 3069 καθὸ
3168 3013 3328 3083 φύσει
3358 3012 3492 3074 Θεὸς
3533 3010 3800 3080 ὑπάρχων
3821 3013 3852 3062 6
3891 3012 3954 3061 ἐκ

2348 3114 2486 3167 Θεοῦ
2521 3111 2735 3181 ῐιατρὸς
2774 3110 2969 3177 Λόγος,
3020 3107 3246 3176 γέγονεν
3288 3104 3575 3174 ἄνθρωπος
3600 3101 3724 3155 καθ’
3774 3103 3951 3171 ἡμᾶς,

2351 3208 2444 3260 καὶ
2476 3209 2541 3260 ὲκ
2590 3205 2905 3273 σπέρματος
2956 3202 3234 3271 Ἀϐραάμ.
3290 3198 3452 3251 Ἀλλά
3497 3196 3606 3265 γὰρ
3647 3192 3956 3265 ἐξηύρηται

2351 3298 2592 3367 τιησοφὸν
2622 3295 2795 3365 αὐτῷ,
2833 3280 3086 3363 καθάπερ
3128 3288 3221 3345 οὖν
3267 3290 3442 3344 οῐεται
3488 3287 3581 3341 καί
3614 3303 3777 3356 φησιν
3807 3286 3955 3338 οὑτω

2350 3388 2513 3441 πάλιν
2545 3402 2559 3416 ⁸

2420 3478 2753 3552 [Μέμνησθε
2785 3478 2842 3532 δέ
2892 3493 2997 3528 που
3031 3476 3249 3536 πάντως
3280 3472 3377 3526 καὶ
3428 3473 3495 3526 τὰ
3540 3468 3808 3530 πολλάκις
3854 3484 3949 3538 μοι

2349 3573 2489 3643 πρὸς
2518 3573 2663 3641 ὑμᾶς
2690 3569 2979 3639 εἰρημένα,
3011 3567 3110 3629 τὰς
3143 3566 3341 3626 διπλᾶς
3368 3563 3508 3635 πρὸς
3543 3562 3634 3615 τὸν
3662 3560 3952 3628 Δεσπότην

2349 3662 2589 3732 Χριστὸν
2621 3661 2954 3731 διακρίνοντι
2986 3657 3178 3724 φύσεις
3202 3671 3214 3683 '
3248 3654 3436 3707 διπλαῖ
3467 3652 3567 3723 μὲν
3596 3652 3703 3723 γὰρ
3746 3653 3816 3721 τῇ
3853 3649 3953 3719 φύ-

2352 3765 2455 3811 σει,
2482 3751 2548 3819 τῇ
2581 3747 2639 3800 δὲ
2672 3746 2800 3816 ἀξία
2849 3744 3137 3816 μοναδικαί
3160 3758 3173 3772 ·
3208 3744 3242 3813 ἡ
3282 3742 3391 3812 γὰρ
3439 3741 3547 3795 τῶν
3580 3742 3798 3811 φύσεων
3849 3741 3951 3794 αὑ-

2352 3838 2557 3901 θεντία,
2586 3838 2677 3890 διὰ
2706 3839 2808 3909 τὴν
2840 3837 3160 3903 συνάφειαν,
3192 3835 3292 3904 μία
3312 3852 3324 3865 ·
3362 3834 3469 3886 τῶν
3502 3832 3601 3904 μὲν
3640 3832 3863 3900 φύσεων
3894 3835 3952 3886 ὲν

2351 3934 2418 4003 τῇ
2458 3931 2638 4001 οἰκεία
2661 3930 2813 3995 τάξει
2845 3928 2933 3981 διὰ
2974 3926 3176 3989 παντὸς
3219 3924 3531 3995 μενουσῶν
3555 3923 3655 3993 τῆς
3696 3923 3754 3975 δὲ
3788 3923 3953 3989 ἀξίας

2354 4023 2728 4094 συνημμένης,
2751 4022 2826 4084 ὡς
2857 4021 3140 4090 προεῖπον,
3175 4018 3256 4079 είς
3282 4016 3570 4071 αὑθεντὶαν
3603 4013 3950 4085 μοναδικήν.]

2955 4157 3205 4208 ΚΕΦΑΛ.
3251 4157 3341 4222 ς’.

2430 4280 2569 4348 Ἀλλ’
2600 4272 2743 4365 ἦσθά
2778 4311 2880 4346 που
2936 4293 3156 4356 πάντως
3197 4291 3467 4362 εὐμαθὴς,
3496 4295 3563 4360 τῇ
3604 4291 3952 4363 θεοπνεύστῳ

2355 4387 2547 4457 Γραφῇ
2607 4381 3029 4435 κατακολουθεῖν
3076 4382 3373 4452 ᾑρημένος,
3415 4381 3512 4434 ἕνα
3558 4378 3794 4452 λεγούσῃ
3838 4382 3952 4435 Κύ-

660 4490 969 4552 Christum,
997 4502 1102 4543 non
1146 4486 1490 4555 sejungentes
1542 4486 1686 4540 illum
1720 4502 1785 4541 ex
1831 4491 2039 4541 semine
2075 4488 2245 4541 Abra-

2358 4496 2472 4548 ριον
2519 4474 2728 4546 Ἰησοῦν
2768 4473 3023 4543 Χριστὸν,
3064 4475 3159 4525 καὶ
3208 4474 3309 4525 οὑκ
3361 4473 3465 4526 ἀνά
3522 4472 3688 4543 μέρος
3733 4472 3951 4544 τιθείσῃ

662 4582 810 4643 ham,
828 4586 883 4633 et
900 4577 1027 4639 illud
1043 4594 1106 4632 ex
1128 4580 1234 4632 [)eo
1250 4577 1410 4631 Patre
1438 4576 1687 4631 Verbum.
1711 4580 1788 4629 Ad
1813 4578 1924 4631 haec
1940 4578 2066 4631 iilttd
2086 4578 2248 4633 etiam

660 4671 1007 4725 considerare
1027 4670 1301 4738 oportuit:
1334 4669 1433 4722 alia
1456 4680 1538 4722 est
1564 4670 1707 4723 enim
1739 4684 1821 4723 res
1839 4670 2113 4733 divinitas,
2142 4669 2245 4723 alia

660 4753 861 4817 nostra:
886 4762 1080 4816 similis
1106 4761 1446 4823 humanitas,
1474 4764 1615 4830 quod
1642 4763 1708 4815 ad
1742 4762 2007 4817 rationem
2049 4762 2249 4816 attinet

662 4869 781 4921 quae
800 4854 1009 4908 naturis
1036 4855 1173 4907 inest
1196 4871 1209 4907 :
1233 4867 1525 4922 congressu
1546 4863 1725 4906 autem
1747 4853 2041 4907 secundum
2060 4868 2245 4907 veram

665 4948 938 5009 unionem,
956 4962 1093 4999 unus
1119 4955 1198 5000 est
1227 4960 1291 4999 ea
1311 4946 1555 5015 utrisque
1569 4943 1843 5007 Christus,
1868 4957 1923 4997 ut
1945 4959 2087 5013 saepe
2105 4945 2248 4997 dixi-

667 5052 821 5093 mus:
848 5038 1230 5109 hypostasibtts
1258 5052 1402 5101 veru,
1436 5049 1493 5091 ttt
1522 5047 1574 5089 tu
1610 5037 1709 5095 ais.
1744 5037 1793 5088 itt
1822 5036 1928 5091 duo
1962 5036 2168 5097 divisis.
2197 5044 2252 5089 et

654 5130 896 5183 'seorsim
929 5144 993 5184 ac
1023 5130 1270 5198 privatim
1319 5129 1585 5183 exsistere
1624 5128 1907 5181 intellectis
1930 5168 1943 5190 ,
1973 5127 2248 5195 quomodo

2358 4571 2452 4624 τὸν
2484 4572 2547 4621 ἐκ
2573 4569 2887 4638 σπέρματος
2935 4563 3209 4636 Ἀϐραὰμ,
3236 4564 3329 4617 καὶ⁵
3359 4565 3451 4617 τὸν
3483 4566 3546 4619 ὲκ
3576 4563 3711 4617 Θεοῦ
3735 4565 3950 4637 Πατρὸς

2358 4660 2554 4727 Λόγον.
2591 4659 2701 4710 Καὶ
2740 4657 2875 4727 πρός
2915 4672 2980 4721 γε
3014 4655 3079 4724 δὴ
3126 4654 3319 4724 τούτῳ,
3356 4656 3579 4707 κάκεῖνο
3616 4653 3949 4707 διανοεῖσθαι

2356 4756 2493 4825 χρὴ·
2522 4751 2711 4819 ἓτερον
2750 4748 2848 4814 μὲν
2885 4746 2994 4817 γάρ
3028 4763 3080 4800 τι
3105 4746 3297 4817 χρῆμα
3344 4744 3558 4813 θεότης,
3607 4745 3791 4814 ἕτερον
3823 4744 3886 4797 δὲ
3915 4748 3945 4817 ἡ

2358 4842 2479 4896 καθ’
2509 4842 2657 4911 ἡμᾶς
2688 4838 3065 4909 ἀνθρωπότης,
3090 4838 3233 4890 κατά
3268 4854 3331 4903 γε
3355 4838 3447 4888 τὸν
3475 4836 3662 4889 ἐνόντα
3687 4838 3809 4899 ταῖς
3842 4838 3947 4906 φύ-

2360 4951 2476 4987 σεσι
2507 4934 2663 5000 λόγον
2684 4949 2695 4959 ·
2748 4930 3019 4999 συμὸάσει
3052 4928 3109 4981 δὲ
3136 4932 3201 4997 τῇ
3244 4926 3367 4981 καθ’
3406 4928 3601 4981 ἕνωσιν
3636 4928 3835 4998 ἀληθῆ,
3868 4926 3947 4994 εἷς

2358 5023 2419 5087 ἐξ
2462 5024 2666 5093 ἀμφοῖν
2706 5023 2733 5072 ὁ
2769 5020 3021 5090 Χριστὸς,
3052 5019 3194 5071 καθά
3241 5019 3559 5081 πλειστάκις
3607 5020 3946 5090 είρήκιιμεν·

2357 5116 2466 5169 τῶν
2491 5131 2553 5181 γε
2592 5113 2697 5183 μὴν
2718 5112 3091 5173 ὑποστάσεων,
3121 5111 3195 5173 ὡς
3228 5113 3291 5163 σὺ
3316 5110 3444 5181 φὴς,
3478 5111 3828 5183 διῃρημένων
3867 5116 3947 5176 εἰς

667 5236 990 5290 cungressus
1012 5223 1063 5276 iu
1082 5236 1245 5275 ttnatn
1268 5236 1554 5289 personam
1585 5219 1695 5285 fiet,
1724 5219 1823 5271 nisi
1849 5234 2013 5273 unum
2035 5218 2245 5273 alteriut

2354 5209 2469 5268 δύο,
2512 5208 2607 5260 καὶ
2645 5203 2955 5273 νοουμένων
2984 5203 3253 5272 ὑπάρχειν
3285 5203 3392 5256 ἀνὰ
3430 5202 3596 5273 μέρος
3637 5220 3695 5256 τε
3722 5205 3815 5256 καὶ
3853 5198 3947 5257 ίδι-

667 5328 795 5369 esse
841 5314 1235 5385 qttadantmodo
1287 5314 1561 5382 proprium
1603 5312 1812 5367 dicatur
1839 5351 1854 5375 ,
1888 5322 1947 5365 ut
1998 5311 2251 5365 nimirum

674 5404 925 5459 humana:
968 5405 1160 5457 anima:
1188 5404 1461 5471 proprium
1514 5404 1829 5472 intelligitur
1872 5404 1991 5470 ejus
2036 5417 2256 5471 corpus,

2360 5300 2492 5362 κῶς,
2528 5299 2643 5361 πῶς
2680 5298 2745 5349 ἂν
2778 5296 2989 5363 γένοιτο
3028 5294 3301 5364 σύμὸασις
3344 5295 3422 5357 είς
3456 5296 3747 5365 πρόσωπον
3777 5295 3859 5361 ἓν,
3898 5298 3946 5350 εί

2365 5392 2441 5463 μὴ
2465 5392 2574 5462 ἄρα
2600 5407 2715 5453 πως
2749 5390 2879 5442 ῐδιον
2919 5389 2979 5439 ἓν
3019 5387 3135 5449 ἑνὸς
3165 5386 3408 5453 λέγοιτο·
3454 5386 3707 5456 καθάπερ
3751 5388 3945 5456 ἀμέλει

674 5493 924 5564 quamvis
976 5495 1203 5548 diversa:
1252 5494 1322 5547 sit
1354 5494 1421 5548 ab
1470 5507 1531 5547 ea
1572 5502 1777 5547 natura:
1816 5509 1830 5546 :
1872 5508 2045 5561 neque
2113 5492 2245 5546 enitr

2361 5487 2460 5553 τῆς
2491 5482 2778 5553 ἀνθρώπου
2809 5479 2988 5549 ψυχῆς
3021 5478 3150 5531 ἴδιον
3181 5478 3247 5530 ἂν
3276 5479 3446 5529 νοοῖτο
3474 5477 3535 5529 τὸ
3562 5478 3718 5547 σῶμα
3752 5479 3941 5547 αὑτῆς,

679 5588 817 5641 idem
839 5598 920 5639 est
948 5591 1123 5640 anima
1149 5594 1200 5639 et
1222 5600 1438 5652 corpus.
1477 5584 1582 5639 Sed
1605 5586 1744 5639 dicet
1771 5583 2000 5638 fortasse
2030 5583 2220 5653 aliquis
2246 5600 2258 5637 :

2368 5578 2546 5629 καίτοι
2580 5572 2715 5644 πρὸς
2752 5570 2918 5641 αὑτὴν
2946 5568 3187 5639 ὑπάρχον
3219 5567 3505 5638 ἐτεροφυές
3532 5584 3543 5597 ·
3582 5566 3641 5620 οὐ
3686 5567 3793 5638 γάρ
3841 5586 3941 5622 που

756 5770 775 5799 ⁸
814 5768 968 5823 Juatt.
1017 5783 1097 5832 ttt,
1137 5765 1217 5820 l6.
1295 5766 1315 5797 ⁷
1357 5765 1485 5821 ibid.
1526 5765 1605 5819 l8.
1688 5765 1705 5796 ε
1747 5762 1901 5818 Junii.
1935 5779 1971 5828 ι,
2014 5762 2097 5817 l8.
2180 5764 2198 5793 θ
2245 5760 2407 5816 ilebr.
2446 5776 2479 5823 ι,
2515 5759 2568 5811 6.
