4040 6504
126 400 200 452 lSI

1231 384 1603 442 ADVERSUS
1646 383 2055 442 NESTORIUM
2097 385 2229 441 LIB.
2271 384 2361 440 lli.

3313 386 3420 441 16?.

121 517 292 571 ταυτὸν
343 516 417 570 ἂν
455 515 546 585 εἴη
578 512 729 582 ψυχή
777 528 837 563 τε
872 510 967 564 καὶ
1010 510 1191 580 σῶμα.
1240 509 1383 562 Ἀλλ’
1433 510 1564 570 ἴσως
1609 510 1726 580 ἐρεῖ

1841 509 2111 576 Quomodo
2148 507 2237 562 illa
2272 518 2461 562 sancta
2492 516 2546 562 et
2596 508 2871 562 adoranda
2919 506 3159 563 Trinitas
3196 506 3251 561 iu
3305 516 3419 562 tres

120 629 203 673 τις,
234 606 361 669 Πῶς
385 606 423 675 ἡ
455 605 592 671 ἁγία
618 604 710 656 καὶ
734 601 1193 672 προσκυνουμένη
1223 598 1395 671 Τριάς
1415 600 1713 670 διορίζεται

123 704 205 771 μὲν
234 702 311 761 εἰς
332 699 493 767 τρεῖς
532 694 894 755 ὑποστάσεις,
930 691 1061 761 μίαν
1086 690 1143 742 δὲ
1171 690 1428 760 θεότητος
1460 688 1718 742 ἀποτελεῖ

120 797 299 861 φύσινς
336 790 493 852 Ὅτι,
551 787 721 856 φαίην
774 787 865 850 ἂν,
897 786 964 854 τῇ
1013 782 1121 835 τῶν
1151 782 1371 851 φύσεων
1401 781 1512 854 [ἴον.
1547 799 1717 853 προσι-

116 882 285 942 ώπων,
320 879 388 945 ἢ,
410 872 801 946 ὺποστάσεων]
817 874 1072 943 διαφορᾷ,
1099 873 1162 925 τὸ
1202 872 1401 927 ταυτὸν
1433 873 1513 936 εἰς
1529 873 1717 925 οὐσίαν

115 969 428 1038 ἀναγκαίως
462 967 761 1037 ἑπόμενον,
796 968 876 1028 εἰς
910 965 1042 1034 μίαν
1087 965 1354 1034 Θεότητος
1394 963 1718 1034 ἀνακομίζει

116 1065 262 1128 εύσιν
290 1059 405 1112 τῶν
433 1058 813 1110 πιστευόντων
872 1057 963 1109 τὸν
992 1054 1119 1109 νοῦν
1144 1071 1157 1084 ·
1185 1056 1279 1108 ἐπὶ
1298 1056 1356 1108 δέ
1390 1072 1454 1122 γε
1506 1056 1719 1125 Ἐμμα-

113 1154 281 1224 νουὴλ,
304 1152 509 1221 ἐπειδὴ
530 1149 726 1218 θεότης
753 1149 841 1201 ἒτε
852 1146 943 1218 ρόν
963 1165 1016 1201 τι
1034 1148 1186 1219 παρὰ
1206 1148 1306 1219 τὴν
1319 1145 1721 1217 ἀνθρωπότητά

114 1252 271 1307 ἐστιν,
316 1246 369 1296 ει
399 1245 480 1314 μή
514 1259 720 1312 φαμεν,
761 1240 893 1293 ἴδιον
918 1239 1174 1308 γενέσθαι
1210 1239 1269 1292 τὸ
1298 1239 1455 1310 σῶμα
1483 1237 1578 1291 τοῦ
1617 1238 1721 1292 Λό-

111 1355 198 1403 γου
229 1332 814 1405 καθ’ἓνωσιν-ἀληθῆ,
840 1333 957 1396 πῶς
990 1332 1055 1385 ἀν
1078 1332 1137 1384 ἒν
1171 1331 1517 1385 ἀποτελεῖται
1550 1330 1722 1399 πρόσ-

109 1446 271 1491 ωπον,
323 1427 391 1478 τὸ
460 1427 671 1495 ἀμφοῖν
723 1423 995 1492 ἑκατέρας
1046 1424 1178 1492 ἡμῖν
1223 1421 1577 1483 ὑποστάσεως
1631 1437 1724 1487 φε-

110 1520 310 1588 ρούσης
355 1517 498 1569 ἴδιον
533 1516 611 1578 ὼς
662 1515 766 1567 ἀνὰ
813 1514 983 1583 μέρος
1039 1512 1343 1583 κειμένης;
1388 1512 1499 1566 Καὶ
1552 1513 1601 1563 εί
1650 1510 1724 1581 μὴ

110 1612 332 1679 γέγονεν
386 1609 529 1660 ῖδιον
589 1607 650 1658 τὸ
707 1604 917 1674 ληφθὲν
972 1603 1065 1657 τοῦ
1115 1604 1564 1674 προσειληφότος,
1625 1604 1725 1654 οὐκ

108 1702 333 1768 ἀρκέσει
375 1700 660 1767 συνάφεια
710 1696 857 1750 κατά
904 1696 1121 1750 σύνοδον
1174 1696 1383 1759 ἁπλῶς,
1432 1696 1531 1763 τὴν
1565 1695 1640 1759 ὼς
1668 1696 1725 1747 ἐν

109 1794 229 1863 ἀξία
253 1808 317 1843 τε
350 1791 501 1860 μόνῃ
531 1788 629 1841 καὶ
661 1786 944 1857 αὐθεντίᾳ,
992 1787 1083 1839 τὸν
1120 1786 1219 1839 ἕνα
1258 1786 1350 1840 καὶ
1401 1786 1562 1855 μόνον
1595 1786 1727 1855 ἡμῖν

1819 602 2140 670 hypostases
2213 598 2594 665 distinguitur,
2646 610 2701 653 et
2756 615 2917 656 unam
2970 610 3148 654 tamen
3201 599 3421 655 deitatis

1817 690 2048 746 absolvit
2099 700 2349 745 naturam
2384 690 2408 743 τ
2438 689 2607 758 Quia,
2663 706 2778 746 mea
2832 691 3049 763 quidem
3106 691 3419 756 sententia,

1820 801 1941 839 cum
1968 784 2154 839 eadem
2183 782 2418 837 essentia
2454 783 2760 837 necessario
2784 796 3139 849 personarum
3165 779 3423 836 diﬂcren-

1823 879 1951 931 tiam
1983 885 2273 944 sequatur,
2302 874 2640 929 credentium
2689 873 3098 942 intelligentiam
3150 872 3215 929 ad
3253 887 3419 928 uuam

1822 966 2131 1022 Divinitatis
2151 976 2399 1021 naturam
2430 964 2679 1035 perducit
2712 981 2725 1016 :
2759 966 2810 1019 in
2835 964 3187 1019 Emmanuele
3218 972 3419 1028 autem,

1829 1062 1955 1130 quia
1994 1061 2168 1113 deitas
2197 1058 2339 1111 aliud
2382 1059 2639 1127 quiddam
2688 1067 2772 1114 cst
2803 1059 2868 1115 ab
2907 1058 3278 1122 humanitate,
3321 1056 3421 1111 nisi

1825 1153 2124 1207 dixerimus
2182 1156 2458 1221 propriqu
2517 1152 2718 1205 factum
2769 1149 2940 1206 fuisse
2993 1165 3192 1221 Corpus
3249 1148 3423 1220 ipsius

1825 1242 1986 1298 Verbi
2014 1258 2108 1313 per
2145 1258 2323 1297 veram
2349 1243 2624 1304 unionem,
2652 1242 2920 1309 quomodo
2951 1255 3055 1293 una
3104 1240 3423 1295 absolvetur

1826 1348 1893 1387 ex
1922 1344 2156 1401 utroque
2188 1345 2417 1400 persona
2442 1372 2457 1396 ,
2487 1345 2609 1385 eum
2646 1330 2905 1385 alterutra
2958 1328 3261 1385 substantia
3300 1342 3425 1398 pro-

1827 1424 2000 1494 priam
2039 1425 2255 1491 utrique
2300 1424 2472 1487 ferat,
2503 1434 2689 1491 utp0te
2750 1421 2977 1475 seorsim
3023 1420 3195 1491 posita
3258 1426 3425 1489 atque

1828 1515 2120 1582 sejuncta?
2172 1515 2284 1570 Etsi
2334 1515 2384 1570 id
2409 1516 2550 1586 quod
2592 1524 2866 1583 sumptum
2907 1524 3015 1578 est,
3054 1527 3160 1569 non
3190 1511 3262 1566 sit
3301 1524 3427 1581 pro-

1832 1609 2007 1678 prium
2051 1609 2383 1662 assumeutis
2414 1608 2615 1661 factum
2644 1644 2658 1670 ,
2687 1620 2790 1658 non
2820 1607 2956 1660 satis
2981 1605 3083 1659 erit
3114 1602 3429 1670 coniunctio

1830 1714 1928 1769 per
1988 1698 2289 1767 simplicem
2382 1698 2663 1768 dignitatis
2736 1696 2907 1751 solius
2971 1705 3026 1749 et
3093 1692 3433 1749 auctoritatis

1832 1790 2122 1846 coitionem
2148 1831 2165 1856 ,
2201 1790 2267 1843 ad
2300 1805 2465 1844 unum
2514 1803 2577 1842 ac
2610 1788 2781 1843 solmn
2834 1786 2990 1840 nobis
3020 1785 3297 1843 Christum
3336 1784 3432 1839 ab-

108 1859 447 1935 ἀποτελέσαι
488 1880 754 1951 Χριστὸν,
803 1878 896 1930 τὴν
942 1880 1104 1931 αὑτὸν
1152 1879 1284 1932 ὄντα
1334 1878 1467 1931 Θεὸν
1503 1877 1641 1947 ὁμοῦ
1670 1895 1729 1931 τε

1841 1882 2174 1947 solvendum,
2213 1880 2307 1951 qui
2340 1880 2480 1935 idem
2515 1878 2676 1934 simul
2707 1879 2847 1933 Deus
2876 1879 2945 1932 sit
2968 1886 3023 1932 et
3045 1879 3230 1933 homo.
3280 1875 3433 1931 Tunc

110 1977 196 2027 καὶ
229 1974 563 2044 ἄνθρωπον.
599 1972 733 2024 Τότε
781 1972 911 2040 γὰρ,
942 1971 1061 2023 τότε
1106 1973 1196 2023 καὶ
1226 1970 1372 2038 μάλα
1407 1967 1622 2041 [λείπει
1650 1986 1726 2033 τι,

110 2069 190 2119 ἵσ.
246 2062 751 2133 ἀναγκαῖονῙτῆς
796 2066 874 2126 είς
924 2063 1084 2115 αὐτὸν
1139 2061 1593 2133 παρατρέπεσθαι
1645 2061 1732 2114 πι-

110 2173 300 2219 στεως,
336 2156 452 2207 κᾶν
503 2156 554 2205 εἰ
602 2156 667 2206 ἐκ
705 2153 1024 2223 σπέρματος
1073 2154 1323 2223 ’Δόραάμ
1369 2155 1541 2205 νοοῖτο
1589 2151 1732 2203 κατά

108 2250 203 2315 τὴν
235 2248 453 2317 σάρκα.
490 2247 727 2314 Ἕτερον
757 2246 814 2297 δὲ
861 2247 957 2296 καὶ
990 2246 1176 2315 ἕτερον
1200 2241 1340 2297 εἶναι
1367 2244 1563 2312 λέγων,
1612 2239 1733 2296 εἶτα

112 2339 227 2400 πῶς
280 2338 398 2409 [ἴον.
434 2334 543 2407 τῷ]
581 2336 647 2387 ἐκ
700 2336 1019 2406 σπέρματος
1058 2334 1310 2405 Ἀϐραὰμ
1359 2333 1733 2406 προσκομίζε-

111 2431 230 2481 σθαι
254 2431 374 2481 δεῖν
413 2428 521 2496 τὴν
574 2428 761 2478 πίστιν
789 2424 1272 2495 διαϐεϐαιούμενος
1293 2466 1307 2489 ,
1338 2425 1447 2479 ῖσθι
1490 2442 1592 2488 τοι,
1640 2426 1734 2478 καὶ

111 2520 256 2588 μάλα
292 2518 660 2585 σαφῶς,.τῆς
694 2517 892 2569 ἑαυτοῦ
925 2517 1169 2587 κεφαλῆς
1216 2517 1284 2569 τὰ
1315 2517 1413 2587 τῆς
1447 2517 1735 2587 ἀνθρωπο-

108 2611 341 2681 Lupia;
391 2609 694 2677 καταχέων
727 2609 1086 2677 ὲγκλήματα’
1128 2608 1306 2661 καίτοι
1358 2607 1734 2677 παραιτούμε-

108 2720 217 2766 νος,
252 2704 359 2753 xal.
392 2702 521 2753 λίαν
542 2699 745 2770 ὀρθῶς,
776 2700 838 2753 τὸ
868 2700 1335 2771 ἀνθρωπολάτρης
1360 2696 1499 2754 εἶναι
1523 2701 1726 2754 δοκεῖν.

122 2794 262 2843 Ἀλλ’
291 2791 467 2857 ὀλίγα
502 2791 706 2860 κομιδῇ
737 2790 831 2842 τοῦ
856 2792 1055 2860 χρῆναι
1085 2792 1301 2859 φρονεῖν
1333 2790 1402 2842 τά
1434 2790 1620 2842 εἰκότα
1642 2807 1737 2841 πει

112 2882 440 2954 φρονηκὼς,
475 2882 815 2947 συκοφαντεῖ
865 2883 962 2931 καὶ
987 2879 1190 2949 ἑτέρως
1230 2880 1291 2932 τὸ
1327 2880 1472 2949 μέγα
1502 2879 1601 2949 τῆς
1642 2880 1736 2931 εὐ-

113 2976 337 3037 σεϐείας
372 2976 708 3043 μυστήριον.
729 2972 1015 3043 Ἐπιφέρει
1060 2974 1170 3045 γὰρ
1209 2973 1371 3035 εὐθύς
1390 2988 1402 3001 °
1431 2973 1602 3034 Αὐτὸς
1628 2972 1736 3043 γὰρ

110 3070 242 3135 ἡμῖν
298 3066 411 3135 τῆς
488 3064 917 3134 ἐπηγγελμένης
992 3064 1245 3132 εὐλογίας
1303 3066 1367 3116 ὲκ
1420 3065 1736 3133 σπέρματος

1835 1976 1977 2031 enim
2030 1974 2273 2045 profecto
2325 1974 2392 2027 ab
2435 1971 2553 2039 ejus
2605 1971 2708 2024 fide
2736 1970 2998 2025 dimoveri
3053 1983 3276 2025 necesse
3323 1978 3429 2032 est,

1834 2069 1998 2123 etiam
2062 2069 2108 2123 si
2161 2083 2224 2122 ex
2266 2066 2473 2120 semine
2531 2063 2804 2118 Abraham
2864 2060 3160 2115 secundum
3202 2075 3428 2113 carnem

1837 2160 2191 2231 intelligatur.
2250 2159 2388 2213 Cum
2436 2169 2567 2209 vero
2603 2154 2767 2208 alium
2811 2163 2863 2207 et
2896 2154 3058 2206 alium
3087 2166 3208 2207 esse
3259 2151 3431 2219 dicas,

1837 2254 2099 2307 deindein
2133 2253 2283 2306 illmn
2319 2252 2517 2322 quiest
2551 2264 2615 2302 ex
2645 2248 2855 2303 semine
2897 2246 3088 2307 David,
3120 2246 3278 2301 fidem
3307 2260 3432 2300 esse

1838 2344 2172 2399 allereudam
2203 2342 2437 2398 allirmes
2457 2382 2471 2404 ,
2506 2353 2558 2395 te
2591 2344 2643 2394 in
2670 2351 2819 2393 tuum
2856 2339 3022 2405 ipsius
3042 2347 3203 2405 caput
3227 2338 3432 2391 crimen

1837 2436 2072 2495 hominis
2112 2435 2322 2488 colendi
2360 2431 2733 2498 adorandique
2761 2429 3030 2493 conjicere
3062 2434 3212 2481 certo
3263 2427 3431 2491 scias,

1837 2530 2053 2584 tametsi
2082 2537 2228 2585 recte
2248 2529 2537 2582 admodum
2565 2526 2804 2593 refugias
2828 2539 2895 2576 ne
2914 2519 3239 2576 hominicola
3259 2519 3438 2577 videa-

1837 2622 1935 2677 ris.
1965 2621 2070 2675 Sed
2102 2637 2292 2691 parum
2316 2619 2608 2674 admodum
2640 2629 2838 2671 curans
2868 2615 2932 2667 de
2961 2623 3105 2667 recta
3138 2611 3434 2678 sententia,

1840 2710 1999 2765 aliter
2035 2725 2249 2780 quoque
2302 2709 2679 2764 Calumniatur'
2723 2705 2852 2759 illud
2904 2718 3158 2769 maguum
3216 2702 3439 2771 pietatis

1839 2812 2261 2857 sacramentum.
2319 2799 2550 2865 Subjicit
2609 2798 2753 2851 enim
2798 2796 2942 2849 illico
2984 2810 2998 2847 :
3038 2793 3154 2862 Ipse
3206 2806 3439 2861 namque

1841 2893 1996 2948 nobis
2026 2894 2306 2962 promissa:
2350 2889 2752 2947 benedictionis
2782 2902 2849 2942 ex
2883 2886 3092 2941 semine
3119 2884 3227 2955 92
3260 2884 3439 2937 Abra—

1843 2986 1966 3040 ham
1989 2995 2071 3039 est
2104 2987 2304 3039 missus
2328 3024 2343 3047 ,
2387 2993 2646 3051 tanquam
2696 2994 2795 3049 pro
2825 2980 3003 3048 seipso
3034 2988 3082 3033 et
3115 2990 3312 3047 genere
3341 2989 3443 3030 suo

1842 3077 2087 3144 corporis
2132 3076 2216 3129 sui
2255 3075 2529 3128 victimam
2568 3075 2725 3127 simul
2780 3071 3013 3125 aﬂerens
3072 3069 3284 3138 Ergooe
3325 3067 3442 3136 ipsa

130 3159 391 3228 Ἀϐραὰμ
431 3157 751 3225 ἀπεστάλη,
777 3156 852 3218 ὡς
892 3156 1034 3227 ὑπὲρ
1074 3156 1267 3210 ἑαυτοῦ
1295 3146 1389 3208 καὶ
1424 3155 1517 3209 τοῦ
1544 3155 1736 3223 γένους

1843 3180 2058 3236 quoque
2086 3164 2334 3219 Christus
2366 3162 2542 3216 factus
2568 3173 2651 3216 est
2695 3164 2795 3216 sub
2837 3169 3060 3229 peccato
3084 3198 3097 3221 ,
3131 3171 3227 3229 per
3275 3171 3439 3225 quem

111 3252 212 3315 τὴν
232 3249 337 3300 τοῦ
370 3248 638 3316 σώματος
665 3245 861 3299 θυσίαν
896 3246 1362 3316 συνεπαγόμενος.
1400 3245 1522 3314 Ὑφ’
1550 3246 1737 3316 ἁμαρ-

110 3344 232 3395 τία-,ο
266 3336 372 3418 οὖν
399 3335 519 3409 ἆρα
555 3339 652 3390 καὶ
682 3337 846 3400 αὐτὸς
892 3338 1117 3405 γέγονεν
1146 3341 1175 3391 ὁ
1214 3339 1471 3409 Χριστὸς,
1503 3340 1568 3392 δι’
1597 3334 1657 3392 οὗ
1682 3340 1744 3392 τὸ

111 3432 236 3485 καθ’
289 3432 451 3501 ἡμᾶς
479 3428 598 3497 (2‘2)
648 3429 747 3495 τῆς
791 3427 1068 3499 ἁμαρτίας
1116 3420 1491 3498 ἐμφράττεται
1543 3429 1740 3501 στόμα,

110 3526 257 3576 κατά
300 3523 408 3593 τὴν
439 3520 541 3573 τοὺ
568 3520 886 3581 Ψάλλοντος
924 3521 1142 3590 φωνήν;
1171 3516 1282 3589 ἄρα
1311 3523 1405 3574 καὶ
1448 3520 1614 3573 αὑτοῦ
1646 3519 1741 3573 τοῦ

113 3616 295 3680 φωτὸς
332 3614 435 3665 τοῦ
496 3609 763 3681 ἀληθινοῦ
817 3610 880 3662 τὸ
923 3610 1025 3680 τῆς
1075 3611 1358 3681 ἑπαράτου
1406 3612 1745 3683 φαυλότητος

109 3709 294 3777 ἧψατο
332 3706 576 3769 σκότος;
622 3699 734 3772 ἄρα
778 3701 898 3771 μεθ’
939 3701 1097 3771 ἡμῶν
1144 3703 1340 3771 ἐδεήθη
1385 3703 1480 3755 τοῦ
1512 3702 1741 3773 λυτρου⁸

116 3800 287 3865 μένου
320 3799 426 3851 καὶ
455 3795 740 3858 σώζοντος
774 3796 803 3845 ό
830 3792 898 3845 δι’
942 3788 1003 3846 οὗ
1034 3794 1183 3847 πᾶσα
1213 3792 1486 3863 λύτρωσις
1513 3794 1610 3847 καὶ
1639 3812 1744 3850 σω-

110 3892 319 3959 τηρίας
346 3888 549 3951 ἐλπίς
598 3886 810 3955 Πρέποι
840 3886 885 3938 δ’
916 3884 982 3937 ἂν
1008 3886 1180 3955 αὐτῷ,
1209 3886 1350 3938 κατά
1388 3902 1452 3953 γε
1480 3886 1539 3938 τὸ
1571 3886 1742 3949 εἰκὸς,

117 3983 245 4051 μεθ’
277 3981 446 4052 ἡμῶν
496 3978 802 4049 ἀναφέρειν
832 3978 900 4030 τά
934 3981 1288 4047 χαριστήρια,
1324 3977 1461 4030 Θεοῦ
1496 3976 1745 4045 λέγοντος

110 4074 539 4145 ἁμησικάκως
567 4089 578 4100 ·
617 4089 636 4122 ι
673 4069 817 4137 Ἐγώ
837 4072 953 4139 ειμι
976 4071 1005 4122 ό
1026 4068 1324 4137 ὲξαλείφων
1346 4069 1446 4131 τὰς
1470 4069 1746 4140 ἁμαρτίας

116 4184 241 4229 σου,
278 4168 374 4219 καὶ
398 4168 467 4219 οὐ
512 4165 590 4233 μὴ
629 4163 1053 4232 μνησθήσομαι·
1090 4180 1108 4212 ι
1149 4161 1547 4233 καταγορεύσει
1568 4162 1625 4215 δὲ
1651 4164 1747 4216 καὶ

114 4258 318 4321 αὐτοῦ,
351 4255 511 4310 καθά
544 4255 645 4307 καὶ
671 4252 855 4324 ἡμῶν,
876 4254 907 4304 ὁ
938 4254 1037 4323 τῆς
1066 4253 1341 4323 ἁμαρτίας
1372 4255 1575 4324 πατήρ.
1614 4249 1748 4307 Εἶτα

114 4348 239 4410 πῶς
273 4349 338 4400 οὐ
367 4344 781 4416 ψευδοεπήσει,
806 4336 1006 4411 λέγων·
1047 4360 1066 4393 ι
1104 4342 1364 4415 Ἔρχεται
1393 4343 1421 4395 ὁ
1446 4344 1630 4413 ἄρχων
1654 4342 1746 4396 τοῦ

110 4438 324 4499 αἰῶνος
355 4434 587 4495 τούτου,
627 4433 724 4484 καὶ
763 4431 822 4482 ὲν
849 4431 976 4500 ἐμοὶ
1001 4432 1227 4503 εὑρήσει
1270 4432 1460 4498 οὐδέν;
1497 4452 1514 4483 ι
1552 4432 1748 4485 Δεδυσ-

1846 3273 1909 3311 os
1959 3257 2130 3324 ipsum
2188 3254 2393 3323 peccati
2430 3254 2716 3306 adversum
2754 3264 2853 3305 nos
2894 3250 3232 3311 obstruitur,
3260 3257 3318 3301 ut
3361 3256 3443 3303 cst

1849 3346 1901 3401 in
1959 3346 2191 3400 Psalmis
2234 3344 2277 3375 ¹⁶
2312 3345 2335 3397 ‘?
2371 3359 2575 3410 ergone
2638 3343 2809 3410 ipsam
2858 3355 3075 3409 quoque
3130 3338 3303 3392 lucem
3346 3354 3440 3390 ve-

1848 3454 1964 3491 ram
2022 3437 2376 3491 exsecrauda:
2428 3434 2729 3507 iniquitatis
2780 3430 3019 3488 tenebras
3051 3426 3447 3496 contigerunt?

1847 3544 2047 3600 ergone
2098 3529 2380 3583 uobiscum
2439 3528 2741 3581 redimente
2808 3534 2973 3593 atque
3033 3520 3276 3575 salvante
3308 3532 3446 3585 opus

1848 3620 2040 3674 habuit
2076 3618 2183 3679 ille.
2221 3633 2315 3686 per
2355 3632 2514 3687 quem
2561 3626 2641 3668 est
2692 3613 2873 3672 omnis
2914 3610 3213 3679 redemptio
3243 3618 3296 3663 et
3323 3623 3446 3676 spes

1847 3712 2037 3770 Salutis
2069 3712 2091 3765 ?
2116 3710 2382 3766 Convenit
2416 3708 2580 3775 igitur
2608 3706 2785 3760 eidem
2813 3745 2828 3766 ,
2858 3713 2916 3757 ut
2951 3712 3035 3758 est
3083 3715 3445 3768 consequens,

1849 3804 2129 3860 nobiscum
2180 3800 2379 3855 offerre
2440 3799 2736 3868 gratiarum
2796 3796 3079 3858 actiones,
3132 3809 3254 3847 cum
3304 3792 3446 3848 Deus

1846 3897 1991 3950 dicat
2024 3893 2223 3949 oblitus
2261 3892 2470 3960 injuriae
2501 3908 2513 3943 :
2560 3907 2578 3939 ι
2627 3888 2735 3956 Ego
2768 3903 2884 3940 sum
2925 3886 3016 3955 qui
3055 3885 3208 3940 deleo
3244 3884 3446 3953 iniqui-

1852 3997 1989 4041 tates
2062 3999 2214 4048 tuas,
2271 3994 2326 4037 et
2407 3998 2511 4037 non
2600 3980 3049 4043 recordabor“;
3090 3996 3109 4030 ι
3172 3979 3452 4033 accusabit

1850 4079 2013 4133 etiam
2071 4077 2269 4145 ipsum,
2332 4084 2392 4129 nt
2438 4088 2536 4128 nos
2572 4080 2813 4135 accusat.
2862 4071 2950 4125 ille
3010 4080 3163 4140 pater
3216 4068 3446 4139 peccati.

1850 4168 2001 4236 Quod
2028 4168 2073 4224 si
2108 4169 2180 4221 ita
2212 4176 2313 4233 est,
2350 4165 2622 4234 quomodo
2648 4179 2753 4220 non
2798 4163 3089 4217 mentietur
3115 4176 3238 4215 cum
3268 4160 3400 4213 dicit
3431 4178 3447 4218 :

1857 4278 1877 4314 ι
1914 4259 2075 4312 Venit
2113 4259 2365 4325 princeps
2415 4255 2599 4309 mundi
2646 4253 2822 4319 huius,
2878 4264 2932 4306 et
2976 4252 3031 4305 in
3080 4266 3165 4305 me
3210 4250 3449 4305 inveniet

1852 4349 1987 4403 nihil
2017 4348 2116 4401 “1'
2157 4366 2176 4399 ι
2229 4347 2368 4400 Ulim
2404 4345 2763 4400 contumelias
2814 4343 2867 4396 in
2922 4357 3045 4396 eum
3101 4341 3452 4409 coniecerunt

1852 4441 2016 4495 etiam
2098 4438 2171 4492 illi
2255 4435 2560 4508 Synagoga:
2622 4432 2931 4489 Iudaeorum
2983 4432 3242 4501 praesides
3278 4448 3292 4485 :
3327 4447 3449 4486 nam

111 4526 429 4596 φημήκασί
464 4538 610 4575 ποτε
662 4520 786 4573 κατ’
830 4520 1021 4583 αὐτοῦ,
1056 4522 1278 4590 καὶτῆς
1318 4521 1584 4575 Ἰουδαίων
1626 4539 1736 4575 συν·

1856 4547 1977 4588 cum
2035 4529 2257 4585 invidiae
2315 4527 2518 4584 aculeis
2576 4527 3081 4589 exstimularentur,
3124 4524 3267 4591 quod
3309 4537 3450 4593 prm-

108 4616 359 4684 αγωγῆς
413 4614 469 4665 οἱ
500 4611 919 4682 προεστηκότες
938 4626 952 4640 ο
983 4611 1172 4683 ἐπειδὴ
1209 4613 1318 4681 γὰρ
1357 4615 1470 4675 τοῖς
1493 4612 1588 4664 τοῦ
1620 4613 1749 4681 φθό-

108 4727 207 4759 νου
244 4707 443 4776 βέλεσι
483 4700 916 4770 κατετρύχοντο,
951 4700 1424 4772 τεθεραπευμένον
1469 4703 1751 4773 ἀδοκήτως

108 4798 370 4866 ὁρῶντες
426 4794 529 4844 τὸν
556 4793 623 4843 ὲκ
660 4789 889 4858 γενετῆς
935 4790 1156 4857 τυφλὸν,
1207 4793 1438 4853 ἀνοσίως
1472 4792 1747 4862 ἔφασκον·

114 4912 130 4940 ι
168 4894 283 4951 Ab;
336 4887 504 4950 δόξαν
547 4883 627 4952 τῷ
658 4880 809 4950 Θεῷ·
853 4882 1018 4950 ἡμεῖς
1066 4881 1308 4950 οἴδαμεν,
1337 4883 1418 4935 ὅτι
1448 4878 1601 4945 οὗτος
1654 4884 1748 4936 ἄν·

108 4982 355 5048 θρωπος
408 4974 753 5048 ἁμαρτωλός
782 4977 952 5025 ἐστιν.
990 4994 1008 5023 ι
1050 4976 1106 5028 '0
1149 4975 1205 5027 δέ
1253 4992 1317 5043 γε
1376 4975 1575 5045 Κύριος
1599 4975 1756 5045 ἡμῶν

119 5072 358 5143 Ἰησοῦς
386 5068 664 5140 Χριστὸς,
708 5065 1219 5138 ἀθυροστομοῦντας
1258 5066 1500 5137 ἐλέγχων
1530 5066 1756 5138 διοιρῤή-

108 5168 209 5236 ὅην
245 5168 476 5234 ἔφασκε
503 5182 516 5193 ·
552 5183 571 5214 ι
612 5163 712 5225 Τίς
757 5161 817 5227 ἐξ
848 5163 1005 5231 ὑμῶν
1049 5163 1263 5231 ἐλέγχει
1295 5177 1363 5231 με
1409 5160 1540 5230 περὶ
1571 5161 1753 5230 ἁμαρ-

108 5264 273 5327 τίιςς
314 5260 386 5313 Εἰ
420 5258 480 5310 δὲ
508 5256 782 5326 ἀλήθειαν
816 5256 981 5323 λέγω,
1009 5255 1150 5308 διατί
1186 5257 1345 5324 ὑμεῖς
1371 5254 1432 5306 οὐ
1462 5254 1753 5306 πιστεύετέ

116 5372 240 5421 μσς
284 5372 307 5403 ι
351 5350 578 5405 Οὐκοῦν
602 5350 653 5401 εἰ
704 5346 1116 5418 προσκεκόμικε
1143 5347 1241 5415 τὴν
1280 5346 1491 5411 θυσίαν,
1525 5347 1667 5416 ὑπέρ
1697 5364 1757 5400 τε

188 5510 235 5541 ⁸⁸
289 5507 449 5562 Psal.
486 5520 601 5567 CVI,
641 5503 735 5556 42.

817 5504 859 5533 ¹¹
901 5502 1004 5557 lsa.
1033 5517 1189 5567 XLIII,
1224 5500 1314 5555 25.
1395 5502 1437 5532 "
1476 5499 1610 5555 Joau
1650 5517 1757 5568 XIV,
1788 5501 1899 5557 ‘50..

1860 4631 1943 4676 ter
1974 4622 2279 4691 opinionem
2309 4632 2556 4674 curatum
2608 4618 2863 4673 videbant
2915 4615 3065 4668 illum
3104 4630 3133 4668 a
3172 4614 3453 4669 nativitate

1861 4728 2101 4777 cat-cum,
2154 4711 2317 4780 impie
2368 4711 2668 4765 dicebant:
2714 4727 2732 4763 ι
2778 4708 2849 4759 Da
2904 4706 3130 4775 gloriam
3169 4706 3322 4770 Deo;
3356 4720 3454 4760 nos

1860 4805 2084 4866 scimus,
2131 4806 2254 4871 quia
2310 4804 2412 4856 istc
2462 4802 2623 4856 homo
2667 4808 2920 4868 peccator
2944 4809 3025 4852 est
3058 4798 3100 4827 "
3127 4835 3141 4851 .
3173 4815 3191 4846 ι
3230 4797 3297 4849 At
3323 4811 3451 4848 vero

1862 4894 2123 4949 Dominus
2172 4904 2358 4949 noster
2407 4892 2565 4948 Jesus
2605 4892 2852 4945 Christus
2898 4890 3243 4943 ohlocntores
3292 4902 3451 4940 coar—

1858 5001 2049 5064 guens,
2083 4994 2267 5055 aperte
2299 4984 2512 5038 dicebat
2544 5000 2557 5036 :
2596 5000 2612 5032 ι
2647 4982 2780 5047 Quis
2831 4994 2899 5035 ex
2942 4980 3092 5052 vobis
3147 4976 3327 5044 arguit
3371 4993 3453 5029 Ine

1859 5080 1924 5137 de
1972 5076 2241 5146 peccato?
2287 5076 2340 5129 Si
2401 5076 2685 5128 veritatem
2744 5073 2885 5135 dico,
2921 5085 3090 5139 quare
3128 5083 3231 5122 non
3274 5068 3451 5120 credi—

1859 5167 1928 5218 tis
1957 5166 2087 5219 mihi
2129 5164 2173 5196 ”
2204 5166 2227 5218 ἲ
2255 5184 2272 5216 ›
2301 5165 2467 5234 Igitur
2517 5165 2562 5217 si
2598 5164 2795 5218 obtulit
2841 5160 3105 5214 hostiam.
3127 5171 3230 5212 non
3277 5154 3450 5207 solum

1863 5272 1959 5326 pro
1994 5256 2182 5318 nobis,
2218 5271 2401 5309 verum
2430 5256 2593 5309 etiam
2631 5270 2728 5322 pro
2758 5268 2817 5307 se
2851 5254 2990 5322 ipso,
3026 5251 3210 5319 utique
3266 5261 3451 5301 neces.

1865 5348 2010 5401 sario
2037 5346 2122 5399 illa
2151 5347 2378 5416 indiguit
2399 5388 2415 5412 ,
2446 5346 2693 5401 utetiam
2716 5358 2813 5398 nos
2842 5344 2933 5412 qui
2966 5342 3064 5395 sub
3087 5341 3215 5411 jugo
3243 5338 3451 5409 peccati

1981 5500 2025 5532 ¹⁹
2063 5500 2220 5555 Joan.
2250 5518 2325 5567 Ix,
2364 5502 2455 5555 ει.
2538 5503 2579 5537 η
2617 5501 2779 5555 Joan.
2820 5517 2936 5565 Vill,
2970 5501 3061 5554 40.

1440 5656 1598 5711 ΑΝΤ.
1641 5656 1916 5711 AGELLII
1960 5656 2193 5714 NOTAE.

187 5805 317 5875 (9:2)
368 5798 608 5851 Videtur
638 5796 949 5865 legendum,
988 5810 1048 5846 το
1082 5791 1204 5845 καθ’
1235 5792 1411 5862 ἡμῶν.
