4040 6438
608 352 713 409 165

1601 344 1660 398 S.
1701 340 1976 407 CYRILLI
2018 341 2202 396 ALEX

2309 341 2494 397 DRINI
2531 340 2855 397 ARCHIEP.
3777 341 3870 395 164

605 479 812 521 sumus.
843 463 1022 533 Argue
1056 460 1220 531 igitur
1250 458 1400 515 illum
1429 458 1496 515 dc
1531 469 1750 528 peccato
1787 477 1800 513 :
1837 459 1882 513 si
1905 459 2188 513 nobiscum

2308 459 2452 530 ἡμῶν
2483 459 2685 524 αὐτῶν,
2725 459 2820 512 καὶ
2854 460 3080 530 προσέτι
3120 459 3214 512 καὶ
3242 459 3460 523 ἑαυτοῦ,
3497 460 3744 531 δεδέηται
3777 484 3872 520 που

607 554 952 617 sacriﬁcavit,
975 552 1200 607 ostende
1230 551 1385 605 simul
1415 550 1576 604 etiam
1602 551 1882 604 nobiscum
1912 564 2186 619 peccasse.

607 650 798 702 Pastor
816 646 905 700 ille
926 646 1096 698 bonus
1121 659 1216 714 pro
1233 657 1464 712 quonam
1493 642 1670 709 posuit
1695 641 1928 693 animam
1953 655 2103 694 suam
2122 640 2186 706 ",

607 753 702 806 pro
734 751 824 802 se,
859 753 925 790 an
957 751 1054 805 pro
1091 736 1203 789 suis
1231 731 1474 788 ovibus?
1503 731 1684 786 Audio
1721 731 1868 785 illum
1921 731 2188 784 dicentem

607 832 670 882 de
703 828 858 882 nobis
891 846 904 881 :
944 846 962 878 ι
991 826 1092 880 Pro
1125 826 1252 894 ipsis
1289 840 1390 892 ego
1428 822 1708 878 sanctifico
1750 812 2012 892 meipsum
2043 823 2086 852 ”
2115 838 2132 889 ;
2167 841 2184 873 ι

607 931 693 984 et,
728 930 786 974 ut
811 921 985 990 inquit
1016 917 1416 976 beatusPaulus
1448 935 1460 970 :
1491 936 1510 968 ι
1547 914 1734 971 Gratia
1769 915 1861 969 Dei
1891 931 1987 986 pro
2019 915 2192 968 omni-

608 1013 709 1067 bus
760 1011 997 1079 gustavit
1035 1021 1263 1064 mortem
1298 1009 1338 1040 ¹⁷
1375 1025 1389 1073 ;
1430 1027 1448 1060 ι
1497 1018 1547 1061 et
1595 1007 1787 1061 iterum
1826 1023 1838 1058 :
1884 1026 1902 1057 ι
1940 1005 2193 1058 Traditus

609 1111 694 1157 est
744 1111 962 1170 propter
1008 1100 1203 1156 delicta
1256 1109 1478 1161 nostra,
1511 1107 1567 1152 et
1621 1097 1924 1150 resurrexit
1975 1105 2196 1166 pr0pter

605 1191 1047 1261 justilicationem
1109 1201 1352 1244 nosuam
1395 1190 1437 1220 ⁸³
1473 1206 1488 1254 ;
1535 1208 1553 1240 ι
1592 1199 1646 1242 et
1675 1191 1813 1243 sicut
1843 1189 1973 1241 dicit
2028 1187 2196 1240 lsaias

610 1268 872 1352 propheta
906 1298 924 1336 :
962 1301 979 1332 ε
1019 1281 1312 1350 Disciplina
1364 1281 1513 1350 pacis
1541 1291 1745 1334 nostra:
1779 1295 1941 1348 super
1966 1295 2111 1344 eum,
2142 1289 2196 1332 et

613 1373 784 1428 livore
817 1372 936 1441 ejus
969 1373 1147 1427 sanati
1176 1387 1362 1426 sumus
1395 1373 1438 1402 ¹⁹
1473 1389 1486 1438 ;
1531 1390 1549 1422 ι
1589 1386 1694 1424 non
1740 1372 1853 1440 ipse
1887 1384 1998 1424 suae
2029 1369 2197 1439 ipsius

613 1465 788 1518 carnis
849 1465 1102 1534 passione
1161 1465 1336 1519 obiter
1385 1474 1466 1518 est
1510 1474 1754 1516 curatus.
1804 1462 2061 1516 Traditus
2117 1472 2198 1516 est

613 1565 833 1626 propter
881 1555 1078 1610 delicta
1125 1567 1341 1617 nostra,
1378 1570 1482 1608 non
1535 1562 1752 1623 pt-Opter
1797 1569 1890 1607 sua
1931 1554 2198 1620 ;minime

612 1648 852 1702 omnium
895 1669 906 1702 ;
949 1659 1197 1700 naturam
1236 1661 1466 1714 namque
1493 1646 1729 1700 hominis
1750 1659 1938 1698 omnes
1964 1642 2199 1696 fatemur

612 1751 679 1791 ex
708 1735 798 1790 illa
831 1737 884 1790 in
927 1738 1096 1790 Adam
1133 1737 1561 1804 transgressione
1583 1737 1634 1788 in
1670 1735 2102 1789 maledictionem
2133 1748 2199 1787 ac

613 1837 845 1881 mortem
906 1826 1072 1882 fuisse
1120 1827 1448 1892 devolutam,
1480 1827 1546 1880 ad
1581 1827 1694 1880 haec
1727 1827 2001 1880 laborasse
2034 1828 2197 1880 etiam

612 1919 878 1974 facilitate
945 1921 1200 1988 peccandi
1263 1920 1317 1973 in
1369 1933 1570 1983 carne,
1603 1927 1662 1972 ut
1707 1917 2027 1988 justilicatio
2071 1919 2203 1989 legis

613 2011 722 2083 93
758 2011 1072 2081 impleretur
1105 2013 1158 2066 in
1210 2012 1389 2076 nobis,
1438 2013 1528 2080 qui
1585 2026 1691 2065 non
1732 2014 2028 2066 secundum
2077 2027 2201 2066 car-

617 2121 740 2159 nem
779 2104 1143 2170 ambulamus,
1188 2105 1280 2158 sed
1328 2104 1625 2158 secundum
1675 2104 1922 2172 spiritum
1951 2104 2040 2155 ὀε
2078 2119 2200 2157 nam

617 2206 904 2264 pr0pterea
963 2196 1290 2249 novissimus
1340 2195 1509 2247 Adam
1566 2204 1650 2248 est
1707 2195 2038 2264 appellatus,
2097 2211 2202 2248 non

619 2287 765 2356 quod
799 2285 999 2355 prioris
1040 2287 1184 2341 illius
1215 2287 1363 2340 vitiis
1410 2287 1692 2351 laborarit,
1723 2290 1815 2340 sed
1847 2288 1990 2356 quod
2028 2289 2078 2340 in
2115 2304 2202 2342 se-

620 2378 756 2446 ipso,
793 2387 848 2430 et
874 2379 1087 2445 quidem
1119 2380 1314 2447 primo,
1347 2379 1582 2432 hominis
1604 2389 1854 2432 naturam
1891 2388 2203 2449 transgres-

619 2469 789 2523 sionis
810 2468 955 2523 illius
980 2473 1181 2523 veteris
1205 2471 1432 2523 crimine
1465 2469 1704 2523 liberarit
1737 2487 1749 2523 :
1780 2471 2029 2538 quamvis
2059 2472 2203 2524 enim

620 2559 709 2613 illa
739 2559 900 2613 fuerit
938 2561 988 2612 in
1042 2560 1210 2614 Adam
1268 2560 1544 2622 damnata,
1597 2570 1653 2612 at
1696 2569 1844 2614 certe
1895 2561 1948 2613 in
1985 2559 2205 2614 Christo

619 2652 1006 2721 probatissima
1029 2660 1081 2704 et
1117 2650 1390 2721 imprimis
1416 2651 1754 2705 admirabilis
1797 2655 2068 2721 apparuit.
2111 2651 2206 2706 Est

620 2757 754 2813 ergo
774 2743 865 2797 ille
891 2745 1107 2813 quidem
1133 2751 1400 2805 terrenus,
1429 2743 1682 2796 Christus
1708 2757 1834 2796 vero
1859 2744 2100 2798 caelestis
2121 2745 2163 2774 ’ί
2187 2762 2200 2797 :

619 2845 675 2890 et
698 2834 828 2890 licet
858 2835 1003 2904 lapsa
1035 2833 1106 2889 sit
1136 2835 1188 2888 in
1231 2834 1323 2886 illo
1352 2834 1557 2903 priore,
1592 2843 1647 2885 et
1682 2835 1748 2888 ad
1781 2835 2202 2888 inobetlicntiam

619 2925 852 2995 dejecta,
878 2929 1023 2995 quod
1051 2935 1137 2979 est
1177 2934 1480 2994 peccatum,
1515 2933 1693 2978 tamen
1732 2934 1932 2979 statqu
1965 2943 1993 2976 a
2027 2935 2204 2979 trans-

621 3019 902 3088 gressione
945 3017 1171 3071 liberum
1211 3021 1262 3071 in
1297 3016 1514 3072 Christo
1547 3018 1824 3080 servavit,
1857 3026 1911 3070 et
1947 3029 2203 3087 tanquam

620 3111 677 3166 in
708 3111 878 3167 altero
912 3111 1080 3166 nostri
1111 3113 1326 3181 generis
1367 3111 1526 3166 initio
1555 3125 1584 3163 a
1621 3111 1828 3179 peccati
1866 3110 2086 3165 vulnere
2123 3112 2205 3164 in-

2299 550 2517 614 πάντως
2563 552 2879 620 ἀναγκαίως
2925 552 3117 621 αὐτῆς,
3164 550 3307 604 καθά
3359 556 3454 606 καὶ
3487 554 3644 622 ἡμεῖς
3689 558 3736 607 οἱ
3778 558 3876 612 ὑπὸ

2300 643 2462 711 ζυγὸν
2492 643 2790 714 ἁμαρτίας.
2831 643 3090 710 Ἔλεγξον
3123 643 3301 695 τοίνυν
3342 643 3506 697 αὑτὸν
3550 647 3678 716 περὶ
3705 647 3878 717 άμαρ-

2297 736 2418 798 τίας
2441 749 2454 763 ·
2491 737 2538 787 εί
2567 735 2763 788 τέθυκε
2785 734 2842 787 δὲ
2875 735 2993 805 μεθ’
3025 735 3202 806 ἡμῶν.
3239 734 3410 800 δεῖξον
3442 737 3572 806 ἡμῖν
3605 754 3878 807 συνημαρ-

2299 826 2527 895 τηκότα.
2558 826 2772 896 Ποιμήν
2797 825 3056 895 ὑπάρχων
3083 824 3306 892 ἀγαθὸς,
3333 825 3474 895 ὑπὲρ
3501 827 3644 888 τίνος
3672 827 3878 880 τέθεικε

2301 917 2399 988 τὴν
2436 917 2573 970 ίδίαν
2611 919 2822 987 ψυχήν;
2851 918 2991 986 ὑπὲρ
3022 916 3214 968 ἑαυτοῦ
3264 917 3483 984 μᾶλλον,
3516 918 3548 988 ἢ
3583 919 3724 988 ὑπὲρ
3777 919 3881 971 τῶν

2304 1009 2628 1077 προϐάτων;
2661 1008 2870 1061 Ἀκούω
2896 1007 3145 1074 λέγοντος
3174 1024 3235 1057 πε
3248 1008 3300 1074 ρὶ
3331 1006 3515 1075 ἡμῶν·
3549 1025 3568 1058 ι
3599 1007 3770 1079 ’Υπὲρ
3791 1011 3882 1062 a5-

2301 1103 2409 1155 τῶν
2441 1101 2552 1168 ἐγὼ
2580 1101 2791 1169 ἁγιάζω
2838 1101 3070 1170 ἐμαυτόν
3094 1117 3107 1131 ο
3153 1119 3170 1151 ι
3207 1098 3302 1151 καὶ
3336 1098 3479 1152 καθά
3531 1117 3694 1169 φησιν
3737 1103 3765 1152 ὁ
3804 1103 3884 1154 θε-

2306 1195 2524 1256 σπέσιος
2577 1193 2808 1254 Παῦλος,
2844 1211 2860 1242 ι
2900 1192 3098 1261 Χάριτι
3138 1190 3272 1243 Θεοῦ
3306 1191 3446 1259 ὑπὲρ
3490 1191 3687 1255 παντὸς
3734 1191 3884 1259 ἐγεύ-

2307 1303 2438 1340 σατο
2487 1285 2758 1338 θανάτου’
2804 1303 2822 1336 ι
2878 1283 2974 1336 καὶ
3028 1282 3226 1346 πάλιν,
3273 1303 3290 1333 ι
3345 1283 3620 1352 Παρεδόθη
3678 1283 3767 1336 διὰ
3820 1283 3886 1335 τὰ

2306 1373 2730 1446 παραπτώματα
2766 1373 2940 1444 ἡμῶν,
2971 1373 3066 1425 καὶ
3106 1372 3315 1443 ⁴ἠγέρθη
3353 1371 3440 1424 διά
3482 1373 3579 1442 τὴν
3605 1362 3886 1425 δικαίωσιν

2306 1466 2494 1534 ἡμῶν·
2537 1484 2552 1516 ι
2587 1465 2680 1515 καὶ
2707 1463 2849 1516 καθά
2867 1479 3030 1534 φησιν
3053 1464 3079 1513 ὁ
3107 1467 3392 1533 προφήτης
3427 1463 3674 1526 Ἡσαΐας,
3711 1481 3729 1513 ι
3768 1465 3890 1515 Παι-
3995 1491 4012 1514 .-

2305 1557 2421 1609 δεία
2471 1557 2691 1625 εἰρήνης
2729 1553 2884 1624 ἡμῶν
2941 1555 3027 1606 ἐπ’
3072 1553 3256 1616 αὑτὸν,
3307 1553 3384 1623 τῷ
3439 1552 3665 1622 μώλωπι
3723 1553 3885 1606 αὑτοῦ

2305 1649 2468 1717 ἡμεῖς
2513 1645 2778 1716 ίάθημενο
2821 1664 2838 1695 ι
2882 1645 2982 1698 οὐκ
3031 1645 3192 1707 uitii;
3222 1645 3283 1698 τὸ
3313 1644 3421 1716 [ἵσ.
3465 1644 3566 1716 τῷ]
3622 1645 3722 1716 τῆς
3757 1646 3892 1707 ἰδίας
3999 1675 4012 1699 ,ε

2310 1738 2510 1809 σαρκὸς
2533 1736 3054 1808 παραθεραπεύεται
3086 1736 3268 1789 πάθει.
3294 1736 3574 1806 Παρεδόθη
3595 1736 3683 1788 διὰ
3704 1737 3774 1789 τὰ
3799 1755 3894 1788 παο

2233 1868 2274 1921 Β
2312 1826 2655 1898 ραπτώματα
2697 1827 2853 1897 ἡμῶν
2876 1842 2889 1855 °
2919 1828 2977 1878 οὺ
3007 1826 3096 1879 διά
3128 1843 3190 1894 γε
3222 1827 3291 1880 τὰ
3336 1828 3530 1880 ἑαυτοῦ
3551 1843 3564 1856 ⁸
3599 1826 3802 1880 πολλοῦ
3829 1842 3894 1893 γε
3997 1857 4002 1862 -

2306 1921 2400 1972 καὶ
2420 1920 2499 1972 δεῖ
2519 1935 2531 1948 °
2560 1921 2956 1988 κατενήνεκται
2986 1919 3082 1987 μὲν
3115 1920 3223 1988 γάρ
3252 1919 3702 1987 ὁμολογουμένως
3739 1922 3771 1987 ἡ
3805 1920 3895 1970 ἁν-

2306 2011 2526 2080 θρώπου
2557 2011 2717 2080 φύσις
2741 2013 2805 2063 ὲκ
2830 2014 2926 2081 τῆς
2957 2012 3014 2063 ὲν
3053 2011 3224 2080 ’Δδὰμ
3255 2010 3620 2078 παραϐάσεως
3647 2013 3728 2072 εἰς
3755 2011 3894 2077 ἀράν

2306 2105 2401 2156 καὶ
2429 2103 2660 2157 θάνατον
2681 2119 2694 2132 ο
2728 2102 3161 2174 κατηρρώστησε
3187 2102 3243 2154 δὲ
3282 2101 3420 2172 πρὸς
3451 2101 3660 2164 τούτοις
3711 2103 3808 2155 καὶ
3836 2101 3897 2153 τὸ

2305 2195 2525 2248 εὔκολον
2538 2196 2615 2256 είς
2640 2196 2912 2263 ἁμαρτίαν
2933 2196 2988 2245 ὲν
3010 2197 3074 2262 τῇ
3093 2195 3254 2263 σαρκί
3275 2211 3286 2220 ·
3315 2194 3402 2246 ἵνα
3422 2193 3481 2246 τὸ
3501 2193 3776 2262 δικαίωμα
3802 2192 3895 2244 τοῦ
3997 2225 4002 2230 -

2307 2286 2473 2355 νόμου
2503 2285 2768 2355 πληρωθῇ
2796 2287 2853 2336 ὲν
2876 2285 3007 2353 ἡμῖν
3035 2289 3145 2346 τοῖς
3175 2285 3248 2354 μὴ
3279 2285 3422 2337 κατὰ
3441 2287 3620 2354 σάρκα
3659 2289 3897 2354 περιπα-

2304 2377 2662 2444 command:
2683 2377 2822 2429 κατὰ
2849 2376 3489 2446 πνεῦμα.Κεχρημάτικε
3511 2376 3618 2447 γὰρ
3633 2378 3719 2429 διὰ
3747 2378 3898 2430 τοῦτο

2306 2470 2400 2522 καὶ
2427 2469 2656 2538 ἔσχατος
2697 2468 2870 2537 Ἀδάμ
2891 2485 2902 2494 ·
2928 2469 2988 2519 οὺ
3023 2469 3090 2519 τὰ
3124 2467 3216 2520 τοῦ
3254 2467 3472 2537 πρώτου
3500 2471 3675 2521 νοσεῖν
3706 2469 3901 2538 ἀνεχό-

2310 2577 2489 2629 μενος,
2525 2559 2884 2612 ἀπαλλάττων
2928 2559 2984 2611 δὲ
3035 2559 3234 2628 μᾶλλον
3281 2560 3357 2622 ὼς
3401 2562 3458 2610 ὲν
3487 2560 3665 2628 ἑαυτῴ
3698 2578 3758 2611 τε
3804 2562 3900 2613 καὶ

2309 2649 2508 2721 πρώτῳ
2561 2650 2659 2720 τὴν
2701 2649 2993 2720 ἀνθρώπου
3044 2650 3205 2720 φύσιν
3248 2651 3356 2702 τῶν
3405 2651 3470 2702 ἐκ
3522 2653 3900 2720 παραϐάσεως
3997 2703 4002 2710 λ

2306 2742 2537 2813 ἀρχαίας
2567 2742 2782 2810 ἐκείνης
2815 2742 3156 2812 αίτιαμάτων
3179 2759 3190 2770 ·
3240 2741 3600 2812 κατεγνώσθη
3649 2745 3752 2812 μὲν
3785 2743 3900 2814 γάρ
3995 2775 3998 2778 ~

2310 2835 2517 2903 Ἀδάμ⁹
2583 2835 2698 2885 ἀλλ’
2743 2834 2902 2903 ὤφθη
2944 2834 3292 2904 δοκιμωτάτη
3324 2834 3800 2903 καὶεάξιάγαστος
3841 2839 3903 2889 ὲν

2306 2925 2552 2995 Χριστῷ.
2586 2926 2782 2988 Χοῖκὸς
2825 2922 2920 2979 οὖν
2957 2930 3198 2992 ἐκεῖνος,
3247 2928 3572 2997 ἐπουράνιος
3608 2928 3666 2981 δὲ
3696 2932 3726 2982 ὁ
3762 2931 3905 3000 Χρι-

2309 3017 2454 3080 στός.
2491 3018 2600 3069 Καὶ
2644 3019 2916 3090 ένετράπη
2971 3019 3070 3089 μὲν
3113 3022 3170 3072 έν
3213 3019 3292 3088 τῷ
3325 3019 3548 3090 πρώτῳ,
3591 3037 3908 3091 κατακομι-

2311 3107 2497 3160 σθεῖσα
2530 3109 2667 3178 πρὸς
2697 3110 3004 3180 παρακοήν,
3051 3112 3188 3180 ὅπερ
3221 3112 3371 3163 ἐστὶν
3420 3113 3666 3182 ἁμαρτία
3687 3130 3701 3142 ο
3739 3117 3908 3182 τετή-

620 3215 771 3273 tegra
804 3204 1088 3273 apparuit,
1123 3214 1179 3257 et
1222 3203 1601 3257 maledictione
1644 3202 2104 3271 damnationeque
2150 3211 2202 3258 el

2313 3214 2450 3267 ρηκε
2478 3197 2533 3254 δὲ
2572 3200 2636 3252 τὸ
2679 3199 3037 3270 ἀπαράϐατον
3067 3202 3125 3253 ὲν
3171 3202 3412 3272 Χριστῷ,
3460 3202 3553 3254 καὶ
3586 3200 3660 3264 ώς
3703 3203 3765 3256 ὲν
3796 3205 3912 3256 ἀπ·
3994 3251 3996 3258 .

622 3307 794 3351 morte
819 3305 982 3364 atque
1004 3295 1352 3365 corruptione
1382 3295 1668 3349 valentior.
1697 3294 1996 3348 Confirmat
2018 3303 2200 3348 autem

622 3403 724 3445 nos
765 3390 956 3442 beatus
988 3387 1210 3451 Paulus,
1243 3387 1334 3454 qui
1381 3386 1459 3440 sic
1509 3387 1772 3454 scripsit:
1810 3403 1828 3435 ι
1867 3385 2018 3438 Sicut
2060 3386 2205 3440 enim

622 3496 720 3549 per
751 3480 1169 3534 inobedientiam
1201 3478 1360 3531 unius
1395 3477 1628 3531 hominis
1657 3487 1971 3546 peccatores
2001 3479 2206 3532 consti-

624 3555 880 3626 tuti'sttnt
914 3569 1102 3624 multi:
1136 3570 1209 3623 ita
1240 3579 1294 3622 et
1330 3585 1425 3639 per
1453 3569 1618 3623 unius
1674 3570 2039 3624 obedientiam
2075 3571 2207 3640 justi

622 3663 1028 3717 constituentur
1062 3661 1214 3714 multi
1256 3662 1322 3712 “.
1361 3679 1378 3711 ι
1411 3661 1621 3728 lndiget
1670 3661 1833 3727 igitur
1881 3660 2058 3713 has-tia
2110 3675 2209 3730 pro

622 3754 736 3807 suis
795 3753 1005 3806 delictis
1058 3752 1306 3821 quisquis
1361 3750 1567 3819 peccati
1632 3760 1782 3804 reatu
1838 3758 2090 3804 tenetur:
2150 3761 2208 3806 et

621 3843 815 3898 obtulit
841 3845 1076 3908 seipsum
1111 3841 1362 3895 Christus
1397 3853 1494 3907 pro
1527 3853 1725 3909 genere
1750 3838 2048 3894 secundum
2081 3855 2208 3894 car-

624 3951 765 4000 nem,
823 3938 924 3989 hoc
957 3945 1059 3999 est,
1111 3949 1208 4002 pro
1256 3935 1432 3997 nobis,
1486 3950 1592 3988 non
1644 3945 1825 3987 autem
1861 3948 1958 4000 pro
2004 3934 2207 4001 seipso,

623 4044 744 4083 cum
785 4037 1009 4096 peccato
1047 4029 1295 4095 superior
1330 4035 1510 4088 esset,
1547 4035 1733 4095 utpote
1771 4028 1911 4079 Deus
2000 4039 2124 4077 nam
2162 4023 2209 4077 si

622 4125 841 4188 propter
887 4132 945 4170 se
994 4126 1078 4170 est
1113 4116 1455 4180 immolatus,
1496 4128 1625 4183 ergo
1666 4129 1771 4166 non
1813 4111 1913 4166 soli
1957 4126 2053 4165 nos
2090 4108 2209 4178 ejus

622 4209 884 4280 sanguine
916 4209 1080 4276 empti
1109 4222 1296 4261 sumus
1319 4207 1387 4272 ",
1422 4208 1718 4260 secundum
1749 4203 2084 4271 Scripturas,
2113 4202 2210 4256 sed

625 4304 903 4356 nobiscum
933 4302 1039 4356 erit
1068 4300 1230 4355 simul
1273 4300 1389 4369 ipse
1441 4299 1786 4366 redemptus;
1835 4309 2011 4364 neque
2051 4294 2209 4362 juxta

623 4393 774 4448 Isaia
799 4407 1011 4457 vocem,
1049 4392 1306 4446 Dominus
1345 4391 1569 4444 tradidit
1616 4391 1790 4459 ipsum
1825 4389 2064 4457 peccatis
2113 4401 2211 4440 no-

2310 3290 2452 3357 αρχῇ
2479 3287 2712 3359 δευτέρᾳ
2747 3289 2842 3342 τοῦ
2876 3291 3090 3356 γένους,
3126 3290 3281 3358 ὤφθη
3327 3309 3384 3342 τε
3421 3292 3670 3360 ἄτρωτος
3712 3295 3909 3365 άμαρ-

2310 3377 2476 3440 τίαις,
2513 3379 2608 3430 καὶ
2635 3379 2902 3447 κρείττων
2930 3382 3070 3450 ἀρᾶς
3093 3382 3188 3432 καὶ
3225 3380 3380 3450 δίκης
3412 3383 3507 3433 καὶ
3537 3381 3773 3436 θανάτου
3808 3385 3913 3437 καὶ
3995 3431 3998 3439 .

2313 3471 2541 3540 φθορᾶς.
2576 3474 2953 3544 Προσεμπεδοῖ
2986 3474 3041 3526 δὲ
3072 3476 3218 3543 ἡμᾶς
3245 3477 3273 3527 ὁ
3309 3475 3620 3543 σοφώτατος
3648 3476 3871 3539 Παῦλος
3893 3517 3909 3540 ,
3999 3509 4002 3512 ~

2311 3561 2409 3614 ὡδὶ
2436 3563 2730 3631 γεγραφώς
2753 3580 2766 3591 ·
2808 3583 2826 3614 ι
2863 3565 3074 3634 Ὥσπερ
3104 3565 3212 3633 γὰρ
3241 3565 3329 3616 διά
3360 3566 3459 3634 τῆς
3491 3568 3784 3638 παρακοῆς
3807 3569 3911 3622 τοῦ

2311 3652 2428 3716 ἐνὸς
2459 3653 2750 3724 ἀνθρώπου
2803 3656 3123 3726 ἁμαρτωλοὶ
3169 3659 3584 3726 κατεστάθησαν
3611 3661 3662 3711 ol
3688 3661 3911 3726 πολλοὶ,

2309 3743 2454 3797 οὓτω
2481 3747 2578 3799 καὶ
2629 3747 2720 3799 διά
2766 3749 2866 3818 τῆς
2899 3749 3148 3818 ὑπακοῆς
3192 3748 3284 3802 τοῦ
3329 3751 3467 3816 ἑνὸς,
3503 3751 3697 3805 δίκαιοι
3733 3771 3916 3808 κατα-

2313 3837 2672 3909 σταθήσονται
2713 3843 2762 3892 oi
2797 3841 3003 3896 πολλοί.
3039 3862 3056 3892 ι
3096 3845 3278 3895 Δείται
3318 3844 3381 3915 δὴ
3415 3840 3508 3898 οὖν
3545 3845 3760 3912 θυσίας,
3805 3850 3915 3919 τῆς

2312 3931 2452 4001 ὑπέρ
2482 3949 2544 4000 γε
2569 3933 2676 3984 τῶν
2708 3933 2854 3986 ίδίων
2878 3935 3400 4006 πλημμελημάτων,
3419 3939 3527 4001 πᾶς
3549 3939 3604 3990 εἷ
3625 3956 3708 4002 τις
3743 3942 3915 4007 γέγο·

2310 4041 2400 4076 νεν
2432 4024 2710 4095 ἁμαρτίας
2745 4025 2924 4095 ἔνοχος
2950 4043 2962 4056 ·
2996 4029 3090 4080 καὶ
3133 4030 3542 4101 προσκεκομικε
3577 4035 3678 4100 μὲν
3707 4032 3919 4083 ἑαυτὸν

2309 4118 2337 4169 ὁ
2367 4116 2599 4186 Χριστὸς
2629 4118 2768 4189 ὑπὲρ
2801 4118 2896 4171 τοῦ
2945 4119 3089 4173 κατὰ
3123 4121 3305 4193 σάρκα
3333 4124 3524 4190 γένους
3550 4162 3564 4186 ,
3595 4124 3916 4186 τουτέστιν,

2311 4208 2454 4279 ὑπὲρ
2511 4209 2702 4278 ἠμώνσ
2778 4210 2918 4279 ὑπὲρ
2987 4210 3184 4263 ἑαυτοῦ
3247 4211 3323 4274 δὲ,
3372 4213 3577 4274 οὐκέτι,
3632 4213 3920 4282 κρείττων
3997 4247 4000 4252 -

2314 4301 2588 4370 ἁμαρτίας
2635 4303 2918 4370 ὑπάρχων,
2966 4301 3042 4363 ὠς
3103 4301 3255 4364 Θεός.
3303 4303 3364 4355 El
3402 4305 3526 4373 γάρ
3565 4303 3792 4357 τέθυται
3844 4305 3918 4356 δι’

2312 4392 2526 4456 ἑαυτὸν,
2580 4391 2679 4461 οὐχ
2731 4394 2892 4462 ἡμεῖς
2943 4392 3334 4464 ἡγοράσθημεν
3387 4395 3539 4466 μόνοι
3581 4395 3658 4466 τῷ
3703 4398 3922 4467 αἵματι

626 4484 758 4536 stris
785 4483 864 4548 “,
897 4485 988 4536 sed
1021 4497 1119 4551 pro
1151 4483 1262 4537 suis
1292 4481 1452 4536 etiam
1485 4489 1571 4536 est
1600 4482 1778 4534 datus.
1815 4479 1920 4535 Ubi
1950 4478 2094 4534 enim
2128 4486 2202 4532 esl

2313 4484 2501 4546 αὑτοῦ,
2555 4486 2696 4537 κατὰ
2730 4485 2828 4548 τὰς
2879 4486 3102 4555 Γραφάς
3123 4503 3136 4518 ·
3168 4487 3282 4539 ἀλλ’
3317 4487 3405 4556 εἴη
3435 4489 3478 4540 δ’
3506 4487 3572 4542 ἂν
3601 4489 3694 4543 καὶ
3738 4493 3921 4554 αὐτὸς

625 4575 800 4628 hostia
824 4584 878 4628 et
906 4574 1130 4636 oblatio.
1168 4573 1237 4627 ibi
1281 4587 1506 4641 prorsus
1551 4572 1805 4626 remissio
1834 4581 2202 4640 peccatorum.

2315 4579 2447 4646 ἡμῖν
2479 4578 2987 4646 συνηγορασμένος,
3017 4578 3201 4631 οὐκέτι
3237 4579 3376 4631 κατά
3411 4582 3511 4648 τὴν
3537 4580 3629 4633 τοῦ
3675 4581 3922 4636 Ἡσαῖου

629 4667 848 4734 Decepit
881 4664 1048 4735 igitur
1086 4675 1253 4719 totum
1296 4666 1482 4718 orbem
1525 4673 1792 4718 terrarum
1837 4664 2028 4716 beatus
2064 4661 2207 4714 Pau-

625 4757 730 4821 lus,
756 4758 849 4826 qni
882 4761 947 4810 de
980 4757 1070 4811 illo
1094 4756 1311 4826 scripsit
1342 4772 1356 4809 :
1401 4775 1420 4806 ι
1451 4755 1598 4810 Talis
1628 4757 1772 4809 enim
1802 4756 1957 4810 nobis
1983 4755 2211 4809 decebat

626 4861 685 4903 ut
716 4858 859 4904 esset
907 4847 1182 4918 pontifex,
1233 4858 1477 4912 sanctus,
1537 4850 1818 4914 innocens,
1873 4847 2206 4915 impollutus,

627 4951 940 5011 segregatus
963 4957 989 4993 a
1019 4941 1418 5011 peccatoribus,
1442 4952 1499 4994 et
1524 4942 1795 4995 excelsior
1818 4941 1970 4995 caelis
1996 4940 2205 5002 factus;

626 5034 716 5100 qni
750 5048 855 5085 non
909 5035 1071 5087 habet
1114 5034 1354 5102 quotidie
1404 5034 1803 5098 necessitatem,
1851 5033 2205 5100 quemadmo-

627 5123 752 5175 dum
799 5125 1129 5185 sacerdotes,
1168 5124 1317 5193 prius
1353 5141 1448 5193 pro
1485 5127 1598 5179 suis
1629 5125 1839 5179 delictis
1875 5126 2079 5178 hostias
2123 5125 2206 5177 of-

630 5214 791 5279 ferre,
828 5215 1019 5268 deinde
1047 5231 1142 5284 pro
1172 5219 1350 5286 populi
1385 5236 1396 5270 :
1439 5219 1538 5270 hoc
1567 5220 1711 5270 enim
1744 5217 1871 5270 fecit
1905 5217 2070 5271 semel
2119 5233 2208 5271 se-

628 5307 802 5373 ipsum
830 5308 1084 5362 offerens.
1118 5309 1228 5363 Lex
1249 5311 1389 5363 eniut
1420 5310 1666 5363 homines
1698 5311 1984 5364 constituit
2011 5325 2211 5364 sacer-

627 5399 779 5451 dotes
811 5400 1180 5454 inlirmitatem
1217 5402 1480 5454 habentes
1513 5418 1526 5452 :
1559 5416 1738 5456 sermo
1774 5412 1955 5456 autem
1982 5400 2212 5470 jurisju-

629 5489 780 5542 randi
813 5492 953 5557 quod
986 5501 1107 5557 post
1140 5491 1312 5560 legem
1353 5502 1457 5558 cst,
1488 5491 1683 5546 Filium
1714 5492 1768 5546 in
1797 5503 2056 5547 :eternum
2089 5508 2213 5562 per-

698 5690 740 5721 ¹⁸
779 5689 932 5744 Joau.
971 5709 1021 5752 κ,
1059 5693 1143 5745 15.

626 5762 781 5816 Rom.
824 5777 939 5829 tm,
973 5765 1022 5816 4.
1102 5765 1142 5794 ²¹
1189 5765 1201 5816 l
1245 5765 1368 5816 Cor.
1403 5783 1488 5830 λγ,
1530 5767 1608 5818 i7.
1689 5767 1730 5794 “
1775 5765 1929 5820 lium.
1968 5782 2017 5830 ν,
2055 5769 2137 5820 li).

1225 5694 1266 5723 ¹⁶
1306 5693 1458 5748 Joan.
1498 5711 1626 5755 xvii,
1664 5693 1745 5746 l9.
1829 5696 1869 5726 "’
1914 5696 2075 5750 Hebr.
2123 5712 2180 5759 Il,

1245 5765 1349 5796 τ’...η
1403 5783 1464 5796 ι..
1530 5767 1585 5796 ιτ
1689 5767 1730 5794 υ
1778 5765 1906 5796 l2“...
1968 5782 1995 5796 υ
2055 5769 2116 5796 tu

2351 5696 2394 5724 ¹⁸¹
2438 5693 2542 5749 lsa.
2577 5711 2692 5748 LIII.
2729 5695 2796 5753 5;
2831 5694 2984 5745 lium.
3026 5710 3098 5754 tv,
3138 5694 3226 5744 235.

2308 5766 2412 5796 ιι.;.ι
2468 5769 2499 5796 u
2607 5768 2650 5796 ιδ
2691 5765 2767 5796 L-u
2821 5780 2911 5796 IIII
2984 5765 3073 5796 Ιίξ·
3125 5765 3136 5796 I
3188 5767 3223 5796 Γ

2217 5766 2263 5796 ’³
2306 5766 2435 5820 ibid.
2468 5769 2521 5820 ί).

2315 4672 2522 4736 φωνὴν,
2575 4687 2592 4718 ι
2626 4668 2829 4737 Κύριος
2884 4668 3198 4738 παρέδωκεν
3247 4670 3411 4721 αὑτὸν
3450 4676 3567 4733 ταῖς
3599 4673 3923 4741 ἁμαρτίαις

2314 4761 2473 4831 ἡμῶν
2494 4779 2507 4791 ο
2549 4780 2566 4811 ι
2602 4760 2811 4812 δέδοται
2837 4759 2894 4811 δὲ
2926 4760 3128 4828 μᾶλλον
3156 4761 3249 4814 καὶ
3279 4762 3418 4831 ὑπὲρ
3451 4763 3563 4814 τῶν
3601 4763 3780 4817 ἰδίων.
3833 4761 3921 4818 OB

2313 4853 2422 4924 γὰρ
2452 4853 2587 4916 ὅλως
2633 4853 2793 4905 θυσία
2839 4855 2936 4905 καὶ
2971 4853 3306 4925 προσαγωγὴ
3336 4895 3348 4918 ,
3388 4857 3504 4907 ἐκεῖ
3544 4874 3644 4908 που
3679 4859 3924 4921 πάντως

2314 4948 2407 4998 καὶ
2436 4947 2631 5013 ἄφεσις
2654 4946 2960 5017 ἁμαρτιῶν.
2988 4947 3362 5014 Πεφενάκικεν
3386 4945 3480 5000 οὖν
3509 4949 3615 5016 ἄρα
3644 4950 3774 5011 τοὺς
3801 4950 3925 5003 ἀνὰ

2317 5043 2499 5093 πᾶσαν
2544 5040 2644 5108 τὴν
2675 5041 2765 5092 ὑπ’
2807 5039 3035 5106 οὐρανὸν
3079 5040 3107 5090 ὁ
3155 5038 3442 5100 θεσπέσιος
3489 5037 3734 5099 Παῦλος,
3775 5043 3925 5109 περὶ

2318 5130 2484 5184 αὑτοῦ
2514 5129 2839 5199 γεγραφώς·
2879 5148 2897 5178 ι
2935 5128 3189 5190 Τοιοῦτος
3218 5127 3326 5197 γὰρ
3361 5129 3493 5197 ἡμῖν
3532 5125 3774 5196 ἔπρεπεν
3806 5130 3922 5199 ἀρ-

2315 5224 2554 5292 χιερεὺς,
2585 5223 2749 5286 ὅσιος,
2785 5221 3012 5283 ἄκακος,
3045 5221 3331 5290 ἀμίαντος,
3363 5217 3771 5289 κεχωρισμένος
3799 5221 3931 5273 ἀπὸ

2314 5315 2423 5366 τῶν
2465 5313 2826 5384 ἁμαρτωλῶν,
2858 5314 2952 5365 καὶ
2982 5313 3313 5382 ὑψηλότερος
3342 5310 3449 5364 τῶν
3472 5309 3719 5381 οὐρανῶν
3752 5314 3930 5379 γενό-

2320 5420 2508 5473 μενος’
2535 5405 2591 5466 ὃς
2616 5405 2717 5455 οὐκ
2748 5402 2862 5472 ἔχει
2907 5402 3026 5454 καθ’
3069 5401 3281 5471 ἡμέραν
3311 5401 3577 5470 ἀνάγκην,
3621 5399 3820 5471 ὥσπερ
3869 5405 3929 5456 oi

2314 5494 2627 5565 ἀρχιερεῖς,
2659 5493 2926 5563 πρότερον
2960 5491 3099 5561 ὑπὲρ
3128 5491 3237 5542 τῶν
3291 5490 3435 5542 ἰδίων
3486 5491 3930 5561 ἁμαρτημάτων

3311 5694 3350 5722 ”
3393 5694 3494 5745 Isa.
3529 5708 3642 5755 LIII,
3669 5691 3724 5744 5.

2607 5768 2650 5796 ’δ
2687 5765 2934 5829 lsa.Ltn,
2983 5765 3076 5832 153
3125 5765 3138 5816 I
3188 5767 3291 5816 Cor
3352 5779 3439 5826 λγ,
3472 5763 3523 5814 ’5.
