4040 6478
142 376 227 429 itis
1211 373 1579 431 ADVERSUS
1617 374 2025 433 NESTORIUM
2062 378 2189 434 LIB.
2233 377 2319 434 Ill.

3289 387 3392 441 166

137 493 308 556 θυσίας
341 493 675 565 ἀναφέρειν,
704 493 900 547 ἔπειτα
936 492 1048 547 τῶν
1089 493 1182 547 τοῦ
1211 494 1340 547 λαοῦ
1362 512 1375 525 ο
1415 495 1573 548 τοῦτο
1610 495 1719 568 γὰρ

1828 497 2020 553 lectum
2050 500 2115 552 ⁸⁸.
2156 519 2174 551 ι
2220 498 2500 566 Quomodo
2549 500 2714 570 igitur
2756 496 2979 556 sanctus
3024 511 3107 557 est
3152 505 3392 572 pontifex

137 585 379 654 ἐποίησεν
418 585 648 653 ἐφάπαξ
675 585 871 639 ἑαυτὸν
897 585 1288 657 προσενέγκας.
1330 586 1387 638 Ὀ
1417 587 1578 656 νόμος
1612 587 1720 657 γάρ

136 679 457 748 ἀνθρώπους
490 677 821 746 καθίστησιν
849 678 1125 746 ἀρχιερεῖς
1153 676 1373 746 ἔχοντας
1402 677 1682 740 ἀσθενείας
1703 695 1718 709 ·

136 772 158 820 6
184 770 341 836 λόγος
376 770 439 821 δὲ
472 769 575 839 τῆς
604 767 960 837 ὁρκωμοσίας
989 769 1088 837 τῆς
1117 769 1255 837 μετά
1280 769 1369 820 τὸν
1400 769 1581 839 νόμον,
1596 770 1721 823 Υἰὸν

134 862 203 922 εἰς
247 861 339 912 τὸν
395 859 579 913 αίῶνα
617 859 1059 929 τετελειωμένον.
1099 878 1117 909 ι
1150 858 1273 923 Πῶς
1310 855 1401 913 οὖν
1447 860 1587 922 ὅσιος
1616 862 1718 931 ἀρ-

133 952 342 1020 χιερεὺς
370 953 401 1003 6
439 951 683 1018 Χριστός
712 967 726 1014 ;
762 950 794 1020 ἢ
826 949 968 1003 κατὰ
995 950 1115 1001 τίνα
1141 950 1341 1020 τρόπον
1372 951 1577 1013 ἄκακος
1626 951 1721 1003 καὶ

130 1044 410 1112 ἀμίαντος,
447 1044 497 1094 εί
528 1042 709 1094 δέεται
745 1041 866 1111 μεθ’
892 1040 1049 1111 ἡμῶν
1071 1042 1169 1110 τῆς
1202 1042 1388 1105 Θυσίας
1423 1060 1719 1117 προσκεκος

132 1134 370 1203 μημὲνος
427 1132 1203 1205 [τσ.,προσκεκομισμένης]
1249 1135 1327 1196 εἰς
1374 1135 1565 1202 ἄφεσιν
1612 1134 1718 1187 τῶν

130 1224 659 1294 πλημμελημάτων,
706 1224 803 1278 καὶ
853 1226 933 1285 είς
967 1223 1248 1277 δικαίωσιν
1274 1224 1381 1276 τῶν
1408 1225 1721 1295 ἡμαρτηκό-

126 1332 261 1380 των;
294 1316 426 1377 Πῶς
459 1313 797 1385 κεχώρισται
816 1313 923 1368 τῶν
954 1314 1311 1386 ἁμαρτωλῶν,
1340 1316 1386 1367 εί
1417 1315 1717 1369 δικαιοῦται

128 1411 220 1462 σὺν
255 1409 479 1470 αὐτοῖς,
511 1409 613 1477 οὐχ
646 1409 837 1479 ἐτέρου
867 1425 962 1460 του
1023 1408 1183 1479 χάριν
1206 1408 1305 1479 τῆς
1330 1408 1519 1471 θυσίας
1546 1425 1717 1478 προσ-

124 1499 547 1568 κεκομισμένης
577 1539 591 1563 ,
642 1498 676 1567 ἢ
719 1499 929 1552 τούτων
962 1501 1170 1568 αὐτῶν;
1206 1502 1479 1571 Θαυμάςω
1521 1501 1599 1565 δὲ,
1636 1502 1719 1554 ὄτι

120 1591 566 1661 διαηκραγότος
607 1591 703 1644 τοῦ
755 1592 997 1657 Παύλου,
1043 1578 1319 1663 καιμάλα
1368 1592 1574 1660 σαφῶς,
1620 1593 1718 1645 οὐκ

122 1679 261 1733 εἶναι
306 1681 709 1751 παραπλήσιον
748 1683 863 1745 τοῖς
896 1682 1035 1754 ὑπὲρ
1071 1684 1180 1735 τῶν
1224 1685 1369 1737 ίδίων
1403 1682 1719 1753 πλημμελη-

124 1774 311 1841 μάτων
341 1773 754 1843 προσκομίζειν
778 1774 1250 1844 κεκελευσμένοις,
1277 1776 1464 1828 ἔπειτα
1490 1772 1597 1827 τῶν
1621 1774 1715 1826 τοῦ

1821 589 2106 645 Christus?
2148 591 2231 644 vel
2262 591 2530 659 quomodo
2574 591 2834 646 innocens
2869 600 2923 646 et
2959 592 3305 662 impollutus,
3349 599 3397 651 si

1822 680 2106 734 nobiscum
2138 681 2338 751 indiget
2364 684 2539 737 hostia
2572 700 2667 752 pro
2692 685 2928 752 peccatis
2964 686 3301 740 remittendis
3346 694 3395 739 et

1824 769 1887 822 ad
1932 780 2245 837 peccatores
2278 771 2653 838 justiﬁcandos
2694 773 2941 827 oblatus?
2984 773 3264 839 Quomodo
3310 791 3393 828 se-

1823 868 2073 928 gregatus
2100 875 2127 913 a
2162 862 2554 929 peccatoribus,
2583 863 2628 916 si
2657 878 2759 914 una
2789 878 2908 916 cum
2940 867 3067 931 ipsis
3104 864 3213 935 94
3235 866 3365 933 justi

1824 949 2093 1015 ficabitur,
2134 966 2255 1004 cum
2307 953 2483 1007 hostia
2511 967 2615 1005 non
2661 954 2762 1006 alia
2808 957 2872 1008 de
2902 969 3062 1008 causa
3114 956 3392 1022 offeratur,

1820 1055 1979 1109 quam
2003 1058 2099 1110 pro
2136 1043 2250 1096 istis
2288 1044 2457 1110 ipsis?
2501 1044 2665 1097 Miror
2704 1052 2882 1099 autem
2922 1049 3087 1114 quod,
3129 1050 3394 1102 clamante

1819 1130 2005 1195 Paulo,
2033 1142 2085 1186 et
2112 1134 2327 1201 quidem
2360 1137 2725 1201 apertissime,
2760 1151 2865 1190 non
2897 1152 3016 1191 esse
3046 1138 3190 1191 illum
3223 1142 3393 1206 persi-

1822 1222 2001 1277 milem
2064 1224 2147 1276 bis
2188 1225 2383 1293 quibus
2422 1240 2518 1294 pro
2560 1228 2676 1280 suis
2715 1227 2924 1281 delictis
2963 1228 3165 1282 hostias
3203 1229 3394 1284 offerre

1820 1315 1892 1368 sit
1915 1315 2154 1383 jussum,
2212 1318 2405 1372 deinde
2437 1334 2534 1386 pro
2564 1319 2777 1374 delictis
2816 1322 2993 1389 p0puli
3017 1359 3031 1383 ,
3070 1311 3172 1375 non
3204 1323 3394 1375 timeas

1819 1404 2089 1458 contraria
2114 1406 2408 1472 praedicare
2441 1405 2505 1458 iis
2533 1421 2649 1474 qua:
2692 1406 2780 1458 ille
2819 1407 2973 1470 dixit,
3005 1408 3096 1459 sed
3148 1420 3395 1459 asserere

1820 1495 2041 1557 audeas,
2069 1507 2164 1562 pro
2198 1493 2408 1546 illorum
2445 1494 2798 1547 similitudine
2845 1494 2933 1561 qui
2988 1493 3281 1545 secundum
3318 1491 3393 1544 le-

1819 1598 1937 1653 gem
1969 1582 2185 1637 fuerunt
2208 1584 2536 1647 sacerdotes,
2559 1584 2718 1637 etiam
2752 1586 2919 1651 ipsum
2950 1598 3044 1650 pro
3073 1598 3133 1637 se
3164 1582 3391 1636 hostiam

1820 1674 2032 1728 olTerre.
2079 1674 2147 1727 Et
2199 1675 2242 1727 si
2280 1688 2465 1727 verum
2496 1686 2576 1728 est
2609 1676 2722 1743 lege
2773 1674 3030 1727 constitui
3083 1676 3394 1727 sacerdotes

1822 1764 2081 1817 habentes
2118 1762 2505 1824 infirmitatem,
2549 1778 2796 1816 sermone
2827 1774 3003 1816 autem
3038 1761 3395 1831 jurisjurandi

118 1861 249 1915 λαοῦ
280 1862 648 1930 πρεσϐεύειν,
688 1864 749 1915 ού
778 1864 955 1926 δέδιας
978 1903 993 1926 ,
1024 1860 1105 1928 οἷς
1132 1865 1235 1935 ἔφη
1266 1867 1521 1918 τάναντία
1552 1867 1715 1933 φάναι

1828 1855 1959 1921 quod
1993 1864 2111 1922 post
2145 1852 2315 1921 legem
2345 1862 2449 1914 est,
2478 1850 2670 1905 Filium
2697 1853 2749 1906 in
2777 1862 3041 1906 aeternum
3072 1852 3391 1919 perfectum,

117 1971 173 2005 τε
208 1955 430 2022 τολμᾷς
483 1951 501 2023 [
528 1953 623 2004 τοῦ
656 1953 809 2015 λαοῦ,
856 1954 1181 2025 πρεσϐεύειν
1207 1958 1266 2009 οὺ
1294 1957 1467 2019 δέδιας
1495 1952 1575 2019 οἷς
1613 1957 1715 2028 ἔφη

116 2046 386 2097 τάναντία
414 2082 431 2105 ,
478 2045 649 2112 φάναι
685 2060 742 2095 τε
777 2044 983 2115 τολμᾷς
1008 2045 1056 2117 ],
1112 2047 1236 2101 καθ’
1286 2049 1579 2119 ὁμοιότητα
1619 2051 1719 2119 τὴν

118 2135 373 2196 ἐκείνων,
412 2134 468 2185 οἳ
517 2133 662 2186 κατά
688 2134 850 2203 νόμον
893 2137 1181 2203 γεγόνασιν
1213 2140 1397 2209 ἱερεῖς,
1438 2140 1526 2192 καὶ
1556 2139 1719 2193 αὑτὸν

118 2226 258 2294 ὑπὲρ
312 2226 521 2277 ἑαυτου
576 2226 878 2293 προσάγειν
940 2226 1151 2282 θυσίαν.
1213 2230 1321 2281 Καὶ
1370 2229 1527 2297 εἴπερ
1574 2230 1736 2282 ἐστὶν·

116 2316 344 2385 ἀληθὲς,
363 2315 446 2376 ὼς
476 2316 505 2365 6
528 2314 693 2384 νόμος
724 2316 824 2385 μὲν
852 2317 1173 2388 καθίστησιν
1195 2321 1472 2392 ἀρχιερεῖς
1497 2322 1719 2392 ἔχοντας

116 2406 414 2465 ἀσθενείας
436 2422 451 2433 ·
486 2405 516 2455 6
540 2403 700 2472 λόγος
739 2405 794 2457 δὲ
824 2406 925 2475 τῆς
958 2410 1303 2478 ὁρκωμοσίας
1335 2414 1431 2481 τῆς
1468 2413 1606 2483 μετὰ
1631 2414 1721 2466 τὸν

116 2500 310 2566 νόμον,
346 2497 488 2548 Υίὸν
537 2497 619 2557 εἰς
670 2496 759 2547 τὸν
804 2496 974 2549 αἰῶνα
1018 2500 1466 2571 τετελειωμένονο
1517 2504 1569 2555 τί
1610 2506 1722 2566 τοῖς

116 2586 374 2639 ἀσθενεῖν
406 2583 633 2636 εἰωθόσι
665 2587 840 2635 ποιεῖν
870 2583 979 2654 [ἷσ.
1018 2587 1215 2658 ποιεῖς]
1244 2590 1595 2661 συναρίθμιον
1632 2590 1721 2643 τὸν

115 2678 212 2747 τῆς
246 2675 493 2730 ἐκείνων
540 2672 783 2743 πληθύος
814 2675 1173 2748 ἐξῃρημένον,
1206 2682 1301 2733 καὶ
1335 2681 1433 2752 τὴν
1467 2683 1605 2753 ὑπὲρ
1640 2685 1723 2736 νό-

118 2788 215 2838 μον
263 2768 477 2837 ἔχοντα
506 2766 812 2831 τελείωσιν,
863 2769 1075 2823 οἴκοθέν
1117 2790 1174 2825 τε
1226 2776 1321 2828 καὶ
1349 2776 1493 2830 κατά
1538 2777 1720 2846 φύσιν,

115 2860 278 2928 εἴπερ
313 2859 476 2909 ἐστὶν
505 2856 637 2919 Υἱὸς
670 2856 905 2925 ἀληθῶς,
939 2860 1033 2911 καὶ
1060 2860 1146 2914 διὰ
1179 2863 1338 2917 τοῦτο
1375 2866 1542 2932 Θεός;
1576 2867 1725 2919 ’ῐδω-

119 2966 219 3016 μεν
249 2949 313 3000 δὲ
342 2947 444 2999 καὶ
479 2949 546 2998 ἐκ
576 2945 669 2998 τοῦ
704 2948 932 3016 νομικοῧ
964 2952 1056 3002 καὶ
1077 2953 1434 3025 ἀρχαιοτέρου
1464 2959 1725 3028 γράμμα·

116 3056 227 3103 τκ,
269 3039 407 3091 τίνα
444 3038 515 3106 δὴ
556 3037 761 3105 τρόπον
808 3040 900 3090 καὶ
947 3040 1087 3109 ὑπὲρ
1136 3042 1299 3096 τίνων
1344 3047 1725 3117 είσκεκὸμικεν

117 3132 317 3184 ἐαυτὸν
344 3132 373 3182 6
418 3128 780 3198 Ἐμμανουήλ
804 3131 882 3191 είς
909 3130 1084 3200 ὀσμὴν
1112 3133 1337 3197 εὐωδίας
1367 3137 1444 3206 τῷ
1490 3138 1606 3208 Θεῷ
1633 3141 1724 3191 καὶ

116 3220 321 3289 Πατρί.
370 3218 517 3271 Σκιά
563 3218 664 3287 μὲν
720 3218 828 3287 γὰρ
869 3220 1313 3291 ὁμολογουμένως
1360 3228 1388 3278 6
1433 3229 1595 3296 νόμος
1636 3226 1723 3299 ἦν,

118 3310 257 3378 πλὴν
293 3306 669 3360 ὑποτύπωσιν
700 3307 811 3375 ἔχει
840 3311 1143 3379 μυστηρίου
1179 3313 1270 3364 τού
1306 3316 1449 3368 κατά
1470 3320 1725 3388 Χριστὸν,

117 3398 211 3449 καὶ
246 3398 355 3465 τῆς
382 3395 653 3465 ἀληθείας
681 3395 859 3451 ὡδίνει
885 3398 986 3468 τὴν
1018 3400 1318 3468 μόρφωσιν.
1337 3405 1443 3456 Καὶ
1469 3408 1597 3474 γοῦν
1624 3409 1726 3481 ἔφη

118 3508 222 3541 που
276 3487 533 3558 Χριστὸς
586 3490 697 3550 τοῖς
734 3488 1009 3552 Ἰουδαίοις
1061 3492 1383 3562 προσλαλῶν
1406 3513 1419 3528 ·
1459 3517 1475 3547 ι
1508 3499 1568 3551 Ei
1605 3501 1728 3553 ἐπι-

119 3579 349 3631 στεύετε
381 3580 567 3646 Μωσῇ
597 3620 615 3641 ,
662 3578 977 3630 ἐπιστεύετε
1017 3580 1082 3631 ἂν
1108 3582 1230 3649 ὲμοί
1252 3598 1264 3609 ·
1298 3586 1424 3654 περὶ
1453 3588 1562 3659 γάρ
1593 3591 1727 3661 ἐμοῦ

118 3676 335 3733 ἐκεῖνος
384 3669 625 3737 ἔγραψε.
659 3688 674 3717 ι
710 3668 835 3731 Πῶς
861 3664 952 3721 οὖν
980 3668 1099 3739 ἄρα’
1123 3672 1383 3727 τεθύκασι
1412 3677 1502 3729 τὸν
1534 3680 1725 3749 ἀμνὸν,

122 3761 420 3829 μέλλοντες
482 3759 586 3828 τῆς
634 3759 949 3827 Αἰγυπτίων
995 3761 1252 3831 ἀπαίρειν
1292 3766 1340 3817 οἱ
1388 3767 1446 3833 ἐξ
1499 3770 1728 3839 αἵματος

130 3851 399 3922 ’Ῑσραήλ;
456 3850 608 3918 ὑπὲρ
638 3849 849 3901 ἑαυτῶν
888 3846 997 3920 ἆρα
1028 3852 1121 3903 καὶ
1152 3853 1350 3921 μόνων,
1404 3858 1435 3926 ἢ
1465 3861 1557 3912 καὶ
1588 3862 1727 3934 ὑπὲρ

120 3946 379 4019 [ε]αύτοῦ
403 3944 506 3996 τοῦ
527 3942 706 4011 ἀμνοῦ
726 3959 738 4008 ;
762 3944 925 4006 Τίνας
945 3944 1233 4015 ἐλυτροῦτο
1249 3947 1337 4001 διὰ
1354 3949 1445 4002 τοῦ
1466 3952 1725 4023 αἵματος;

118 4032 232 4105 ἆρα
259 4036 391 4097 τοὺς
426 4032 540 4085 ὑπὸ
569 4032 735 4099 ζυγὸν
764 4032 1027 4096 δουλείας,
1068 4038 1159 4088 καὶ
1187 4037 1465 4111 δύσοιστον
1492 4043 1728 4115 ἀνατλᾷν

119 4123 235 4193 [Ion
274 4119 656 4189 ἀνατλάντας]
692 4120 790 4191 τὴν
819 4122 881 4172 ἐκ
904 4122 1011 4174 τῶν
1042 4123 1355 4191 Αἰγυπτίων
1391 4127 1724 4198 πλεονεξίαν,

118 4214 147 4283 ἢ
183 4216 283 4267 καὶ
315 4213 562 4276 ἐαυτόν;
599 4211 746 4275 τίνος
779 4212 1040 4266 ἀπεσόϐει
1064 4214 1154 4267 τὸν
1188 4216 1549 4289 όλοθρευτήν;
1587 4222 1728 4276 τίσιν

115 4304 365 4371 ἔφασκεν
409 4308 439 4357 6
482 4303 596 4355 τῶν
652 4303 790 4356 ὅλων
830 4304 961 4368 Θεὸς
985 4346 999 4370 ,
1036 4325 1055 4357 ι
1092 4308 1201 4359 Καὶ
1240 4310 1439 4381 ὄψομαι
1469 4314 1529 4365 τὸ
1564 4311 1725 4386 αἷμα,

117 4398 223 4479 καὶᾉ
250 4397 528 4450 σκεπάσω
554 4395 737 4465 ὑμᾶς;
772 4414 790 4446 ι
820 4392 928 4466 ἆρα
960 4398 1071 4461 τοῖς
1103 4398 1439 4472 δεδεημένοις
1472 4407 1570 4475 τῆς
1598 4413 1726 4479 παρ’

1820 1959 1917 1997 cur
1947 1943 1997 1997 in
2038 1958 2225 1997 eorum
2270 1958 2494 1997 numero
2541 1943 2632 2012 qui
2685 1944 2882 1996 intirmi
2935 1958 3054 1996 esse
3096 1957 3393 2022 consueve-

1823 2045 1968 2103 runt,
2000 2051 2252 2091 recenses
2282 2037 2452 2102 illum,
2479 2040 2547 2091 ab
2579 2052 2768 2091 eorum
2806 2038 2959 2092 turba
2985 2046 3267 2106 exceptum
3290 2074 3306 2100 ,
3338 2044 3395 2089 et

1820 2128 2153 2196 perfectione
2196 2143 2316 2197 quae
2348 2143 2509 2197 supra
2556 2129 2725 2198 legem
2771 2137 2853 2181 est
2893 2137 2947 2181 ct
2999 2128 3287 2184 intrinseca
3340 2134 3396 2179 et

1821 2221 2117 2275 secundum
2157 2232 2402 2275 naturam
2452 2220 2613 2273 insita
2668 2220 2981 2288 praeditum,
3015 2232 3135 2276 cum
3170 2218 3239 2271 sit
3268 2229 3398 2271 vere

1822 2311 2011 2376 Filius,
2051 2322 2105 2366 et
2155 2314 2223 2366 ob
2277 2327 2395 2366 eam
2442 2325 2659 2364 causam
2715 2309 2893 2364 Deus?
2941 2310 3048 2365 Sed
3112 2310 3392 2364 videamus

1822 2404 1985 2456 etiam
2020 2419 2085 2457 ex
2114 2404 2267 2472 legali
2296 2411 2349 2457 et
2386 2404 2553 2456 veteri
2585 2402 2790 2471 scripto
2812 2443 2825 2466 ,
2861 2402 3312 2469 quemadmodum
3342 2411 3399 2454 et

1824 2510 1920 2563 pro
1953 2496 2149 2562 quibus
2189 2496 2295 2548 Deo
2323 2504 2376 2547 et
2408 2494 2552 2547 Patri
2597 2492 2831 2559 seipsqu
2880 2491 3137 2545 obtulerit
3181 2492 3399 2543 Emma-

1825 2586 1946 2640 nuel
2002 2587 2055 2640 in
2102 2590 2320 2640 odorem
2363 2586 2643 2639 suavitatis
2665 2586 2730 2638 ".
2780 2581 3261 2652 Umbra'natnque
3310 2582 3396 2635 lex

1824 2689 1939 2733 erat
1979 2679 2165 2746 procul
2198 2680 2380 2742 dubio,
2415 2680 2506 2731 scd
2555 2687 2731 2729 tamen
2779 2674 2979 2728 Christi
3029 2674 3268 2743 mysterii
3316 2673 3399 2726 iu-

1826 2769 2201 2824 formationem
2258 2767 2419 2821 habet
2463 2767 2541 2828 ",
2601 2780 2663 2819 ac
2717 2765 2957 2819 veritatis
3017 2763 3393 2817 formationem

1828 2864 2074 2931 parturit.
2108 2862 2291 2929 Itaque
2317 2858 2590 2918 Christus,
2625 2874 2745 2910 cum
2778 2856 2990 2910 Judzeos
3012 2856 3397 2923 alloqueretur,

1826 2951 1962 3004 dixit
1995 2970 2009 3003 :
2046 2967 2063 2999 ι
2103 2949 2158 3001 Si
2186 2948 2483 3001 crederetis
2514 2945 2665 3005 Mosi,
2697 2945 2989 2998 crederetis
3024 2945 3186 2997 etiam
3222 2943 3351 2996 mihi
3382 2962 3395 2997 :

1828 3044 1892 3095 de
1922 3057 2004 3095 nte
2027 3041 2171 3095 enim
2211 3041 2296 3094 ille
2317 3040 2536 3108 scripsit
2564 3038 2631 3090 ".
2666 3056 2682 3087 ι
2718 3038 2996 3101 Quomodo
3033 3034 3194 3104 igitur
3230 3032 3402 3088 Israe-

1830 3134 1935 3186 lita:
1966 3134 2029 3186 de
2055 3132 2432 3202 {Egyptiorum
2464 3129 2622 3183 terris
2656 3127 2934 3197 migraturi
2975 3141 3171 3195 agnum
3208 3128 3400 3179 immo-

1833 3225 2118 3277 laverunt?
2162 3241 2285 3276 num
2318 3238 2411 3290 pro
2444 3238 2500 3275 se
2550 3221 2679 3287 ipsis
2718 3229 2945 3285 tantum,
2981 3234 3045 3271 an
3096 3219 3258 3272 etiam
3306 3232 3403 3284 pro

1831 3315 1945 3384 ipso
1975 3315 2155 3382 agno?
2185 3329 2444 3383 quosnam
2496 3312 2793 3365 redimebat
2837 3326 2931 3379 per
2980 3325 3135 3362 suum
3185 3309 3405 3376 sangui-

1833 3405 1991 3459 nem?
2021 3420 2145 3457 num
2176 3420 2268 3458 eos
2292 3405 2382 3472 qui
2417 3405 2515 3456 sub
2539 3402 2669 3471 jugo
2699 3403 2978 3456 servitutis
3001 3410 3175 3465 erant,
3202 3409 3257 3454 et
3282 3416 3407 3469 gra-

1831 3496 2052 3549 vissimo
2079 3495 2467 3565 premebantur
2496 3492 2875 3561 Egyptiorum
2910 3493 3207 3559 dominatu,
3244 3507 3310 3544 an
3346 3507 3405 3547 se

1831 3587 2005 3657 ipsum
2032 3586 2196 3640 etiam
2218 3586 2241 3637 ?
2266 3600 2295 3638 a
2316 3600 2553 3654 quonam
2580 3584 2857 3638 avertebat
2890 3583 3406 3638 exterminatorem?

1831 3678 2091 3749 quibusve
2129 3677 2264 3730 dixit
2295 3676 2383 3729 ille
2422 3676 2562 3729 Deus
2602 3675 2978 3729 universorum
3011 3693 3023 3727 :
3068 3693 3084 3725 ι
3117 3674 3180 3727 Et
3212 3676 3406 3727 videbo

1832 3770 2169 3841 sanguinem,
2200 3778 2253 3822 et
2285 3776 2560 3836 protegam
2594 3780 2689 3819 vos
2714 3766 2798 3818 "‘3
2833 3785 2850 3817 ι
2886 3765 3021 3819 Num
3054 3766 3137 3819 his
3165 3767 3251 3833 qui
3283 3781 3407 3833 pro-

1836 3865 2066 3919 tectione
2113 3860 2445 3929 indigebant,
2494 3874 2560 3911 an
2608 3858 2705 3926 ipsi
2755 3858 2918 3911 etiam
2970 3858 3151 3925 agno?
3187 3856 3403 3910 Hostius

1831 3955 1972 4009 enim
2011 3968 2105 4022 pro
2133 3962 2353 4020 peccato
2383 3948 2760 4012 immolandas,
2794 3948 2846 4001 in
2890 3949 3005 4017 lege
3050 3958 3304 4016 tanquam
3350 3950 3400 4000 in

1834 4047 2011 4101 tabula
2042 4042 2355 4114 designabat
2384 4041 2523 4095 Deus
2554 4056 2615 4094 ac
2646 4040 2826 4103 Pater,
2865 4041 3040 4093 adhuc
3074 4041 3402 4093 adumbrans

1832 4136 2034 4193 Christi
2070 4134 2423 4205 mysterium;
2463 4132 2597 4185 dixit
2637 4140 2813 4184 autem
2867 4132 2943 4185 sic
2979 4132 3045 4184 ad
3092 4130 3272 4184 Mosen
3319 4147 3407 4183 5::-

1833 4242 2046 4281 crorum
2078 4227 2423 4295 interpretem
2460 4237 2473 4251 ·
2512 4242 2529 4274 ι
2568 4222 2623 4276 Si
2660 4236 2787 4275 vero
2820 4225 3069 4276 universa
3107 4234 3406 4291 congrega-

1835 4319 1910 4372 tio
1941 4316 2167 4371 filiorum
2198 4316 2361 4369 Israel
2400 4315 2726 4384 ignoraverit
2758 4328 2858 4367 non
2889 4322 3078 4381 sponte
3099 4352 3115 4378 ,
3147 4325 3198 4365 et
3232 4313 3408 4365 latue-

1834 4411 1905 4463 rit
1957 4408 2178 4463 verbum
2221 4407 2404 4461 oculos
2439 4405 2753 4475 Syuagogae,
2787 4414 2841 4458 et
2872 4404 3099 4457 fecerint
3142 4419 3303 4456 unum
3341 4405 3409 4456 ab

114 4476 292 4543 αὒέοῦ
337 4490 584 4560 σκέπης,
636 4489 805 4558 ἤγουν
832 4490 925 4543 καὶ
952 4491 1101 4563 αὐτῷ
1133 4494 1210 4565 τῷ
1240 4495 1431 4567 ἀμνῷ;
1466 4476 1725 4555 Διετύπου

1834 4501 2085 4554 omnibus
2130 4498 2395 4550 mandatis
2444 4495 2656 4548 Domini
2700 4494 2839 4562 quod
2886 4508 2987 4546 non
3021 4492 3141 4554 fiet,
3184 4503 3239 4547 et
3279 4493 3409 4545 deli-

115 4583 218 4649 μὲν
252 4584 366 4651 γάρ
396 4582 507 4644 τὰς
543 4582 689 4652 ὑπὲρ
737 4586 845 4636 τῶν
886 4585 1174 4658 ἁμαρτιῶν
1219 4590 1487 4643 ποιεῖσθαι
1517 4591 1726 4657 θυσίας,

113 4673 379 4744 καθάπερ
429 4675 495 4725 ἐν
542 4671 738 4725 πίνακι
784 4672 862 4742 τῷ
914 4675 1083 4746 νόμῳ,
1132 4679 1487 4749 σκιαγραφῶν
1544 4680 1621 4732 ἔτι
1667 4683 1730 4733 τὸ

110 4762 365 4831 Χριστοῦ
408 4763 725 4833 μυστήριον
754 4766 781 4817 6
813 4764 945 4827 Θεὸς
972 4767 1066 4818 καὶ
1102 4771 1292 4841 Πατήρ
1312 4787 1326 4800 ·
1367 4771 1470 4841 ἔφη
1505 4772 1559 4826 δὲ
1589 4772 1729 4826 οὕτω

114 4855 256 4924 πρὸς
300 4856 391 4907 τὸν
445 4854 788 4924 ἱεροφάντην
831 4856 1069 4908 Μωσέα”
1109 4877 1126 4908 ι
1180 4859 1307 4912 Ἐὰν
1342 4862 1397 4913 δὲ
1431 4865 1578 4917 πᾶσα
1607 4882 1731 4917 συν-

113 4946 323 5017 αγωγὴ
358 4947 504 5000 υἱῶν
557 4945 779 5016 Ἰσραὴλ
829 4948 1073 5021 ἀγνοήσῃ
1118 4950 1387 5016 ἀκουσίως
1412 4994 1425 5017 ,
1468 4957 1559 5007 καὶ
1592 4956 1727 5027 λάθῃ

114 5046 280 5113 ῥῆμα
322 5044 378 5109 ἐξ
414 5041 731 5109 ὀφθαλμῶν
775 5042 873 5110 τῆς
920 5044 1281 5115 Συναγωγῆς,
1318 5050 1410 5101 καὶ
1459 5052 1729 5120 ποιήσωσι

115 5135 249 5201 μίαν
285 5134 399 5186 ἀπὸ
435 5131 638 5183 πασῶν
664 5130 775 5182 τῶν
804 5132 1035 5186 ἐντολῶν
1071 5136 1165 5187 τοῦ
1196 5137 1421 5209 Κυρίου,
1457 5140 1489 5209 ἢ
1527 5139 1636 5210 [τσ.
1667 5141 1730 5213 ἡ]

113 5229 170 5277 ο)
227 5224 639 5294 ποιηθῄσεται,
710 5224 807 5275 καὶ
859 5223 1314 5294 πλημμελήσωσι,
1371 5229 1464 5281 καὶ
1515 5232 1728 5301 γνωσθῇ

114 5316 311 5374 αὐτοῖς
346 5315 377 5383 ἡ
416 5310 695 5380 ἁμαρτία,
726 5310 794 5379 ἢν
828 5311 1071 5381 ἥμαρτον
1093 5313 1230 5383 αὐτῇ
1254 5330 1266 5341 ·
1299 5317 1392 5368 καὶ
1416 5318 1727 5390 προσάξειή

118 5404 431 5475 συναγωγὴ
462 5403 673 5472 μόσχον
704 5402 767 5453 ἐκ
797 5401 935 5470 βοῶν
966 5404 1195 5472 ἄμωμον
1226 5409 1354 5477 περὶ
1376 5410 1669 5478 ἁμαρτίας.
1710 5429 1728 5461 ι

115 5500 251 5551 Τίνα
309 5496 375 5547 δὲ
426 5496 640 5562 τρόπον
687 5492 758 5543 τὰ
801 5488 911 5562 τῆς¹
951 5493 1141 5556 θυσίας
1186 5496 1546 5553 ἐπιτελεῖσθαι
1602 5502 1729 5572 χρὴ,

189 5700 233 5728 ες
285 5692 611 5763 Ηεὶιιχηνιι,
642 5686 834 5763 _25:28.
916 5689 962 5720 “
1005 5686 1199 5755 Ephcs.
1235 5705 1286 5758 ν,
1317 5692 1369 5746 2.
1414 5695 1457 5726 ³⁷
1502 5694 1664 5751 Ilebr.
1697 5713 1747 5763 χ,
1784 5696 1833 5750 l.

123 5766 342 5829 13,”.
444 5760 489 5790 ἰ
546 5758 806 5811 ibid.20.

1833 4592 2069 4660 queriut,
2102 4598 2153 4642 et
2188 4597 2369 4641 notum
2404 4586 2601 4639 factum
2637 4584 2794 4638 fuerit
2827 4584 2931 4637 illis
2956 4593 3233 4652 peccatum
3267 4590 3408 4651 quod

1834 4690 2218 4748 peccaverunt;
2275 4688 2327 4731 et
2383 4676 2611 4730 adducet
2678 4675 3025 4742 congregatio
3067 4674 3291 4725 vitulum
3345 4690 3409 4727 ex

1834 4772 2005 4825 bobus
2080 4768 2485 4822 immaculatum
2541 4782 2641 4835 pro
2673 4774 2895 4835 peccato
2932 4764 3001 4818 ’°.
3041 4783 3058 4814 ι
3102 4764 3206 4817 Sed
3263 4776 3410 4833 post-

1833 4878 2058 4932 eaquam
2111 4863 2359 4929 exposuit
2404 4875 2636 4928 quonam
2691 4858 2847 4911 modo
2896 4857 3070 4910 hostia
3125 4858 3196 4909 sit
3276 4874 3407 4909 con-

1839 4954 2179 5015 summanda,
2238 4953 2512 5020 subjungit
2574 4958 2625 5003 et
2675 4950 2784 5002 ait:
2853 4964 2873 4998 ι
2913 4947 2976 5000 Et
3031 4948 3411 5016 propitiubitur

1835 5047 1942 5117 95
2002 5062 2097 5114 pro
2152 5043 2281 5113 ipsis
2326 5046 2605 5103 sacerdos,
2641 5052 2694 5094 et
2748 5041 3052 5093 remittetur
3091 5040 3169 5091 eis
3221 5054 3378 5105 pecca

1841 5149 1950 5192 tum
1980 5138 2043 5191 ³¹.
2089 5156 2106 5187 ι
2144 5135 2262 5190 Jam
2310 5150 2439 5203 ergo
2464 5136 2775 5187 consideres
2818 5131 3014 5196 velim,
3059 5130 3236 5183 allerri
3288 5131 3408 5198 qui-

1841 5234 1959 5285 dem
2004 5230 2229 5283 vitulum
2270 5228 2321 5279 in
2365 5236 2489 5295 typo
2526 5225 2727 5280 Christi
2767 5223 2907 5277 illius
2950 5221 3319 5282 mundissimi,
3358 5229 3412 5274 et

1840 5322 2102 5376 maculam
2137 5321 2336 5374 nullam
2363 5321 2633 5382 habentis,
2667 5319 2758 5371 sed
2800 5315 3088 5370 afferentes
3119 5330 3145 5365 a
3171 5314 3281 5367 suis
3303 5314 3411 5367 cri-

1843 5412 2077 5466 tninibus
2111 5410 2361 5473 liberari,
2408 5408 2770 5463 nonvitulum
2815 5422 3052 5475 prorsus.
3098 5404 3409 5457 lmmolatus

1843 5518 2075 5571 namque
2104 5513 2186 5557 est
2219 5518 2320 5557 nou
2363 5517 2459 5571 pro
2500 5516 2579 5563 se,
2613 5510 2670 5553 ut
2706 5510 2759 5552 tu
2794 5498 2949 5561 dicis,
2986 5497 3077 5551 sed
3126 5511 3221 5563 pro
3262 5495 3410 5548 infir-

1911 5698 1956 5729 ³³
1997 5695 2152 5753 Joau.
2197 5715 2245 5764 ν,
2297 5696 2383 5751 46.
2461 5696 2505 5728 ’³
2543 5694 2715 5751 Exod.
2753 5693 2965 5759 “1,13.
3048 5691 3090 5722 ³⁸
3135 5691 3305 5745 Levit.
3330 5705 3404 5757 tv,
