4040 6442
588 373 689 426 ιω

1590 366 1648 419 S.
1692 360 1972 420 CYRILLI
2013 353 2484 414 ALEXANDBINI
2524 351 2843 411 ARClllEP.

3763 339 3863 393 168

590 490 714 554 iiiis,
742 500 841 557 pro
883 483 1081 553 quibus
1122 481 1313 551 legalis
1356 481 1447 537 ille
1497 480 1739 553 pontifex
1792 477 2022 533 iaciebat
2061 490 2181 547 pre-

2317 472 2509 528 ιειπὼν
2560 466 2622 525 εῦ
2677 470 2859 541 μάλα,
2908 464 3287 539 προσεπάγει,
3334 460 3429 517 καί
3476 472 3640 528 φησιο
3696 475 3713 505 i
3757 454 3867 509 Καὶ

588 593 723 635 ees:
776 586 832 633 ut
863 591 1055 630 rursus
1095 574 1497 628 animadvertas
1528 573 1850 630 advocatum
1888 569 2035 623 illum
2081 581 2177 637 pro

590 669 750 726 nobis
774 667 975 723 factum
1001 668 1068 731 ³³,
1103 666 1562 738 innocentemque
1607 672 1662 717 et
1704 672 1957 719 sanctum
2003 658 2180 728 ponti-

591 763 785 821 iii-ein,
825 766 1166 826 segregatum
1221 772 1249 810 a
1302 754 1678 824 peccatoribus
1725 752 1792 809 ³³.
1840 750 2007 823 Igitur
2055 763 2179 804 cuin

589 866 774 904 sermo
803 847 1103 902 adversarii
1155 848 1390 915 undique
1437 844 1775 900 absurditate
1814 842 2041 905 laboret,
2086 853 2183 895 nos

592 940 907 1009 pontiﬁcem
932 951 986 994 et
1024 940 1329 1008 apostolum
1357 936 1719 992 c0iifessionis
1747 946 1947 989 nostra:
1979 932 2189 985 factum

593 1049 715 1091 esse
746 1032 978 1086 dicimus
1008 1030 1187 1100 ipsum
1223 1045 1290 1084 ex
1336 1029 1444 1083 Deo
1492 1027 1653 1081 Patre
1689 1025 1923 1081 Verbum
1952 1023 2019 1086 “,
2056 1038 2181 1077 cum

596 1124 774 1179 factus
814 1124 996 1185 homo,
1035 1136 1095 1177 se
1118 1122 1185 1176 ad
1218 1121 1647 1174 exiiiaiiitiouem
1684 1117 1883 1187 dejecit
1912 1115 1978 1178 ³⁸,
2007 1122 2062 1169 et
2090 1128 2186 1167 uo-

597 1225 709 1274 stra
742 1214 1059 1284 assumpsit,
1095 1223 1154 1268 ut
1181 1214 1418 1283 seipsum
1454 1214 1616 1267 etiam
1648 1228 1747 1281 pro
1778 1208 2031 1264 omnibus
2064 1206 2189 1261 υσθ-

596 1325 723 1364 rens
752 1307 900 1362 Patri
942 1309 994 1363 iii
1034 1308 1260 1363 odorem
1311 1307 1598 1362 suavitatis
1628 1305 1697 1371 ⁸⁸,
1749 1302 2056 1373 acquireret
2098 1315 2191 1351 ομ

598 1402 721 1457 bein
776 1412 1065 1465 terrarum,
1120 1401 1388 1457 eximeret
1424 1400 1705 1455 veteribus
1760 1395 1955 1466 culpis,
2016 1391 2189 1464 gratia

594 1494 927 1561 jiistiilcaret
960 1510 1055 1562 per
1089 1494 1248 1548 ﬁdem
1282 1495 1351 1553 ³⁷.
1394 1493 1586 1547 mortis
1625 1502 1787 1560 atque
1825 1486 2191 1556 corruptionis

602 1586 840 1643 victores
867 1586 1129 1647 eﬂiceret.
1172 1602 1361 1641 sacros
1399 1589 1562 1641 etiam
1600 1596 1765 1653 atque
1802 1580 2189 1645 sanctificatos,

602 1690 657 1731 et
689 1679 742 1732 in
774 1680 919 1731 omni
958 1679 1176 1733 virtutis
1214 1696 1411 1749 genere
1443 1677 1713 1747 perfectos
1749 1676 2017 1736 redderet,
2044 1672 2191 1724 illum

605 1770 946 1825 Salvatoreiii
978 1787 1041 1823 ae
1074 1769 1497 1839 Redeiiiptoreiii
1531 1771 1875 1828 conﬁtentes,
1902 1779 1999 1835 per
2030 1778 2191 1831 quem

2281 566 2593 631 ὲξιλάσεται
2621 563 2750 633 περὶ
2786 560 2967 615 αὐτῶν
2996 562 3024 612 6
3054 548 3252 629 ἱερεὺς,
3283 554 3379 608 καὶ
3403 550 3741 621 ἀφεθήσεται
3773 548 3868 600 αὺ-

2281 659 2394 721 τοῖς
2431 657 2465 726 ὴ
2498 654 2761 725 ἁμαρτία.
2800 672 2818 704 ι
2854 650 3045 720 Ἀθρει
3074 648 3139 717 δὴ
3164 643 3281 708 οὖν,
3310 645 3393 699 ὅτι
3431 638 3871 713 προσεκομίζετο

2286 748 2387 823 μὲν
2426 750 2453 800 6
2509 746 2709 815 μόσχος
2744 745 2801 796 ὲν
2833 742 2991 810 τύπῳ
3020 737 3257 811 Χριστοῦ
3302 734 3396 789 τοῦ
3438 731 3744 799 πανάγνου,
3776 728 3873 781 καὶ

2287 816 2480 911 μῶμον
2517 838 2612 891 τοῦ
2650 836 2761 907 (25)
2818 832 2895 904 μὴ
2941 832 3190 902 ἔχοντος·
3227 825 3633 897 ἀπηλλάττοντο
3658 820 3725 911 δὲ
3764 816 3873 871 τῶν

2289 910 2436 982 ίδίων
2483 924 2823 995 αἱτιαμάτων
2854 924 2902 976 oi.
2933 917 3431 993 προσκομίζοντες,
3472 913 3567 966 καὶ
3612 910 3727 963 οῦτι
3771 924 3874 959 που

2290 1020 2437 1091 μάλα
2481 1021 2509 1071 6
2558 1018 2777 1088 μόσχος.
2809 1015 3044 1067 Τέθυται
3073 1011 3182 1080 γὰρ
3230 1010 3330 1075 οὐχ
3373 1008 3515 1075 ὑπέρ
3559 1020 3622 1071 γε
3672 1000 3875 1071 μᾶλλον

2288 1111 2665 1175 ἑαυτοῦ,καθά
2697 1110 2760 1162 σὺ
2790 1108 2916 1178 φὴς,
2931 1106 3046 1161 ἀλλῖ
3072 1104 3211 1173 ὑπέρ
3240 1119 3303 1170 γε
3325 1100 3438 1153 τῶν
3466 1094 3875 1169 ὴσθενηκότων,

2289 1208 2430 1277 ὑπὲρ
2452 1200 2527 1260 ῶν
2554 1205 2789 1258 ἐποιεῖτο
2813 1203 2911 1266 τὰς
2931 1200 3084 1262 λιτὰς
3114 1199 3142 1249 6
3172 1195 3314 1249 κατὰ
3342 1192 3543 1261 νόμους
3559 1186 3875 1259 ἀρχιερεύς.

2292 1302 2381 1355 ἵνα
2435 1299 2598 1353 πάλιν
2640 1298 2828 1365 ἐννοῇς
2870 1294 2961 1347 τὸν
3009 1290 3151 1361 ὑπὲρ
3184 1288 3344 1362 ἡμῶν
3388 1281 3657 1353 γεγονότα
3702 1278 3882 1349 παρά-

2292 1394 2513 1463 κλητον,
2531 1390 2764 1460 ἄμωμόν
2785 1404 2845 1439 τε
2869 1386 2965 1439 καὶ
2991 1386 3137 1437 ὅσιον
3167 1378 3450 1455 ἀρχιερέα,
3472 1372 3885 1447 κεχωρισμένον

2293 1485 2402 1540 τῶν
2432 1482 2800 1555 ἁμαρτωλῶν.
2832 1477 3178 1548 Πανταχόθεν
3212 1469 3503 1542 τοιγαροῦν
3528 1467 3886 1539 ὴρῤωστηκό-

2294 1594 2386 1641 τος
2422 1575 2517 1629 τοῦ
2542 1575 2703 1642 λόγου
2746 1572 2809 1624 τὸ
2846 1568 3082 1631 ἀκαλλὲς
3115 1566 3193 1638 τῷ
3224 1564 3291 1617 δι’
3317 1560 3588 1623 ἐναντίας,
3620 1555 3888 1627 ἀρχιερέα

2297 1665 2393 1719 καὶ
2442 1662 2743 1716 ἀπόστολον
2772 1659 2873 1728 τῆς
2903 1655 3195 1726 ὁμολογίας
3222 1650 3379 1722 ἡμῶν
3421 1646 3675 1716 γενέσθαι
3708 1642 3889 1713 φαμὲν
3996 1652 4001 1655 ·

2298 1755 2464 1809 αὑτὸν
2508 1754 2599 1807 τὸν
2646 1754 2709 1805 ὲκ
2739 1720 2875 1803 Θεοῦ
2917 1720 3134 1817 ίΙατρδς
3180 1720 3376 1811 Λόγον,
3406 1741 3497 1793 ’ὅτε
3526 1738 3757 1807 γέγονεν
3798 1732 3893 1823 ἀν’

604 1872 660 1917 et
685 1877 809 1916 cuin
834 1877 941 1929 quo
983 1863 1091 1917 Deo
1117 1872 1172 1918 et
1202 1862 1350 1917 Patri
1391 1864 1565 1934 gloria
1593 1878 1717 1915 cum
1754 1871 1943 1915 saneto
1983 1856 2189 1926 Spiritu

2317 1851 2540 1919 lpumoc,
2572 1844 2762 1905 καθεὶς
2792 1840 2985 1894 ἑαυτὸν
3015 1840 3096 1899 είς
3126 1836 3385 1895 κένωσιν,
3408 1832 3502 1885 καὶ
3533 1830 3593 1881 ὲν
3624 1829 3738 1889 τοῖς
3770 1822 3892 1878 καθ’

606 1953 660 2007 in
681 1952 897 2009 saecula.
946 1956 1140 2012 Amen.

2301 1912 2470 2010 ἡμᾶς,
2500 1939 2588 1990 ἴνα
2614 1937 2707 1989 καὶ
2732 1935 2873 2003 ὑπὲρ
2900 1930 3119 1985 πάντων
3141 1928 3217 1991 εις
3244 1924 3421 1997 ὀσμὴν
3442 1920 3668 1984 εὐωδίας
3697 1916 3892 1972 ἑαυτὸν
3992 1912 4005 2005 ,⁵

605 2050 827 2115 ἀναθεὶς
855 2051 932 2123 τῷ
965 2009 1173 2122 Πατρῖ,
1207 2048 1628 2118 κατακτήσηται
1674 2045 1776 2116 τὴν
1820 2044 1913 2096 ὑπ’
1964 2038 2218 2111 οὐρανὸν,
2262 2036 2516 2105 ἐξέληται
2554 2033 2664 2085 τῶν
2698 2029 2943 2100 ἀρχαίων
3005 2024 3371 2094 αίτιαμάτων,
3402 2015 3668 2085 δικαιώσῃ
3698 2014 3768 2123 τῇ
3800 2009 3897 2114 χα-

612 2158 718 2209 ριτι
766 2101 858 2198 δίά
894 2101 1173 2207 Ἰπίστεως,
1210 2101 1464 2196 ἀθανάτου
1518 2101 1615 2193 καὶ
1670 2101 1877 2209 φθορᾶς
1934 2101 2213 2204 ἀπσφήνη
2268 2101 2583 2199 κρείττονας
2614 2164 2628 2187 ,
2680 2121 2859 2193 ἱερούς
2906 2114 2967 2172 τέ
3020 2119 3117 2172 καὶ
3163 2112 3555 2209 ἡγιασμένους,
3633 2105 3730 2158 καὶ
3788 2101 3897 2209 πᾶν
3992 2186 3999 2191 ﬁ

610 2186 750 2299 ἔῖδος
794 2237 995 2307 ἀρετῆς
1045 2232 1105 2289 εὖ
1125 2186 1287 2305 ἱμάλα
1321 2186 2071 2303 κατωρθωκόαέαςῖἓωτῆραί
2109 2186 2238 2278 ,κΜαὶ
2309 2186 2618 2290 λυτρωτὴν
2664 2186 3063 2284 ὁμολογοῦντας
3094 2208 3293 2262 αὐτόν·
3335 2206 3403 2259 δι’
3446 2196 3509 2256 οὗ
3552 2201 3648 2254 καὶ
3682 2198 3804 2270 μεθ’
3836 2186 3896 2247 οὗ

607 2330 688 2399 τῷ
724 2328 845 2399 Θεῴ
877 2330 971 2381 καὶ
1007 2329 1178 2399 Πατρὶ
1215 2329 1249 2397 ἠ
1278 2326 1425 2391 δόξα,
1477 2327 1575 2379 σὺν
1611 2324 1753 2394 ἁγίῳ
1801 2320 2080 2391 Πνεύματι
2120 2320 2204 2382 είς
2236 2317 2364 2378 τοὺς
2392 2313 2614 2373 αἰῶνας.
2660 2308 2853 2378 ’Δμήν.

860 2479 1265 2571 TOMUS
1349 2476 1940 2581 QUARTUS.

684 2655 879 2709 Beatus
910 2651 1108 2708 Paulus
1151 2665 1273 2704 cuin
1304 2649 1442 2718 legis
1473 2644 1722 2702 umbram
1773 2644 1914 2700 baud
1955 2643 2200 2699 inutilem

617 2746 930 2802 liominibus
965 2744 1052 2809 pie
1077 2742 1263 2796 vivere
1306 2740 1721 2797 instituentibus
1766 2737 2113 2798 ostenderet,
2147 2738 2203 2787 et

613 2855 677 2895 ea
709 2854 829 2907 quae
877 2836 1005 2891 olim
1056 2834 1249 2905 priscis
1291 2834 1601 2888 hominibus
1647 2832 2022 2901 contigissent,
2059 2828 2204 2881 velut

620 2929 857 2986 tabulam
898 2925 1189 2998 quamdam
1230 2934 1285 2979 et
1334 2940 1513 2979 rerum
1552 2925 1825 2977 veriorum
1882 2920 2204 2988 descriptio-

2569 2455 2638 2538 Τ
2646 2448 2956 2537 ΟΜΟΣ
3029 2438 3628 2530 ΤΕΤΑΡΤΟΣ.

2390 2636 2451 2689 't)
2482 2631 2769 2690 θεσπέσιος
2815 2625 3051 2687 Παῦλος,
3104 2623 3206 2675 οὐκ
3236 2617 3501 2687 ἀσυντελῆ
3544 2615 3679 2684 πρὸς
3710 2613 3899 2682 ὄνησιν
3986 2648 4005 2673 ρ

2306 2732 2419 2793 τοῖς
2462 2725 2707 2780 εὐσεϐεῖν
2736 2720 3057 2793 ᾑρημένοις,
3101 2715 3200 2787 τὴν
3236 2712 3291 2765 έν
3325 2728 3389 2779 γε
3432 2708 3509 2779 τῷ
3555 2709 3709 2777 νόμῳ
3741 2708 3900 2758 σκιὰν

2312 2820 2655 2888 ἀποφαίνων,
2708 2815 2801 2866 καὶ
2851 2810 2958 2881 μὴν
3011 2808 3106 2860 καὶ

619 3037 742 3077 nem
815 3020 1059 3076 omnium
1127 3018 1325 3070 animis
1397 3015 1742 3085 apertissime
1816 3020 2202 3083 proponeret:

2317 3003 2692 3073 ἀληθεστέρων
2724 2999 2842 3058 ταῖς
2876 2994 3131 3047 ἁπάντων
3157 2989 3419 3049 διανοίαις
3462 2980 3519 3037 εὖ
3548 2983 3694 3053 μάλα
3722 2998 3904 3050 παρα-

2865 3082 2899 3085 --
2956 3079 2967 3085 ,
3004 3080 3022 3085 __
3154 3081 3169 3085 _
3221 3077 3229 3085 ,
3514 3072 3523 3085 ,
3580 3068 3598 3085 τ
3750 3083 3766 3085 ᾼ
3797 3066 3904 3085 μη

625 3133 644 3165 ι
686 3114 831 3179 Haec,
876 3112 1071 3180 inquit,
1100 3110 1281 3165 omnia
1322 3110 1373 3163 in
1424 3111 1592 3178 ligura
1640 3106 2034 3174 contingebant
2077 3103 2204 3167 illis,

621 3207 821 3276 scripta
871 3211 999 3258 sunt
1040 3212 1217 3255 autem
1273 3200 1340 3253 ad
1394 3198 1789 3267 correptionem
1842 3205 2104 3257 nostrain,
2154 3193 2206 3245 in

621 3314 758 3370 quos
796 3298 929 3349 lines
972 3293 1292 3348 saeculorum
1337 3293 1671 3344 devenerunt
1700 3287 1764 3339 ³⁸.
1805 3306 1822 3336 ι
1865 3287 1977 3352 Age
2022 3284 2206 3353 igitur,

622 3408 688 3446 ex
726 3389 982 3459 legalibus
1022 3384 1242 3441 Litteris
1272 3385 1558 3449 desuiiipto
1598 3380 1714 3432 loco
1756 3377 2035 3439 dicamus,
2070 3375 2210 3428 tilios

623 3482 789 3537 Israel
811 3479 940 3534 oliui
972 3492 1035 3531 ex
1069 3473 1447 3544 IEgyptiorum
1484 3470 1643 3526 terris
1690 3468 2016 3522 excedentes
2039 3505 2054 3527 ,
2087 3479 2207 3516 cuin

627 3575 680 3627 iii
722 3583 918 3625 terrain
956 3564 1334 3637 promissionis
1377 3569 1765 3635 properarent,
1808 3557 1860 3611 in
1898 3570 2081 3609 eremo
2132 3554 2211 3607 di-

625 3673 873 3720 versatos
910 3660 1116 3714 fuisse:
1149 3670 1385 3725 cumque
1432 3664 1708 3724 gestorum
1746 3652 1796 3704 iii
1844 3648 2075 3719 Egypto
2114 3648 2215 3700 iiii-

628 3754 935 3809 raculoruin
968 3750 1213 3803 infelices
1237 3747 1413 3812 obliti,
1445 3756 1501 3798 et
1538 3745 1801 3798 memoria
1837 3740 2124 3796 eliaritatis
2161 3739 2212 3791 in

630 3846 797 3899 Deum
846 3842 1053 3911 abjecta
1095 3839 1259 3909 impie
1292 3845 1719 3899 murmurarent,
1765 3850 1794 3886 a
1845 3832 2227 3901 serpentibus,

630 3945 691 3990 ut
724 3937 983 4003 scriptum
1021 3942 1126 3995 est,
1167 3932 1445 4001 perierunt
1474 3927 1538 3979 ”.
1578 3925 1685 3980 Sed
1731 3940 1944 3979 morsus
1977 3934 2215 3977 venena-

633 4037 806 4081 taruin
833 4025 1068 4079 ferarum
1094 4020 1444 4089 elIiigiebaiit,
1480 4031 1602 4069 cum
1639 4015 1729 4069 Dei
1757 4014 1997 4069 omnium
2028 4012 2215 4065 Salvu-

633 4119 768 4171 toris
793 4115 1015 4170 oraculo
1063 4115 1299 4166 monitus
1334 4109 1506 4165 Moses
1531 4114 1837 4176 serpentem
1871 4102 1976 4157 illis
2005 4116 2217 4157 aeneum

633 4208 827 4263 erexit.
852 4204 963 4275 96
990 4221 1006 4253 i
1039 4202 1148 4256 Fac.
1177 4202 1294 4265 tibi,
1352 4200 1553 4268 inquit,
1614 4208 1945 4267 serpentem,
1992 4206 2047 4249 et
2080 4209 2221 4263 pone

636 4299 782 4354 illum
832 4298 884 4351 iii
929 4297 1189 4363 signum:
1240 4302 1295 4348 et
1344 4294 1471 4354 erit,
1511 4290 1555 4342 si
1614 4287 1968 4342 momorderit
1996 4298 2222 4353 serpens

638 4390 935 4450 liniuiiieiu,
974 4386 1225 4454 quisquis
1255 4396 1468 4437 morsus
1503 4382 1685 4441 fuerit,
1724 4378 1913 4432 videns
1953 4377 2101 4430 illiilli
2143 4377 2220 4428 vi-
2259 4404 2303 4458 Ι)

638 4492 723 4531 vet
747 4478 811 4532 ⁸⁸.
849 4496 867 4527 ι
902 4473 1027 4529 Haec
1077 4489 1206 4544 ergo
1253 4472 1423 4542 ﬁgura
1476 4470 1793 4541 mysterium
1842 4467 2043 4522 Christi
2082 4474 2222 4521 erat.

636 4572 770 4622 Cum
803 4567 947 4620 enim
989 4568 1128 4619 Deus
1176 4573 1327 4618 esset
1356 4561 1689 4631 unigenitum
1736 4559 1827 4611 Dei
1872 4558 2138 4622 Verbum,
2172 4567 2227 4610 et

637 4671 732 4722 per
773 4667 1023 4708 naturam
1057 4655 1258 4707 bonum
1312 4667 1376 4704 ex
1415 4654 1555 4704 bono
1602 4650 1797 4712 Patre,
1832 4648 2103 4717 particeps
2149 4646 2228 4699 fa-

638 4758 783 4798 ctum
834 4757 917 4801 est
965 4745 1249 4812 sanguinis
1278 4752 1332 4797 et
1383 4745 1585 4804 carnis,
1625 4744 1727 4799 hoc
1766 4752 1864 4801 est,
1909 4742 2109 4795 factum
2149 4749 2230 4795 est

643 4842 823 4904 lionio,
857 4851 912 4892 et
946 4839 1101 4893 nobis
1131 4838 1223 4907 qui
1256 4838 1380 4891 mali
1413 4853 1660 4901 eramus,
1694 4834 1868 4890 afﬁnis
1896 4877 1910 4901 ,
1960 4846 2230 4905 quatenus

642 4942 790 4983 cei-ie
829 4933 989 4985 homo
1028 4930 1200 4985 nostri
1233 4928 1430 4983 similis
1467 4926 1613 4982 fuit:
1659 4930 1891 4996 positum
1938 4936 2022 4981 est
2063 4927 2229 4981 etiam

644 5021 697 5074 in
748 5023 998 5087 sublime,
1056 5023 1159 5076 hoc
1199 5031 1305 5083 est,
1362 5035 1578 5073 crucem
1634 5019 1847 5085 pertulit
1901 5019 1950 5072 in
1984 5019 2150 5087 ligno,
2178 5026 2234 5071 et

647 5122 872 5165 mortem
915 5116 1214 5167 secundum
1251 5127 1493 5175 carnem,
1538 5112 1639 5165 etsi
1686 5110 1881 5164 revixn
1921 5109 2010 5162 die
2048 5107 2230 5175 tertia,

646 5204 854 5258 calcato
892 5206 1080 5261 mortis
1115 5207 1341 5274 imperio
1371 5206 1436 5259 “.
1479 5204 1613 5258 Cum
1645 5206 1809 5275 igitur
1834 5208 2095 5262 adversus
2124 5206 2234 5260 dis-

648 5299 1019 5361 pensationem
1076 5300 1258 5352 carnis
1318 5300 1643 5353 stultissime
1719 5298 2106 5367 obloquiinur,
2180 5306 2234 5353 et

719 5437 762 5466 "
802 5437 960 5492 Jiiaii.
993 5452 1052 5497 It,
1088 5439 1135 5493 Ι.

1216 5438 1261 5469 ³³
1306 5437 1466 5490 Ilebr.
1512 5454 1605 5500 νει,
1634 5438 1724 5492 26.
1804 5438 1847 5468 ³³
1891 5437 2055 5491 Hebr.
2092 5452 2173 5501 iii,
2210 5439 2257 5491 l.

650 5507 693 5538 "‘
737 5508 753 5560 l
797 5510 920 5561 (lor.
966 5524 1017 5573 ii,
1059 5509 1141 5562 ll.
1221 5509 1264 5540 ³³
1308 5507 1465 5563 Num.
1504 5526 1614 5570 xii,
1654 5513 1907 5576 tiseqq.;
1945 5510 1960 5561 Ι
2000 5510 2127 5564 Cor.
2163 5525 2209 5571 κ,

2378 5510 2421 5539 ⁸ο
2468 5508 2622 5561 Num.
2662 5521 2776 5571 XXI,
2816 5511 2870 5571 8.
2910 5512 2963 5563 9.

2316 3093 2518 3153 τιθείς·
2585 3085 2813 3138 «Ταῦτα
2858 3082 2915 3133 δὲ
2956 3079 3088 3149 [ἵσ.
3134 3077 3352 3137 λείπει,
3401 3068 3599 3141 φησ“ι,]
3656 3066 3907 3125 τυπικῶς
3980 3112 3983 3117 ,

2320 3182 2637 3237 συνέόαινεν
2706 3174 2968 3236 ὲκείνοις“
3018 3168 3239 3239 ἐγράφη
3303 3164 3358 3217 δὲ
3421 3163 3557 3232 πρὸς
3619 3157 3909 3212 νουθεσίαν
4000 3212 4003 3217 ι

2317 3276 2497 3347 ἡμῶν,
2538 3274 2616 3333 είς
2664 3268 2757 3331 οὒς
2800 3266 2868 3319 τὰ
2914 3263 3041 3332 τέλη
3092 3261 3200 3313 τῶν
3246 3258 3459 3312 αἰώνων
3512 3256 3853 3323 κατήντηκε.
3888 3268 3905 3300 i

2316 3341 2453 3435 φέρε
2480 3363 2545 3432 δὴ
2577 3356 2670 3413 οὖν
2711 3360 2775 3411 ὲκ
2816 3353 3057 3425 νομικῶν
3085 3349 3438 3420 Γραμμὰτων
3467 3344 3699 3406 ἑλόντες,
3733 3341 3910 3409 λέγω·

2322 3457 2534 3527 μεν,ώς
2559 3449 2948 3521 κατηυλίζοντο
2980 3446 3077 3515 μὲν
3102 3444 3200 3513 ὲρή
3212 3459 3295 3511 μῳ
3318 3440 3448 3493 ποτὲ
3471 3436 3571 3505 τῆς
3589 3435 3912 3502 Αἰγυπτίων
3978 3486 3995 3511 ἡ,

2322 3550 2656 3616 ἀπαίροντες
2686 3546 2735 3596 οἱ
2762 3541 2822 3606 ἐξ
2858 3536 3100 3609 Ἰσραὴλ,
3150 3535 3243 3587 καὶ
3273 3536 3353 3595 εἰς
3398 3531 3497 3600 τὴν
3527 3530 3627 3599 τῆς
3670 3531 3915 3597 ὲπαγγε-
3988 3579 4005 3605 ζ

2320 3642 2441 3703 λίας
2477 3636 2890 3695 διασπεύδοντες
2928 3631 3060 3701 γῆν·
3093 3625 3281 3696 ἐπειδὴ
3312 3625 3369 3678 δὲ
3400 3622 3508 3675 τῶν
3545 3624 3602 3675 ὲν
3646 3620 3915 3688 Αἰγύπτῳ

2325 3735 2619 3805 θαυμάτων
2654 3725 3097 3799 ἀμνημονοῦντες
3145 3720 3195 3773 οι
3240 3718 3507 3778 τάλανες,
3556 3714 3652 3767 κα)⁸
3693 3713 3798 3782 τῆς
3838 3714 3916 3773 είς

2325 3804 2460 3881 Θεὸν
2498 3827 2719 3892 ἀγάπης
2748 3815 3261 3887 ἀμνημονήσαντες,
3281 3806 3631 3874 διεγόγγυζον
3657 3804 3913 3864 ἀνοσιως,
3988 3856 3999 3866 κ

2328 3921 2433 3974 ὑπὸ
2461 3917 2571 3971 τῶν
2604 3915 2782 3984 ὃφεων
2816 3906 3134 3962 ἀπώλλυντο
3161 3945 3175 3967 ,
3213 3898 3357 3955 κατά
3405 3899 3466 3951 τὸ
3504 3899 3915 3967 γεγραμμένον.
3996 3950 3999 3957 _

2329 4010 2565 4077 Διέδρων
2596 4024 2659 4073 γε
2692 4004 2798 4074 μὴν
2832 4000 2901 4052 τὰ
2944 3999 3052 4051 τῶν
3088 3994 3308 4049 ἰοϐόλων
3337 3992 3630 4062 δήγματα,
3665 3987 3759 4040 τὸν
3795 3987 3919 4055 ὅφιν
4000 4046 4003 4053 ,

2330 4102 2510 4162 αὐτοῖς
2556 4098 2649 4150 τὸν
2700 4091 2936 4164 χαλκοῦν
2978 4084 3462 4155 ἀναστηλώσαντος
3512 4080 3605 4134 τοῦ
3646 4080 3919 4141 Μωσέως,

2328 4194 2423 4247 τοῦ
2450 4194 2668 4245 πάντων
2690 4188 2945 4255 Σωτῆρος
2967 4180 3103 4234 Θεοῦ
3126 4176 3682 4248 κεχρησμῳδηκότος·
3708 4192 3727 4224 ι
3755 4174 3922 4242 Ποίη-

2334 4304 2425 4338 σον
2456 4280 2639 4351 σαυτῷ
2665 4281 2809 4348 ὅφιν,
2833 4277 2928 4329 καὶ
2950 4274 3039 4337 θὲς
3072 4270 3235 4324 αὑτὸν
3265 4268 3357 4321 ἐπὶ
3385 4269 3630 4338 σημεῖοψ
3648 4265 3743 4317 καὶ
3767 4265 3922 4316 ἔσται

2330 4377 2423 4430 ἐὰν
2452 4375 2593 4444 δάκῃ
2617 4372 2740 4441 ὄφις
2771 4369 3082 4439 ἄνθρωπον,
3116 4364 3222 4425 πᾶς
3257 4364 3285 4415 6
3314 4358 3645 4431 δεδηγμένος
3676 4357 3807 4411 ίδὼν
3830 4357 3923 4410 αῦ-

2330 4469 2422 4521 τὸν
2455 4436 2701 4535 ζήσεται.
2746 4481 2763 4513 ι
2798 4436 3115 4528 Μυστήριον
3140 4454 3196 4507 δὲ
3224 4454 3335 4523 ἄρα
3364 4452 3425 4503 τὸ
3453 4450 3592 4503 κατά
3624 4449 3863 4519 Χριστὸν
3893 4450 3924 4517 ἡ
3980 4436 3991 4529 ’ν

2330 4530 2575 4619 τύπωσις
2601 4552 2686 4624 ἦν.
2707 4556 2838 4616 Θεὸς
2862 4555 2972 4625 γὰρ
2998 4557 3261 4625 ὑπάρχων
3288 4556 3317 4607 6
3349 4552 3645 4624 μονογενὴς
3665 4550 3763 4603 τοῦ
3790 4549 3927 4604 Θεοῦ
4000 4530 4001 4537 ί

2333 4652 2528 4720 Λόγος,
2574 4650 2669 4702 καὶ
2717 4648 2777 4715 ἐξ
2815 4646 3024 4716 ἀγαθοῦ
3055 4647 3271 4718 Πατρὸς
3319 4645 3523 4713 ἀγαθὸς
3564 4642 3706 4697 κατά
3738 4644 3928 4711 φύσιν,

2337 4742 2603 4813 μετέσχεν
2626 4741 2862 4810 αἵματος
2890 4740 2984 4793 καὶ
3012 4740 3233 4815 σαρκὸς,
3282 4737 3551 4799 τουτέστι,
3585 4735 3814 4803 γέγονεν
3839 4736 3929 4788 ἀν-

2336 4836 2574 4905 θρωπος,
2603 4836 2732 4904 ἡμῖν
2763 4851 2821 4886 τε
2852 4836 2965 4896 τοῖς
2997 4835 3253 4903 πονηροῖς
3276 4830 3678 4902 παραπλήσιος,
3699 4830 3849 4882 κατά
3870 4844 3928 4893 γε
3988 4882 4005 4895 ,η

2334 4928 2395 4981 τὸ
2421 4923 2559 4980 εἶναι
2587 4927 2710 4980 καθ’
2744 4926 2891 4996 ἡμᾶς
2938 4924 3227 4995 ἄνθρωπος
3270 4922 3535 4992 δηλονότι.
3579 4919 3837 4973 Τέθειται
3877 4920 3929 4972 δὲ
3992 4974 3995 4979 ,

2336 5022 2430 5074 καὶ
2458 5021 2543 5090 ἐφ’
2576 5020 2818 5091 ὑψηλοῦ·
2859 5021 3129 5085 τουτέστι,
3162 5017 3400 5087 σταυρὸν
3444 5013 3641 5084 ἀνέτλη
3690 5012 3789 5065 τὸν
3840 5014 3930 5066 ἐπὶ
3996 5072 3999 5075 _

2340 5114 2519 5179 ξύλου,
2551 5116 2645 5167 καὶ
2690 5114 2783 5167 τὸν
2815 5115 2957 5168 κατὰ
3010 5113 3189 5183 σάρκα
3220 5112 3471 5171 θάνατον.
3500 5111 3549 5162 ει
3597 5107 3690 5161 καὶ
3724 5106 3931 5159 ἀνεϐίω

2338 5208 2637 5276 τριήμερος
2663 5246 2676 5269 ,
2706 5206 2765 5259 τὸ
2802 5206 2894 5259 τοῦ
2924 5204 3162 5258 θανάτου
3197 5204 3448 5272 πατήσας
3502 5201 3723 5271 κράτος.
3758 5200 3930 5251 ’Ὀταν
3998 5198 4005 5267 ς

2339 5301 2521 5352 τοίνυν
2554 5302 2618 5353 ἐκ
2650 5300 2850 5368 πολλῆς
2880 5300 3021 5367 ἄγαν
3050 5298 3342 5360 ἀσυνεσίας
3365 5335 3379 5357 ,
3422 5298 3519 5362 τῆς
3558 5293 3695 5365 μετὰ
3724 5292 3931 5363 σαρκὸς
3980 5342 4003 5357 _

2340 5438 2382 5468 ³⁸
2426 5439 2657 5507 Philipp.
2693 5454 2751 5500 ii,
2781 5440 2810 5489 7
2919 5440 2967 5473 ³6
3001 5439 3198 5503 Eplies.
3235 5453 3285 5495 ν,
3317 5436 3374 5487 2.
3454 5434 3496 5462 ³⁷
3544 5433 3719 5501 Epiies
3785 5445 3846 5497 ιι,
3878 5427 3929 5481 8.

2378 5510 2421 5539 ⁸ο
2468 5508 2622 5561 Num.
2662 5521 2775 5561 XXI.
2816 5511 2870 5561 8.
2910 5512 2963 5561 9.
3044 5513 3085 5541 δι
3132 5508 3293 5561 Hebr.
3344 5524 3403 5561 ii.
3448 5506 3531 5556 Η.

3179 5524 3293 5562 ebr.
3344 5524 3403 5569 ii,
3448 5524 3531 5556 is.

1917 5662 2075 5716 ΛΝΤ.
2119 5663 2205 5715 AG
2220 5662 2394 5717 El.l.ll
2439 5664 2644 5718 ΝΟΤᾹἾ

723 5799 831 5870 (25)
862 5798 1018 5853 Forte
1054 5800 1242 5869 μῶμόν
1272 5815 1369 5849 που

3150 2806 3219 2858 τὰ
3266 2803 3438 2856 πάλαι
3485 2802 3599 2863 τοῖς
3649 2797 3900 2868 ἀρχαίοις
4002 2840 4005 2843 η

2314 2908 2721 2979 συμϐεϐηκότα,
2751 2903 3003 2970 καθάπερ
3030 2900 3149 2951 τινὰ
3193 2897 3399 2948 πίνακα
3423 2894 3515 2945 καὶ
3544 2889 3761 2961 γραφὴν
3794 2887 3903 2941 τῶν
3990 2930 4001 2935 -
