4040 6428
129 306 216 365 169
1212 309 1577 369 ADVERSUS
1617 309 2017 371 NESTORIUM
2053 314 2181 369 LIB.
2224 314 2310 371 lV.

3267 323 3367 377 {70

128 427 427 497 οἰκονομίας
468 428 980 496 καταγογγύζοντες
1007 468 1019 491 ,
1058 427 1151 482 καὶ
1187 428 1246 482 τὸ
1271 431 1504 494 ἀκαλλὲς
1540 430 1709 501 αὐτῆς

1815 444 2022 501 turpem
2058 435 2201 488 illam
2230 441 2481 502 putantes
2521 432 2891 490 erubescimus
2923 442 3014 489 aut
3046 436 3244 494 sentire
3281 446 3371 491 aut

128 514 532 589 καθορίζοντες,
560 518 951 588 αἰσχυνώμεθα
982 520 1196 588 φρονεῖν
1226 520 1257 589 ἢ
1285 519 1708 590 λέγειν,ἀνθρω-

129 627 214 662 πον
260 609 527 678 γενέσθαι
570 609 696 665 καθ’
743 608 890 679 ἡμᾶς
927 608 1018 661 τὸν
1068 609 1160 662 τοῦ
1204 610 1338 662 Θεοῦ
1384 611 1574 678 Λόγον,
1616 614 1710 663 καὶ

129 701 380 770 ἑνωθῆναι
433 702 609 771 σαρκὶ
661 702 804 753 κατά
863 698 1149 770 ἀλήθειαν,
1186 701 1309 753 τότε
1356 706 1449 755 καὶ
1495 702 1709 772 δράκων

129 793 258 861 ἡμᾶς
282 794 311 844 6
333 792 662 862 ἀρχέκακος
699 794 1009 853 ἀποκτενεῖ,
1027 791 1125 860 τῆς
1158 792 1353 844 ἑαυτοῦ
1384 793 1710 858 δυστροπίας

130 884 197 934 Ξὺν
228 884 426 952 ὥσπερ
454 882 587 935 τινὰ
612 885 735 944 ταῖς
778 881 1077 951 ἡμετέραις
1105 881 1366 944 διανοίαις
1409 884 1571 945 ἐνιεὶς
1609 883 1708 952 τὴν

128 972 419 1040 πλάνησιν·
467 968 879 1037 διαφευξόμεθα
932 967 1026 1030 δὲ,
1076 968 1169 1022 καὶ
1224 968 1293 1020 τὰ
1347 968 1447 1037 τῆς
1500 968 1707 1021 ἐκείνου

128 1063 447 1131 σκαιότητος
484 1057 932 1130 διάκρουσὸμεθα
964 1056 1158 1128 βλάϐη,
1203 1060 1309 1122 τοῖς
1358 1059 1453 1129 τῆς
1484 1059 1708 1129 καρδίας

126 1155 360 1224 ιμμασιν
409 1148 831 1221 ἐνορῶντες-τῷ
856 1148 1014 1216 ὄφει·
1049 1148 1318 1212 τουτέστι,
1368 1150 1429 1201 τὸ
1473 1148 1707 1218 Χριστοῦ

128 1247 425 1316 μυστήριον
478 1242 703 1314 ἀκριϐεῖ
746 1241 958 1310 διανοίᾳ
1010 1240 1534 1310 κατασκεπτόμενοι.
1576 1239 1708 1292 Τότε

124 1342 241 1408 γὰρ,
271 1337 401 1389 τότε
434 1335 769 1406 φρονοῦντες
792 1331 951 1402 ὀρθὰ,
978 1330 1366 1393 ἀνενδοιάστως
1384 1330 1710 1400 ρμολογήσο-

125 1446 216 1498 μεν
234 1430 319 1481 ὅτι
352 1427 560 1493 γέγονε
592 1424 733 1495 σὰρξ
760 1426 789 1476 6
818 1422 911 1476 τοῦ
940 1420 1073 1483 Θεοῦ
1096 1421 1288 1489 Λόγος,
1313 1422 1408 1473 καὶ
1428 1419 1702 1491 προῆλθεν

122 1521 178 1571 ὲκ
214 1517 491 1586 γυναικὸς
523 1514 669 1585 μετὰ
692 1513 789 1573 τοῦ
826 1516 1004 1583 μεῖναι
1027 1511 1180 1576 Θεὸς,
1210 1513 1303 1565 καὶ¹
1324 1511 1469 1564 ἔστιν
1492 1514 1520 1565 ὁ
1550 1511 1709 1578 αὐτὸς

120 1610 244 1673 Θεός
270 1627 333 1662 τε
375 1607 525 1678 ὁμοῦ
575 1608 670 1660 καὶ
701 1605 984 1675 ἄνθρωπος
1006 1620 1019 1634 ’
1069 1603 1195 1657 οῦτε
1223 1604 1331 1665 τοῖς
1367 1603 1465 1673 τῆς
1499 1602 1711 1672 ἀνθρωτ

123 1699 350 1769 πότητος
392 1698 630 1768 μέτροις
657 1694 1002 1766 ὲπερυθριῶν
1046 1695 1134 1749 διά
1169 1712 1229 1747 τε
1265 1694 1383 1765 [Ῑσ.
1419 1695 1507 1747 διά
1532 1693 1616 1765 γε]
1653 1694 1713 1745 τὸ

1811 525 1990 579 dicere
2028 526 2198 594 ipsum
2233 525 2324 579 Dei
2350 524 2583 579 Verbum
2627 524 2827 582 factum
2858 539 2980 583 esse
3018 526 3186 579 nostri
3223 528 3373 579 simi-

1813 615 1913 668 lem
1947 614 2243 675 hominem,
2277 621 2330 666 et
2379 613 2528 666 carni
2585 614 2875 667 secundum
2933 614 3217 671 veritatem
3253 615 3373 675 uni-

1812 714 1946 764 tum.
1995 717 2104 757 tum
2148 704 2377 772 denique
2419 705 2581 762 draco
2626 705 2712 757 ille
2764 704 3025 759 malorum
3073 706 3226 774 origo
3276 717 3372 767 nos

1810 792 2038 854 occidet,
2076 793 2129 846 in
2182 802 2395 850 nostros
2435 792 2641 846 animos
2688 792 3039 861 malignitatis
3064 808 3177 848 sum
3215 793 3374 846 sedu-

1811 883 2044 939 ctionem
2076 881 2227 948 quasi
2260 895 2527 936 venenum
2567 881 2892 947 infundens;
2922 881 3242 952 effugiemus
3279 896 3375 933 au-

1813 980 1942 1037 tem,
2000 981 2055 1026 et.
2106 970 2309 1024 illatam
2365 972 2434 1026 ab
2490 971 2631 1032 illius
2673 972 3029 1040 perversitate
3082 972 3370 1039 perniciem

1810 1062 2147 1124 amoliemur,
2183 1061 2228 1115 si
2259 1062 2437 1116 cordis
2466 1060 2649 1116 oculos
2683 1062 2735 1115 in
2784 1071 3087 1131 serpentem
3127 1060 3375 1128 coniece-

1814 1157 2001 1219 rimus,
2036 1156 2137 1209 hoc
2165 1162 2267 1217 est,
2285 1154 2331 1210 si
2353 1153 2553 1208 Christi
2579 1154 2892 1223 mysterium
2926 1153 3169 1224 diligenti
3197 1154 3371 1207 anim-

1810 1248 2126 1303 adversione
2164 1247 2705 1302 consideraverimus.
2753 1243 2888 1299 Tum
2932 1246 3165 1313 denique
3226 1254 3375 1297 recte

1812 1343 2111 1398 sentientes
2169 1340 2316 1394 omni
2370 1340 2708 1393 dubitatione
2763 1346 2968 1393 remota
3003 1336 3376 1393 conﬁtebimur

1813 1431 1987 1499 ipsum
2030 1428 2119 1485 Dei
2156 1426 2388 1482 Verbum
2429 1428 2628 1481 factum
2660 1440 2781 1481 esse
2820 1441 3064 1491 carnem,
3096 1436 3150 1480 et
3192 1426 3261 1479 ita
3306 1438 3371 1478 ex

1812 1519 2035 1575 muliere
2079 1518 2363 1588 prodiissc,
2393 1528 2452 1570 ut
2510 1525 2753 1572 maneret
2809 1516 2972 1578 Deus,
3017 1516 3375 1584 ettmdetnque

1813 1608 1981 1664 Deum
2013 1608 2170 1662 simul
2197 1616 2251 1662 et
2284 1607 2557 1662 hominem
2587 1621 2728 1672 esse,
2757 1621 2930 1675 neque
2965 1608 3033 1661 de
3062 1606 3373 1661 humanita-

1815 1698 1882 1751 tis
1915 1700 2182 1753 mensuris
2216 1699 2622 1752 erubescentem
2661 1707 2877 1765 propter
2919 1697 3254 1755 excellentize
3296 1698 3375 1752 di-

122 1794 209 1863 τῆς
256 1793 550 1863 ὑπεροχῆς
600 1790 847 1861 ἀξίωμα⁸
897 1789 1021 1842 οῦτε
1068 1790 1173 1858 μὴν
1218 1788 1317 1857 τῆς
1374 1787 1708 1858 θεοπρεποῦς

1815 1790 2091 1857 gnitatem,
2126 1804 2297 1856 neque
2330 1803 2516 1842 rursus
2558 1789 2755 1842 divinae
2800 1788 2944 1842 illius
2995 1788 3280 1857 potestatis
3321 1799 3376 1841 et

122 1883 391 1948 ἐξουσίας,
450 1884 549 1936 καὶ
598 1881 908 1951 ὑπερτάτης
939 1880 1186 1941 εὐκλείας
1232 1880 1591 1949 ἐστερημένος
1622 1878 1709 1932 διὰ

120 1978 176 2028 τὺ
207 1975 589 2043 ἀνθρώπινον.
637 1974 701 2026 οι
747 1971 807 2025 δι
961 1970 1029 2023 τὰ
1077 1969 1256 2025 τοιάδε
1305 1969 1603 2042 διακρίνειν
1648 1963 1708 2021 εὖ

124 2068 261 2137 μάλα
305 2063 736 2136 κατηοισμένοι,
764 2061 830 2114 δι’
854 2063 1059 2132 ἀμφοῖν
1106 2060 1199 2112 τὸν
1241 2059 1358 2123 ἕνα,
1387 2059 1483 2116 καὶ
1526 2058 1584 2110 τὸ
1621 2059 1708 2110 ἐπ’

122 2158 264 2229 αύτῷ
303 2158 620 2227 μυστήριον
656 2154 851 2223 ἰσχνῶς
886 2153 978 2205 καὶ
1000 2150 1384 2221 ὲξητασμένως
1417 2150 1705 2211 συνιέντες,

122 2251 401 2316 λέγουσιν·
446 2266 468 2297 ι
504 2248 573 2297 Ὢ
604 2244 767 2315 βάθος
813 2242 1046 2296 πλούτου
1082 2241 1174 2295 καὶ
1204 2239 1396 2308 σοφίας
1447 2239 1537 2290 καὶ
1572 2238 1707 2304 γνὼ-

124 2358 251 2403 σεως
282 2338 451 2402 Θεοῦ,
487 2337 565 2399 ὡς
594 2334 993 2405 ἀνεξερεύνητα
1023 2332 1090 2385 τὰ
1116 2331 1356 2401 κρίματα
1390 2326 1575 2393 αὑτοῦ,
1618 2327 1711 2380 καὶ

122 2429 536 2500 ἀνεξιχνίαστοι
561 2429 619 2480 αί
644 2426 755 2479 ὁδοὶ
783 2422 973 2477 αὐτοῦ.
1011 2422 1105 2483 Τίς
1136 2419 1245 2490 γὰρ
1274 2419 1413 2487 ἔγνω
1446 2417 1570 2472 νοῦν
1593 2419 1709 2472 Κυ-

122 2522 268 2589 ρίους
306 2539 325 2569 ι
378 2518 527 2571 Ἀλλ’
583 2517 685 2569 οὐκ
728 2509 823 2567 οἷδ’
873 2514 1020 2575 ὅπως
1068 2511 1141 2574 ὼς
1192 2510 1461 2577 ἀνέφικτα
1508 2526 1569 2562 τε
1619 2509 1713 2561 καὶ

123 2613 330 2681 ἀκαλλῆ
368 2610 541 2664 ταυτὶ⁵
592 2604 949 2675 διωθούμενος
970 2642 985 2668 ,
1019 2602 1119 2672 τῆς
1151 2601 1244 2655 τοῦ
1272 2602 1519 2671 Σωτῆρος
1557 2600 1711 2671 ἡμῶν

123 2704 376 2766 εὐκλείας
401 2704 503 2755 καὶ
540 2699 840 2769 ὑπεροχῆς,
870 2696 932 2748 οὐ
969 2694 1203 2765 μετρίως
1232 2693 1414 2747 οὑτοσὶ
1442 2691 1712 2745 ποιεῖσθαι

124 2797 446 2865 κατατολμᾷ
489 2792 593 2863 τὴν
639 2790 976 2859 κατάῥρυσιν
1008 2787 1136 2859 Ῐῑσ.
1170 2781 1580 2857 κατάρρησιν]·
1620 2784 1713 2836 καὶ

125 2893 317 2960 μέτρον
360 2887 566 2955 ὥσπερ
620 2881 767 2950 αὖτῷ
812 2882 876 2934 τὸ
919 2880 1037 2934 καθ’
1087 2879 1235 2950 ἡμᾶς
1277 2876 1583 2945 ἀπονέμων,
1622 2874 1714 2928 καὶ

122 2984 301 3053 ἕτερον
324 2979 512 3039 οὐδὲν,
541 2972 862 3038 δεδοξάσθαι
890 2971 1055 3041 φησὶν
1076 2968 1236 3021 αὐτὸν
1264 2966 1414 3038 παρὰ
1444 2965 1535 3018 τοῦ
1560 2965 1711 3033 ἁγίου

1812 1892 2031 1931 summa:
2063 1877 2245 1947 gloria:
2273 1888 2547 1946 expertem
2581 1887 2804 1959 propter
2833 1879 3243 1933 humanitatem.
3272 1877 3374 1945 Qui

1813 1967 1974 2036 igitur
2000 1966 2263 2035 eiusmodi
2290 1982 2375 2023 res
2397 1968 2564 2037 probe
2601 1968 2915 2026 discernere
2952 1981 3371 2035 consueverunt,

1812 2066 1871 2110 ut
1894 2071 1990 2125 per
2021 2069 2306 2126 utrumque
2334 2074 2521 2123 unum,
2552 2070 2606 2112 et
2641 2059 2757 2125 ejus
2804 2060 3118 2126 mysterium
3168 2059 3376 2116 subtili-

1815 2152 1894 2197 ter
1919 2154 1973 2197 et
2004 2155 2255 2199 accurate
2286 2146 2613 2214 intelligant,
2643 2146 2828 2201 dicunt
2858 2165 2871 2200 :
2914 2164 2933 2197 ι
2970 2144 3016 2201 0
3044 2146 3271 2201 altitudo
3295 2148 3378 2201 di-

1810 2232 2058 2287 vitiarum
2085 2244 2138 2288 et
2162 2236 2437 2304 sapientia:
2465 2246 2523 2289 et
2547 2237 2783 2292 scientia:
2809 2236 2903 2292 Dei
2932 2251 2949 2289 :
2979 2252 3143 2306 quam
3175 2239 3380 2291 incomv

1811 2324 2191 2392 prehensibilia
2254 2335 2377 2381 sunt
2418 2326 2623 2395 judicia
2676 2326 2814 2394 ejus,
2866 2336 2921 2383 et
2975 2328 3377 2401 investigabiles

1811 2416 1910 2470 vis:
1939 2415 2085 2489 ejus!
2125 2414 2256 2481 Quis
2285 2418 2429 2471 enim
2462 2418 2713 2486 cognovit
2743 2432 2959 2473 sensum
3007 2418 3311 2472 Domini“?
3354 2439 3372 2471 ι

1812 2507 1918 2563 Sed
1945 2508 2124 2561 nescio
2150 2522 2252 2575 qua
2281 2508 2347 2562 de
2373 2522 2534 2562 causa
2558 2509 2662 2564 iste
2690 2509 2848 2563 homo
2881 2509 2962 2563 his
2996 2510 3157 2565 rebus
3175 2549 3190 2575 ,
3222 2512 3379 2579 quasi

1813 2600 2171 2671 impossibiles
2194 2600 2367 2656 sintet
2383 2601 2652 2667 absurde,
2671 2601 2904 2670 rejectis,
2931 2603 3164 2669 superbe
3183 2604 3381 2658 audeat

1814 2693 2110 2747 Salvatoris
2134 2692 2305 2759 nostri
2342 2692 2528 2762 gloriae
2557 2702 2611 2751 et
2633 2692 2965 2748 excellentia:
2989 2694 3299 2755 detrahere,
3322 2702 3380 2745 et

1816 2798 2119 2857 mensuram
2157 2782 2232 2836 illi
2269 2792 2511 2835 nostram
2543 2783 2804 2847 tribuens,
2840 2793 2894 2836 et
2921 2792 3185 2852 praeterea
3220 2766 3378 2847 nihil,

1813 2874 2170 2941 gloritlcatum
2196 2886 2319 2927 eum
2347 2871 2539 2927 dicata
2572 2869 2774 2941 Spiritu
2798 2882 3006 2937 saneto,
3035 2873 3154 2942 ejus
3182 2874 3380 2928 virtute

1814 2981 1918 3017 non
1952 2975 2006 3017 ut
2038 2965 2251 3034 propria
2278 2972 2535 3027 utentem,
2572 2972 2626 3018 et
2658 2963 2836 3018 divina
2876 2964 3027 3032 signa
3055 2964 3252 3030 facere,
3284 2968 3379 3019 sed

124 3073 469 3142 Πνεύματος,
519 3068 621 3136 οὐχ
660 3066 736 3129 ὡς
788 3064 895 3134 ἰδίᾳ
947 3061 1170 3132 δυνάμει
1214 3058 1513 3134 χρώμενον,
1546 3060 1613 3128 τῇ
1646 3057 1711 3109 δι’

1816 3056 1881 3109 ad
1938 3056 2195 3110 miracula
2257 3056 2483 3119 edenda,
2535 3056 2839 3111 extrinseca
2880 3057 3274 3118 et,adventitia
3324 3057 3377 3109 vi

122 3165 305 3226 αὑτοῦ,
339 3164 443 3217 καὶ
482 3157 725 3227 πληροῦν
749 3155 819 3208 τά
844 3155 945 3225 τῆς
980 3151 1325 3221 θεοσημείας,
1372 3150 1487 3201 ἀλλ’
1516 3148 1713 3211 ἔξωθεν

124 3258 210 3309 καὶ
240 3249 697 3319 εἰσκεκριμένως
728 3246 1110 3315 κερδαίνοντα,
1135 3243 1197 3295 τὸ
1224 3239 1521 3311 κατορθοῦν
1553 3239 1714 3292 δύνα-

127 3348 241 3400 σθαί
278 3363 337 3397 τι
377 3340 497 3394 τῶν
550 3335 1047 3406 τεθαυμασμένων’
1092 3334 1180 3389 ἵνα
1212 3333 1276 3402 δὴ
1311 3333 1553 3401 φαίνοιτο
1594 3330 1717 3384 καθ’

121 3440 262 3507 ἡμᾶς
306 3433 571 3505 ίαμάτων
606 3447 706 3483 που
740 3430 880 3498 τάχα
924 3426 1171 3497 χάρισμα
1218 3424 1417 3489 λαϐὼν,
1459 3424 1625 3492 φάναι
1657 3438 1715 3475 τε

124 3529 371 3596 ὀφείλων,
423 3522 576 3575 κατὰ.
627 3519 717 3572 τὸν
772 3517 1041 3587 μακάριον
1082 3514 1320 3568 Παῦλον·
1368 3531 1387 3564 ι
1425 3514 1620 3582 Χάριτι
1659 3511 1717 3563 δὲ

124 3617 250 3670 Θεοῦ
281 3618 410 3686 είμι
444 3613 477 3666 6
501 3614 639 3680 εἰμι.
681 3628 698 3660 ι
738 3602 833 3669 Οἷς
858 3606 965 3675 γὰρ
998 3604 1232 3657 ἐπακτὸν
1266 3604 1361 3658 καὶ
1395 3601 1628 3671 θύραθεν
1657 3604 1715 3653 τὸ

128 3706 256 3762 εἷναί
299 3726 355 3760 τι
391 3705 496 3757 καὶ
536 3700 800 3755 δύνασθαι
831 3695 1151 3765 κατορθοῦν,
1184 3692 1330 3749 οῦτοι
1362 3697 1519 3763 φαῖεν
1553 3694 1619 3746 ἂν
1650 3693 1718 3744 εί·

128 3803 291 3863 κότως
310 3798 412 3851 καὶ
444 3796 551 3866 τὴν
569 3791 781 3845 τοιάνδε
812 3790 1020 3860 φωνήν.
1058 3788 1236 3852 Δείξαι
1274 3787 1403 3857 γὰρ,
1430 3784 1505 3848 ὡς
1521 3785 1716 3846 οἴεται,

130 3890 413 3960 βουληθεὶς
459 3883 723 3952 ίσουργδν
756 3884 835 3944 είς
883 3882 1098 3934 ἅπαντα
1151 3879 1248 3950 τὴν
1279 3876 1441 3945 ἁγίαν
1486 3875 1713 3946 Τριάδα,

132 3984 283 4035 πάλιν
315 3974 427 4032 ὧδέ
467 3992 658 4046 φησιν·

194 4072 212 4143 [
240 4074 299 4124 '0
323 4068 472 4131 Θεὸς
520 4065 696 4133 Λόγος
740 4062 957 4130 ἐγένετο
1008 4059 1164 4129 σάρξ,
1202 4058 1297 4111 καὶ
1320 4056 1627 4125 ἐσκήνωσεν
1660 4054 1716 4104 ἐν

129 4166 272 4233 ἡμῖν.
305 4157 689 4215 Συνεκόθισεν
713 4151 892 4223 ἑαυτῷ
912 4151 1010 4223 τὴν
1039 4148 1443 4220 ἀναληφθεῖσαν
1470 4149 1499 4199 6
1526 4144 1718 4215 Πατὴρ

130 4260 553 4327 ἀνθρωπότητα.
592 4269 611 4301 ι
654 4245 786 4302 Εἷπε
813 4249 942 4316 γάρ,
985 4246 1169 4315 φησὶν,
1201 4246 1229 4296 6
1263 4242 1465 4312 Κύριος
1500 4239 1577 4308 τῷ
1602 4240 1716 4291 Κυ-

1817 3146 2122 3215 przeditum,
2160 3155 2217 3198 ut
2253 3143 2362 3212 jam
2392 3146 2639 3199 videatur
2671 3155 2857 3200 nostro
2884 3145 2991 3215 97
3034 3161 3182 3199 more
3214 3160 3378 3200 cura-

1818 3238 2020 3291 tionum
2048 3235 2276 3303 gratiam
2318 3236 2617 3303 accepisse,
2658 3244 2711 3288 et
2740 3249 2862 3287 eum
2895 3236 3052 3289 beato
3096 3234 3263 3291 Paulo
3298 3235 3380 3289 di.

1816 3342 1941 3381 cere
1971 3328 2167 3380 debere
2190 3343 2203 3378 ;
2228 3344 2244 3375 ι
2267 3324 2451 3379 Gratia
2488 3326 2577 3380 Dei
2602 3340 2720 3379 sum
2756 3324 2807 3380 id
2839 3326 2982 3395 quod
3020 3342 3139 3381 sum
3174 3326 3309 3379 "-“.
3356 3346 3373 3377 ι

1817 3414 2021 3481 Quibus
2065 3416 2209 3468 enim
2246 3415 2597 3469 adventitium
2632 3424 2715 3469 est
2745 3424 2801 3468 et
2848 3413 2999 3484 quasi
3043 3416 3381 3472 extrinsecus

1817 3505 2149 3573 impertitum
2179 3515 2235 3557 ut
2265 3504 2462 3573 aliquid
2503 3505 2632 3571 sint,
2676 3519 2739 3559 ac
2772 3506 3030 3574 perﬁcere
3069 3506 3303 3574 possint,
3342 3508 3381 3561 ii

1819 3597 2010 3651 merito
2050 3599 2184 3650 hanc
2210 3612 2394 3651 vocem
2426 3599 2675 3651 emittere
2706 3608 2973 3666 poterunt.
3010 3598 3207 3654 Volens
3229 3599 3376 3654 enim

1817 3688 2123 3751 ostendere,
2150 3696 2212 3741 ut
2238 3696 2411 3755 putat,
2458 3688 2525 3740 ad
2566 3688 2745 3741 omnia
2792 3689 2937 3755 paris
2985 3702 3106 3743 esse
3131 3686 3382 3743 eﬂicacia:

1818 3786 2059 3831 sanctam
2113 3775 2476 3842 Trinitatem,
2508 3792 2697 3831 rursus
2737 3777 2790 3830 in
2840 3780 2983 3831 hunc
3038 3778 3253 3832 modum
3301 3780 3384 3834 di-

1818 3880 1924 3923 ειιε

1889 4047 2124 4103 Νεετοιι.
2160 4044 2326 4115 [Deus
2355 4044 2585 4101 Verbum
2638 4046 2835 4100 factum
2883 4055 2966 4101 est
3007 4060 3155 4111 caro,
3186 4054 3242 4101 et
3287 4048 3386 4103 ha—

1821 4141 2011 4195 bitavit
2048 4143 2098 4192 in
2129 4138 2285 4193 nobis
2306 4138 2371 4192 ".
2402 4138 2597 4193 Secum
2628 4140 2910 4192 considere
2941 4137 3067 4191 fecit
3108 4137 3265 4192 Pater
3294 4154 3381 4192 as-

1821 4240 2089 4298 sumptam
2122 4228 2509 4283 humanitatem
2544 4244 2556 4280 :
2595 4249 2612 4277 ι
2653 4227 2797 4280 Dixit
2827 4229 2968 4281 enim
2993 4268 3008 4291 ,
3037 4228 3249 4298 inquit,
3282 4227 3383 4281 Du-

132 4316 237 4418 βίῳ.
248 4363 372 4417 μου·
390 4316 592 4398 Κάθου
616 4341 680 4393 ὲκ
694 4336 891 4401 δεξιῶν
906 4353 1027 4405 μου.
1054 4352 1072 4385 ι
1092 4334 1202 4402 Τὴν
1214 4330 1307 4385 τοῦ
1321 4328 1711 4400 ἀναληφθέντος

1822 4322 2001 4376 minus
2028 4318 2254 4373 Domino
2282 4333 2404 4372 meo
2433 4340 2442 4371 :
2482 4318 2619 4372 Sede
2653 4333 2680 4369 a
2712 4319 2917 4372 dextris
2944 4319 3078 4371 meis
3100 4319 3166 4373 ".
3202 4337 3220 4370 ι
3254 4316 3384 4374 Glo-

130 4408 469 4507 τδ’Πνεῦμα
520 4429 801 4486 κατελθὼν
856 4427 1217 4496 συνεκρότησε
1270 4422 1448 4485 δόξαν.
1498 4438 1516 4470 ι
1554 4420 1711 4472 Ὅταν

1828 4413 1960 4467 riam
2012 4411 2271 4479 assumpti
2330 4408 2565 4477 Spiritus
2617 4408 2949 4461 descendens
3012 4409 3384 4474 comparavit:

131 4532 251 4599 γὰρ,
287 4530 490 4599 φησιν,
526 4523 659 4594 ἔλθῃ
700 4521 763 4574 τὸ
798 4518 1023 4587 Πνεῦμα
1063 4517 1162 4586 τῆς
1196 4513 1474 4585 ἀληθείας,
1513 4512 1714 4571 ἐκεῖνος

132 4624 222 4690 ἐμὲ
247 4621 498 4687 δοξάσει.
539 4634 559 4666 ι
601 4612 790 4667 Βούλει
829 4611 923 4663 καὶ
960 4608 1125 4678 ἀλλην
1150 4606 1245 4660 ἐπὶ
1290 4605 1502 4666 τούτοις
1535 4604 1715 4664 αὐτοῖς

132 4713 217 4780 τῆς
243 4710 486 4781 Τριάδος
522 4706 843 4775 ἐνέργειαν,
873 4701 1174 4770 Ἐνῴκησεν
1204 4701 1233 4751 6
1258 4698 1383 4760 Tib;
1412 4699 1468 4748 ἐν
1504 4694 1582 4764 τῷ
1610 4692 1714 4745 σώ-

136 4821 256 4870 ματι
276 4820 287 4833 ·
326 4800 676 4868 συνέστησεν
701 4798 729 4848 6
762 4794 949 4863 Πατὴρ
978 4790 1395 4861 βαπτιζόμενον’
1434 4786 1716 4839 διέπλασεν

130 4896 184 4943 ἐν
200 4892 477 4963 Παρθένῳ
497 4890 560 4943 τὸ
586 4884 857 4957 Πνεῦμα]
891 4881 1033 4938 Εἶτα
1055 4881 1243 4935 πάλιν
1266 4880 1413 4948 φησι
1439 4877 1569 4944 περὶ
1592 4874 1709 4929 τῶν

133 4988 306 5054 ἁγίων
338 4982 719 5037 ἀποστόλων
742 4996 753 5009 ·
784 4977 878 5050 ['0
901 4976 1025 5039 Υἱὸς
1046 4973 1345 5039 ἐξελέξατο.
1372 4991 1389 5022 ι
1414 4970 1553 5037 Ἐγὼ
1582 4968 1710 5039 γὰρ,

136 5078 313 5145 φησὶν,
332 5078 491 5146 ὑμᾶς
510 5071 871 5143 ἐξελεξάμην.
906 5089 924 5120 ι
959 5070 1015 5121 Ὀ
1034 5067 1219 5137 Πατὴρ
1236 5065 1429 5135 ήγίασε
1450 5081 1463 5093 ο
1490 5083 1507 5114 ι
1535 5063 1713 5132 Πάτερ

138 5139 257 5237 ξάρ,
290 5139 489 5237 φησὶν,
532 5139 763 5232 ἁγίασον
798 5139 994 5223 αὐτοὺς
1021 5163 1079 5213 ὲν
1107 5162 1173 5228 τῇ
1204 5156 1428 5227 ἀληθείᾳ
1453 5173 1563 5208 σου.
1594 5174 1610 5204 ι
1648 5154 1711 5204 Τὲ

1827 5144 2004 5198 ctilica
2038 5155 2130 5195 eos
2159 5140 2211 5193 in
2243 5139 2467 5190 veritate

141 5258 352 5329 Πνεῦμα
390 5253 777 5310 κατεσκεύασε
813 5246 1094 5321 ῥήτορας]

747 5360 998 5417 ΚΕΦΔΛ.
1040 5361 1120 5414 A'.

201 5482 322 5535 Ὀτι
356 5484 459 5553 μὲν
483 5475 580 5533 οὖν
603 5477 808 5545 ἀσοφός
833 5491 890 5526 τε
922 5474 1014 5525 καὶ
1038 5470 1281 5541 ἀτερπὴς
1311 5470 1338 5520 6
1374 5467 1591 5537 σύμπας
1620 5463 1715 5517 αὐ-

1830 4527 1846 4556 ι
1881 4505 2015 4560 Cum
2046 4503 2272 4567 venerit,
2314 4502 2506 4569 inquit,
2556 4497 2788 4565 Spiritus
2836 4498 3101 4562 veritatis,
3158 4498 3247 4552 ille
3302 4514 3388 4552 me

1824 4594 2231 4667 gloriﬁcabit".
2273 4612 2292 4644 ι
2330 4591 2493 4646 Visne
2541 4591 2703 4644 etiam
2738 4589 2896 4642 aliam
2932 4590 2996 4641 ad
3023 4590 3133 4641 haec
3169 4590 3386 4656 adjicia-

1828 4705 1944 4742 mus
1969 4686 2251 4740 Trinitatis
2280 4683 2615 4739 eﬂicicntiam
2636 4681 2658 4732 ?
2682 4680 2952 4733 Habitavit
2982 4679 3147 4735 Filius
3182 4682 3232 4733 in
3262 4697 3386 4735 cor-

1827 4793 1994 4847 pore:
2032 4774 2429 4831 commendavit
2474 4770 2796 4840 baptizatum
2844 4768 3038 4834 Pater;
3086 4768 3391 4823 eﬂbrmavit

1826 4885 1945 4925 eum
1976 4870 2027 4922 in
2062 4867 2275 4936 Virgine
2308 4861 2588 4938 Spiritus.|
2618 4859 2810 4912 Deinde
2846 4875 3027 4912 rursus
3064 4861 3136 4911 ait
3167 4861 3229 4914 de
3261 4878 3385 4914 san-

1822 4963 1918 5016 ctis
1947 4959 2236 5030 apostolis:
2267 4955 2461 5027 [Filius
2493 4953 2653 5021 elegit
2684 4967 2698 5005 :
2737 4970 2754 5003 t
2795 4952 2903 5021 Ego
2951 4953 3095 5006 enim
3117 4992 3131 5014 ,
3174 4953 3385 5023 inquit,

1824 5052 1956 5121 elegi
1980 5064 2072 5103 vos
2094 5049 2138 5079 ⁸⁸
2158 5085 2172 5099 .
2200 5067 2217 5098 ι
2245 5045 2404 5099 Pater
2427 5040 2809 5097 sanetiﬁcavit:
2835 5039 3248 5108 «Pater,inqnit,
3269 5059 3390 5097 san-

2496 5145 2581 5187 tua
2615 5135 2679 5189 ⁸ο.
2719 5154 2737 5184 ι
2782 5132 3017 5201 Spiritus
3057 5133 3233 5187 eliecit
3268 5150 3390 5188 ora.

1829 5231 2033 5303 tores.]

2489 5335 2641 5391 CAP.
2684 5335 2724 5389 I.

1897 5459 2089 5513 Totum
2151 5454 2365 5525 quidem
2430 5462 2734 5506 sermonem
2774 5448 2841 5503 ab
2895 5462 2959 5503 eo
3009 5447 3285 5510 habitum,
3334 5454 3387 5497 et

199 5642 242 5672 δ’
282 5638 446 5693 Rom.
478 5652 555 5697 ιι,
588 5634 680 5689 33.
761 5631 881 5662 ⁸³⁸⁸⁸
919 5629 937 5683 1
976 5630 1100 5685 Cor.
1141 5644 1233 5693 xv,
1269 5625 1347 5680 l0.
1428 5625 1473 5656 "
1511 5622 1661 5679 Joan.
1708 5638 1711 5675 1

1815 5618 1863 5673 t.
1943 5615 1987 5647 “
2027 5613 2162 5669 Psal.
2201 5626 2307 5675 cur,
2338 5612 2387 5664 1.
2467 5609 2508 5640 υ
2550 5606 2699 5662 Joan.
2736 5600 3073 5669 “1,13,”.
3152 5600 3195 5629 ⁴⁸
3235 5597 3387 5655 low.

440 5712 485 5738 δ’
520 5707 687 5761 Joan.
722 5716 856 5766 ml,
889 5700 976 5753 l7.

371 5805 652 5864 Ρηιιοι.
705 5795 826 5856 Gtt.
867 5789 1141 5853 LXXVI.

160 5725 242 5771 ιν,
277 5713 362 5765 ιο.

2941 5814 2946 5821 .
2964 5756 2997 5821 6
