4040 6432
688 289 789 346 171

1721 287 1778 343 5.
1820 287 2100 344 CYRILLI
2139 285 2614 342 ALEXANDRINI
2655 283 2974 339 ARCHIEP.

3839 286 3938 341 172

688 407 1001 478 imperitum
1027 423 1149 466 esse
1201 417 1256 464 et
1295 409 1579 466 molestum
1610 449 1626 476 ,
1678 409 1993 465 facillimum
2039 419 2121 466 est
2165 427 2239 466 ost

2361 410 2441 481 τῷ
2469 409 2768 479 πεποίηται
2792 408 2970 474 λόγος,
3003 403 3315 468 καταδεῖξαι
3357 405 3508 474 ρᾷονο
3548 400 3854 474 παραπαίει
3883 403 3935 458 δὲ

689 497 960 554 tendere:
1005 501 1101 554 sed
1129 500 1182 553 in
1238 514 1305 554 eo
1357 501 1625 568 quomodo
1671 502 1840 555 etiam
1889 502 2120 556 insaniat
2160 518 2254 556 ex-

686 603 909 657 ponam.
950 590 1066 646 Una
1089 600 1173 646 est
1202 592 1345 646 enim
1379 593 1678 647 divinitatis
1711 603 1925 658 natura,
1961 594 2054 647 sed
2080 595 2255 647 subsi-

685 679 780 734 stit
812 681 1032 750 proprie
1067 696 1130 736 ac
1161 682 1506 751 singulariter
1527 681 1713 749 Pater,
1734 693 1790 738 et
1816 683 2008 748 Filius,
2044 685 2256 739 itidem-

686 785 794 840 que
824 771 1064 840 Spiritus
1096 791 1110 828 :
1137 773 1442 829 efﬁciuntur
1470 783 1654 829 autem
1689 776 1872 829 omnia
1901 790 1930 829 a
1980 774 2163 842 Patre,
2202 786 2258 831 et

685 876 784 929 per
809 862 1005 917 Filium
1054 865 1108 919 in
1153 863 1393 934 Spiritu;
1443 874 1498 922 et
1539 866 1662 920 dum
1691 865 1850 921 Pater
1900 875 2148 920 movetur
2187 865 2257 920 ad

685 948 1021 1007 efﬁcientiam
1035 954 1364 1024 aliquorum,
1388 954 1578 1022 procul
1612 955 1772 1010 dubio
1804 954 1961 1010 efiicit
2003 955 2172 1010 Filius
2202 955 2255 1009 in

688 1040 896 1107 Spiritu
936 1059 949 1095 :
979 1051 1034 1097 et
1058 1043 1102 1099 si
1131 1045 1259 1113 quid
1288 1044 1457 1100 Filius
1482 1046 1753 1115 complere
1775 1046 1972 1101 dicitur
2009 1055 2101 1100 aut
2133 1047 2255 1116 Spi-

686 1130 848 1194 ritus,
883 1132 984 1187 hoc
1013 1147 1148 1188 sane
1177 1149 1401 1202 prorsus
1429 1145 1512 1189 est
1537 1150 1601 1190 ex
1629 1135 1806 1201 Patre,
1856 1152 1920 1190 ac
1960 1152 2056 1206 per
2086 1147 2252 1193 totam

687 1220 865 1289 pergit
902 1231 1147 1276 sanctam
1182 1233 1238 1278 et
1285 1226 1800 1281 consubstantialem
1841 1227 2159 1284 Trinitatem
2197 1231 2252 1285 in

683 1307 1069 1381 quamcunque
1105 1329 1218 1368 rem
1250 1317 1474 1372 tendens
1504 1319 1747 1386 operatio
1778 1329 1942 1388 atque
1983 1321 2250 1376 voluntas.

685 1398 1070 1457 Verumtamen
1101 1404 1155 1458 in
1187 1405 1273 1460 bis
1309 1407 1436 1460 illud
1470 1408 1758 1463 dicendum
1805 1419 1908 1465 est.
1955 1410 2090 1466 Vide
2135 1428 2254 1467 rur-

681 1505 800 1543 sum
837 1501 896 1545 ut
928 1503 1113 1561 aperte
1161 1502 1216 1549 et
1246 1497 1548 1562 evidenter,
1583 1500 1832 1566 quamvis
1878 1501 2008 1556 illud
2031 1517 2097 1556 ex
2145 1503 2253 1557 Deo

680 1578 840 1634 Patre
869 1582 1103 1638 Verbum
1160 1585 1361 1641 factum
1414 1603 1537 1644 esse
1582 1605 1799 1644 carnem
1844 1594 2024 1658 dicat,
2073 1604 2250 1649 tamen

680 1681 992 1740 corrumpat
1040 1674 1146 1728 vim
1201 1679 1595 1734 sententiarum
1652 1690 1706 1734 et
1758 1696 1789 1736 a
1837 1694 1988 1738 recto
2036 1687 2252 1742 tramite

2358 506 2462 559 κάν
2495 501 2692 570 τούτῳ,
2733 500 2828 552 καὶ
2856 500 3026 562 ὅπως,
3063 495 3193 566 ἐρῶ.
3229 495 3346 548 Μία
3391 493 3490 565 μὲν
3531 493 3642 564 γὰρ
3689 493 3937 563 θεότητος

2359 593 2540 662 φύσις,
2573 590 2847 659 ὑφέστηκε
2877 587 2933 640 δὲ
2973 584 3156 647 ίδικῶς
3190 584 3221 634 6
3250 583 3465 652 Πατὴρ,
3492 582 3589 635 καὶ
3637 581 3820 651 μέντοι
3853 582 3938 634 καὶ

2357 688 2385 738 6
2411 684 2558 745 Υἱὸς,
2599 679 2800 750 ὁμοίως
2828 679 2883 730 δὲ
2913 676 3007 729 καὶ
3033 675 3096 728 τὸ
3127 673 3370 743 Πνεῦμα.
3405 671 3714 744 Πράττεταί
3740 688 3802 740 γε
3833 671 3937 742 μὴν

2357 776 2427 828 τὰ
2459 773 2634 826 πάντα
2669 768 2822 841 παρὰ
2866 767 3102 838 Πατρός,
3130 765 3226 819 καὶ
3259 765 3327 818 δι’
3360 764 3492 817 Υίοῦ
3539 765 3599 817 ἐν
3629 763 3936 832 Πνεύματιο

2359 864 2452 918 καὶ
2486 858 2598 916 οἷον
2647 859 3013 929 κεκινημένου
3045 856 3140 910 τοῦ
3176 853 3392 924 Πατρός
3419 856 3500 917 εἰς
3537 853 3818 924 ἐνέργειαν
3844 852 3939 922 τὴν

2357 957 2449 1011 ἐπί
2487 971 2652 1022 τισιν,
2695 954 2912 1023 ἐνεργεῖ
2945 951 3001 1003 δὲ
3042 950 3259 1014 πάντως
3299 949 3328 1001 ὁ
3361 947 3486 1010 Υίδς
3526 948 3584 1000 ἐν
3618 946 3936 1016 Πνεύματι·

2355 1050 2460 1104 κᾶν
2507 1048 2560 1101 εί
2607 1064 2661 1099 τι
2706 1043 2919 1113 λέγοιτο
2953 1041 3198 1115 πληροῦν
3250 1041 3279 1092 6
3315 1039 3446 1102 Υίὸς
3492 1039 3527 1108 ἢ
3575 1038 3638 1092 τὸ
3692 1037 3936 1108 Πνεῦμα,

2354 1143 2512 1210 Ιτοῦτο
2557 1141 2622 1212 δὴ
2654 1141 2872 1203 πάντως
2916 1138 3066 1192 ἐστὶν
3103 1139 3168 1192 ἐκ
3209 1138 3443 1211 Πατρός,
3483 1138 3576 1191 καὶ
3622 1137 3709 1190 διὰ
3757 1137 3940 1206 πάσης

2355 1232 2579 1302 ἔρχεται
2632 1232 2732 1301 τῆς
2787 1229 2951 1299 ἁγίας
2997 1229 3094 1283 καὶ
3145 1230 3434 1299 ὁμοουσίου
3469 1228 3730 1299 Τριάδος,
3775 1228 3809 1297 ἡ
3861 1229 3936 1289 είς

2362 1327 2468 1378 πᾶν
2514 1323 2693 1377 ὁτιοῦν
2723 1321 2974 1392 ἐνέργειά
3025 1337 3087 1372 τε
3133 1321 3228 1374 καὶ
3276 1320 3549 1391 βούλησις.
3586 1319 3732 1390 Πλὴν
3777 1318 3839 1371 ἐν
3878 1335 3937 1384 γε

2353 1413 2564 1475 τούτοις
2602 1411 2779 1465 ἐκεῖνό
2823 1426 3022 1481 φαμεν.
3063 1410 3253 1480 Ἀθρει
3293 1411 3357 1482 δὴ
3387 1410 3586 1473 πάλιν,
3633 1409 3708 1472 ώς
3749 1409 3938 1476 σαφῶς

2352 1522 2412 1557 τε
2457 1505 2551 1556 καὶ
2594 1501 2873 1573 ἐναργῶς,
2915 1502 3091 1554 καίτοι
3129 1502 3308 1571 σάρκα
3350 1500 3525 1568 λέγων
3570 1500 3659 1554 τὸν
3705 1501 3768 1552 ἐκ
3798 1499 3938 1551 Θεοῦ

2354 1593 2684 1662 γεγενῆσθαι
2731 1592 2921 1660 Λόγον,
2953 1591 3053 1660 τὴν
3090 1591 3199 1644 τῶν
3252 1591 3471 1644 ἐννοιῶν
3525 1589 3938 1661 παρασημαίνει

2353 1684 2602 1755 δύναμιν,
2630 1683 2845 1752 καὶτῆς
2867 1682 3158 1752 ὀρθότητος
3186 1682 3454 1752 ἀποφέρει
3484 1683 3722 1752 μακράν·
3757 1681 3938 1750 ώςέν-

678 1759 891 1829 longius
942 1764 1212 1830 abducat,
1260 1767 1386 1820 dum
1434 1769 1604 1838 ipsam
1646 1770 2079 1830 incarnationem
2127 1792 2239 1834 esse

2351 1777 2569 1849 ἐργειαν
2581 1776 2748 1831 αὐτοῦ
2765 1775 2862 1846 τὴν
2883 1776 3157 1844 σάρκωσιν
3174 1773 3510 1842 ἀποφαίνων.
3529 1773 3811 1843 Ἐπιφέρει
3828 1772 3939 1842 γὰρ

677 1858 932 1920 tanquam
959 1853 1076 1922 ejus
1109 1854 1453 1911 efﬁcientiam
1481 1860 1823 1928 pronuntiat;
1856 1863 2076 1932 subjicit
2102 1867 2245 1921 enim

674 1941 820 1996 illico
852 1961 865 1995 :
906 1961 923 1995 ι
957 1943 1118 1999 Visne
1146 1946 1310 2000 etiam
1342 1947 1505 2003 aliam
1529 1952 1596 2003 ad
1637 1952 1753 2007 haec
1782 1953 1952 2022 ipsius
1969 1955 2249 2014 Trinitatis

673 2031 1231 2104 efiiclentiam?»quasi
1243 2037 1351 2105 jam
1368 2039 1604 2106 priorem
1618 2040 1914 2099 DeiVerbif
1915 2046 2054 2102 uisse
2069 2059 2248 2104 osten-

674 2123 813 2177 derit
849 2123 1222 2190 efﬁcientiam,
1250 2128 1301 2180 id
1332 2129 1507 2197 ipsum
1551 2133 1694 2200 quod
1749 2149 1879 2190 caro
1911 2135 2113 2192 factum
2141 2151 2242 2207 est,

673 2216 970 2270 secundum
991 2217 1302 2286 Scripturas
1322 2234 1337 2271 :
1358 2229 1412 2274 et
1436 2237 1685 2291 quaenam
1711 2226 1782 2279 sit
1815 2227 1900 2280 illa
1924 2230 2093 2283 altera
2127 2241 2248 2299 post

675 2304 820 2358 illam
859 2306 1094 2374 priorem
1123 2309 1435 2375 efﬁcientia,
1466 2313 1824 2385 demonstrat,
1854 2330 1910 2373 ut
1933 2321 2046 2391 ipse
2070 2335 2241 2391 putat,

674 2409 738 2449 ac
770 2395 921 2451 dicit:
945 2414 963 2446 ι
998 2396 1272 2455 Habitavit
1298 2400 1468 2458 Filius
1496 2405 1551 2459 in
1583 2420 1829 2477 corpore.
1860 2431 1880 2462 »
1907 2411 2046 2483 Ergo
2067 2414 2247 2471 Deifer

673 2488 834 2542 homo
874 2488 979 2543 erit
1019 2489 1315 2547 Christus:
1351 2495 1545 2552 deinde
1590 2497 1644 2552 id
1699 2500 1874 2557 solum
1920 2505 1973 2559 in
2027 2507 2246 2567 homine

669 2579 915 2634 effecisse
941 2578 1035 2634 Dei
1065 2581 1348 2653 Patrisque
1380 2584 1620 2643 Verbum
1644 2632 1660 2655 ,
1715 2595 2060 2664 perspicuum
2095 2601 2198 2655 erit
2227 2619 2241 2667 ;

670 2669 852 2738 itaque
875 2673 1122 2739 quamvis
1150 2674 1294 2729 dicat
1324 2677 1511 2734 beatus
1532 2682 1897 2752 evangelista:
1921 2687 2033 2758 98
2064 2710 2083 2742 ι
2115 2690 2245 2746 Ver-

668 2756 796 2811 bum
831 2775 959 2814 earo
995 2762 1194 2818 factum
1231 2776 1337 2834 est,
1394 2779 1451 2822 et
1500 2771 1764 2828 habitavit
1817 2776 1869 2831 in
1900 2756 2076 2843 nobis,
2107 2800 2129 2834 ι
2169 2785 2242 2838 uil

669 2850 813 2906 aliud
844 2851 1048 2910 indicat
1070 2855 1173 2911 nisi
1208 2858 1338 2913 illud
1357 2860 1553 2929 solum,
1589 2865 1846 2923 nimirum
1879 2871 2050 2939 ipsum
2075 2873 2239 2932 Deum

668 2941 908 2997 Verbum
952 2945 1004 2998 in
1053 2947 1276 3005 homine
1329 2951 1625 3022 habitasse,
1673 2966 1734 3012 ut
1769 2960 1930 3016 etiam
1984 2965 2037 3018 in
2084 2969 2240 3024 nobis

668 3029 821 3098 ipsis.
879 3033 1100 3103 Templa
1157 3052 1385 3108 namque
1442 3058 1631 3100 sumus
1686 3046 1776 3102 Dei
1813 3051 2040 3109 viventis
2069 3056 2234 3121 '°;el

2351 1867 2560 1930 εὐθύςί
2575 1866 2763 1919 Βούλει
2777 1865 2869 1918 καὶ
2881 1865 3048 1932 ἄλλην
3063 1864 3380 1927 ἐπὶτοῦτοις
3395 1864 3579 1926 αὐτοῖς
3592 1863 3692 1933 τῆς
3705 1862 3940 1934 Τριάδος

2350 1958 2662 2028 ἐνέργειαν;
2707 1976 2725 2008 ι
2753 1956 2828 2019 ὡς
2857 1955 2958 2026 ἤδη
2993 1956 3216 2026 πρώτην
3260 1955 3617 2026 ἀποδεδειχὼς
3650 1955 3937 2026 ἐνέργειαν

2349 2048 2442 2100 τοῦ
2463 2047 2598 2100 Θεοῦ
2620 2049 2816 2113 Λόγου,
2840 2046 2899 2099 τὸ
2917 2047 3094 2116 σάρκα
3119 2045 3396 2114 γενέσθαι,
3415 2046 3554 2100 κατὰ
3568 2046 3668 2110 τὰς
3684 2048 3936 2118 Γραφάς.

2350 2139 2460 2190 Καὶ
2476 2139 2559 2201 τίς
2593 2139 2626 2207 ή
2657 2137 2820 2206 ἑτέρα
2855 2136 2993 2206 μετὰ
3016 2136 3113 2207 τὴν
3139 2135 3364 2207 πρώτην
3379 2137 3662 2207 ἐνέργειαν
3692 2138 3936 2191 διαδείκα

2349 2246 2503 2281 νυσιν
2527 2229 2638 2300 [Im
2662 2227 2922 2300 δεικνύς],
2946 2227 3133 2299 ῶσπερ
3156 2229 3348 2293 οἴεται,
3379 2229 3564 2300 φησιν’
3585 2247 3602 2280 ι
3626 2228 3938 2300 Ἐνῲκησεν

2347 2323 2373 2373 6
2394 2322 2519 2384 Υἱὸς
2540 2323 2596 2373 ἐν
2613 2321 2689 2390 τῷ
2713 2321 2944 2390 σώματι.
2975 2341 2997 2372 τ
3024 2322 3292 2392 Θεοφόρος
3316 2319 3411 2374 οῦν
3441 2321 3728 2393 ἄνθρωπος
3745 2325 3773 2375 ό
3795 2324 3936 2394 Χρι-

2348 2413 2490 2475 στός.
2516 2408 2648 2465 Εἶτα
2670 2412 2764 2465 καὶ
2789 2412 2948 2480 μόνον
2984 2411 3142 2463 τοῦτο
3175 2413 3480 2481 ἐνεργήσας
3521 2413 3599 2475 είς
3641 2413 3936 2483 ἄνθρωπον

2345 2503 2374 2553 6
2397 2501 2490 2554 τοῦ
2518 2499 2654 2554 Θεοῦ
2685 2500 2780 2552 καὶ
2812 2500 3022 2571 Πατρὸς
3042 2499 3382 2568 διαφαίνεται
3412 2501 3606 2570 Λόγος’
3628 2501 3791 2566 ὥστε,
3824 2506 3936 2556 κᾶν

2347 2594 2394 2645 εἰ
2424 2592 2571 2660 λέγοι
2605 2591 2767 2661 τυχὸν
2793 2591 2822 2643 ό
2864 2590 3134 2662 μακάριος
3166 2591 3577 2662 εύαγγελιστὴς,
3614 2612 3632 2644 ι
3669 2593 3726 2645 '0
3754 2594 3935 2662 Λόγος

2347 2682 2485 2754 σὰρξ
2505 2682 2742 2750 ἐγένετο,
2781 2681 2875 2734 καὶ
2896 2682 3206 2751 ἐσκήνωσεν
3242 2683 3298 2734 ἐν
3347 2684 3502 2752 ἡμῖν,
3536 2702 3554 2734 ι
3589 2684 3935 2755 καταδηλοῦν

2345 2774 2477 2844 ἡμῖν
2514 2773 2703 2844 ἕτερον
2735 2773 2908 2838 οὐδὲν,
2937 2771 3077 2842 πλὴν
3111 2774 3288 2825 ἐκεῖνο
3338 2772 3434 2826 καὶ
3471 2774 3651 2843 μόνον,
3679 2775 3760 2828 ὅτι
3791 2793 3933 2829 κατ-

2343 2864 2560 2934 ῴκησεν
2590 2865 2648 2916 ἐν
2666 2863 2941 2935 ἀνθρώπῳ
2973 2863 3106 2927 Θεὸς
3137 2863 3213 2916 ῶν
3245 2865 3274 2916 ό
3312 2866 3506 2933 Λόγος,
3547 2866 3692 2920 καθὰ
3731 2869 3820 2920 καὶ
3873 2870 3934 2923 ἐν

2344 2958 2476 3028 ἡμῖν
2527 2956 2731 3019 αὐτοῖς.
2770 2954 2910 3009 Ναοὶ
2941 2955 3051 3026 γάρ
3088 2957 3257 3025 ἐσμεν
3288 2955 3426 3008 Θεοῦ
3472 2955 3676 3021 ζῶντος
3698 2998 3712 3022 ,
3746 2960 3848 3012 καὶ
3873 2960 3936 3012 ἐν

2342 3048 2521 3115 τούτῳ
2573 3046 2918 3117 γινώσκομεν
2963 3047 3044 3100 ὅτι
3099 3048 3156 3099 ἐν
3202 3048 3338 3117 ἡμῖν
3373 3047 3542 3114 ἐστιν,
3573 3050 3655 3103 ὅτι
3706 3050 3772 3104 ἐκ
3832 3050 3936 3104 τοῦ

669 3120 725 3174 in
754 3122 856 3176 hoc
882 3129 1266 3192 cognoscimus
1290 3133 1431 3199 quod
1461 3136 1512 3187 in
1537 3135 1693 3192 nobis
1723 3147 1827 3204 est,
1855 3144 1982 3211 quia
2011 3160 2078 3200 ex
2115 3148 2239 3216 Spi-

2343 3137 2661 3209 Πνεύματος
2714 3137 2880 3191 αὑτοῦ
2926 3137 3330 3192 ἐδωκεν.¹Ἀλλ’
3360 3140 3420 3192 οὐ
3454 3141 3614 3195 τοῦτο
3654 3143 3755 3212 μὲν
3796 3142 3936 3207 ἴσως

668 3210 772 3264 ritu
832 3228 930 3270 suo
969 3217 1116 3271 dedit
1173 3219 1331 3274 nobis
1386 3222 1453 3277 ⁸¹.
1492 3222 1597 3278 Sed
1653 3225 1706 3280 id
1745 3210 1977 3288 fortasse
2021 3210 2240 3294 minime

663 3302 856 3369 dices,
919 3307 1313 3377 blasphemiam
1361 3315 1726 3374 reformidans
1778 3338 1792 3374 :
1836 3338 1900 3378 ac
1956 3329 2237 3385 nobiscum

665 3394 1014 3450 confiteberis
1051 3401 1222 3468 ipsum
1256 3403 1348 3457 Dei
1388 3405 1624 3461 Verbum
1665 3411 1939 3469 hominem
1974 3418 2177 3474 factum
2221 3440 2235 3476 :

666 3484 827 3552 idque
855 3501 977 3544 esse
1008 3491 1436 3549 incarnationem
1483 3512 1497 3552 :
1544 3505 1849 3559 consenties
1881 3510 2045 3564 etiam
2087 3529 2239 3568 man-

665 3577 802 3631 sisse
832 3579 1024 3647 Deum,
1059 3589 1112 3634 et
1144 3598 1255 3637 suae
1282 3595 1490 3643 naturae
1520 3591 1687 3648 decus
1740 3609 2008 3666 servasse,
2046 3614 2237 3671 quam-

663 3667 746 3721 vis
782 3670 1085 3736 appellatus
1115 3673 1184 3726 sit
1213 3674 1385 3730 Filius
1430 3679 1688 3749 hominis,
1735 3685 1894 3757 idque
1941 3667 2257 3750 secundum-

661 3759 944 3812 veritatem
976 3760 1159 3815 fuerit.
1193 3765 1332 3829 Quid
1364 3767 1655 3838 igiturjam
1690 3773 1781 3829 tibi
1819 3780 2038 3846 accidit,
2073 3793 2131 3837 ut
2157 3784 2237 3838 di-

662 3863 816 3904 ceres
847 3849 1018 3919 ipsum
1049 3850 1267 3910 Patrem
1301 3857 1461 3912 simul
1491 3874 1676 3916 secum
1712 3867 1997 3926 considere
2039 3871 2235 3929 fecisse

661 3939 1056 3996 humanitatem
1101 3957 1434 4017 assumptam
1463 3990 1478 4016 ,
1517 3966 1580 4007 ac
1633 3970 1741 4010 non
1791 3961 1968 4028 potius
2014 3963 2068 4018 in
2124 3982 2236 4021 suae

657 4030 827 4099 ipslus
859 4033 1160 4089 divinitatis
1192 4037 1410 4094 sedibus
1458 4045 1767 4103 constitisse
1812 4065 1876 4104 ex
1913 4053 2001 4108 Dei
2033 4054 2235 4112 Patris-

657 4137 762 4189 que
787 4124 1143 4192 beneplacito,
1177 4139 1356 4183 ortum
1381 4147 1444 4186 ex
1472 4147 1537 4188 eo
1572 4136 1802 4192 Verbum
1828 4143 1990 4196 etiam
2018 4159 2236 4214 postea-

656 4223 819 4276 quani
857 4207 1058 4264 factum
1091 4224 1173 4266 est
1203 4215 1364 4270 homo
1389 4255 1404 4280 ,
1439 4233 1508 4272 ne
1548 4220 1717 4290 ipsius
1756 4207 2065 4285 humanitas
2115 4243 2233 4287 tan-

655 4314 818 4366 quam
850 4298 997 4357 abeo
1022 4305 1232 4361 diversa
1266 4308 1601 4381 intelligatur
1626 4325 1719 4371 aut
1750 4318 1968 4374 dicatur
1995 4337 2022 4376 a
2051 4326 2227 4391 uobis,

654 4406 776 4444 cum
817 4407 940 4446 vera
975 4396 1104 4449 unio
1130 4408 1186 4451 "et
1227 4415 1388 4456 unum
1419 4418 1538 4459 esse
1579 4405 1730 4461 illum
1779 4413 2030 4466 ostendat
2075 4418 2231 4471 nobis

2342 3229 2506 3298 ἐρεῖς,
2551 3229 2978 3298 καταναρκήσας
3031 3229 3132 3299 τὴν
3172 3229 3528 3301 δυσφημίανο
3563 3233 3937 3305 ὁμολογήσεις

2340 3317 2395 3369 δὲ
2429 3318 2550 3388 μεθ’
2571 3319 2750 3390 ἡμῶν,
2781 3322 2862 3375 ὅτι
2890 3323 3116 3392 γέγονεν
3143 3323 3432 3395 ἄνθρωπος
3457 3327 3485 3377 6
3516 3325 3611 3379 τοῦ
3642 3326 3780 3380 Θεοῦ
3818 3328 3934 3381 A6—

2339 3420 2434 3472 γος
2457 3423 2470 3435 ·
2502 3411 2594 3462 καὶ
2654 3409 2812 3464 τοῦτό
2854 3413 3061 3484 ἐστινή
3101 3415 3402 3486 σάρκωσις.
3444 3416 3697 3489 Συνθήσῃ
3735 3417 3813 3484 δὲ,
3843 3421 3935 3473 ὅτι

2342 3499 2622 3569 μεμένηκε
2656 3500 2809 3566 Θεὸς,
2842 3505 2936 3557 καί¹
2966 3505 3028 3557 τὸ
3060 3506 3161 3576 τῆς
3207 3507 3344 3570 ίδίας
3384 3508 3600 3576 φύσεως
3625 3509 3934 3564 διεσώσατο

2340 3588 2569 3654 κάλλοςο
2605 3591 2710 3644 κᾶν
2751 3594 2801 3645 εί
2852 3598 3262 3666 κεχρημάτικεν
3309 3599 3438 3662 Υἱὸς
3483 3599 3797 3670 ἀνθρώπου,
3829 3604 3932 3670 γέν

2338 3681 2462 3747 γονέ
2490 3699 2548 3734 τε
2571 3682 2729 3736 τοῦτο
2750 3686 2890 3739 κατὰ
2911 3687 3191 3757 ἀλήθειαν.
3208 3683 3340 3743 Εἶτα
3372 3690 3426 3742 τί
3457 3691 3646 3760 μαθὼν
3673 3693 3787 3763 Ιισ.
3814 3711 3932 3746 πα-

2340 3768 2493 3839 οὼν],
2534 3773 2863 3839 συγκαθίσαι
2900 3776 3006 3845 φὴς
3039 3777 3220 3848 ἐαυτῷ
3260 3779 3351 3831 τὸν
3388 3781 3629 3852 Πατέρα,
3658 3783 3760 3852 τὴν
3791 3785 3933 3838 ἀνα·-

2338 3855 2637 3925 ληψθεῖσαν
2679 3862 3095 3935 ἀνθρωπότητα,
3133 3868 3229 3920 καὶ
3279 3869 3399 3939 οὐχὶ
3432 3871 3496 3941 δὴ
3529 3871 3750 3941 μᾶλλον,
3807 3879 3932 3940 τοῖς

2336 3948 2433 4017 τῆς
2469 3949 2602 4012 ἰδίας
2634 3951 2890 4022 θεότητος
2911 3956 3219 4026 ἐνιδρύσθαι
3251 3959 3469 4024 θώκοις,
3497 3961 3554 4013 ἐν
3576 3962 3801 4036 εύδοκίᾳ
3822 3968 3929 4020 τοῦ

2334 4037 2472 4090 Θεοῦ
2527 4041 2619 4093 καὶ
2656 4043 2868 4112 Πατρός
2893 4083 2908 4108 ,
2945 4046 3038 4097 καὶ
3076 4047 3365 4117 ἄνθρωπον
3406 4052 3664 4118 γεγονότα
3717 4053 3813 4107 τὸν
3864 4057 3928 4121 ἐξ

2336 4129 2504 4182 αὐτοῦ
2531 4132 2704 4200 φύντα
2737 4134 2931 4202 Λόγον,
2968 4137 3052 4189 ἵνα
3089 4138 3164 4208 μὴ
3188 4138 3265 4202 ὼς
3289 4140 3452 4210 ἑτέρα
3480 4158 3564 4204 τις
3593 4145 3724 4213 παρ’
3751 4146 3928 4199 αὐτὸν

2336 4219 2368 4288 ἡ
2396 4219 2752 4292 ἀνθρωπότης
2777 4223 2942 4276 αὑτοῦ
2983 4227 3120 4298 πρὸς
3160 4229 3316 4299 ἡμῶν
3350 4233 3520 4284 νοοῖτο
3554 4234 3645 4286 καὶ
3679 4235 3925 4304 λέγοιτο,

2335 4309 2510 4363 καίτοι
2530 4311 2630 4380 τῆς
2651 4314 2792 4367 κατὰ
2827 4316 3088 4385 ἀλήθειαν
3123 4320 3386 4386 ἐνώσεως,
3417 4322 3513 4376 ἕνα
3535 4341 3595 4376 τε
3621 4326 3754 4394 ἡμῖν
3781 4329 3928 4382 ἀπο-

2334 4401 2630 4473 φαινούσης
2656 4405 2838 4468 αὑτὸν,
2863 4407 2958 4460 καὶ
2981 4408 3080 4461 ούκ
3103 4409 3385 4481 ἀλλότριον
3416 4414 3582 4467 αὐτοῦ
3613 4417 3711 4488 τὴν
3734 4419 3927 4490 σάρκα

652 4489 707 4534 et
740 4481 856 4549 ejus
896 4498 1112 4540 carnem
1147 4504 1249 4543 nou
1296 4507 1414 4547 esse
1449 4497 1516 4550 ab
1547 4511 1611 4551 eo
1658 4501 1940 4557 alienam?
1987 4505 2223 4562 Convin-

2343 4492 2531 4558 αύτοῦ;
2569 4494 2889 4565 Ψευδοεπὴς
2914 4493 3007 4550 οῦν
3051 4499 3182 4569 ἄρα,
3217 4475 3310 4554 καὶ
3350 4503 3614 4574 λογισμοῦ
3638 4475 3748 4559 τοῦ
3780 4475 3927 4564 καθ-

653 4573 795 4627 ceris
823 4589 951 4642 ergo
982 4576 1032 4629 in
1059 4579 1158 4632 hoc
1187 4594 1406 4651 quoque
1439 4588 1699 4654 mendax,
1733 4602 1788 4645 et
1816 4609 1844 4645 a
1878 4606 2025 4650 recta
2058 4601 2228 4651 ratio-

653 4663 926 4718 cinatione
975 4682 1080 4720 uon
1122 4685 1310 4738 parum
1359 4676 1642 4732 aberrans.
1686 4680 1764 4734 Ac
1810 4683 1853 4737 si
1903 4687 2036 4739 nihil
2082 4689 2225 4743 aliud

651 4762 732 4806 est
765 4755 948 4809 dicere
977 4756 1208 4813 Verbum
1251 4762 1450 4817 factum
1497 4782 1618 4822 esse
1643 4781 1861 4827 carnem
1890 4815 1904 4840 ,
1951 4779 2052 4832 nisi
2084 4784 2225 4848 quod

653 4845 854 4900 factum
884 4859 965 4902 est
1015 4852 1173 4906 homo
1201 4891 1217 4918 ,
1272 4868 1483 4912 servata
1540 4863 1861 4919 excellentia
1907 4845 2224 4939 divinitatis,

653 4949 982 5005 manensque
1009 4941 1150 5007 quod
1182 4952 1319 5008 erat,
1354 4961 1587 5013 quanam
1619 4962 1848 5007 externa
1879 4956 2046 5022 gloria
2085 4975 2220 5029 opus

653 5024 856 5088 habuit,
877 5044 998 5082 eum
1029 5032 1142 5099 ipse
1170 5033 1430 5091 Dominus
1459 5050 1601 5094 esset
1624 5042 1807 5110 gloriae
1827 5045 1848 5097 ?
1870 5045 2223 5104 Glorilicaba-

655 5124 740 5167 tur
760 5118 902 5171 enim
934 5122 1049 5175 sine
1076 5123 1261 5189 dubio,
1290 5127 1497 5194 Spiritu
1526 5131 1707 5188 divina
1735 5136 2000 5195 efﬁciente
2037 5145 2217 5214 signa,

652 5220 755 5260 non
793 5219 848 5262 ut
885 5212 1060 5268 Deifer
1096 5216 1277 5280 homo,
1315 5220 1381 5272 ab
1418 5231 1645 5278 externa
1688 5212 2219 5301 superiorcque'ua-

652 5311 773 5353 tura
802 5316 865 5357 eo
897 5320 1123 5360 munere
1171 5321 1482 5377 comparato
1511 5357 1526 5379 ,
1565 5325 1621 5370 ut
1669 5318 1824 5374 nobis
1864 5324 2090 5389 accidit,
2129 5331 2221 5382 sed

653 5388 855 5458 Spiritu
888 5404 1136 5462 tanquam
1173 5400 1391 5467 proprio
1416 5418 1567 5458 usus.
1623 5407 1761 5462 Deus
1812 5412 1955 5466 enim
1995 5427 2112 5470 erat
2154 5437 2220 5471 ex

652 5490 871 5547 natura;
901 5484 1128 5555 ideoque
1159 5489 1388 5557 Spiritus
1422 5494 1535 5562 ejus
1569 5501 1632 5550 ab
1663 5516 1727 5555 eo
1773 5519 1877 5557 non
1924 5518 2039 5561 erat
2085 5511 2215 5565 alic-

718 5640 765 5671 ⁸ο
801 5640 820 5694 l
859 5641 980 5699 Cor.
1010 5661 1083 5715 vi,
1111 5648 1194 5700 16.
1274 5652 1313 5681 ⁵³
1356 5651 1560 5708 lJoan.
1590 5672 1659 5725 iv,
1696 5660 1782 5713 l5.

2332 4583 2559 4652 ήκοντος
2581 4585 2641 4636 ού
2677 4586 2913 4657 μετρίως
2939 4589 3302 4660 ἡμαρτηκὼς,
3344 4594 3541 4665 ἁλίσκῃ
3574 4599 3680 4649 κάν
3709 4599 3920 4672 τούτῳ.

2331 4677 2439 4727 Καὶ
2469 4678 2516 4727 εί
2564 4678 2731 4746 μηδὲν
2765 4678 2949 4749 ἕτερόν
2990 4683 3107 4733 ἐστι
3148 4682 3209 4733 τὸ
3256 4684 3501 4756 φάναιδὴ
3540 4688 3716 4757 σάρκα
3746 4707 3926 4759 γεγε-

2330 4768 2523 4836 νῆσθαι
2550 4769 2640 4822 τὸν
2676 4771 2869 4836 Λόγον,
2900 4773 2933 4841 ἢ
2963 4773 3044 4825 ὅτι
3077 4774 3304 4842 γέγονεν
3333 4776 3619 4848 ἄνθρωπος
3647 4783 3704 4833 ἐν
3735 4783 3926 4856 ὑπερ-

2329 4862 2426 4929 οχῇ
2452 4860 2702 4929 θεότητος
2729 4862 2826 4927 ὢν,
2859 4865 2952 4916 καὶ
2994 4865 3322 4937 μεμενηκὼς
3369 4870 3506 4939 ὅπερ
3532 4867 3622 4941 ἦν,
3648 4873 3814 4938 ποίας
3849 4877 3926 4930 ἂν

2332 4948 2524 5018 ἐδεήθη
2564 4951 2660 5020 τῆς
2695 4951 2891 5016 ἔξωθεν
2935 4954 3111 5024 δόξης,
3153 4957 3329 5009 καίτοι
3379 4958 3479 5028 τῆς
3511 4961 3668 5031 δόξης
3703 4964 3925 5038 Κύριος

2329 5035 2406 5088 ὢν
2435 5038 2628 5103 αὑτός,
2660 5040 2967 5105 Ἐδοξάζετο
2994 5044 3090 5111 μὲν
3119 5045 3227 5114 γὰρ
3266 5047 3731 5120 ὁμολογουμένως,
3757 5035 3845 5106 ἐνε
3859 5073 3925 5124 ρ-

2332 5127 2553 5194 γοῦντος
2579 5129 2672 5181 τοῦ
2713 5132 3030 5200 Πνεῦματος
3057 5135 3153 5197 τὰς
3187 5135 3517 5207 θεοσημίας·
3553 5141 3667 5192 ἀλλ’
3699 5143 3798 5213 οὐχ
3835 5146 3924 5209 ὡς

2331 5217 2612 5288 ἄνθρωπος
2641 5221 2917 5292 θεοφόρος,
2954 5225 3012 5289 ἐξ
3045 5227 3257 5289 όθνείας
3283 5247 3340 5281 τε
3373 5232 3464 5281 καὶ
3501 5233 3924 5306 ὑπερκειμένης

2334 5308 2547 5376 φύσεως
2585 5311 2645 5362 τὸ
2690 5313 2878 5382 χρῆμα
2935 5316 3250 5385 κερδαίνων,
3307 5321 3446 5372 καθὰ
3480 5322 3571 5374 καὶ
3606 5325 3798 5392 ἡμεῖς·
3835 5329 3925 5390 ὡς

2336 5401 2448 5470 ἰδίῳ
2477 5401 2531 5453 δὲ
2573 5403 2772 5472 μᾶλλον
2805 5409 3146 5477 κεχρημένος
3185 5410 3260 5480 τῷ
3302 5413 3603 5482 Πνεύματι.
3636 5417 3768 5480 Θεὸς
3800 5421 3925 5490 γὰρ

2330 5487 2396 5561 ἦν
2446 5493 2644 5562 φύσει,
2711 5499 2804 5551 καὶ
2846 5501 2944 5553 οὐκ
2997 5502 3276 5574 ἀλλότριον
3335 5506 3498 5559 αὑτοῦ
3557 5509 3616 5561 τὸ
3679 5509 3925 5565 Πνεῦιια
