4040 6438
130 353 215 409 175
1227 345 1596 402 ADVERSUS
1636 345 2037 403 NESTOBiUM
2079 346 2208 401 LIB.
2253 348 2341 401 IV.

3268 356 3367 411 I75

126 466 294 521 αὑτοῦ.
329 464 558 519 Οὐκοῦν
594 464 695 519 οὐκ
720 464 941 530 ἔξωθεν,
969 463 1087 516 οὐδὲ
1114 462 1597 533 εἰσποίητονάὐτῷ
1621 463 1699 515 δε-

1814 481 1933 518 nus.
1964 465 2073 517 Non
2098 466 2261 535 igitur
2287 465 2643 532 extrinsecus,
2681 483 2857 537 neque
2899 471 3119 526 ascitam
3153 474 3368 533 aliunde

125 558 291 611 δύεσθαι
335 558 532 627 φαμὲν
571 555 668 608 τοῦ
702 554 1021 625 Πνεύματος
1064 554 1164 624 τὴν
1213 554 1523 623 ἐνέργειαν,
1564 552 1704 605 καθά

124 650 205 701 ul.
233 651 375 718 ἡμῖν
432 647 651 710 αὐτοῖς,
681 647 853 716 ἦγουν
884 647 996 707 τοῖς
1028 644 1203 712 ἁγίοις
1234 644 1571 706 ἀποστόλοις.
1608 646 1702 695 Δε-

123 741 349 810 δὼρηται
386 740 503 810 γάρ
536 740 725 801 αὐτοῖς
747 737 996 801 ἐξουσίαν
1023 738 1051 788 ὁ
1083 735 1314 806 Χριστὸς
1355 734 1497 788 κατὰ
1537 751 1702 787 πνευ-

124 834 297 900 μάτων
322 830 690 900 ἀκαθάρτων,
708 828 850 881 ὥστε
877 826 1158 880 ἐκϐάλλειν
1178 826 1347 878 αὑτά·
1371 826 1704 895 τῳοστέταχε

120 923 168 974 δὲ
206 920 573 992 θεραπεύειν,
614 919 711 972 καὶ
750 920 934 971 πᾶσαν
959 916 1146 982 νόσον,
1183 916 1279 969 καὶ
1320 918 1500 969 πᾶσαν
1535 916 1706 985 μαλα-

123 1013 236 1064 κίαν
266 1014 327 1064 ἐν
357 1011 445 1081 τῷ
474 1010 616 1080 λαῷ.
652 1008 878 1063 Οἰκοθεν
904 1002 996 1060 οὖν
1026 1007 1135 1077 ἄρα
1162 1006 1255 1060 καὶ
1287 1006 1415 1075 παρ’
1448 1006 1615 1059 αὐτοῦ
1643 1006 1704 1059 τὸ

120 1102 342 1173 Πνεῦμα
375 1101 577 1157 αὐτοῦ.
610 1100 722 1154 Καὶ
750 1099 941 1152 τούτου
978 1097 1154 1167 σαφὴς
1178 1096 1451 1162 ἀπόδειξις
1498 1097 1583 1165 εἴη
1612 1098 1700 1158 ἂν,

119 1195 173 1245 τὺ
201 1194 296 1244 καὶ
324 1192 549 1262 ἑτέροις
599 1190 863 1244 δύνασθαι
896 1190 1149 1259 χορηγεῖν
1183 1186 1335 1250 αὐτὸ,
1374 1188 1468 1240 καὶ
1505 1188 1606 1239 οὐκ
1639 1188 1703 1239 ἐκ

119 1286 339 1355 μέτρου,
374 1282 532 1335 καθά
567 1298 737 1352 φησιν
771 1282 800 1333 6
837 1278 1104 1350 μακάριος
1146 1276 1570 1346 εὐαγγελιστήςο
1609 1278 1704 1328 ἐπ-

117 1376 391 1444 εμέτρησε
426 1374 535 1443 μὲν
567 1372 679 1442 γὰρ
705 1373 818 1433 τοῖς
831 1369 1008 1438 ἁγίοις
1024 1368 1121 1439 τὴν
1152 1366 1240 1420 διὰ
1268 1366 1360 1419 τοῦ
1387 1366 1701 1436 Πνεύματος

118 1464 270 1533 χάριν
298 1465 328 1515 6
355 1462 474 1514 τῶν
500 1462 643 1513 ὅλων
667 1459 800 1522 Θεός
823 1476 837 1489 ·
866 1458 962 1512 καὶ
989 1451 1033 1524 ᾧ
1073 1458 1169 1527 μὲν
1206 1457 1374 1510 ἔδωκε
1420 1455 1575 1523 λόγον
1615 1473 1701 1507 σο⁹

117 1558 266 1622 φίας
312 1554 470 1623 ἄλλῳ
513 1553 573 1605 δὲ
621 1552 781 1620 λόγον
816 1548 1105 1618 γνὼσεως’
1143 1547 1316 1617 ἐτέρῳ
1348 1546 1404 1599 δέ
1456 1548 1701 1617 χάρισμα

114 1646 366 1715 ἰαμάτων
395 1660 411 1674 °
437 1645 540 1696 καί
564 1638 746 1706 τοῦτο,
771 1636 950 1710 οἶμαι,
974 1639 1087 1692 ἐστι
1111 1638 1273 1703 τὸ,ὼς
1304 1638 1369 1689 ἐκ
1396 1637 1594 1705 μέτρου
1612 1636 1701 1689 δύ-

114 1737 305 1790 νασθαι
327 1736 464 1797 τοὺς
488 1734 716 1803 ἔχοντας
743 1732 1043 1801 ἐνέργειαν.
1061 1730 1119 1782 '0
1139 1728 1198 1781 δέ
1226 1746 1288 1796 γε
1313 1727 1514 1796 Κύριος
1543 1727 1698 1798 ἡμῶν

1810 555 2039 608 dicimus
2084 556 2182 623 ipsi
2233 556 2411 609 datam
2454 554 2690 624 Spiritus
2729 560 3068 616 cllicicntiam
3110 568 3370 623 similiter

1810 656 1874 694 ac
1905 642 2059 695 nobis
2106 642 2257 709 ipsis,
2313 653 2406 696 aut
2448 645 2607 698 etiam
2657 649 2859 702 sanctis
2896 653 3173 719 apostolis.
3212 656 3370 712 Dedit

1808 726 1951 777 enim
1982 726 2089 780 illis
2119 728 2368 783 Christus
2390 740 2711 798 potestatem
2734 736 2989 793 adversus
3027 742 3250 807 spiritus
3277 745 3371 799 im-

1811 818 2038 870 mundos
2085 828 2144 870 ut
2189 833 2282 873 eos
2310 819 2567 887 ejicerent
2598 841 2612 876 :
2641 825 2801 892 jussit
2831 830 2994 883 etiam
3029 843 3086 885 ut
3113 849 3370 893 curarent

1810 922 2023 962 omnem
2068 910 2431 965 inﬁrmitatem
2463 923 2751 970 etomnem
2813 918 3123 990 languorem
3175 928 3227 980 in
3274 944 3369 998 po-

1808 1003 1934 1071 pulo
1964 1002 2028 1055 ".
2062 1004 2390 1060 lntrinsecus
2420 1006 2583 1075 igitur
2630 1019 2683 1062 et
2736 1009 2803 1064 ab
2856 1013 2971 1081 ipso
3009 1026 3091 1071 est
3134 1017 3371 1087 Spiritus

1808 1091 1923 1159 ejus
1951 1112 1963 1147 :
1998 1094 2151 1163 cujus
2184 1096 2257 1149 rei
2290 1099 2640 1167 perspicuum
2684 1112 2768 1156 est
2797 1118 3195 1174 argumentum,
3225 1117 3366 1179 quod

1808 1184 1970 1237 etiam
2001 1186 2119 1240 aliis
2164 1186 2308 1240 illum
2334 1189 2572 1244 tribuere
2605 1201 2800 1259 potest,
2855 1204 2910 1250 et
2952 1214 3055 1252 non
3093 1215 3161 1255 ex
3213 1218 3369 1259 men-

1807 1289 1955 1340 sura,
1994 1286 2053 1330 ut
2096 1278 2173 1331 ait
2218 1279 2406 1333 beatus
2463 1284 2789 1353 evangelista
2816 1287 2902 1351 ⁵⁹;
2961 1305 3080 1345 nam
3119 1293 3209 1347 ille
3255 1310 3371 1349 om»-

1812 1365 1958 1418 nium
1980 1367 2120 1422 Deus
2142 1371 2206 1423 ad
2222 1385 2524 1425 mensuram
2549 1375 2763 1441 quidem
2794 1380 2979 1434 tribuit
3004 1386 3205 1441 sanctis
3232 1387 3367 1444 viris

1813 1457 2046 1522 Spiritus
2077 1460 2247 1513 sancti
2272 1462 2521 1528 gratiam,
2550 1474 2605 1518 et
2627 1464 2716 1518 alii
2753 1468 2967 1536 quidem
2991 1472 3133 1527 dedit
3155 1490 3365 1531 sermo-

1810 1560 1927 1599 nem
1946 1548 2234 1615 sapientiae,
2258 1549 2347 1601 alii
2365 1564 2663 1606 sermonem
2680 1554 2937 1622 scientiae,
2956 1558 3109 1614 alteri
3132 1565 3362 1630 gratiam

1806 1635 2144 1690 curationum
2175 1638 2221 1668 ⁵⁸
2271 1638 2489 1707 :idque
2515 1650 2617 1705 est,
2675 1652 2732 1696 ut
2789 1646 2999 1714 opinor,
3054 1654 3195 1717 quod
3250 1665 3368 1707 tan-

1806 1741 1965 1792 quam
1994 1742 2058 1781 ex
2078 1742 2327 1783 mensura
2349 1740 2571 1797 possunt
2603 1733 2639 1786 ii
2666 1736 2757 1801 qui
2784 1736 2982 1791 habent
3003 1740 3363 1797 ellicientiam.

126 1826 335 1895 Ἰησοῦς
382 1824 655 1896 Χριστὸς,
710 1822 772 1885 ἐξ
826 1821 955 1874 ἰδίου
991 1817 1358 1889 πληρώματος
1393 1819 1603 1888 προῐεὶς
1643 1819 1699 1872 τὸ

1803 1816 1914 1886 99
1936 1818 2009 1871 At
2036 1833 2165 1872 vero
2199 1818 2460 1876 Dominus
2490 1834 2671 1878 noster
2700 1825 2856 1881 Jesus
2884 1828 3137 1887 Christus
3160 1848 3222 1886 es
3272 1851 3367 1889 sua

115 1917 360 1987 Πνεῦμα,
386 1914 543 1969 καθὰ
577 1914 674 1967 καὶ
695 1911 858 1974 αὐτὸς
890 1911 919 1963 6
952 1910 1161 1979 Πατὴρ,
1189 1909 1287 1978 οὐχ
1317 1909 1391 1970 ὡς
1414 1910 1478 1961 ἐκ
1506 1908 1704 1978 μέτρου

108 2010 326 2061 δίδωσιν
356 2008 501 2060 αὐτὸ
536 2008 655 2068 τοῖς
703 2004 877 2068 ἀξίοις
925 2002 1084 2055 ἑλεῖν.
1125 1999 1373 2054 ’Δνθότου
1405 2000 1468 2071 δὴ
1504 1996 1621 2063 οὖν,
1661 1994 1706 2053 ὦ

112 2101 385 2169 βέλτιστε,
419 2100 517 2151 τδν
552 2098 655 2151 οὐκ
688 2098 751 2149 ἐκ
785 2097 986 2165 μέτρου
1014 2093 1225 2146 διδόντα
1244 2092 1304 2145 τὸ
1336 2092 1561 2161 Πνεῦμα
1592 2094 1705 2156 τοῖς

115 2192 549 2263 μεμετρημένον
575 2190 793 2260 ἔχουσιν
827 2188 959 2243 αὐτὸ
992 2190 1165 2250 ποιεῖς
1195 2184 1548 2256 ἐναρίθμιον;
1577 2200 1706 2251 συγ-

112 2278 494 2350 κεκροτῆσθαι
525 2278 704 2346 λέγων
737 2278 889 2347 παρὰ
924 2274 1015 2329 τοῦ
1056 2273 1375 2344 Πνεύματος
1404 2274 1505 2345 τὴν
1545 2274 1706 2340 δόξαν

111 2371 304 2432 αὑτοῦ,
324 2370 430 2423 καὶ
455 2368 800 2439 ἐνηργῆσθαι
826 2366 1044 2437 μᾶλλον,
1059 2366 1133 2428 ὠς
1152 2364 1247 2418 ἕνα
1268 2364 1375 2418 τῶν
1397 2364 1516 2418 καθ’
1537 2365 1702 2434 ἡμᾶς,

113 2464 171 2514 ἐν
200 2462 441 2531 χάριτος
488 2460 649 2523 τάξει
691 2459 928 2511 λαϐόντα
964 2457 1064 2526 τὴν
1103 2455 1233 2525 παρ’
1264 2454 1430 2507 αὑτοῦ
1471 2454 1706 2523 συγκρό-

111 2570 294 2621 τησιν,
332 2553 515 2622 ἤγουν
557 2550 855 2620 ἐνεργῆσαι
898 2547 1095 2617 μᾶλλον
1122 2547 1198 2608 ὼς
1250 2545 1315 2598 δι’
1352 2545 1484 2597 ἰδίου
1532 2542 1707 2598 Πνεῦ-

115 2661 285 2711 ματος
316 2643 427 2705 τὰς
458 2639 788 2710 θεοσημίας.
836 2638 1080 2692 Ἰουδαῖοι
1118 2637 1216 2706 μὲν
1257 2635 1367 2705 γάρ
1402 2637 1448 2689 οἰ
1475 2635 1705 2689 πάντολ-

113 2750 223 2802 μοι,
260 2731 484 2801 πικρὰν
518 2731 608 2784 ἐπ’
649 2729 800 2800 αὐτῷ
845 2729 1243 2800 καταθὴγοντες
1278 2729 1543 2794 γλῶτταν,
1584 2730 1706 2781 ἀνο-

114 2825 243 2886 σίως
278 2823 569 2891 ἔφασκονο
608 2839 627 2872 ι
656 2816 822 2883 Οὗτος
853 2821 954 2873 οὐκ
979 2819 1233 2873 ἐκϐάλλει
1257 2818 1326 2871 τὰ
1351 2819 1625 2890 δαιμόνια,
1656 2819 1705 2871 εί

111 2914 185 2980 μὴ
210 2914 273 2963 ἐν
298 2910 382 2981 τῷ
427 2907 764 2973 Βεελζεόοὺλ
792 2910 1012 2979 ἄρχοντι
1046 2908 1153 2961 τῶν
1183 2908 1499 2978 δαιμονίωνο
1535 2928 1555 2961 ο
1590 2910 1618 2962 6
1650 2908 1705 2961 δέ

112 3019 169 3069 γε
197 3002 420 3071 Κύριος
443 2998 609 3069 ἡμῶν
642 2994 850 3069 Ἰησοῦς
879 3002 907 3052 6
930 2996 1186 3069 Χριστὸς,
1219 2998 1615 3068 άμαθαίνοντας
1643 3000 1703 3051 οὐ

112 3093 351 3165 μικρῶς,
400 3090 611 3161 μᾶλλον
642 3090 700 3143 δὲ
742 3090 835 3143 καὶ
876 3089 1267 3152 δυσσεϐοῦντας
1310 3089 1564 3160 ἐλέγχων,
1598 3108 1616 3141 ι
1643 3091 1704 3143 Εἰ

1806 1910 2136 1975 plenitudine
2155 1911 2487 1979 profundens
2506 1914 2789 1983 Spiritum,
2805 1929 2864 1972 ut
2891 1921 3054 1974 etiam
3088 1924 3162 1991 (l)
3187 1923 3367 1988 Pater,

1806 2014 1912 2053 non
1943 1999 2088 2053 illurn
2123 2004 2214 2055 dat
2262 2010 2512 2071 tanquam
2574 2020 2636 2060 ex
2680 2023 2930 2064 mensura
2982 2011 3046 2066 iis
3084 2017 3171 2083 qui
3224 2019 3368 2085 digni

1804 2100 1930 2143 sunt
1958 2091 2223 2157 accipere.
2252 2090 2492 2157 Quanam
2524 2095 2686 2162 igitur
2712 2102 2777 2154 de
2806 2115 2992 2165 causa,
3016 2105 3099 2156 vir
3129 2112 3367 2175 egregie,

1804 2192 1925 2232 eum
1952 2180 2041 2247 qui
2077 2194 2181 2233 non
2212 2194 2278 2234 ex
2327 2197 2578 2238 mensura
2626 2186 2719 2239 dat
2763 2187 3047 2257 Spiritum,
3101 2182 3367 2250 ineorum

1806 2283 2086 2322 numerum
2120 2271 2293 2325 refers
2322 2273 2412 2340 qui
2450 2274 2751 2331 dimensum
2789 2278 2937 2333 illum
2968 2282 3168 2337 habent
3190 2320 3208 2349 ,
3242 2285 3367 2340 dum

1806 2371 2172 2428 comparatam
2212 2378 2243 2417 a
2282 2363 2487 2432 Spiritu
2521 2366 2636 2434 ejus
2664 2367 2889 2436 gloriam
2926 2372 3083 2439 dicis,
3130 2385 3189 2429 et
3225 2377 3367 2432 illius

1805 2450 2103 2506 efﬁcientia?
2156 2454 2454 2523 subjectum
2478 2458 2675 2524 potius,
2710 2470 2769 2513 ut
2795 2476 2958 2515 unum
3006 2478 3036 2516 e
3060 2468 3214 2521 nobis
3243 2485 3338 2537 gra

1809 2541 1898 2595 tiae
1926 2541 2043 2595 loco
2065 2543 2179 2611 ejus
2225 2546 2659 2613 cooperationem
2698 2552 2972 2619 accepisse
2998 2595 3013 2619 ,
3054 2571 3214 2624 quam
3243 2574 3368 2626 pro-

1805 2630 1925 2697 prio
1956 2630 2156 2699 Spiritu
2189 2633 2365 2687 divina
2402 2636 2556 2704 signa
2593 2637 2875 2696 effecisse?
2910 2642 3075 2699 Judaei
3109 2650 3363 2717 namque,

1805 2719 1871 2773 ad
1898 2722 2079 2776 omnia
2115 2723 2462 2779 audacissimi
2498 2740 2620 2780 cum
2650 2742 2970 2787 venenatam
3000 2734 3235 2805 linguam
3271 2742 3365 2791 ad-

1807 2825 1997 2865 versus
2030 2812 2178 2865 illum
2194 2826 2546 2881 exacuerent,
2575 2818 2739 2888 impie
2760 2821 3043 2879 dicebant:
3076 2845 3095 2878 ι
3134 2826 3228 2882 Hic
3264 2845 3369 2883 non

1806 2900 1956 2970 ejicit
2012 2904 2275 2959 daemonia
2318 2905 2418 2959 nisi
2443 2910 2494 2960 in
2533 2908 2853 2978 Beelzebub,
2885 2915 3127 2985 principe
3172 2919 3365 2975 daemo-

1806 2992 2021 3047 niorum
2053 2994 2118 3048 ”.
2162 3015 2181 3047 ι
2217 2996 2476 3055 Dominus
2516 3014 2646 3055 vero
2696 3012 2879 3057 noster
2924 3003 3080 3063 Jesus
3121 3007 3368 3067 Christus

1807 3081 1928 3135 illos
1958 3098 2063 3137 non
2095 3086 2302 3141 modica
2338 3089 2573 3154 inscitia,
2607 3093 2715 3147 imo
2743 3109 2871 3149 vero
2896 3097 3061 3151 etiam
3085 3098 3365 3168 impietate

110 3156 240 3253 ἐγὼ,
270 3156 473 3255 φησίν,
510 3185 571 3236 ἐν
622 3181 954 3245 Βεελςεδοὺλ
991 3180 1212 3251 ἄρχοντι
1259 3180 1368 3234 τῶν
1412 3156 1699 3251 δαιμονίων

1806 3172 2053 3230 laborare
2085 3190 2383 3247 coarguens
2411 3199 2424 3235 :
2461 3199 2479 3233 ι
2519 3180 2576 3237 Si
2605 3197 2725 3253 ego,
2762 3185 2955 3254 inquit,
2986 3187 3039 3242 in
3063 3156 3368 3248 Beelzebub

108 3277 362 3332 ἐκϐάλλω
410 3276 486 3329 τὰ
533 3273 810 3344 δαιμόνια,
854 3275 903 3326 οἰ
937 3274 1040 3326 υἱοὶ
1088 3273 1241 3343 ὑμῶν
1290 3274 1347 3325 ἐν
1388 3273 1493 3326 τίνι
1538 3272 1700 3326 ἐκϐα-

108 3367 297 3431 λοῦσι;
323 3387 349 3418 ν
378 3364 780 3433 Τεθαύμασται
807 3363 915 3431 γάρ
938 3365 964 3414 6
986 3362 1237 3432 λαμπρὸς
1266 3365 1360 3416 καὶ
1394 3363 1566 3432 μέγας
1592 3363 1700 3415 τῶν

108 3459 280 3521 ἁγίων
310 3453 643 3508 ἀποστόλων
688 3451 873 3523 χορὸς,
905 3452 963 3503 ἐν
990 3451 1215 3520 ὀνόματι
1257 3452 1430 3521 Ἰησοῦ
1463 3452 1699 3521 Χριστοῦ

108 3546 198 3598 τοῦ
219 3542 570 3615 Ναζωραίου
598 3541 822 3612 πληρῶν
849 3541 916 3594 τὰ
967 3540 1274 3611 παράδοξα·
1317 3542 1413 3595 καὶ
1444 3540 1573 3609 γοῦν
1600 3542 1702 3595 ὑπ-

106 3639 376 3706 έστρεφον
403 3633 701 3705 χαίροντές
727 3650 786 3686 τε
820 3633 912 3685 καὶ
937 3632 1186 3703 λέγοντες
1207 3650 1219 3662 ·
1246 3650 1264 3683 ι
1288 3631 1481 3702 Κύριε,
1512 3633 1606 3685 καὶ
1630 3633 1698 3688 τὰ

102 3728 365 3796 δαιμόνια
415 3727 556 3794 ἡμῖν
597 3723 968 3776 ὑποτάσσεται
1006 3723 1099 3775 ἐπὶ
1134 3721 1213 3792 τῷ
1255 3723 1479 3792 ὀνόματί
1524 3741 1639 3779 σου.
1673 3743 1693 3777 ο

118 3817 255 3868 Ἀλλ’
283 3816 456 3886 εἴπερ
484 3813 637 3866 ἐστὶν
665 3814 889 3881 ἐφικτὸν
914 3814 970 3864 ἐν
997 3812 1221 3881 ὀνόματί
1248 3829 1391 3873 τινος
1413 3814 1522 3866 τῶν
1548 3816 1699 3885 ἐνερ-

106 3909 417 3978 γουμένων,
462 3906 562 3959 καὶ
605 3905 835 3973 ἐτέρους
877 3903 1137 3958 δύνασθαι
1182 3904 1248 3957 τά
1300 3906 1391 3957 ῐσα
1430 3906 1693 3976 πληροῦν,

106 4001 284 4066 ἡκέτω
305 4015 319 4028 ο
352 3995 623 4067 φραζέτω
668 3994 758 4048 διὰ
783 3993 941 4046 ποίαν
972 3987 1149 4045 αἰτίαν
1182 3991 1357 4055 οὐδεὶς
1386 3993 1443 4045 ἐν
1472 3989 1695 4062 ὀνόματι

105 4092 210 4142 τῶν
233 4090 416 4157 ἁγίων
452 4087 621 4148 τινὸς,
653 4085 686 4154 ἦ
719 4083 1051 4154 ἀκαθάρτοις
1071 4083 1342 4152 πνεύμασι
1364 4084 1693 4154 ἐπιτιμήσας

103 4175 483 4245 θαυμάζεται,
521 4172 696 4242 ἤγουν
725 4172 914 4241 ἕτερόν
942 4188 996 4223 τι
1020 4170 1128 4223 τῶν
1170 4171 1312 4240 πέρα
1351 4170 1511 4239 λόγου
1541 4189 1693 4225 τετε-

103 4268 293 4332 λεκώς.
332 4265 485 4320 Ἀλλ’
519 4265 571 4317 οἰ
621 4264 722 4334 μὲν
759 4264 1085 4333 ἐνήργηνται
1118 4260 1271 4331 παρὰ
1317 4261 1409 4313 τοῦ
1442 4261 1694 4331 Πνεῦμα-

103 4376 212 4421 τος,
242 4362 339 4411 καὶ
375 4372 641 4427 μεμετρη
652 4355 819 4424 μένην
861 4354 1046 4422 ἔχουσι
1077 4350 1267 4421 χάριν·
1290 4352 1317 4403 6
1342 4351 1418 4413 δὲ,
1444 4350 1518 4413 ὡς
1560 4351 1692 4416 Θεὸς

1804 3264 1963 3333 ejicio
1994 3266 2277 3337 daemonia,
2316 3272 2408 3325 ﬁlii
2457 3275 2619 3327 vestri
2663 3276 2718 3329 in
2774 3291 2880 3344 quo
2933 3279 3157 3348 ejiciunt
3200 3283 3245 3319 ’⁸
3276 3282 3300 3338 1
3337 3301 3359 3335 ι

1802 3354 1930 3408 Erat
1971 3356 2114 3409 enim
2163 3358 2217 3411 in
2266 3358 2622 3416 admiratione
2669 3362 2846 3420 clarus
2895 3366 2983 3422 ille
3033 3379 3083 3423 et
3137 3386 3364 3442 magnus

1802 3456 2110 3500 sanctorum
2159 3450 2525 3517 apostolorum
2578 3454 2798 3523 cherus,
2848 3471 2968 3512 cum
3032 3460 3084 3515 in
3148 3464 3368 3521 nomine

1802 3533 1931 3589 Jcsu
1964 3535 2165 3591 Christi
2200 3535 2461 3595 Nazareni
2493 3544 2675 3599 ederet
2723 3548 2986 3606 miracula
3015 3569 3030 3604 ε
3066 3552 3246 3622 itaque
3281 3570 3367 3609 re-

1802 3627 2153 3681 vertebantur
2182 3631 2480 3698 gaudentes
2529 3647 2591 3686 ac
2622 3633 2907 3690 dicentes:
2947 3658 2966 3690 ι
3011 3633 3258 3705 Domine,
3312 3643 3366 3697 in

1799 3717 2015 3771 nomine
2047 3727 2135 3771 tuo
2170 3720 2331 3773 etiam
2364 3722 2626 3777 daemonia
2657 3726 3024 3794 subjiciuntur
3057 3732 3213 3787 nobis
3242 3734 3309 3787 "’.
3341 3752 3359 3785 ι

1810 3804 1916 3860 Sed
1952 3807 1995 3859 si
2028 3808 2144 3861 ﬁeri
2177 3819 2355 3878 potest
2383 3821 2441 3864 ut
2476 3814 2528 3866 in
2558 3814 2775 3867 neruine
2802 3816 3034 3886 alicujus
3058 3836 3248 3876 eorum
3274 3826 3363 3893 qui

1796 3897 1861 3949 ad
1874 3897 2208 3952 efﬁciendum
2228 3900 2295 3954 ab
2313 3900 2417 3955 alio
2432 3914 2732 3970 moventur,
2748 3906 2910 3961 etiam
2927 3909 3014 3963 alii
3036 3912 3232 3968 similia
3250 3929 3365 3988 pos-

1796 3987 1903 4039 sint
1929 3987 2157 4053 edicere,
2177 3992 2398 4057 prodeat
2426 4008 2489 4050 ac
2516 3993 2679 4062 dicat,
2702 4012 2861 4067 quam
2880 4001 2947 4054 ob
2969 4016 3184 4057 causam
3208 4021 3366 4061 nemo

1795 4076 2094 4132 celebretur
2117 4081 2257 4148 quod
2278 4081 2327 4135 in
2344 4082 2482 4137 illius
2497 4087 2666 4140 sancti
2686 4088 2785 4141 viri
2806 4091 3020 4147 nomine
3042 4094 3123 4147 vel
3141 4096 3366 4164 Spiritus

1795 4168 2034 4237 impuros
2058 4170 2363 4239 increparit,
2388 4174 2468 4228 vel
2491 4176 2633 4231 aliud
2652 4179 2922 4249 quidpiam
2950 4186 3091 4251 quod
3110 4200 3267 4253 supra
3288 4204 3366 4241 ra-

1796 4263 1991 4316 tionem
2025 4264 2114 4329 sit,
2153 4266 2454 4335 perfecerit.
2497 4268 2602 4324 Sed
2655 4270 2729 4326 illi
2769 4274 2986 4342 quidem
3018 4291 3046 4329 a
3072 4275 3271 4346 Spiritu
3301 4282 3365 4335 ad

1793 4368 1926 4421 opus
1947 4354 2282 4411 elIicieudum
2341 4359 2703 4428 impelluntur,
2749 4364 2802 4419 e't
2828 4365 3125 4421 dimensam
3170 4370 3367 4426 habent

102 4450 331 4517 ἐνεργεῖ,
383 4445 485 4497 καὶ
520 4442 597 4505 ὼς
626 4442 692 4493 δι’
729 4440 859 4492 ἰδίου
891 4440 1208 4509 Πνεύματος
1232 4440 1691 4537 ἀμογητὶ-κατορ-

1803 4446 2051 4514 gratiam;
2075 4448 2163 4501 hic
2188 4464 2314 4504 vero
2343 4460 2400 4504 ut
2428 4452 2567 4506 Deus
2598 4464 2871 4521 operatur,
2899 4466 2952 4511 et
2988 4468 3238 4529 tanquam
3274 4478 3365 4529 per

104 4539 182 4589 δή
213 4540 279 4591 τά
302 4538 373 4590 δι’
401 4529 482 4589 ὧν
509 4531 875 4602 θαυμάζεται.
909 4532 1019 4584 Καὶ
1053 4530 1182 4599 γοῦν
1212 4533 1245 4601 ὴ
1274 4532 1371 4601 τὴν
1397 4531 1487 4584 τοῦ
1520 4532 1685 4601 αἵμα-

100 4646 185 4690 τος
238 4629 401 4698 ῥύσιν
461 4623 875 4694 ἀρῤωστήσασα
936 4622 1072 4691 γυνὴ
1133 4621 1512 4691 προσελθοῦσά
1559 4638 1690 4674 ποτε

97 4720 405 4789 λεληθότως
437 4716 550 4769 ἀπὸ
572 4713 797 4766 ὄπισθεν
817 4710 1002 4780 αὑτοῦ,
1042 4712 1351 4783 γέγραπται
1378 4714 1492 4776 ὡδὶ,
1515 4714 1691 4783 ἥψατο

96 4814 191 4865 τοῦ
233 4809 560 4882 κρασπέδου
610 4804 705 4858 τοῦ
763 4805 975 4873 ἰματίου
1003 4804 1190 4866 αὑτοῦ,
1220 4805 1314 4857 κα)⁵
1346 4806 1689 4876 παραχρῆμα

98 4907 225 4975 ἔστη
262 4906 292 4973 ἡ
340 4900 510 4973 ῥύσις
555 4898 650 4951 τοῦ
693 4896 926 4967 αἵματος
958 4896 1149 4965 αὐτῆς.
1199 4898 1265 4948 '0
1311 4897 1376 4966 δὴ
1427 4899 1519 4948 καὶ
1569 4914 1690 4950 συν-

99 5003 195 5062 ιεὶς
250 5002 277 5052 ό
320 4995 574 5068 Χριστὸς
600 5033 614 5057 ,
662 5012 680 5044 ι
720 4992 817 5054 Τίς
860 4993 888 5043 6
937 4991 1216 5061 ἁψάμενός
1253 5009 1393 5061 μου;
1432 5011 1450 5043 ι
1503 4993 1687 5061 φησίν.

109 5089 326 5159 Ἐπειδὴ
354 5084 502 5157 πρὸς
532 5083 694 5136 τοῦτο
729 5084 969 5151 ἔφασκον
1014 5084 1062 5134 οἰ
1100 5082 1382 5135 θεσπέσιοι
1416 5083 1686 5152 μαθηταί·

100 5202 116 5231 ι
148 5180 484 5239 Ἐπιστάτα,
518 5174 764 5245 βλέπεις,
793 5174 842 5225 οἱ
870 5172 1013 5243 ὄχλοι
1037 5174 1320 5243 συνέχουσὶ
1344 5192 1402 5226 σε
1435 5175 1529 5227 καὶ
1552 5175 1688 5226 ἀπο-

96 5272 333 5323 θὶίὸουσι
352 5286 365 5297 ·
396 5288 416 5318 ι
451 5266 620 5318 πάλιν
643 5265 882 5331 ἔφασκεν
908 5264 1066 5327 αὐτός
1088 5281 1101 5293 ’
1132 5284 1149 5315 ι
1177 5264 1392 5333 ’Ἥψατό
1418 5265 1519 5335 μού
1573 5282 1653 5327 τις
1673 5280 1684 5292 ·

96 5364 199 5430 ἐγὼ
222 5362 333 5430 γὰρ
370 5362 551 5427 ἔγνων
579 5356 813 5426 δύναμιν
846 5355 1165 5420 ἐξελθοῦσαν
1202 5357 1295 5409 ἀπ’
1324 5356 1479 5425 ἐμοῦ.
1513 5376 1531 5408 ι
1566 5358 1688 5410 Συνο

1797 4538 2067 4604 proprium
2087 4540 2345 4609 Spiritum
2369 4543 2484 4596 sine
2506 4544 2687 4599 labore
2717 4547 2972 4601 miracula
3004 4550 3230 4616 perﬁcit.
3259 4554 3365 4607 De~

1797 4630 1958 4696 nique
1981 4629 2068 4683 illa
2090 4630 2282 4685 mulier
2306 4648 2423 4702 qua:
2444 4636 2720 4701 sanguinis
2744 4635 2889 4691 ﬂuxu
2916 4640 3215 4713 laborabat,
3244 4659 3363 4699 cum

1799 4721 2115 4775 accessisset
2140 4722 2276 4777 clam
2306 4740 2335 4777 a
2361 4734 2531 4793 tergo,
2558 4726 2697 4781 sicut
2724 4730 2981 4799 scriptum
3003 4730 3163 4797 est",
3190 4738 3366 4806 tetigit

1799 4811 2064 4865 limbriam
2093 4814 2394 4868 vestimenti
2424 4815 2539 4883 ejus
2572 4833 2584 4868 :
2614 4828 2666 4870 et
2700 4820 2957 4873 continuo
2991 4824 3139 4877 stetit
3188 4823 3365 4882 ﬂuxus

1798 4902 2074 4968 sanguinis
2117 4902 2250 4969 ejus.
2280 4902 2396 4970 Quo
2439 4908 2655 4975 cognito
2696 4909 2943 4967 Christus
2978 4930 2990 4965 :
3044 4933 3061 4964 ι
3088 4914 3219 4980 Quis
3258 4932 3362 4983 me,

1802 4992 2007 5060 inquit,
2059 4996 2280 5065 tetigit?
2328 5014 2345 5046 ι
2394 5012 2623 5067 cumque
2672 5001 2738 5053 ad
2788 5002 2837 5054 id
2896 5004 3137 5059 dicereut
3189 5013 3361 5063 saneti

1796 5085 2019 5151 apostoli
2050 5102 2062 5137 :
2102 5105 2118 5135 ι
2148 5085 2469 5157 Praeceptor,
2506 5091 2673 5153 vides,
2708 5093 2877 5147 turbae
2913 5105 2962 5149 te
2994 5099 3359 5165 comprimunt

1794 5184 1846 5226 et
1880 5174 2161 5242 atlligunt;
2202 5198 2218 5228 ι
2258 5194 2468 5231 rursum
2512 5182 2623 5247 ipse
2650 5182 2828 5235 dixit:
2869 5204 2885 5235 ι
2924 5186 3128 5256 Tetigit
3158 5205 3243 5243 me
3267 5192 3363 5242 ali-

1794 5266 1938 5333 quis,
1966 5282 2066 5333 ego
2096 5270 2236 5321 enim
2273 5270 2391 5323 novi
2426 5272 2677 5326 virtutem
2714 5290 2742 5327 a
2797 5292 2880 5330 me
2925 5279 3074 5332 exire
3114 5281 3177 5331 ".
3231 5300 3250 5330 ›
3290 5282 3363 5332 In.

1797 5359 1997 5427 telligis
2036 5374 2163 5428 ergo
2211 5364 2665 5430 quemadmodum
2715 5381 2818 5420 non
2862 5369 2967 5422 vim
3017 5372 3355 5427 extrinsecus

158 5524 202 5553 "
248 5520 445 5574 Matth.
484 5536 538 5579 τ,
574 5515 629 5577 8,
666 5516 732 5594 9;
760 5513 889 5568 Luc.
920 5516 1094 5594 tx.__i.
1121 5585 1133 5594 _
1157 5515 1217 5594 _”
1254 5513 1759 5594 J_Qatt_._t_il,_§1.m”
1796 5514 1813 5569 l
1855 5517 1978 5570 Cor.
2017 5534 2113 5581 xu,
2143 5518 2293 5573 8-10.
2372 5522 2416 5553 ³⁸
2442 5522 2623 5579 Matth.
2652 5541 2747 5594 xu,
2778 5526 2865 5582 21.
2954 5528 3000 5560 "
3028 5528 3156 5584 ibid.
3184 5530 3278 5590 27.

94 5593 129 5621 "
163 5592 303 5646 Luc.
345 5607 400 5654 κ,
432 5590 521 5641 17.
600 5586 646 5617 ³⁸
676 5585 808 5639 Luc.
840 5599 954 5649 νιιι,
983 5585 1072 5649 45,
1108 5584 1197 5639 44.
1277 5586 1321 5617 ⁸³
1358 5586 1485 5639 ibid.
1510 5585 1597 5650 45,
1632 5585 1718 5637 46.

158 5749 233 5816 (ι)
277 5747 340 5801 Et
374 5745 465 5801 hic
504 5744 657 5799 locus
686 5748 875 5811 aperte
905 5739 1143 5796 declarat
1169 5738 1429 5809 Spiritum
1455 5754 1519 5796 ex
1546 5738 1679 5793 Filio
1719 5740 1880 5794 etiam
1920 5738 2233 5809 procedere.
