4040 6448
670 360 772 418 175

1673 360 1726 414 S.
1771 355 2041 415 CYRILLI
2081 348 2542 410 ALEXANDRINI
2582 347 2887 406 ARCHIEP.

3811 342 3910 398 176

669 477 915 542 ascitam,
944 479 1040 532 sed
1075 477 1399 533 intrinsecus
1425 485 1475 532 et
1502 493 1565 530 ex
1591 477 1766 546 seipse
1791 476 1982 530 haheat
2016 484 2070 529 ut
2103 487 2229 543 ope-

2358 468 2437 533 εὶς
2478 465 2713 538 [συνίης]
2747 462 2841 520 οὖν
2888 464 3034 526 ὅπως
3085 462 3183 514 οὐκ
3235 459 3647 530 είσκεκριμένον
3689 457 3907 524 ἔξωθεν,

670 570 776 624 rari
810 578 862 624 et
889 568 1096 624 ellicere
1133 569 1323 640 possit,
1360 579 1412 624 et
1444 569 1508 622 ab
1541 567 1945 622 infirmitatibus
1977 565 2230 621 liberare.

671 655 870 712 Scribit
899 658 1062 713 etiam
1091 656 1283 711 alicubi
1321 659 1509 712 beatus
1542 655 1875 725 evangelista
1903 653 2186 709 Matthaaus
2221 671 2232 706 :

675 765 691 797 ι
740 747 801 802 Et
831 748 1009 803 omnis
1047 748 1199 803 turba
1237 747 1512 816 quaerebat
1549 761 1669 800 eum
1699 757 1942 814 tangere,
1968 746 2093 814 quia
2129 745 2233 797 vir-

673 852 759 895 tus
805 843 869 897 de
916 840 1006 896 illo
1047 841 1248 906 exibat,
1310 849 1362 894 et
1413 839 1634 892 sanabat
1679 851 1867 892 omnes
1923 836 1985 888 °°.
2025 854 2041 886 ι
2083 834 2240 904 100

671 928 857 985 Virtus
890 943 1019 1001 ergo
1049 929 1164 996 ejus
1210 938 1294 984 est
1341 927 1456 995 ejus
1497 925 1786 997 Spiritus:
1830 924 1990 993 idque
2038 925 2237 978 contir-

673 1030 783 1077 mat
813 1022 1003 1077 beatus
1038 1021 1201 1075 David
1229 1035 1352 1075 cum
1390 1017 1522 1073 dicit
1551 1034 1564 1070 :
1600 1035 1617 1068 ι
1660 1014 1835 1072 Verbo
1873 1013 2082 1069 Domini
2114 1011 2238 1068 caali

675 1111 871 1165 ﬁrmati
918 1120 1065 1178 sunt,
1100 1120 1153 1166 et
1188 1110 1396 1178 Spiritu
1426 1110 1538 1164 oris
1587 1108 1701 1176 ejus
1730 1105 1908 1162 omnis
1941 1105 2111 1159 virtus
2143 1118 2236 1158 eo-

672 1218 789 1256 rum
825 1203 891 1256 ⁶¹.
943 1221 959 1253 ι
996 1201 1071 1256 Os
1109 1210 1288 1255 autem
1324 1200 1416 1255 Dei
1452 1214 1514 1254 ac
1564 1198 1741 1253 Patris
1775 1239 1790 1262 ,
1842 1199 2015 1266 ipsum
2068 1208 2132 1249 ex
2173 1209 2237 1250 eo

673 1293 908 1346 Verbum
961 1290 1235 1360 appellat,
1279 1290 1433 1359 cujus
1480 1289 1682 1358 Spiritu
1711 1327 1725 1353 ,
1769 1303 1890 1358 qua:
1927 1301 2021 1356 per
2063 1287 2237 1356 ipsum

672 1383 810 1437 laeta
867 1391 1034 1444 sunt,
1083 1381 1430 1436 continentur
1490 1388 1549 1433 ut
1597 1379 1918 1434 subsistant.
1970 1376 2238 1432 Hactenus

673 1471 832 1541 igitur
854 1467 966 1524 dixi
993 1467 1450 1540 quemadmodum
1477 1467 1699 1536 pietatis
1732 1467 2068 1537 mysterium,
2096 1467 2235 1536 quod

672 1561 770 1631 ipsi
807 1575 1018 1630 quoque
1069 1558 1409 1614 admirantur
1437 1559 1635 1629 angeli,
1693 1558 1758 1613 ad
1808 1558 2032 1613 nihilum
2075 1558 2239 1615 dedu-

670 1662 779 1719 cnt,
817 1662 872 1707 et
919 1651 1193 1723 negligens
1225 1650 1474 1721 dogmata
1511 1650 1785 1714 veritatis,
1843 1649 2236 1715 extenuet-,di-

672 1757 836 1798 cens:
874 1760 892 1794 ι
920 1742 1083 1798 Visne
1107 1751 1162 1798 et
1189 1741 1347 1796 aliam
1377 1742 1444 1796 ad
1479 1741 1593 1796 lucc
1614 1741 1932 1810 adjiciamus
1957 1738 2241 1794 Trinitatis

2341 564 2450 617 ἀλλ’
2486 561 2698 615 οἴκοθεν
2725 559 2837 630 ἔχει
2862 557 2952 610 καὶ
2982 555 3040 620 ἐξ
3066 555 3228 610 αὑτοῦ
3262 555 3322 608 τὸ
3352 554 3595 624 ἐνεργεῖν
3625 550 3905 611 δύνασθαι.

2340 656 2430 708 καὶ
2469 654 2834 708 ἀπαλλάττειν
2857 648 3331 722 ἀρρωστημάτων.
3356 646 3566 717 Γράφει
3594 643 3652 696 δέ
3687 660 3790 697 που
3823 644 3911 695 καὶ

2339 749 2366 799 6
2421 745 2691 816 μακάριος
2741 740 3138 810 εὐαγγελιστὴς
3181 736 3492 799 Ματθαῖος·
3537 755 3556 787 ι
3586 735 3696 789 Καὶ
3736 737 3844 795 πᾶς
3885 739 3912 786 6

2339 837 2492 907 ὄχλος
2513 836 2696 906 ἐζήτει
2719 832 2988 888 ἅπτεσθαι
3014 828 3201 896 αὑτοῦ,
3223 830 3304 882 ὅτι
3333 829 3563 896 δύναμις
3596 829 3725 898 παρ’
3749 825 3911 881 αύτοῦ

2341 929 2619 1000 ἐξήρχετο,
2653 927 2749 981 καὶ
2781 926 2898 982 ίᾶτο
2937 925 3164 986 πάντας.
3195 941 3215 974 ο
3243 922 3482 991 Δύναμις
3517 916 3608 974 οῦν
3641 917 3828 983 αὑτοῦ,
3858 918 3915 968 τὸ

2341 1019 2571 1090 Πνεῦμα
2618 1017 2813 1072 αὐτοῦ’
2866 1018 2962 1069 καὶ
2995 1012 3326 1066 πιστώσεται
3363 1011 3540 1078 λέγων
3565 1010 3594 1064 6
3631 1007 3915 1068 θεσπέσιος

2343 1111 2504 1164 Δαϐίδ
2525 1126 2536 1138 ·
2577 1129 2595 1161 ι
2634 1107 2725 1180 Τῷ
2751 1107 2895 1178 λόγῳ
2929 1106 3135 1177 Κυρίου
3158 1105 3207 1158 οί
3235 1102 3453 1174 οὐρανοὶ⁸
3479 1098 3911 1170 ἐστερεώθησαν,

2344 1201 2442 1253 καὶ
2494 1199 2573 1269 τῷ
2601 1197 2878 1268 ῐινεύματι
2901 1195 2996 1249 τοῦ
3028 1195 3292 1266 στόματος
3320 1190 3487 1244 αὐτοῦ
3519 1191 3669 1243 πᾶσα
3701 1190 3733 1258 ἡ
3761 1186 3892 1239 δύνα

2347 1308 2439 1360 μις
2467 1290 2669 1344 αὐτῶν.
2706 1307 2723 1341 ι
2759 1287 2942 1358 Στόμα
2969 1287 3025 1340 δὲ
3055 1285 3150 1340 τοῦ
3185 1282 3323 1336 Θεοῦ
3357 1282 3452 1335 καὶ
3477 1279 3712 1351 Πατρός,
3743 1277 3835 1330 τὸν
3861 1274 3919 1341 ἐξ

2342 1381 2504 1436 αὑτοῦ
2557 1397 2692 1451 φησι
2741 1377 2946 1447 Λόγον,
2985 1369 3047 1429 οῦ
3098 1375 3179 1446 τῷ
3210 1371 3497 1442 Πνεύματι
3545 1369 3915 1439 διακρατεῖται

2343 1475 2479 1545 πρὸς
2505 1471 2759 1544 ὓπαρξιν,
2789 1471 2858 1526 τὰ
2895 1471 2963 1525 δι’
3004 1469 3168 1523 αὐτοῦ
3207 1467 3487 1537 γεγονότα.
3524 1463 3662 1532 Ἤδη
3702 1463 3801 1532 μὲν
3829 1457 3920 1514 οὖν

2343 1567 2480 1636 ἔφην
2513 1568 2596 1620 ὅτι
2634 1565 2732 1635 τῆς
2755 1563 3036 1626 εὐσεϐείας
3059 1561 3120 1614 τὸ
3149 1561 3468 1631 μυστήριον,
3499 1557 3529 1610 ὃ
3559 1557 3650 1610 καὶ
3673 1554 3808 1624 παρ’
3829 1555 3921 1606 a6-

2342 1661 2453 1721 τοῖς
2480 1656 2857 1726 τεθαύμασται
2890 1657 3004 1718 τοῖς
3036 1653 3210 1722 ἁγίοις
3255 1651 3529 1720 ἀγγέλοις,
3561 1647 3920 1716 κατακομίζει

2345 1750 2480 1820 πρὸς
2517 1749 2578 1802 τδ
2609 1748 2794 1819 μηδὲν,
2828 1747 2924 1800 καὶ
2964 1747 3073 1799 τῶν
3103 1746 3185 1808 είς
3222 1742 3482 1812 ἀλήθειαν
3529 1739 3817 1808 δογμάτων
3863 1737 3921 1788 οὐ

670 1835 1077 1906 operationem?
1121 1834 1449 1889 lnhahitavit
1480 1834 1650 1890 Filius
1691 1836 1742 1889 in
1773 1848 1999 1903 corpore
2038 1847 2052 1885 :
2087 1846 2234 1888 com-

2351 1837 2745 1909 πεφροντικὼς,
2784 1835 3214 1907 κατασμικρύνει
3240 1874 3255 1898 ,
3286 1834 3495 1903 λέγων’
3533 1851 3554 1884 ι
3593 1831 3778 1884 Βούλει
3833 1833 3924 1882 καὶ

670 1928 942 1981 mendavit
979 1927 1310 1995 baptizatum
1373 1923 1571 1979 Pater:
1609 1923 1862 1978 formavit
1907 1924 1960 1978 in
2013 1921 2234 1992 Virgine

671 2019 924 2090 Spiritus.
962 2039 979 2071 ι
1027 2019 1194 2074 Porro
1226 2033 1347 2074 cum
1379 2019 1463 2073 his
1493 2033 1614 2087 qua;
1638 2033 1666 2071 a
1717 2018 1873 2073 nobis
1896 2017 2036 2072 dicta
2087 2025 2235 2081 sunt,

669 2125 966 2182 cengruere
1011 2111 1327 2178 veritatem,
1383 2124 1556 2180 neque
1609 2110 1871 2165 adversus
1906 2108 2022 2177 ejus
2074 2107 2235 2164 verba

672 2203 848 2258 ﬁctam
885 2216 982 2257 nos
1013 2204 1382 2272 composuisse
1414 2201 1892 2264 declamationem,
1934 2201 2028 2255 sed
2081 2212 2238 2269 aper-

671 2301 778 2345 tam
826 2305 1117 2360 veramque
1175 2292 1661 2362 redargutionem,
1721 2292 1836 2360 ipse
1890 2292 2235 2361 perSpicuum

673 2381 852 2445 faciet,
885 2395 1005 2436 cum
1040 2382 1163 2436 alibi
1200 2384 1275 2436 sic
1312 2383 1457 2436 dicat
1486 2400 1498 2435 :

737 2648 974 2704 Nasroa.
1022 2648 1222 2720 [Atque
1265 2649 1663 2718 cooperatiouis
1707 2648 1864 2716 hujus
1899 2649 2119 2704 evidens
2151 2661 2233 2705 est

670 2749 1046 2810 argumentum
1075 2757 1088 2793 :
1117 2740 1283 2795 Filius
1305 2752 1384 2796 est
1411 2740 1583 2796 factus
1613 2743 1795 2807 homo,
1829 2740 1989 2794 Pater
2013 2741 2064 2794 in
2090 2743 2234 2793 thro-

671 2829 1069 2895 nocollocavit,
1101 2832 1332 2902 Spiritus
1363 2832 1530 2901 signis
1567 2829 1918 2900 honestavit.]

1332 2945 1478 3000 CAP.
1513 2944 1574 3000 ll.

741 3072 822 3126 Au
854 3082 977 3123 vero
1015 3063 1241 3133 posthac
1290 3058 1526 3126 ambiget
1576 3056 1901 3127 quisquam,
1946 3059 2238 3115 sententia-

2342 1929 2507 2000 ἀλλην
2558 1930 2651 1983 ἐπὶ
2691 1930 2904 1993 τούτοις
2953 1928 3139 1992 αὐτοῖς
3187 1927 3286 1996 τῆς
3331 1924 3567 1996 Τριόιδος
3608 1924 3921 1991 ἐνέργειαν,

2355 2018 2661 2088 Ἐνῴκησεν
2683 2019 2710 2071 6
2739 2017 2864 2081 Υἱὸς
2887 2019 2944 2070 ἐν
2964 2015 3042 2086 τῷ
3064 2016 3304 2086 σώματι·
3333 2014 3662 2084 συνέστησεν
3681 2011 3712 2065 6
3735 2010 3923 2079 Πατὴρ

2343 2108 2738 2180 βαπτιζόμενον
2762 2126 2776 2142 ο
2805 2108 3093 2163 διέπλασεν
3139 2107 3197 2160 ἐν
3229 2104 3493 2178 Παρθένῳ
3512 2103 3572 2158 τὸ
3616 2102 3865 2173 Πνεῦμα.
3901 2119 3919 2152 ι

2342 2202 2465 2255 Ὅτι
2489 2201 2543 2254 δὲ
2569 2203 2684 2265 τοῖς
2715 2201 2849 2270 πρὸς
2879 2199 3035 2270 ἡμῶν
3059 2198 3371 2270 εἰρημένοις
3401 2196 3592 2266 ἕψεται
3612 2196 3680 2265 δὴ
3704 2195 3922 2257 πάντως

2339 2290 2399 2343 τὸ
2423 2289 2644 2361 ἀληθὲς,
2686 2291 2782 2345 καὶ
2807 2291 2868 2344 οὐ
2898 2290 3061 2361 ψιλὴν
3101 2288 3444 2359 κατάρῤυσιν
3473 2286 3590 2358 [τα.
3628 2285 3926 2356 κατάρρηη

2340 2379 2447 2450 σιν]
2481 2379 2588 2433 τῶν
2605 2380 2768 2434 αὐτοῦ
2790 2379 3135 2450 πεποιήμεθα
3161 2377 3356 2447 λόγων,
3378 2376 3598 2446 ἔλεγχον
3619 2374 3678 2428 δὲ
3721 2374 3925 2445 μᾶλλον

2352 2471 2498 2542 σαφῆ
2525 2489 2588 2524 τε
2621 2470 2716 2525 καί⁵
2751 2471 2949 2542 ἀληθῆ,
2985 2470 3234 2535 διαδείξει
3273 2469 3330 2524 δὲ
3361 2467 3473 2540 [Ῐσ.
3503 2467 3591 2541 δὴ]
3620 2467 3795 2536 λέγων
3833 2468 3927 2519 αὐ-

2347 2562 2436 2626 τὸς
2456 2564 2514 2617 ἐν
2543 2563 2752 2633 έτέροις
2767 2563 2886 2618 ὡδί.

2411 2654 2556 2728 [Καὶ
2584 2657 2687 2727 τῆς
2714 2656 3032 2727 συνεργείας
3055 2657 3088 2726 ἡ
3117 2654 3390 2720 ἀπόδειξις
3423 2651 3685 2726 πρόδηλος
3706 2666 3720 2681 ⁸
3751 2652 3782 2704 6
3809 2652 3927 2715 Υἱὸς

2346 2749 2791 2821 ἐνηνθρώπησεν·
2852 2751 2882 2802 6
2931 2748 3123 2818 Πατὴρ
3179 2747 3536 2817 ἐνεθρόνησε·
3579 2743 3648 2801 τὸ
3697 2744 3928 2814 Πνεῦμα

2351 2842 2597 2912 σημείοις
2619 2840 2929 2912 ἐσέμνυνε]

2953 2954 2997 3005 Κ
3009 2953 3202 3008 ΕΦΛΛ.
3247 2951 3320 3004 B'.

2421 3041 2546 3118 Ἆρ’
2593 3040 2686 3101 οῦν
2732 3045 3058 3098 ἐνδοιάσειεν
3105 3042 3172 3096 ἂν
3215 3042 3309 3094 καὶ
3346 3041 3487 3111 μετὰ
3518 3039 3672 3095 τοῦτό
3708 3055 3815 3104 τις,
3846 3039 3931 3093 ὅτι

672 3177 790 3218 rum
822 3159 938 3228 ejus
971 3155 1332 3209 intentionem
1355 3148 1422 3202 ad
1476 3147 1748 3203 inscitiam
1794 3148 1956 3203 simul
1999 3149 2242 3219 impieta-

2352 3139 2458 3192 τῶν
2488 3137 2707 3191 ἐννοιῶν
2736 3140 2764 3192 6
2798 3135 3000 3199 σκοπὸς
3041 3133 3212 3203 αὐτῷ,
3237 3133 3373 3202 πρὸς
3406 3131 3648 3201 ἀμαθίαν
3677 3147 3739 3182 τε
3791 3130 3932 3200 ὁμοῦ

673 3264 889 3322 temque
918 3253 1182 3317 spectare,
1217 3250 1270 3297 et
1301 3239 1560 3295 adversus
1587 3238 1809 3306 pietatis
1841 3240 2092 3308 dogmata
2117 3254 2240 3294 eum

675 3346 930 3399 audacter
957 3332 1273 3404 insurgere?
1325 3331 1416 3401 qui
1467 3331 1607 3385 sicut
1653 3329 1826 3398 ipsum
1860 3329 1955 3385 Dei
2007 3331 2240 3384 Verbum

675 3445 793 3488 esse
816 3440 1031 3484 carnem
1057 3423 1253 3478 factum
1282 3421 1445 3475 stulte
1465 3419 1740 3487 rejicieus,
1766 3427 2048 3489 operatum
2075 3418 2241 3475 fuisse

676 3527 750 3579 ait
780 3523 924 3577 illam
957 3513 1404 3573 inhabitationem
1429 3512 1480 3564 in
1521 3511 1770 3576 homine;
1818 3511 1890 3564 ita
1926 3526 2115 3565 rursus
2151 3526 2241 3566 ac-

675 3615 804 3684 cipit
837 3610 979 3682 quod
1016 3607 1178 3663 homo
1202 3605 1378 3658 factus
1403 3610 1483 3656 est
1520 3620 1532 3655 :
1565 3601 1810 3670 quamvis
1851 3601 2118 3657 universa:
2149 3617 2246 3670 per

676 3708 859 3763 orbem
889 3713 1158 3758 terrarum
1209 3705 1411 3751 sanetae
1457 3693 1737 3760 Ecclesiae,
1782 3702 1837 3748 et
1877 3692 1977 3763 ipsi
2026 3708 2246 3748 venera-

676 3799 811 3854 biles
842 3796 1032 3858 Patres
1060 3790 1151 3860 qui
1191 3794 1355 3843 rectae
1381 3793 1436 3840 et
1480 3785 1839 3840 immaculata}
1885 3785 2010 3840 ﬁdei
2050 3785 2244 3839 delini-

679 3892 878 3946 tionem
912 3884 1064 3940 nobis
1110 3879 1418 3943 ediderunt,
1474 3885 1665 3932 sancto
1688 3875 1894 3945 Spiritu
1938 3875 1990 3929 in
2037 3875 2117 3931 eis
2164 3875 2245 3929 lo-

678 3985 912 4050 quente,
967 3975 1305 4027 incarnatum
1336 3980 1458 4020 esse
1489 3974 1546 4019 et
1593 3962 1867 4020 hominem
1906 3963 2109 4018 factum
2154 3961 2244 4016 Dei

683 4069 937 4131 Verbum,
965 4078 1070 4117 non
1094 4061 1238 4114 aliud
1265 4071 1385 4111 esse
1410 4055 1732 4128 intelligant,
1762 4055 1864 4110 nisi
1901 4054 2102 4110 factum
2129 4067 2248 4109 esse

679 4159 845 4215 nostri
874 4154 1108 4211 similem
1142 4150 1411 4206 hominem
1440 4187 1454 4212 ,
1493 4157 1548 4202 et
1591 4146 1888 4202 secundum
1919 4159 2138 4200 carnem
2179 4160 2246 4198 ex

682 4247 907 4304 muliere
939 4252 1144 4305 uatum,
1177 4240 1300 4309 quia
1333 4239 1611 4294 nobiscum
1648 4236 1822 4291 factus
1856 4246 1941 4290 est
1970 4234 2071 4290 sub
2110 4233 2245 4304 lege,

679 4339 769 4410 qui
803 4347 1055 4403 tanquam
1087 4331 1227 4385 Deus
1249 4338 1332 4384 est
1359 4343 1518 4398 supra
1548 4328 1742 4398 legem.
1780 4327 2046 4392 Quoniam
2093 4341 2244 4392 vero,

680 4441 736 4486 ut
767 4430 960 4499 saepius
999 4423 1132 4487 dixi,
1161 4421 1214 4476 id
1245 4420 1345 4490 ipsi
1377 4419 1712 4491 propositum
1739 4428 1843 4481 est,
1878 4428 1933 4472 ut
1962 4420 2243 4474 veritatem

2350 3231 2443 3286 καὶ
2481 3227 2807 3299 ἀνοσιότητα
2851 3226 3077 3297 βλέπει,
3117 3225 3213 3278 καὶ
3250 3221 3360 3276 τῶν
3386 3221 3490 3292 τῆς
3528 3220 3813 3285 εὐσεϐείας
3842 3221 3933 3274 δι,-

2350 3320 2576 3390 γμάτων
2607 3316 3115 3388 καταθρασύνεται;
3155 3313 3345 3385 ὥσπερ
3376 3311 3437 3364 τὸ
3465 3310 3717 3379 γενέσθαι
3749 3311 3934 3381 σάρκα

2349 3412 2439 3464 τὸν
2467 3409 2562 3465 τοῦ
2608 3407 2744 3464 Θεοῦ
2775 3407 2968 3480 Λόγον,
3001 3404 3276 3468 ἀσυνέτως
3315 3400 3583 3466 ἐκϐαλὼν,
3632 3400 3933 3469 ἐνεργῆσαί

2353 3511 2518 3572 Ῥησιν
2547 3502 2627 3564 είς
2656 3499 2945 3570 ἄνθρωπον
2975 3495 3074 3567 τὴν
3095 3493 3390 3563 ἐνοίκησιν,
3421 3490 3565 3545 οὕτω
3589 3489 3653 3561 δὴ
3678 3489 3847 3542 πάλιν
3874 3489 3934 3541 τὸ

2351 3592 2762 3668 ἐνανθρωπῆσαι
2785 3591 2998 3660 δέχεται
3014 3604 3025 3615 °
3043 3587 3223 3642 καίτοι
3253 3584 3363 3637 τῶν
3385 3583 3488 3637 ἀνὰ
3514 3582 3693 3644 πᾶσαν
3713 3580 3814 3650 τὴν
3843 3580 3931 3632 ὐπ’

2351 3683 2576 3754 οὐρανὸν
2611 3680 2782 3749 ἁγίων
2809 3676 3169 3750 Ἐκκλησιῶν,
3194 3675 3289 3728 καὶ
3315 3672 3496 3728 αὐτῶν
3517 3671 3574 3725 δὲ
3608 3670 3718 3723 τῶν
3760 3671 3932 3724 ἀοιδί-

2358 3792 2472 3845 μων
2499 3769 2842 3842 Πατέρων,οἳ
2877 3771 2966 3822 τὸν
2996 3768 3093 3838 τῆς
3122 3765 3285 3838 ὀρθῆς
3312 3780 3371 3816 τε
3391 3763 3487 3815 καὶ
3506 3761 3814 3832 ἀμωμήτου
3845 3761 3934 3813 πί-

2357 3881 2523 3927 στεως
2553 3863 2678 3932 ὅρον
2705 3861 2837 3931 ἡμῖν
2865 3857 3187 3929 ἐξήνεγκαν,
3218 3851 3508 3915 λαλοῦντος
3536 3852 3595 3904 ἐν
3623 3850 3810 3912 αὐτοῖς
3839 3848 3936 3902 τοῦ

2355 3955 2510 4024 ἁγίου
2545 3951 2885 4023 Πνεύματος,
2922 3949 2984 4002 τὸ
3025 3943 3377 4018 σαρκωθῆναί
3412 3960 3473 3996 τε
3523 3942 3617 3996 καὶ
3659 3941 3937 4011 ἐνανθρω-

2355 4047 2526 4117 πῆσαι
2554 4045 2644 4097 τὸν
2671 4042 2765 4096 τοῦ
2797 4039 2932 4096 Θεοῦ
2963 4039 3157 4106 Λόγον,
3185 4034 3336 4088 οὐδὲν
3366 4033 3554 4102 ἕτερον
3591 4026 3732 4084 εἶναι
3758 4028 3941 4084 νοούν-

2353 4154 2482 4203 των,
2506 4133 2645 4205 πλὴν
2666 4134 2748 4186 ότι
2779 4131 2938 4202 μόνον
2959 4129 3018 4182 τὸ
3043 4125 3298 4198 γενέσθαι
3317 4123 3436 4178 καθ’
3465 4123 3610 4194 ἡμᾶς
3621 4120 3935 4191 ἄνθρωπον,

2357 4222 2723 4294 ἁποτεχθῆναί
2767 4239 2827 4274 τε
2866 4220 3008 4274 κατά
3052 4217 3234 4288 σάρκα
3275 4216 3340 4268 ἐκ
3380 4211 3660 4281 γυναικὸς,
3703 4210 3788 4263 ὅτι
3843 4211 3940 4262 καὶ

2356 4316 2544 4384 γέγονε
2581 4313 2698 4385 μεθ’
2725 4310 2886 4383 ἡμῶν
2917 4309 3020 4363 ὑπὸ
3049 4308 3233 4378 νόμον,
3259 4307 3287 4360 6
3326 4304 3466 4374 ὑπὲρ
3486 4303 3650 4374 νόμον
3676 4301 3750 4364 ὡς
3777 4301 3934 4365 Θεός.

2368 4410 2585 4480 Ἐπειδὴ
2623 4408 2680 4461 δὲ
2725 4408 2798 4469 ὡς
2839 4405 2939 4476 ἤδη
2978 4399 3296 4463 πλειστά’κις
3344 4397 3504 4470 ἔφην,
3543 4394 3742 4458 σκοπὸς
3787 4393 3939 4464 αὖτῴ

685 4521 939 4583 inﬁrmet,
975 4519 1074 4572 hac
1099 4515 1164 4568 de
1194 4527 1356 4566 causa
1385 4520 1437 4566 et
1459 4512 1673 4580 quidem
1707 4511 1961 4564 audacter
1987 4510 2135 4565 solus
2160 4525 2242 4564 re-

2357 4502 2655 4576 παραλύειν
2681 4500 2778 4571 τὴν
2799 4497 3077 4570 ἀλήθειαν,
3100 4494 3275 4566 ταύτῃ
3291 4509 3371 4546 τοι
3387 4490 3485 4545 καὶ
3505 4488 3650 4560 μάλα
3671 4486 3940 4549 νεανικῶς

685 4615 957 4674 luctatur,
1009 4613 1060 4662 et
1106 4619 1229 4660 cum
1281 4603 1521 4657 omnium
1579 4601 1844 4656 sententia
1893 4611 2144 4670 pugnat,
2198 4610 2250 4655 et

684 4706 947 4759 adversus
969 4694 1295 4752 ineffabilem
1333 4693 1557 4764 gloriam
1587 4707 1736 4746 arma
1766 4701 1981 4757 movet;
2024 4684 2076 4745 et
2102 4693 2245 4761 quod

690 4795 790 4862 ipsi
846 4789 1053 4857 solique
1089 4784 1270 4855 placet
1325 4783 1471 4837 velut
1515 4781 1839 4854 quisquilias
1893 4783 2164 4850 quasdam
2201 4783 2250 4836 in

682 4884 776 4939 Dei
827 4878 1100 4935 Ecclesias
1157 4873 1412 4927 invehere
1488 4882 1765 4927 conatur:
1833 4871 2065 4928 allirmat
2107 4875 2250 4928 enim

682 4975 816 5030 nihil
869 4971 1011 5026 aliud
1037 4982 1158 5024 esse
1211 4964 1656 5020 lrumanationem
1737 4965 1839 5021 nisi
1907 4966 2255 5022 inhabitatio-

684 5083 808 5124 nem
851 5108 864 5133 ,
949 5077 1052 5117 non
1105 5059 1248 5129 quod
1306 5057 1484 5110 carnis
1559 5065 1611 5108 et
1671 5057 1944 5125 sanguinis
2010 5058 2258 5113 similiter

683 5174 746 5212 ac
797 5169 895 5208 nos
943 5150 1211 5220 particeps
1249 5145 1362 5199 ﬁeri
1423 5145 1653 5199 voluerit
1723 5147 1896 5215 ipsum
1956 5146 2047 5201 Dei
2099 5147 2250 5216 101

685 5245 920 5300 Verbum
977 5256 992 5304 ;
1053 5236 1261 5292 tametsi
1340 5238 1391 5288 in
1450 5239 1700 5291 omnibus
1753 5238 1956 5292 sanetis
2019 5239 2255 5292 homini-

682 5338 784 5392 bus
827 5331 1116 5394 habitarit,
1156 5336 1210 5381 ct
1250 5327 1422 5383 adhuc
1464 5327 1727 5383 inhabitet
1768 5329 1943 5396 ipsum
1983 5329 2248 5396 Verbum,

684 5425 848 5480 semel
885 5432 1062 5475 autem
1100 5420 1170 5474 sit
1205 5417 1401 5470 factum
1435 5417 1486 5470 in
1523 5418 1745 5482 nostris,
1775 5425 1828 5471 et
1861 5417 2009 5471 carni
2045 5419 2132 5470 uni
2171 5433 2250 5472 se-

684 5518 916 5571 cundum
956 5509 1285 5582 hypostasim
1321 5508 1822 5574 communicaverit,
1862 5508 1912 5562 in
1949 5523 2051 5577 qua
2087 5511 2247 5562 etiam

684 5625 781 5679 pro
827 5610 978 5661 nobis
1026 5615 1266 5659 mortuus
1311 5616 1427 5656 esse
1477 5611 1530 5657 et
1576 5604 1940 5659 resurrexisse
1988 5604 2249 5668 creditur,

761 5770 803 5800 ίο
828 5765 936 5823 lmo
957 5765 1084 5820 Luc.
1120 5781 1191 5830 vt,
1230 5763 1311 5818 19.
1390 5764 1428 5795 ⁶¹
1463 5761 1602 5820 ιιεηι.
1635 5779 1805 5828 xxxii,
1832 5765 1883 5818 6.

2356 4595 2599 4665 ἁνταίρει
2652 4593 2810 4664 μόνος
2836 4631 2848 4654 ,
2898 4590 2990 4643 καὶ
3037 4589 3160 4650 ταῖς
3196 4585 3451 4639 ἁπάντων
3499 4580 3732 4650 μάχεται
3791 4579 3939 4645 γνώ-

2361 4705 2508 4758 μαις,
2527 4687 2620 4740 κα)⁹
2649 4685 2788 4737 κατά
2810 4683 2908 4752 τῆς
2935 4680 3173 4753 ἀρρήτου
3194 4676 3350 4746 δόξης
3377 4675 3442 4727 τὰ
3472 4671 3610 4727 ὅπλα.
3633 4672 3810 4722 κινεῖ·
3844 4671 3941 4721 καὶ

2356 4781 2418 4833 τὸ
2468 4778 2618 4849 αὐτῷ
2673 4777 2767 4830 καὶ
2821 4775 2967 4846 μόνῳ
3017 4769 3230 4833 δοκοῦν,
3269 4765 3536 4836 συρφετὸν
3591 4760 3780 4830 ὥσπερ
3816 4763 3942 4812 τινα

2359 4873 2478 4934 ταῖς
2512 4867 2864 4936 Ἐκκλησίαις
2896 4861 2990 4915 τοῦ
3021 4859 3158 4913 Θεοῦ
3192 4856 3603 4930 παρεισκρίνειν
3629 4855 3939 4924 ἐπιχειρεῖ·

2357 4959 2748 5033 δι’ίσχυρίζεται
2799 4956 2906 5026 γὰρ
2943 4952 3216 5023 ἐνοίκησιν
3255 4946 3395 5004 εἶναι
3437 4947 3536 5017 τὴν
3588 4944 3944 5015 ἐνανθρώπη-

2361 5069 2478 5105 σιν⁸
2527 5052 2621 5108 καὶ
2665 5050 2786 5119 οὐχὶ
2829 5047 2896 5116 δὴ
2933 5046 3130 5118 μᾶλλον
3157 5044 3238 5109 τὸ,
3288 5043 3517 5113 αἵματος
3566 5039 3658 5093 καὶ
3709 5036 3945 5106 σαρκὸς,

2359 5142 2756 5214 παραπλησίως
2807 5142 2940 5210 ἡμῖν
2996 5137 3288 5208 μετασχεῖν
3331 5133 3545 5190 ἑλέσθαι
3575 5129 3665 5183 τὸν
3708 5128 3771 5180 ἐκ
3802 5127 3942 5180 Θεοῦ

2359 5236 2530 5302 Λόγον
2551 5252 2565 5265 ο
2600 5233 2691 5286 καί
2717 5251 2798 5285 τοι
2828 5233 2960 5284 πᾶσι
3014 5229 3112 5299 μὲν
3155 5229 3266 5289 τοῖς
3302 5225 3478 5292 ἁγίοις
3509 5219 3850 5292 ἐνῳκηκότος
3885 5237 3942 5271 τε

2360 5329 2452 5380 καὶ
2485 5324 2817 5388 ἐνοικοῦντος
2844 5325 2922 5376 ἔτι
2948 5321 3039 5375 τοῦ
3073 5320 3244 5388 Λόγου
3263 5334 3276 5348 ⁸
3315 5314 3596 5385 γεγονότος
3624 5311 3678 5364 δὲ
3710 5309 3862 5373 ἅπαξ
3889 5315 3945 5362 ἐν

2363 5421 2472 5484 τοῖς
2508 5418 2626 5471 καθ’
2653 5418 2818 5487 ἡμᾶς,
2851 5416 2944 5468 καὶ
2977 5412 3139 5483 σαρκὶ
3168 5411 3264 5481 μιᾷ
3291 5407 3411 5461 καθ’
3437 5406 3731 5459 ὑπόστασιν
3761 5418 3946 5453 κεκοι-

2361 5511 2683 5580 νωνηκότος,
2717 5508 2838 5561 καθ’
2868 5507 2932 5576 ἢν
2965 5506 3057 5558 καὶ
3085 5503 3223 5572 ὑπὲρ
3251 5499 3410 5572 ἡμῶν
3437 5495 3728 5553 ἀποθανεῖν
3761 5509 3822 5546 τε
3851 5494 3946 5544 καὶ

2361 5603 2656 5674 ἐγηγέρθαι
2705 5600 3038 5667 πιστεύεται,
3072 5593 3233 5660 σαρκὶ
3269 5589 3534 5644 πέπονθεν
3567 5585 3860 5640 ἐκών.”οτι
3890 5583 3948 5636 δὲ
