  <div class='ocr_page' id='page_1' title='image "/cluster/home/n/w/nwhite01/storage/ocr_20150623/76/ien.35556001661040/100.png"; bbox 0 0 4040 6430; ppageno 0'>
   <div class='ocr_carea' id='block_1_1' title="bbox 95 347 2271 409">
    <p class='ocr_par' dir='ltr' id='par_1_1' title="bbox 95 347 2271 409">
     <span class='ocr_line' id='line_1_1' title="bbox 95 347 2271 409; baseline 0.001 -6"><span class='ocrx_word' id='word_1_1' title='bbox 95 350 169 403; x_wconf 78' lang='grc'><strong>177</strong></span> <span class='ocrx_word' id='word_1_2' title='bbox 1144 348 1525 409; x_wconf 79' lang='lat' dir='ltr'><strong>ADVERSUS</strong></span> <span class='ocrx_word' id='word_1_3' title='bbox 1563 349 1967 409; x_wconf 81' lang='lat' dir='ltr'><strong>NESTORIUM</strong></span> <span class='ocrx_word' id='word_1_4' title='bbox 2010 349 2134 405; x_wconf 84' lang='lat' dir='ltr'><strong>LIB.</strong></span> <span class='ocrx_word' id='word_1_5' title='bbox 2182 347 2271 405; x_wconf 87' lang='lat' dir='ltr'><strong>IV.</strong></span> 
     </span>
    </p>
   </div>
   <div class='ocr_carea' id='block_1_2' title="bbox 3254 351 3352 407">
    <p class='ocr_par' dir='ltr' id='par_1_2' title="bbox 3254 351 3352 407">
     <span class='ocr_line' id='line_1_2' title="bbox 3254 351 3352 407; baseline -0.01 -1"><span class='ocrx_word' id='word_1_6' title='bbox 3254 351 3352 407; x_wconf 77' lang='grc'><strong>178</strong></span> 
     </span>
    </p>
   </div>
   <div class='ocr_carea' id='block_1_3' title="bbox 92 464 1675 542">
    <p class='ocr_par' dir='ltr' id='par_1_3' title="bbox 92 468 1675 542">
     <span class='ocr_line' id='line_1_3' title="bbox 92 468 1675 542; baseline 0.001 -21"><span class='ocrx_word' id='word_1_7' title='bbox 92 470 165 521; x_wconf 72' lang='grc' dir='ltr'><strong>καὶ</strong></span> <span class='ocrx_word' id='word_1_8' title='bbox 209 468 337 537; x_wconf 84' lang='grc' dir='ltr'>εἰκῆ</span> <span class='ocrx_word' id='word_1_9' title='bbox 388 469 779 540; x_wconf 78' lang='grc' dir='ltr'>παραῤῥίπτει</span> <span class='ocrx_word' id='word_1_10' title='bbox 810 468 1023 538; x_wconf 82' lang='grc' dir='ltr'><strong>λόγους,</strong></span> <span class='ocrx_word' id='word_1_11' title='bbox 1053 473 1145 524; x_wconf 80' lang='grc' dir='ltr'><strong>καὶ</strong></span> <span class='ocrx_word' id='word_1_12' title='bbox 1191 474 1290 542; x_wconf 78' lang='grc' dir='ltr'><strong>τῆς</strong></span> <span class='ocrx_word' id='word_1_13' title='bbox 1335 472 1444 524; x_wconf 88' lang='grc' dir='ltr'><strong>τῶν</strong></span> <span class='ocrx_word' id='word_1_14' title='bbox 1491 471 1675 542; x_wconf 65' lang='grc' dir='ltr'>φωνῶν</span> 
     </span>
    </p>
   </div>
   <div class='ocr_carea' id='block_1_4' title="bbox 1780 464 3349 542">
    <p class='ocr_par' dir='ltr' id='par_1_4' title="bbox 1788 464 3349 540">
     <span class='ocr_line' id='line_1_4' title="bbox 1788 464 3349 540; baseline -0.003 -17"><span class='ocrx_word' id='word_1_15' title='bbox 1788 478 1977 540; x_wconf 90' lang='lat' dir='ltr'><strong>sponte</strong></span> <span class='ocrx_word' id='word_1_16' title='bbox 2012 483 2174 525; x_wconf 89' lang='lat' dir='ltr'><strong>carne</strong></span> <span class='ocrx_word' id='word_1_17' title='bbox 2209 482 2399 538; x_wconf 88' lang='lat' dir='ltr'><strong>passus</strong></span> <span class='ocrx_word' id='word_1_18' title='bbox 2430 475 2532 522; x_wconf 91' lang='lat' dir='ltr'><strong>est.</strong></span> <span class='ocrx_word' id='word_1_19' title='bbox 2568 466 2733 521; x_wconf 85' lang='lat' dir='ltr'><strong>Porro</strong></span> <span class='ocrx_word' id='word_1_20' title='bbox 2768 464 2913 519; x_wconf 89' lang='lat' dir='ltr'><strong>illum</strong></span> <span class='ocrx_word' id='word_1_21' title='bbox 2952 471 3155 520; x_wconf 87' lang='lat' dir='ltr'><strong>temere</strong></span> <span class='ocrx_word' id='word_1_22' title='bbox 3192 468 3349 521; x_wconf 83' lang='lat' dir='ltr'><strong>verba</strong></span> 
     </span>
    </p>
   </div>
   <div class='ocr_carea' id='block_1_5' title="bbox 94 561 1678 632">
    <p class='ocr_par' dir='ltr' id='par_1_5' title="bbox 94 561 1678 632">
     <span class='ocr_line' id='line_1_5' title="bbox 94 561 1678 632; baseline 0.002 -21"><span class='ocrx_word' id='word_1_23' title='bbox 94 561 297 624; x_wconf 64' lang='grc' dir='ltr'>ἀτοπίας</span> <span class='ocrx_word' id='word_1_24' title='bbox 342 561 519 629; x_wconf 85' lang='grc' dir='ltr'>ὀλίγα</span> <span class='ocrx_word' id='word_1_25' title='bbox 556 561 962 631; x_wconf 82' lang='grc' dir='ltr'>πεφροντικὼς,</span> <span class='ocrx_word' id='word_1_26' title='bbox 1004 562 1250 632; x_wconf 78' lang='grc' dir='ltr'><strong>σημείοις</strong></span> <span class='ocrx_word' id='word_1_27' title='bbox 1286 562 1419 631; x_wconf 76' lang='grc' dir='ltr'>φησὶ</span> <span class='ocrx_word' id='word_1_28' title='bbox 1453 565 1564 625; x_wconf 83' lang='grc' dir='ltr'>τοῖς</span> <span class='ocrx_word' id='word_1_29' title='bbox 1592 562 1678 615; x_wconf 79' lang='grc' dir='ltr'>διὰ</span> 
     </span>
    </p>
   </div>
   <div class='ocr_carea' id='block_1_6' title="bbox 93 649 1678 724">
    <p class='ocr_par' dir='ltr' id='par_1_6' title="bbox 93 649 1678 724">
     <span class='ocr_line' id='line_1_6' title="bbox 93 649 1678 724; baseline 0.002 -22"><span class='ocrx_word' id='word_1_30' title='bbox 93 649 170 703; x_wconf 81' lang='grc' dir='ltr'><strong>τοῦ</strong></span> <span class='ocrx_word' id='word_1_31' title='bbox 207 651 545 721; x_wconf 84' lang='grc' dir='ltr'>Πνεύματος</span> <span class='ocrx_word' id='word_1_32' title='bbox 578 651 1088 723; x_wconf 83' lang='grc' dir='ltr'>κατασεμνύνεσθαι</span> <span class='ocrx_word' id='word_1_33' title='bbox 1119 652 1210 706; x_wconf 84' lang='grc' dir='ltr'><strong>τὸν</strong></span> <span class='ocrx_word' id='word_1_34' title='bbox 1240 652 1493 724; x_wconf 83' lang='grc' dir='ltr'>Χριστὸν,</span> <span class='ocrx_word' id='word_1_35' title='bbox 1526 653 1556 705; x_wconf 91' lang='lat'><strong>6</strong></span> <span class='ocrx_word' id='word_1_36' title='bbox 1586 668 1678 720; x_wconf 91' lang='grc' dir='ltr'>γε-</span> 
     </span>
    </p>
   </div>
   <div class='ocr_carea' id='block_1_7' title="bbox 94 739 1677 816">
    <p class='ocr_par' dir='ltr' id='par_1_7' title="bbox 94 739 1677 816">
     <span class='ocr_line' id='line_1_7' title="bbox 94 739 1677 816; baseline 0.001 -23"><span class='ocrx_word' id='word_1_37' title='bbox 94 742 242 808; x_wconf 59' lang='lat' dir='ltr'><strong>vovt‘e;</strong></span> <span class='ocrx_word' id='word_1_38' title='bbox 259 744 404 812; x_wconf 73' lang='grc' dir='ltr'>ἡμῖν</span> <span class='ocrx_word' id='word_1_39' title='bbox 434 742 698 812; x_wconf 72' lang='grc' dir='ltr'>ἔναγχος,</span> <span class='ocrx_word' id='word_1_40' title='bbox 726 744 822 797; x_wconf 76' lang='grc' dir='ltr'><strong>καὶ</strong></span> <span class='ocrx_word' id='word_1_41' title='bbox 846 743 1110 816; x_wconf 86' lang='grc' dir='ltr'>διαρκῶς,</span> <span class='ocrx_word' id='word_1_42' title='bbox 1139 743 1215 807; x_wconf 83' lang='grc' dir='ltr'>ὥς</span> <span class='ocrx_word' id='word_1_43' title='bbox 1232 760 1295 812; x_wconf 91' lang='grc' dir='ltr'><strong>γε</strong></span> <span class='ocrx_word' id='word_1_44' title='bbox 1313 739 1485 814; x_wconf 74' lang='grc' dir='ltr'>οἶμαι,</span> <span class='ocrx_word' id='word_1_45' title='bbox 1512 742 1677 807; x_wconf 78' lang='grc' dir='ltr'><strong>ἔδειξε</strong></span> 
     </span>
    </p>
   </div>
   <div class='ocr_carea' id='block_1_8' title="bbox 93 833 1679 906">
    <p class='ocr_par' dir='ltr' id='par_1_8' title="bbox 93 833 1679 906">
     <span class='ocr_line' id='line_1_8' title="bbox 93 833 1679 906; baseline 0.002 -22"><span class='ocrx_word' id='word_1_46' title='bbox 93 833 253 901; x_wconf 61' lang='grc' dir='ltr'>λόγος*</span> <span class='ocrx_word' id='word_1_47' title='bbox 297 833 730 903; x_wconf 79' lang='grc' dir='ltr'>βασανίζωμεν,</span> <span class='ocrx_word' id='word_1_48' title='bbox 760 836 809 887; x_wconf 90' lang='grc' dir='ltr'><strong>εἰ</strong></span> <span class='ocrx_word' id='word_1_49' title='bbox 837 834 1002 900; x_wconf 86' lang='grc' dir='ltr'>δοκεῖ,</span> <span class='ocrx_word' id='word_1_50' title='bbox 1029 835 1126 898; x_wconf 87' lang='grc' dir='ltr'>τὰς</span> <span class='ocrx_word' id='word_1_51' title='bbox 1154 835 1349 906; x_wconf 72' lang='grc' dir='ltr'>ἐτέρας</span> <span class='ocrx_word' id='word_1_52' title='bbox 1376 835 1540 888; x_wconf 86' lang='grc' dir='ltr'>αὑτοῦ</span> <span class='ocrx_word' id='word_1_53' title='bbox 1569 852 1679 904; x_wconf 83' lang='grc' dir='ltr'><strong>φω-</strong></span> 
     </span>
    </p>
   </div>
   <div class='ocr_carea' id='block_1_9' title="bbox 91 921 1679 998">
    <p class='ocr_par' dir='ltr' id='par_1_9' title="bbox 91 921 1679 998">
     <span class='ocr_line' id='line_1_9' title="bbox 91 921 1679 998; baseline -0.001 -17"><span class='ocrx_word' id='word_1_54' title='bbox 91 929 188 989; x_wconf 72' lang='grc' dir='ltr'>νᾶς.</span> <span class='ocrx_word' id='word_1_55' title='bbox 215 947 234 977; x_wconf 72' lang='grc' dir='ltr'><strong>ι</strong></span> <span class='ocrx_word' id='word_1_56' title='bbox 275 928 339 980; x_wconf 89' lang='lat'><strong>&#39;0</strong></span> <span class='ocrx_word' id='word_1_57' title='bbox 368 928 594 997; x_wconf 81' lang='grc' dir='ltr'>Πατὴρ,</span> <span class='ocrx_word' id='word_1_58' title='bbox 631 930 787 998; x_wconf 74' lang='grc' dir='ltr'>φησὶ,</span> <span class='ocrx_word' id='word_1_59' title='bbox 820 927 1116 997; x_wconf 78' lang='grc' dir='ltr'><strong>συνέστησε</strong></span> <span class='ocrx_word' id='word_1_60' title='bbox 1134 944 1147 956; x_wconf 77' lang='grc'><strong><em>⁸</em></strong></span> <span class='ocrx_word' id='word_1_61' title='bbox 1178 946 1196 978; x_wconf 73' lang='grc' dir='ltr'><strong><em>ι</em></strong></span> <span class='ocrx_word' id='word_1_62' title='bbox 1223 928 1285 981; x_wconf 87' lang='grc' dir='ltr'><strong>τὸ</strong></span> <span class='ocrx_word' id='word_1_63' title='bbox 1310 928 1408 997; x_wconf 86' lang='grc' dir='ltr'>μὲν</span> <span class='ocrx_word' id='word_1_64' title='bbox 1424 921 1536 992; x_wconf 82' lang='grc' dir='ltr'>οῦν,</span> <span class='ocrx_word' id='word_1_65' title='bbox 1559 942 1679 979; x_wconf 89' lang='grc' dir='ltr'>συν-</span> 
     </span>
    </p>
   </div>
   <div class='ocr_carea' id='block_1_10' title="bbox 94 1017 1679 1088">
    <p class='ocr_par' dir='ltr' id='par_1_10' title="bbox 94 1017 1679 1088">
     <span class='ocr_line' id='line_1_10' title="bbox 94 1017 1679 1088; baseline 0.001 -18"><span class='ocrx_word' id='word_1_66' title='bbox 94 1020 322 1088; x_wconf 73' lang='grc' dir='ltr'>έστησεν,</span> <span class='ocrx_word' id='word_1_67' title='bbox 355 1020 388 1072; x_wconf 82' lang='grc' dir='ltr'><strong>ὃ</strong></span> <span class='ocrx_word' id='word_1_68' title='bbox 424 1020 478 1071; x_wconf 83' lang='grc' dir='ltr'><strong>τί</strong></span> <span class='ocrx_word' id='word_1_69' title='bbox 508 1020 646 1072; x_wconf 68' lang='grc' dir='ltr'>ποτέ</span> <span class='ocrx_word' id='word_1_70' title='bbox 693 1021 845 1073; x_wconf 78' lang='grc' dir='ltr'>ἐστιν</span> <span class='ocrx_word' id='word_1_71' title='bbox 887 1020 945 1072; x_wconf 81' lang='grc' dir='ltr'>ὲν</span> <span class='ocrx_word' id='word_1_72' title='bbox 982 1019 1190 1082; x_wconf 80' lang='grc' dir='ltr'>τούτοις</span> <span class='ocrx_word' id='word_1_73' title='bbox 1232 1020 1333 1071; x_wconf 84' lang='grc' dir='ltr'><strong>οὐκ</strong></span> <span class='ocrx_word' id='word_1_74' title='bbox 1382 1017 1449 1071; x_wconf 82' lang='grc' dir='ltr'>ἂν</span> <span class='ocrx_word' id='word_1_75' title='bbox 1500 1017 1679 1087; x_wconf 80' lang='grc' dir='ltr'>ἔχοιμι</span> 
     </span>
    </p>
   </div>
   <div class='ocr_carea' id='block_1_11' title="bbox 91 1108 1678 1180">
    <p class='ocr_par' dir='ltr' id='par_1_11' title="bbox 91 1108 1678 1180">
     <span class='ocr_line' id='line_1_11' title="bbox 91 1108 1678 1180; baseline 0.001 -22"><span class='ocrx_word' id='word_1_76' title='bbox 91 1110 237 1159; x_wconf 63' lang='grc' dir='ltr'>νοεῖν·</span> <span class='ocrx_word' id='word_1_77' title='bbox 270 1108 375 1160; x_wconf 72' lang='grc' dir='ltr'><strong>καὶ</strong></span> <span class='ocrx_word' id='word_1_78' title='bbox 402 1110 522 1180; x_wconf 83' lang='grc' dir='ltr'><strong>γάρ</strong></span> <span class='ocrx_word' id='word_1_79' title='bbox 551 1110 699 1161; x_wconf 79' lang='grc' dir='ltr'>ἐστιν</span> <span class='ocrx_word' id='word_1_80' title='bbox 725 1108 1174 1179; x_wconf 84' lang='grc' dir='ltr'><strong>ὁμολογουμένως</strong></span> <span class='ocrx_word' id='word_1_81' title='bbox 1226 1109 1461 1179; x_wconf 86' lang='grc' dir='ltr'>ἀγοραία</span> <span class='ocrx_word' id='word_1_82' title='bbox 1496 1126 1556 1161; x_wconf 89' lang='grc' dir='ltr'><strong>τε</strong></span> <span class='ocrx_word' id='word_1_83' title='bbox 1585 1108 1678 1161; x_wconf 82' lang='grc' dir='ltr'><strong>καὶ</strong></span> 
     </span>
    </p>
   </div>
   <div class='ocr_carea' id='block_1_12' title="bbox 91 1197 1677 1271">
    <p class='ocr_par' dir='ltr' id='par_1_12' title="bbox 91 1197 1677 1271">
     <span class='ocr_line' id='line_1_12' title="bbox 91 1197 1677 1271; baseline 0.004 -26"><span class='ocrx_word' id='word_1_84' title='bbox 91 1197 425 1268; x_wconf 74' lang='grc' dir='ltr'>ἀγυρτῶδης,</span> <span class='ocrx_word' id='word_1_85' title='bbox 478 1200 579 1253; x_wconf 77' lang='grc' dir='ltr'>καὶ</span> <span class='ocrx_word' id='word_1_86' title='bbox 622 1198 915 1271; x_wconf 90' lang='grc' dir='ltr'>τερθρείας</span> <span class='ocrx_word' id='word_1_87' title='bbox 972 1200 1245 1269; x_wconf 75' lang='grc' dir='ltr'><strong>ἰδιωτικῆς</strong></span> <span class='ocrx_word' id='word_1_88' title='bbox 1294 1200 1596 1270; x_wconf 79' lang='grc' dir='ltr'>ἀνάμεστος</span> <span class='ocrx_word' id='word_1_89' title='bbox 1646 1200 1677 1267; x_wconf 85' lang='grc' dir='ltr'>ὴ</span> 
     </span>
    </p>
   </div>
   <div class='ocr_carea' id='block_1_13' title="bbox 90 1284 1674 1361">
    <p class='ocr_par' dir='ltr' id='par_1_13' title="bbox 90 1284 1674 1361">
     <span class='ocr_line' id='line_1_13' title="bbox 90 1284 1674 1361; baseline 0.001 -22"><span class='ocrx_word' id='word_1_90' title='bbox 90 1289 222 1358; x_wconf 73' lang='grc' dir='ltr'>φωνή</span> <span class='ocrx_word' id='word_1_91' title='bbox 242 1304 255 1318; x_wconf 89' lang='grc'>·</span> <span class='ocrx_word' id='word_1_92' title='bbox 289 1289 444 1359; x_wconf 68' lang='grc' dir='ltr'>πλὴν</span> <span class='ocrx_word' id='word_1_93' title='bbox 474 1284 637 1360; x_wconf 77' lang='grc' dir='ltr'>οἶμαι</span> <span class='ocrx_word' id='word_1_94' title='bbox 658 1289 857 1360; x_wconf 77' lang='grc' dir='ltr'>δηλοῦν</span> <span class='ocrx_word' id='word_1_95' title='bbox 894 1289 1102 1343; x_wconf 75' lang='grc' dir='ltr'><strong>ἐθέλειν</strong></span> <span class='ocrx_word' id='word_1_96' title='bbox 1121 1291 1275 1358; x_wconf 82' lang='grc' dir='ltr'>αὐτὸ,</span> <span class='ocrx_word' id='word_1_97' title='bbox 1292 1291 1373 1356; x_wconf 74' lang='grc' dir='ltr'><strong>τὸ,</strong></span> <span class='ocrx_word' id='word_1_98' title='bbox 1392 1290 1674 1361; x_wconf 78' lang='grc' dir='ltr'><strong>παρέθετο,</strong></span> 
     </span>
    </p>
   </div>
   <div class='ocr_carea' id='block_1_14' title="bbox 88 1377 1674 1451">
    <p class='ocr_par' dir='ltr' id='par_1_14' title="bbox 88 1377 1674 1451">
     <span class='ocr_line' id='line_1_14' title="bbox 88 1377 1674 1451; baseline -0.001 -19"><span class='ocrx_word' id='word_1_99' title='bbox 88 1378 205 1447; x_wconf 69' lang='grc' dir='ltr'>φέρε</span> <span class='ocrx_word' id='word_1_100' title='bbox 232 1379 443 1441; x_wconf 85' lang='grc' dir='ltr'>εἰπεῖν,</span> <span class='ocrx_word' id='word_1_101' title='bbox 476 1381 654 1448; x_wconf 74' lang='grc' dir='ltr'>ἧγουν</span> <span class='ocrx_word' id='word_1_102' title='bbox 687 1379 1102 1451; x_wconf 80' lang='grc' dir='ltr'>μεμαρτύρηκε.</span> <span class='ocrx_word' id='word_1_103' title='bbox 1126 1380 1250 1443; x_wconf 86' lang='grc' dir='ltr'><strong>Πῶς</strong></span> <span class='ocrx_word' id='word_1_104' title='bbox 1274 1377 1388 1444; x_wconf 82' lang='grc' dir='ltr'>οὖν,</span> <span class='ocrx_word' id='word_1_105' title='bbox 1418 1380 1537 1433; x_wconf 86' lang='grc' dir='ltr'><strong>εἱπὲ</strong></span> <span class='ocrx_word' id='word_1_106' title='bbox 1566 1396 1674 1449; x_wconf 86' lang='grc' dir='ltr'>μοι,</span> 
     </span>
    </p>
   </div>
   <div class='ocr_carea' id='block_1_15' title="bbox 91 1468 1676 1540">
    <p class='ocr_par' dir='ltr' id='par_1_15' title="bbox 91 1468 1676 1540">
     <span class='ocr_line' id='line_1_15' title="bbox 91 1468 1676 1540; baseline 0.001 -20"><span class='ocrx_word' id='word_1_107' title='bbox 91 1470 411 1539; x_wconf 63' lang='grc' dir='ltr'>συνέστησεν</span> <span class='ocrx_word' id='word_1_108' title='bbox 442 1472 473 1523; x_wconf 90' lang='lat'><strong>6</strong></span> <span class='ocrx_word' id='word_1_109' title='bbox 504 1469 724 1539; x_wconf 81' lang='grc' dir='ltr'>Πατὴρ,</span> <span class='ocrx_word' id='word_1_110' title='bbox 754 1470 1078 1540; x_wconf 73' lang='grc' dir='ltr'><strong>ἐνοικήσεως</strong></span> <span class='ocrx_word' id='word_1_111' title='bbox 1105 1470 1253 1533; x_wconf 81' lang='grc' dir='ltr'>Θείας</span> <span class='ocrx_word' id='word_1_112' title='bbox 1287 1469 1617 1538; x_wconf 66' lang='grc' dir='ltr'>ἠξιωμένονς</span> <span class='ocrx_word' id='word_1_113' title='bbox 1644 1468 1676 1538; x_wconf 80' lang='grc' dir='ltr'><strong>ἢ</strong></span> 
     </span>
    </p>
   </div>
   <div class='ocr_carea' id='block_1_16' title="bbox 88 1558 1679 1630">
    <p class='ocr_par' dir='ltr' id='par_1_16' title="bbox 88 1558 1679 1630">
     <span class='ocr_line' id='line_1_16' title="bbox 88 1558 1679 1630; baseline 0 -19"><span class='ocrx_word' id='word_1_114' title='bbox 88 1558 228 1612; x_wconf 82' lang='grc' dir='ltr'>τοῦτο</span> <span class='ocrx_word' id='word_1_115' title='bbox 260 1560 367 1629; x_wconf 81' lang='grc' dir='ltr'>μὲν</span> <span class='ocrx_word' id='word_1_116' title='bbox 394 1560 611 1629; x_wconf 72' lang='grc' dir='ltr'>ἥκιστά</span> <span class='ocrx_word' id='word_1_117' title='bbox 644 1576 709 1628; x_wconf 92' lang='grc' dir='ltr'><strong>γε</strong></span> <span class='ocrx_word' id='word_1_118' title='bbox 730 1576 744 1591; x_wconf 88' lang='grc'><strong>·</strong></span> <span class='ocrx_word' id='word_1_119' title='bbox 781 1560 1053 1625; x_wconf 83' lang='grc' dir='ltr'>κατέδειξε</span> <span class='ocrx_word' id='word_1_120' title='bbox 1089 1560 1144 1613; x_wconf 83' lang='grc' dir='ltr'><strong>δὲ</strong></span> <span class='ocrx_word' id='word_1_121' title='bbox 1180 1561 1380 1630; x_wconf 79' lang='grc' dir='ltr'>μᾶλλον</span> <span class='ocrx_word' id='word_1_122' title='bbox 1417 1559 1679 1630; x_wconf 85' lang='grc' dir='ltr'>ὲνανθρω-</span> 
     </span>
    </p>
   </div>
   <div class='ocr_carea' id='block_1_17' title="bbox 89 1650 1674 1721">
    <p class='ocr_par' dir='ltr' id='par_1_17' title="bbox 89 1650 1674 1721">
     <span class='ocr_line' id='line_1_17' title="bbox 89 1650 1674 1721; baseline 0 -20"><span class='ocrx_word' id='word_1_123' title='bbox 89 1653 323 1720; x_wconf 77' lang='grc' dir='ltr'>πήσαντα</span> <span class='ocrx_word' id='word_1_124' title='bbox 352 1651 453 1704; x_wconf 80' lang='grc' dir='ltr'><strong>τὸν</strong></span> <span class='ocrx_word' id='word_1_125' title='bbox 486 1653 621 1705; x_wconf 81' lang='grc' dir='ltr'>ῐδιον</span> <span class='ocrx_word' id='word_1_126' title='bbox 644 1652 793 1715; x_wconf 81' lang='grc' dir='ltr'>Υίὸν,</span> <span class='ocrx_word' id='word_1_127' title='bbox 823 1653 1171 1721; x_wconf 86' lang='grc' dir='ltr'>μεμενηκότα</span> <span class='ocrx_word' id='word_1_128' title='bbox 1199 1652 1255 1705; x_wconf 79' lang='grc' dir='ltr'><strong>δὲ</strong></span> <span class='ocrx_word' id='word_1_129' title='bbox 1286 1650 1381 1705; x_wconf 78' lang='grc' dir='ltr'>καὶ</span> <span class='ocrx_word' id='word_1_130' title='bbox 1407 1651 1674 1717; x_wconf 22' lang='grc' dir='ltr'>ὲνλσαρκὶ,</span> 
     </span>
    </p>
   </div>
   <div class='ocr_carea' id='block_1_18' title="bbox 88 1737 1677 1812">
    <p class='ocr_par' dir='ltr' id='par_1_18' title="bbox 88 1737 1677 1812">
     <span class='ocr_line' id='line_1_18' title="bbox 88 1737 1677 1812; baseline 0.001 -21"><span class='ocrx_word' id='word_1_131' title='bbox 88 1740 217 1794; x_wconf 79' lang='grc' dir='ltr'>τοῦθ’</span> <span class='ocrx_word' id='word_1_132' title='bbox 250 1742 401 1811; x_wconf 82' lang='grc' dir='ltr'>ὅπερ</span> <span class='ocrx_word' id='word_1_133' title='bbox 449 1737 524 1810; x_wconf 79' lang='grc' dir='ltr'>ἦν</span> <span class='ocrx_word' id='word_1_134' title='bbox 564 1758 649 1805; x_wconf 88' lang='grc' dir='ltr'><strong>τε,</strong></span> <span class='ocrx_word' id='word_1_135' title='bbox 687 1742 783 1795; x_wconf 71' lang='grc' dir='ltr'><strong>καὶ</strong></span> <span class='ocrx_word' id='word_1_136' title='bbox 819 1743 953 1807; x_wconf 71' lang='grc' dir='ltr'>ἔστι,</span> <span class='ocrx_word' id='word_1_137' title='bbox 991 1743 1084 1795; x_wconf 88' lang='grc' dir='ltr'><strong>καί</strong></span> <span class='ocrx_word' id='word_1_138' title='bbox 1120 1742 1294 1802; x_wconf 76' lang='grc' dir='ltr'>ἔσται,</span> <span class='ocrx_word' id='word_1_139' title='bbox 1327 1741 1462 1793; x_wconf 70' lang='grc' dir='ltr'>Θεὸν</span> <span class='ocrx_word' id='word_1_140' title='bbox 1491 1741 1677 1812; x_wconf 82' lang='grc' dir='ltr'>δηλον-</span> 
     </span>
    </p>
   </div>
   <div class='ocr_carea' id='block_1_19' title="bbox 1779 558 3350 632">
    <p class='ocr_par' dir='ltr' id='par_1_19' title="bbox 1779 558 3350 632">
     <span class='ocr_line' id='line_1_19' title="bbox 1779 558 3350 632; baseline -0.004 -17"><span class='ocrx_word' id='word_1_141' title='bbox 1779 564 2007 632; x_wconf 87' lang='lat' dir='ltr'><strong>jactare,</strong></span> <span class='ocrx_word' id='word_1_142' title='bbox 2033 569 2087 616; x_wconf 90' lang='lat' dir='ltr'><strong>et</strong></span> <span class='ocrx_word' id='word_1_143' title='bbox 2112 561 2178 615; x_wconf 90' lang='lat' dir='ltr'><strong>de</strong></span> <span class='ocrx_word' id='word_1_144' title='bbox 2203 574 2390 615; x_wconf 88' lang='lat' dir='ltr'><strong>vocum</strong></span> <span class='ocrx_word' id='word_1_145' title='bbox 2418 558 2752 614; x_wconf 87' lang='lat' dir='ltr'><strong>absurditate</strong></span> <span class='ocrx_word' id='word_1_146' title='bbox 2775 571 2963 625; x_wconf 90' lang='lat' dir='ltr'><strong>parum</strong></span> <span class='ocrx_word' id='word_1_147' title='bbox 2990 570 3205 618; x_wconf 88' lang='lat' dir='ltr'><strong>curare,</strong></span> <span class='ocrx_word' id='word_1_148' title='bbox 3231 571 3350 610; x_wconf 89' lang='lat' dir='ltr'><strong>cum</strong></span> 
     </span>
    </p>
   </div>
   <div class='ocr_carea' id='block_1_20' title="bbox 1782 648 3349 721">
    <p class='ocr_par' dir='ltr' id='par_1_20' title="bbox 1782 648 3349 721">
     <span class='ocr_line' id='line_1_20' title="bbox 1782 648 3349 721; baseline -0.004 -15"><span class='ocrx_word' id='word_1_149' title='bbox 1782 655 1933 717; x_wconf 94' lang='lat' dir='ltr'><strong>dicit,</strong></span> <span class='ocrx_word' id='word_1_150' title='bbox 1956 654 2123 721; x_wconf 76' lang='lat' dir='ltr'><strong>signis</strong></span> <span class='ocrx_word' id='word_1_151' title='bbox 2151 666 2245 720; x_wconf 90' lang='lat' dir='ltr'><strong>per</strong></span> <span class='ocrx_word' id='word_1_152' title='bbox 2269 650 2529 720; x_wconf 77' lang='lat' dir='ltr'><strong>Spiritum</strong></span> <span class='ocrx_word' id='word_1_153' title='bbox 2553 650 2712 705; x_wconf 89' lang='lat' dir='ltr'><strong>editis</strong></span> <span class='ocrx_word' id='word_1_154' title='bbox 2735 648 3010 702; x_wconf 85' lang='lat' dir='ltr'><strong>honestari</strong></span> <span class='ocrx_word' id='word_1_155' title='bbox 3036 648 3349 715; x_wconf 83' lang='lat' dir='ltr'><strong>Christum;</strong></span> 
     </span>
    </p>
   </div>
   <div class='ocr_carea' id='block_1_21' title="bbox 1784 739 3351 811">
    <p class='ocr_par' dir='ltr' id='par_1_21' title="bbox 1784 739 3351 811">
     <span class='ocr_line' id='line_1_21' title="bbox 1784 739 3351 811; baseline -0.003 -16"><span class='ocrx_word' id='word_1_156' title='bbox 1784 744 2026 810; x_wconf 78' lang='lat' dir='ltr'><strong>proximo</strong></span> <span class='ocrx_word' id='word_1_157' title='bbox 2060 741 2323 811; x_wconf 78' lang='lat' dir='ltr'><strong>superiori</strong></span> <span class='ocrx_word' id='word_1_158' title='bbox 2360 754 2609 795; x_wconf 91' lang='lat' dir='ltr'><strong>sermone</strong></span> <span class='ocrx_word' id='word_1_159' title='bbox 2643 739 2799 799; x_wconf 83' lang='lat' dir='ltr'><strong>satis,</strong></span> <span class='ocrx_word' id='word_1_160' title='bbox 2835 750 2892 791; x_wconf 91' lang='lat' dir='ltr'><strong>ut</strong></span> <span class='ocrx_word' id='word_1_161' title='bbox 2924 739 3137 806; x_wconf 82' lang='lat' dir='ltr'><strong>opinor,</strong></span> <span class='ocrx_word' id='word_1_162' title='bbox 3172 748 3351 793; x_wconf 89' lang='lat' dir='ltr'><strong>osten-</strong></span> 
     </span>
    </p>
   </div>
   <div class='ocr_carea' id='block_1_22' title="bbox 1784 830 3353 900">
    <p class='ocr_par' dir='ltr' id='par_1_22' title="bbox 1784 830 3353 900">
     <span class='ocr_line' id='line_1_22' title="bbox 1784 830 3353 900; baseline -0.003 -12"><span class='ocrx_word' id='word_1_163' title='bbox 1784 836 1957 888; x_wconf 90' lang='lat' dir='ltr'><strong>dimus</strong></span> <span class='ocrx_word' id='word_1_164' title='bbox 1996 850 2007 885; x_wconf 94' lang='lat'><strong>:</strong></span> <span class='ocrx_word' id='word_1_165' title='bbox 2048 834 2229 900; x_wconf 83' lang='lat' dir='ltr'><strong>itaque</strong></span> <span class='ocrx_word' id='word_1_166' title='bbox 2264 833 2496 900; x_wconf 88' lang='lat' dir='ltr'><strong>reliquas</strong></span> <span class='ocrx_word' id='word_1_167' title='bbox 2531 831 2647 899; x_wconf 78' lang='lat' dir='ltr'><strong>ejus</strong></span> <span class='ocrx_word' id='word_1_168' title='bbox 2682 845 2866 895; x_wconf 90' lang='lat' dir='ltr'><strong>voces,</strong></span> <span class='ocrx_word' id='word_1_169' title='bbox 2906 830 2949 883; x_wconf 87' lang='lat' dir='ltr'><strong>si</strong></span> <span class='ocrx_word' id='word_1_170' title='bbox 2988 830 3156 898; x_wconf 86' lang='lat' dir='ltr'><strong>placet</strong></span> <span class='ocrx_word' id='word_1_171' title='bbox 3179 870 3191 892; x_wconf 91' lang='lat'><strong>,</strong></span> <span class='ocrx_word' id='word_1_172' title='bbox 3225 844 3353 885; x_wconf 80' lang='lat' dir='ltr'><strong>exa-</strong></span> 
     </span>
    </p>
   </div>
   <div class='ocr_carea' id='block_1_23' title="bbox 1783 920 3347 990">
    <p class='ocr_par' dir='ltr' id='par_1_23' title="bbox 1783 920 3347 990">
     <span class='ocr_line' id='line_1_23' title="bbox 1783 920 3347 990; baseline -0.003 -12"><span class='ocrx_word' id='word_1_173' title='bbox 1783 920 2285 988; x_wconf 75' lang='lat' dir='ltr'><strong>minemus.cPater,</strong></span> <span class='ocrx_word' id='word_1_174' title='bbox 2313 924 2505 990; x_wconf 89' lang='lat' dir='ltr'><strong>inquit,</strong></span> <span class='ocrx_word' id='word_1_175' title='bbox 2525 922 2953 987; x_wconf 83' lang='lat' dir='ltr'><strong>commendavit;</strong></span> <span class='ocrx_word' id='word_1_176' title='bbox 2982 940 2998 972; x_wconf 75' lang='grc' dir='ltr'><strong>ι</strong></span> <span class='ocrx_word' id='word_1_177' title='bbox 3032 936 3094 976; x_wconf 89' lang='lat' dir='ltr'><strong>ac</strong></span> <span class='ocrx_word' id='word_1_178' title='bbox 3126 923 3347 976; x_wconf 90' lang='lat' dir='ltr'><strong>verbmn</strong></span> 
     </span>
    </p>
   </div>
   <div class='ocr_carea' id='block_1_24' title="bbox 1782 1017 3348 1085">
    <p class='ocr_par' dir='ltr' id='par_1_24' title="bbox 1782 1017 3348 1085">
     <span class='ocr_line' id='line_1_24' title="bbox 1782 1017 3348 1085; baseline -0.003 -12"><span class='ocrx_word' id='word_1_179' title='bbox 1782 1018 2211 1082; x_wconf 77' lang='lat' dir='ltr'><strong>commend-andi,</strong></span> <span class='ocrx_word' id='word_1_180' title='bbox 2243 1017 2497 1085; x_wconf 85' lang='lat' dir='ltr'><strong>quidnam</strong></span> <span class='ocrx_word' id='word_1_181' title='bbox 2524 1017 2626 1071; x_wconf 83' lang='lat' dir='ltr'><strong>hoc</strong></span> <span class='ocrx_word' id='word_1_182' title='bbox 2653 1017 2770 1071; x_wconf 84' lang='lat' dir='ltr'><strong>loco</strong></span> <span class='ocrx_word' id='word_1_183' title='bbox 2797 1017 2887 1078; x_wconf 87' lang='lat' dir='ltr'><strong>sit,</strong></span> <span class='ocrx_word' id='word_1_184' title='bbox 2920 1017 3219 1085; x_wconf 87' lang='lat' dir='ltr'><strong>intelligere</strong></span> <span class='ocrx_word' id='word_1_185' title='bbox 3246 1033 3348 1071; x_wconf 90' lang='lat' dir='ltr'><strong>non</strong></span> 
     </span>
    </p>
   </div>
   <div class='ocr_carea' id='block_1_25' title="bbox 1782 1105 3349 1174">
    <p class='ocr_par' dir='ltr' id='par_1_25' title="bbox 1782 1105 3349 1174">
     <span class='ocr_line' id='line_1_25' title="bbox 1782 1105 3349 1174; baseline -0.002 -13"><span class='ocrx_word' id='word_1_186' title='bbox 1782 1122 1996 1174; x_wconf 75' lang='lat' dir='ltr'><strong>possunt</strong></span> <span class='ocrx_word' id='word_1_187' title='bbox 2033 1124 2045 1159; x_wconf 87' lang='lat'><strong>:</strong></span> <span class='ocrx_word' id='word_1_188' title='bbox 2080 1120 2200 1159; x_wconf 90' lang='lat' dir='ltr'><strong>nam</strong></span> <span class='ocrx_word' id='word_1_189' title='bbox 2235 1120 2297 1161; x_wconf 91' lang='lat' dir='ltr'><strong>ea</strong></span> <span class='ocrx_word' id='word_1_190' title='bbox 2328 1120 2429 1160; x_wconf 82' lang='lat' dir='ltr'><strong>vox</strong></span> <span class='ocrx_word' id='word_1_191' title='bbox 2461 1119 2492 1159; x_wconf 90' lang='lat' dir='ltr'><strong>e</strong></span> <span class='ocrx_word' id='word_1_192' title='bbox 2526 1105 2715 1160; x_wconf 88' lang='lat' dir='ltr'><strong>mediis</strong></span> <span class='ocrx_word' id='word_1_193' title='bbox 2753 1106 3003 1160; x_wconf 89' lang='lat' dir='ltr'><strong>nundinis</strong></span> <span class='ocrx_word' id='word_1_194' title='bbox 3035 1114 3147 1169; x_wconf 91' lang='lat' dir='ltr'><strong>est,</strong></span> <span class='ocrx_word' id='word_1_195' title='bbox 3180 1117 3233 1160; x_wconf 91' lang='lat' dir='ltr'><strong>et</strong></span> <span class='ocrx_word' id='word_1_196' title='bbox 3262 1107 3349 1159; x_wconf 84' lang='lat' dir='ltr'><strong>vili</strong></span> 
     </span>
    </p>
   </div>
   <div class='ocr_carea' id='block_1_26' title="bbox 1784 1196 3349 1267">
    <p class='ocr_par' dir='ltr' id='par_1_26' title="bbox 1784 1196 3349 1267">
     <span class='ocr_line' id='line_1_26' title="bbox 1784 1196 3349 1267; baseline 0.001 -16"><span class='ocrx_word' id='word_1_197' title='bbox 1784 1197 2040 1251; x_wconf 84' lang='lat' dir='ltr'><strong>concinne</strong></span> <span class='ocrx_word' id='word_1_198' title='bbox 2080 1208 2136 1251; x_wconf 90' lang='lat' dir='ltr'><strong>et</strong></span> <span class='ocrx_word' id='word_1_199' title='bbox 2198 1196 2407 1266; x_wconf 86' lang='lat' dir='ltr'><strong>plebeia</strong></span> <span class='ocrx_word' id='word_1_200' title='bbox 2465 1198 2753 1267; x_wconf 83' lang='lat' dir='ltr'><strong>nugatione</strong></span> <span class='ocrx_word' id='word_1_201' title='bbox 2795 1197 2984 1266; x_wconf 89' lang='lat' dir='ltr'><strong>plena;</strong></span> <span class='ocrx_word' id='word_1_202' title='bbox 3033 1200 3125 1253; x_wconf 88' lang='lat' dir='ltr'><strong>sed</strong></span> <span class='ocrx_word' id='word_1_203' title='bbox 3170 1208 3349 1253; x_wconf 91' lang='lat' dir='ltr'><strong>tamen</strong></span> 
     </span>
    </p>
   </div>
   <div class='ocr_carea' id='block_1_27' title="bbox 1782 1286 3352 1355">
    <p class='ocr_par' dir='ltr' id='par_1_27' title="bbox 1782 1286 3352 1355">
     <span class='ocr_line' id='line_1_27' title="bbox 1782 1286 3352 1355; baseline 0.002 -17"><span class='ocrx_word' id='word_1_204' title='bbox 1782 1296 1908 1355; x_wconf 90' lang='lat' dir='ltr'><strong>puto</strong></span> <span class='ocrx_word' id='word_1_205' title='bbox 1938 1286 2267 1355; x_wconf 80' lang='lat' dir='ltr'><strong>signiﬁcare,</strong></span> <span class='ocrx_word' id='word_1_206' title='bbox 2300 1287 2567 1355; x_wconf 84' lang='lat' dir='ltr'><strong>deposuit,</strong></span> <span class='ocrx_word' id='word_1_207' title='bbox 2597 1286 2749 1341; x_wconf 89' lang='lat' dir='ltr'><strong>verbi</strong></span> <span class='ocrx_word' id='word_1_208' title='bbox 2773 1288 2963 1354; x_wconf 87' lang='lat' dir='ltr'><strong>gratia,</strong></span> <span class='ocrx_word' id='word_1_209' title='bbox 2996 1287 3099 1352; x_wconf 89' lang='lat' dir='ltr'><strong>vel,</strong></span> <span class='ocrx_word' id='word_1_210' title='bbox 3126 1297 3352 1342; x_wconf 89' lang='lat' dir='ltr'><strong>testatus</strong></span> 
     </span>
    </p>
   </div>
   <div class='ocr_carea' id='block_1_28' title="bbox 1780 1377 3353 1448">
    <p class='ocr_par' dir='ltr' id='par_1_28' title="bbox 1780 1377 3353 1448">
     <span class='ocr_line' id='line_1_28' title="bbox 1780 1377 3353 1448; baseline -0.001 -17"><span class='ocrx_word' id='word_1_211' title='bbox 1780 1386 1881 1432; x_wconf 89' lang='lat' dir='ltr'><strong>est.</strong></span> <span class='ocrx_word' id='word_1_212' title='bbox 1920 1377 2199 1444; x_wconf 80' lang='lat' dir='ltr'><strong>Quomodo</strong></span> <span class='ocrx_word' id='word_1_213' title='bbox 2242 1377 2422 1448; x_wconf 88' lang='lat' dir='ltr'><strong>igitur,</strong></span> <span class='ocrx_word' id='word_1_214' title='bbox 2466 1392 2594 1448; x_wconf 88' lang='lat' dir='ltr'><strong>rogo</strong></span> <span class='ocrx_word' id='word_1_215' title='bbox 2638 1388 2712 1442; x_wconf 92' lang='lat' dir='ltr'><strong>te,</strong></span> <span class='ocrx_word' id='word_1_216' title='bbox 2752 1381 3152 1434; x_wconf 81' lang='lat' dir='ltr'><strong>commendavit</strong></span> <span class='ocrx_word' id='word_1_217' title='bbox 3193 1379 3353 1433; x_wconf 81' lang='lat' dir='ltr'><strong>Pater</strong></span> 
     </span>
    </p>
   </div>
   <div class='ocr_carea' id='block_1_29' title="bbox 1781 1468 3349 1539">
    <p class='ocr_par' dir='ltr' id='par_1_29' title="bbox 1781 1468 3349 1539">
     <span class='ocr_line' id='line_1_29' title="bbox 1781 1468 3349 1539; baseline 0.001 -18"><span class='ocrx_word' id='word_1_218' title='bbox 1781 1468 2052 1523; x_wconf 82' lang='lat' dir='ltr'><strong>hominem</strong></span> <span class='ocrx_word' id='word_1_219' title='bbox 2084 1468 2471 1524; x_wconf 86' lang='lat' dir='ltr'><strong>inhabitatione</strong></span> <span class='ocrx_word' id='word_1_220' title='bbox 2498 1470 2676 1524; x_wconf 89' lang='lat' dir='ltr'><strong>divina</strong></span> <span class='ocrx_word' id='word_1_221' title='bbox 2706 1470 3023 1539; x_wconf 88' lang='lat' dir='ltr'><strong>dignatum?</strong></span> <span class='ocrx_word' id='word_1_222' title='bbox 3050 1484 3116 1524; x_wconf 88' lang='lat' dir='ltr'><strong>an</strong></span> <span class='ocrx_word' id='word_1_223' title='bbox 3144 1485 3270 1525; x_wconf 87' lang='lat' dir='ltr'><strong>vero</strong></span> <span class='ocrx_word' id='word_1_224' title='bbox 3299 1470 3349 1524; x_wconf 88' lang='lat' dir='ltr'><strong>id</strong></span> 
     </span>
    </p>
   </div>
   <div class='ocr_carea' id='block_1_30' title="bbox 1780 1558 3349 1631">
    <p class='ocr_par' dir='ltr' id='par_1_30' title="bbox 1780 1558 3349 1631">
     <span class='ocr_line' id='line_1_30' title="bbox 1780 1558 3349 1631; baseline 0.001 -19"><span class='ocrx_word' id='word_1_225' title='bbox 1780 1558 2024 1623; x_wconf 89' lang='lat' dir='ltr'><strong>minimc,</strong></span> <span class='ocrx_word' id='word_1_226' title='bbox 2052 1559 2146 1613; x_wconf 91' lang='lat' dir='ltr'><strong>sed</strong></span> <span class='ocrx_word' id='word_1_227' title='bbox 2174 1560 2411 1615; x_wconf 88' lang='lat' dir='ltr'><strong>ostendit</strong></span> <span class='ocrx_word' id='word_1_228' title='bbox 2441 1561 2621 1629; x_wconf 87' lang='lat' dir='ltr'><strong>potius</strong></span> <span class='ocrx_word' id='word_1_229' title='bbox 2650 1562 2926 1631; x_wconf 88' lang='lat' dir='ltr'><strong>proprium</strong></span> <span class='ocrx_word' id='word_1_230' title='bbox 2954 1560 3147 1615; x_wconf 85' lang='lat' dir='ltr'><strong>Filium</strong></span> <span class='ocrx_word' id='word_1_231' title='bbox 3177 1560 3349 1614; x_wconf 90' lang='lat' dir='ltr'><strong>homi-</strong></span> 
     </span>
    </p>
   </div>
   <div class='ocr_carea' id='block_1_31' title="bbox 1781 1646 3351 1712">
    <p class='ocr_par' dir='ltr' id='par_1_31' title="bbox 1781 1646 3351 1712">
     <span class='ocr_line' id='line_1_31' title="bbox 1781 1646 3351 1712; baseline 0.001 -12"><span class='ocrx_word' id='word_1_232' title='bbox 1781 1661 1900 1701; x_wconf 91' lang='lat' dir='ltr'><strong>nem</strong></span> <span class='ocrx_word' id='word_1_233' title='bbox 1945 1646 2176 1712; x_wconf 79' lang='lat' dir='ltr'><strong>factum,</strong></span> <span class='ocrx_word' id='word_1_234' title='bbox 2220 1657 2526 1703; x_wconf 90' lang='lat' dir='ltr'><strong>manentem</strong></span> <span class='ocrx_word' id='word_1_235' title='bbox 2570 1659 2746 1705; x_wconf 89' lang='lat' dir='ltr'><strong>tamen</strong></span> <span class='ocrx_word' id='word_1_236' title='bbox 2790 1650 2954 1705; x_wconf 88' lang='lat' dir='ltr'><strong>etiam</strong></span> <span class='ocrx_word' id='word_1_237' title='bbox 2997 1649 3052 1702; x_wconf 86' lang='lat' dir='ltr'><strong>in</strong></span> <span class='ocrx_word' id='word_1_238' title='bbox 3096 1661 3259 1703; x_wconf 88' lang='lat' dir='ltr'><strong>carne</strong></span> <span class='ocrx_word' id='word_1_239' title='bbox 3301 1649 3351 1702; x_wconf 88' lang='lat' dir='ltr'><strong>id</strong></span> 
     </span>
    </p>
   </div>
   <div class='ocr_carea' id='block_1_32' title="bbox 1782 1736 3351 1805">
    <p class='ocr_par' dir='ltr' id='par_1_32' title="bbox 1782 1736 3351 1805">
     <span class='ocr_line' id='line_1_32' title="bbox 1782 1736 3351 1805; baseline -0.001 -17"><span class='ocrx_word' id='word_1_240' title='bbox 1782 1736 1956 1805; x_wconf 88' lang='lat' dir='ltr'><strong>ipsum</strong></span> <span class='ocrx_word' id='word_1_241' title='bbox 1996 1738 2136 1804; x_wconf 89' lang='lat' dir='ltr'><strong>quod</strong></span> <span class='ocrx_word' id='word_1_242' title='bbox 2177 1747 2329 1800; x_wconf 87' lang='lat' dir='ltr'><strong>erat,</strong></span> <span class='ocrx_word' id='word_1_243' title='bbox 2374 1747 2425 1793; x_wconf 91' lang='lat' dir='ltr'><strong>et</strong></span> <span class='ocrx_word' id='word_1_244' title='bbox 2469 1746 2583 1803; x_wconf 88' lang='lat' dir='ltr'><strong>est,</strong></span> <span class='ocrx_word' id='word_1_245' title='bbox 2627 1747 2683 1793; x_wconf 93' lang='lat' dir='ltr'><strong>et</strong></span> <span class='ocrx_word' id='word_1_246' title='bbox 2728 1738 2863 1801; x_wconf 91' lang='lat' dir='ltr'><strong>erit,</strong></span> <span class='ocrx_word' id='word_1_247' title='bbox 2910 1750 3102 1805; x_wconf 84' lang='lat' dir='ltr'><strong>nempe</strong></span> <span class='ocrx_word' id='word_1_248' title='bbox 3147 1736 3351 1790; x_wconf 88' lang='lat' dir='ltr'><strong>Deum?</strong></span> 
     </span>
    </p>
   </div>
   <div class='ocr_carea' id='block_1_33' title="bbox 89 1808 1675 1909">
    <p class='ocr_par' dir='ltr' id='par_1_33' title="bbox 89 1808 1675 1907">
     <span class='ocr_line' id='line_1_33' title="bbox 89 1808 1675 1907; baseline 0.001 -22"><span class='ocrx_word' id='word_1_249' title='bbox 89 1836 180 1887; x_wconf 73' lang='grc' dir='ltr'>ότι.</span> <span class='ocrx_word' id='word_1_250' title='bbox 213 1853 231 1885; x_wconf 83' lang='grc' dir='ltr'><strong>ι</strong></span> <span class='ocrx_word' id='word_1_251' title='bbox 256 1808 485 1903; x_wconf 79' lang='grc' dir='ltr'>Ἰησοῦς</span> <span class='ocrx_word' id='word_1_252' title='bbox 535 1833 649 1904; x_wconf 83' lang='grc' dir='ltr'><strong>γὰρ</strong></span> <span class='ocrx_word' id='word_1_253' title='bbox 687 1835 923 1904; x_wconf 80' lang='grc' dir='ltr'>Χριστὸς</span> <span class='ocrx_word' id='word_1_254' title='bbox 963 1837 991 1889; x_wconf 92' lang='lat'><strong>6</strong></span> <span class='ocrx_word' id='word_1_255' title='bbox 1036 1834 1183 1907; x_wconf 84' lang='grc' dir='ltr'>χθὲς,</span> <span class='ocrx_word' id='word_1_256' title='bbox 1224 1836 1319 1889; x_wconf 75' lang='grc' dir='ltr'><strong>καὶ</strong></span> <span class='ocrx_word' id='word_1_257' title='bbox 1366 1808 1623 1905; x_wconf 81' lang='grc' dir='ltr'>σήμερον,</span> <span class='ocrx_word' id='word_1_258' title='bbox 1650 1836 1675 1887; x_wconf 87' lang='lat'><strong>6</strong></span> 
     </span>
    </p>
   </div>
   <div class='ocr_carea' id='block_1_34' title="bbox 1780 1808 3352 1909">
    <p class='ocr_par' dir='ltr' id='par_1_34' title="bbox 1786 1826 3352 1894">
     <span class='ocr_line' id='line_1_34' title="bbox 1786 1826 3352 1894; baseline -0.001 -14"><span class='ocrx_word' id='word_1_259' title='bbox 1786 1847 1805 1880; x_wconf 80' lang='grc' dir='ltr'><strong>ι</strong></span> <span class='ocrx_word' id='word_1_260' title='bbox 1836 1827 1993 1884; x_wconf 74' lang='lat' dir='ltr'><strong>Jesus</strong></span> <span class='ocrx_word' id='word_1_261' title='bbox 2020 1829 2271 1885; x_wconf 85' lang='lat' dir='ltr'><strong>Christus</strong></span> <span class='ocrx_word' id='word_1_262' title='bbox 2299 1830 2444 1883; x_wconf 85' lang='lat' dir='ltr'><strong>enim</strong></span> <span class='ocrx_word' id='word_1_263' title='bbox 2477 1829 2589 1884; x_wconf 88' lang='lat' dir='ltr'><strong>heri</strong></span> <span class='ocrx_word' id='word_1_264' title='bbox 2620 1836 2674 1883; x_wconf 96' lang='lat' dir='ltr'><strong>et</strong></span> <span class='ocrx_word' id='word_1_265' title='bbox 2706 1826 2887 1894; x_wconf 89' lang='lat' dir='ltr'><strong>hodie,</strong></span> <span class='ocrx_word' id='word_1_266' title='bbox 2917 1827 3057 1881; x_wconf 89' lang='lat' dir='ltr'><strong>idem</strong></span> <span class='ocrx_word' id='word_1_267' title='bbox 3086 1834 3141 1881; x_wconf 92' lang='lat' dir='ltr'><strong>et</strong></span> <span class='ocrx_word' id='word_1_268' title='bbox 3168 1826 3220 1880; x_wconf 90' lang='lat' dir='ltr'><strong>in</strong></span> <span class='ocrx_word' id='word_1_269' title='bbox 3249 1839 3352 1880; x_wconf 77' lang='lat' dir='ltr'><strong>sa:-</strong></span> 
     </span>
    </p>
   </div>
   <div class='ocr_carea' id='block_1_35' title="bbox 89 1925 1678 1998">
    <p class='ocr_par' dir='ltr' id='par_1_35' title="bbox 89 1925 1678 1998">
     <span class='ocr_line' id='line_1_35' title="bbox 89 1925 1678 1998; baseline 0.003 -23"><span class='ocrx_word' id='word_1_270' title='bbox 89 1926 232 1988; x_wconf 63' lang='lat'><strong>1&#39;316;</strong></span> <span class='ocrx_word' id='word_1_271' title='bbox 257 1926 359 1979; x_wconf 73' lang='grc' dir='ltr'><strong>καὶ</strong></span> <span class='ocrx_word' id='word_1_272' title='bbox 390 1925 478 1989; x_wconf 82' lang='grc' dir='ltr'><strong>εἰς</strong></span> <span class='ocrx_word' id='word_1_273' title='bbox 501 1926 633 1988; x_wconf 79' lang='grc' dir='ltr'>τοὺς</span> <span class='ocrx_word' id='word_1_274' title='bbox 654 1927 874 1990; x_wconf 81' lang='grc' dir='ltr'>αἰῶνας.</span> <span class='ocrx_word' id='word_1_275' title='bbox 900 1946 919 1978; x_wconf 72' lang='grc' dir='ltr'><strong>ι</strong></span> <span class='ocrx_word' id='word_1_276' title='bbox 945 1929 1078 1998; x_wconf 80' lang='grc' dir='ltr'>Φέρε</span> <span class='ocrx_word' id='word_1_277' title='bbox 1100 1927 1283 1980; x_wconf 81' lang='grc' dir='ltr'>τοίνυν</span> <span class='ocrx_word' id='word_1_278' title='bbox 1308 1926 1405 1990; x_wconf 81' lang='grc' dir='ltr'>τὰς</span> <span class='ocrx_word' id='word_1_279' title='bbox 1429 1926 1678 1996; x_wconf 80' lang='grc' dir='ltr'>ὲπ⁹αὐτῷ</span> 
     </span>
    </p>
   </div>
   <div class='ocr_carea' id='block_1_36' title="bbox 87 2017 1673 2091">
    <p class='ocr_par' dir='ltr' id='par_1_36' title="bbox 87 2017 1673 2091">
     <span class='ocr_line' id='line_1_36' title="bbox 87 2017 1673 2091; baseline 0.005 -25"><span class='ocrx_word' id='word_1_280' title='bbox 87 2017 648 2087; x_wconf 74' lang='grc' dir='ltr'>πολυπραγμονῶμεν</span> <span class='ocrx_word' id='word_1_281' title='bbox 678 2019 881 2087; x_wconf 81' lang='grc' dir='ltr'>φωνάς.</span> <span class='ocrx_word' id='word_1_282' title='bbox 915 2020 981 2072; x_wconf 89' lang='grc' dir='ltr'>Τί</span> <span class='ocrx_word' id='word_1_283' title='bbox 1014 2037 1179 2090; x_wconf 74' lang='grc' dir='ltr'>φησιν</span> <span class='ocrx_word' id='word_1_284' title='bbox 1202 2022 1230 2073; x_wconf 96' lang='lat'><strong>6</strong></span> <span class='ocrx_word' id='word_1_285' title='bbox 1250 2020 1673 2091; x_wconf 78' lang='grc' dir='ltr'>εὖαγγελιστήςς</span> 
     </span>
    </p>
   </div>
   <div class='ocr_carea' id='block_1_37' title="bbox 89 2106 1677 2181">
    <p class='ocr_par' dir='ltr' id='par_1_37' title="bbox 89 2106 1677 2181">
     <span class='ocr_line' id='line_1_37' title="bbox 89 2106 1677 2181; baseline 0.004 -25"><span class='ocrx_word' id='word_1_286' title='bbox 89 2125 104 2154; x_wconf 76' lang='grc' dir='ltr'><strong>ι</strong></span> <span class='ocrx_word' id='word_1_287' title='bbox 132 2106 233 2158; x_wconf 81' lang='grc' dir='ltr'><strong>Καὶ</strong></span> <span class='ocrx_word' id='word_1_288' title='bbox 262 2106 676 2178; x_wconf 73' lang='grc' dir='ltr'>ἐμαρτύρησεν</span> <span class='ocrx_word' id='word_1_289' title='bbox 698 2110 727 2161; x_wconf 88' lang='lat'><strong>6</strong></span> <span class='ocrx_word' id='word_1_290' title='bbox 752 2108 1006 2179; x_wconf 73' lang='grc' dir='ltr'>Ἰωάννης</span> <span class='ocrx_word' id='word_1_291' title='bbox 1034 2110 1238 2179; x_wconf 80' lang='grc' dir='ltr'>λέγων’</span> <span class='ocrx_word' id='word_1_292' title='bbox 1266 2112 1389 2165; x_wconf 79' lang='grc' dir='ltr'>Ὀτι</span> <span class='ocrx_word' id='word_1_293' title='bbox 1411 2112 1677 2181; x_wconf 82' lang='grc' dir='ltr'>τεθέαμαι</span> 
     </span>
    </p>
   </div>
   <div class='ocr_carea' id='block_1_38' title="bbox 85 2196 1673 2272">
    <p class='ocr_par' dir='ltr' id='par_1_38' title="bbox 85 2196 1673 2272">
     <span class='ocr_line' id='line_1_38' title="bbox 85 2196 1673 2272; baseline 0.005 -25"><span class='ocrx_word' id='word_1_294' title='bbox 85 2196 398 2266; x_wconf 69' lang='grc' dir='ltr'>τὸΠνεῦμα</span> <span class='ocrx_word' id='word_1_295' title='bbox 436 2197 781 2251; x_wconf 72' lang='grc' dir='ltr'>καταϐαῖνον</span> <span class='ocrx_word' id='word_1_296' title='bbox 822 2199 956 2251; x_wconf 78' lang='grc' dir='ltr'>ὡσεὶ</span> <span class='ocrx_word' id='word_1_297' title='bbox 988 2200 1315 2271; x_wconf 85' lang='grc' dir='ltr'>περιστερὰν</span> <span class='ocrx_word' id='word_1_298' title='bbox 1343 2201 1401 2268; x_wconf 78' lang='grc' dir='ltr'>ἐξ</span> <span class='ocrx_word' id='word_1_299' title='bbox 1422 2201 1673 2272; x_wconf 86' lang='grc' dir='ltr'>ούρανοῦ,</span> 
     </span>
    </p>
   </div>
   <div class='ocr_carea' id='block_1_39' title="bbox 87 2285 1675 2361">
    <p class='ocr_par' dir='ltr' id='par_1_39' title="bbox 87 2285 1675 2361">
     <span class='ocr_line' id='line_1_39' title="bbox 87 2285 1675 2361; baseline 0.006 -24"><span class='ocrx_word' id='word_1_300' title='bbox 87 2289 167 2339; x_wconf 68' lang='lat' dir='ltr'><strong>nl</strong></span> <span class='ocrx_word' id='word_1_301' title='bbox 219 2288 391 2359; x_wconf 86' lang='grc' dir='ltr'>μένον</span> <span class='ocrx_word' id='word_1_302' title='bbox 447 2289 541 2341; x_wconf 72' lang='grc' dir='ltr'><strong>ἐπ’</strong></span> <span class='ocrx_word' id='word_1_303' title='bbox 571 2290 763 2343; x_wconf 82' lang='grc' dir='ltr'>αὐτόν’</span> <span class='ocrx_word' id='word_1_304' title='bbox 814 2285 967 2356; x_wconf 77' lang='grc' dir='ltr'>οὗτός</span> <span class='ocrx_word' id='word_1_305' title='bbox 1012 2294 1160 2345; x_wconf 79' lang='grc' dir='ltr'>ἐστιν</span> <span class='ocrx_word' id='word_1_306' title='bbox 1210 2294 1239 2346; x_wconf 89' lang='lat'><strong>6</strong></span> <span class='ocrx_word' id='word_1_307' title='bbox 1294 2292 1567 2361; x_wconf 77' lang='grc' dir='ltr'>βαπτίζων</span> <span class='ocrx_word' id='word_1_308' title='bbox 1620 2296 1675 2347; x_wconf 85' lang='grc' dir='ltr'>ὲν</span> 
     </span>
    </p>
   </div>
   <div class='ocr_carea' id='block_1_40' title="bbox 87 2376 1673 2457">
    <p class='ocr_par' dir='ltr' id='par_1_40' title="bbox 87 2376 1673 2457">
     <span class='ocr_line' id='line_1_40' title="bbox 87 2376 1673 2457; baseline 0.008 -30"><span class='ocrx_word' id='word_1_309' title='bbox 87 2376 359 2446; x_wconf 81' lang='grc' dir='ltr'>ιῐνεύματι</span> <span class='ocrx_word' id='word_1_310' title='bbox 410 2379 599 2449; x_wconf 83' lang='grc' dir='ltr'>ἀγίῳ·</span> <span class='ocrx_word' id='word_1_311' title='bbox 650 2382 808 2450; x_wconf 78' lang='grc' dir='ltr'>κάγὼ</span> <span class='ocrx_word' id='word_1_312' title='bbox 857 2382 1077 2453; x_wconf 79' lang='grc' dir='ltr'>ἑώρακα</span> <span class='ocrx_word' id='word_1_313' title='bbox 1124 2385 1219 2437; x_wconf 77' lang='grc' dir='ltr'>καὶ</span> <span class='ocrx_word' id='word_1_314' title='bbox 1248 2386 1673 2457; x_wconf 77' lang='grc' dir='ltr'>μεμαρτύρηκα,</span> 
     </span>
    </p>
   </div>
   <div class='ocr_carea' id='block_1_41' title="bbox 88 2464 1678 2547">
    <p class='ocr_par' dir='ltr' id='par_1_41' title="bbox 88 2464 1678 2547">
     <span class='ocr_line' id='line_1_41' title="bbox 88 2464 1678 2547; baseline 0.008 -28"><span class='ocrx_word' id='word_1_315' title='bbox 88 2470 155 2520; x_wconf 69' lang='grc' dir='ltr'>ὅτι</span> <span class='ocrx_word' id='word_1_316' title='bbox 188 2464 348 2533; x_wconf 74' lang='grc' dir='ltr'>οὗτός</span> <span class='ocrx_word' id='word_1_317' title='bbox 379 2472 542 2523; x_wconf 78' lang='grc' dir='ltr'>ἐστιν</span> <span class='ocrx_word' id='word_1_318' title='bbox 567 2473 598 2523; x_wconf 87' lang='lat'><strong>6</strong></span> <span class='ocrx_word' id='word_1_319' title='bbox 630 2473 757 2536; x_wconf 78' lang='grc' dir='ltr'>Υἱὸς</span> <span class='ocrx_word' id='word_1_320' title='bbox 782 2473 880 2527; x_wconf 89' lang='grc' dir='ltr'><strong>τοῦ</strong></span> <span class='ocrx_word' id='word_1_321' title='bbox 905 2475 1061 2529; x_wconf 89' lang='grc' dir='ltr'>Θεοῦ.</span> <span class='ocrx_word' id='word_1_322' title='bbox 1089 2494 1107 2529; x_wconf 69' lang='grc' dir='ltr'><strong>ι</strong></span> <span class='ocrx_word' id='word_1_323' title='bbox 1138 2478 1236 2546; x_wconf 75' lang='grc' dir='ltr'><strong>Εἴη</strong></span> <span class='ocrx_word' id='word_1_324' title='bbox 1272 2479 1369 2546; x_wconf 81' lang='grc' dir='ltr'><strong>μὲν</strong></span> <span class='ocrx_word' id='word_1_325' title='bbox 1399 2478 1505 2547; x_wconf 78' lang='grc' dir='ltr'><strong>γὰρ</strong></span> <span class='ocrx_word' id='word_1_326' title='bbox 1536 2480 1678 2531; x_wconf 79' lang='grc' dir='ltr'>οίκο-</span> 
     </span>
    </p>
   </div>
   <div class='ocr_carea' id='block_1_42' title="bbox 88 2559 1675 2635">
    <p class='ocr_par' dir='ltr' id='par_1_42' title="bbox 88 2559 1675 2635">
     <span class='ocr_line' id='line_1_42' title="bbox 88 2559 1675 2635; baseline 0.006 -25"><span class='ocrx_word' id='word_1_327' title='bbox 88 2559 314 2627; x_wconf 73' lang='grc' dir='ltr'>·εομικῶς</span> <span class='ocrx_word' id='word_1_328' title='bbox 360 2560 626 2627; x_wconf 84' lang='grc' dir='ltr'>ἀγιάσων</span> <span class='ocrx_word' id='word_1_329' title='bbox 651 2561 745 2613; x_wconf 81' lang='grc' dir='ltr'><strong>τὸν</strong></span> <span class='ocrx_word' id='word_1_330' title='bbox 779 2562 1050 2633; x_wconf 78' lang='grc' dir='ltr'>Ἰορδάνην</span> <span class='ocrx_word' id='word_1_331' title='bbox 1084 2565 1112 2616; x_wconf 92' lang='lat'><strong>6</strong></span> <span class='ocrx_word' id='word_1_332' title='bbox 1138 2566 1342 2634; x_wconf 76' lang='grc' dir='ltr'>Κύριος</span> <span class='ocrx_word' id='word_1_333' title='bbox 1370 2566 1529 2635; x_wconf 80' lang='grc' dir='ltr'>ἡμῶν</span> <span class='ocrx_word' id='word_1_334' title='bbox 1573 2567 1675 2635; x_wconf 80' lang='grc' dir='ltr'><strong>ἰη-</strong></span> 
     </span>
    </p>
   </div>
   <div class='ocr_carea' id='block_1_43' title="bbox 90 2649 1675 2726">
    <p class='ocr_par' dir='ltr' id='par_1_43' title="bbox 90 2649 1675 2726">
     <span class='ocr_line' id='line_1_43' title="bbox 90 2649 1675 2726; baseline 0.008 -27"><span class='ocrx_word' id='word_1_335' title='bbox 90 2649 196 2713; x_wconf 69' lang='grc' dir='ltr'>τοῦς</span> <span class='ocrx_word' id='word_1_336' title='bbox 224 2651 253 2701; x_wconf 89' lang='grc' dir='ltr'><strong>ό</strong></span> <span class='ocrx_word' id='word_1_337' title='bbox 283 2651 541 2722; x_wconf 81' lang='grc' dir='ltr'>Χριστός</span> <span class='ocrx_word' id='word_1_338' title='bbox 562 2667 579 2683; x_wconf 76' lang='grc' dir='ltr'><strong>ο</strong></span> <span class='ocrx_word' id='word_1_339' title='bbox 619 2653 876 2723; x_wconf 78' lang='grc' dir='ltr'>κατηξίου</span> <span class='ocrx_word' id='word_1_340' title='bbox 903 2654 961 2707; x_wconf 83' lang='grc' dir='ltr'><strong>δὲ</strong></span> <span class='ocrx_word' id='word_1_341' title='bbox 992 2656 1086 2709; x_wconf 78' lang='grc' dir='ltr'><strong>σὺν</strong></span> <span class='ocrx_word' id='word_1_342' title='bbox 1133 2659 1265 2726; x_wconf 76' lang='grc' dir='ltr'>ἡμῖν</span> <span class='ocrx_word' id='word_1_343' title='bbox 1298 2656 1675 2725; x_wconf 75' lang='grc' dir='ltr'>βαπτίζεσθαι,</span> 
     </span>
    </p>
   </div>
   <div class='ocr_carea' id='block_1_44' title="bbox 88 2741 1675 2817">
    <p class='ocr_par' dir='ltr' id='par_1_44' title="bbox 88 2741 1675 2817">
     <span class='ocr_line' id='line_1_44' title="bbox 88 2741 1675 2817; baseline 0.005 -24"><span class='ocrx_word' id='word_1_344' title='bbox 88 2741 167 2809; x_wconf 76' lang='grc' dir='ltr'>τῆς</span> <span class='ocrx_word' id='word_1_345' title='bbox 210 2742 362 2795; x_wconf 82' lang='grc' dir='ltr'><strong>κατά</strong></span> <span class='ocrx_word' id='word_1_346' title='bbox 421 2743 614 2811; x_wconf 83' lang='grc' dir='ltr'>σάρκα</span> <span class='ocrx_word' id='word_1_347' title='bbox 646 2744 961 2814; x_wconf 82' lang='grc' dir='ltr'>οἰκονομίας</span> <span class='ocrx_word' id='word_1_348' title='bbox 1004 2746 1065 2799; x_wconf 88' lang='grc' dir='ltr'>τὸ</span> <span class='ocrx_word' id='word_1_349' title='bbox 1109 2749 1412 2817; x_wconf 83' lang='grc' dir='ltr'>μυστήριον</span> <span class='ocrx_word' id='word_1_350' title='bbox 1451 2748 1538 2800; x_wconf 85' lang='grc' dir='ltr'>διὰ</span> <span class='ocrx_word' id='word_1_351' title='bbox 1569 2747 1675 2801; x_wconf 87' lang='grc' dir='ltr'><strong>τῶν</strong></span> 
     </span>
    </p>
   </div>
   <div class='ocr_carea' id='block_1_45' title="bbox 88 2832 1678 2909">
    <p class='ocr_par' dir='ltr' id='par_1_45' title="bbox 88 2832 1678 2909">
     <span class='ocr_line' id='line_1_45' title="bbox 88 2832 1678 2909; baseline 0.007 -27"><span class='ocrx_word' id='word_1_352' title='bbox 88 2834 202 2901; x_wconf 58' lang='lat' dir='ltr'><strong>alti;</strong></span> <span class='ocrx_word' id='word_1_353' title='bbox 236 2832 579 2901; x_wconf 80' lang='grc' dir='ltr'>πρεπόντων</span> <span class='ocrx_word' id='word_1_354' title='bbox 625 2835 996 2906; x_wconf 78' lang='grc' dir='ltr'>διοικούμενος</span> <span class='ocrx_word' id='word_1_355' title='bbox 1024 2838 1418 2907; x_wconf 84' lang='grc' dir='ltr'>τρόπων.Ἔδει</span> <span class='ocrx_word' id='word_1_356' title='bbox 1447 2839 1555 2909; x_wconf 86' lang='grc' dir='ltr'>γὰρ</span> <span class='ocrx_word' id='word_1_357' title='bbox 1585 2839 1678 2893; x_wconf 80' lang='grc' dir='ltr'><strong>ἇν-</strong></span> 
     </span>
    </p>
   </div>
   <div class='ocr_carea' id='block_1_46' title="bbox 87 2922 1675 3001">
    <p class='ocr_par' dir='ltr' id='par_1_46' title="bbox 87 2922 1675 3001">
     <span class='ocr_line' id='line_1_46' title="bbox 87 2922 1675 3001; baseline 0.005 -26"><span class='ocrx_word' id='word_1_358' title='bbox 87 2922 286 2990; x_wconf 63' lang='grc' dir='ltr'>θρωτοον</span> <span class='ocrx_word' id='word_1_359' title='bbox 327 2926 612 2993; x_wconf 79' lang='grc' dir='ltr'>γεγονότα</span> <span class='ocrx_word' id='word_1_360' title='bbox 644 2925 1007 2991; x_wconf 80' lang='grc' dir='ltr'>γινώσκεσθαι</span> <span class='ocrx_word' id='word_1_361' title='bbox 1040 2928 1131 2983; x_wconf 79' lang='grc' dir='ltr'><strong>τὸν</strong></span> <span class='ocrx_word' id='word_1_362' title='bbox 1182 2931 1246 2983; x_wconf 78' lang='grc' dir='ltr'>ἐκ</span> <span class='ocrx_word' id='word_1_363' title='bbox 1285 2929 1422 2983; x_wconf 83' lang='grc' dir='ltr'>Θεοῦ</span> <span class='ocrx_word' id='word_1_364' title='bbox 1465 2931 1675 3001; x_wconf 60' lang='lat' dir='ltr'><strong>Ila/:96;</strong></span> 
     </span>
    </p>
   </div>
   <div class='ocr_carea' id='block_1_47' title="bbox 88 3013 1674 3089">
    <p class='ocr_par' dir='ltr' id='par_1_47' title="bbox 88 3013 1674 3089">
     <span class='ocr_line' id='line_1_47' title="bbox 88 3013 1674 3089; baseline 0.008 -28"><span class='ocrx_word' id='word_1_365' title='bbox 88 3015 237 3081; x_wconf 60' lang='grc' dir='ltr'>λόγον</span> <span class='ocrx_word' id='word_1_366' title='bbox 261 3032 276 3046; x_wconf 89' lang='grc'><strong>·</strong></span> <span class='ocrx_word' id='word_1_367' title='bbox 306 3015 439 3068; x_wconf 81' lang='grc' dir='ltr'><strong>ἀλλ’</strong></span> <span class='ocrx_word' id='word_1_368' title='bbox 467 3013 799 3077; x_wconf 73' lang='grc' dir='ltr'>ἐϐαπτίζετο</span> <span class='ocrx_word' id='word_1_369' title='bbox 829 3017 951 3086; x_wconf 83' lang='grc' dir='ltr'>μὲν,</span> <span class='ocrx_word' id='word_1_370' title='bbox 979 3018 1054 3080; x_wconf 86' lang='grc' dir='ltr'>ὼς</span> <span class='ocrx_word' id='word_1_371' title='bbox 1080 3019 1384 3089; x_wconf 80' lang='grc' dir='ltr'>ἄνθρωπος,</span> <span class='ocrx_word' id='word_1_372' title='bbox 1417 3021 1674 3085; x_wconf 77' lang='grc' dir='ltr'>ὲῦάπτιζε</span> 
     </span>
    </p>
   </div>
   <div class='ocr_carea' id='block_1_48' title="bbox 1780 1918 3344 1991">
    <p class='ocr_par' dir='ltr' id='par_1_48' title="bbox 1780 1918 3344 1991">
     <span class='ocr_line' id='line_1_48' title="bbox 1780 1918 3344 1991; baseline -0.004 -16"><span class='ocrx_word' id='word_1_373' title='bbox 1780 1920 1897 1975; x_wconf 90' lang='lat' dir='ltr'><strong>cula</strong></span> <span class='ocrx_word' id='word_1_374' title='bbox 1919 1921 1985 1975; x_wconf 82' lang='grc'><strong>⁶¹.</strong></span> <span class='ocrx_word' id='word_1_375' title='bbox 2022 1940 2039 1971; x_wconf 72' lang='grc' dir='ltr'><strong>ι</strong></span> <span class='ocrx_word' id='word_1_376' title='bbox 2070 1923 2179 1991; x_wconf 82' lang='lat' dir='ltr'><strong>Age</strong></span> <span class='ocrx_word' id='word_1_377' title='bbox 2207 1922 2390 1989; x_wconf 81' lang='lat' dir='ltr'><strong>igitur,</strong></span> <span class='ocrx_word' id='word_1_378' title='bbox 2417 1935 2575 1976; x_wconf 89' lang='lat' dir='ltr'><strong>voces</strong></span> <span class='ocrx_word' id='word_1_379' title='bbox 2600 1920 2667 1975; x_wconf 90' lang='lat' dir='ltr'><strong>de</strong></span> <span class='ocrx_word' id='word_1_380' title='bbox 2691 1933 2757 1973; x_wconf 92' lang='lat' dir='ltr'><strong>co</strong></span> <span class='ocrx_word' id='word_1_381' title='bbox 2780 1920 2954 1974; x_wconf 88' lang='lat' dir='ltr'><strong>dictas</strong></span> <span class='ocrx_word' id='word_1_382' title='bbox 2980 1918 3344 1986; x_wconf 77' lang='lat' dir='ltr'><strong>exquiramus.</strong></span> 
     </span>
    </p>
   </div>
   <div class='ocr_carea' id='block_1_49' title="bbox 1780 2006 3348 2081">
    <p class='ocr_par' dir='ltr' id='par_1_49' title="bbox 1780 2006 3348 2081">
     <span class='ocr_line' id='line_1_49' title="bbox 1780 2006 3348 2081; baseline -0.004 -17"><span class='ocrx_word' id='word_1_383' title='bbox 1780 2011 1916 2079; x_wconf 85' lang='lat' dir='ltr'><strong>Quid</strong></span> <span class='ocrx_word' id='word_1_384' title='bbox 1948 2026 2079 2079; x_wconf 82' lang='lat' dir='ltr'><strong>ergo</strong></span> <span class='ocrx_word' id='word_1_385' title='bbox 2108 2012 2184 2066; x_wconf 88' lang='lat' dir='ltr'><strong>ait</strong></span> <span class='ocrx_word' id='word_1_386' title='bbox 2210 2008 2573 2081; x_wconf 72' lang='lat' dir='ltr'><strong>evangelista?</strong></span> <span class='ocrx_word' id='word_1_387' title='bbox 2607 2028 2625 2061; x_wconf 74' lang='grc' dir='ltr'><strong>ι</strong></span> <span class='ocrx_word' id='word_1_388' title='bbox 2666 2007 2732 2062; x_wconf 85' lang='grc' dir='ltr'>Ει</span> <span class='ocrx_word' id='word_1_389' title='bbox 2764 2007 3132 2063; x_wconf 89' lang='lat' dir='ltr'><strong>testimonium</strong></span> <span class='ocrx_word' id='word_1_390' title='bbox 3166 2006 3348 2075; x_wconf 80' lang='lat' dir='ltr'><strong>perhi-</strong></span> 
     </span>
    </p>
   </div>
   <div class='ocr_carea' id='block_1_50' title="bbox 1780 2096 3350 2169">
    <p class='ocr_par' dir='ltr' id='par_1_50' title="bbox 1780 2096 3350 2169">
     <span class='ocr_line' id='line_1_50' title="bbox 1780 2096 3350 2169; baseline -0.005 -11"><span class='ocrx_word' id='word_1_391' title='bbox 1780 2105 1892 2159; x_wconf 87' lang='lat' dir='ltr'><strong>buit</strong></span> <span class='ocrx_word' id='word_1_392' title='bbox 1921 2106 2173 2169; x_wconf 82' lang='lat' dir='ltr'><strong>Joannes,</strong></span> <span class='ocrx_word' id='word_1_393' title='bbox 2223 2104 2443 2168; x_wconf 87' lang='lat' dir='ltr'><strong>dicens,</strong></span> <span class='ocrx_word' id='word_1_394' title='bbox 2493 2119 2512 2153; x_wconf 76' lang='grc' dir='ltr'><strong>ι</strong></span> <span class='ocrx_word' id='word_1_395' title='bbox 2546 2098 2666 2156; x_wconf 83' lang='lat' dir='ltr'><strong>Vidi</strong></span> <span class='ocrx_word' id='word_1_396' title='bbox 2710 2099 2970 2168; x_wconf 89' lang='lat' dir='ltr'><strong>Spiritum</strong></span> <span class='ocrx_word' id='word_1_397' title='bbox 3019 2096 3350 2152; x_wconf 89' lang='lat' dir='ltr'><strong>descenden-</strong></span> 
     </span>
    </p>
   </div>
   <div class='ocr_carea' id='block_1_51' title="bbox 1782 2192 3349 2257">
    <p class='ocr_par' dir='ltr' id='par_1_51' title="bbox 1782 2192 3349 2257">
     <span class='ocr_line' id='line_1_51' title="bbox 1782 2192 3349 2257; baseline -0.004 -10"><span class='ocrx_word' id='word_1_398' title='bbox 1782 2204 1886 2249; x_wconf 89' lang='lat' dir='ltr'><strong>tem</strong></span> <span class='ocrx_word' id='word_1_399' title='bbox 1935 2196 2074 2250; x_wconf 88' lang='lat' dir='ltr'><strong>sicut</strong></span> <span class='ocrx_word' id='word_1_400' title='bbox 2119 2195 2422 2251; x_wconf 86' lang='lat' dir='ltr'><strong>columbam</strong></span> <span class='ocrx_word' id='word_1_401' title='bbox 2471 2208 2502 2249; x_wconf 91' lang='lat' dir='ltr'><strong>e</strong></span> <span class='ocrx_word' id='word_1_402' title='bbox 2545 2192 2703 2257; x_wconf 81' lang='lat' dir='ltr'><strong>etelo,</strong></span> <span class='ocrx_word' id='word_1_403' title='bbox 2750 2200 2806 2245; x_wconf 93' lang='lat' dir='ltr'><strong>et</strong></span> <span class='ocrx_word' id='word_1_404' title='bbox 2847 2196 3153 2243; x_wconf 89' lang='lat' dir='ltr'><strong>manentem</strong></span> <span class='ocrx_word' id='word_1_405' title='bbox 3186 2199 3349 2257; x_wconf 89' lang='lat' dir='ltr'><strong>super</strong></span> 
     </span>
    </p>
   </div>
   <div class='ocr_carea' id='block_1_52' title="bbox 1778 2284 3351 2356">
    <p class='ocr_par' dir='ltr' id='par_1_52' title="bbox 1778 2284 3351 2356">
     <span class='ocr_line' id='line_1_52' title="bbox 1778 2284 3351 2356; baseline -0.01 -11"><span class='ocrx_word' id='word_1_406' title='bbox 1778 2302 1900 2345; x_wconf 91' lang='lat' dir='ltr'><strong>eum</strong></span> <span class='ocrx_word' id='word_1_407' title='bbox 1933 2306 1945 2343; x_wconf 95' lang='lat'>:</span> <span class='ocrx_word' id='word_1_408' title='bbox 1978 2288 2067 2342; x_wconf 87' lang='lat' dir='ltr'><strong>hic</strong></span> <span class='ocrx_word' id='word_1_409' title='bbox 2096 2296 2179 2343; x_wconf 90' lang='lat' dir='ltr'><strong>est</strong></span> <span class='ocrx_word' id='word_1_410' title='bbox 2205 2287 2298 2356; x_wconf 87' lang='lat' dir='ltr'><strong>qui</strong></span> <span class='ocrx_word' id='word_1_411' title='bbox 2329 2286 2570 2355; x_wconf 83' lang='lat' dir='ltr'><strong>baptizat</strong></span> <span class='ocrx_word' id='word_1_412' title='bbox 2600 2286 2652 2340; x_wconf 88' lang='lat' dir='ltr'><strong>in</strong></span> <span class='ocrx_word' id='word_1_413' title='bbox 2687 2284 2891 2353; x_wconf 84' lang='lat' dir='ltr'><strong>Spiritu</strong></span> <span class='ocrx_word' id='word_1_414' title='bbox 2924 2288 3143 2345; x_wconf 85' lang='lat' dir='ltr'><strong>sancto;</strong></span> <span class='ocrx_word' id='word_1_415' title='bbox 3173 2289 3225 2332; x_wconf 90' lang='lat' dir='ltr'><strong>et</strong></span> <span class='ocrx_word' id='word_1_416' title='bbox 3250 2292 3351 2348; x_wconf 92' lang='lat' dir='ltr'><strong>ego</strong></span> 
     </span>
    </p>
   </div>
   <div class='ocr_carea' id='block_1_53' title="bbox 1781 2367 3355 2446">
    <p class='ocr_par' dir='ltr' id='par_1_53' title="bbox 1781 2367 3355 2446">
     <span class='ocr_line' id='line_1_53' title="bbox 1781 2367 3355 2446; baseline -0.006 -15"><span class='ocrx_word' id='word_1_417' title='bbox 1781 2381 1908 2443; x_wconf 88' lang='lat' dir='ltr'><strong>vidi,</strong></span> <span class='ocrx_word' id='word_1_418' title='bbox 1949 2389 2003 2433; x_wconf 91' lang='lat' dir='ltr'><strong>et</strong></span> <span class='ocrx_word' id='word_1_419' title='bbox 2043 2379 2409 2433; x_wconf 88' lang='lat' dir='ltr'><strong>testimonium</strong></span> <span class='ocrx_word' id='word_1_420' title='bbox 2452 2376 2723 2446; x_wconf 87' lang='lat' dir='ltr'><strong>perhibui,</strong></span> <span class='ocrx_word' id='word_1_421' title='bbox 2766 2377 2892 2444; x_wconf 84' lang='lat' dir='ltr'><strong>quia</strong></span> <span class='ocrx_word' id='word_1_422' title='bbox 2935 2372 3022 2426; x_wconf 85' lang='lat' dir='ltr'><strong>hic</strong></span> <span class='ocrx_word' id='word_1_423' title='bbox 3061 2379 3145 2425; x_wconf 91' lang='lat' dir='ltr'><strong>est</strong></span> <span class='ocrx_word' id='word_1_424' title='bbox 3184 2367 3355 2423; x_wconf 80' lang='lat' dir='ltr'><strong>Filius</strong></span> 
     </span>
    </p>
   </div>
   <div class='ocr_carea' id='block_1_54' title="bbox 1780 2461 3350 2537">
    <p class='ocr_par' dir='ltr' id='par_1_54' title="bbox 1780 2461 3350 2537">
     <span class='ocr_line' id='line_1_54' title="bbox 1780 2461 3350 2537; baseline -0.009 -11"><span class='ocrx_word' id='word_1_425' title='bbox 1780 2472 1871 2526; x_wconf 88' lang='lat' dir='ltr'><strong>Dei</strong></span> <span class='ocrx_word' id='word_1_426' title='bbox 1896 2472 1960 2526; x_wconf 78' lang='lat'><strong>&quot;.</strong></span> <span class='ocrx_word' id='word_1_427' title='bbox 2011 2490 2029 2522; x_wconf 70' lang='grc' dir='ltr'><strong>ι</strong></span> <span class='ocrx_word' id='word_1_428' title='bbox 2074 2470 2191 2525; x_wconf 86' lang='lat' dir='ltr'><strong>Ibat</strong></span> <span class='ocrx_word' id='word_1_429' title='bbox 2228 2471 2370 2525; x_wconf 89' lang='lat' dir='ltr'><strong>enim</strong></span> <span class='ocrx_word' id='word_1_430' title='bbox 2411 2467 2801 2537; x_wconf 89' lang='lat' dir='ltr'><strong>dispensatoria</strong></span> <span class='ocrx_word' id='word_1_431' title='bbox 2846 2464 3053 2518; x_wconf 87' lang='lat' dir='ltr'><strong>ratione</strong></span> <span class='ocrx_word' id='word_1_432' title='bbox 3091 2461 3350 2516; x_wconf 87' lang='lat' dir='ltr'><strong>Dominus</strong></span> 
     </span>
    </p>
   </div>
   <div class='ocr_carea' id='block_1_55' title="bbox 1779 2549 3350 2614">
    <p class='ocr_par' dir='ltr' id='par_1_55' title="bbox 1779 2549 3350 2614">
     <span class='ocr_line' id='line_1_55' title="bbox 1779 2549 3350 2614; baseline -0.008 0"><span class='ocrx_word' id='word_1_433' title='bbox 1779 2568 1962 2614; x_wconf 81' lang='lat' dir='ltr'><strong>nnster</strong></span> <span class='ocrx_word' id='word_1_434' title='bbox 1989 2558 2147 2614; x_wconf 67' lang='lat' dir='ltr'><strong>Iesus</strong></span> <span class='ocrx_word' id='word_1_435' title='bbox 2172 2559 2422 2613; x_wconf 87' lang='lat' dir='ltr'><strong>Christus</strong></span> <span class='ocrx_word' id='word_1_436' title='bbox 2453 2566 2510 2612; x_wconf 88' lang='lat' dir='ltr'><strong>ut</strong></span> <span class='ocrx_word' id='word_1_437' title='bbox 2537 2556 2825 2612; x_wconf 84' lang='lat' dir='ltr'><strong>Jordanem</strong></span> <span class='ocrx_word' id='word_1_438' title='bbox 2859 2551 3244 2614; x_wconf 82' lang='lat' dir='ltr'><strong>sanetiiicaret,</strong></span> <span class='ocrx_word' id='word_1_439' title='bbox 3270 2549 3350 2604; x_wconf 88' lang='lat' dir='ltr'><strong>di-</strong></span> 
     </span>
    </p>
   </div>
   <div class='ocr_carea' id='block_1_56' title="bbox 1779 2640 3347 2722">
    <p class='ocr_par' dir='ltr' id='par_1_56' title="bbox 1779 2640 3347 2722">
     <span class='ocr_line' id='line_1_56' title="bbox 1779 2640 3347 2722; baseline -0.007 -19"><span class='ocrx_word' id='word_1_440' title='bbox 1779 2661 2079 2722; x_wconf 80' lang='lat' dir='ltr'><strong>gnatusque</strong></span> <span class='ocrx_word' id='word_1_441' title='bbox 2106 2659 2187 2705; x_wconf 87' lang='lat' dir='ltr'><strong>est</strong></span> <span class='ocrx_word' id='word_1_442' title='bbox 2214 2649 2477 2719; x_wconf 88' lang='lat' dir='ltr'><strong>baptizari</strong></span> <span class='ocrx_word' id='word_1_443' title='bbox 2508 2648 2811 2711; x_wconf 88' lang='lat' dir='ltr'><strong>nobiseum,</strong></span> <span class='ocrx_word' id='word_1_444' title='bbox 2843 2654 2901 2699; x_wconf 90' lang='lat' dir='ltr'><strong>ut</strong></span> <span class='ocrx_word' id='word_1_445' title='bbox 2932 2642 3249 2713; x_wconf 83' lang='lat' dir='ltr'><strong>mysterium</strong></span> <span class='ocrx_word' id='word_1_446' title='bbox 3284 2640 3347 2693; x_wconf 87' lang='lat' dir='ltr'><strong>il—</strong></span> 
     </span>
    </p>
   </div>
   <div class='ocr_carea' id='block_1_57' title="bbox 1780 2734 3347 2809">
    <p class='ocr_par' dir='ltr' id='par_1_57' title="bbox 1780 2734 3347 2809">
     <span class='ocr_line' id='line_1_57' title="bbox 1780 2734 3347 2809; baseline -0.006 -14"><span class='ocrx_word' id='word_1_447' title='bbox 1780 2744 1882 2799; x_wconf 90' lang='lat' dir='ltr'><strong>lius</strong></span> <span class='ocrx_word' id='word_1_448' title='bbox 1908 2744 2201 2799; x_wconf 87' lang='lat' dir='ltr'><strong>secundum</strong></span> <span class='ocrx_word' id='word_1_449' title='bbox 2227 2756 2447 2797; x_wconf 88' lang='lat' dir='ltr'><strong>carnem</strong></span> <span class='ocrx_word' id='word_1_450' title='bbox 2475 2738 2894 2809; x_wconf 86' lang='lat' dir='ltr'><strong>dispensationis</strong></span> <span class='ocrx_word' id='word_1_451' title='bbox 2922 2735 3093 2793; x_wconf 89' lang='lat' dir='ltr'><strong>modis</strong></span> <span class='ocrx_word' id='word_1_452' title='bbox 3121 2734 3192 2789; x_wconf 91' lang='lat' dir='ltr'><strong>illi</strong></span> <span class='ocrx_word' id='word_1_453' title='bbox 3222 2748 3347 2788; x_wconf 90' lang='lat' dir='ltr'><strong>con-</strong></span> 
     </span>
    </p>
   </div>
   <div class='ocr_carea' id='block_1_58' title="bbox 1780 2825 3349 2902">
    <p class='ocr_par' dir='ltr' id='par_1_58' title="bbox 1780 2825 3349 2902">
     <span class='ocr_line' id='line_1_58' title="bbox 1780 2825 3349 2902; baseline -0.008 -13"><span class='ocrx_word' id='word_1_454' title='bbox 1780 2835 2120 2891; x_wconf 77' lang='lat' dir='ltr'><strong>venientibus</strong></span> <span class='ocrx_word' id='word_1_455' title='bbox 2155 2841 2545 2902; x_wconf 78' lang='lat' dir='ltr'><strong>exsequeretur</strong></span> <span class='ocrx_word' id='word_1_456' title='bbox 2584 2850 2597 2885; x_wconf 90' lang='lat'><strong>:</strong></span> <span class='ocrx_word' id='word_1_457' title='bbox 2633 2831 2916 2901; x_wconf 85' lang='lat' dir='ltr'><strong>oportebat</strong></span> <span class='ocrx_word' id='word_1_458' title='bbox 2951 2828 3093 2883; x_wconf 89' lang='lat' dir='ltr'><strong>enim</strong></span> <span class='ocrx_word' id='word_1_459' title='bbox 3132 2835 3188 2879; x_wconf 92' lang='lat' dir='ltr'><strong>ut</strong></span> <span class='ocrx_word' id='word_1_460' title='bbox 3222 2825 3349 2879; x_wconf 88' lang='lat' dir='ltr'><strong>illud</strong></span> 
     </span>
    </p>
   </div>
   <div class='ocr_carea' id='block_1_59' title="bbox 1778 2918 3346 2987">
    <p class='ocr_par' dir='ltr' id='par_1_59' title="bbox 1778 2918 3346 2987">
     <span class='ocr_line' id='line_1_59' title="bbox 1778 2918 3346 2987; baseline -0.008 -4"><span class='ocrx_word' id='word_1_461' title='bbox 1778 2942 1844 2983; x_wconf 80' lang='lat' dir='ltr'><strong>ex</strong></span> <span class='ocrx_word' id='word_1_462' title='bbox 1879 2926 1988 2982; x_wconf 90' lang='lat' dir='ltr'><strong>Deo</strong></span> <span class='ocrx_word' id='word_1_463' title='bbox 2020 2925 2181 2981; x_wconf 89' lang='lat' dir='ltr'><strong>Patre</strong></span> <span class='ocrx_word' id='word_1_464' title='bbox 2209 2925 2443 2980; x_wconf 80' lang='lat' dir='ltr'><strong>Verbum</strong></span> <span class='ocrx_word' id='word_1_465' title='bbox 2480 2923 2753 2977; x_wconf 89' lang='lat' dir='ltr'><strong>hominem</strong></span> <span class='ocrx_word' id='word_1_466' title='bbox 2788 2934 2908 2976; x_wconf 91' lang='lat' dir='ltr'><strong>esse</strong></span> <span class='ocrx_word' id='word_1_467' title='bbox 2945 2918 3141 2973; x_wconf 77' lang='lat' dir='ltr'><strong>factum</strong></span> <span class='ocrx_word' id='word_1_468' title='bbox 3180 2931 3346 2987; x_wconf 82' lang='lat' dir='ltr'><strong>agno-</strong></span> 
     </span>
    </p>
   </div>
   <div class='ocr_carea' id='block_1_60' title="bbox 1780 3008 3345 3083">
    <p class='ocr_par' dir='ltr' id='par_1_60' title="bbox 1780 3008 3345 3083">
     <span class='ocr_line' id='line_1_60' title="bbox 1780 3008 3345 3083; baseline -0.008 -9"><span class='ocrx_word' id='word_1_469' title='bbox 1780 3029 2026 3074; x_wconf 89' lang='lat' dir='ltr'><strong>sceretur</strong></span> <span class='ocrx_word' id='word_1_470' title='bbox 2054 3036 2068 3072; x_wconf 89' lang='lat'>:</span> <span class='ocrx_word' id='word_1_471' title='bbox 2099 3017 2190 3071; x_wconf 91' lang='lat' dir='ltr'><strong>sed</strong></span> <span class='ocrx_word' id='word_1_472' title='bbox 2220 3016 2596 3083; x_wconf 86' lang='lat' dir='ltr'><strong>baptizabatur</strong></span> <span class='ocrx_word' id='word_1_473' title='bbox 2623 3013 2839 3081; x_wconf 88' lang='lat' dir='ltr'><strong>quidem</strong></span> <span class='ocrx_word' id='word_1_474' title='bbox 2871 3019 2928 3065; x_wconf 90' lang='lat' dir='ltr'><strong>ut</strong></span> <span class='ocrx_word' id='word_1_475' title='bbox 2959 3010 3141 3073; x_wconf 92' lang='lat' dir='ltr'><strong>homo,</strong></span> <span class='ocrx_word' id='word_1_476' title='bbox 3172 3008 3345 3077; x_wconf 50' lang='lat' dir='ltr'><strong>bapti-</strong></span> 
     </span>
    </p>
   </div>
   <div class='ocr_carea' id='block_1_61' title="bbox 88 3100 1675 3193">
    <p class='ocr_par' dir='ltr' id='par_1_61' title="bbox 88 3104 1673 3181">
     <span class='ocr_line' id='line_1_61' title="bbox 88 3104 1673 3181; baseline 0.005 -26"><span class='ocrx_word' id='word_1_477' title='bbox 159 3106 359 3169; x_wconf 83' lang='grc' dir='ltr'>θεῖκῶς</span> <span class='ocrx_word' id='word_1_478' title='bbox 393 3108 459 3160; x_wconf 81' lang='grc' dir='ltr'>ὲν</span> <span class='ocrx_word' id='word_1_479' title='bbox 490 3107 638 3177; x_wconf 80' lang='grc' dir='ltr'>ἁγίῳ</span> <span class='ocrx_word' id='word_1_480' title='bbox 669 3106 968 3177; x_wconf 80' lang='grc' dir='ltr'>Πνεύματι.</span> <span class='ocrx_word' id='word_1_481' title='bbox 1012 3109 1121 3162; x_wconf 76' lang='grc' dir='ltr'>Καὶ</span> <span class='ocrx_word' id='word_1_482' title='bbox 1149 3108 1209 3161; x_wconf 77' lang='grc' dir='ltr'><strong>οὺ</strong></span> <span class='ocrx_word' id='word_1_483' title='bbox 1239 3110 1302 3179; x_wconf 83' lang='grc' dir='ltr'><strong>δή</strong></span> <span class='ocrx_word' id='word_1_484' title='bbox 1340 3109 1441 3162; x_wconf 87' lang='grc' dir='ltr'><strong>πού</strong></span> <span class='ocrx_word' id='word_1_485' title='bbox 1478 3127 1673 3181; x_wconf 83' lang='grc' dir='ltr'>φαμεν,</span> 
     </span>
    </p>
   </div>
   <div class='ocr_carea' id='block_1_62' title="bbox 1780 3100 3350 3193">
    <p class='ocr_par' dir='ltr' id='par_1_62' title="bbox 1783 3100 3350 3173">
     <span class='ocr_line' id='line_1_62' title="bbox 1783 3100 3350 3173; baseline -0.006 -10"><span class='ocrx_word' id='word_1_486' title='bbox 1783 3110 1939 3165; x_wconf 84' lang='lat' dir='ltr'><strong>zabat</strong></span> <span class='ocrx_word' id='word_1_487' title='bbox 1969 3119 2144 3165; x_wconf 90' lang='lat' dir='ltr'><strong>autem</strong></span> <span class='ocrx_word' id='word_1_488' title='bbox 2178 3118 2239 3163; x_wconf 91' lang='lat' dir='ltr'><strong>ut</strong></span> <span class='ocrx_word' id='word_1_489' title='bbox 2270 3106 2411 3161; x_wconf 88' lang='lat' dir='ltr'><strong>Deus</strong></span> <span class='ocrx_word' id='word_1_490' title='bbox 2445 3106 2498 3159; x_wconf 90' lang='lat' dir='ltr'><strong>in</strong></span> <span class='ocrx_word' id='word_1_491' title='bbox 2532 3104 2737 3173; x_wconf 87' lang='lat' dir='ltr'><strong>Spiritu</strong></span> <span class='ocrx_word' id='word_1_492' title='bbox 2772 3114 2982 3158; x_wconf 86' lang='lat' dir='ltr'><strong>sancto.</strong></span> <span class='ocrx_word' id='word_1_493' title='bbox 3014 3100 3196 3169; x_wconf 77' lang='lat' dir='ltr'><strong>Neque</strong></span> <span class='ocrx_word' id='word_1_494' title='bbox 3224 3115 3350 3154; x_wconf 88' lang='lat' dir='ltr'><strong>vero</strong></span> 
     </span>
    </p>
   </div>
   <div class='ocr_carea' id='block_1_63' title="bbox 92 3195 1678 3269">
    <p class='ocr_par' dir='ltr' id='par_1_63' title="bbox 92 3195 1678 3269">
     <span class='ocr_line' id='line_1_63' title="bbox 92 3195 1678 3269; baseline 0.005 -23"><span class='ocrx_word' id='word_1_495' title='bbox 92 3196 111 3259; x_wconf 70' lang='grc' dir='ltr'>ἦ</span> <span class='ocrx_word' id='word_1_496' title='bbox 140 3195 531 3267; x_wconf 76' lang='grc' dir='ltr'>ύπουργικῶς,</span> <span class='ocrx_word' id='word_1_497' title='bbox 568 3196 601 3265; x_wconf 82' lang='grc' dir='ltr'>ἦ</span> <span class='ocrx_word' id='word_1_498' title='bbox 627 3196 702 3261; x_wconf 83' lang='grc' dir='ltr'>ὡς</span> <span class='ocrx_word' id='word_1_499' title='bbox 736 3197 867 3269; x_wconf 81' lang='grc' dir='ltr'>παρ’</span> <span class='ocrx_word' id='word_1_500' title='bbox 893 3198 1081 3269; x_wconf 76' lang='grc' dir='ltr'>ἐτέρου</span> <span class='ocrx_word' id='word_1_501' title='bbox 1110 3199 1255 3262; x_wconf 86' lang='grc' dir='ltr'>τινὸς</span> <span class='ocrx_word' id='word_1_502' title='bbox 1286 3201 1399 3263; x_wconf 82' lang='grc' dir='ltr'>τοῖς</span> <span class='ocrx_word' id='word_1_503' title='bbox 1429 3200 1678 3269; x_wconf 76' lang='grc' dir='ltr'>βαπτιζο-</span> 
     </span>
    </p>
   </div>
   <div class='ocr_carea' id='block_1_64' title="bbox 90 3286 1671 3360">
    <p class='ocr_par' dir='ltr' id='par_1_64' title="bbox 90 3286 1671 3360">
     <span class='ocr_line' id='line_1_64' title="bbox 90 3286 1671 3360; baseline 0.004 -23"><span class='ocrx_word' id='word_1_504' title='bbox 90 3290 252 3351; x_wconf 60' lang='grc' dir='ltr'>μένοις</span> <span class='ocrx_word' id='word_1_505' title='bbox 286 3287 394 3357; x_wconf 78' lang='grc' dir='ltr'>τὴν</span> <span class='ocrx_word' id='word_1_506' title='bbox 427 3286 529 3339; x_wconf 87' lang='grc' dir='ltr'><strong>τοῦ</strong></span> <span class='ocrx_word' id='word_1_507' title='bbox 566 3286 725 3354; x_wconf 87' lang='grc' dir='ltr'>ἁγίου</span> <span class='ocrx_word' id='word_1_508' title='bbox 750 3286 1063 3358; x_wconf 82' lang='grc' dir='ltr'>[ῐνεύματος</span> <span class='ocrx_word' id='word_1_509' title='bbox 1090 3288 1391 3359; x_wconf 78' lang='grc' dir='ltr'>διηκονεῖτο</span> <span class='ocrx_word' id='word_1_510' title='bbox 1420 3290 1637 3360; x_wconf 80' lang='grc' dir='ltr'>μέθεξιν</span> <span class='ocrx_word' id='word_1_511' title='bbox 1660 3307 1671 3320; x_wconf 90' lang='grc'>·</span> 
     </span>
    </p>
   </div>
   <div class='ocr_carea' id='block_1_65' title="bbox 86 3375 1675 3448">
    <p class='ocr_par' dir='ltr' id='par_1_65' title="bbox 86 3375 1675 3448">
     <span class='ocr_line' id='line_1_65' title="bbox 86 3375 1675 3448; baseline 0.006 -24"><span class='ocrx_word' id='word_1_512' title='bbox 86 3375 317 3428; x_wconf 66' lang='grc' dir='ltr'>ἀπετέλει</span> <span class='ocrx_word' id='word_1_513' title='bbox 348 3376 412 3428; x_wconf 79' lang='grc' dir='ltr'><strong>δὲ</strong></span> <span class='ocrx_word' id='word_1_514' title='bbox 454 3376 665 3443; x_wconf 80' lang='grc' dir='ltr'>μᾶλλον</span> <span class='ocrx_word' id='word_1_515' title='bbox 707 3379 1097 3447; x_wconf 78' lang='grc' dir='ltr'>ἡγιασμένους,</span> <span class='ocrx_word' id='word_1_516' title='bbox 1126 3379 1202 3443; x_wconf 84' lang='grc' dir='ltr'><strong>ὡς</strong></span> <span class='ocrx_word' id='word_1_517' title='bbox 1232 3378 1394 3448; x_wconf 84' lang='grc' dir='ltr'>φύσει</span> <span class='ocrx_word' id='word_1_518' title='bbox 1423 3381 1557 3443; x_wconf 85' lang='grc' dir='ltr'>Θεὸς</span> <span class='ocrx_word' id='word_1_519' title='bbox 1589 3383 1675 3433; x_wconf 80' lang='grc' dir='ltr'><strong>ὲν-</strong></span> 
     </span>
    </p>
   </div>
   <div class='ocr_carea' id='block_1_66' title="bbox 88 3465 1675 3541">
    <p class='ocr_par' dir='ltr' id='par_1_66' title="bbox 88 3465 1675 3541">
     <span class='ocr_line' id='line_1_66' title="bbox 88 3465 1675 3541; baseline 0.005 -24"><span class='ocrx_word' id='word_1_520' title='bbox 88 3465 172 3530; x_wconf 76' lang='grc' dir='ltr'>ιεὶς</span> <span class='ocrx_word' id='word_1_521' title='bbox 200 3466 373 3530; x_wconf 79' lang='grc' dir='ltr'>αὐτὸς</span> <span class='ocrx_word' id='word_1_522' title='bbox 399 3465 470 3530; x_wconf 74' lang='grc' dir='ltr'>ἐξ</span> <span class='ocrx_word' id='word_1_523' title='bbox 502 3466 641 3519; x_wconf 82' lang='grc' dir='ltr'>ἰδίου</span> <span class='ocrx_word' id='word_1_524' title='bbox 674 3467 1062 3539; x_wconf 82' lang='grc' dir='ltr'>πληρώματος.</span> <span class='ocrx_word' id='word_1_525' title='bbox 1102 3470 1224 3533; x_wconf 87' lang='grc' dir='ltr'>Πῶς</span> <span class='ocrx_word' id='word_1_526' title='bbox 1256 3466 1350 3523; x_wconf 83' lang='grc' dir='ltr'><strong>οῦν</strong></span> <span class='ocrx_word' id='word_1_527' title='bbox 1380 3472 1675 3541; x_wconf 79' lang='grc' dir='ltr'>ἀφειδήσας</span> 
     </span>
    </p>
   </div>
   <div class='ocr_carea' id='block_1_67' title="bbox 86 3557 1675 3631">
    <p class='ocr_par' dir='ltr' id='par_1_67' title="bbox 86 3557 1675 3631">
     <span class='ocr_line' id='line_1_67' title="bbox 86 3557 1675 3631; baseline 0.006 -25"><span class='ocrx_word' id='word_1_528' title='bbox 86 3558 176 3609; x_wconf 82' lang='grc' dir='ltr'><strong>τῶν</strong></span> <span class='ocrx_word' id='word_1_529' title='bbox 212 3559 293 3623; x_wconf 88' lang='grc' dir='ltr'><strong>εἰς</strong></span> <span class='ocrx_word' id='word_1_530' title='bbox 345 3557 639 3630; x_wconf 79' lang='grc' dir='ltr'>ὀρθότητα</span> <span class='ocrx_word' id='word_1_531' title='bbox 686 3558 885 3628; x_wconf 87' lang='grc' dir='ltr'>λόγων,</span> <span class='ocrx_word' id='word_1_532' title='bbox 916 3561 1011 3614; x_wconf 78' lang='grc' dir='ltr'>καὶ</span> <span class='ocrx_word' id='word_1_533' title='bbox 1056 3562 1160 3631; x_wconf 86' lang='grc' dir='ltr'><strong>μέν</strong></span> <span class='ocrx_word' id='word_1_534' title='bbox 1191 3578 1273 3615; x_wconf 91' lang='grc' dir='ltr'><strong>τοι</strong></span> <span class='ocrx_word' id='word_1_535' title='bbox 1308 3562 1401 3615; x_wconf 81' lang='grc' dir='ltr'>καὶ</span> <span class='ocrx_word' id='word_1_536' title='bbox 1434 3562 1675 3627; x_wconf 80' lang='grc' dir='ltr'>ἐννοιῶν,</span> 
     </span>
    </p>
   </div>
   <div class='ocr_carea' id='block_1_68' title="bbox 89 3649 1675 3724">
    <p class='ocr_par' dir='ltr' id='par_1_68' title="bbox 89 3649 1675 3724">
     <span class='ocr_line' id='line_1_68' title="bbox 89 3649 1675 3724; baseline 0.005 -26"><span class='ocrx_word' id='word_1_537' title='bbox 89 3651 411 3720; x_wconf 70' lang='grc' dir='ltr'>ὲ-ιηργῆσθαι</span> <span class='ocrx_word' id='word_1_538' title='bbox 446 3649 561 3722; x_wconf 77' lang='grc' dir='ltr'><strong>φὴς</strong></span> <span class='ocrx_word' id='word_1_539' title='bbox 594 3650 655 3703; x_wconf 84' lang='grc' dir='ltr'>ὲν</span> <span class='ocrx_word' id='word_1_540' title='bbox 677 3650 949 3722; x_wconf 83' lang='grc' dir='ltr'>ἀνθρώπῳ</span> <span class='ocrx_word' id='word_1_541' title='bbox 975 3652 1074 3723; x_wconf 80' lang='grc' dir='ltr'>τὴν</span> <span class='ocrx_word' id='word_1_542' title='bbox 1098 3652 1373 3724; x_wconf 74' lang='grc' dir='ltr'>ἐνοίκησιν</span> <span class='ocrx_word' id='word_1_543' title='bbox 1404 3653 1556 3724; x_wconf 72' lang='grc' dir='ltr'>παρὰ</span> <span class='ocrx_word' id='word_1_544' title='bbox 1584 3653 1675 3706; x_wconf 88' lang='grc' dir='ltr'><strong>τοῦ</strong></span> 
     </span>
    </p>
   </div>
   <div class='ocr_carea' id='block_1_69' title="bbox 88 3734 1675 3810">
    <p class='ocr_par' dir='ltr' id='par_1_69' title="bbox 88 3734 1675 3810">
     <span class='ocr_line' id='line_1_69' title="bbox 88 3734 1675 3810; baseline 0.008 -26"><span class='ocrx_word' id='word_1_545' title='bbox 88 3734 204 3789; x_wconf 69' lang='grc' dir='ltr'>θεοῦ</span> <span class='ocrx_word' id='word_1_546' title='bbox 231 3736 459 3805; x_wconf 73' lang='grc' dir='ltr'>Λόγους</span> <span class='ocrx_word' id='word_1_547' title='bbox 499 3738 683 3790; x_wconf 73' lang='grc' dir='ltr'>καίτοι</span> <span class='ocrx_word' id='word_1_548' title='bbox 727 3738 999 3792; x_wconf 79' lang='grc' dir='ltr'>πλείστων</span> <span class='ocrx_word' id='word_1_549' title='bbox 1032 3757 1092 3793; x_wconf 90' lang='grc' dir='ltr'><strong>τε</strong></span> <span class='ocrx_word' id='word_1_550' title='bbox 1133 3742 1274 3794; x_wconf 86' lang='grc' dir='ltr'>ὅσων</span> <span class='ocrx_word' id='word_1_551' title='bbox 1300 3742 1493 3809; x_wconf 85' lang='grc' dir='ltr'>ἁγίων,</span> <span class='ocrx_word' id='word_1_552' title='bbox 1525 3742 1583 3796; x_wconf 76' lang='grc' dir='ltr'>ἓν</span> <span class='ocrx_word' id='word_1_553' title='bbox 1614 3760 1675 3810; x_wconf 87' lang='grc' dir='ltr'><strong>γε</strong></span> 
     </span>
    </p>
   </div>
   <div class='ocr_carea' id='block_1_70' title="bbox 90 3826 1678 3899">
    <p class='ocr_par' dir='ltr' id='par_1_70' title="bbox 90 3826 1678 3899">
     <span class='ocr_line' id='line_1_70' title="bbox 90 3826 1678 3899; baseline 0.009 -25"><span class='ocrx_word' id='word_1_554' title='bbox 90 3826 139 3893; x_wconf 69' lang='grc' dir='ltr'><strong>δὴ</strong></span> <span class='ocrx_word' id='word_1_555' title='bbox 185 3827 373 3897; x_wconf 74' lang='grc' dir='ltr'>σφίσιν</span> <span class='ocrx_word' id='word_1_556' title='bbox 418 3828 615 3892; x_wconf 81' lang='grc' dir='ltr'>αὐτοῖς</span> <span class='ocrx_word' id='word_1_557' title='bbox 661 3830 977 3899; x_wconf 80' lang='grc' dir='ltr'>ἐσχηκότων</span> <span class='ocrx_word' id='word_1_558' title='bbox 1022 3831 1231 3887; x_wconf 77' lang='grc' dir='ltr'>ἐνοικον</span> <span class='ocrx_word' id='word_1_559' title='bbox 1275 3832 1366 3888; x_wconf 83' lang='grc' dir='ltr'><strong>τὸν</strong></span> <span class='ocrx_word' id='word_1_560' title='bbox 1400 3833 1511 3888; x_wconf 88' lang='grc' dir='ltr'><strong>τῶν</strong></span> <span class='ocrx_word' id='word_1_561' title='bbox 1542 3834 1678 3888; x_wconf 82' lang='grc' dir='ltr'>ὅλων</span> 
     </span>
    </p>
   </div>
   <div class='ocr_carea' id='block_1_71' title="bbox 89 3918 1673 3996">
    <p class='ocr_par' dir='ltr' id='par_1_71' title="bbox 89 3918 1673 3996">
     <span class='ocr_line' id='line_1_71' title="bbox 89 3918 1673 3996; baseline 0.008 -29"><span class='ocrx_word' id='word_1_562' title='bbox 89 3918 229 3971; x_wconf 59' lang='grc' dir='ltr'>θεόν·</span> <span class='ocrx_word' id='word_1_563' title='bbox 277 3920 667 3990; x_wconf 79' lang='grc' dir='ltr'>βαπτίσαντος</span> <span class='ocrx_word' id='word_1_564' title='bbox 722 3920 783 3974; x_wconf 81' lang='grc' dir='ltr'><strong>δὲ</strong></span> <span class='ocrx_word' id='word_1_565' title='bbox 836 3921 1048 3987; x_wconf 75' lang='grc' dir='ltr'>οὐδενὸς</span> <span class='ocrx_word' id='word_1_566' title='bbox 1097 3923 1155 3977; x_wconf 85' lang='grc' dir='ltr'>ὲν</span> <span class='ocrx_word' id='word_1_567' title='bbox 1206 3923 1321 3993; x_wconf 84' lang='grc' dir='ltr'>ἰδίῳ</span> <span class='ocrx_word' id='word_1_568' title='bbox 1371 3925 1673 3996; x_wconf 80' lang='grc' dir='ltr'>πνεύματι,</span> 
     </span>
    </p>
   </div>
   <div class='ocr_carea' id='block_1_72' title="bbox 90 4012 1675 4093">
    <p class='ocr_par' dir='ltr' id='par_1_72' title="bbox 90 4012 1675 4093">
     <span class='ocr_line' id='line_1_72' title="bbox 90 4012 1675 4093; baseline 0.008 -31"><span class='ocrx_word' id='word_1_569' title='bbox 90 4012 237 4075; x_wconf 73' lang='grc' dir='ltr'>ἥγουν</span> <span class='ocrx_word' id='word_1_570' title='bbox 265 4012 480 4076; x_wconf 85' lang='grc' dir='ltr'>θεῖκῶς</span> <span class='ocrx_word' id='word_1_571' title='bbox 508 4012 800 4083; x_wconf 81' lang='grc' dir='ltr'>ἐνοικῆσαί</span> <span class='ocrx_word' id='word_1_572' title='bbox 826 4032 966 4068; x_wconf 87' lang='grc' dir='ltr'>τισιν</span> <span class='ocrx_word' id='word_1_573' title='bbox 996 4018 1291 4089; x_wconf 71' lang='grc' dir='ltr'>εἰρημένου</span> <span class='ocrx_word' id='word_1_574' title='bbox 1342 4020 1437 4074; x_wconf 79' lang='grc' dir='ltr'><strong>καὶ</strong></span> <span class='ocrx_word' id='word_1_575' title='bbox 1464 4022 1675 4093; x_wconf 76' lang='grc' dir='ltr'>ἐνῳκη-</span> 
     </span>
    </p>
   </div>
   <div class='ocr_carea' id='block_1_73' title="bbox 94 4103 1677 4179">
    <p class='ocr_par' dir='ltr' id='par_1_73' title="bbox 94 4103 1677 4179">
     <span class='ocr_line' id='line_1_73' title="bbox 94 4103 1677 4179; baseline 0.01 -29"><span class='ocrx_word' id='word_1_576' title='bbox 94 4103 253 4166; x_wconf 40' lang='lat' dir='ltr'><strong>vita?</strong></span> <span class='ocrx_word' id='word_1_577' title='bbox 280 4105 381 4157; x_wconf 75' lang='grc' dir='ltr'>καὶ</span> <span class='ocrx_word' id='word_1_578' title='bbox 404 4103 581 4165; x_wconf 80' lang='grc' dir='ltr'>αὐτὸς</span> <span class='ocrx_word' id='word_1_579' title='bbox 607 4105 638 4156; x_wconf 90' lang='lat'><strong>6</strong></span> <span class='ocrx_word' id='word_1_580' title='bbox 665 4104 901 4173; x_wconf 78' lang='grc' dir='ltr'>Χριστὸς</span> <span class='ocrx_word' id='word_1_581' title='bbox 931 4107 989 4160; x_wconf 85' lang='grc' dir='ltr'>ὲν</span> <span class='ocrx_word' id='word_1_582' title='bbox 1017 4110 1150 4179; x_wconf 78' lang='grc' dir='ltr'>ἡμῖν</span> <span class='ocrx_word' id='word_1_583' title='bbox 1173 4110 1451 4175; x_wconf 75' lang='grc' dir='ltr'>αὐλίζεται</span> <span class='ocrx_word' id='word_1_584' title='bbox 1474 4112 1561 4165; x_wconf 64' lang='grc' dir='ltr'>διὰ</span> <span class='ocrx_word' id='word_1_585' title='bbox 1583 4114 1677 4166; x_wconf 88' lang='grc' dir='ltr'><strong>τοῦ</strong></span> 
     </span>
    </p>
   </div>
   <div class='ocr_carea' id='block_1_74' title="bbox 94 4193 1677 4273">
    <p class='ocr_par' dir='ltr' id='par_1_74' title="bbox 94 4193 1677 4273">
     <span class='ocr_line' id='line_1_74' title="bbox 94 4193 1677 4273; baseline 0.006 -30"><span class='ocrx_word' id='word_1_586' title='bbox 94 4194 228 4258; x_wconf 59' lang='grc' dir='ltr'>ἁγίου</span> <span class='ocrx_word' id='word_1_587' title='bbox 259 4193 623 4264; x_wconf 87' lang='grc' dir='ltr'>Πνεύματος,</span> <span class='ocrx_word' id='word_1_588' title='bbox 647 4195 786 4266; x_wconf 78' lang='grc' dir='ltr'>ὅπερ</span> <span class='ocrx_word' id='word_1_589' title='bbox 812 4196 930 4249; x_wconf 78' lang='grc' dir='ltr'>ἐστὶ</span> <span class='ocrx_word' id='word_1_590' title='bbox 955 4196 1047 4251; x_wconf 83' lang='grc' dir='ltr'>καὶ</span> <span class='ocrx_word' id='word_1_591' title='bbox 1070 4198 1199 4253; x_wconf 83' lang='grc' dir='ltr'>ἰδιον</span> <span class='ocrx_word' id='word_1_592' title='bbox 1225 4200 1409 4266; x_wconf 83' lang='grc' dir='ltr'>αὑτοῦ,</span> <span class='ocrx_word' id='word_1_593' title='bbox 1431 4202 1677 4273; x_wconf 85' lang='grc' dir='ltr'>καθάπερ</span> 
     </span>
    </p>
   </div>
   <div class='ocr_carea' id='block_1_75' title="bbox 92 4289 1680 4364">
    <p class='ocr_par' dir='ltr' id='par_1_75' title="bbox 92 4289 1680 4364">
     <span class='ocr_line' id='line_1_75' title="bbox 92 4289 1680 4364; baseline 0.006 -25"><span class='ocrx_word' id='word_1_594' title='bbox 92 4290 261 4355; x_wconf 62' lang='grc' dir='ltr'>ἑμέλει</span> <span class='ocrx_word' id='word_1_595' title='bbox 308 4290 411 4343; x_wconf 83' lang='grc' dir='ltr'><strong>τοῦ</strong></span> <span class='ocrx_word' id='word_1_596' title='bbox 464 4289 609 4343; x_wconf 89' lang='grc' dir='ltr'>Θεοῦ</span> <span class='ocrx_word' id='word_1_597' title='bbox 656 4291 751 4344; x_wconf 61' lang='grc' dir='ltr'><strong>καί⁷</strong></span> <span class='ocrx_word' id='word_1_598' title='bbox 799 4292 1046 4359; x_wconf 87' lang='grc' dir='ltr'>Πατρός;</span> <span class='ocrx_word' id='word_1_599' title='bbox 1090 4294 1199 4347; x_wconf 79' lang='grc' dir='ltr'><strong>Καὶ</strong></span> <span class='ocrx_word' id='word_1_600' title='bbox 1236 4294 1372 4364; x_wconf 85' lang='grc' dir='ltr'>πρός</span> <span class='ocrx_word' id='word_1_601' title='bbox 1418 4312 1481 4363; x_wconf 89' lang='grc' dir='ltr'><strong>γε</strong></span> <span class='ocrx_word' id='word_1_602' title='bbox 1524 4294 1680 4349; x_wconf 85' lang='grc' dir='ltr'>τοῦτο</span> 
     </span>
    </p>
   </div>
   <div class='ocr_carea' id='block_1_76' title="bbox 96 4382 1677 4459">
    <p class='ocr_par' dir='ltr' id='par_1_76' title="bbox 96 4382 1677 4459">
     <span class='ocr_line' id='line_1_76' title="bbox 96 4382 1677 4459; baseline 0.004 -25"><span class='ocrx_word' id='word_1_603' title='bbox 96 4382 228 4447; x_wconf 62' lang='grc' dir='ltr'>ἡμᾶς</span> <span class='ocrx_word' id='word_1_604' title='bbox 256 4383 503 4453; x_wconf 78' lang='grc' dir='ltr'>ἐμπεδοῖ</span> <span class='ocrx_word' id='word_1_605' title='bbox 538 4382 720 4449; x_wconf 83' lang='grc' dir='ltr'>λέγων</span> <span class='ocrx_word' id='word_1_606' title='bbox 745 4383 907 4443; x_wconf 85' lang='grc' dir='ltr'>αὑτός</span> <span class='ocrx_word' id='word_1_607' title='bbox 927 4401 938 4411; x_wconf 90' lang='grc'><strong>·</strong></span> <span class='ocrx_word' id='word_1_608' title='bbox 972 4386 1171 4439; x_wconf 77' lang='grc' dir='ltr'>(Ὅταν</span> <span class='ocrx_word' id='word_1_609' title='bbox 1197 4386 1253 4439; x_wconf 83' lang='grc' dir='ltr'><strong>δὲ</strong></span> <span class='ocrx_word' id='word_1_610' title='bbox 1291 4386 1419 4457; x_wconf 80' lang='grc' dir='ltr'><strong>ἔλθῃ</strong></span> <span class='ocrx_word' id='word_1_611' title='bbox 1444 4388 1471 4438; x_wconf 81' lang='grc' dir='ltr'>ὁ</span> <span class='ocrx_word' id='word_1_612' title='bbox 1496 4387 1677 4459; x_wconf 84' lang='grc' dir='ltr'>[ιαρά-</span> 
     </span>
    </p>
   </div>
   <div class='ocr_carea' id='block_1_77' title="bbox 1780 3189 3349 3258">
    <p class='ocr_par' dir='ltr' id='par_1_77' title="bbox 1780 3189 3349 3258">
     <span class='ocr_line' id='line_1_77' title="bbox 1780 3189 3349 3258; baseline -0.007 -5"><span class='ocrx_word' id='word_1_613' title='bbox 1780 3198 2010 3254; x_wconf 89' lang='lat' dir='ltr'><strong>dicimus</strong></span> <span class='ocrx_word' id='word_1_614' title='bbox 2042 3199 2124 3252; x_wconf 82' lang='lat' dir='ltr'><strong>vel</strong></span> <span class='ocrx_word' id='word_1_615' title='bbox 2165 3210 2314 3252; x_wconf 83' lang='lat' dir='ltr'><strong>more</strong></span> <span class='ocrx_word' id='word_1_616' title='bbox 2347 3194 2834 3257; x_wconf 88' lang='lat' dir='ltr'><strong>subservientium,</strong></span> <span class='ocrx_word' id='word_1_617' title='bbox 2876 3189 2955 3245; x_wconf 89' lang='lat' dir='ltr'><strong>vel</strong></span> <span class='ocrx_word' id='word_1_618' title='bbox 2990 3199 3246 3258; x_wconf 88' lang='lat' dir='ltr'><strong>tanquam</strong></span> <span class='ocrx_word' id='word_1_619' title='bbox 3270 3189 3349 3242; x_wconf 83' lang='lat' dir='ltr'><strong>ab</strong></span> 
     </span>
    </p>
   </div>
   <div class='ocr_carea' id='block_1_78' title="bbox 1780 3282 3348 3360">
    <p class='ocr_par' dir='ltr' id='par_1_78' title="bbox 1780 3282 3348 3360">
     <span class='ocr_line' id='line_1_78' title="bbox 1780 3282 3348 3360; baseline -0.005 -15"><span class='ocrx_word' id='word_1_620' title='bbox 1780 3291 1887 3345; x_wconf 88' lang='lat' dir='ltr'><strong>alio</strong></span> <span class='ocrx_word' id='word_1_621' title='bbox 1924 3290 2176 3360; x_wconf 89' lang='lat' dir='ltr'><strong>qu0piam</strong></span> <span class='ocrx_word' id='word_1_622' title='bbox 2222 3288 2459 3358; x_wconf 88' lang='lat' dir='ltr'><strong>Spiritus</strong></span> <span class='ocrx_word' id='word_1_623' title='bbox 2498 3285 2673 3342; x_wconf 89' lang='lat' dir='ltr'><strong>sancti</strong></span> <span class='ocrx_word' id='word_1_624' title='bbox 2712 3284 3181 3354; x_wconf 88' lang='lat' dir='ltr'><strong>participationem</strong></span> <span class='ocrx_word' id='word_1_625' title='bbox 3224 3282 3348 3337; x_wconf 85' lang='lat' dir='ltr'><strong>sub-</strong></span> 
     </span>
    </p>
   </div>
   <div class='ocr_carea' id='block_1_79' title="bbox 1782 3373 3346 3449">
    <p class='ocr_par' dir='ltr' id='par_1_79' title="bbox 1782 3373 3346 3449">
     <span class='ocr_line' id='line_1_79' title="bbox 1782 3373 3346 3449; baseline -0.006 -13"><span class='ocrx_word' id='word_1_626' title='bbox 1782 3382 2138 3447; x_wconf 87' lang='lat' dir='ltr'><strong>ministrasse,</strong></span> <span class='ocrx_word' id='word_1_627' title='bbox 2181 3380 2274 3435; x_wconf 91' lang='lat' dir='ltr'><strong>sed</strong></span> <span class='ocrx_word' id='word_1_628' title='bbox 2316 3379 2497 3449; x_wconf 89' lang='lat' dir='ltr'><strong>potius</strong></span> <span class='ocrx_word' id='word_1_629' title='bbox 2540 3388 2793 3447; x_wconf 90' lang='lat' dir='ltr'><strong>tanquam</strong></span> <span class='ocrx_word' id='word_1_630' title='bbox 2836 3389 2902 3431; x_wconf 82' lang='lat' dir='ltr'><strong>ex</strong></span> <span class='ocrx_word' id='word_1_631' title='bbox 2948 3381 3138 3428; x_wconf 82' lang='lat' dir='ltr'><strong>natura</strong></span> <span class='ocrx_word' id='word_1_632' title='bbox 3181 3373 3346 3427; x_wconf 83' lang='lat' dir='ltr'><strong>Deum</strong></span> 
     </span>
    </p>
   </div>
   <div class='ocr_carea' id='block_1_80' title="bbox 1780 3463 3348 3539">
    <p class='ocr_par' dir='ltr' id='par_1_80' title="bbox 1780 3463 3348 3539">
     <span class='ocr_line' id='line_1_80' title="bbox 1780 3463 3348 3539; baseline -0.004 -15"><span class='ocrx_word' id='word_1_633' title='bbox 1780 3486 1844 3524; x_wconf 79' lang='lat' dir='ltr'><strong>ex</strong></span> <span class='ocrx_word' id='word_1_634' title='bbox 1874 3470 2201 3539; x_wconf 87' lang='lat' dir='ltr'><strong>plenitudine</strong></span> <span class='ocrx_word' id='word_1_635' title='bbox 2230 3484 2328 3524; x_wconf 88' lang='lat' dir='ltr'><strong>sua</strong></span> <span class='ocrx_word' id='word_1_636' title='bbox 2356 3468 2749 3532; x_wconf 82' lang='lat' dir='ltr'><strong>iniundentem,</strong></span> <span class='ocrx_word' id='word_1_637' title='bbox 2778 3467 3143 3522; x_wconf 84' lang='lat' dir='ltr'><strong>sanetiticatos</strong></span> <span class='ocrx_word' id='word_1_638' title='bbox 3174 3463 3348 3519; x_wconf 84' lang='lat' dir='ltr'><strong>reddi-</strong></span> 
     </span>
    </p>
   </div>
   <div class='ocr_carea' id='block_1_81' title="bbox 1780 3556 3349 3628">
    <p class='ocr_par' dir='ltr' id='par_1_81' title="bbox 1780 3556 3349 3628">
     <span class='ocr_line' id='line_1_81' title="bbox 1780 3556 3349 3628; baseline -0.004 -13"><span class='ocrx_word' id='word_1_639' title='bbox 1780 3562 1944 3616; x_wconf 83' lang='lat' dir='ltr'><strong>disse.</strong></span> <span class='ocrx_word' id='word_1_640' title='bbox 1968 3560 2076 3615; x_wconf 89' lang='lat' dir='ltr'><strong>Cur</strong></span> <span class='ocrx_word' id='word_1_641' title='bbox 2097 3574 2228 3628; x_wconf 86' lang='lat' dir='ltr'><strong>ergo</strong></span> <span class='ocrx_word' id='word_1_642' title='bbox 2258 3561 2420 3614; x_wconf 88' lang='lat' dir='ltr'><strong>rectis</strong></span> <span class='ocrx_word' id='word_1_643' title='bbox 2442 3558 2621 3614; x_wconf 83' lang='lat' dir='ltr'><strong>verbis</strong></span> <span class='ocrx_word' id='word_1_644' title='bbox 2647 3558 3038 3626; x_wconf 86' lang='lat' dir='ltr'><strong>sententiisque</strong></span> <span class='ocrx_word' id='word_1_645' title='bbox 3062 3556 3349 3626; x_wconf 83' lang='lat' dir='ltr'><strong>neglectis,</strong></span> 
     </span>
    </p>
   </div>
   <div class='ocr_carea' id='block_1_82' title="bbox 1780 3647 3348 3717">
    <p class='ocr_par' dir='ltr' id='par_1_82' title="bbox 1780 3647 3348 3717">
     <span class='ocr_line' id='line_1_82' title="bbox 1780 3647 3348 3717; baseline -0.004 -12"><span class='ocrx_word' id='word_1_646' title='bbox 1780 3651 2021 3717; x_wconf 71' lang='lat' dir='ltr'><strong>effectam</strong></span> <span class='ocrx_word' id='word_1_647' title='bbox 2055 3666 2176 3706; x_wconf 90' lang='lat' dir='ltr'><strong>esse</strong></span> <span class='ocrx_word' id='word_1_648' title='bbox 2211 3650 2411 3705; x_wconf 88' lang='lat' dir='ltr'><strong>asseris</strong></span> <span class='ocrx_word' id='word_1_649' title='bbox 2448 3649 2895 3704; x_wconf 87' lang='lat' dir='ltr'><strong>inhabitationem</strong></span> <span class='ocrx_word' id='word_1_650' title='bbox 2940 3648 2991 3702; x_wconf 90' lang='lat' dir='ltr'><strong>in</strong></span> <span class='ocrx_word' id='word_1_651' title='bbox 3035 3648 3250 3703; x_wconf 89' lang='lat' dir='ltr'><strong>homine</strong></span> <span class='ocrx_word' id='word_1_652' title='bbox 3282 3647 3348 3699; x_wconf 90' lang='lat' dir='ltr'><strong>ab</strong></span> 
     </span>
    </p>
   </div>
   <div class='ocr_carea' id='block_1_83' title="bbox 1780 3737 3348 3812">
    <p class='ocr_par' dir='ltr' id='par_1_83' title="bbox 1780 3737 3348 3812">
     <span class='ocr_line' id='line_1_83' title="bbox 1780 3737 3348 3812; baseline -0.004 -14"><span class='ocrx_word' id='word_1_653' title='bbox 1780 3745 1894 3812; x_wconf 90' lang='lat' dir='ltr'><strong>ipso</strong></span> <span class='ocrx_word' id='word_1_654' title='bbox 1938 3743 2027 3797; x_wconf 86' lang='lat' dir='ltr'><strong>Dei</strong></span> <span class='ocrx_word' id='word_1_655' title='bbox 2071 3741 2276 3807; x_wconf 81' lang='lat' dir='ltr'><strong>Verbo;</strong></span> <span class='ocrx_word' id='word_1_656' title='bbox 2326 3741 2573 3811; x_wconf 84' lang='lat' dir='ltr'><strong>quamvis</strong></span> <span class='ocrx_word' id='word_1_657' title='bbox 2610 3740 2993 3810; x_wconf 84' lang='lat' dir='ltr'><strong>quampluritni</strong></span> <span class='ocrx_word' id='word_1_658' title='bbox 3037 3738 3211 3794; x_wconf 88' lang='lat' dir='ltr'><strong>sancti</strong></span> <span class='ocrx_word' id='word_1_659' title='bbox 3247 3737 3348 3791; x_wconf 87' lang='lat' dir='ltr'><strong>viri</strong></span> 
     </span>
    </p>
   </div>
   <div class='ocr_carea' id='block_1_84' title="bbox 1782 3829 3350 3903">
    <p class='ocr_par' dir='ltr' id='par_1_84' title="bbox 1782 3829 3350 3903">
     <span class='ocr_line' id='line_1_84' title="bbox 1782 3829 3350 3903; baseline -0.004 -13"><span class='ocrx_word' id='word_1_660' title='bbox 1782 3835 2172 3890; x_wconf 83' lang='lat' dir='ltr'><strong>inhabitantem</strong></span> <span class='ocrx_word' id='word_1_661' title='bbox 2211 3834 2264 3888; x_wconf 94' lang='lat' dir='ltr'><strong>in</strong></span> <span class='ocrx_word' id='word_1_662' title='bbox 2303 3847 2364 3887; x_wconf 91' lang='lat' dir='ltr'><strong>se</strong></span> <span class='ocrx_word' id='word_1_663' title='bbox 2402 3833 2532 3903; x_wconf 89' lang='lat' dir='ltr'><strong>ipsis</strong></span> <span class='ocrx_word' id='word_1_664' title='bbox 2567 3832 2853 3887; x_wconf 83' lang='lat' dir='ltr'><strong>habuerint</strong></span> <span class='ocrx_word' id='word_1_665' title='bbox 2887 3830 3033 3886; x_wconf 91' lang='lat' dir='ltr'><strong>illum</strong></span> <span class='ocrx_word' id='word_1_666' title='bbox 3072 3829 3350 3885; x_wconf 86' lang='lat' dir='ltr'><strong>universo-</strong></span> 
     </span>
    </p>
   </div>
   <div class='ocr_carea' id='block_1_85' title="bbox 1782 3921 3351 3992">
    <p class='ocr_par' dir='ltr' id='par_1_85' title="bbox 1782 3921 3351 3992">
     <span class='ocr_line' id='line_1_85' title="bbox 1782 3921 3351 3992; baseline -0.004 -10"><span class='ocrx_word' id='word_1_667' title='bbox 1782 3943 1896 3982; x_wconf 86' lang='lat' dir='ltr'><strong>rum</strong></span> <span class='ocrx_word' id='word_1_668' title='bbox 1930 3927 2117 3990; x_wconf 89' lang='lat' dir='ltr'><strong>Deum,</strong></span> <span class='ocrx_word' id='word_1_669' title='bbox 2145 3936 2199 3981; x_wconf 93' lang='lat' dir='ltr'><strong>et</strong></span> <span class='ocrx_word' id='word_1_670' title='bbox 2226 3942 2291 3980; x_wconf 81' lang='lat' dir='ltr'><strong>ex</strong></span> <span class='ocrx_word' id='word_1_671' title='bbox 2323 3925 2388 3981; x_wconf 91' lang='lat' dir='ltr'><strong>iis</strong></span> <span class='ocrx_word' id='word_1_672' title='bbox 2417 3938 2580 3992; x_wconf 86' lang='lat' dir='ltr'><strong>nemo</strong></span> <span class='ocrx_word' id='word_1_673' title='bbox 2609 3925 2660 3978; x_wconf 93' lang='lat' dir='ltr'><strong>in</strong></span> <span class='ocrx_word' id='word_1_674' title='bbox 2694 3938 2793 3979; x_wconf 92' lang='lat' dir='ltr'><strong>suo</strong></span> <span class='ocrx_word' id='word_1_675' title='bbox 2820 3923 3011 3991; x_wconf 84' lang='lat' dir='ltr'><strong>spiritu</strong></span> <span class='ocrx_word' id='word_1_676' title='bbox 3041 3921 3351 3992; x_wconf 76' lang='lat' dir='ltr'><strong>baptizare-</strong></span> 
     </span>
    </p>
   </div>
   <div class='ocr_carea' id='block_1_86' title="bbox 1781 4015 3351 4085">
    <p class='ocr_par' dir='ltr' id='par_1_86' title="bbox 1781 4015 3351 4085">
     <span class='ocr_line' id='line_1_86' title="bbox 1781 4015 3351 4085; baseline -0.004 -12"><span class='ocrx_word' id='word_1_677' title='bbox 1781 4019 1878 4083; x_wconf 83' lang='lat' dir='ltr'><strong>rit,</strong></span> <span class='ocrx_word' id='word_1_678' title='bbox 1917 4028 2005 4072; x_wconf 88' lang='lat' dir='ltr'><strong>aut</strong></span> <span class='ocrx_word' id='word_1_679' title='bbox 2050 4018 2231 4073; x_wconf 89' lang='lat' dir='ltr'><strong>divino</strong></span> <span class='ocrx_word' id='word_1_680' title='bbox 2274 4030 2420 4071; x_wconf 93' lang='lat' dir='ltr'><strong>more</strong></span> <span class='ocrx_word' id='word_1_681' title='bbox 2462 4017 2514 4070; x_wconf 89' lang='lat' dir='ltr'><strong>in</strong></span> <span class='ocrx_word' id='word_1_682' title='bbox 2557 4015 2825 4085; x_wconf 87' lang='lat' dir='ltr'><strong>aliquibus</strong></span> <span class='ocrx_word' id='word_1_683' title='bbox 2866 4015 3216 4079; x_wconf 86' lang='lat' dir='ltr'><strong>habitaverit,</strong></span> <span class='ocrx_word' id='word_1_684' title='bbox 3256 4024 3351 4067; x_wconf 92' lang='lat' dir='ltr'><strong>aut</strong></span> 
     </span>
    </p>
   </div>
   <div class='ocr_carea' id='block_1_87' title="bbox 1781 4105 3348 4176">
    <p class='ocr_par' dir='ltr' id='par_1_87' title="bbox 1781 4105 3348 4176">
     <span class='ocr_line' id='line_1_87' title="bbox 1781 4105 3348 4176; baseline -0.003 -10"><span class='ocrx_word' id='word_1_685' title='bbox 1781 4110 2114 4166; x_wconf 84' lang='lat' dir='ltr'><strong>inhabitasse</strong></span> <span class='ocrx_word' id='word_1_686' title='bbox 2154 4109 2332 4163; x_wconf 90' lang='lat' dir='ltr'><strong>dictus</strong></span> <span class='ocrx_word' id='word_1_687' title='bbox 2374 4108 2464 4175; x_wconf 87' lang='lat' dir='ltr'><strong>sit,</strong></span> <span class='ocrx_word' id='word_1_688' title='bbox 2500 4121 2621 4163; x_wconf 91' lang='lat' dir='ltr'><strong>cum</strong></span> <span class='ocrx_word' id='word_1_689' title='bbox 2663 4107 2776 4176; x_wconf 90' lang='lat' dir='ltr'><strong>ipse</strong></span> <span class='ocrx_word' id='word_1_690' title='bbox 2816 4106 3066 4161; x_wconf 89' lang='lat' dir='ltr'><strong>Christus</strong></span> <span class='ocrx_word' id='word_1_691' title='bbox 3104 4105 3258 4174; x_wconf 74' lang='lat'><strong>102</strong></span> <span class='ocrx_word' id='word_1_692' title='bbox 3296 4105 3348 4161; x_wconf 91' lang='lat' dir='ltr'><strong>in</strong></span> 
     </span>
    </p>
   </div>
   <div class='ocr_carea' id='block_1_88' title="bbox 1782 4196 3348 4268">
    <p class='ocr_par' dir='ltr' id='par_1_88' title="bbox 1782 4196 3348 4268">
     <span class='ocr_line' id='line_1_88' title="bbox 1782 4196 3348 4268; baseline -0.003 -14"><span class='ocrx_word' id='word_1_693' title='bbox 1782 4201 1936 4255; x_wconf 90' lang='lat' dir='ltr'><strong>nobis</strong></span> <span class='ocrx_word' id='word_1_694' title='bbox 1979 4200 2185 4255; x_wconf 87' lang='lat' dir='ltr'><strong>habitet</strong></span> <span class='ocrx_word' id='word_1_695' title='bbox 2222 4214 2318 4268; x_wconf 88' lang='lat' dir='ltr'><strong>per</strong></span> <span class='ocrx_word' id='word_1_696' title='bbox 2355 4212 2601 4254; x_wconf 89' lang='lat' dir='ltr'><strong>sanctum</strong></span> <span class='ocrx_word' id='word_1_697' title='bbox 2645 4198 2938 4267; x_wconf 71' lang='lat' dir='ltr'><strong>Spiritum,</strong></span> <span class='ocrx_word' id='word_1_698' title='bbox 2978 4196 3069 4266; x_wconf 88' lang='lat' dir='ltr'><strong>qui</strong></span> <span class='ocrx_word' id='word_1_699' title='bbox 3110 4206 3195 4251; x_wconf 88' lang='lat' dir='ltr'><strong>est</strong></span> <span class='ocrx_word' id='word_1_700' title='bbox 3232 4196 3348 4263; x_wconf 85' lang='lat' dir='ltr'><strong>ejus</strong></span> 
     </span>
    </p>
   </div>
   <div class='ocr_carea' id='block_1_89' title="bbox 1781 4285 3347 4359">
    <p class='ocr_par' dir='ltr' id='par_1_89' title="bbox 1781 4285 3347 4359">
     <span class='ocr_line' id='line_1_89' title="bbox 1781 4285 3347 4359; baseline -0.001 -18"><span class='ocrx_word' id='word_1_701' title='bbox 1781 4304 1994 4359; x_wconf 87' lang='lat' dir='ltr'><strong>quoque</strong></span> <span class='ocrx_word' id='word_1_702' title='bbox 2024 4292 2296 4359; x_wconf 85' lang='lat' dir='ltr'><strong>proprius,</strong></span> <span class='ocrx_word' id='word_1_703' title='bbox 2330 4298 2388 4342; x_wconf 91' lang='lat' dir='ltr'><strong>ut</strong></span> <span class='ocrx_word' id='word_1_704' title='bbox 2418 4288 2582 4344; x_wconf 88' lang='lat' dir='ltr'><strong>etiam</strong></span> <span class='ocrx_word' id='word_1_705' title='bbox 2616 4287 2799 4358; x_wconf 90' lang='lat' dir='ltr'><strong>procul</strong></span> <span class='ocrx_word' id='word_1_706' title='bbox 2829 4288 2993 4343; x_wconf 92' lang='lat' dir='ltr'><strong>dubio</strong></span> <span class='ocrx_word' id='word_1_707' title='bbox 3022 4287 3116 4342; x_wconf 88' lang='lat' dir='ltr'><strong>Del</strong></span> <span class='ocrx_word' id='word_1_708' title='bbox 3151 4301 3214 4341; x_wconf 84' lang='lat' dir='ltr'><strong>ac</strong></span> <span class='ocrx_word' id='word_1_709' title='bbox 3244 4285 3347 4340; x_wconf 82' lang='lat' dir='ltr'><strong>Pa-</strong></span> 
     </span>
    </p>
   </div>
   <div class='ocr_carea' id='block_1_90' title="bbox 1784 4379 3346 4450">
    <p class='ocr_par' dir='ltr' id='par_1_90' title="bbox 1784 4379 3346 4450">
     <span class='ocr_line' id='line_1_90' title="bbox 1784 4379 3346 4450; baseline -0.003 -15"><span class='ocrx_word' id='word_1_710' title='bbox 1784 4380 1917 4436; x_wconf 86' lang='lat' dir='ltr'><strong>tris?</strong></span> <span class='ocrx_word' id='word_1_711' title='bbox 1940 4382 2005 4434; x_wconf 88' lang='lat' dir='ltr'><strong>Et</strong></span> <span class='ocrx_word' id='word_1_712' title='bbox 2032 4381 2083 4434; x_wconf 93' lang='lat' dir='ltr'><strong>in</strong></span> <span class='ocrx_word' id='word_1_713' title='bbox 2109 4382 2207 4435; x_wconf 84' lang='lat' dir='ltr'><strong>hac</strong></span> <span class='ocrx_word' id='word_1_714' title='bbox 2230 4382 2491 4435; x_wconf 89' lang='lat' dir='ltr'><strong>sententia</strong></span> <span class='ocrx_word' id='word_1_715' title='bbox 2522 4380 2637 4450; x_wconf 87' lang='lat' dir='ltr'><strong>ipse</strong></span> <span class='ocrx_word' id='word_1_716' title='bbox 2664 4394 2760 4434; x_wconf 93' lang='lat' dir='ltr'><strong>nos</strong></span> <span class='ocrx_word' id='word_1_717' title='bbox 2787 4380 3093 4443; x_wconf 83' lang='lat' dir='ltr'><strong>conﬁrmat,</strong></span> <span class='ocrx_word' id='word_1_718' title='bbox 3120 4379 3304 4433; x_wconf 90' lang='lat' dir='ltr'><strong>dicens</strong></span> <span class='ocrx_word' id='word_1_719' title='bbox 3334 4394 3346 4430; x_wconf 90' lang='lat'><strong>:</strong></span> 
     </span>
    </p>
   </div>
   <div class='ocr_carea' id='block_1_91' title="bbox 94 4470 1675 4547">
    <p class='ocr_par' dir='ltr' id='par_1_91' title="bbox 94 4471 1675 4547">
     <span class='ocr_line' id='line_1_91' title="bbox 94 4471 1675 4547; baseline 0.009 -29"><span class='ocrx_word' id='word_1_720' title='bbox 94 4471 285 4540; x_wconf 71' lang='grc' dir='ltr'>κλητος,</span> <span class='ocrx_word' id='word_1_721' title='bbox 311 4474 376 4526; x_wconf 86' lang='grc' dir='ltr'>ὃν</span> <span class='ocrx_word' id='word_1_722' title='bbox 432 4471 553 4539; x_wconf 75' lang='grc' dir='ltr'><strong>ἐγὼ</strong></span> <span class='ocrx_word' id='word_1_723' title='bbox 608 4471 812 4543; x_wconf 77' lang='grc' dir='ltr'>πέμψω</span> <span class='ocrx_word' id='word_1_724' title='bbox 850 4472 978 4542; x_wconf 86' lang='grc' dir='ltr'>ύμῖν</span> <span class='ocrx_word' id='word_1_725' title='bbox 1008 4476 1159 4545; x_wconf 77' lang='grc' dir='ltr'>παρὰ</span> <span class='ocrx_word' id='word_1_726' title='bbox 1203 4476 1298 4530; x_wconf 88' lang='grc' dir='ltr'><strong>τσῦ</strong></span> <span class='ocrx_word' id='word_1_727' title='bbox 1352 4477 1585 4547; x_wconf 78' lang='grc' dir='ltr'>ΙΙατρὸς,</span> <span class='ocrx_word' id='word_1_728' title='bbox 1616 4478 1675 4532; x_wconf 77' lang='grc' dir='ltr'><strong>τὸ</strong></span> 
     </span>
    </p>
   </div>
   <div class='ocr_carea' id='block_1_92' title="bbox 1780 4470 3348 4547">
    <p class='ocr_par' dir='ltr' id='par_1_92' title="bbox 1789 4470 3348 4540">
     <span class='ocr_line' id='line_1_92' title="bbox 1789 4470 3348 4540; baseline -0.001 -17"><span class='ocrx_word' id='word_1_729' title='bbox 1789 4492 1803 4523; x_wconf 76' lang='grc' dir='ltr'><strong>ι</strong></span> <span class='ocrx_word' id='word_1_730' title='bbox 1833 4472 1966 4527; x_wconf 91' lang='lat' dir='ltr'><strong>Cum</strong></span> <span class='ocrx_word' id='word_1_731' title='bbox 1991 4473 2199 4527; x_wconf 90' lang='lat' dir='ltr'><strong>venerit</strong></span> <span class='ocrx_word' id='word_1_732' title='bbox 2229 4471 2560 4535; x_wconf 86' lang='lat' dir='ltr'><strong>Paraelctus,</strong></span> <span class='ocrx_word' id='word_1_733' title='bbox 2592 4484 2750 4540; x_wconf 86' lang='lat' dir='ltr'><strong>quem</strong></span> <span class='ocrx_word' id='word_1_734' title='bbox 2780 4484 2879 4539; x_wconf 84' lang='lat' dir='ltr'><strong>ego</strong></span> <span class='ocrx_word' id='word_1_735' title='bbox 2907 4470 3111 4524; x_wconf 89' lang='lat' dir='ltr'><strong>mittam</strong></span> <span class='ocrx_word' id='word_1_736' title='bbox 3140 4470 3291 4524; x_wconf 87' lang='lat' dir='ltr'><strong>vobis</strong></span> <span class='ocrx_word' id='word_1_737' title='bbox 3319 4485 3348 4522; x_wconf 90' lang='lat' dir='ltr'><strong>a</strong></span> 
     </span>
    </p>
   </div>
   <div class='ocr_carea' id='block_1_93' title="bbox 94 4561 1671 4638">
    <p class='ocr_par' dir='ltr' id='par_1_93' title="bbox 94 4561 1671 4638">
     <span class='ocr_line' id='line_1_93' title="bbox 94 4561 1671 4638; baseline 0.008 -27"><span class='ocrx_word' id='word_1_738' title='bbox 94 4562 296 4633; x_wconf 73' lang='grc' dir='ltr'>Πνεῦμα</span> <span class='ocrx_word' id='word_1_739' title='bbox 318 4566 425 4633; x_wconf 86' lang='grc' dir='ltr'>τῆς</span> <span class='ocrx_word' id='word_1_740' title='bbox 465 4561 755 4633; x_wconf 83' lang='grc' dir='ltr'>ἀληθείας,</span> <span class='ocrx_word' id='word_1_741' title='bbox 780 4564 808 4616; x_wconf 81' lang='grc' dir='ltr'><strong>ὃ</strong></span> <span class='ocrx_word' id='word_1_742' title='bbox 838 4565 987 4635; x_wconf 89' lang='grc' dir='ltr'><strong>παρά</strong></span> <span class='ocrx_word' id='word_1_743' title='bbox 1010 4566 1102 4619; x_wconf 90' lang='grc' dir='ltr'><strong>τοῦ</strong></span> <span class='ocrx_word' id='word_1_744' title='bbox 1134 4568 1347 4637; x_wconf 77' lang='grc' dir='ltr'>Πατρὸς</span> <span class='ocrx_word' id='word_1_745' title='bbox 1378 4571 1671 4638; x_wconf 81' lang='grc' dir='ltr'>ἐκπορεύε-</span> 
     </span>
    </p>
   </div>
   <div class='ocr_carea' id='block_1_94' title="bbox 92 4656 1669 4729">
    <p class='ocr_par' dir='ltr' id='par_1_94' title="bbox 92 4656 1669 4729">
     <span class='ocr_line' id='line_1_94' title="bbox 92 4656 1669 4729; baseline 0.005 -28"><span class='ocrx_word' id='word_1_746' title='bbox 92 4669 182 4718; x_wconf 74' lang='grc' dir='ltr'>τιι,</span> <span class='ocrx_word' id='word_1_747' title='bbox 211 4657 424 4717; x_wconf 76' lang='grc' dir='ltr'>ἐκεῖνος</span> <span class='ocrx_word' id='word_1_748' title='bbox 478 4656 831 4724; x_wconf 81' lang='grc' dir='ltr'>μαρτυρήσει</span> <span class='ocrx_word' id='word_1_749' title='bbox 868 4657 995 4725; x_wconf 80' lang='grc' dir='ltr'>περὶ</span> <span class='ocrx_word' id='word_1_750' title='bbox 1034 4656 1193 4726; x_wconf 75' lang='grc' dir='ltr'>ἐμοῦ.</span> <span class='ocrx_word' id='word_1_751' title='bbox 1232 4658 1455 4727; x_wconf 74' lang='grc' dir='ltr'>ι”Δθρει</span> <span class='ocrx_word' id='word_1_752' title='bbox 1482 4659 1547 4729; x_wconf 83' lang='grc' dir='ltr'><strong>δὴ</strong></span> <span class='ocrx_word' id='word_1_753' title='bbox 1578 4656 1669 4711; x_wconf 81' lang='grc' dir='ltr'><strong>οὖν</strong></span> 
     </span>
    </p>
   </div>
   <div class='ocr_carea' id='block_1_95' title="bbox 93 4742 1674 4817">
    <p class='ocr_par' dir='ltr' id='par_1_95' title="bbox 93 4742 1674 4817">
     <span class='ocr_line' id='line_1_95' title="bbox 93 4742 1674 4817; baseline 0.006 -25"><span class='ocrx_word' id='word_1_754' title='bbox 93 4746 219 4808; x_wconf 60' lang='grc' dir='ltr'>οπως</span> <span class='ocrx_word' id='word_1_755' title='bbox 264 4747 325 4799; x_wconf 82' lang='grc' dir='ltr'><strong>τὸ</strong></span> <span class='ocrx_word' id='word_1_756' title='bbox 377 4744 546 4813; x_wconf 83' lang='grc' dir='ltr'><strong>παρά</strong></span> <span class='ocrx_word' id='word_1_757' title='bbox 581 4742 683 4795; x_wconf 83' lang='grc' dir='ltr'><strong>τοῦ</strong></span> <span class='ocrx_word' id='word_1_758' title='bbox 711 4743 848 4797; x_wconf 84' lang='grc' dir='ltr'>Θεοῦ</span> <span class='ocrx_word' id='word_1_759' title='bbox 881 4746 973 4798; x_wconf 79' lang='grc' dir='ltr'>καὶ</span> <span class='ocrx_word' id='word_1_760' title='bbox 1003 4747 1214 4816; x_wconf 77' lang='grc' dir='ltr'>Πατρὸς</span> <span class='ocrx_word' id='word_1_761' title='bbox 1241 4748 1674 4817; x_wconf 80' lang='grc' dir='ltr'>ἐκπορευόμενον</span> 
     </span>
    </p>
   </div>
   <div class='ocr_carea' id='block_1_96' title="bbox 96 4835 1670 4910">
    <p class='ocr_par' dir='ltr' id='par_1_96' title="bbox 96 4835 1670 4910">
     <span class='ocr_line' id='line_1_96' title="bbox 96 4835 1670 4910; baseline 0.004 -25"><span class='ocrx_word' id='word_1_762' title='bbox 96 4835 320 4905; x_wconf 72' lang='grc' dir='ltr'>Πνεῦμα,</span> <span class='ocrx_word' id='word_1_763' title='bbox 357 4837 532 4891; x_wconf 87' lang='grc' dir='ltr'>τοῦτο</span> <span class='ocrx_word' id='word_1_764' title='bbox 564 4837 660 4889; x_wconf 78' lang='grc' dir='ltr'>καὶ</span> <span class='ocrx_word' id='word_1_765' title='bbox 687 4837 786 4906; x_wconf 83' lang='grc' dir='ltr'>τῆς</span> <span class='ocrx_word' id='word_1_766' title='bbox 814 4836 1067 4907; x_wconf 84' lang='grc' dir='ltr'>ἀληθείας</span> <span class='ocrx_word' id='word_1_767' title='bbox 1104 4840 1233 4892; x_wconf 74' lang='grc' dir='ltr'>ἴδιον</span> <span class='ocrx_word' id='word_1_768' title='bbox 1262 4835 1397 4892; x_wconf 82' lang='grc' dir='ltr'>εἷναι</span> <span class='ocrx_word' id='word_1_769' title='bbox 1428 4840 1533 4910; x_wconf 85' lang='grc' dir='ltr'><strong>φής</strong></span> <span class='ocrx_word' id='word_1_770' title='bbox 1564 4839 1670 4910; x_wconf 60' lang='lat' dir='ltr'><strong>[Ion</strong></span> 
     </span>
    </p>
   </div>
   <div class='ocr_carea' id='block_1_97' title="bbox 96 4926 1675 5001">
    <p class='ocr_par' dir='ltr' id='par_1_97' title="bbox 96 4926 1675 5001">
     <span class='ocr_line' id='line_1_97' title="bbox 96 4926 1675 5001; baseline 0.004 -24"><span class='ocrx_word' id='word_1_771' title='bbox 96 4926 283 4998; x_wconf 52' lang='lat' dir='ltr'><strong>eqsiv].</strong></span> <span class='ocrx_word' id='word_1_772' title='bbox 320 4928 509 4991; x_wconf 76' lang='grc' dir='ltr'>Αὐτὸς</span> <span class='ocrx_word' id='word_1_773' title='bbox 538 4926 601 4980; x_wconf 77' lang='grc' dir='ltr'>δέ</span> <span class='ocrx_word' id='word_1_774' title='bbox 639 4943 742 4979; x_wconf 86' lang='grc' dir='ltr'><strong>που</strong></span> <span class='ocrx_word' id='word_1_775' title='bbox 778 4928 992 4991; x_wconf 82' lang='grc' dir='ltr'>πάντως</span> <span class='ocrx_word' id='word_1_776' title='bbox 1020 4930 1167 4985; x_wconf 70' lang='grc' dir='ltr'>ἐστὶν</span> <span class='ocrx_word' id='word_1_777' title='bbox 1201 4931 1234 5001; x_wconf 83' lang='grc' dir='ltr'><strong>ή</strong></span> <span class='ocrx_word' id='word_1_778' title='bbox 1270 4930 1511 5001; x_wconf 85' lang='grc' dir='ltr'>ἀλήθεια.</span> <span class='ocrx_word' id='word_1_779' title='bbox 1545 4927 1675 4984; x_wconf 74' lang='grc' dir='ltr'>Εἶτα</span> 
     </span>
    </p>
   </div>
   <div class='ocr_carea' id='block_1_98' title="bbox 97 5018 1672 5093">
    <p class='ocr_par' dir='ltr' id='par_1_98' title="bbox 97 5018 1672 5093">
     <span class='ocr_line' id='line_1_98' title="bbox 97 5018 1672 5093; baseline 0.005 -23"><span class='ocrx_word' id='word_1_780' title='bbox 97 5018 215 5082; x_wconf 66' lang='grc' dir='ltr'>πῶς,</span> <span class='ocrx_word' id='word_1_781' title='bbox 242 5020 407 5089; x_wconf 74' lang='grc' dir='ltr'>εἴπερ</span> <span class='ocrx_word' id='word_1_782' title='bbox 462 5019 621 5072; x_wconf 76' lang='grc' dir='ltr'>ἐστὶν</span> <span class='ocrx_word' id='word_1_783' title='bbox 667 5018 885 5087; x_wconf 83' lang='grc' dir='ltr'>ἀληθῶς</span> <span class='ocrx_word' id='word_1_784' title='bbox 918 5021 1015 5075; x_wconf 86' lang='grc' dir='ltr'><strong>οὐκ</strong></span> <span class='ocrx_word' id='word_1_785' title='bbox 1053 5022 1477 5093; x_wconf 81' lang='grc' dir='ltr'>ἐνανθρωπήσας</span> <span class='ocrx_word' id='word_1_786' title='bbox 1519 5024 1672 5089; x_wconf 73' lang='grc' dir='ltr'>Θεὸς,</span> 
     </span>
    </p>
   </div>
   <div class='ocr_carea' id='block_1_99' title="bbox 98 5109 1674 5186">
    <p class='ocr_par' dir='ltr' id='par_1_99' title="bbox 98 5109 1674 5186">
     <span class='ocr_line' id='line_1_99' title="bbox 98 5109 1674 5186; baseline 0.024 -40"><span class='ocrx_word' id='word_1_787' title='bbox 98 5109 362 5177; x_wconf 59' lang='grc' dir='ltr'><strong>ἆνθμυπος</strong></span> <span class='ocrx_word' id='word_1_788' title='bbox 408 5111 471 5163; x_wconf 83' lang='grc' dir='ltr'><strong>δὲ</strong></span> <span class='ocrx_word' id='word_1_789' title='bbox 510 5110 737 5179; x_wconf 75' lang='grc' dir='ltr'>μᾶλλον,</span> <span class='ocrx_word' id='word_1_790' title='bbox 768 5111 868 5181; x_wconf 79' lang='grc' dir='ltr'>τὴν</span> <span class='ocrx_word' id='word_1_791' title='bbox 907 5110 1053 5167; x_wconf 87' lang='grc' dir='ltr'>θείαν</span> <span class='ocrx_word' id='word_1_792' title='bbox 1086 5113 1381 5183; x_wconf 72' lang='grc' dir='ltr'>ἐνοίκησιν,</span> <span class='ocrx_word' id='word_1_793' title='bbox 1412 5115 1486 5179; x_wconf 79' lang='grc' dir='ltr'><strong>ὡς</strong></span> <span class='ocrx_word' id='word_1_794' title='bbox 1523 5116 1674 5186; x_wconf 77' lang='grc' dir='ltr'>ἐνέρ-</span> 
     </span>
    </p>
   </div>
   <div class='ocr_carea' id='block_1_100' title="bbox 98 5200 1670 5277">
    <p class='ocr_par' dir='ltr' id='par_1_100' title="bbox 98 5200 1670 5277">
     <span class='ocr_line' id='line_1_100' title="bbox 98 5200 1670 5277; baseline 0.006 -27"><span class='ocrx_word' id='word_1_795' title='bbox 98 5217 229 5263; x_wconf 71' lang='grc' dir='ltr'>τειαν</span> <span class='ocrx_word' id='word_1_796' title='bbox 258 5202 425 5272; x_wconf 77' lang='grc' dir='ltr'>ἔχων,</span> <span class='ocrx_word' id='word_1_797' title='bbox 446 5201 527 5263; x_wconf 76' lang='grc' dir='ltr'><strong>ὡς</strong></span> <span class='ocrx_word' id='word_1_798' title='bbox 556 5200 685 5254; x_wconf 78' lang='grc' dir='ltr'>ἴδιον</span> <span class='ocrx_word' id='word_1_799' title='bbox 715 5200 938 5271; x_wconf 83' lang='grc' dir='ltr'>Πνεῦμα</span> <span class='ocrx_word' id='word_1_800' title='bbox 960 5204 1021 5256; x_wconf 82' lang='grc' dir='ltr'><strong>τὸ</strong></span> <span class='ocrx_word' id='word_1_801' title='bbox 1044 5204 1139 5257; x_wconf 91' lang='grc' dir='ltr'><strong>τοῦ</strong></span> <span class='ocrx_word' id='word_1_802' title='bbox 1168 5206 1301 5258; x_wconf 85' lang='grc' dir='ltr'>Θεοῦ</span> <span class='ocrx_word' id='word_1_803' title='bbox 1331 5206 1423 5259; x_wconf 78' lang='grc' dir='ltr'>καὶ</span> <span class='ocrx_word' id='word_1_804' title='bbox 1439 5208 1670 5277; x_wconf 64' lang='grc' dir='ltr'>Πατρος,</span> 
     </span>
    </p>
   </div>
   <div class='ocr_carea' id='block_1_101' title="bbox 98 5292 1675 5367">
    <p class='ocr_par' dir='ltr' id='par_1_101' title="bbox 98 5292 1675 5367">
     <span class='ocr_line' id='line_1_101' title="bbox 98 5292 1675 5367; baseline 0.007 -26"><span class='ocrx_word' id='word_1_805' title='bbox 98 5293 187 5353; x_wconf 76' lang='grc' dir='ltr'>τοῖς</span> <span class='ocrx_word' id='word_1_806' title='bbox 214 5293 580 5346; x_wconf 84' lang='grc' dir='ltr'>πιστεύουσιν</span> <span class='ocrx_word' id='word_1_807' title='bbox 618 5293 697 5355; x_wconf 84' lang='grc' dir='ltr'><strong>εἰς</strong></span> <span class='ocrx_word' id='word_1_808' title='bbox 734 5292 897 5348; x_wconf 74' lang='grc' dir='ltr'>αὑτὸν</span> <span class='ocrx_word' id='word_1_809' title='bbox 932 5296 1311 5367; x_wconf 79' lang='grc' dir='ltr'>καταπέμψειν</span> <span class='ocrx_word' id='word_1_810' title='bbox 1347 5298 1675 5366; x_wconf 76' lang='grc' dir='ltr'>ἐπαγγέλλε-</span> 
     </span>
    </p>
   </div>
   <div class='ocr_carea' id='block_1_102' title="bbox 98 5380 1673 5457">
    <p class='ocr_par' dir='ltr' id='par_1_102' title="bbox 98 5380 1673 5457">
     <span class='ocr_line' id='line_1_102' title="bbox 98 5380 1673 5457; baseline 0.008 -30"><span class='ocrx_word' id='word_1_811' title='bbox 98 5396 199 5445; x_wconf 72' lang='grc' dir='ltr'>τιι;</span> <span class='ocrx_word' id='word_1_812' title='bbox 248 5382 415 5435; x_wconf 83' lang='grc' dir='ltr'><strong>’Λλλά</strong></span> <span class='ocrx_word' id='word_1_813' title='bbox 446 5381 585 5453; x_wconf 88' lang='grc' dir='ltr'><strong>γάρ,</strong></span> <span class='ocrx_word' id='word_1_814' title='bbox 615 5380 691 5445; x_wconf 81' lang='grc' dir='ltr'>ὡς</span> <span class='ocrx_word' id='word_1_815' title='bbox 732 5382 890 5452; x_wconf 79' lang='grc' dir='ltr'>ἔφην,</span> <span class='ocrx_word' id='word_1_816' title='bbox 918 5384 1013 5455; x_wconf 82' lang='grc' dir='ltr'>τὴν</span> <span class='ocrx_word' id='word_1_817' title='bbox 1048 5384 1141 5438; x_wconf 87' lang='grc' dir='ltr'><strong>τοῦ</strong></span> <span class='ocrx_word' id='word_1_818' title='bbox 1190 5387 1488 5457; x_wconf 85' lang='grc' dir='ltr'>μυστηρίου</span> <span class='ocrx_word' id='word_1_819' title='bbox 1519 5388 1673 5453; x_wconf 72' lang='grc' dir='ltr'>δόξαν</span> 
     </span>
    </p>
   </div>
   <div class='ocr_carea' id='block_1_103' title="bbox 98 5474 1669 5550">
    <p class='ocr_par' dir='ltr' id='par_1_103' title="bbox 98 5474 1669 5550">
     <span class='ocr_line' id='line_1_103' title="bbox 98 5474 1669 5550; baseline 0.006 -27"><span class='ocrx_word' id='word_1_820' title='bbox 98 5478 356 5530; x_wconf 53' lang='grc' dir='ltr'>καταπίῃ</span> <span class='ocrx_word' id='word_1_821' title='bbox 396 5475 541 5545; x_wconf 76' lang='grc' dir='ltr'>πρὸς</span> <span class='ocrx_word' id='word_1_822' title='bbox 577 5476 641 5527; x_wconf 80' lang='grc' dir='ltr'>τὸ</span> <span class='ocrx_word' id='word_1_823' title='bbox 672 5474 864 5545; x_wconf 84' lang='grc' dir='ltr'>μηδὲν,</span> <span class='ocrx_word' id='word_1_824' title='bbox 896 5478 1131 5549; x_wconf 74' lang='grc' dir='ltr'>μερίζων</span> <span class='ocrx_word' id='word_1_825' title='bbox 1160 5478 1347 5550; x_wconf 83' lang='grc' dir='ltr'>ὥσπερ</span> <span class='ocrx_word' id='word_1_826' title='bbox 1376 5480 1471 5550; x_wconf 79' lang='grc' dir='ltr'><strong>τῆς</strong></span> <span class='ocrx_word' id='word_1_827' title='bbox 1516 5482 1669 5548; x_wconf 75' lang='grc' dir='ltr'>ἁγίας</span> 
     </span>
    </p>
   </div>
   <div class='ocr_carea' id='block_1_104' title="bbox 100 5564 1671 5643">
    <p class='ocr_par' dir='ltr' id='par_1_104' title="bbox 100 5564 1671 5643">
     <span class='ocr_line' id='line_1_104' title="bbox 100 5564 1671 5643; baseline 0.008 -30"><span class='ocrx_word' id='word_1_828' title='bbox 100 5564 305 5633; x_wconf 70' lang='grc' dir='ltr'>Τριάδος</span> <span class='ocrx_word' id='word_1_829' title='bbox 333 5570 440 5639; x_wconf 75' lang='grc' dir='ltr'><strong>την</strong></span> <span class='ocrx_word' id='word_1_830' title='bbox 484 5567 576 5620; x_wconf 74' lang='grc' dir='ltr'>ἐπί</span> <span class='ocrx_word' id='word_1_831' title='bbox 608 5584 715 5620; x_wconf 81' lang='grc' dir='ltr'>τισι</span> <span class='ocrx_word' id='word_1_832' title='bbox 747 5567 855 5623; x_wconf 89' lang='grc' dir='ltr'><strong>τῶν</strong></span> <span class='ocrx_word' id='word_1_833' title='bbox 886 5568 1176 5640; x_wconf 83' lang='grc' dir='ltr'>δρωμένων</span> <span class='ocrx_word' id='word_1_834' title='bbox 1211 5572 1507 5643; x_wconf 75' lang='grc' dir='ltr'>ἐνέργειαν,</span> <span class='ocrx_word' id='word_1_835' title='bbox 1548 5573 1671 5625; x_wconf 64' lang='grc' dir='ltr'><strong>ἐκέις</strong></span> 
     </span>
    </p>
   </div>
   <div class='ocr_carea' id='block_1_105' title="bbox 1780 4560 3350 4631">
    <p class='ocr_par' dir='ltr' id='par_1_105' title="bbox 1780 4560 3350 4631">
     <span class='ocr_line' id='line_1_105' title="bbox 1780 4560 3350 4631; baseline -0.002 -15"><span class='ocrx_word' id='word_1_836' title='bbox 1780 4564 1967 4627; x_wconf 85' lang='lat' dir='ltr'><strong>Patre,</strong></span> <span class='ocrx_word' id='word_1_837' title='bbox 2000 4562 2235 4631; x_wconf 90' lang='lat' dir='ltr'><strong>Spiritus</strong></span> <span class='ocrx_word' id='word_1_838' title='bbox 2264 4563 2535 4627; x_wconf 83' lang='lat' dir='ltr'><strong>veritatis,</strong></span> <span class='ocrx_word' id='word_1_839' title='bbox 2573 4563 2661 4629; x_wconf 91' lang='lat' dir='ltr'><strong>qui</strong></span> <span class='ocrx_word' id='word_1_840' title='bbox 2696 4576 2725 4615; x_wconf 90' lang='lat' dir='ltr'><strong>a</strong></span> <span class='ocrx_word' id='word_1_841' title='bbox 2760 4562 2920 4615; x_wconf 85' lang='lat' dir='ltr'><strong>Patre</strong></span> <span class='ocrx_word' id='word_1_842' title='bbox 2955 4560 3227 4628; x_wconf 88' lang='lat' dir='ltr'><strong>procedit,</strong></span> <span class='ocrx_word' id='word_1_843' title='bbox 3262 4561 3350 4613; x_wconf 91' lang='lat' dir='ltr'><strong>ille</strong></span> 
     </span>
    </p>
   </div>
   <div class='ocr_carea' id='block_1_106' title="bbox 1790 4653 3351 4724">
    <p class='ocr_par' dir='ltr' id='par_1_106' title="bbox 1790 4653 3351 4724">
     <span class='ocr_line' id='line_1_106' title="bbox 1790 4653 3351 4724; baseline -0.002 -16"><span class='ocrx_word' id='word_1_844' title='bbox 1790 4654 2154 4711; x_wconf 83' lang='lat' dir='ltr'><strong>teStimonium</strong></span> <span class='ocrx_word' id='word_1_845' title='bbox 2186 4654 2492 4724; x_wconf 86' lang='lat' dir='ltr'><strong>perhibebit</strong></span> <span class='ocrx_word' id='word_1_846' title='bbox 2522 4653 2589 4708; x_wconf 89' lang='lat' dir='ltr'><strong>de</strong></span> <span class='ocrx_word' id='word_1_847' title='bbox 2618 4653 2783 4707; x_wconf 50' lang='lat' dir='ltr'><strong>me“.</strong></span> <span class='ocrx_word' id='word_1_848' title='bbox 2819 4672 2837 4703; x_wconf 79' lang='grc' dir='ltr'><strong>ι</strong></span> <span class='ocrx_word' id='word_1_849' title='bbox 2864 4653 3157 4708; x_wconf 89' lang='lat' dir='ltr'><strong>Considera</strong></span> <span class='ocrx_word' id='word_1_850' title='bbox 3191 4654 3351 4723; x_wconf 87' lang='lat' dir='ltr'><strong>igitur</strong></span> 
     </span>
    </p>
   </div>
   <div class='ocr_carea' id='block_1_107' title="bbox 1777 4745 3345 4818">
    <p class='ocr_par' dir='ltr' id='par_1_107' title="bbox 1777 4745 3345 4818">
     <span class='ocr_line' id='line_1_107' title="bbox 1777 4745 3345 4818; baseline -0.003 -16"><span class='ocrx_word' id='word_1_851' title='bbox 1777 4748 2227 4818; x_wconf 88' lang='lat' dir='ltr'><strong>quemadmodum</strong></span> <span class='ocrx_word' id='word_1_852' title='bbox 2263 4747 2521 4817; x_wconf 88' lang='lat' dir='ltr'><strong>Spiritum</strong></span> <span class='ocrx_word' id='word_1_853' title='bbox 2556 4762 2584 4800; x_wconf 92' lang='lat' dir='ltr'><strong>a</strong></span> <span class='ocrx_word' id='word_1_854' title='bbox 2622 4745 2734 4801; x_wconf 92' lang='lat' dir='ltr'><strong>Deo</strong></span> <span class='ocrx_word' id='word_1_855' title='bbox 2762 4755 2818 4800; x_wconf 93' lang='lat' dir='ltr'><strong>et</strong></span> <span class='ocrx_word' id='word_1_856' title='bbox 2852 4745 3012 4799; x_wconf 87' lang='lat' dir='ltr'><strong>Patre</strong></span> <span class='ocrx_word' id='word_1_857' title='bbox 3050 4748 3345 4815; x_wconf 86' lang='lat' dir='ltr'><strong>proceden-</strong></span> 
     </span>
    </p>
   </div>
   <div class='ocr_carea' id='block_1_108' title="bbox 1780 4836 3343 4906">
    <p class='ocr_par' dir='ltr' id='par_1_108' title="bbox 1780 4836 3343 4906">
     <span class='ocr_line' id='line_1_108' title="bbox 1780 4836 3343 4906; baseline -0.003 -14"><span class='ocrx_word' id='word_1_858' title='bbox 1780 4848 1919 4903; x_wconf 88' lang='lat' dir='ltr'><strong>tem,</strong></span> <span class='ocrx_word' id='word_1_859' title='bbox 1954 4839 2199 4894; x_wconf 90' lang='lat' dir='ltr'><strong>eumdem</strong></span> <span class='ocrx_word' id='word_1_860' title='bbox 2235 4838 2396 4892; x_wconf 90' lang='lat' dir='ltr'><strong>etiam</strong></span> <span class='ocrx_word' id='word_1_861' title='bbox 2433 4837 2677 4892; x_wconf 87' lang='lat' dir='ltr'><strong>veritatis</strong></span> <span class='ocrx_word' id='word_1_862' title='bbox 2712 4837 2984 4906; x_wconf 85' lang='lat' dir='ltr'><strong>preprium</strong></span> <span class='ocrx_word' id='word_1_863' title='bbox 3023 4850 3144 4891; x_wconf 89' lang='lat' dir='ltr'><strong>esse</strong></span> <span class='ocrx_word' id='word_1_864' title='bbox 3179 4836 3343 4900; x_wconf 89' lang='lat' dir='ltr'><strong>dicit;</strong></span> 
     </span>
    </p>
   </div>
   <div class='ocr_carea' id='block_1_109' title="bbox 1777 4917 3344 5001">
    <p class='ocr_par' dir='ltr' id='par_1_109' title="bbox 1777 4917 3344 5001">
     <span class='ocr_line' id='line_1_109' title="bbox 1777 4917 3344 5001; baseline -0.001 -18"><span class='ocrx_word' id='word_1_865' title='bbox 1777 4931 1890 5000; x_wconf 89' lang='lat' dir='ltr'><strong>ipse</strong></span> <span class='ocrx_word' id='word_1_866' title='bbox 1927 4940 2104 4985; x_wconf 91' lang='lat' dir='ltr'><strong>autem</strong></span> <span class='ocrx_word' id='word_1_867' title='bbox 2150 4945 2372 5001; x_wconf 88' lang='lat' dir='ltr'><strong>prorsus</strong></span> <span class='ocrx_word' id='word_1_868' title='bbox 2412 4940 2494 4983; x_wconf 86' lang='lat' dir='ltr'><strong>est</strong></span> <span class='ocrx_word' id='word_1_869' title='bbox 2536 4917 2822 4984; x_wconf 77' lang='lat' dir='ltr'><strong>veritas&quot;.</strong></span> <span class='ocrx_word' id='word_1_870' title='bbox 2868 4928 3027 4997; x_wconf 83' lang='lat' dir='ltr'><strong>Atqui</strong></span> <span class='ocrx_word' id='word_1_871' title='bbox 3072 4928 3116 4983; x_wconf 90' lang='lat' dir='ltr'><strong>si</strong></span> <span class='ocrx_word' id='word_1_872' title='bbox 3160 4943 3344 4983; x_wconf 80' lang='lat' dir='ltr'><strong>revera</strong></span> 
     </span>
    </p>
   </div>
   <div class='ocr_carea' id='block_1_110' title="bbox 1777 5021 3340 5090">
    <p class='ocr_par' dir='ltr' id='par_1_110' title="bbox 1777 5021 3340 5090">
     <span class='ocr_line' id='line_1_110' title="bbox 1777 5021 3340 5090; baseline 0 -14"><span class='ocrx_word' id='word_1_873' title='bbox 1777 5038 1882 5077; x_wconf 92' lang='lat' dir='ltr'><strong>non</strong></span> <span class='ocrx_word' id='word_1_874' title='bbox 1916 5022 2055 5077; x_wconf 88' lang='lat' dir='ltr'><strong>Deus</strong></span> <span class='ocrx_word' id='word_1_875' title='bbox 2085 5024 2248 5077; x_wconf 91' lang='lat' dir='ltr'><strong>homo</strong></span> <span class='ocrx_word' id='word_1_876' title='bbox 2280 5022 2457 5077; x_wconf 76' lang='lat' dir='ltr'><strong>factus</strong></span> <span class='ocrx_word' id='word_1_877' title='bbox 2483 5030 2595 5088; x_wconf 89' lang='lat' dir='ltr'><strong>est,</strong></span> <span class='ocrx_word' id='word_1_878' title='bbox 2626 5021 2719 5076; x_wconf 90' lang='lat' dir='ltr'><strong>sed</strong></span> <span class='ocrx_word' id='word_1_879' title='bbox 2753 5022 2913 5075; x_wconf 87' lang='lat' dir='ltr'><strong>homo</strong></span> <span class='ocrx_word' id='word_1_880' title='bbox 2946 5021 3123 5090; x_wconf 90' lang='lat' dir='ltr'><strong>potius</strong></span> <span class='ocrx_word' id='word_1_881' title='bbox 3152 5030 3237 5075; x_wconf 89' lang='lat' dir='ltr'><strong>est</strong></span> <span class='ocrx_word' id='word_1_882' title='bbox 3266 5022 3340 5076; x_wconf 90' lang='lat' dir='ltr'><strong>di-</strong></span> 
     </span>
    </p>
   </div>
   <div class='ocr_carea' id='block_1_111' title="bbox 1776 5114 3346 5184">
    <p class='ocr_par' dir='ltr' id='par_1_111' title="bbox 1776 5114 3346 5184">
     <span class='ocr_line' id='line_1_111' title="bbox 1776 5114 3346 5184; baseline -0.001 -17"><span class='ocrx_word' id='word_1_883' title='bbox 1776 5115 1953 5169; x_wconf 79' lang='lat' dir='ltr'><strong>vinam</strong></span> <span class='ocrx_word' id='word_1_884' title='bbox 1984 5114 2427 5170; x_wconf 86' lang='lat' dir='ltr'><strong>inhabitationem</strong></span> <span class='ocrx_word' id='word_1_885' title='bbox 2456 5124 2714 5184; x_wconf 87' lang='lat' dir='ltr'><strong>tanquam</strong></span> <span class='ocrx_word' id='word_1_886' title='bbox 2744 5114 3112 5181; x_wconf 88' lang='lat' dir='ltr'><strong>operationem</strong></span> <span class='ocrx_word' id='word_1_887' title='bbox 3137 5127 3241 5180; x_wconf 86' lang='lat' dir='ltr'><strong>qua</strong></span> <span class='ocrx_word' id='word_1_888' title='bbox 3273 5115 3346 5167; x_wconf 88' lang='lat' dir='ltr'><strong>ei-</strong></span> 
     </span>
    </p>
   </div>
   <div class='ocr_carea' id='block_1_112' title="bbox 1776 5205 3347 5276">
    <p class='ocr_par' dir='ltr' id='par_1_112' title="bbox 1776 5205 3347 5276">
     <span class='ocr_line' id='line_1_112' title="bbox 1776 5205 3347 5276; baseline -0.001 -16"><span class='ocrx_word' id='word_1_889' title='bbox 1776 5216 1929 5261; x_wconf 87' lang='lat' dir='ltr'><strong>catur</strong></span> <span class='ocrx_word' id='word_1_890' title='bbox 1985 5206 2210 5273; x_wconf 87' lang='lat' dir='ltr'><strong>habens,</strong></span> <span class='ocrx_word' id='word_1_891' title='bbox 2244 5207 2511 5276; x_wconf 89' lang='lat' dir='ltr'><strong>quomodo</strong></span> <span class='ocrx_word' id='word_1_892' title='bbox 2548 5207 2601 5262; x_wconf 92' lang='lat' dir='ltr'><strong>in</strong></span> <span class='ocrx_word' id='word_1_893' title='bbox 2640 5220 2699 5260; x_wconf 92' lang='lat' dir='ltr'><strong>se</strong></span> <span class='ocrx_word' id='word_1_894' title='bbox 2733 5205 3080 5260; x_wconf 85' lang='lat' dir='ltr'><strong>credentibus</strong></span> <span class='ocrx_word' id='word_1_895' title='bbox 3119 5205 3210 5260; x_wconf 85' lang='lat' dir='ltr'><strong>Dei</strong></span> <span class='ocrx_word' id='word_1_896' title='bbox 3250 5205 3347 5259; x_wconf 82' lang='lat' dir='ltr'><strong>Pa-</strong></span> 
     </span>
    </p>
   </div>
   <div class='ocr_carea' id='block_1_113' title="bbox 1778 5297 3344 5367">
    <p class='ocr_par' dir='ltr' id='par_1_113' title="bbox 1778 5297 3344 5367">
     <span class='ocr_line' id='line_1_113' title="bbox 1778 5297 3344 5367; baseline -0.001 -16"><span class='ocrx_word' id='word_1_897' title='bbox 1778 5298 1979 5365; x_wconf 89' lang='lat' dir='ltr'><strong>trisque</strong></span> <span class='ocrx_word' id='word_1_898' title='bbox 2021 5297 2279 5367; x_wconf 86' lang='lat' dir='ltr'><strong>Spiritum</strong></span> <span class='ocrx_word' id='word_1_899' title='bbox 2329 5307 2581 5367; x_wconf 82' lang='lat' dir='ltr'><strong>tanquatn</strong></span> <span class='ocrx_word' id='word_1_900' title='bbox 2628 5298 2902 5365; x_wconf 74' lang='lat' dir='ltr'><strong>proprium</strong></span> <span class='ocrx_word' id='word_1_901' title='bbox 2949 5312 3007 5352; x_wconf 91' lang='lat' dir='ltr'><strong>se</strong></span> <span class='ocrx_word' id='word_1_902' title='bbox 3053 5298 3344 5352; x_wconf 85' lang='lat' dir='ltr'><strong>missurum</strong></span> 
     </span>
    </p>
   </div>
   <div class='ocr_carea' id='block_1_114' title="bbox 1775 5388 3340 5459">
    <p class='ocr_par' dir='ltr' id='par_1_114' title="bbox 1775 5388 3340 5459">
     <span class='ocr_line' id='line_1_114' title="bbox 1775 5388 3340 5459; baseline -0.001 -19"><span class='ocrx_word' id='word_1_903' title='bbox 1775 5390 2093 5458; x_wconf 80' lang='lat' dir='ltr'><strong>pollicetur?</strong></span> <span class='ocrx_word' id='word_1_904' title='bbox 2124 5388 2257 5454; x_wconf 86' lang='lat' dir='ltr'><strong>Sed,</strong></span> <span class='ocrx_word' id='word_1_905' title='bbox 2290 5400 2346 5443; x_wconf 93' lang='lat' dir='ltr'><strong>ut</strong></span> <span class='ocrx_word' id='word_1_906' title='bbox 2370 5390 2481 5458; x_wconf 83' lang='lat' dir='ltr'><strong>jam</strong></span> <span class='ocrx_word' id='word_1_907' title='bbox 2510 5389 2647 5453; x_wconf 78' lang='lat' dir='ltr'><strong>dixi,</strong></span> <span class='ocrx_word' id='word_1_908' title='bbox 2686 5390 2819 5443; x_wconf 87' lang='lat' dir='ltr'><strong>tanti</strong></span> <span class='ocrx_word' id='word_1_909' title='bbox 2854 5389 3093 5459; x_wconf 87' lang='lat' dir='ltr'><strong>mystcrii</strong></span> <span class='ocrx_word' id='word_1_910' title='bbox 3130 5390 3305 5457; x_wconf 88' lang='lat' dir='ltr'><strong>magni</strong></span> <span class='ocrx_word' id='word_1_911' title='bbox 3326 5414 3340 5425; x_wconf 92' lang='lat'><strong>-</strong></span> 
     </span>
    </p>
   </div>
   <div class='ocr_carea' id='block_1_115' title="bbox 1776 5480 3339 5551">
    <p class='ocr_par' dir='ltr' id='par_1_115' title="bbox 1776 5480 3339 5551">
     <span class='ocr_line' id='line_1_115' title="bbox 1776 5480 3339 5551; baseline -0.001 -17"><span class='ocrx_word' id='word_1_912' title='bbox 1776 5481 2015 5535; x_wconf 87' lang='lat' dir='ltr'><strong>tudinem</strong></span> <span class='ocrx_word' id='word_1_913' title='bbox 2052 5482 2118 5536; x_wconf 87' lang='lat' dir='ltr'><strong>ad</strong></span> <span class='ocrx_word' id='word_1_914' title='bbox 2154 5482 2379 5536; x_wconf 89' lang='lat' dir='ltr'><strong>nihilum</strong></span> <span class='ocrx_word' id='word_1_915' title='bbox 2419 5483 2636 5551; x_wconf 70' lang='lat' dir='ltr'><strong>dcjicit,</strong></span> <span class='ocrx_word' id='word_1_916' title='bbox 2672 5484 2913 5538; x_wconf 89' lang='lat' dir='ltr'><strong>dividens</strong></span> <span class='ocrx_word' id='word_1_917' title='bbox 2948 5480 3339 5551; x_wconf 85' lang='lat' dir='ltr'><strong>quodammodo</strong></span> 
     </span>
    </p>
   </div>
   <div class='ocr_carea' id='block_1_116' title="bbox 1778 5572 3341 5645">
    <p class='ocr_par' dir='ltr' id='par_1_116' title="bbox 1778 5572 3341 5645">
     <span class='ocr_line' id='line_1_116' title="bbox 1778 5572 3341 5645; baseline -0.002 -17"><span class='ocrx_word' id='word_1_918' title='bbox 1778 5590 1867 5642; x_wconf 83' lang='lat' dir='ltr'><strong>per</strong></span> <span class='ocrx_word' id='word_1_919' title='bbox 1902 5576 2144 5645; x_wconf 68' lang='lat' dir='ltr'><strong>quaedam</strong></span> <span class='ocrx_word' id='word_1_920' title='bbox 2178 5590 2337 5645; x_wconf 90' lang='lat' dir='ltr'><strong>opera</strong></span> <span class='ocrx_word' id='word_1_921' title='bbox 2376 5576 2517 5631; x_wconf 75' lang='lat' dir='ltr'><strong>illam</strong></span> <span class='ocrx_word' id='word_1_922' title='bbox 2557 5587 2759 5633; x_wconf 77' lang='lat' dir='ltr'><strong>sancta:</strong></span> <span class='ocrx_word' id='word_1_923' title='bbox 2792 5573 3072 5631; x_wconf 81' lang='lat' dir='ltr'><strong>Trinitatis</strong></span> <span class='ocrx_word' id='word_1_924' title='bbox 3106 5572 3341 5630; x_wconf 80' lang='lat' dir='ltr'><strong>Cilicien-</strong></span> 
     </span>
    </p>
   </div>
   <div class='ocr_carea' id='block_1_117' title="bbox 158 5742 2335 5819">
    <p class='ocr_par' dir='ltr' id='par_1_117' title="bbox 158 5742 2335 5819">
     <span class='ocr_line' id='line_1_117' title="bbox 158 5742 2335 5819; baseline 0.002 -20"><span class='ocrx_word' id='word_1_925' title='bbox 158 5742 195 5771; x_wconf 79' lang='lat'>&quot;</span> <span class='ocrx_word' id='word_1_926' title='bbox 224 5743 389 5801; x_wconf 77' lang='lat' dir='ltr'><strong>Hebr.</strong></span> <span class='ocrx_word' id='word_1_927' title='bbox 428 5761 553 5811; x_wconf 75' lang='lat' dir='ltr'><strong>xm,</strong></span> <span class='ocrx_word' id='word_1_928' title='bbox 587 5745 638 5803; x_wconf 89' lang='lat'><strong>8.</strong></span> <span class='ocrx_word' id='word_1_929' title='bbox 722 5746 764 5778; x_wconf 75' lang='grc'><strong>⁸³</strong></span> <span class='ocrx_word' id='word_1_930' title='bbox 794 5745 949 5802; x_wconf 76' lang='lat' dir='ltr'><strong>Juan.</strong></span> <span class='ocrx_word' id='word_1_931' title='bbox 976 5763 1013 5812; x_wconf 84' lang='lat' dir='ltr'><strong>I,</strong></span> <span class='ocrx_word' id='word_1_932' title='bbox 1048 5748 1241 5816; x_wconf 68' lang='lat'><strong>35,36.</strong></span> <span class='ocrx_word' id='word_1_933' title='bbox 1322 5750 1364 5782; x_wconf 76' lang='lat'><strong><em>&quot;&#39;</em></strong></span> <span class='ocrx_word' id='word_1_934' title='bbox 1396 5748 1547 5806; x_wconf 78' lang='lat' dir='ltr'><strong>Joan.</strong></span> <span class='ocrx_word' id='word_1_935' title='bbox 1596 5767 1680 5819; x_wconf 79' lang='lat' dir='ltr'><strong>xv,</strong></span> <span class='ocrx_word' id='word_1_936' title='bbox 1718 5750 1783 5806; x_wconf 82' lang='lat'><strong>‘26</strong></span> <span class='ocrx_word' id='word_1_937' title='bbox 1885 5752 1926 5781; x_wconf 76' lang='lat'>“</span> <span class='ocrx_word' id='word_1_938' title='bbox 1955 5750 2105 5807; x_wconf 71' lang='lat' dir='ltr'><strong>Joan.</strong></span> <span class='ocrx_word' id='word_1_939' title='bbox 2145 5768 2252 5819; x_wconf 68' lang='lat' dir='ltr'><strong>XI“,</strong></span> <span class='ocrx_word' id='word_1_940' title='bbox 2287 5753 2335 5806; x_wconf 71' lang='grc' dir='ltr'>θ.</span> 
     </span>
    </p>
   </div>
  </div>
