4040 6432
665 342 770 395 179

668 562 775 597 non
817 544 944 598 fecit
989 543 1180 596 altera.
1223 541 1430 596 Rursus
1470 543 1543 594 ita
1585 541 1720 594 dixit
1757 559 1770 595 :
1813 539 2003 610 [Filius
2043 539 2234 606 elegit;

671 654 688 681 ι
723 633 834 699 Ego
859 632 1024 694 enim,
1052 631 1248 699 inquit,
1275 645 1374 684 vos
1403 631 1560 697 elegi.
1597 649 1614 681 ι
1647 630 1807 683 Pater
1832 629 2192 684 sanctiﬁcavit
2221 646 2233 678 :

669 723 900 788 Spiritus
921 721 1097 776 eil‘ecit
1120 721 1411 792 oratores]
1437 721 1479 776 Ο
1505 721 1850 774 immodicam
1877 729 2065 774 emotze
2092 735 2238 773 men-

669 812 737 864 tis
773 811 1071 864 insaniam!
1113 810 1169 864 Si
1203 810 1382 865 omnia
1422 811 1559 866 facta
1598 822 1726 866 sunt
1761 827 1790 864 a
1826 811 1986 865 Patre
2023 825 2116 878 per
2148 809 2238 862 Fi-

666 901 795 954 lium
829 903 881 955 in
916 902 1118 970 Spiritu
1140 941 1155 966 ,
1185 917 1362 971 neque
1392 903 1593 972 aliquid
1629 902 1745 957 ﬁeri
1781 903 2043 970 contingit
2073 919 2102 956 a
2133 901 2241 956 Deo

666 1002 722 1044 et
747 991 927 1057 Patre,
958 992 1059 1045 nisi
1091 993 1193 1046 hoc
1222 992 1340 1060 ipso
1370 994 1547 1058 modo,
1574 994 1662 1059 qui
1697 993 1811 1046 ﬁeri
1843 1001 2020 1060 potest
2046 1002 2104 1045 ut
2134 1007 2238 1045 non

666 1084 735 1139 sit
765 1083 925 1153 plane
950 1083 1224 1151 stupidus,
1250 1084 1340 1152 qui
1370 1084 1691 1137 immortalis
1726 1083 1865 1136 illius
1892 1094 1946 1136 ct
1977 1085 2132 1136 unius
2160 1083 2240 1135 di-

667 1175 913 1230 vinitatis
939 1175 1262 1244 quibusdam
1293 1175 1344 1230 in
1375 1177 1536 1228 rebus
1561 1174 1908 1243 operationes
1937 1172 2239 1242 ltypostasi-

667 1266 768 1321 bus
803 1266 1057 1335 privatim
1093 1281 1157 1320 ac
1191 1267 1410 1335 proprie
1447 1266 1774 1335 impertitnr,
1812 1279 1909 1318 nec
1943 1265 2120 1332 potius
2157 1261 2238 1315 af-

668 1358 851 1412 ﬁrmat
880 1359 1089 1427 singula
1122 1373 1239 1426 quae
1271 1368 1556 1426 geruntur,
1586 1373 1614 1410 a
1648 1357 1809 1411 Patre
1837 1371 1930 1424 per
1960 1355 2152 1409 Filium
2189 1355 2240 1408 in

669 1449 872 1517 Spiritu
907 1463 1027 1504 esse
1061 1447 1244 1502 facta?
1277 1449 1409 1502 Nam
1446 1450 1488 1502 si
1526 1457 1609 1502 est
1643 1448 1810 1502 Filius
1842 1458 1895 1501 et
1930 1447 2238 1508 consilium,

665 1546 720 1592 et
746 1537 1033 1604 sapientia,
1058 1547 1112 1592 et
1136 1538 1304 1590 virtus
1332 1537 1509 1591 Patris
1530 1539 1596 1602 ⁸⁸,
1627 1553 1852 1606 prorsus,
1873 1538 2054 1590 omnia
2083 1536 2242 1590 Pater

668 1643 764 1695 per
793 1629 990 1683 Filium
1026 1638 1282 1698 tanquam
1316 1645 1410 1697 per
1440 1630 1719 1684 consilium
1753 1639 1804 1684 et
1837 1630 2156 1695 sapientiam
2190 1636 2243 1681 et

666 1719 925 1773 virtutem
964 1720 1299 1787 operabitur.
1330 1718 1420 1774 Sic
1453 1721 1778 1787 optimorum
1818 1719 1998 1773 habita
2036 1720 2242 1772 ratione

669 1808 960 1877 discipulos
987 1809 1169 1878 elegit,
1198 1809 1277 1863 sic
1298 1808 1407 1876 jam
1439 1808 1639 1863 electos
1668 1808 1895 1862 dicimus
1925 1807 2091 1860 fuisse
2117 1820 2241 1868 san-
2274 1792 2313 1844 Β

669 1900 959 1961 ctiﬁcatos,
986 1899 1063 1953 sic
1092 1899 1260 1952 factos
1285 1908 1551 1960 oratores,
1581 1907 1834 1965 tanquam
1866 1912 1929 1950 ex
1960 1912 2063 1949 una
2091 1897 2243 1947 vide-

671 1990 795 2044 licet
821 1990 1052 2054 deitate,
1078 2004 1107 2042 a
1138 1988 1299 2044 Patre
1327 2003 1419 2056 per
1443 1988 1635 2041 Filium
1667 1989 1716 2040 in
1747 1988 1974 2055 Spiritu.
2011 2004 2028 2036 ι
2063 1985 2241 2050 Pater,

673 2082 874 2149 inquit,
920 2091 1134 2147 sancte,
1179 2081 1457 2136 sanetilica
1511 2081 1630 2134 illos
1681 2081 1732 2133 in
1779 2079 2006 2132 veritate
2056 2087 2164 2134 tua.
2217 2095 2237 2128 ι

672 2172 987 2227 Sanctiﬁcat
1020 2188 1150 2242 ergo
1188 2173 1301 2243 ipsa
1333 2171 1566 2237 Veritas,
1607 2173 1708 2226 hoc
1741 2180 1843 2234 est,
1882 2169 2052 2223 Filius
2087 2185 2104 2223 :
2142 2169 2242 2221 im-

672 2261 838 2316 mittit
878 2263 1042 2317 etiam
1085 2272 1334 2316 sanctum
1377 2261 1638 2330 Spiritum
1685 2260 1956 2324 similiter,
1992 2268 2045 2313 et
2082 2258 2244 2312 eilicit

672 2355 976 2422 sapientes,
1009 2368 1072 2408 ac
1105 2369 1201 2422 per
1230 2352 1405 2407 sancti
1443 2352 1675 2420 Spiritus
1709 2350 2077 2420 operationem
2118 2348 2243 2402 reli-

671 2446 820 2512 giose
849 2444 1180 2514 eloquentes.
1213 2444 1397 2513 Itaque
1429 2444 1481 2496 in
1516 2442 1753 2497 Matthasi
1785 2441 2082 2510 Evangelio
2109 2439 2245 2493 dixit

671 2535 952 2604 discipulis
982 2533 1094 2588 suis
1124 2552 1140 2590 :
1178 2552 1196 2585 ι
1231 2534 1364 2589 Cum
1397 2534 1717 2589 tradiderint
1746 2547 1871 2597 vos,
1903 2531 2068 2586 nolite
2096 2532 2244 2599 cogi-

674 2634 787 2679 tare
807 2625 1076 2695 quomodo
1098 2635 1191 2680 aut
1213 2626 1338 2696 quid
1363 2626 1652 2695 loquamini
1672 2645 1687 2692 ;
1708 2626 1923 2680 dabitur
1936 2625 2076 2678 enim
2096 2623 2247 2677 vobis

673 2715 727 2769 in
760 2716 849 2770 illa
880 2717 1010 2771 bora
1040 2718 1169 2786 quid
1201 2717 1514 2786 loquamini.
1543 2717 1658 2771 Non
1692 2717 1838 2771 enim
1867 2732 1961 2771 vos
1991 2717 2124 2770 estis
2152 2715 2246 2783 qui

677 2807 995 2876 loquimini“,
1026 2810 1119 2864 sed
1150 2809 1384 2877 Spiritus
1417 2809 1591 2865 Patris
1615 2811 1779 2864 vestri
1811 2810 1900 2878 qui
1933 2809 2165 2878 loquitur
2195 2811 2246 2860 in

679 2899 834 2970 103
861 2901 1009 2956 vobis
1026 2901 1091 2954 ".
1124 2920 1142 2953 ι
1172 2901 1226 2955 Ιιι
1257 2901 1414 2956 Luca:
1443 2912 1619 2956 autem
1651 2901 1942 2971 Evangelio
1969 2919 1982 2956 :
2011 2921 2027 2953 ι
2061 2901 2248 2955 Ponite

674 3008 804 3061 ergo
838 2992 891 3048 in
928 2992 1182 3048 cordibus
1220 2995 1412 3050 vestris
1451 3010 1556 3049 non
1596 2996 1954 3065 prtemeditari
1990 2996 2247 3064 quemad-

1702 338 1759 392 S.
1805 334 2078 392 CYRlLLl
2118 334 2588 390 ALEXANDRINI
2631 330 2948 387 ARCHIEP.

667 459 822 518 tiam,
858 461 904 506 cl
951 451 1145 520 cuique
1185 449 1459 520 hypostasi
1505 448 1756 515 privatim
1804 450 2066 512 tribuens,
2104 448 2245 515 quod

2358 461 2455 516 στῃ
2487 463 2544 496 τε
2584 445 2690 497 τῶν
2724 440 3070 495 ὑποστάσεων
3105 434 3391 504 ἀπονέμων
3426 432 3626 494 ίδικῶς,
3659 431 3686 483 ὃ
3729 431 3799 501 μὴ
3829 434 3916 484 πέ-
4011 469 4025 476 ι.

2346 555 2556 607 πραχεν
2589 540 2621 607 ἡ
2659 538 2840 603 ἑτέρα.
2867 532 3033 585 Πάλιν
3060 524 3161 583 ὧδὲ
3191 544 3374 596 φησιν.
3393 527 3449 578 '0
3477 526 3600 587 Υίὺς
3622 523 3914 589 ἐξελέξατο·
4001 523 4025 568 -ὲ

2348 629 2532 697 «Ἐγὼ
2586 630 2715 698 γὰρ,
2763 626 2948 696 φησὶν,
2992 623 3135 692 ὑμᾶς
3186 618 3549 686 ἐξελεξάμην·
3584 635 3602 667 ι
3659 618 3687 666 6
3738 615 3920 682 Πατὴρ
3991 609 4022 657 .L

2344 724 2574 793 ἡγίασεο
2625 719 2687 770 τὸ
2733 715 2956 785 Πνεῦμα
3004 711 3374 767 κατεσκεύασε
3425 710 3680 779 ῥήτορας.
3710 707 3773 757 Ὢ
3824 706 3918 774 τῆς
4001 720 4022 750 .-

3824 323 3919 377 180

2345 816 2587 884 ἀμέτρου
2625 807 3064 880 φρενοϐλαϐείας.
3102 806 3170 856 Et
3200 803 3380 855 πάντα
3412 799 3604 867 γέγονε
3641 797 3792 866 παρά
3828 795 3919 847 τοῦ

2347 905 2558 973 Πατρὸς
2595 904 2661 954 δι’
2696 899 2826 954 Υἱοῦ
2857 901 2913 951 ἐν
2953 897 3253 963 Πνεύματι,
3288 893 3386 945 καὶ
3414 892 3514 943 οὑκ
3559 889 3623 942 ἄν
3659 907 3710 940 τι
3755 887 3927 958 δρῷτο
3999 907 4025 932 .;

2347 995 2504 1066 παρά
2545 993 2639 1046 τοῦ
2683 991 2817 1045 Θεοῦ
2863 991 2957 1042 καὶ
3001 987 3236 1056 Πατρὸς,
3275 984 3416 1052 πλὴν
3445 983 3526 1034 ὅτι
3570 978 3710 1033 κατά
3741 980 3922 1030 τοῦτον
4003 978 4025 1026 ·Ϊ

2347 1089 2507 1141 αὑτὸν
2538 1087 2628 1138 τὸν
2666 1084 2888 1155 τρόπον,
2918 1081 3035 1144 πῶς
3069 1079 3175 1132 οὑκ
3215 1077 3565 1144 ἀπόπληκτος
3606 1073 3689 1141 εἴη
3735 1071 3799 1123 ἂν
3830 1069 3918 1121 καὶ
4007 1088 4025 1118 ,Α

2346 1182 2489 1252 μάλα
2515 1180 2758 1239 εἰκότως,
2781 1179 2808 1228 6
2833 1178 2949 1236 ταῖς
2979 1172 3307 1225 ὑποστάσεσι
3333 1165 3716 1235 καταμερίζων
3744 1162 3919 1223 ίδικῶς
4005 1181 4012 1186 ·

2341 1271 2438 1332 τὰς
2469 1268 2558 1320 ὲπί
2591 1267 2654 1336 γὲ
2682 1283 2821 1318 τισιν
2851 1263 3148 1332 ἐνεργείας,
3183 1260 3285 1326 τῆς
3332 1255 3613 1326 ἀκηράτου
3658 1252 3752 1304 καὶ
3798 1252 3919 1318 μιᾶς
4005 1271 4025 1302 ’λ

2344 1359 2593 1425 θεότητος
2614 1368 2627 1383 ⁶
2665 1355 2755 1408 καὶ
2792 1354 2910 1420 οὐχὶ
2931 1353 2992 1422 δὴ
3032 1349 3229 1419 μᾶλλον
3258 1348 3466 1399 ἕκαστα
3501 1343 3608 1394 τῶν
3631 1339 3919 1410 δρωμένων
3997 1363 4025 1394 ,;τ,

2343 1446 2654 1519 πεπρᾶχθαι
2689 1443 3168 1510 διαϐεϐαιούμενος
3207 1438 3352 1508 παρὰ
3378 1435 3591 1504 Πατρδς
3617 1433 3683 1483 δι)
3715 1430 3844 1483 Tim?
3868 1431 3931 1481 ἐν
4001 1457 4025 1486 ;,

2345 1540 2658 1608 Πνεύματι;
2695 1537 2758 1590 El
2787 1535 2905 1602 γάρ,
2927 1535 3071 1584 ἐστιν
3109 1532 3139 1582 ὁ
3174 1530 3302 1590 Υἱὸς
3331 1527 3425 1578 καὶ
3457 1523 3621 1593 βουλὴ
3647 1522 3740 1574 καὶ
3770 1519 3928 1608 σοφίας
3990 1563 3995 1568 .

2343 1630 2438 1683 καὶ
2472 1629 2697 1698 δύναμις
2728 1625 2818 1678 τοῦ
2857 1624 3087 1694 Πατρὸς,
3125 1621 3304 1674 πάντα
3336 1635 3436 1670 που
3473 1615 3710 1674 πάντως,
3740 1611 3814 1673 ὠς
3841 1607 3926 1662 διὰ
3999 1635 4025 1670 ςρ

2348 1721 2540 1789 βουλῆς
2567 1720 2662 1771 καὶ
2695 1717 2883 1785 σοφίας
2915 1715 3008 1767 καὶ
3037 1712 3320 1779 δυνάμεως
3352 1710 3380 1759 6
3415 1705 3602 1774 Πατὴρ
3633 1703 3927 1772 ἐργάσεται
4023 1714 4025 1722 ‘

2343 1818 2409 1869 δι’
2437 1813 2586 1866 Υἱοῦ.
2613 1811 2798 1873 Οὕτως
2845 1807 3105 1879 ἀριστίνὸ’
3151 1803 3484 1862 ἀπολέκτους
3529 1799 3768 1849 ἐποιεῖτο
3806 1796 3927 1857 τοὺς
3999 1817 4025 1850 ’τ

2350 1904 2593 1976 μαθητάς
2612 1919 2624 1930 ·
2655 1902 2826 1963 οὕτως
2855 1896 3116 1968 ἡγιάσθαι
3137 1895 3318 1963 φαμὲν
3337 1892 3462 1952 τοὺς
3485 1888 3922 1956 ἐξειλεγμένους·

2344 1998 2486 2050 οῦτω
2513 1991 2839 2063 γεγενῆσθαι
2874 1991 3128 2059 ῥήτορας,
3161 1986 3235 2047 ὡς
3269 1985 3332 2036 ἐκ
3370 1985 3496 2052 μιᾶς
3533 1979 3783 2049 δηλονότι
3813 1977 3929 2030 θεό-

2344 2105 2526 2160 τητος,
2555 2084 2708 2155 παρὰ
2736 2081 2948 2152 Πατρὸς
2993 2080 3057 2132 δι’
3087 2076 3222 2130 Υίοῦ
3260 2079 3318 2128 ἐν
3361 2073 3661 2143 Πνεύματι.
3702 2091 3718 2122 ι
3755 2071 3938 2138 Πάτερ.

2345 2181 2453 2250 γὰρ
2483 2179 2629 2243 ἀγιε,
2655 2174 2843 2245 φησιν,
2866 2171 3092 2239 ἁγίασον
3118 2168 3316 2230 αὐτοὺς
3347 2166 3405 2218 ὲν
3425 2167 3491 2235 τῇ
3515 2163 3746 2232 ἀληθείᾳ
3773 2178 3882 2212 σου.
3909 2177 3929 2208 ι
3997 2189 4020 2210 .-

2358 2269 2597 2338 Ἀγιάζει
2637 2268 2816 2320 τοίνυν
2844 2267 2876 2335 ἡ
2918 2259 3168 2332 ἀλήθεια,
3203 2257 3480 2312 τουτέστιν
3510 2258 3538 2308 6
3567 2253 3695 2317 Υἱός
3715 2268 3730 2282 ⁸
3763 2251 3940 2320 ἐνίησι
4010 2265 4025 2313 ,χ

2345 2363 2402 2415 δὲ
2433 2363 2525 2415 καὶ
2551 2359 2750 2430 ὁμοίως
2780 2358 2874 2410 καὶ
2905 2351 3196 2421 ἀποφαίνει
3233 2349 3451 2416 σοφοὺς,
3485 2347 3578 2400 καὶ
3609 2345 3696 2398 διὰ
3720 2344 3818 2413 τῆς
3843 2341 3937 2393 τοῦ

2346 2455 2501 2521 ἁγίου
2533 2450 2847 2520 Πνεύματος
2895 2445 3006 2516 [ῖσ.
3034 2444 3096 2496 τὸ
3141 2443 3296 2510 ἆγιον
3321 2437 3572 2510 Πνεῦμα]
3630 2436 3932 2506 ἐνεργείας,

2348 2542 2609 2612 θεοφιλῶς
2645 2535 3216 2607 κατεγλωττισμένους
3267 2531 3394 2602 [ἵσ.
3431 2525 3939 2596 κατευγλωττισμέξ
4018 2558 4025 2567 -

2347 2635 2674 2707 νους].”Εφη
2704 2632 2830 2701 γοῦν
2868 2633 2925 2684 ὲν
2962 2628 3060 2699 μὲν
3089 2629 3157 2697 τῇ
3197 2624 3292 2678 τοῦ
3319 2622 3598 2678 Ματθαίου
3639 2621 3935 2690 συγγραφῇ
4002 2629 4025 2681 ξς

2349 2729 2485 2800 πρὸς
2511 2728 2636 2790 τοὺς
2667 2722 2865 2779 ἑαυτοῦ
2899 2719 3171 2793 μαθητὰς,
3216 2739 3234 2770 ι
3259 2718 3430 2769 ’Ὀταν
3468 2715 3526 2767 δὲ
3569 2711 3942 2782 παραδίδωσιν

2351 2821 2459 2874 τῑσ.
2498 2814 2896 2889 παραδιδῶσιν]
2947 2814 3125 2884 ὑμᾶς,
3165 2809 3237 2880 μὴ
3286 2807 3662 2879 μεριμνήσητε
3711 2802 3856 2867 πῶς,
3905 2800 3938 2869 ἢ

2349 2914 2401 2966 τί
2430 2911 2732 2981 λαλήσητεο
2769 2907 3053 2978 δοθήσεται
3085 2904 3196 2973 γάρ
3225 2903 3352 2973 ὑμῖν
3390 2902 3448 2953 ὲν
3485 2901 3667 2967 ἐκείνῃ
3699 2900 3767 2968 τῇ
3795 2895 3938 2968 ὥρᾳ,
3993 2910 4013 2957 ,τί

2331 3006 2403 3058 ιτί
2435 3005 2728 3074 λαλήσετε·
2763 3003 2821 3055 οὑ
2857 3001 2966 3070 γὰρ
2997 3000 3152 3068 ὑμεῖς
3199 2999 3322 3048 ὲστε
3365 2996 3413 3047 oi
3460 2991 3772 3052 λαλοῦντες,
3804 2986 3939 3040 ἀλλὰ
3991 3031 4025 3059 ,λ

676 3084 891 3138 modum
923 3085 1316 3153 re5p0ndeatis.
1341 3085 1453 3157 Ego
1477 3087 1619 3142 enim
1650 3087 1788 3142 dabo
1811 3087 1964 3142 vobis
1993 3103 2052 3142 os
2079 3096 2132 3140 et
2159 3101 2248 3140 sa-

2358 3097 2411 3150 τὸ
2460 3095 2682 3165 Πνεῦμα
2728 3093 2819 3146 τοῦ
2868 3091 3078 3161 Πατρὸς
3126 3087 3279 3158 ὑμῶν
3322 3085 3382 3138 τὸ
3423 3081 3617 3187 λαλοῦν
3644 3082 3701 3132 ὲν
3728 3080 3882 3149 ὑμῖν.
3916 3096 3942 3127 λ

675 3175 952 3244 pientiam,
980 3175 1063 3231 cui
1095 3192 1201 3232 non
1230 3187 1481 3246 poterunt
1509 3179 1885 3234 contradicere
1913 3189 1966 3232 et
1996 3179 2248 3234 resistere

674 3281 862 3322 omnes
903 3268 1198 3322 adversarii
1241 3270 1407 3340 vestri
1433 3269 1496 3324 ⁸⁸.
1554 3288 1572 3320 ι
1618 3270 1856 3324 Audisne
1897 3270 2249 3336 quemadmo—

676 3360 824 3422 dum,
860 3358 1114 3428 loquente
1149 3359 1200 3412 in
1239 3360 1368 3429 ipsis
1403 3371 1592 3416 sancto
1629 3362 1857 3429 Spiritu,
1888 3364 1997 3430 ipse
2031 3363 2121 3414 dat
2153 3360 2252 3414 os?

674 3461 758 3505 est
790 3451 935 3504 enim
969 3450 1236 3506 sermonis
1271 3452 1426 3506 dator
1461 3460 1647 3519 utpote
1693 3452 1928 3505 Verbum
1977 3461 2035 3504 et
2074 3450 2251 3519 Spiri-

678 3551 763 3595 tus
804 3541 1059 3606 tributor,
1097 3550 1156 3594 ut
1191 3541 1280 3609 qui
1321 3541 1466 3594 illum
1503 3542 1776 3609 proprium
1801 3542 2122 3594 naturaliter
2157 3543 2250 3594 ba-

679 3634 823 3698 heat,
858 3632 998 3687 sicut
1029 3633 1190 3688 etiam
1224 3632 1337 3700 ipse
1370 3631 1549 3686 Pater.
1580 3631 1779 3686 Eadem
1812 3633 1973 3701 igitur
1999 3642 2252 3700 operatur

677 3733 866 3779 sancta
898 3722 1160 3786 Trinitas,
1196 3733 1247 3778 et
1279 3738 1615 3792 quaecunque
1668 3725 1895 3791 gesserit
1929 3740 1992 3778 ac
2027 3724 2253 3777 voluerit

678 3815 838 3869 Pater
871 3815 1114 3878 edicere,
1150 3815 1336 3870 eadem
1374 3826 1427 3869 et
1463 3814 1631 3868 Filius
1667 3816 1856 3868 eodem
1897 3816 2052 3869 modo
2088 3814 2253 3878 facit,

679 3906 1039 3977 similiterque
1080 3906 1315 3975 Spiritus
1355 3919 1600 3963 sanctus.
1641 3908 1878 3978 Singulis
1915 3924 2042 3962 vero
2086 3908 2255 3976 hypo-

678 3999 916 4060 stasibus
959 3999 1196 4054 tribuere
1237 4002 1466 4055 seorsim
1511 4001 1856 4069 operationes
1897 4000 2092 4067 cuique
2132 4015 2257 4068 pro-

678 4089 848 4158 prias,
881 4089 1018 4143 nihil
1050 4099 1133 4145 est
1166 4091 1310 4145 aliud
1343 4106 1504 4160 quam
1542 4102 1649 4145 tres
1684 4092 1911 4145 seorsim
1945 4101 2000 4145 et
2035 4106 2257 4158 prorsus

681 4181 820 4234 inter
849 4196 910 4235 se
941 4180 1232 4249 disjunctos
1263 4183 1392 4236 deos
1420 4184 1789 4252 pronuntiare.
1823 4182 1956 4235 Nam
1988 4183 2037 4234 in
2071 4191 2255 4236 saneta

681 4272 968 4337 Trinitate,
1002 4272 1089 4326 illa
1122 4273 1386 4328 naturalis
1418 4273 1643 4328 unitatis
1674 4272 1811 4326 ratio
1840 4286 1998 4326 unam
2033 4287 2257 4340 prorsus

683 4367 734 4418 in
763 4364 1016 4419 omnibus
1041 4366 1295 4435 operibus
1323 4365 1616 4419 motionem
1646 4366 1900 4420 ostendit.
1925 4365 2077 4430 Quod
2103 4366 2146 4418 si
2177 4365 2259 4418 di-

2355 3187 2452 3240 Διά
2484 3187 2541 3240 δέ
2578 3173 2641 3253 γε
2684 3186 2780 3254 τῆς
2811 3181 2906 3236 τοῦ
2942 3182 3152 3234 Λουκᾶ·
3189 3197 3205 3229 ι
3236 3177 3407 3230 Θὲσθε
3438 3169 3531 3227 οὖν
3564 3175 3619 3225 ἐν
3648 3175 3771 3234 ταῖς
3802 3187 3942 3239 καρ-
3990 3194 4025 3234 β,

2353 3279 2491 3340 δίαις
2526 3275 2680 3346 ὑμῶν
2732 3273 2806 3345 μὴ
2839 3272 3177 3343 προμελετᾷν
3216 3266 3618 3337 ἀπολογηθῆναι
3641 3283 3656 3296 ·
3686 3264 3801 3332 ἐγὼ
3835 3263 3942 3330 γὰρ
3989 3291 4022 3308 -.

2353 3369 2509 3422 δώσω
2540 3369 2667 3439 ὑμῖν
2697 3368 2871 3437 στόμα
2913 3366 3007 3419 καὶ
3045 3363 3257 3431 σοφίαν,
3353 3361 3414 3414 ού
3458 3360 3782 3429 δυνήσονται
3818 3358 3942 3409 ἀντ·
3999 3386 4018 3398 --

2355 3464 2550 3524 ειπεῖν,
2583 3461 2614 3530 ἦ
2653 3461 2970 3529 ἀντιστῆναι
3008 3457 3208 3518 πάντες
3251 3456 3300 3508 οἱ
3332 3451 3694 3519 ἀντικείμενοι
3735 3450 3886 3518 ὑμῖν.
3922 3463 3940 3495 r
4001 3500 4011 3509 δ

2369 3553 2616 3614 Ἀκούεις
2641 3551 2787 3612 ὅπως
2819 3549 3105 3611 λαλοῦντος
3141 3551 3197 3601 ὲν
3223 3547 3406 3606 αὐτοῖς
3440 3542 3534 3595 τοῦ
3578 3542 3736 3608 ἀγίου
3772 3538 3946 3593 Πνεύ-
4001 3571 4025 3608 -λ

2361 3661 2548 3715 ματος,
2585 3642 2744 3704 αὐτὸς
2774 3641 2957 3693 δίδωσι
2993 3640 3050 3692 τὸ
3080 3638 3284 3707 στόμας
3318 3636 3480 3703 λόγου
3505 3633 3613 3703 γάρ
3641 3634 3760 3684 ἐστι
3785 3630 3948 3698 δοτὴρ
3991 3655 4025 3702 ηε

2357 3737 2432 3797 ὡς
2470 3734 2660 3802 Λόγος,
2699 3733 2793 3785 καὶ
2841 3731 3154 3800 Πνεύματος
3197 3729 3450 3799 χορηγὸς,
3482 3725 3557 3787 ὡς
3610 3724 3744 3776 ἴδιον
3807 3721 3948 3790 ἔχων
4023 3767 4025 3794 ζ

2357 3826 2488 3878 αξη-ὸ
2516 3823 2781 3892 φυσικῶς,
2815 3823 2955 3875 καθά
2988 3823 3082 3875 καὶ
3117 3821 3278 3881 αὐτὸς
3308 3821 3335 3871 6
3373 3815 3950 3887 Πατήρ.Ταυτοεργεῖ
4009 3856 4016 3884 ζ

2361 3919 2460 3986 μὲν
2497 3911 2587 3969 οῦν
2632 3919 2664 3986 ἡ
2712 3915 2843 3982 ἀγία
2875 3915 3065 3984 Τριάς,
3099 3913 3192 3966 καὶ
3217 3912 3359 3980 άπερ
3398 3909 3464 3963 ἂν
3489 3906 3636 3978 δρώῃ
3683 3906 3784 3958 καὶ
3820 3902 3946 3973 βού-

2356 4008 2500 4060 λοιτο
2529 4005 2827 4076 κατορθοῦν
2861 4008 2888 4058 6
2918 4004 3127 4073 Πατὴρ,
3157 4002 3331 4054 ταῦτα
3360 4001 3455 4053 καὶ
3485 3999 3512 4049 6
3534 3996 3659 4058 Υἱὸς
3680 3996 3834 4048 κατά
3859 3993 3949 4046 τὸν
3992 4031 4021 4072 γ’

2360 4102 2473 4152 ἴσον
2515 4101 2745 4169 τρόπον’
2782 4097 2985 4167 ὁμοίως
3019 4097 3077 4148 δὲ
3106 4095 3197 4148 καὶ
3227 4095 3287 4146 τὸ
3317 4091 3560 4160 Πνεῦμα.
3591 4088 3666 4140 Τό
3715 4104 3785 4154 γε
3843 4087 3953 4156 μὴν

2359 4194 2462 4246 ἀνά
2514 4194 2676 4264 μέρος
2707 4191 2904 4243 διδόναι
2938 4190 3038 4251 τὰς
3072 4186 3350 4256 ἐνεργείας
3397 4185 3601 4252 ἑκάστῃ
3651 4179 3764 4232 τῶν
3818 4180 3950 4231 ὑπο·
4023 4249 4025 4258 Ι

2360 4288 2604 4340 στάσεων
2639 4283 2839 4346 ἰδικῶς,
2866 4281 3018 4334 οὐδὲν
3050 4279 3238 4348 ἕτερόν
3266 4280 3436 4339 ἐστιν,
3463 4275 3496 4345 ἢ
3527 4275 3676 4343 τρεῖς
3703 4271 3817 4325 ἀνὰ
3854 4269 3949 4339 μέ·
4024 4345 4025 4353 γ

2363 4394 2451 4445 ρος
2479 4375 2571 4428 κα)⁵
2599 4358 2903 4444 ὁλοτρόπως
2946 4370 3191 4441 ἀλλήλων
3217 4367 3588 4436 διεστηκότας,
3617 4364 3952 4431 ἀποφαίνειν
4007 4399 4023 4443 .l:

683 4471 887 4520 camus,
919 4472 1042 4510 eum
1081 4472 1185 4510 una
1221 4457 1526 4526 hypostasis
1562 4468 1804 4510 movetur
1835 4457 1901 4509 ad
1936 4471 2091 4525 opus,
2129 4455 2250 4509 reli-

2359 4431 2534 4528 θεούς.
2567 4466 2622 4519 '0
2661 4431 2758 4534 μὲν
2803 4431 2912 4533 γὰρ
2951 4431 3327 4531 τῆς-φυσικῆς
3371 4431 3617 4526 ἑνότητος
3650 4455 3816 4523 λόγος
3862 4453 3953 4506 ἐπὶ

682 4564 817 4615 quas
847 4550 977 4602 duas
1006 4547 1138 4602 nihil
1165 4562 1345 4616 agere,
1378 4549 1649 4617 quomodo
1682 4548 1866 4615 negari
1900 4549 2098 4615 poterit
2126 4547 2253 4614 quin

682 4654 941 4710 corporea
959 4639 1248 4694 inducatur
1262 4641 1452 4705 sectio,
1471 4641 1856 4708 propemodum
1877 4639 2053 4693 locum
2073 4654 2260 4706 quem-

684 4735 804 4784 dam
851 4731 1075 4799 singulis
1118 4732 1501 4800 Ityposlasibus
1547 4732 1812 4794 tribuens,
1853 4746 1917 4784 eo
1962 4731 2077 4798 ipso
2119 4731 2258 4799 quod

683 4835 836 4876 extra
881 4824 1116 4892 reliquas
1155 4834 1209 4876 et
1249 4822 1498 4891 abjuncta
1541 4826 1825 4893 cogitatur,
1867 4839 1970 4876 non
2008 4839 2075 4877 co
2118 4823 2256 4891 quod

685 4915 900 4984 proprie
930 4915 1203 4978 subsistit,
1236 4915 1290 4969 id
1318 4915 1461 4968 enim
1492 4931 1616 4968 vere
1648 4915 1868 4981 dicitur,
1901 4915 1996 4969 sed
2029 4917 2171 4982 quod
2206 4915 2262 4966 in

687 5006 942 5074 cujusque
972 5006 1045 5058 rei
1074 5006 1405 5070 diversitate,
1435 5007 1698 5062 rationem
1726 5021 1844 5074 qua:
1868 5007 1933 5060 ad
1961 5005 2261 5058 naturalem

689 5100 948 5166 pnitatem
980 5098 1197 5168 colligat
1243 5113 1348 5153 non
1383 5100 1620 5168 patitur?
1651 5099 1761 5154 Una
1793 5101 1934 5153 enim
1964 5098 2262 5152 divinitatis

693 5201 883 5250 natura
915 5191 967 5244 in
998 5199 1186 5245 sancta
1217 5199 1272 5244 et
1301 5190 1744 5246 consubstantiali
1772 5190 2038 5243 'l'rinitate
2071 5189 2261 5242 intelli-

689 5285 850 5352 gitur.
881 5282 979 5336 llic
1014 5292 1193 5336 autem
1233 5283 1405 5337 bonus
1437 5283 1516 5336 vir
1545 5282 1713 5336 Deum
1742 5280 1978 5336 Verbum
2017 5280 2124 5335 Deo
2160 5280 2264 5358 Ρο-¹

692 5378 869 5443 trique
905 5375 1369 5430 consubstantiale
1406 5375 1629 5444 perinde
1661 5391 1722 5430 ac
1758 5376 1799 5429 si
1835 5377 2108 5444 ignoraret
2143 5389 2263 5428 csse

691 5466 889 5519 factum
918 5466 1212 5531 hominem,
1242 5482 1346 5520 non
1377 5467 1680 5536 abjiciendo
1707 5469 1846 5536 quod
1877 5468 2014 5520 Deus
2043 5475 2144 5531 est,
2171 5467 2263 5519 sed

691 5555 865 5634 potius
899 5557 1223 5612 assumendo
1259 5557 1400 5627 quod
1437 5572 1539 5612 non
1579 5567 1717 5624 erat,
1752 5558 1912 5612 audet
1947 5567 2260 5610 extenuare.

768 5733 810 5780 9⁸
845 5734 859 5799 ι
901 5736 1023 5797 Cor.
1062 5751 1096 5802 ι,
1138 5735 1227 5788 24.
1308 5737 1347 5766 ⁵7
1385 5735 1568 5790 Matth.
1613 5751 1662 5798 Χ,
1703 5735 1788 5797 'l‘},
1824 5735 1910 5788 €10.

2361 4560 2462 4629 τῆς
2488 4556 2650 4624 ἁγίας
2679 4555 2929 4625 Τριάδος,
2957 4554 3084 4623 μίαν
3119 4553 3181 4622 δή
3220 4568 3319 4604 που
3358 4550 3456 4619 τὴν
3497 4548 3581 4617 ἐφ’
3617 4547 3796 4600 ἅπασι
3841 4553 3954 4613 τοῖς
3996 4586 4025 4632 γ’]

2365 4649 2661 4720 δρωμένοις
2692 4648 2980 4716 ἀποφαίνει
3010 4646 3239 4715 κίνησιν.
3279 4645 3341 4696 El
3371 4642 3429 4695 δὲ
3462 4643 3526 4711 δὴ
3555 4641 3840 4711 λέγοιμεν,
3873 4643 3952 4695 ὅτι
4005 4693 4016 4718 1,

2368 4743 2496 4811 μιᾶς
2531 4740 2900 4801 ὑποστάσεως,
2931 4735 3040 4789 οἷον
3071 4739 3151 4798 είς
3178 4735 3315 4804 ἔργα
3350 4732 3738 4802 κεκινημένης,
3771 4733 3955 4804 ἁπρα-
4005 4779 4008 4782 Α

2364 4831 2612 4899 κτήσειεν
2645 4827 2711 4880 ἂν
2750 4829 2802 4878 αἱ
2833 4825 2946 4888 δύο,
2984 4823 3100 4886 πῶς
3127 4824 3187 4876 οὑ
3219 4827 3419 4893 παχεῖα
3447 4823 3585 4891 τομὴ
3622 4823 3956 4892 παρεισκρί-
4005 4871 4025 4889 η

2365 4938 2536 4983 νεται,
2571 4918 2734 4971 τόπον
2775 4917 2963 4986 ὥσπερ
3010 4917 3134 4970 τινὰ
3181 4914 3288 4968 τῶν
3336 4913 3686 4967 ὑποστάσεων
3743 4915 3957 4983 ἑκάστῃ
4021 4902 4025 4911 ’

2372 5013 2634 5082 νέμουσα,
2664 5011 2742 5073 τὸ,
2778 5010 2881 5072 ἔξω
2920 5028 2978 5061 τε
3027 5009 3121 5060 καὶ
3162 5004 3660 5074 ἀπεσχοινισμένως
3709 5004 3955 5057 νοεῖσθαι

2372 5105 2478 5157 τῶν
2533 5103 2728 5166 ἄλλων,
2767 5104 2828 5155 οὐ
2881 5103 3021 5154 κατά
3068 5118 3128 5168 γε
3179 5100 3238 5151 1:6
3285 5099 3552 5168 ὑπάρχειν
3610 5096 3952 5166 ίδιοστάτως,
4010 5154 4013 5160 η

2369 5192 2527 5245 τοῦτο
2548 5192 2654 5263 γὰρ
2679 5192 2905 5261 ἀληθές·
2935 5191 3048 5244 ἀλλ’
3075 5191 3150 5252 ὡς
3179 5192 3236 5240 ὲν
3259 5191 3323 5258 τῇ
3347 5187 3489 5239 κατὰ
3513 5186 3618 5238 πᾶν
3642 5186 3953 5254 ἑτερότητι,
4020 5183 4025 5192 ’

2374 5286 2448 5355 μὴ
2485 5286 2786 5354 ἀνεχομένη
2829 5284 2984 5351 λόγου
3029 5283 3121 5335 τοῦ
3160 5280 3570 5350 συναγείροντος
3611 5279 3688 5339 είς
3720 5279 3958 5346 ἑνότητα
4023 5345 4025 5352 τ

2371 5377 2606 5447 φυσικήν
2629 5394 2642 5440 ;
2668 5376 2779 5429 Μία
2799 5377 2907 5445 γὰρ
2931 5375 3182 5443 θεότητος
3214 5372 3376 5440 φύσις
3400 5373 3456 5421 ἐν
3485 5369 3614 5437 ἁγίᾳ
3642 5366 3736 5419 καὶ
3769 5370 3958 5435 ὁμοου-
4016 5366 4025 5374 ’¹

2373 5465 2472 5534 σίῳ
2505 5469 2704 5518 νοεῖται
2738 5464 2946 5533 Τριάδι.
2965 5465 3023 5516 '0
3049 5462 3105 5514 δὲ
3135 5460 3369 5531 χρηστὸς
3395 5455 3596 5518 οὑτοσὶ,
3630 5453 3722 5504 τὸν
3755 5452 3958 5519 ὁμοού-

2373 5571 2485 5606 σιον
2524 5553 2603 5624 τῷ
2629 5554 2748 5625 Θεῷ
2771 5555 2864 5606 καὶ
2892 5553 3065 5623 Πατρὶ
3091 5552 3225 5605 Θεὸν
3253 5552 3442 5619 Λόγον,
3467 5547 3540 5609 ὡς
3571 5544 3670 5597 ουκ
3690 5542 3854 5607 εἰδὼς
3880 5544 3960 5596 ὅτι

1993 5733 2032 5765 δε
2070 5732 2199 5788 Luc.
2234 5747 2346 5795 xxx,
2394 5731 2590 5797 1-ί,15.
