4040 6428
146 336 222 388 ῙδῙ
1174 355 1545 414 ADVERSUS
1583 357 1693 413 NE!

1797 364 1985 423 tRlUM
2027 368 2155 423 LIB.
2195 368 2281 423 ιν.
3287 383 3391 440 182

137 448 345 560 γέγονεν
383 450 708 559 ἄνθρωπος,
740 459 803 513 οὐ
848 463 910 517 τὺ
947 461 1083 519 εἶναι
1122 468 1255 532 Θεὸς
1300 473 1693 545 ἀποὸεῧληκὼς

1818 478 1948 533 Nam
1985 497 2104 537 cum
2134 493 2321 539 sancto
2353 485 2597 554 Spiritui,
2632 495 2690 542 ut
2717 487 2917 544 dictum
2950 501 3051 555 est,
3082 495 3387 560 patrocine-

139 541 533 645 ιτροσειληέοὼὶ
537 546 600 599 δὲ
632 550 834 617 μᾶλλον
859 555 995 628 ὅπερ
1019 558 1119 611 οὐκ
1143 554 1232 629 ἦν,
1257 541 1693 635 κατασμικρύνει

1824 578 1929 637 tur,
1969 572 2160 627 Filium
2197 574 2356 630 allicit
2389 576 2616 645 injuria,
2649 578 2736 635 ubi
2773 580 3030 638 adversus
3062 584 3175 639 Arii
3215 596 3387 641 secta-

492 634 861 709 Συναγορεύει
909 644 1010 713 μὲν
1057 628 1199 718 γὰρ,
1251 649 1327 713 ὡς
1384 628 1616 722 εἴρηται,
1644 654 1693 705 τί

1820 667 1965 717 tores
1994 663 2065 717 ita
2101 665 2253 721 dicit.

131 716 258 813 ἆγες)
285 721 604 792 Πνεῦματι,
638 732 983 803 περιυϐρίζει
1011 736 1067 790 δὲ
1095 716 1187 792 τόν
1208 742 1357 807 Υίὸν,
1378 716 1520 797 οὔτέ)
1549 716 1721 813 λέγων

130 825 148 856 1
167 808 448 901 (rei-uva;
475 814 590 868 τῶν
618 817 689 871 τὰ
720 820 933 891 Ἀρείου
964 830 1177 896 φρονεῖν
1206 831 1515 901 ᾑρημένων.

190 894 477 966 [Πλεὶονα,
530 908 691 975 φησὶ,
743 911 843 981 τὴν
891 915 970 977 είς
1008 894 1175 971 αὑτὸν
1213 894 1715 991 κατασκευάζοντες

127 984 298 1084 ὕβριν,
317 991 419 1084 καὶ
437 994 506 1084 τὸ
525 996 755 1068 Πνεῦμα
773 1003 872 1071 τῆς
892 1005 1039 1071 θείας
1060 1009 1454 1081 ἀποτέμνοντες
1478 984 1712 1084 ptiar-ws;

126 1076 181 1177 ab
344 1082 761 1177 ἀνθρωπότητα
785 1095 951 1148 αὐτοῦ
989 1076 1290 1156 διαπλάσαν
1314 1120 1329 1135 ο
1366 1122 1387 1156 ι
1417 1076 1502 1158 Τὸ.
1522 1109 1629 1177 γὰρ

125 1170 184 1237 τῇ
204 1170 420 1266 Παρία,
438 1177 598 1266 φησὶ,
626 1183 904 1253 γεννηθὲν,
919 1188 982 1241 ἐκ
998 1190 1313 1260 Πνεύματός
1332 1195 1480 1248 ἐστιν
1500 1170 1675 1266 ἀλίίου·
1689 1217 1708 1249 ι

125 1260 256 1312 κατά
288 1259 408 1331 [ισ.
448 1264 512 1317 τὸ
549 1269 715 1341 κατὰ]
753 1272 1094 1349 δικαιοσύνην
1121 1259 1184 1333 τὺ
1207 1281 1443 1338 πλασθὲν
1479 1259 1711 1341 ἀνεπλα-

125 1364 207 1401 σεν
250 1350 750 1447 [το-...ἀναπξᾴσαη
775 1381 789 1395 ·
832 1381 851 1415 ι
876 1366 1221 1441 Ἐφανερὼθη
1263 1374 1393 1444 γὰρ,
1424 1378 1607 1447 φησὶν,
1657 1380 1714 1434 ὲν

122 1438 280 1533 σαρκί
340 1440 650 1516 ἐδικαιώθη
681 1448 739 1500 ὲν
766 1450 1069 1522 Πνεύματι·
1114 1475 1132 1508 ι
1167 1438 1228 1510 τό
1245 1438 1462 1529 δαίμοσι
1483 1438 1713 1533 ξροσερὸν

121 1527 507 1620 ἐργασάμενον
527 1544 548 1561 '
593 1553 611 1586 ι
635 1537 778 1605 Ἐγὼ
805 1540 933 1611 γὰρ,
963 1545 1144 1613 φησὶν,
1180 1547 1237 1599 ὲν
1268 1527 1542 1620 Πνεῦματι
1576 1527 1711 1607 Θεοῦ

396 1624 473 1677 τά
501 1624 782 1696 δαιμόνια⁹
815 1650 834 1683 ι
866 1633 931 1685 τὸ
957 1635 1053 1705 τὴν
1081 1637 1247 1691 αὐτοῦ
1274 1618 1454 1711 σάρκα
1484 1660 1693 1716 τιτεποιη⁴

1812 1645 2177 1707 daemonia“;
2222 1665 2241 1699 ι
2282 1648 2373 1717 qui
2413 1648 2555 1703 illius
2598 1664 2814 1705 carnem
2852 1651 3029 1711 effecit
3066 1652 3320 1723 templum
3361 1672 3375 1706 :

118 1709 274 1806 μένον
298 1712 465 1806 ναόνξ
500 1733 520 1766 ι
553 1716 831 1789 Τεθέαμαι
865 1722 992 1793 γὰρ,
1023 1726 1175 1796 φησὶ,
1200 1727 1262 1779 τὸ
1290 1709 1513 1799 Πνεῦμα
1540 1709 1693 1785 κειται

1816 1751 1835 1783 ι
1862 1733 1977 1788 Vidi
2005 1735 2175 1801 enim,
2205 1709 2399 1805 inqbit,
2422 1737 2681 1806 Spiritum
2696 1710 3107 1797 descendentem
3138 1709 3378 1798 si-cutco-

114 1794 295 1849 ϐαῖνον
327 1798 474 1853 ὡσεὶ
509 1806 869 1876 περιστερὰν,
900 1811 993 1864 καὶ
1020 1794 1326 1883 μεμένηκεν
1354 1818 1441 1868 ἐπ’
1474 1819 1693 1872 αὑτόν-ι

1808 1822 2068 1887 lumbam,
2100 1834 2153 1877 et
2184 1825 2380 1880 mansit
2412 1841 2573 1895 super
2600 1844 2720 1883 cum
2746 1832 2827 1896 7';
2865 1848 2884 1883 ι
2919 1832 3012 1901 qui
3046 1834 3373 1901 assumptio-

115 1886 167 1990 τό
192 1888 295 1957 τὴν
330 1891 619 1990 ἀντίληψιν
649 1898 800 1967 αὐτῷ
827 1902 1191 1971 χαρισάμενον
1212 1920 1225 1934 ·
1260 1922 1280 1957 ι
1304 1907 1693 1980 Ἐντειλάμενος

1810 1926 1932 1965 nem
1964 1910 2293 1982 illilargitus
2320 1922 2400 1967 est
2432 1930 2446 1967 :
2485 1933 2504 1967 ι
2540 1914 2899 1986 Praecipicns,
2931 1886 3140 1990 inquit,
3172 1886 3377 1979 sabctis

112 1977 448 2085 ἶάρίἵφησὶ,
498 1987 617 2048 τοῖς
665 1987 845 2056 ἁγίοις
890 1992 1226 2057 ἀποστόλοις,
1258 1996 1353 2060 οὓς
1402 1977 1693 2068 ἐξελέξατοἸ

1809 2001 2086 2068 apostolis,
2119 1977 2252 2071 quos
2276 2004 2460 2071 elegit,
2496 2020 2591 2072 per
2624 1977 2897 2075 Spiritum,
2923 1977 3190 2080 sanctum,
3219 1977 3378 2085 1όά.

107 2066 561 2169 ὄιάΙΠνεύματος
589 2075 770 2144 ἀγίου,
796 2078 1094 2151 ἀνελήφθη.
1118 2100 1136 2133 ι
1172 2083 1342 2138 Τοῦτο
1364 2086 1427 2158 δὴ
1459 2088 1521 2142 τὸ
1558 2066 1693 2160 τηλιέ

1808 2066 2113 2161 assumptus
2136 2066 2228 2148 rest
2253 2094 2317 2147 ⁷³.
2358 2066 2388 2145 ἶ
2417 2066 2570 2151 Hunc
2605 2066 2767 2165 igitur
2798 2100 2889 2169 qui
2925 2109 3126 2155 tantam

1896 923 2156 995 [Νεετοιι.
2194 926 2472 995 Majorem,
2501 928 2692 997 inquit,
2721 930 2773 983 in
2802 930 2976 1000 ipsum
3005 941 3277 991 struentes
3307 936 3383 990 in-

1811 1013 2033 1081 juriam.
2059 1024 2113 1069 et
2143 1016 2402 1084 Spiritum
2432 1032 2464 1070 a
2494 1020 2671 1074 divina
2704 1030 2891 1075 natura
2923 1034 3260 1091 separantes,
3287 1026 3378 1093 qui

1817 1105 2204 1161 humanitatem
2232 1108 2349 1177 ejus
2377 1110 2627 1164 formavit
2659 1129 2672 1165 :
2709 1131 2727 1163 ι
2761 1112 2912 1179 Quod
2937 1115 3079 1168 enim
3110 1116 3162 1169 in
3194 1116 3378 1183 Maria,

1816 1190 2008 1261 inquit,
2042 1206 2221 1249 natum
2256 1206 2360 1261 est,
2395 1199 2462 1252 de
2491 1199 2695 1268 Spiritu
2726 1210 2911 1256 saneto
2941 1211 3022 1257 est
3046 1203 3258 1273 "pqui
3288 1218 3379 1259 se-

1812 1282 2044 1335 cundum
2076 1284 2341 1353 justitiam
2372 1289 2513 1354 quod
2544 1286 2833 1343 formatum
2867 1300 2987 1343 erat
3018 1293 3376 1347 reformavit:

1819 1388 1838 1423 ι
1871 1373 2268 1429 Manifestatum
2299 1377 2443 1430 enim
2472 1386 2575 1442 est,
2605 1378 2800 1446 inquit,
2831 1380 2881 1433 in
2912 1395 3096 1444 carne,
3119 1382 3379 1451 iustifica-

1812 1470 1924 1517 tum
1956 1473 2038 1519 est
2067 1465 2120 1519 in
2144 1464 2348 1535 Spiritu
2371 1467 2445 1531 ";
2474 1468 2563 1536 qui
2600 1476 2656 1521 ut
2686 1470 2963 1525 daemoniis
2993 1480 3137 1527 esset
3167 1473 3378 1527 terribi-

1812 1554 1877 1609 lis
1903 1554 2083 1609 effecit
2110 1574 2125 1611 :
2160 1573 2180 1608 ι
2211 1556 2323 1626 Ego
2352 1558 2519 1621 enim,
2548 1556 2743 1626 inquit,
2774 1558 2827 1614 in
2858 1561 3064 1628 Spiritu
3096 1560 3190 1616 Dei
3220 1560 3386 1629 ejicio.

109 2157 315 2230 καύτην
359 2162 601 2235 Χριστῷ
648 2170 1017 2243 χαρισάμενον
1061 2171 1238 2239 δόξαν,
1276 2157 1513 2248 Χριστοῦ
1540 2157 1708 2238 κατα-

108 2250 441 2314 σκευάζουσι
478 2254 718 2332 δοῦλονο]

727 2398 977 2456 ΚΕΦΑΔ.
1031 2404 1106 2459 Ρ.

164 2523 237 2577 Τὸ
263 2524 370 2594 μὲν
390 2519 493 2579 οῦν
522 2526 626 2598 τῆς
653 2526 803 2593 θείας
828 2549 887 2585 τε
917 2535 1007 2587 καὶ
1031 2534 1310 2607 ἀκηράτου
1336 2540 1551 2610 φύσεως
1576 2545 1704 2599 ἀπο-

100 2614 311 2684 τέμνειν
331 2616 398 2669 τδ
424 2617 661 2687 Πνεῦμα
691 2623 1055 2696 κατατολμᾷν,
1077 2628 1363 2702 μοχθηρᾶς
1391 2628 1533 2688 εἷναί
1554 2652 1698 2707 φημι

100 2708 187 2759 καὶ
232 2708 538 2780 ἀλιτηρίου
588 2710 808 2781 φρενὸς,
844 2714 939 2769 καὶ
972 2717 1107 2774 πολὺ
1143 2722 1236 2775 τοῦ
1268 2723 1477 2789 είκότος
1512 2726 1702 2797 ἐξῳκι-

102 2799 322 2891 σμένης.
340 2799 681 2870 Ὀμοοὺσιον
706 2802 816 2875 γάρ
852 2806 968 2860 ἐστι
998 2810 1078 2880 τῷ
1105 2810 1225 2882 Θεῷ
1252 2812 1347 2867 καὶ
1384 2816 1581 2891 Πατρὶ,
1606 2817 1701 2871 καὶ

102 2890 200 2959 μὴν
226 2891 324 2945 καὶ
351 2891 521 2963 αὐτῷ
554 2891 636 2963 τῷ
662 2894 776 2963 Υίῷ
793 2910 810 2923 ’
855 2897 949 2950 καὶ
994 2898 1127 2964 Θεὸς
1156 2900 1317 2969 εἶναι,
1345 2906 1441 2958 καὶ¹
1467 2906 1532 2960 ἐκ
1563 2907 1698 2961 Θεοῦ

100 2981 439 3043 πιστεύεται.
484 2984 705 3056 Χρῆναι
751 2986 810 3039 δὲ
854 2983 1009 3058 οἶμαι
1046 2992 1206 3046 ταυτὶ
1237 2993 1501 3064 μεθέντας
1532 2998 1612 3060 είς
1639 2998 1699 3050 τὸ

102 3072 289 3147 παρὸν,
327 3073 428 3126 τὸν
455 3075 517 3126 ἐν
548 3076 737 3143 χερσὶν
771 3077 921 3144 ἡμῖν,
958 3078 1483 3155 πολυπραγμονῆσαι
1516 3085 1694 3153 λόγον,

100 3161 319 3217 ultimos
342 3163 486 3215 ποτὲ
509 3161 719 3231 βλέπει,
734 3166 1129 3238 νουνεχέστατα
1152 3172 1440 3227 κατιδεῖν.‹
1465 3172 1696 3228 Πλείονα

96 3254 217 3324 γὰρ,
264 3256 437 3324 φησὶ,
475 3253 583 3324 τὴν
615 3256 697 3317 είς
736 3258 901 3311 αὑτὸν
946 3261 1448 3326 κατασκευάζοντες
1496 3262 1691 3334 ὓϐριν⁹

96 3346 277 3413 δῆλον
294 3346 369 3399 δὲ
382 3345 484 3398 ὅτι
501 3345 613 3399 τὸν
625 3344 694 3400 ἐκ
712 3348 860 3403 Θεοῦ
874 3351 1103 3420 Πατρός
1119 3353 1330 3421 Λόγον·
1350 3354 1518 3407 καὶτὸ
1534 3355 1696 3409 Πνεῦ-

99 3456 168 3503 μα
200 3436 297 3505 τῆς
345 3436 513 3499 θείας
554 3436 959 3509 ἀποτέμνοντες
992 3441 1224 3510 φύσεως,
1259 3444 1320 3497 τὸ
1354 3445 1455 3515 τὴν
1482 3446 1694 3517 ἀνθρω-

96 3528 295 3597 πότητα
325 3526 510 3581 αὐτοῦ
526 3523 854 3582 διαπλάσαν.
880 3530 1035 3602 ιΤὴν
1068 3528 1289 3599 τίνος,ὧ
1310 3535 1571 3605 βέλτιστε,
1589 3539 1695 3609 φὴς

92 3616 505 3669 διαπεπλάσθαι
529 3616 927 3688 ἀνθρωπότητα
946 3620 1034 3674 διὰ
1057 3622 1152 3676 τοῦ
1182 3625 1529 3696 Πνεύματος;
1554 3630 1692 3682 Καί-

94 3723 167 3758 τοι
199 3708 328 3771 τοὺς
363 3707 575 3774 λόγους
600 3708 734 3791 ἡμῖν
763 3708 968 3778 ἀρτίως
996 3711 1082 3765 ἐπ’
1108 3713 1257 3784 αὐτῷ
1287 3717 1583 3788 πεποίησαι
1614 3718 1691 3789 τῷ

94 3799 411 3871 Μονοτενεῖ,
449 3801 556 3853 καὶ
579 3802 645 3853 ὲκ
675 3800 810 3855 Θεοῦ
846 3803 1059 3875 Πατρός
1087 3805 1414 3879 ἀπορρήτως
1437 3826 1693 3882 γεγεννη⁴

97 3893 269 3962 μένειν
306 3892 477 3946 θείαν
510 3892 626 3963 γὰρ
662 3892 727 3963 δὴ
772 3894 932 3962 φύσιν
976 3893 1255 3967 ὠνόμαζες
1300 3900 1495 3954 αὐτόν’
1522 3903 1687 3957 αὐτοῦ

93 3980 141 4034 ἃ
168 3978 319 4052 οἶμαι
356 3981 464 4035 καὶ
490 3982 594 4051 οὐχ
623 3982 811 4053 ἑτέρου
839 3983 937 4054 τὴν
973 3985 1369 4059 ἀνθρωπότητα
1394 3992 1519 4061 φής.
1544 3994 1688 4052 Οὐκ-

91 4072 175 4125 οῦν
200 4072 565 4144 διαμέμνησο
603 4071 717 4125 τῶν
749 4072 975 4126 σεαυτοῦ
1006 4077 1198 4144 φωνῶν
1216 4094 1229 4109 ⁸
1260 4080 1395 4133 ίδίαν
1416 4082 1524 4153 γάρ
1549 4078 1686 4140 εἶναι

93 4164 188 4231 (ξὴς
232 4161 328 4217 τοῦ
372 4162 567 4230 Λόγου
607 4162 704 4232 τὴν
738 4162 918 4234 σάρκα
944 4164 1121 4237 ψυχῆς
1152 4168 1379 4241 ἐνούσης
1405 4172 1543 4243 αὐτῇ
1586 4172 1685 4243 τῆς

92 4252 305 4323 λογικῆς
365 4252 667 4323 δηλονότι·
706 4252 862 4307 ἔσται
891 4254 1003 4325 γὰρ
1050 4256 1223 4322 οὕτως
1257 4261 1291 4330 ἡ
1331 4261 1684 4334 ἀνθρωπότης

88 4343 265 4397 αὑτοῦ.
295 4341 441 4398 Εἶτα
475 4342 621 4407 πῶς,
651 4344 810 4415 εἴπερ
842 4345 989 4399 ἐστὶν
1014 4347 1073 4401 ἓν
1104 4349 1242 4418 μετά
1267 4354 1363 4420 τῆς
1394 4352 1526 4416 ἰδίας
1553 4371 1684 4423 σαρ-

90 4434 170 4497 κὸς
212 4439 243 4489 ό
288 4439 355 4491 ὲκ
408 4434 554 4489 Θεοῦ
589 4436 804 4507 Πατρὸς
836 4437 1028 4505 Λόγος,
1062 4440 1242 4509 ἰσχύος
1274 4436 1413 4494 εἶναι
1441 4444 1680 4514 νομίζεις

88 4525 239 4578 αὐτὸν
268 4527 372 4597 τῆς
399 4525 751 4595 θεοπρεποῦς
775 4526 983 4592 ἐπιδεᾶ,
1015 4530 1107 4581 καὶ
1133 4529 1361 4601 φοϐερὸν
1386 4531 1547 4585 αὐτὸν
1572 4533 1681 4604 είρ-

86 4617 277 4679 γὰισθαι
309 4619 431 4679 τοῖς
466 4616 693 4686 δαίμοσι
718 4616 780 4669 τὸ
819 4617 1042 4688 Πνεῦμα
1068 4619 1130 4672 τὸ
1166 4619 1340 4689 ἅγιον,
1373 4621 1449 4685 ὡς
1476 4622 1584 4676 ἀπό
1614 4640 1676 4692 γε

84 4707 173 4775 τῆς
204 4709 346 4770 ἰδίας
377 4707 609 4776 φύσεως
636 4707 739 4760 οὐκ
787 4706 978 4777 ἔχοντα
1020 4710 1178 4763 τοῦτο
1225 4711 1383 4781 δρςῖν⁹
1430 4713 1525 4766 καὶ
1568 4713 1674 4785 μὴν

86 4802 169 4850 καὶ
201 4799 287 4863 τὸ,
319 4797 599 4851 δύνασθαι
646 4798 953 4866 συντρίϐειν
982 4799 1074 4853 τὸν
1116 4801 1381 4865 Σατανᾶν,
1413 4801 1490 4865 ὡς
1527 4802 1677 4856 δοτὸν

86 4891 430 4961 παρ’ὲτέρου
458 4929 474 4953 ,
530 4888 631 4941 καὶ
681 4888 835 4958 μόλις
885 4889 1298 4960 ὲρανιζόμενονς
1328 4892 1392 4944 Εί
1439 4890 1537 4960 μὲν
1581 4888 1675 4948 οὖν

84 4973 225 5032 οἶσθα
255 4982 342 5033 ὅτι
378 4979 447 5032 τὸ
476 4977 814 5047 ἀποτέμνειν
844 4979 906 5031 τὸ
935 4978 1157 5050 Πνεῦμα
1184 4980 1286 5049 τῆς
1326 4980 1475 5045 θείας
1508 4982 1673 5035 αὐτοῦ

84 5068 312 5135 ηὲὖσεως,
351 5069 733 5142 ἐγκλημάτων
762 5069 1039 5141 αἴσχιστον
1070 5072 1153 5140 εἴη
1182 5070 1268 5139 ἂν,
1295 5072 1389 5128 καὶ
1418 5073 1563 5143 μαλα
1593 5073 1671 5126 εξ-

143 5254 182 5284 ⁸³
216 5254 419 5308 Matth.
458 5266 495 5314 I,
526 5252 619 5305 ΞΟ.
698 5251 745 5282 ⁷⁸
777 5250 793 5304 Ι
829 5250 969 5306 Tim.
1007 5268 1088 5318 tu,
1118 5252 1201 5305 16.
1278 5254 1319 5283 ⁷¹
1355 5251 1540 5307 Matth.
1582 5268 1672 5317 xu,

1869 5256 1913 5285 ⁷³
1947 5254 2100 5310 Joan.
2136 5274 2172 5323 ι,
2198 5258 2286 5315 52.

1806 2180 2031 2249 gloriam
2061 2183 2283 2254 largitus
2311 2194 2417 2253 est,
2444 2186 2647 2245 Chri6ti
2679 2204 2894 2245 servum
2925 2191 3208 2265 elIiriunt.]

2450 2412 2602 2467 CAP.
2642 2411 2723 2468 ΙΙΙ.

1873 2544 2089 2601 Audere
2117 2544 2333 2614 quidem
2360 2560 2391 2601 a
2420 2546 2603 2602 divina
2633 2547 2721 2601 illa
2754 2547 3153 2621 immortalique
3180 2561 3371 2609 natura

1803 2634 2067 2704 Spiritum
2097 2638 2441 2705 abscindere,
2472 2638 2702 2706 improbi
2732 2654 2856 2701 esse
2883 2650 2939 2698 et
2966 2643 3179 2699 scelesti
3207 2643 3373 2699 animi

1800 2740 2020 2791 censeo,
2042 2735 2097 2782 et
2124 2728 2284 2798 longo
2313 2730 2595 2784 intervallo
2624 2732 2692 2786 ab
2720 2747 2786 2786 co
2815 2734 2957 2802 quod
2985 2734 3237 2788 convenit
3286 2747 3375 2788 re-

1801 2816 1953 2872 moti.
1986 2817 2473 2875 Consubstantialis
2508 2828 2590 2874 est
2622 2820 2768 2875 enim
2807 2824 2915 2880 Deo
2951 2834 3005 2879 et
3039 2824 3207 2889 Patri,
3243 2823 3373 2893 quin

1800 2908 1963 2963 etiam
1991 2908 2089 2975 ipsi
2116 2923 2329 2979 quoque
2353 2911 2511 2977 Filio,
2539 2923 2594 2968 et
2619 2915 2758 2970 Deus
2785 2930 2904 2970 esse
2930 2926 2986 2970 et
3014 2930 3080 2970 ex
3112 2914 3223 2969 Deo
3247 2929 3371 2970 cre-

1800 2999 1964 3050 ditur.
1990 2995 2097 3052 Sed
2122 3009 2372 3067 oportere
2396 3001 2652 3066 arbitror,
2682 3004 2747 3059 iis
2772 3006 2837 3057 ad
2866 3016 3105 3071 praesens
3129 3000 3370 3065 omissis,

1800 3087 1961 3141 verba
2000 3102 2119 3157 qum
2162 3104 2306 3145 nunc
2346 3100 2474 3146 sunt
2512 3093 2567 3147 in
2609 3093 2888 3158 manibus,
2932 3093 3271 3157 examinare,
3317 3102 3371 3149 et

1802 3189 1909 3243 quo
1953 3186 2198 3244 spectent
2232 3189 2484 3234 accurate
2531 3182 2860 3250 perspicere.
2897 3200 2916 3231 ι
2950 3180 3236 3247 Maiorem,
3289 3182 3369 3236 in-

1801 3267 1939 3337 quit,
1964 3268 2016 3323 in
2045 3268 2218 3337 ipsum
2246 3278 2548 3325 statuentes
2575 3270 2826 3339 injuriam
2852 3271 3124 3341 (nimirum
3159 3273 3210 3325 in
3236 3272 3369 3326 illud

1800 3374 1865 3412 ea:
1895 3358 1999 3412 Deo
2034 3357 2195 3413 Patre
2225 3359 2492 3431 Verbum),
2522 3371 2579 3416 et
2604 3361 2864 3428 Spiritum
2894 3378 2924 3415 a
2954 3362 3135 3416 divina
3169 3373 3367 3418 natura

1799 3448 2244 3517 Separantes,qui
2277 3450 2394 3519 ejus
2425 3452 2811 3505 humanitatem
2832 3450 3103 3507 forma‘vit.
3129 3472 3147 3505 ι
3169 3453 3365 3521 Cujus-

1800 3549 1956 3601 nam,
1998 3537 2084 3589 vir
2125 3538 2364 3605 optime,
2410 3539 2613 3594 asseris
2657 3540 3045 3594 humanitatem
3089 3555 3120 3595 a
3165 3542 3365 3609 Spiritu

1800 3622 2123 3680 formatam?
2160 3627 2325 3696 Atqui
2368 3629 2568 3684 dudum
2609 3630 2674 3685 de
2713 3631 2831 3699 ipso
2876 3630 3161 3701 Unigenito
3202 3642 3257 3686 et
3297 3646 3363 3687 ex

1800 3713 1909 3768 Deo
1948 3713 2111 3771 Patre
2153 3716 2493 3775 ineli'abiliter
2524 3729 2654 3774 nato
2686 3720 2847 3774 verba
2890 3720 3101 3777 feceras
3138 3740 3153 3776 :
3192 3723 3366 3791 ipsum

1796 3803 1940 3858 enim
1974 3805 2214 3862 divinam
2246 3816 2493 3864 naturam
2527 3809 2837 3879 appellabas
2870 3829 2883 3865 :
2919 3812 3089 3880 ipsius
3122 3826 3273 3882 ergo,
3306 3823 3363 3867 ut

1794 3895 2009 3964 Opinor,
2045 3912 2153 3952 non
2188 3898 2411 3955 alterius
2446 3901 2833 3957 humanitatem
2868 3903 3026 3957 dicis.
3059 3902 3362 3957 Recordare

1794 3986 1959 4055 igitur
1980 3988 2267 4043 verborum
2297 3998 2509 4045 tuorum
2541 4009 2554 4045 :
2584 3993 2855 4062 propriam
2884 3993 3027 4047 enim
3056 4009 3175 4049 esse
3202 3995 3359 4049 Verbi

1794 4075 1942 4130 illam
1975 4092 2194 4133 carnem
2219 4080 2377 4145 dicis,
2400 4082 2576 4136 anima
2613 4083 2861 4136 rationali
2898 4084 3174 4153 praeditam
3207 4083 3360 4139 scili-

1791 4174 1877 4219 cet
1912 4184 1926 4220 :
1961 4166 2041 4221 sic
2077 4182 2311 4237 namque
2343 4170 2447 4224 erit
2478 4172 2595 4234 ejus
2629 4168 2957 4226 humanitas.
2994 4173 3157 4241 Atqui
3192 4173 3236 4227 si
3273 4172 3359 4241 ip-

1791 4270 1907 4309 sum
1931 4270 1995 4310 ex
2025 4256 2132 4313 Deo
2159 4258 2320 4313 Patre
2343 4257 2573 4315 Verbum
2598 4278 2764 4317 unum
2791 4269 2875 4317 est
2900 4276 3022 4317 cum
3048 4277 3145 4317 sua
3170 4277 3359 4328 carne,

1790 4350 2061 4417 quomodo
2086 4351 2280 4406 divinis
2303 4353 2510 4409 viribus
2539 4370 2662 4410 eum
2693 4355 2933 4425 indigere
2960 4365 3137 4424 putas,
3165 4364 3219 4410 et
3248 4365 3357 4410 ter-

1792 4440 2000 4497 ribilem
2031 4442 2309 4499 daemoniis
2336 4459 2366 4498 a
2398 4443 2601 4513 Spiritu
2631 4455 2821 4501 sancto
2854 4446 3076 4512 factum,
3108 4456 3169 4501 ut
3201 4447 3290 4516 qui
3322 4462 3355 4501 a

1787 4544 1883 4584 sua
1912 4541 2103 4588 natura
2129 4534 2182 4588 id
2211 4550 2317 4590 non
2346 4545 2530 4604 posset
2554 4537 2797 4603 eﬂicere;
2823 4537 3008 4591 adhaac
3035 4537 3221 4602 etiam,
3253 4538 3358 4590 hoc

1786 4621 1963 4691 ipsum
1998 4638 2159 4691 posse
2192 4637 2474 4682 conterere
2508 4625 2789 4691 Satanam,
2823 4629 2977 4695 quasi
3011 4630 3077 4682 ab
3113 4628 3219 4683 alio
3252 4628 3351 4683 da-

1782 4721 1915 4776 tum,
1949 4713 2144 4783 vixque
2174 4715 2314 4771 dono
2344 4717 2649 4785 acceptum?
2681 4717 2739 4772 Si
2773 4719 2939 4788 igitur
2971 4734 3076 4773 non
3110 4720 3351 4790 ignoras,

1782 4818 2039 4871 separare
2079 4804 2337 4873 Spiritum
2379 4822 2411 4863 a
2451 4808 2633 4862 divina
2675 4808 2792 4878 ejus
2836 4820 3059 4875 natura,
3105 4810 3351 4879 turpissi-

1784 4909 1930 4947 mum
1960 4894 2264 4951 habendum
2291 4912 2413 4952 esse
2435 4899 2664 4964 crimen,
2690 4909 2745 4955 et
2768 4900 2985 4969 quidem
3008 4898 3151 4967 jure,
3181 4902 3349 4970 ipsius

1779 4985 1964 5052 procul
1995 4986 2155 5041 dubio
2186 4985 2422 5057 Spiritus
2450 4999 2553 5054 est,
2582 5000 2641 5045 ut
2670 4992 2761 5060 qui
2790 5006 2887 5062 per
2910 4992 3235 5049 ineffabilem
3264 4992 3347 5061 ip.

1778 5076 1892 5129 sius
1925 5084 2170 5131 naturam
2206 5080 2481 5146 procedat,
2516 5089 2572 5136 et
2603 5081 2703 5151 ipsi
2737 5081 2809 5138 sit
2840 5082 3343 5151 consubstantialis.

2366 5260 2411 5291 ⁷³
2437 5259 2555 5315 Act.
2593 5277 2633 5327 ι,
2669 5262 2723 5316 2.

1352 5426 1510 5482 ANT.
1554 5428 1827 5485 AGELLH
1866 5430 2093 5488 ΝΟΤᾸΞ.

144 5589 272 5662 (τι),
298 5586 397 5662 Sic
428 5582 849 5662 distinguendus
882 5583 1092 5639 videtur
1120 5583 1287 5662 locus,
1320 5592 1379 5636 ut
1422 5591 1543 5662 apte
1572 5597 1662 5662 ca-

1770 5589 2001 5643 ctionem
2032 5589 2297 5665 improbat
2337 5591 2567 5665 Cyrillus
2600 5608 2719 5665 pag.
2763 5594 2883 5660 l05,
2916 5602 2970 5651 et
2994 5594 3333 5657 ecclesiasti-

86 5658 163 5709 ἀει
209 5653 276 5711 ad
314 5654 562 5711 Nestorii
611 5653 988 5731 sententiam“:
1022 5655 1269 5731 quamvis
1312 5654 1544 5731 pessima
1581 5655 1664 5731 _sit
1769 5673 1885 5713 cam
1918 5674 1980 5715 ac
2008 5653 2279 5729 Vulgatam
2320 5653 2578 5731 sequitur.

92 5728 383 5793 distinctio,
415 5734 473 5782 ct
509 5733 705 5781 contra
736 5738 895 5779 usum
939 5722 1223 5790 Ecclesiae;
1267 5736 1427 5791 quam
1471 5723 1660 5779 distin-
