4040 6438
683 337 783 393 185

1662 338 1719 397 S.
1761 338 2034 395 CYRILLI
2071 339 2542 396 ALEXANDRINI
2580 340 2905 399 ARCHIEP.
3818 351 3909 407 184

679 461 733 505 et
764 452 839 506 ita
869 452 1088 507 minime
1121 452 1351 522 indiguit
1384 452 1585 509 virtute
1615 456 1682 510 ab
1712 471 1777 511 eo
1806 457 1963 520 data,
1997 466 2246 527 tanquam

2363 458 2545 523 κότως,
2580 457 2746 512 αὐτοῦ
2776 459 3018 530 δηλονότι
3047 459 3107 512 τὸ
3130 459 3351 530 Πνεῦμά
3374 461 3541 526 ἐστιν,
3571 461 3644 524 ὡς
3668 463 3735 515 δι’
3758 465 3911 535 αὐτῆς

675 552 902 598 externa
942 554 995 598 et
1036 544 1251 599 aliunde
1290 546 1461 601 ascita
1499 564 1514 602 ε
1556 548 1647 602 sed
1690 556 1873 602 utetur
1908 550 2085 617 potius
2126 559 2247 603 tan-

677 647 837 701 quam
882 635 1099 703 proprio
1144 634 1366 703 Spiritu,
1408 646 1461 691 et
1501 651 1597 706 per
1631 640 1805 707 ipsum
1852 641 2146 696 terribilem
2189 657 2248 697 se

680 726 960 781 daemoniis
986 729 1251 782 ostendet.
1280 728 1373 783 Sin
1405 731 1497 783 tibi
1528 731 1705 798 placet
1729 747 1823 787 eos
1851 734 1939 800 qui
1971 744 2245 803 separant,

679 818 976 885 impietatis
1008 817 1236 874 crimine
1270 820 1532 876 immunes
1564 823 1917 890 pronuntiare
1950 825 2250 891 :quomodo

679 909 837 984 nobis
864 908 1064 963 dudum
1094 924 1188 965 eos
1217 910 1444 980 injurios
1471 912 1776 980 appellans,
1806 921 1988 982 postea
2020 914 2247 982 teipsum

682 999 735 1052 in
759 1014 947 1054 eorum
970 1015 1252 1055 numerum
1275 1001 1475 1056 referre
1492 1018 1600 1057 non
1620 1004 1823 1057 sentis?
1846 1005 2110 1073 siquidem
2134 1006 2253 1059 uni-

683 1100 794 1143 tum
818 1091 970 1145 earni
994 1091 1120 1146 illud
1141 1107 1207 1147 ex
1232 1092 1340 1146 Deo
1362 1091 1519 1147 Patre
1538 1092 1773 1150 Verbum
1798 1095 1941 1150 velut
1968 1111 2132 1150 unum
2155 1097 2252 1151 ali-

684 1194 838 1247 quem
867 1195 897 1234 e
923 1188 1107 1237 nostro
1131 1197 1380 1247 numero,
1406 1193 1458 1237 et
1480 1183 1753 1249 vulgarem
1782 1200 2024 1254 prorsus,
2053 1187 2250 1241 auxilio

683 1272 855 1325 sancti
886 1269 1120 1337 Spiritus
1147 1272 1437 1341 indiguisse
1463 1275 1617 1339 dicis,
1653 1285 1711 1329 ut
1738 1277 1994 1331 terribilis
2020 1277 2252 1331 immun-

684 1361 767 1415 dis
826 1361 981 1433 105
1040 1364 1319 1424 spiritibus
1372 1365 1701 1421 videretur:
1766 1383 1890 1421 nam
1941 1368 2153 1425 etiamsi
2198 1370 2251 1423 in

687 1451 886 1513 Spiritu
930 1456 1019 1509 Dei
1047 1455 1177 1509 dicit
1206 1471 1265 1511 se
1297 1458 1498 1528 ejicere
1552 1460 1839 1524 daemonia,
1871 1478 2049 1517 annon
2083 1462 2251 1529 ipsam

684 1546 952 1601 sermonis
980 1548 1430 1616 dispensationem
1470 1552 1602 1606 satis
1642 1552 2011 1609 admirabilem
2070 1555 2255 1611 videre

685 1636 967 1703 oportuit?
999 1636 1305 1694 Judaeorum
1339 1641 1480 1695 enim
1517 1643 1685 1697 duces
1714 1658 1835 1696 cum
1866 1643 2050 1712 gloriae.
2085 1647 2253 1699 nostri

688 1727 982 1783 Salvatoris
1016 1729 1341 1797 inviderent,
1371 1744 1426 1785 et
1456 1733 1508 1785 in
1545 1747 1666 1785 eum
1693 1747 1753 1788 os
1779 1732 2099 1788 ell'renatum
2127 1751 2251 1803 ape-

685 1817 876 1877 rirent,
931 1818 1310 1872 obtrectabant
1353 1819 1618 1886 infelices,
1669 1830 1977 1875 asserentes
2025 1835 2149 1876 eum
2187 1823 2251 1875 in

684 1902 983 1959 Beelzebub
1025 1907 1267 1973 principe
1298 1908 1685 1961 dannoniorum
1726 1909 1928 1977 ejicere
1968 1911 2252 1965 daemonia.

689 1992 783 2048 llle
820 2011 968 2065 vero,
1008 1998 1167 2051 insita
1202 2014 1331 2067 erga
1371 2014 1561 2053 omnes
1603 2014 1730 2054 usus
1754 2000 2162 2068 tranquillitate,
2199 2010 2255 2055 ut

684 2097 949 2151 errantes,
976 2098 1134 2155 atque
1164 2089 1262 2156 ipsi
1294 2090 1551 2143 dicaciter
1583 2090 1870 2145 detrahere
1894 2089 2152 2156 volentes,
2188 2091 2256 2146 ad

688 2176 965 2231 meliorem
1010 2192 1231 2232 sensum
1288 2194 1351 2233 ac
1392 2182 1680 2235 veritatem
1719 2184 1888 2250 ipsam
1928 2183 2254 2247 traduceret,

686 2264 912 2335 gloriam
947 2275 1157 2335 partam
1195 2283 1262 2322 ex
1305 2268 1356 2321 vi
1406 2272 1719 2325 conterendi
1760 2271 2017 2325 Satanam
2060 2273 2133 2325 illi
2173 2287 2257 2327 se-

688 2359 921 2412 cundum
957 2369 1201 2412 naturam
1235 2359 1346 2415 Deo
1394 2362 1574 2428 potius
1604 2362 1901 2426 tribuebat,
1950 2365 2003 2417 in
2050 2365 2254 2433 Spiritu

690 2449 780 2503 Dei
835 2450 1020 2504 dicens
1080 2464 1137 2504 se
1184 2450 1459 2519 improbos
1522 2453 1743 2520 spiritus
1792 2453 2028 2522 ejicere;
2087 2469 2258 2522 neque

685 2538 919 2605 seipsum
971 2539 1245 2607 abnegans
1283 2537 1449 2594 Deum
1490 2554 1612 2594 esse
1644 2542 1942 2596 secundum
1984 2551 2253 2606 naturam,

686 2638 741 2682 et
786 2629 1047 2693 Spiritum
1093 2640 1342 2685 sanctum
1410 2632 1686 2701 pr0prium
1736 2632 1936 2685 habere
1985 2646 2254 2686 asserens.

688 2718 794 2773 Sed
841 2724 968 2783 quia
1008 2721 1366 2788 congruebat,
1413 2732 1467 2776 et
1528 2721 1710 2775 divino
1753 2720 1988 2776 artiﬁcio
2036 2721 2255 2792 dignum

687 2820 806 2863 erat
850 2810 1247 2875 parricidarum
1296 2811 1391 2866 ira:
1430 2814 1645 2876 cedere,
1677 2824 1733 2869 et
1766 2813 2042 2867 hominum
2076 2812 2167 2882 qui
2204 2814 2257 2867 in

688 2915 754 2955 eo
803 2898 1254 2965 oliendebantur,
1305 2905 1622 2959 occasiones
1671 2904 1999 2972 praecidere;
2050 2904 2258 2959 adorie-

689 2994 884 3050 bantur
925 2996 1092 3053 enim.
1126 2996 1370 3052 dicentes
1402 3014 1417 3050 :
1450 3014 1469 3047 ι
1501 2997 1576 3053 De
1611 2998 1751 3052 bono
1780 3012 1942 3066 opere
1986 3014 2093 3053 non
2124 2999 2259 3067 lapi-

2350 547 2536 617 προϊὸν
2567 547 2664 616 τῆς
2711 548 3028 617 ἀπορρήτου
3060 548 3273 616 φύσεως
3304 548 3491 612 αὑτοῦ,
3522 550 3615 604 καὶ
3644 553 3911 621 ὀμοούσιον

2349 640 2515 708 αὐτῷ,
2548 640 2640 692 καὶ
2670 640 2768 692 ούκ
2796 640 2863 692 ἂν
2886 640 3081 710 ἐδεήθη
3116 642 3367 711 καθάπερ
3412 641 3558 706 τινος
3592 643 3694 711 τῆς
3728 642 3913 709 ἔξωθέν

2348 745 2407 782 τε
2442 730 2531 782 καὶ
2557 731 2801 800 ὲπακτῆς
2835 730 3117 799 δυνάμεως
3145 731 3244 801 τῆς
3271 732 3400 801 παρ’
3430 732 3594 786 αὑτοῦ
3612 749 3627 765 ο
3663 734 3912 802 χρήσεται

2349 822 2404 873 δὲ
2433 821 2633 890 μᾶλλον
2652 822 2726 885 ὡς
2756 822 2870 891 ίδίῳ
2899 822 3199 891 Πνεύματι,
3229 823 3323 875 καὶ
3349 822 3579 893 φοὸερὸν
3604 824 3793 878 ἑαυτὸν
3811 828 3911 887 τοῖς

2350 913 2601 981 δαίμοσιν
2633 913 2903 981 ἀποφανεῖ
2925 911 2991 964 δι’
3019 912 3204 965 αὐτοῦ.
3239 913 3300 966 Ei
3335 912 3391 965 δέ
3424 929 3504 965 σοι
3532 913 3680 966 δοκεῖ
3708 914 3814 967 τῶν
3841 918 3913 977 είς

2351 1004 2667 1058 δυσσέϐειαν
2690 1003 3049 1076 ἐγκλημάτων
3074 1005 3395 1072 ἀποφαίνειν
3411 1006 3779 1075 ὴμοιρηκότας
3796 1007 3911 1069 τοὺς

2352 1096 2773 1165 ἀποτέμνοντας,
2811 1095 2928 1158 πῶς
2963 1099 3094 1165 ἡμῖν
3126 1096 3326 1167 ἀρτίως
3358 1096 3619 1167 ὑϐριστάς
3641 1097 3913 1169 ὀνομάζεις

2354 1186 2461 1257 [Ion
2490 1183 2796 1256 ὠνόμαζες]
2840 1185 3069 1251 αὐτούς;
3107 1182 3236 1238 Εἶτα
3266 1187 3478 1249 τούτοις
3518 1187 3712 1239 σαυτὸν
3740 1187 3911 1257 ἐναρί-

2354 1280 2511 1351 θμιον
2543 1282 2642 1334 οὐκ
2672 1280 2901 1350 αίσθάνῃ
2936 1279 3126 1345 ποιῶν,
3164 1283 3321 1350 ειπερ
3350 1280 3615 1333 ἐνωθέντα
3647 1281 3809 1345 σαρκὶ
3832 1279 3916 1331 τὸν

2354 1374 2417 1425 ὲκ
2449 1371 2584 1425 Θεοῦ
2612 1372 2821 1441 Πατρὸς
2854 1371 3044 1437 Λόγον,
3081 1371 3331 1441 καθαπερ
3362 1362 3456 1424 ἕνα
3497 1371 3618 1424 τινά
3651 1371 3765 1423 τῶν
3792 1370 3889 1423 καθ

2354 1463 2521 1531 ἡμᾶς,
2549 1461 2643 1515 καὶ
2668 1460 2843 1515 κοινὸν
2884 1460 3088 1526 άπλῶς,
3112 1461 3210 1531 τῆς
3238 1459 3334 1513 τοῦ
3362 1460 3676 1529 Πνεύματος
3705 1462 3917 1512 ἐπικου-

2358 1556 2478 1627 ρίας
2524 1551 2805 1624 δεδεῆσθαι
2852 1554 2979 1623 φὴς,
3014 1553 3100 1607 ἵνα
3145 1552 3387 1623 ’φοϐερός
3436 1555 3549 1615 τοῖς
3594 1553 3917 1623 ἀκαθάρτοις

2356 1650 2528 1717 όρῳτο
2560 1646 2880 1715 πνεύμασιν.
2907 1646 2969 1697 Ei
3001 1645 3109 1713 γάρ
3136 1646 3227 1697 καὶ
3254 1646 3312 1697 ἐν
3342 1643 3616 1713 Πνεύματι
3648 1644 3785 1697 Θεοῦ
3815 1660 3918 1712 φη-

2359 1761 2444 1796 σιν
2481 1742 2673 1795 ἑαυτὸν
2699 1740 2981 1794 ἐκϐάλλειν
3005 1740 3073 1793 τὰ
3109 1739 3384 1809 δαιμόνια,
3421 1738 3538 1799 πῶς
3562 1737 3660 1790 οὐκ
3692 1736 3801 1789 ἔδει
3833 1732 3919 1787 τοῦ

2358 1835 2513 1902 λόγου
2539 1832 2637 1902 τὴν
2662 1831 2975 1901 οἰκονομίαν
2997 1829 3325 1897 ἀξιάγαστον
3350 1822 3514 1880 οὖσαν
3539 1826 3699 1890 ίδεῖν;
3730 1827 3795 1879 Οί
3828 1824 3920 1894 μὲν

2357 1926 2464 1995 γὰρ
2488 1926 2598 1978 τῶν
2629 1923 2895 1976 Ἰουδαίων
2923 1921 3255 1990 καθηγηταί,
3281 1920 3349 1989 τῇ
3376 1918 3468 1972 τοῦ
3493 1916 3743 1987 Σωτῆρος
3774 1914 3922 1987 ἡμῶν

2359 2016 2574 2086 εὐκλείᾳ
2606 2012 3039 2084 διεφθονηκότες,
3070 2012 3165 2065 καὶ
3196 2010 3476 2063 ἀπύλωτον
3514 2009 3602 2060 ἐπ’
3624 2005 3775 2071 αὑτῷ
3803 2006 3925 2059 διοι-

2358 2109 2579 2175 γνύντες
2608 2105 2801 2176 στόμα,
2829 2103 3239 2173 κατεφλυάρουν
3272 2102 3321 2152 oi
3352 2098 3596 2152 δείλαιοι.
3627 2097 3924 2164 φάσκοντες

2359 2198 2415 2249 ὲν
2447 2193 2775 2257 Βεελζεόοὺλ
2814 2194 3034 2263 ἄρχοντι
3067 2189 3178 2242 τῶν
3209 2187 3504 2258 δαιμονίων
3548 2184 3833 2237 ἐκϐάλλειν
3861 2182 3925 2233 τά

2358 2286 2627 2355 δαιμόνια.
2668 2285 2726 2337 Ὀ
2757 2283 2812 2336 δὲ
2858 2286 2924 2352 τῇ
2972 2281 3197 2351 ὲμφύτῳ
3230 2280 3367 2350 πρὸς
3416 2278 3661 2340 ἅπαντας
3698 2275 3926 2345 γαληνό-

2360 2394 2479 2447 τητι
2512 2375 2868 2446 κεχρημένος,
2901 2374 2992 2425 καὶ
3024 2371 3283 2441 μεθιστὰς
3308 2372 3432 2432 τοὺς
3459 2366 3925 2435 πεπλανημένους,

2360 2471 2523 2539 ἢγουν
2572 2466 2962 2536 ἀθυροστομεῑν
3005 2464 3287 2524 ἐθέλοντας
3330 2461 3417 2513 ἐπ’
3462 2459 3641 2528 αὐτῷ,
3680 2459 3816 2527 πρὸς
3872 2454 3931 2506 τὸ

2360 2560 2579 2629 ἄμεινόν
2613 2574 2674 2609 τε
2704 2555 2797 2608 καὶ
2824 2553 3045 2623 ἀληθὲς,
3071 2552 3192 2622 Θεῷ
3217 2551 3281 2621 δὴ
3325 2550 3525 2620 μᾶλλον
3557 2547 3635 2617 τῷ
3664 2546 3806 2599 κατά
3834 2544 3928 2611 φύ-

2363 2669 2464 2714 σιν,
2490 2649 2588 2719 τὴν
2627 2647 2719 2702 ὲπί
2750 2663 2813 2715 γε
2842 2646 2919 2716 τῷ
2944 2646 3204 2699 δύνασθαι
3236 2641 3543 2712 συντρίόειν
3566 2639 3657 2691 τὸν
3685 2637 3930 2691 Σατανᾶν

2360 2740 2595 2797 ἀνετίθει
2618 2738 2806 2803 δόξαν,
2837 2738 2897 2791 ὲν
2924 2724 3204 2805 Πνεῦματι
3230 2731 3368 2785 Θεοῦ
3403 2731 3579 2800 λέγων
3608 2729 3676 2781 τά
3720 2725 3933 2796 πονηρὰ

2361 2828 2574 2887 διώκειν
2608 2838 2927 2901 πνεύματα·
2960 2829 3054 2882 καὶ
3094 2829 3195 2880 οὐκ
3244 2826 3348 2889 ἔξω
3396 2826 3564 2887 τιθεὶς
3600 2820 3791 2873 ἑαυτὸν
3840 2814 3932 2869 τοῦ

2364 2927 2505 2979 κατά
2532 2922 2693 2993 φύσιν
2720 2918 2857 2976 εἶναι
2885 2921 3035 2984 Θεὸν,
3068 2920 3161 2972 καὶ
3193 2918 3323 2970 ἴδιον
3350 2916 3495 2985 ἔχειν
3520 2914 3579 2967 τὸ
3616 2913 3843 2981 Πνεῦμα
3876 2906 3935 2959 τὸ

2364 3016 2538 3083 ἅγιον.
2572 3014 2790 3083 Ἐπειδὴ
2818 3013 2875 3065 δὲ
2901 3008 2969 3081 ἦν
3001 3010 3315 3073 ἀκόλουθον,
3349 3010 3443 3060 καὶ
3480 3002 3820 3074 θεοπρεποῦς
3850 3000 3937 3051 εύ-

688 3090 877 3144 damus
912 3097 984 3152 te,
1017 3090 1112 3143 sed
1165 3091 1230 3143 de
1271 3088 1632 3159 blasphemia,
1669 3090 1796 3159 quia
1843 3098 1899 3144 tu
1942 3090 2103 3145 homo
2131 3106 2252 3146 cum

2363 3106 2572 3176 τεχνίας
2601 3103 2771 3169 ἄξιον,
2798 3103 2895 3166 τὰς
2928 3103 3035 3156 τῶν
3073 3099 3357 3169 φονώντων
3381 3096 3702 3166 ὑποτρέχειν
3737 3094 3935 3164 όργας,

689 3179 785 3242 sis,
818 3177 951 3232 facis
996 3178 1225 3247 teipsum
1267 3180 1436 3233 Deum
1457 3178 1541 3245 7‘;
1582 3198 1601 3231 ι
1639 3180 1777 3240 hanc
1807 3181 1875 3234 ob
1914 3196 2135 3235 causam
2166 3183 2257 3236 be-

690 3270 851 3339 nigne
904 3269 1192 3323 admodum
1245 3272 1312 3324 ad
1368 3274 1644 3325 hominum
1696 3272 1871 3327 adhuc
1924 3273 2259 3326 iniirmorum

689 3376 908 3415 sensum
953 3376 1013 3417 se
1063 3377 1412 3431 componens,
1448 3363 1541 3418 Dei
1576 3362 1836 3433 Spiritum
1873 3364 2067 3432 inquit,
2113 3366 2265 3419 novit

691 3453 834 3505 enim
869 3454 1059 3522 probe,
1110 3462 1168 3507 nt
1195 3453 1304 3521 jam
1336 3454 1469 3520 dixi,
1516 3456 1754 3525 seipsum
1800 3470 1923 3511 esse
1959 3472 2023 3510 ex
2070 3465 2261 3510 natura

693 3542 859 3598 Deum
896 3540 1056 3598 simul
1103 3558 1224 3598 cum
1252 3540 1435 3607 Patre,
1468 3554 1523 3598 et
1569 3545 1750 3600 omnia
1782 3561 1902 3616 qua:
1935 3545 2077 3599 illius
2115 3552 2258 3609 sunt,

693 3649 751 3688 se
792 3635 1013 3698 habere,
1054 3645 1413 3704 praeterquam
1466 3637 1517 3689 id
1572 3637 1743 3691 solum
1778 3638 1919 3705 quod
1955 3647 2037 3691 est
2078 3637 2260 3691 Pater.

692 3726 881 3797 itaque
918 3729 1080 3783 etiam
1118 3729 1333 3783 dicebat
1371 3730 1437 3783 ad
1476 3730 1622 3784 illum
1658 3750 1671 3784 :
1708 3751 1725 3781 ι
1756 3730 1947 3785 Omnia
1991 3745 2131 3793 mea,
2177 3743 2261 3783 tua

693 3828 838 3883 sunt,
872 3829 925 3872 et
962 3829 1049 3871 tua
1088 3834 1229 3885 mea,
1269 3829 1322 3873 et
1352 3819 1682 3888 gloriﬁcatus
1716 3837 1834 3875 sum
1871 3822 1922 3873 in
1966 3820 2101 3888 ipsis
2124 3820 2206 3885 1a;
2243 3821 2259 3870 ,-

695 3920 749 3967 et
783 3911 847 3964 ad
888 3927 987 3965 nos
1020 3911 1163 3978 ipsos
1206 3924 1325 3965 cum
1355 3912 1421 3965 de
1455 3911 1657 3979 Spiritu
1700 3921 1887 3965 sancto
1915 3914 2078 3967 verba
2116 3911 2264 3965 face—

694 4013 779 4056 ret
810 4019 822 4056 :
864 4020 882 4054 ι
912 4001 1127 4063 Omnia,
1163 4003 1361 4071 inquit,
1386 4019 1505 4071 qua
1535 4005 1696 4058 habet
1726 4003 1910 4065 Pater,
1948 4019 2063 4057 mea
2090 4013 2216 4058 sunt
2249 4022 2259 4056 :

696 4101 980 4162 propterea
1013 4092 1124 4146 dixi
1162 4093 1312 4147 vobis
1345 4094 1472 4162 quia
1517 4093 1585 4148 de
1629 4109 1750 4148 meo
1778 4095 2024 4163 accipiet,
2079 4104 2134 4150 et
2178 4109 2261 4148 an-

697 4184 966 4239 nuntiabit
994 4183 1144 4239 vobis
1164 4184 1231 4237 ⁷⁸.
1267 4202 1284 4234 i
1318 4182 1387 4239 Ut
1415 4185 1559 4239 enim
1593 4186 1832 4252 procedit
1862 4198 1925 4238 ex
1960 4183 2119 4239 Patre
2144 4184 2255 4253 Spi-

698 4279 830 4330 ritus
879 4277 1119 4340 sanctus,
1163 4291 1285 4330 cum
1334 4277 1404 4331 sit
1442 4277 1612 4345 ipsius
1642 4278 1938 4331 secundum
1989 4286 2262 4341 naturam,

2365 3197 2459 3252 καὶ
2494 3197 2590 3259 τάς
2621 3198 2730 3249 τῶν
2759 3194 2843 3247 ἐπ’
2865 3192 3015 3262 αύτῷ
3046 3188 3545 3258 σκανδαλιζομὲνων
3587 3183 3939 3253 περικόπτειν

2363 3287 2650 3358 ἀφορμάς·
2686 3284 2985 3353 ἐπεφύοντο
3039 3284 3147 3352 γὰρ
3204 3280 3486 3348 λέγοντες·
3534 3295 3552 3327 ι
3583 3275 3717 3344 Περὶ
3768 3268 3938 3325 καλοῦ

2365 3384 2525 3451 ἔργον
2554 3380 2613 3432 οῦ
2649 3375 2938 3447 λιθάζομέν
2973 3391 3054 3438 σε,
3098 3373 3232 3427 ἀλλά
3278 3370 3404 3437 περὶ
3442 3365 3825 3437 βλασφημίαςο
3858 3364 3938 3415 ὃτι

2368 3475 2450 3537 σὺ,
2476 3472 2756 3540 ἄνθρωπος
2777 3468 2873 3532 ὢν,
2897 3468 3067 3529 ποιεῖς
3096 3464 3320 3519 σεαυτὸν
3338 3462 3491 3515 Θεόνο
3507 3478 3526 3511 ι
3544 3458 3712 3527 ταύτῃ
3739 3473 3824 3510 τοι
3851 3455 3943 3507 καὶ

2368 3564 2503 3631 ἄγαν
2529 3562 2781 3624 ἀστείως,
2808 3563 2920 3621 τοῖς
2949 3554 3268 3613 ἀσθενοῦσιν
3291 3554 3371 3607 ἔτι
3405 3549 3938 3621 συγκαθιστάμενος,

2366 3651 2500 3704 Θεοῦ
2522 3652 2584 3703 τὸ
2607 3648 2824 3719 πνεῦμά
2846 3665 3010 3718 φησιν
3029 3665 3041 3677 ·
3071 3644 3179 3699 οἶδε
3211 3643 3320 3716 γὰρ
3344 3639 3503 3707 οἶδεν,
3525 3644 3598 3706 ὡς
3627 3641 3786 3710 ἔφην,
3815 3641 3941 3692 ἑαυ-

2366 3744 2460 3797 τὸν
2512 3742 2642 3797 ὄντα
2689 3741 2849 3802 φύσει
2906 3740 3037 3791 Θεὸν
3085 3737 3223 3806 ὁμοῦ
3272 3735 3350 3803 τῷ
3405 3735 3802 3803 γεγεννηκότι,
3850 3750 3943 3783 και

2368 3837 2546 3889 πάντα
2584 3833 2776 3903 ἔχοντα
2807 3830 2991 3895 αὑτοῦ,
3037 3812 3158 3899 δίχα
3206 3828 3369 3897 μόνου
3404 3826 3499 3879 τοῦ
3543 3820 3679 3877 εἶναι
3721 3823 3940 3893 Πατήρ.

2368 3929 2657 3997 Τοιγάρτοι
2699 3926 2793 3977 καὶ
2825 3925 3031 3993 ἔφασκε
3087 3923 3223 3991 πρὸς
3259 3920 3451 3977 αὐτὸν.
3491 3937 3510 3969 ι
3542 3919 3623 3971 ὄτι
3659 3916 3846 3969 Πάντα
3877 3914 3944 3967 τὰ

2368 4021 2496 4089 ὲμά,
2524 4018 2592 4071 σά
2620 4020 2759 4078 ἐστι,
2793 4016 2885 4068 καὶ
2911 4015 2981 4066 τὰ
3009 4012 3096 4075 σὰ,
3118 4010 3258 4081 ἐμά·
3287 4010 3378 4063 καὶ
3403 4006 3726 4075 δεδόξασμαι
3756 4008 3818 4058 ὲν
3850 4007 3947 4057 αύ-

2366 4114 2497 4173 τοῖς.
2529 4128 2547 4159 ι
2593 4110 2700 4161 Καὶ
2740 4109 2875 4177 πρός
2922 4121 2985 4173 γε
3031 4103 3177 4180 ἡμᾶς
3216 4101 3409 4161 αυτούς
3462 4098 3587 4166 περὶ
3632 4094 3727 4147 τοῦ
3785 4096 3945 4162 ἀγίου

2369 4199 2685 4268 Πνεύματος
2715 4198 2839 4257 τοὺς
2867 4194 3057 4261 λόγους
3087 4203 3424 4261 ποιούμενος,
3464 4206 3482 4238 ι
3514 4188 3719 4249 Πάντα,
3748 4186 3947 4253 ⁴φησὶν,

2368 4292 2467 4343 ὅσα
2498 4288 2607 4357 ἔχει
2641 4292 2670 4338 ό
2715 4284 2923 4355 Πατὴρ,
2960 4284 3069 4352 ὲμά
3097 4286 3245 4334 ἐστι’
3277 4280 3364 4332 διὰ
3397 4278 3552 4331 τοῦτο
3587 4272 3741 4328 εἷπον
3790 4276 3946 4345 ὑμῖν,

696 4371 885 4424 eodem
917 4384 1131 4438 quoque
1155 4367 1313 4422 modo
1339 4383 1433 4437 per
1459 4371 1630 4437 ipsum
1661 4369 1877 4434 Filium,
1908 4384 2028 4423 cum
2055 4369 2124 4423 sit
2146 4369 2258 4439 ejus

2369 4382 2449 4434 ὅτι
2477 4382 2541 4432 ἐκ
2570 4377 2665 4431 τοῦ
2688 4377 2829 4447 ’ἐμοῦ
2870 4375 3100 4447 λήψεται
3127 4373 3219 4426 καὶ
3263 4370 3551 4439 ἀναγγελεῖ
3582 4369 3726 4437 ὑμῖν.
3760 4386 3779 4417 ι
3815 4367 3952 4418 Ὠσ-

699 4458 1042 4523 naturaliter,
1078 4458 1287 4527 ipsique
1318 4460 1813 4514 consubstantialis.
1851 4459 1990 4528 Ergo
2016 4462 2258 4530 quamvis

2371 4490 2475 4541 περ
2506 4472 2613 4540 γάρ
2642 4440 2886 4538 πρόεισιν
3008 4467 3101 4519 τοῦ
3126 4464 3337 4536 Πατρὸς
3366 4464 3427 4515 τὸ
3456 4462 3681 4529 Πνεῦμα
3702 4460 3765 4512 τὸ
3789 4459 3951 4519 ἅγιον

698 4566 793 4619 per
826 4548 1087 4618 Spiritum
1113 4548 1469 4617 gloriﬁcetur,
1503 4552 1618 4617 ipse
1668 4562 1847 4604 tamen
1876 4552 2111 4621 seipsum
2142 4561 2265 4605 tan-

698 4657 858 4709 quam
898 4655 993 4709 per
1032 4643 1304 4709 proprium
1361 4640 1619 4709 Spiritum
1659 4643 1966 4708 glurilicare
2014 4642 2267 4711 intelligi-

702 4745 823 4796 tur;
860 4746 1034 4799 ueque
1076 4747 1139 4786 ea
1197 4747 1283 4786 res
1318 4731 1389 4784 illi
1435 4734 1773 4787 extrinsecus
1824 4732 2063 4798 advenit,
2106 4724 2267 4786 etiam

701 4821 743 4874 si
779 4820 971 4875 lactus.
994 4821 1153 4874 homo
1184 4820 1355 4873 nostri
1384 4820 1578 4876 similis
1604 4822 1869 4875 videatur.
1898 4822 2268 4878 Periculosum

702 4920 783 4967 est
812 4918 989 4965 autem
1020 4912 1083 4964 ad
1120 4912 1221 4965 hoc
1246 4912 1407 4965 etiam
1449 4911 1577 4965 illud
1613 4912 1793 4967 dicere
1821 4913 1885 4967 de
1923 4921 2114 4968 sancto
2146 4913 2265 4981 Spi.

704 5006 831 5069 τίω,
862 5004 951 5070 qui
983 5018 1201 5057 carnem
1239 5002 1407 5071 ipsius
1437 5002 1612 5056 eli'ecit
1649 5005 1902 5070 templum
1936 5024 1948 5058 :
1986 5015 2102 5059 erat
2126 5008 2269 5059 enim

704 5108 831 5147 caro
861 5093 1077 5160 propria
1106 5092 1287 5155 Verbi,
1344 5095 1503 5162 idque
1534 5095 1693 5164 paulo
1724 5106 1850 5150 ante
1899 5095 2015 5165 ipse
2061 5097 2273 5151 confes-

705 5201 795 5241 sus
836 5200 927 5248 es;
969 5185 1136 5251 ipsius
1179 5186 1324 5239 enim
1370 5201 1493 5239 esse
1542 5187 1931 5241 humanitatem
1974 5188 2180 5254 dixisti,
2219 5200 2274 5244 et

706 5276 965 5342 templum
997 5276 1162 5343 ipsius
1190 5275 1289 5329 fuit
1322 5287 1569 5331 sanctum
1602 5278 1727 5333 illud
1763 5293 1960 5347 corpus
1985 5295 2049 5337 ex
2083 5291 2272 5335 sancta

710 5367 928 5437 Virgine
974 5377 1266 5437 sumptum.
1304 5369 1463 5439 106
1488 5368 1742 5440 Proprius
1782 5372 1912 5427 item
1963 5373 2137 5440 ipsius
2187 5373 2275 5427 ille

706 5462 823 5527 ejus
854 5458 1107 5528 Spiritus,
1141 5475 1314 5530 neque
1341 5477 1577 5530 unquam
1612 5464 1741 5519 illud
1769 5465 1863 5520 Dei
1897 5464 2131 5519 Verbum
2160 5467 2274 5520 sine

710 5571 807 5609 suo
840 5554 1043 5623 Spiritu
1081 5555 1413 5625 intelligitur.
1450 5554 1675 5611 Praestat
1704 5558 1864 5627 igitur
1890 5574 1950 5614 ac
1979 5559 2274 5627 sapientius

2370 4564 2533 4616 αὑτοῦ
2561 4561 2701 4615 κατά
2732 4559 2892 4627 φύσιν
2921 4558 3192 4628 ὑπάρχον
3222 4556 3316 4609 καὶ
3347 4558 3489 4607 κατὰ
3511 4552 3603 4606 τὸν
3628 4553 3743 4605 ἴσον
3768 4568 3951 4617 τούτῳ

2370 4656 2569 4726 τρόπον
2606 4653 2698 4705 καὶ
2728 4652 2794 4704 δι’
2834 4649 2999 4703 αὑτοῦ
3036 4649 3129 4701 τοῦ
3166 4646 3319 4712 Υἱοῦ,
3366 4644 3609 4715 φυσικῶς
3653 4643 3712 4697 ὃν
3748 4643 3950 4706 αὑτοῦ,

2373 4746 2463 4797 καὶ
2491 4742 2774 4813 ὁμοούσιον
2822 4741 2990 4810 αὐτῷ.
3016 4738 3226 4793 Οὐκοῦν
3255 4736 3356 4791 κᾶν
3394 4732 3682 4805 δοξάζηται
3718 4733 3813 4788 διὰ
3856 4734 3954 4787 τοῦ

2375 4834 2719 4903 Πνεύματος,
2761 4830 2921 4892 αὐτὸς
2970 4828 3180 4891 ἑαυτὸν,
3217 4827 3291 4891 ὡς
3338 4827 3405 4879 δι’
3451 4824 3579 4879 ίδίου
3627 4824 3957 4895 Πνεύματος

2373 4928 2569 4979 νοεῖται
2592 4922 2851 4987 δοξάζων,
2877 4921 2969 4973 καὶ
2994 4922 3090 4990 ούχ
3118 4920 3190 4983 ὼς
3216 4918 3447 4989 θύραθεν
3470 4918 3530 4971 τὸ
3556 4917 3745 4987 χρῆμα
3778 4919 3953 4987 αὐτῷ,

2378 5015 2480 5066 κᾶν
2513 5015 2561 5065 εί
2594 5013 2765 5083 ορῴτο
2816 5009 3057 5079 γεγονὼς
3090 5008 3375 5079 ἄνθρωπος
3423 5007 3546 5061 καθ’
3574 5008 3741 5076 ἡμᾶς.
3791 5007 3957 5060 Ἀνα-

2381 5105 2601 5172 σφαλεὶς
2636 5103 2746 5175 [Ion
2787 5099 3137 5173 Ἀνασφαλὲς]
3174 5102 3229 5154 δὲ
3256 5101 3389 5170 πρὸς
3418 5099 3591 5169 τούτῳ
3621 5101 3851 5153 κάκεῖνο
3882 5104 3959 5152 εὶ-

2378 5198 2496 5248 πεῖν
2526 5193 2654 5263 περὶ
2681 5194 2774 5246 τοῦ
2809 5194 3154 5263 Πνεύματος,
3195 5192 3275 5256 τὸ,
3307 5190 3406 5261 τὴν
3435 5191 3613 5261 σάρκα
3640 5190 3739 5260 τὴν
3787 5192 3962 5244 αὑτοῦ

2377 5285 2740 5355 πεποιημένον
2780 5285 2936 5338 ναόν’
2980 5279 3049 5353 ἦν
3096 5283 3193 5352 μὲν
3224 5281 3329 5353 γὰρ
3354 5283 3387 5351 ἡ
3415 5281 3553 5352 σάρξ
3580 5281 3685 5335 ίδία
3724 5284 3821 5336 τοῦ
3854 5284 3955 5335 Λό-

2378 5392 2495 5442 γου,
2533 5375 2629 5428 καὶ
2673 5374 2829 5427 τοῦτο
2872 5376 3001 5444 ἡμῖν
3050 5373 3250 5443 ἀρτίως
3288 5373 3700 5444 διωμολόγηκας
3752 5375 3961 5437 αὑτός·

2380 5465 2541 5518 αὐτοῦ
2586 5466 2694 5535 γὰρ
2737 5465 2869 5534 ἔφης
2904 5461 3172 5534 εἶναιτὴν
3222 5464 3648 5533 ἀνθρωπότητα,
3684 5466 3779 5518 καὶ
3830 5468 3961 5529 ναὸς

2380 5556 2537 5610 αὑτοῦ
2576 5558 2975 5627 κεχρημάτικεν
3023 5558 3079 5609 τὸ
3115 5559 3178 5613 ἐκ
3214 5558 3308 5627 τῆς
3336 5558 3497 5625 ἁγίας
3548 5557 3830 5626 Παρθένου
3866 5558 3937 5627 λη

862 5730 1013 5793 Joau.
1052 5747 1104 5798 Χ,
1150 5732 1236 5787 55.
1271 5734 1315 5763 ⁷⁵
1352 5729 1503 5787 Joan.
1544 5738 1675 5802 itvn,
1712 5734 1799 5789 10.
1878 5735 1919 5765 ⁷⁸
1956 5734 2107 5790 Joan.
2151 5751 2257 5801 κνι,
2294 5736 2372 5789 [ὅ.
