4040 6434
168 350 260 404 185

1212 350 1584 410 ADVERSUS
1616 353 2019 411 NESTORIUM
2058 354 2183 410 LIB.
2226 354 2314 412 IV.

3328 363 3433 421 186

166 464 283 529 φθὲν
325 463 496 531 ἅγιον
548 464 736 535 σῶμα·
774 466 908 517 ἴδιον
939 463 995 517 δὲ
1034 466 1191 519 πάλιν
1231 469 1397 521 αὑτοῦ
1440 470 1501 522 τὸ
1540 471 1760 540 Πνεῦμα

1865 481 1945 524 est
1980 471 2182 536 dicere,
2236 486 2432 541 corpus
2475 474 2688 541 quidem
2726 476 2984 545 templum
3015 490 3136 530 esse
3170 477 3326 532 Verbi
3374 490 3429 533 et

162 553 316 604 αὑτοῦ
341 592 356 615 ,
409 555 514 607 καὶ
564 555 666 612 οὐκ
719 555 786 609 ἂν
822 558 993 609 νοοῖτο
1032 556 1247 611 πώποτε
1302 558 1425 627 δίχα
1479 559 1573 612 τοῦ
1627 560 1755 613 ίδίου

166 642 481 713 Ιινεὺματος
511 646 543 698 ό
586 648 652 701 ὲκ
689 645 825 703 Θεοῦ
882 647 1094 715 Πατρδς
1129 646 1319 715 Λόγος.
1350 649 1609 719 ’Δμεινον
1662 646 1757 704 οὖν

161 738 257 804 ἄρα
296 737 397 788 καὶ
447 735 787 804 σοφώτερον,
837 738 964 791 ναὸν
1000 738 1098 807 μὲν
1143 737 1237 791 τοῦ
1286 739 1458 808 Λόγου
1493 740 1553 793 τὸ
1597 741 1758 811 σῶμα

161 826 355 891 λέγειν,
388 827 494 879 καὶ
533 827 675 880 ἰδίαν
707 826 877 884 αὐτοῦ
908 827 1005 898 τὴν
1031 828 1239 897 σάρκα’
1274 829 1549 882 πιστεύειν
1588 829 1645 881 δὲ
1672 831 1755 884 ὃτι

165 918 409 969 σύνεστιν
459 918 555 969 ἀεὶ
592 917 673 988 τῷ
702 919 864 986 Λόγῳ
892 919 955 972 τὸ
1005 917 1227 987 Πνεῦμα
1263 919 1448 984 αὑτοῦ,
1501 919 1755 991 καθάπερ

160 1009 348 1077 ἀμέλει
399 1010 497 1061 καὶ
531 1008 684 1078 αὐτῷ
712 1008 790 1078 τῷ
826 1009 1020 1079 Πατρί.
1048 1009 1161 1062 Οὐκ
1194 1009 1493 1080 ἀμώμητον
1523 1010 1579 1063 δὲ
1617 1011 1752 1081 πρὸς

158 1097 323 1166 τούτῳ
378 1098 559 1166 φαίην
600 1098 690 1162 ἂν,
732 1099 812 1164 τὸ,
855 1099 929 1161 ὡς
975 1099 1060 1149 ἐπ’
1103 1095 1389 1168 ἀνθρώπου
1436 1098 1615 1153 κοινοῦ
1654 1099 1751 1170 τὴν

157 1190 425 1258 ἀνάληψιν
476 1189 635 1259 αὐτῷ
664 1191 763 1259 τὴν
794 1191 873 1253 είς
926 1189 1152 1262 οὐρανὸν
1198 1189 1535 1261 δεδωρῆσθαι
1569 1191 1751 1259 λέγειν

158 1280 302 1350 παρὰ
327 1280 429 1337 τοῦ
479 1280 838 1350 Πνεύματοςο
872 1279 1187 1344 ἐπιλέκτους
1230 1282 1328 1351 μὲν
1364 1281 1472 1352 γὰρ
1518 1282 1753 1335 ἐποιεῖτο

155 1373 271 1433 τοὺς
302 1370 570 1441 μαθητὰς
598 1372 687 1424 διὰ
720 1371 816 1425 τοῦ
863 1372 1023 1439 άγίου
1072 1372 1388 1441 Πνεύματος
1408 1411 1425 1436 ,
1473 1373 1747 1444 ἀνελήφθη

155 1483 211 1531 γε
244 1466 353 1535 μὴν
381 1465 463 1528 ὡς
489 1464 627 1527 Θεός
647 1481 662 1495 ο
688 1466 787 1534 οὐχ
817 1464 893 1528 ὡς
925 1466 1056 1534 παρ’
1083 1465 1271 1534 ἐτέρου
1298 1465 1448 1519 δοτδν
1474 1465 1536 1518 τὸ
1562 1466 1748 1536 χρῆμα

153 1555 327 1607 λαϐὼν
353 1571 366 1583 ·
430 1555 603 1619 αὐτὸς
652 1554 710 1607 δὲ
746 1554 818 1625 δὴ
854 1555 1055 1625 μᾶλλον
1106 1555 1433 1626 πρωτόλειον
1465 1556 1655 1628 ὥσπερ
1695 1574 1749 1609 τι

152 1647 241 1716 τῆς
289 1646 664 1717 ἀνθρωπίνης
709 1647 926 1714 φύσεως
970 1647 1368 1717 άνανεωθείσης
1409 1649 1487 1712 είς
1531 1648 1744 1721 ἀφθαρ-

154 1741 267 1793 σίαν
299 1739 447 1809 (25),
471 1737 801 1808 ὲμφανίσων
831 1739 1024 1791 ἑαυτὸν
1051 1738 1129 1808 τῷ
1153 1738 1274 1808 Θεῷ
1300 1740 1395 1791 καὶ
1426 1739 1620 1807 Πατρὶ,
1654 1739 1744 1792 καὶ

1860 561 2128 628 propriam
2171 561 2338 629 ipsius
2379 577 2644 617 carnem:
2686 567 2910 621 credere
2951 566 3079 619 item
3116 568 3213 635 ipsi
3252 569 3426 623 Verbo

1856 663 2069 717 semper
2126 651 2319 706 adesse
2369 650 2628 720 Spiritum
2672 654 2862 723 ipsius,
2909 666 2966 710 ut
3022 657 3184 710 etiam
3243 660 3427 726 procul

1858 736 2022 791 dubio
2068 737 2238 793 Patri.
2291 741 2373 795 Ad
2418 743 2531 797 btec
2580 757 2754 812 neQue
2798 745 2927 799 illud
2973 747 3186 812 quidem
3232 762 3427 803 vacare

1856 828 2009 896 culpa
2047 829 2299 895 dixerim,
2347 832 2492 900 quod
2529 840 2782 901 tanquam
2836 835 2902 889 de
2936 837 3209 890 communi
3243 837 3425 906 vulga-

1858 918 2012 986 rique
2036 918 2251 974 homine
2267 921 2363 985 ait,
2392 924 2819 991 assumptionem
2842 924 2893 978 in
2919 928 3114 979 coelum
3138 927 3238 995 ipsi
3261 927 3424 981 fuisse

1855 1009 1995 1062 dono
2022 1010 2201 1064 datam
2231 1026 2261 1065 a
2300 1010 2507 1080 Spiritu
2543 1030 2556 1066 :
2590 1028 2713 1067 nam
2742 1014 2903 1085 elegit
2935 1018 3151 1087 quidem
3181 1019 3424 1089 discipu-

1856 1097 1935 1153 los
1966 1113 2062 1168 per
2102 1098 2366 1169 Spiritum
2401 1112 2652 1157 sanctum
2675 1104 2743 1168 ",
2788 1106 2882 1159 sed
2912 1118 3225 1177 assumptus
3255 1117 3335 1163 est
3367 1118 3426 1162 ut

1854 1188 2018 1255 Deus,
2047 1203 2153 1244 non
2183 1190 2335 1259 quasi
2381 1206 2503 1246 eam
2540 1207 2652 1247 rem
2681 1194 2750 1247 ab
2773 1194 2879 1249 alio
2909 1197 3090 1250 datam
3135 1200 3421 1268 acceperit,

1851 1282 1945 1334 sed
1977 1288 2035 1333 ut
2064 1278 2177 1348 ipse
2216 1280 2394 1349 potius
2422 1280 2585 1337 veluti
2614 1282 2869 1352 primitiae
2894 1287 3138 1355 quaedam
3172 1287 3425 1343 humana:

1851 1381 2057 1427 natura:
2086 1372 2142 1426 in
2176 1372 2637 1441 incorruptionem
2664 1385 2934 1431 renovata:
2971 1377 3210 1447 seipsum
3242 1388 3423 1434 osten-

1850 1461 2000 1517 deret
2041 1462 2150 1520 Deo
2179 1473 2236 1520 et
2268 1462 2435 1529 Patri,
2477 1472 2539 1519 et
2576 1465 2733 1520 nobis
2761 1465 3001 1521 initiaret
3039 1468 3180 1522 viam
3223 1485 3420 1524 novam

1848 1562 1901 1608 et
1954 1554 2261 1621 viventem,
2322 1555 2713 1627 ingredientem
2778 1557 2831 1611 in
2890 1558 3146 1613 interiora
3198 1560 3421 1615 velami-

1849 1648 1935 1703 nis
1955 1647 2024 1712 ⁷⁸,
2054 1664 2073 1699 ι
2106 1662 2213 1717 quo
2249 1661 2552 1716 pra'cursor
2573 1662 2670 1717 pro
2698 1646 2849 1702 nobis
2892 1649 3168 1719 ingressus
3191 1665 3315 1706 esse
3342 1652 3421 1706 di-

1848 1740 2027 1804 citur,
2074 1738 2370 1794 secundum
2432 1738 2678 1794 ordinem
2732 1737 3123 1796 Melchisedech
3172 1741 3418 1812 pontifex

150 1834 271 1901 ἡμῖν
297 1799 647 1896 εγκΙαινίζων
670 1829 791 1882 ὁδὸν
820 1799 1131 1898 πρόσφατον
1157 1799 1255 1880 καί
1281 1826 1485 1892 ζῶσαν,
1514 1799 1616 1883 καὶ.
1637 1830 1745 1880 είσ-

1848 1828 2023 1882 factus
2068 1828 2121 1881 in
2171 1838 2432 1881 aeternum
2456 1829 2522 1881 τ’.
2557 1848 2577 1881 ι
2630 1828 2687 1884 In
2734 1831 3011 1899 superiora
3054 1842 3235 1885 autent
3267 1835 3419 1890 eunti

146 1920 451 1990 ερχομένην
491 1919 576 1982 είς
620 1917 684 1970 τὸ
740 1917 1008 1986 ἐσώτερον
1066 1918 1160 1969 τοῦ
1212 1917 1742 1988 καταπετάσματος,

150 2029 167 2063 ι
189 2014 320 2065 ὅπου
352 2008 681 2082 πρόδρομος
705 2009 843 2078 ὑπὲρ
866 2008 1024 2080 ἡμῶν
1046 2009 1308 2063 εἰσελθεῖν
1335 2008 1572 2078 λέγεται,
1603 2009 1743 2063 κατὰ

142 2104 233 2171 τὴν
260 2102 425 2167 τάξιν
456 2100 799 2170 Μελχισεδὲκ
837 2100 1129 2172 ἀρχιερεὺς
1167 2101 1459 2170 γενόμενος
1488 2101 1567 2163 εἰς
1612 2100 1739 2163 τοὺς

142 2195 359 2256 αἰῶνας.
388 2212 410 2244 ι
447 2194 579 2245 ’Ότι
607 2193 665 2244 δὲ
696 2193 833 2262 πρὸς
859 2180 929 2245 τά
955 2191 1067 2245 άνω
1097 2191 1366 2261 βαδίζοντι
1391 2190 1470 2260 τῷ
1496 2190 1738 2260 Χριστῷ,

142 2285 299 2337 πάλιν
326 2283 653 2352 ὲνυπῆρχεν
674 2282 750 2345 ὡς
780 2282 912 2335 ίδιον
938 2281 1101 2336 αὐτοῦ
1131 2282 1192 2333 τὸ
1218 2280 1443 2348 Πνεῦμα
1474 2280 1534 2333 τὸ
1561 2281 1739 2348 ἅγιον,

139 2374 230 2425 οὐκ
268 2373 337 2425 ἂν
370 2369 681 2425 ὲνδοιάσειέ
712 2387 817 2432 τις.
844 2368 969 2433 Πῶς
1001 2366 1094 2423 οὖν
1128 2369 1191 2421 οὒ
1236 2368 1433 2433 δέδιας,
1463 2370 1582 2423 είπέ
1626 2387 1737 2441 μοι,

140 2467 311 2532 λέγειν
329 2462 579 2517 ἰτοῦτο
603 2461 669 2533 δὴ
693 2461 755 2515 τὸ
778 2460 1109 2531 τηλικαύτην
1132 2461 1353 2533 Χριστῷ
1376 2462 1741 2533 χαρισάμενον

140 2558 313 2623 δόξαν,
334 2554 597 2624 Χριστοῦ
620 2554 1090 2618 κατασκευάζουσι
1119 2553 1358 2608 δοῦλον.»
1391 2556 1453 2608 Ol
1489 2555 1587 2624 μὲν
1622 2553 1742 2609 δοῦο

143 2649 224 2699 λον
254 2647 401 2701 αὐτὸ.
424 2644 941 2709 κατασκευάζοντες
977 2645 1073 2703 τοῦ
1100 2644 1359 2716 Χριστοῦ,
1388 2645 1738 2700 δυσσεϐοῦσιν

141 2734 621 2805 ὁμολογουμένως,
648 2733 745 2785 καὶ
772 2731 935 2785 αὑτὸν
963 2732 1290 2803 ἀτιμάζουσι
1330 2732 1421 2785 τὸν
1450 2732 1737 2801 ὀμοούσιον

142 2828 282 2898 αὐτῷ
328 2824 461 2895 Θεῷ
507 2823 707 2891 Λόγον,
748 2825 862 2885 τοῖς
892 2822 1284 2893 δουλοπρεπέσι
1320 2823 1735 2894 περιϐάλλοντες

144 2918 358 2986 μέτροις
404 2913 473 2967 τὸ
508 2913 643 2983 παρ’
672 2911 837 2968 αὑτοῦ
879 2929 941 2965 τε
993 2912 1089 2965 καὶ
1125 2913 1183 2963 ἐν
1208 2910 1357 2981 αὐτῷ
1386 2914 1526 2967 κατὰ
1554 2912 1733 2981 φύσιν,

140 3010 227 3060 καὶ
264 3008 407 3066 ἴδιον
443 3004 649 3060 αὐτοῦ’
680 3006 742 3059 τὸ
766 3004 823 3058 δὲ
868 3004 1188 3074 κεχαρίσθαι
1231 3004 1409 3074 λέγειν
1449 3006 1599 3076 αὐτῷ
1638 3006 1737 3076 τὴν

1846 1920 2064 1975 Christo
2092 1920 2277 1974 itidem
2317 1917 2556 1973 adfuisse
2584 1920 2845 1989 Spiritum
2878 1930 3125 1975 sanctum
3157 1931 3416 1993 tanquam

1847 2012 2017 2080 ipsius
2045 2010 2340 2080 pr0prium,
2376 2025 2534 2065 nemo
2567 2025 2803 2080 unquam
2834 2012 3091 2083 ambigat.
3124 2014 3236 2069 Cur
3261 2029 3413 2084 ergo,

1844 2103 1931 2156 dic
1958 2100 2109 2166 mihi,
2134 2116 2241 2155 non
2279 2101 2515 2155 metuisti
2550 2102 2731 2156 dicere
2765 2120 2778 2157 :
2809 2119 2827 2152 ι
2850 2100 3003 2156 llune
3035 2117 3165 2172 ergo
3185 2105 3275 2172 qui
3299 2114 3418 2158 ωη-

1848 2206 1954 2248 tam
2003 2194 2224 2251 Christo
2256 2195 2481 2263 largitus
2527 2204 2611 2249 est
2658 2195 2905 2263 gloriam,
2939 2194 3147 2249 Christi
3196 2210 3415 2250 servum

1842 2283 2117 2338 cilicium?
2158 2303 2177 2336 ι
2212 2284 2348 2340 Nam
2376 2285 2466 2354 qui
2503 2285 2652 2340 illum
2691 2285 2897 2343 Christi
2946 2300 3160 2341 servum
3189 2284 3414 2352 faciunt,

1843 2391 1947 2430 non
1980 2376 2199 2431 dubium
2248 2387 2329 2431 est
2370 2378 2498 2445 quin
2534 2378 2644 2432 sint
2686 2378 2858 2447 impii,
2892 2388 2947 2431 et
2993 2378 3166 2447 ipsum
3199 2393 3415 2447 quoque

1843 2468 1917 2522 illi
1970 2467 2434 2523 consubstantiale
2470 2467 2566 2522 Dei
2614 2466 2851 2522 Verbum
2895 2469 3248 2536 dedecorent,
3288 2486 3413 2524 cum

1842 2561 1992 2616 illum
2019 2560 2109 2630 qui
2142 2568 2226 2616 est
2247 2561 2316 2615 ab
2347 2561 2484 2629 ipso,
2514 2569 2567 2615 et
2597 2561 2650 2615 in
2674 2560 2792 2629 ipso
2818 2562 3116 2615 secundum
3141 2570 3413 2625 naturam,

1840 2661 1895 2706 et
1946 2652 2117 2720 ipsius
2170 2654 2443 2722 proprius,
2500 2652 2683 2709 servili
2730 2667 2984 2708 mensura
3032 2652 3412 2707 cireumdent:

1841 2753 2209 2800 verumtamen
2248 2744 2347 2812 ipsi
2388 2759 2417 2796 a
2446 2743 2655 2813 Spiritu
2692 2744 2833 2797 dono
2869 2743 3052 2797 datam
3097 2744 3265 2798 fuisse
3301 2745 3416 2813 glo-

1841 2838 1975 2892 riam
2023 2836 2228 2901 dicere,
2279 2846 2536 2893 extrema:
2575 2836 2820 2891 stultitia:
2860 2837 3118 2890 indicium
3164 2847 3246 2891 est
3297 2839 3410 2891 evi-

1838 2928 1991 2980 dens.
2035 2926 2113 2979 Ac
2151 2925 2511 2994 nequidquam
2552 2924 2609 2979 in
2636 2924 2738 2979 hoc
2771 2932 3001 2988 nugatus
3030 2937 3149 2979 esse
3184 2926 3411 2993 depren-

1840 3017 2009 3081 deris,
2051 3025 2105 3070 et
2143 3016 2260 3084 ejus
2303 3016 2379 3070 rei
2418 3016 2734 3086 mysterium
2786 3015 3011 3069 minime
3060 3014 3411 3078 intellexisse,

138 3100 286 3164 δόξαν
310 3098 478 3168 παρὰ
496 3096 599 3150 τοῦ
620 3095 956 3165 Πνεύματος,
973 3095 1298 3165 ἀδελτηρίας
1320 3098 1436 3148 ἐστὶ
1460 3096 1559 3164 τῆς
1579 3098 1737 3165 ἐσχά-

1844 3110 1954 3161 imo
1987 3122 2116 3161 vero
2147 3108 2242 3161 tibi
2287 3108 2385 3176 ipsi
2420 3118 2477 3163 et
2524 3107 2751 3170 sentire,
2802 3116 2856 3161 ct
2900 3106 3082 3161 dicere
3113 3108 3409 3160 contraria.

136 3206 227 3260 της
256 3188 552 3253 ἀπόδειξις
584 3186 837 3257 ἐναργής.
869 3187 1007 3257 Είκῆ
1034 3186 1090 3240 δὲ
1118 3186 1301 3258 άλώσῃ
1330 3185 1731 3257 πεφλυαρηκὼς

1841 3199 1972 3253 Nam
2025 3198 2071 3253 si
2118 3198 2296 3252 credis
2334 3198 2512 3267 ipsum
2568 3198 2829 3263 Verbum,
2877 3213 2999 3251 cum
3054 3198 3197 3251 Deus
3241 3206 3407 3263 esset,

138 3286 190 3334 ἐν
216 3282 421 3350 τούτῳ,
469 3280 569 3331 καὶ
600 3278 665 3330 τὸ
693 3276 779 3330 ἐπ’
802 3276 954 3345 αὐτῷ
986 3279 1284 3348 μυστήριον
1314 3279 1376 3331 οὐ
1424 3277 1694 3346 νενοηκώς
1714 3296 1727 3309 ο

141 3376 337 3443 μᾶλλον
358 3374 419 3426 δὲ
440 3369 631 3441 σαυτῷ
652 3370 751 3423 καὶ
768 3368 980 3440 φρονῶν
1004 3370 1098 3423 καὶ
1126 3369 1300 3439 λέγων
1322 3370 1388 3424 τὰ
1410 3370 1647 3424 ἐναντία.
1669 3371 1731 3424 Εἰ

138 3467 237 3536 γὰρ
282 3464 676 3525 πεπίστευκας
702 3463 783 3515 ὅτι
818 3460 952 3524 Θεὸς
984 3459 1061 3512 ὢν
1090 3464 1118 3515 ὀ
1148 3461 1316 3528 Λόγος
1347 3462 1535 3529 γέγονε
1567 3460 1728 3529 σάρξ·

136 3558 297 3611 αὑτοῦ
332 3556 453 3627 γὰρ
483 3554 627 3624 ἔφης
656 3549 798 3606 εἶναι
825 3552 926 3622 τὴν
957 3552 1383 3621 ἀνθρωπότητα·
1413 3552 1467 3604 τί
1500 3552 1592 3605 τὸν
1631 3552 1732 3620 τῆς

136 3651 281 3718 δόξης
319 3647 563 3719 Κύριον,
590 3644 666 3706 ὡς
701 3643 801 3695 οὐκ
833 3643 1027 3713 ἔχοντα
1057 3642 1215 3706 δόξαν
1251 3643 1410 3705 ἰδίαν,
1449 3643 1545 3711 τῆς
1579 3641 1731 3711 παρὰ

134 3740 222 3792 τοῦ
253 3740 585 3809 Πνεύματος
617 3734 904 3807 δεδεῆσθαι
939 3736 1042 3805 φὴς
1062 3774 1078 3797 ,
1122 3734 1217 3788 καὶ
1254 3735 1313 3786 ὲν
1353 3737 1464 3796 τοῖς
1494 3734 1591 3804 τῆς
1620 3734 1733 3785 κτί-

137 3848 264 3894 σεως
302 3825 659 3896 καταλογίζῃ
696 3826 939 3896 μέτροις,
1031 3826 1206 3879 πάντα
1235 3824 1386 3877 ἐστὶν
1418 3824 1620 3887 ἔξωθεν
1665 3824 1731 3877 τὰ

136 3919 219 3990 ξῖσ
265 3917 483 3986 ἔξωθέν
508 3915 598 3987 τε]
636 3917 729 3968 καὶ
758 3915 920 3981 δοτά;
953 3932 971 3965 ι
1003 3914 1068 3967 Τί
1099 3914 1208 3986 γὰρ
1244 3914 1410 3985 ἔχεις,
1433 3914 1463 3966 ὃ
1486 3914 1586 3967 οὐκ
1610 3914 1733 3968 ἐλα-

134 4014 239 4075 ὗες,
268 4032 286 4062 ι
318 4010 538 4080 πρέποι
563 4006 631 4062 ἂν
653 4006 887 4067 ἀκοῦσαι
908 4008 974 4077 τῇ
999 4006 1194 4059 κτίσει.
1222 4005 1383 4059 Ἀλλὰ
1404 4006 1516 4068 ναὶ,
1545 4008 1729 4075 φησιν,

136 4107 368 4175 εὑρίσκω
397 4101 641 4169 λέγοντα
684 4100 777 4152 τὸν
812 4098 1186 4169 Ἐμμανουήλ⁸
1215 4117 1235 4150 ι
1274 4097 1480 4168 Πάτερ,
1508 4097 1733 4164 δόξασόν

135 4216 220 4251 σω
254 4197 348 4249 τὸν
385 4196 547 4248 Υίὸν.
579 4213 597 4244 ι
632 4191 868 4255 Οὐκοῦν,
900 4192 1185 4263 προστίθει
1223 4191 1284 4244 τὸ
1326 4192 1536 4244 λεῖπον·
1575 4189 1732 4244 τοῦτο

133 4291 181 4340 δέ
210 4290 379 4353 ἐστιν,
420 4307 441 4338 ι
472 4287 601 4338 ἰνα
640 4284 733 4336 καὶ
760 4285 789 4336 ὁ
818 4283 944 4345 Titi;
985 4300 1079 4336 σου
1116 4281 1317 4353 δοξάσῃ
1354 4298 1433 4335 σε.
1463 4300 1482 4333 ι
1533 4282 1595 4335 El
1633 4283 1731 4351 μὲν

133 4381 202 4440 ὡς
239 4380 401 4449 δόξης
453 4376 651 4431 ἐπιδεᾶ
697 4374 796 4444 τῆς
833 4373 985 4444 παρὰ
1021 4375 1231 4445 ηατρὸς
1280 4373 1524 4442 ἐφίεσθαι
1572 4372 1728 4441 δόξης

1836 3292 2035 3345 factum
2063 3303 2188 3344 esse
2212 3304 2432 3345 carnem
2463 3289 2654 3359 (ipsius
2683 3289 2824 3343 cnim
2867 3303 2987 3343 esse
3019 3288 3410 3341 humanitatem

1834 3377 2078 3447 dixisti),
2133 3391 2232 3431 cur
2290 3378 2436 3429 illum
2487 3378 2671 3446 gloriae
2720 3376 3045 3441 Dominum,
3096 3379 3250 3446 quasi
3302 3394 3409 3432 non

1837 3470 2032 3524 habeat
2061 3483 2236 3532 suam,
2262 3467 2433 3537 gloria
2462 3484 2491 3521 a
2524 3468 2728 3536 Spiritu
2757 3470 2879 3522 data
2903 3471 3039 3523 dicis
3074 3470 3371 3538 indiguisse
3391 3513 3405 3531 .

1834 3572 1887 3614 οι
1926 3574 2049 3615 eum
2103 3559 2247 3613 intra
2297 3574 2585 3613 mensuras
2632 3568 2914 3628 computas
2952 3572 3235 3626 creatura,
3284 3576 3406 3629 quae

1834 3648 2014 3702 omnia
2053 3648 2400 3701 extrinsecus
2443 3648 2629 3714 habet,
2658 3660 2820 3716 atque
2852 3648 3090 3703 donata?
3127 3650 3408 3705 Creatura

1834 3755 2067 3809 namque
2096 3739 2285 3795 audire
2323 3738 2581 3793 convenit
2608 3755 2625 3795 :
2661 3757 2681 3790 ι
2711 3740 2853 3806 Quid
2885 3740 3030 3794 enim
3074 3742 3240 3795 habes
3260 3742 3405 3811 quod

1835 3845 1940 3885 non
1977 3830 2229 3897 accepisti
2249 3830 2337 3883 ὀἳ
2364 3849 2383 3882 ι
2426 3831 2496 3884 At
2524 3831 2693 3894 enim,
2734 3831 2930 3901 inquit,
2980 3834 3190 3899 reperio
3230 3834 3403 3901 ipsum

1833 3919 2149 3974 Emmanuel
2201 3920 2474 3978 dicentem
2535 3937 2548 3973 :
2605 3937 2625 3970 ι
2660 3918 2857 3987 Pater,
2913 3921 3153 3990 gloriﬁea
3213 3922 3405 3976 Filium

1836 4024 1982 4067 tuum
2010 4031 2024 4079 ;
2056 4031 2075 4065 ι
2131 4027 2263 4081 ergo
2314 4011 2486 4078 adiice
2534 4013 2825 4077 reliquum,
2878 4014 2982 4068 hoc
3021 4023 3104 4067 est
3137 4032 3147 4065 :
3186 4032 3204 4064 ι
3243 4013 3309 4069 Ut
3354 4026 3409 4069 et

1833 4104 1999 4158 Filius
2049 4114 2170 4157 tuus
2215 4103 2479 4173 gloriﬁcet
2526 4113 2575 4159 te
2596 4104 2665 4158 ⁸-³.
2699 4124 2718 4156 ι
2754 4105 2909 4173 107
2940 4104 3069 4158 Nam
3119 4107 3163 4159 si
3211 4104 3405 4159 Filimn

1832 4197 1983 4266 quasi
2026 4196 2208 4264 gloria
2256 4197 2609 4263 indigentem,
2657 4212 2685 4249 a
2740 4196 2903 4250 Patre
2942 4207 3133 4264 optare
3178 4197 3405 4263 gloriam

1833 4290 2093 4352 allirmas,
2136 4288 2263 4357 qnid
2307 4288 2521 4342 tandem
2554 4289 2704 4343 dices
2736 4304 2857 4343 cutn
2903 4288 3234 4358 gloriﬁcatur
3262 4290 3405 4345 idem

1834 4384 1991 4439 Pater
2031 4398 2060 4435 a
2115 4382 2287 4437 Filio?
2318 4381 2452 4435 Num
2499 4382 2571 4434 ita
2612 4381 2967 4450 gloriﬁcatur,
2995 4383 3148 4451 quasi
3177 4383 3405 4452 gloriam

132 4471 441 4541 διισχυρίζῃ
496 4466 593 4519 τὸν
625 4466 777 4530 Υἱδν,
827 4465 883 4517 τί
942 4481 1070 4517 ποτε
1104 4464 1213 4535 ἄρα
1247 4464 1374 4534 φὴς,
1400 4464 1526 4517 ὅταν
1576 4462 1728 4526 δοξά-

1841 4493 1939 4530 ιιοιι
1975 4474 2193 4537 habeat,
2224 4484 2316 4527 ant
2344 4475 2412 4526 ab
2447 4473 2555 4526 alio
2579 4472 2683 4527 sibi
2716 4473 2878 4526 tribui
2921 4472 3198 4541 indigeat?
3224 4473 3407 4542 Apage

139 4575 283 4626 :qm
318 4560 422 4613 καὶ
450 4555 618 4619 αὐτὸς
654 4558 683 4610 ό
715 4554 905 4627 Πατὴρ
933 4555 1090 4629 παρά
1111 4556 1203 4615 τοῦ
1238 4555 1389 4619 Υἱοῦ,
1418 4552 1509 4625 ἆρ’
1535 4555 1609 4617 ὡς
1641 4554 1726 4607 δό-

136 4650 223 4711 ξαν
247 4652 346 4703 οὐκ
389 4649 565 4717 ἔχων,
598 4646 631 4716 ἢ
666 4647 764 4716 τῆς
796 4646 925 4716 παρ’
945 4648 1131 4719 ἐτέρου
1161 4646 1513 4719 δεδεημένος;
1546 4646 1726 4728 άπαγε

132 4744 224 4811 τῆς
256 4739 628 4803 δυσὸουλίας·
674 4738 928 4810 τερθρεία
979 4740 1087 4811 γὰρ
1128 4741 1228 4811 ἢδη
1271 4742 1429 4794 ταυτὶ
1462 4740 1557 4793 καὶ
1603 4741 1728 4793 ἀνο-

136 4834 306 4903 σιότης
337 4832 597 4897 ὲννοιιῖιν,
632 4833 726 4884 καὶ
751 4832 941 4901 ἓτερον
963 4826 1134 4886 οὐδέν.
1173 4832 1238 4886 Ἦ
1265 4833 1362 4903 μὲν
1388 4834 1493 4903 γὰρ
1520 4831 1639 4885 θεία
1665 4848 1723 4884 τε

136 4926 215 4974 καὶ
242 4929 344 4981 τῶν
368 4925 517 4978 ὅλων
545 4925 809 4977 ἐπέκεινα
838 4923 1072 4992 φύσεων,
1104 4925 1218 4995 φῶς
1242 4926 1534 4997 ἀπρόσιτον
1561 4925 1723 4989 οίκεί,

133 5017 218 5066 καὶ
252 5015 681 5083 κατεξουσιάζει
704 5014 816 5068 τῶν
857 5006 1013 5080 ὅλων,
1048 5018 1324 5084 καὶδόξαν
1354 5018 1592 5086 άνῆπται
1625 5017 1723 5087 τὴν

130 5108 259 5179 αὐτῇ
282 5128 338 5163 τε
370 5109 471 5162 καὶ
504 5107 647 5178 μόνῃ
680 5108 1137 5181 πρεπωδεστάτην
1159 5128 1172 5142 ο
1201 5110 1387 5181 ἐπειδὴ
1412 5111 1466 5163 δὲ
1500 5109 1719 5178 γέγονεν

192 5286 235 5315 ’⁷
262 5292 372 5343 iter.
398 5306 437 5353 ι,
467 5289 504 5342 ‘2
560 5304 713 5357 seqq.
795 5289 837 5320 ⁷⁸
868 5288 1029 5345 llebr.
1065 5306 1119 5357 ι,
1149 5291 1219 5346 '20
1249 5305 1379 5359 seqq

135 5370 204 5421 ri,
234 5359 312 5411 16.

1477 5291 1523 5319 "
1556 5290 1717 5344 llebr.
1765 5305 1835 5349 vt.
1867 5289 1955 5341 20.
2041 5289 2085 5318 ⁸⁸
2116 5286 2134 5340 ι
2163 5287 2283 5342 Cur.
2327 5303 2396 5353 Iv,
2434 5288 2479 5339 7.
2560 5288 2599 5317 '”
2632 5285 2785 5342 Juan.
2830 5304 2959 5351 xvii,
2997 5289 3041 5340 l.

1834 4567 1901 4618 ab
1938 4564 2043 4618 isto
2084 4563 2226 4616 malo
2264 4562 2491 4616 consilio
2525 4580 2538 4614 :
2571 4578 2725 4629 nugae
2757 4571 2883 4616 sunt
2936 4563 3070 4626 haec,
3105 4571 3157 4617 et
3201 4564 3406 4628 cogita-

1837 4660 2039 4710 tionum
2075 4654 2344 4723 impietas,
2377 4653 2520 4707 aliud
2556 4664 2819 4721 praeterea
2857 4653 3011 4707 nihil.
3048 4652 3178 4707 Nam
3222 4655 3403 4707 divina

1838 4747 1925 4799 illa
1966 4753 2022 4798 et
2074 4744 2217 4797 ultra
2263 4757 2451 4797 omnes
2527 4742 2661 4797 alias
2705 4753 2931 4796 naturas
2976 4743 3146 4797 lucem
3186 4744 3403 4811 quidem

1838 4836 2047 4890 habitat
2093 4831 2612 4896 inaccessibilem",
2660 4842 2715 4886 et
2766 4832 3076 4887 dominatur
3114 4834 3400 4897 universis,

1830 4935 1883 4979 et
1915 4924 2083 4995 gloria
2119 4933 2203 4977 est
2231 4922 2426 4977 amicta
2466 4921 2568 4990 ipsi
2605 4937 2666 4976 ae
2714 4921 2811 4975 soli
2842 4921 3222 4975 decentissima
3254 4938 3269 4975 :
3308 4922 3404 4976 sed

1829 5017 1953 5085 quia
1989 5013 2321 5083 unigenitum
2356 5013 2446 5069 Dei
2482 5013 2715 5067 Verbum
2758 5012 2963 5067 laetum
3006 5022 3090 5065 cst
3129 5014 3309 5078 homo,
3350 5025 3405 5067 et

1830 5108 1999 5173 gratia
2037 5107 2125 5160 Dei
2156 5120 2249 5175 per
2279 5120 2497 5160 carnem
2544 5121 2694 5159 suam
2731 5120 2827 5173 pro
2877 5105 3126 5157 omnibus
3174 5115 3400 5157 mortem

3124 5288 3164 5317 ’”
3198 5285 3215 5337 ι
3258 5283 3399 5339 Tini.

1406 5513 1563 5570 ΑΝΤ.
1607 5512 1879 5571 AGELLII
1915 5514 2145 5572 NOTAE.

198 5676 311 5740 (25’)
344 5676 483 5732 Fere
521 5673 719 5729 iisdem
759 5673 941 5728 verbis
966 5672 1155 5728 Latino
1198 5675 1332 5728 dixit
1372 5675 1561 5729 beatus
1588 5675 1715 5726 Am-

160 5750 364 5803 brosius
397 5765 409 5800 :
466 5746 697 5809 Sacrum
728 5760 916 5799 munus
956 5761 1049 5809 pro
1096 5747 1350 5813 erunibus,
1380 5755 1428 5800 et
1459 5746 1605 5813 quasi
1644 5760 1724 5799 re-

1826 5682 2024 5754 paraer
2051 5676 2289 5743 quadam
2319 5675 2425 5731 liba
2466 5684 2687 5727 natura.
2716 5671 2879 5729 Libro
2917 5676 2975 5728 de
3017 5675 3121 5744 ﬁde
3169 5689 3402 5730 resurre-

1833 5754 2038 5799 ειιυηιε.
