4040 6450
574 361 675 418 187
1564 358 1623 413 S.
1667 354 1940 413 CYRILLI
1994 352 2468 411 ALEXANDRIN!
2505 353 2824 411 ARCIIIEP.
3725 358 3833 414 188

574 483 691 528 erat
716 482 1077 545 gustaturum,
1108 484 1161 529 et
1193 474 1449 541 templum
1497 483 1653 529 suum
1693 485 1750 530 ut
1780 475 1920 530 Deus
1957 475 2133 529 vivili-
2168 480 2186 536 ὲ

2290 474 2519 543 ιορωπος
2556 476 2584 527 6
2617 472 2915 544 μονογενὴς
2961 472 3077 526 τοῦ⁹
3105 473 3248 526 Θεοῦ
3296 474 3471 541 Λόγος
3492 514 3507 540 ,
3540 473 3737 545 ἔμελλὲ
3772 495 3835 529 τε

575 567 771 626 cando.
815 566 1003 619 mortis
1039 564 1455 636 inexpugnabile
1490 568 1651 619 robur
1676 580 2011 629 eversurum,
2049 566 2147 619 ob-

2290 565 2429 634 ipm
2464 563 2599 616 Θεοῦ
2632 565 2720 618 se
2745 566 2843 633 τῆς
2879 564 3014 628 ίδίας
3054 567 3255 637 σαρκὸς
3286 567 3426 639 ὑπὲρ
3460 570 3661 630 παντὸς
3693 569 3835 635 γεύ-

578 656 992 724 tenditquidem
1030 669 1245 723 precem
1283 664 1341 709 ut
1382 655 1562 719 homo,
1602 664 1657 708 et
1705 655 2011 708 consentire
2043 653 2143 706 sibi

2290 655 2443 707 ισθαι
2485 654 2733 717 θανάτου,
2777 656 2871 707 καὶ
2922 656 3254 726 δυσάντητον
3301 656 3464 710 αὑτοῦ
3529 658 3841 728 παραλύειν

583 742 795 799 Patrem
823 753 995 813 optat,
1024 759 1173 800 suam
1212 745 1379 815 ipsius
1416 754 1664 799 naturam
1709 746 1761 797 in
1793 758 1915 797 eum
1946 750 2146 796 statum

2290 746 2466 815 ράτος,
2499 746 2841 815 ζωοποιήσας
2869 746 2944 807 ὡς
2971 745 3102 809 Θεὸς
3130 746 3221 799 τὸν
3253 748 3382 800 ίδιον
3409 748 3555 812 ναὸν,
3586 749 3840 818 σκήπτε-

581 834 983 890 transformanti
1012 852 1119 906 quo
1158 838 1305 905 prius
1332 847 1470 899 erat,
1504 846 1557 890 et
1591 835 1657 888 ad
1686 833 2147 899 incorruptionem

2290 854 2335 887 ιι
2372 837 2470 905 τὴν
2513 835 2676 904 εὑχὴν
2725 836 2799 897 ώς
2839 836 3158 908 ἄνθρωπος,
3208 838 3301 890 καὶ
3343 839 3735 909 συνευδοκῆσαι
3785 839 3839 891 οἱ

584 927 883 988 renovanti.
924 938 978 982 ct
1008 930 1195 983 mortis
1236 928 1447 996 laqueis
1477 928 1837 995 potentiorem
1882 924 2145 989 reddenti,

2290 927 2499 979 οὑλεται
2530 926 2619 978 τὸν
2669 926 2906 996 Πατέρα,
2948 928 3048 998 τὴν
3080 928 3245 981 αὑτοῦ
3282 928 3443 997 φύσιν
3490 931 3837 999 μετασκευά-

582 1017 756 1071 soluta
789 1019 997 1073 scilicet
1032 1021 1199 1075 veteri
1240 1020 1641 1081 maledictione,
1672 1018 2019 1085 vindictaque
2060 1014 2146 1067 illa

2290 1035 2393 1070 DV‘Et
2418 1020 2553 1087 πρὸς
2576 1019 2636 1071 τὸ
2661 1020 2755 1072 ἀπ’
2776 1019 2972 1089 ἀρχῆς,
2998 1020 3093 1072 καὶ
3120 1019 3440 1073 ἀνανεοῦντι
3468 1021 3601 1091 πρὸς
3618 1021 3843 1091 ἀφθαρ-

583 1122 701 1173 qua:
736 1108 965 1176 primum
1011 1109 1242 1163 formato
1285 1110 1489 1164 homini
1532 1108 1708 1163 fuerat
1751 1109 2008 1175 irrogata.
2044 1106 2150 1174 lgi—

2290 1111 2390 1175 ίαν,
2414 1112 2507 1164 καὶ
2532 1110 2639 1163 τῶν
2660 1111 2752 1163 τοῦ
2776 1110 3010 1163 Θανάτου
3037 1110 3253 1181 βρόχων
3274 1111 3625 1180 ἀποφαίνοντι
3654 1112 3843 1182 κρείτ-

586 1206 672 1249 ιιιι·
703 1198 827 1266 quia
864 1200 1026 1253 etiam
1058 1201 1182 1254 dum
1220 1201 1506 1254 videturin
1543 1215 1725 1264 carne,
1771 1210 1965 1252 natura
1999 1210 2150 1251 vere-

2290 1219 2375 1255 )να
2394 1218 2407 1231 ·
2438 1201 2737 1271 λελυμένης
2762 1200 3005 1268 δηλονότι
3036 1202 3134 1271 τῆς
3162 1203 3397 1271 ἀρχαίας
3422 1202 3639 1271 ἐκείνης
3667 1202 3840 1272 ἀρᾶς,

572 1293 689 1355 ’qne
719 1287 888 1343 Filius
918 1290 1008 1345 Dei
1040 1306 1161 1345 esse
1197 1294 1518 1360 praedicatur
1546 1309 1561 1345 :
1593 1309 1611 1342 ι
1642 1290 1917 1353 Glorilica,
1955 1288 2147 1358 inquit,

2290 1292 2345 1344 at
2373 1291 2474 1359 τῆς
2504 1291 2594 1343 ἐπὶ
2618 1291 2695 1359 τῷ
2730 1289 3147 1359 πρωτοπλάστῳ
3173 1290 3349 1361 δίκης.
3381 1291 3589 1343 Οὐκοῦν
3622 1291 3845 1360 1ἒπειδή-

586 1390 755 1443 ιυιιιη,
786 1396 819 1435 0
848 1381 1027 1445 Pater,
1071 1383 1281 1446 Filium,
1312 1402 1328 1433 ι
1368 1392 1619 1452 tanquam
1654 1382 1947 1448 hominem,
1978 1388 2151 1435 morte

583 1473 1037 1542 corruptioneqne
1084 1474 1439 1543 potentiorem
1481 1475 1733 1539 reddens,
1768 1482 1827 1527 ut
1866 1482 1985 1528 tuus
2030 1486 2151 1527 esse

582 1564 861 1629 credatur,
896 1580 1017 1617 cum
1062 1568 1133 1619 sit
1170 1565 1276 1618 vita
1311 1580 1407 1635 per
1440 1577 1687 1621 naturam
1720 1575 1777 1620 ut
1816 1565 1974 1629 Deus,
2005 1563 2150 1633 quod

2251 1397 2357 1450 περ
2400 1382 2494 1433 καὶ
2541 1383 2598 1433 ὲν
2641 1380 2807 1451 σαρκὶ
2859 1378 3284 1449 καθορώμενος,
3334 1380 3461 1443 Υἱὸς
3505 1374 3641 1433 εἶναι
3691 1380 3845 1433 Θεοῦ

2252 1470 2580 1541 κηρύττεται
2629 1470 2790 1538 φύσει
2837 1486 2897 1521 τε
2955 1470 3048 1522 καὶ
3081 1469 3343 1539 ἀληθείᾳ,
3392 1486 3410 1519 ι
3442 1470 3673 1535 Δόξασόν
3712 1486 3843 1531 σου,

2252 1565 2438 1632 φησὶν,
2476 1558 2519 1614 ὦ
2550 1562 2751 1630 Πάτερ,
2800 1560 2891 1613 τὸν
2927 1560 3111 1625 Υίὸν,ι
3153 1559 3229 1624 ὼς
3261 1560 3565 1633 ἄνθρωπον,
3603 1560 3698 1613 καὶ
3736 1560 3844 1611 θα-

584 1649 649 1702 ad
696 1650 928 1720 propria:
978 1664 1184 1707 natura:
1236 1656 1498 1708 rationem
1551 1656 1745 1708 attinet
1791 1672 1805 1709 :
1852 1662 1962 1708 tum
2006 1654 2149 1708 enim

2290 1655 2409 1707 ἅτου
2443 1652 2747 1722 κρείττονα,
2779 1654 2872 1705 καὶ
2900 1653 3103 1722 φθορᾶς
3127 1653 3436 1723 ἀποφήνας,
3465 1652 3552 1706 ἵνα
3580 1654 3667 1715 σὸς
3691 1648 3846 1703 εἶναι

585 1740 699 1807 ipse
725 1756 938 1812 quoque
970 1743 1133 1798 Filius
1172 1756 1221 1798 Ie
1256 1746 1599 1813 gloriﬁcabit.
1632 1745 1828 1801 Gloriae
1859 1759 2045 1799 revera
2069 1753 2153 1800 est

2290 1744 2597 1813 ςιστεύηται,
2625 1744 2738 1814 ζωὴ
2768 1745 2907 1798 κατά
2934 1744 3095 1813 φύσιν
3124 1742 3385 1815 ὑπάρχων
3408 1743 3484 1807 ώς
3509 1743 3660 1807 Θεὸς,
3688 1745 3845 1795 κατά

587 1830 695 1885 Deo
741 1848 805 1887 ac
855 1833 1023 1901 Patri,
1069 1837 1193 1890 dum
1244 1854 1274 1891 a
1323 1838 1478 1892 nobis
1537 1837 1778 1892 creditur
1826 1837 1970 1906 quod
2024 1851 2147 1890 cum

2294 1854 2318 1889 ε
2346 1837 2437 1888 τὸν
2482 1837 2581 1905 τῆς
2615 1836 2753 1900 ίδίας
2799 1835 3015 1904 φύσεως
3046 1836 3241 1903 λόγον·
3275 1835 3399 1887 τότε
3437 1834 3545 1904 γάρ
3582 1851 3641 1887 σε
3676 1834 3781 1885 καὶ
3818 1836 3849 1886 6

588 1922 727 1977 Deus
760 1924 835 1977 sit
874 1940 1053 1988 verus,
1094 1936 1144 1982 et
1176 1929 1281 1982 vita
1323 1937 1377 1981 et
1408 1930 1702 1991 viviﬁcans,
1738 1942 1925 1996 parem
1953 1926 2053 1980 sibi
2086 1940 2151 1980 ac

2290 1928 2385 1991 ’ίὸς
2424 1926 2657 1993 δοξάσει.
2689 1926 2825 1992 Δόξα
2866 1926 3080 1998 ἀληθῶς
3117 1926 3196 1997 τῷ
3233 1925 3353 1996 Θεῷ
3383 1927 3477 1980 καὶ
3516 1926 3713 1996 Πατρὶ,
3757 1925 3846 1990 τὸ,

587 2026 685 2079 per
713 2015 890 2067 omnia
922 2017 1179 2082 similem,
1206 2018 1651 2086 inell‘abiliterque
1670 2026 1726 2073 et
1746 2031 1908 2086 supra
1935 2030 2150 2071 onmem

2290 2018 2612 2073 ςιστεὺεσθαι
2638 2018 2775 2087 πρὸς
2798 2019 2831 2087 ἡ
2842 2017 2979 2088 μῶν,
3004 2018 3087 2071 ὃτι
3112 2016 3247 2079 Θεὸς
3273 2016 3536 2087 ὑπάρχων
3563 2016 3849 2087 ἀληθινὸς,

590 2103 1001 2173 intelligentiam
1047 2110 1231 2178 genuit
1278 2109 1497 2173 Filium,
1543 2109 1637 2179 qui
1682 2122 1788 2163 non
1828 2107 1932 2162 l'uit
1976 2107 2154 2161 minor

2290 2113 2355 2164 Lai.
2390 2109 2534 2177 ζωὴ,
2578 2109 2673 2161 καὶ
2714 2108 2996 2173 ζωοποιὸς,
3043 2107 3157 2161 ι’σον
3198 2126 3259 2161 τε
3299 2109 3393 2161 καὶ
3436 2109 3618 2177 ὅμοιον
3662 2106 3867 2175 ἐαυτῷ,

587 2195 751 2249 etiam
791 2211 912 2252 cum
956 2199 1008 2253 in
1047 2213 1214 2256 carne
1244 2210 1401 2256 natus
1434 2211 1539 2265 est,
1570 2199 1665 2255 sed
1701 2205 2044 2269 praestantem
2085 2195 2153 2249 il-

2290 2199 2403 2252 ιατά
2437 2200 2545 2251 πᾶν
2577 2197 2774 2262 ὁτιοῦν,
2820 2198 3145 2268 ἀπορῤήτως
3174 2214 3237 2250 τε
3271 2198 3366 2249 καὶ
3395 2197 3534 2267 ὑπὲρ
3563 2195 3709 2260 νοῦν,
3748 2197 3852 2249 ὲκ-

590 2285 693 2338 lam
736 2289 1112 2359 egregiamque
1166 2291 1425 2346 naturalis
1474 2288 1770 2344 nobilitatis
1826 2287 1929 2343 sibi
1980 2285 2158 2341 insita;

2290 2292 2453 2345 λὲτοκε
2490 2289 2583 2343 τὸν
2614 2290 2762 2351 Υίὸν,
2792 2289 2854 2353 ὃς
2881 2285 2948 2360 ἦν
2977 2292 3078 2343 οὑκ
3108 2292 3166 2343 ὲν
3203 2290 3380 2361 μείοσι
3399 2328 3416 2353 ,
3466 2288 3561 2342 καὶ⁸
3591 2289 3649 2340 ὲν
3680 2289 3859 2358 σαρκὶ

591 2377 1047 2445 pulchritudinem
1094 2381 1358 2451 integram
1410 2383 1631 2437 omnino
1667 2379 1928 2445 servavit,
1974 2378 2049 2433 ita
2100 2385 2162 2432 ut

2291 2382 2375 2434 ῑσ.
2403 2380 2496 2433 καὶ
2530 2380 2612 2432 ὃτι
2659 2381 2717 2432 ὲν
2769 2377 2957 2450 σαρκὶ]
3010 2378 3237 2447 γέγονεν
3261 2394 3275 2408 °
3308 2376 3447 2430 ἀλλά
3474 2376 3575 2445 τῆς
3614 2375 3858 2445 ἐνούσης

594 2470 707 2538 ipse
741 2484 955 2540 quoque
987 2472 1057 2528 sit
1094 2474 1227 2535 vita,
1262 2482 1447 2541 utpote
1472 2488 1536 2527 ex
1569 2472 1700 2538 vita,
1728 2480 1784 2526 et
1813 2470 1997 2526 omnia
2034 2484 2161 2541 pos-

2290 2472 2415 2543 ιὺτῷ
2445 2472 2675 2541 φυσικῆς
2706 2472 2982 2539 εὐγενείας
3003 2511 3017 2535 ,
3067 2469 3439 2540 ἀδιαλώόητον
3472 2466 3760 2529 παντελῶς
3791 2468 3860 2518 τὸ

593 2562 687 2623 sit,
731 2570 785 2616 et
826 2562 943 2615 sine
988 2563 1171 2618 labore
1199 2564 1462 2634 perﬁciat,
1511 2572 1563 2618 et
1595 2564 1677 2618 his
1708 2563 1799 2633 qui
1839 2571 1965 2617 sunt
1999 2562 2160 2615 morti

2290 2564 2543 2635 ιπερφυὲς
2572 2564 2669 2617 καὶ
2701 2562 2976 2633 ἐξαίρετον
3005 2559 3306 2623 διεσώσατο
3348 2558 3566 2625 κάλλος,
3599 2558 3712 2625 ζωὴ
3754 2559 3871 2613 καὶ

595 2651 1037 2722 corruptionique
1072 2654 1313 2717 obnoxii.
1358 2655 1818 2723 incorruptionem
1849 2653 2034 2707 donet.
2062 2650 2164 2720 lgi-

2290 2655 2430 2718 ιὺτὸς
2461 2656 2722 2725 ὑπάρχων
2759 2652 2834 2715 ὡς
2877 2654 2941 2705 ὲκ
2976 2652 3142 2721 ζωῆς,
3186 2650 3367 2704 πάντα
3400 2665 3459 2701 τε
3508 2647 3707 2718 ίσχύων
3755 2648 3863 2699 καὶ

597 2751 683 2794 tnr
712 2743 872 2796 etiam
918 2744 963 2798 si
992 2745 1285 2811 gloriﬁcari
1326 2746 1540 2800 dicatur
1584 2761 1612 2799 a
1646 2744 1805 2800 Patre
1840 2744 2031 2808 Filius,
2065 2742 2164 2796 hu-

2290 2746 2505 2816 ipom'tl.
2538 2743 2837 2814 κατορθῶν,
2862 2743 2955 2796 καὶ
2980 2744 3092 2804 τοῖς
3118 2740 3221 2794 ὑπὸ
3253 2740 3483 2795 θάνατον
3516 2738 3610 2791 καὶ⁸
3636 2737 3859 2807 φθορὰν

600 2832 874 2886 inanitatis
924 2849 1229 2889 mensuram
1278 2845 1507 2904 reputa:
1545 2850 1611 2889 ne
1655 2843 1777 2903 post
1812 2834 2065 2887 unionem
2112 2830 2164 2883 in

2290 2840 2369 2909 τὴν
2386 2837 2689 2907 ἀφθαρσίαν
2705 2835 3067 2907 δωρούμενος.
3094 2832 3305 2886 Οὑκοῦν
3325 2833 3429 2885 κᾶν
3452 2832 3503 2884 εί
3524 2828 3862 2896 δοξάζεσθαι

599 2926 705 2977 duo
732 2923 941 2979 dividas
982 2940 1146 2979 unum
1190 2925 1490 2989 Christum,
1536 2934 1589 2979 et
1624 2925 1843 2989 Filium,
1879 2934 1934 2980 et
1980 2925 2167 2979 Domi-

2290 2932 2484 2999 ιέγοιτο
2511 2928 2663 2999 παρά
2702 2926 2799 2983 τοῦ
2831 2927 3044 2997 [ἰατρὸς
3081 2927 3109 2979 6
3139 2924 3296 2989 Υἱὸς,
3330 2923 3394 2976 τὸ
3424 2923 3524 2989 τῆς
3569 2921 3867 2992 ἀνθρωπό-

603 3028 764 3078 num;
815 3016 909 3070 sed
964 3031 1127 3069 unum
1176 3016 1533 3085 eamdemque
1588 3015 1841 3071 similiter
1882 3027 1937 3071 et
1983 3017 2169 3085 gloriae

2290 3037 2435 3090 τητος
2464 3018 2779 3085 ἀναλογίζου
2816 3016 3044 3086 μέτρονο
3078 3013 3153 3084 μὴ
3180 3012 3442 3083 διατάμῃς
3476 3013 3555 3074 είς
3582 3010 3676 3064 δύο
3718 3010 3871 3079 μετὰ

606 3102 887 3157 Dominum
918 3116 972 3159 et
1005 3104 1171 3160 Deum
1221 3106 1480 3175 intellige,
1513 3116 1564 3161 et
1595 3106 1821 3176 gloriam
1860 3108 2169 3161 humanitus

2290 3113 2374 3183 τὴν
2410 3112 2625 3175 ἕνωσιν,
2668 3109 2758 3161 τὸν
2792 3108 2889 3161 Eva
2929 3105 3165 3176 Χριστὸν
3190 3104 3284 3158 καὶ
3326 3104 3454 3158 Υίὸν
3494 3103 3589 3155 καὶ
3615 3102 3868 3172 Κύριονο

606 3196 981 3265 accipientem.
1012 3197 1197 3266 Cogita
1230 3198 1373 3252 enim
1408 3198 1555 3252 illum
1583 3198 1685 3254 etsi
1719 3208 1910 3253 natura
1939 3214 2174 3267 vereque

2290 3164 2390 3256 ὶλλ⁸
2417 3164 2513 3254 Eva
2549 3164 2642 3255 καὶ
2672 3200 2764 3252 τὸν
2797 3197 2962 3252 αὑτὸν
2985 3164 3192 3267 δμοίως
3240 3194 3353 3265 (26)
3374 3234 3389 3259 ,
3438 3194 3531 3246 καὶ
3566 3193 3665 3263 τῆς
3698 3164 3871 3263 δόξης

611 3289 749 3343 Dens
795 3290 885 3352 sit,
934 3300 989 3344 ct
1032 3306 1129 3346 rex
1176 3291 1550 3346 universorum
1582 3308 1645 3347 ac
1673 3291 1953 3357 Dominus,
1996 3301 2175 3346 tamen

2290 3292 2479 3363 Κύριον
2522 3290 2617 3345 καὶ
2659 3289 2813 3352 Θεὸν,
2842 3288 2938 3341 καὶ
2964 3287 3123 3352 δόξαν
3152 3285 3445 3354 δεχόμενον
3476 3280 3866 3352 ἀνθρωπίνως.

608 3382 962 3436 constitutum
1024 3398 1145 3438 esse
1198 3398 1376 3453 regem
1428 3384 1572 3447 dici,
1622 3399 1745 3438 cum
1794 3383 1972 3439 factus
2019 3386 2180 3439 homo

2292 3385 2494 3437 Ἐννόει
2524 3384 2632 3453 γὰρ
2676 3383 2780 3445 ὅτι,
2829 3380 3007 3432 καίτοι
3048 3377 3208 3445 φύσει
3260 3393 3320 3429 τε
3356 3374 3603 3445 ἀληθείᾳ,
3638 3372 3774 3435 Θεός
3806 3389 3876 3426 τε

613 3474 780 3529 nostri
838 3474 1030 3530 similis
1079 3476 1377 3530 bumiliavit
1423 3477 1697 3545 seipsum,
1728 3477 1889 3545 108
1908 3484 1962 3530 et
2006 3474 2180 3531 factus

2290 3474 2377 3528 καὶ
2409 3473 2657 3544 βασιλεὺς
2682 3470 2790 3523 τῶν
2820 3470 2956 3523 ὅλων
2988 3467 3253 3537 ὑπάρχων
3297 3466 3393 3519 καὶ
3420 3463 3648 3535 Κύριος,
3682 3480 3877 3533 κεχει-

611 3574 695 3619 est
721 3567 978 3621 obediens
1011 3566 1119 3622 Deo
1147 3577 1201 3621 et
1230 3566 1373 3621 Patri
1398 3566 1466 3633 ⁸³,
1502 3576 1557 3621 et
1594 3567 1873 3621 nobiscum
1915 3566 2016 3620 sub
2044 3565 2181 3634 lege.

2290 3565 2618 3638 ροτονεῖσθαι
2656 3564 2875 3629 λέγεται
2911 3560 3184 3630 βασιλεὺς,
3232 3557 3319 3609 ὅτε
3357 3554 3478 3609 καθ’
3524 3555 3672 3623 ἡμᾶς
3706 3552 3878 3619 γενόο

615 3659 771 3714 Nullo
808 3660 973 3730 igitur
1004 3661 1162 3714 modo
1195 3674 1316 3729 qua:
1341 3659 1729 3714 exinanitionis
1756 3672 2025 3712 mensura:
2051 3673 2185 3712 con-

616 3752 856 3816 veniunt,
917 3751 1188 3819 sapientes
1240 3751 1487 3805 homines
1533 3760 1588 3805 et
1636 3750 1842 3819 peritos
1891 3757 1946 3804 et
1986 3750 2039 3802 in
2082 3749 2187 3804 lide

616 3843 967 3898 continuatos
992 3845 1417 3909 conturbabunt,
1456 3844 1550 3898 scd
1582 3858 1649 3897 ex
1682 3842 1747 3897 iis
1780 3843 1913 3913 ipsis
1945 3852 1998 3897 et
2024 3840 2186 3897 simul

619 3951 682 3989 ex
725 3936 809 3989 his
840 3951 959 4004 quae
993 3936 1188 3991 divinze
1236 3944 1443 3990 natura:
1482 3935 1837 3999 conveniunt,
1890 3937 2061 4001 ipsum
2104 3932 2192 3988 Fi-

622 4028 749 4079 lium
784 4026 946 4081 Deum
991 4040 1112 4082 esse
1161 4027 1409 4081 eumdem
1450 4036 1505 4080 et
1554 4026 1826 4080 hominem
1872 4034 2191 4095 agnoscent.

625 4119 730 4172 Sed
784 4118 929 4171 sanis
976 4117 1157 4172 verbis
1201 4132 1305 4171 non
1349 4116 1739 4185 acquiescit“,
1770 4125 1825 4171 et
1869 4117 1935 4170 ad
1962 4115 2196 4170 ell'rena-

628 4221 738 4262 tum
771 4209 1027 4279 impetum
1071 4210 1359 4263 admodum
1398 4224 1621 4278 pronus,
1659 4208 1824 4263 stulte
1858 4208 1958 4263 sibi
1994 4202 2194 4277 placet,

2290 3674 2449 3728 μενος
2492 3657 2779 3727 ἄνθρωπος
2826 3650 3226 3706 τεταπείνωκεν
3259 3645 3471 3710 ἑαυτὸν,
3518 3644 3613 3697 καί
3645 3642 3881 3709 γέγονεν

2290 3751 2531 3819 ὑπήκοος
2561 3747 2639 3817 τῷ
2673 3744 2793 3814 Θεῷ
2823 3743 2919 3797 καὶ
2952 3741 3145 3809 Πατρὶ,
3178 3740 3274 3792 καὶ
3324 3736 3439 3807 μεθ’
3466 3733 3622 3805 ήμῶν
3650 3732 3757 3785 ὑπὸ
3787 3732 3883 3786 νό-

2294 3860 2411 3912 μον.
2442 3839 2743 3909 Θορυϐήσει
2774 3836 2837 3907 δὴ
2863 3828 2957 3888 οὖν
3001 3833 3123 3886 κατ’
3148 3829 3341 3883 οὐδένα
3372 3826 3573 3897 τρόπον
3612 3823 3745 3912 τοὺς
3786 3840 3884 3876 σο-

2293 3911 2424 4002 φούς
2453 3947 2513 3983 τε
2544 3927 2639 3980 καὶ
2672 3925 3063 3994 ἐπιστήμονας,
3098 3920 3192 3972 καὶ
3224 3916 3549 3988 ἱδρυμένους
3578 3914 3636 3965 ὲν
3663 3911 3880 3974 πίστει,

2293 4024 2361 4077 τά
2397 4024 2509 4085 τοῖς
2553 4020 2652 4090 τῆς
2696 4016 2981 4078 κενώσεως
3021 4012 3302 4085 πρέποντα
3355 4008 3609 4080 μέτροις·
3654 4002 3775 4058 ἀλλ’
3820 4003 3888 4067 ἐξ

2296 4114 2473 4167 αὑτῶν
2512 4128 2573 4165 τε
2601 4108 2759 4181 όμοῦ,
2790 4108 2884 4162 καὶ
2926 4105 3035 4159 τῶν
3072 4106 3138 4173 τῇ
3170 4102 3291 4170 θείᾳ
3327 4099 3644 4170 πρεπόντων
3688 4094 3897 4163 φύσειλ

2297 4204 2429 4257 Θεὸν
2473 4202 2601 4255 ὄντα
2634 4200 2725 4252 τὸν
2775 4196 2937 4251 αὑτὸν
2976 4196 3071 4248 καὶ
3108 4192 3394 4262 ἄνθρωπον
3444 4185 3895 4256 ὲπιγινώσκουσι

625 4311 680 4354 et
707 4316 826 4369 quae
848 4277 972 4369 ipse
1001 4310 1053 4356 et
1080 4300 1295 4369 quidem
1322 4277 1467 4356 solus
1485 4302 1699 4369 probat,
1718 4300 1813 4354 sed
1836 4308 1980 4354 recte
1998 4300 2186 4353 habere

2297 4297 2387 4349 τὸν
2419 4294 2566 4347 Υἱόν.
2604 4291 2763 4344 Ἀλλὰ
2799 4289 2906 4359 γὰρ
2955 4284 3254 4353 ὑγιαίνουσι
3291 4280 3390 4369 μὲν
3422 4280 3484 4333 οὑ
3511 4277 3891 4369 προσέρχεται

627 4393 920 4457 existimat,
952 4407 1015 4447 ea
1052 4392 1330 4447 sentienda
1368 4402 1555 4447 censet
1587 4410 1600 4446 :
1630 4392 1812 4461 perdit
1844 4392 2006 4445 etiam
2039 4392 2186 4456 alios,

2300 4384 2475 4451 λόγοις
2492 4400 2505 4413 ο
2528 4377 2906 4439 ἀπονενευκὼς
2927 4375 2984 4429 δὲ
3008 4372 3126 4426 λίαν
3150 4372 3231 4433 είς
3256 4370 3316 4423 τὸ
3342 4368 3578 4438 ὲξήνιον,
3602 4367 3894 4428 ἀσυνέτως

629 4499 751 4537 cum
798 4494 995 4552 praeter
1038 4484 1125 4537 illa
1170 4499 1289 4552 quae
1341 4484 1500 4549 dixit,
1554 4498 1717 4537 unum
1774 4483 2056 4536 Dominum
2109 4497 2177 4535 no

2306 4472 2745 4545 περιαυτίζεται,
2789 4468 2883 4520 καὶ
2911 4466 2980 4519 τὰ
3012 4464 3159 4533 αὑτῷ
3194 4461 3290 4516 καὶ
3337 4460 3483 4530 μόνῳ
3515 4456 3780 4511 δοκοῦντά
3826 4474 3893 4510 τε

630 4588 801 4630 strum
827 4574 1014 4630 Jesum
1046 4575 1320 4630 Christum
1364 4576 1415 4629 in
1448 4575 1552 4629 duo
1596 4573 1865 4638 dividens,
1911 4575 2072 4628 etiam
2106 4588 2186 4626 no

2304 4567 2397 4620 καὶ
2426 4559 2483 4617 εὖ
2513 4562 2655 4632 ἔχειν
2682 4556 3071 4628 ὑπειλημμένα
3105 4554 3323 4625 φρονεῖν
3351 4549 3516 4615 ἀξιοῖ.
3550 4548 3804 4603 Διόλλυσι
3830 4548 3894 4638 δὲ

631 4675 803 4719 strum
831 4666 1003 4735 ipsum
1031 4666 1273 4720 divinum
1302 4664 1618 4733 mysterium
1643 4663 2025 4730 calumniatur,
2059 4664 2111 4716 in
2138 4678 2186 4718 ec

2304 4661 2399 4711 καὶ
2429 4656 2650 4727 ἑτέρους
2677 4650 2811 4722 πρὸς
2835 4645 2917 4711 οἷς
2943 4648 3050 4717 ἔφη
3077 4646 3283 4707 διῖστάς
3309 4644 3390 4706 εἰς
3412 4641 3506 4694 δύο
3530 4640 3623 4693 τὸν
3648 4639 3745 4693 Eva
3776 4637 3900 4691 Κὺ-

633 4758 775 4827 qnod
806 4766 1017 4813 recusat
1043 4758 1323 4812 nobiscum
1353 4756 1623 4821 confiteri,
1661 4755 1937 4810 Christum
1978 4770 2083 4809 non
2125 4755 2201 4808 si-

635 4851 838 4905 militer
891 4859 1054 4917 atque
1098 4866 1262 4903 unum
1299 4865 1330 4903 e
1371 4850 1578 4904 sanctis
1620 4848 1901 4917 prophetis
1948 4858 2039 4901 aut
2071 4863 2203 4916 apo-

634 4940 789 4994 stolis
814 4948 868 4994 et
896 4939 1244 5008 evangelistis
1275 4936 1547 4992 Deiferum
1581 4936 1853 4990 hominem
1885 4936 2076 4999 fuisse,
2112 4936 2203 4989 sed

641 5031 803 5082 Deum
848 5030 1119 5083 hominem
1162 5030 1387 5095 factum,
1419 5043 1482 5082 ac
1514 5042 1639 5082 vere
1686 5027 2041 5095 participasse
2085 5040 2205 5079 car-

640 5136 762 5173 nem
814 5128 869 5173 et
901 5120 1242 5188 sanguinem.
1281 5118 1372 5171 Sic
1414 5128 1595 5171 autem
1644 5133 1857 5170 rursum
1890 5115 2049 5181 dixit,
2083 5130 2205 5167 cum

643 5221 893 5278 tanquam
927 5226 990 5263 ex
1023 5222 1251 5279 persona
1292 5208 1493 5262 Christi
1525 5210 1684 5260 verba
1714 5213 2061 5275 preponeret:

2308 4766 2421 4820 ριον
2455 4745 2661 4816 Ἰησοῦν
2684 4744 2773 4796 τὸν
2802 4741 3057 4813 Χριστὸν,
3104 4737 3199 4791 καὶ
3247 4735 3379 4789 αὑτὸ
3424 4733 3485 4786 τὸ
3534 4731 3685 4820 θεῖον
3726 4731 3899 4820 ἡμῶν
4010 4772 4013 4779 .

2310 4818 2659 4905 συκοφαντῶν
2702 4832 3022 4903 μυστήριον,
3070 4825 3179 4880 ἀπό
3213 4841 3277 4893 γε
3328 4820 3421 4875 τοῦ
3476 4820 3552 4890 μὴ
3595 4818 3901 4887 ἀνέχεσθαι
4002 4862 4009 4865 .

2316 4930 2433 5001 μεθ’
2461 4926 2617 4999 ἡμῶν
2662 4925 2965 4996 ὁμολογεῖν,
3013 4921 3095 4973 ὅτι
3130 4917 3256 4971 καθ’
3283 4915 3379 4967 Eva
3413 4912 3522 4983 [τσ.
3549 4912 3631 4963 ὃτι
3667 4911 3729 4962 οὑ
3769 4909 3903 5001 καθ’

2313 4999 2433 5093 Eva]
2480 5018 2588 5072 τῶν
2628 5018 2801 5086 ἁγίων
2854 5010 3171 5084 προφητῶν,
3222 5008 3389 5078 ἤγουν
3435 4999 3905 5093 ἀποστόλωνγκαὶ

2314 5090 2712 5179 εὐαγγελιστῶν
2740 5106 2994 5177 θεοφόρος
3016 5101 3083 5174 ἦν
3108 5099 3204 5156 ἀνθ
3215 5114 3392 5170 ρωπος
3414 5096 3443 5147 6
3469 5092 3702 5165 Χριστός
3722 5108 3736 5123 ·
3761 5090 3904 5155 Θεὸς

2314 5203 2369 5255 δὲ
2408 5202 2607 5271 μᾶλλον
2643 5198 2932 5269 γενόμενος
2980 5193 3284 5264 ἄνθρωπος,
3320 5185 3624 5259 μετέσχηκε
3655 5201 3714 5237 τε
3751 5183 3905 5237 κατὰ

643 5305 902 5379 ἀλήθειαν
929 5277 1159 5375 αἵματος
1204 5304 1298 5358 καὶ
1339 5304 1559 5375 σαρκός.
1589 5305 1734 5372 Ἔφη
1760 5303 1815 5355 δὲ
1848 5302 1988 5354 οὑτω
2016 5300 2201 5366 πάλιν,
2240 5298 2315 5363 ώς
2345 5300 2409 5350 ὲκ
2437 5296 2729 5367 προσώπου
2760 5289 2994 5364 Χριστοῦ
3023 5284 3341 5359 παρατιθεὶς
3371 5280 3430 5333 τὸ
3457 5277 3640 5361 ῥητόνσ

741 5464 761 5495 ⁸
789 5462 1021 5533 Philipp.
1061 5478 1121 5527 ιι,
1145 5461 1197 5515 8.
1277 5460 1320 5491 ⁸⁸
1349 5457 1366 5512 l
1399 5458 1539 5514 Tim.
1562 5473 1635 5521 τι,
1662 5457 1714 5510 5.

1911 5589 2067 5643 ANT.
2110 5582 2383 5641 AGELLII
2424 5578 2651 5635 NOTAE.

728 5757 839 5832 (‘26)
878 5758 1037 5816 Deest
1077 5759 1323 5823 verbum,
1355 5750 1478 5824 puta
1528 5752 1657 5817 νόει,
1685 5750 1767 5807 vel
1820 5745 2098 5817 ὁμολόγει,
2129 5758 2186 5799 ve

2290 5738 2450 5809 liquid
2499 5732 2691 5790 simile.
