4040 6448
179 357 271 411 189

238 467 300 540 [ε
343 468 406 521 Ὀ
451 468 692 539 τρώγων
728 486 829 539 μου
868 469 971 539 τὴν
1002 467 1178 537 σάρκα
1227 469 1320 520 καὶ
1354 468 1521 520 πίνων
1560 483 1661 536 μου
1710 462 1770 515 τὸ
1799 468 1844 522 Α

174 557 327 626 αἷμα,
372 562 437 611 ἐν
473 562 608 630 ἐμοὶ
646 561 818 630 μένει,
851 560 1008 628 κάγὼ
1040 562 1096 612 ἐν
1134 560 1300 629 αὐτῷ.
1331 580 1347 611 ι
1384 558 1770 627 δ’ῐνημὸνευοον

174 652 246 702 Et:
273 667 338 700 πε
347 652 406 723 pl.
428 650 537 719 τῆς
566 650 769 720 σαρκὸς
795 650 1186 719 τὸλεγόμενον.
1214 668 1234 701 ι
1265 649 1461 711 Καθὼς
1485 646 1770 701 ἀπέστειλὲ

176 756 235 807 με
263 740 290 789 6
329 738 445 801 ζῶν
482 738 703 809 Πατὴρ,
727 758 744 790 ι
785 739 887 808 ἐμὲ
914 740 1007 791 τὸν
1040 739 1386 808 φαινόμενον.
1422 738 1564 790 Ἀλλ’
1596 737 1768 792 ἐνίοτε

174 830 612 898 παρεομηνεὺω.
658 829 1011 900 ’Λκούσωμεν
1061 833 1125 883 ὲκ
1176 830 1285 884 τῶν
1337 830 1484 899 ἑξῆς.
1523 847 1543 879 ι
1573 826 1769 889 Καθὼς

174 920 465 973 ἀπέστειλέ
502 939 575 991 με
600 922 628 971 6
662 922 770 985 ζῶν
805 922 1017 991 Πατήρ·
1044 940 1061 972 ι
1098 923 1302 983 ἐκεῖνος
1333 920 1483 987 λέγει
1520 919 1618 989 τὴν
1651 918 1770 971 θεό-

170 1024 320 1075 τητα,
370 1007 491 1076 ἐγὼ
526 1008 629 1078 τὴν
668 1009 1088 1079 ἀνθρωπότητα.
1125 1011 1351 1079 Ἴδωμεν
1384 1009 1465 1071 τίς
1494 1010 1522 1061 6
1555 1024 1762 1077 παρερυ

174 1099 448 1166 μηνεῦων.
482 1099 657 1165 Λέγει
698 1101 726 1151 6
757 1100 1032 1170 αἱρετικὸς
1074 1101 1307 1154 ἐνταῦθα
1350 1101 1449 1170 τὴν
1498 1099 1761 1167 θεότητα·

168 1190 496 1244 ἀπέστειλεν
528 1192 633 1260 ἐμὲ
666 1191 759 1243 τὸν
789 1192 921 1245 Θεὸν
957 1193 1158 1260 Λόγον·
1196 1212 1214 1243 ι
1241 1192 1440 1254 Καθὼς
1477 1189 1763 1244 ἀπέστειλέ

172 1300 233 1350 με
258 1286 286 1333 6
326 1282 443 1346 ζῶν
490 1283 711 1353 Πατὴρ,
745 1302 764 1335 ›
793 1286 911 1336 κατ’
943 1287 1147 1337 ἐκεῖνον
1182 1304 1199 1335 ί
1226 1284 1380 1352 κάγὼ
1401 1283 1499 1347 ζῶ,
1525 1302 1543 1333 ι
1579 1284 1606 1334 6
1634 1281 1764 1344 Θεὸς

166 1372 335 1438 Λόγος
374 1390 393 1422 ι
430 1373 525 1427 διὰ
558 1373 650 1425 τὸν
694 1374 931 1444 Πατέρα.
969 1395 986 1426 ι
1012 1370 1145 1428 Εἶτα
1171 1374 1306 1445 μετά
1333 1374 1518 1426 τοῦτο·
1557 1392 1574 1424 ι
1600 1373 1708 1424 Καὶ
1736 1374 1764 1425 6

166 1464 393 1532 τρώγων
431 1483 526 1535 με,
560 1466 816 1529 κάκεῖνος
860 1468 1103 1532 ζήσεται.
1130 1486 1149 1518 ι
1196 1467 1326 1520 Τίνα
1362 1466 1633 1535 ἐσθίομεν,
1662 1464 1762 1535 τὴν

167 1554 417 1621 Θεὸτητα,
453 1556 488 1627 ἢ
521 1558 624 1627 τὴν
660 1556 914 1627 σάρκα;]

781 1863 1005 1919 ΚΕΦΛΛ
1017 1899 1032 1914 .
1067 1867 1139 1918 Δ’.

227 1996 423 2063 Μάνην
450 1995 518 2063 δὴ
548 1989 643 2046 οῦν
675 1995 1012 2048 ἀπεστάλθαι
1044 1993 1143 2065 τὴν
1174 1994 1351 2063 σάρκα
1389 1993 1512 2062 φὴς,
1544 1994 1637 2047 καὶ
1660 1995 1757 2047 αὐ-

158 2088 251 2157 τὴν
286 2081 440 2137 εἶναι
486 2083 825 2147 διαδεδαιοῖς
873 2086 963 2136 τὸν
1017 2088 1376 2153 φαινόμενον·
1430 2085 1644 2154 ἀπόχρη
1691 2085 1755 2154 δὴ

158 2175 247 2231 οὖν
297 2178 400 2230 καὶ
449 2176 621 2239 μόνον
676 2176 808 2245 ἡμῖν
854 2176 931 2238 εἰς
965 2176 1025 2228 τὸ
1069 2175 1325 2228 δύνασθαι
1372 2175 1656 2239 ζωοποιεῖν
1694 2175 1756 2230 τὸ

159 2270 377 2338 θανάτῳ
420 2268 887 2337 τυραννούμενον.
913 2266 978 2320 Τί
1017 2261 1110 2319 οὖν
1147 2267 1203 2319 αἱ
1246 2266 1587 2320 θεόπνευστοι
1614 2268 1755 2337 Γρα-

156 2359 249 2425 qui
294 2357 635 2427 ῥαψωδοῦσι
674 2358 852 2427 μάτην
895 2357 1074 2426 σάρκα
1107 2355 1358 2424 γενέσθαι
1388 2356 1478 2409 τὸν
1507 2357 1571 2408 ὲκ
1618 2355 1752 2410 θεοῦ

156 2449 372 2518 [ἰατρὸς
404 2446 611 2514 Λόγον,
662 2446 774 2501 ἀνω
816 2463 873 2498 τε
914 2447 1008 2498 καὶ
1057 2447 1206 2498 κάτω
1256 2444 1750 2515 διισχυριζόμεναις

156 2540 287 2591 Ποία
330 2539 448 2607 γὰρ
482 2536 626 2599 ὅλως
666 2535 863 2603 γένοιτ’
887 2534 955 2588 ἂν
986 2534 1078 2587 τοῦ
1111 2534 1285 2601 Λόγου
1320 2534 1499 2604 χρεία,
1526 2534 1630 2603 τῆς
1658 2534 1754 2586 ἀν-

155 2629 441 2698 θρωπίνης
497 2626 719 2695 φύσεως
769 2624 1103 2697 ἀποχρώσης
1137 2627 1291 2695 ἡμῖν,
1339 2627 1442 2678 κᾶν
1484 2626 1532 2677 εἰ
1581 2627 1753 2679 νοοῖτο

158 2720 287 2787 μόνη
322 2718 426 2772 καὶ
462 2717 592 2770 καθ’
636 2718 858 2787 ἑαυτὴν,
893 2717 973 2779 εἷς
1015 2734 1078 2786 γε
1101 2718 1160 2769 τὸ
1179 2716 1437 2770 δύνασθαι
1470 2718 1750 2788 καταργῆ-

155 2828 238 2863 σαι
281 2810 551 2869 θάνατον,
585 2808 679 2859 καὶ
708 2807 770 2860 τὸ
804 2808 901 2875 τῆς
933 2808 1138 2878 φθορᾶς
1173 2796 1492 2877 παραλῦσαί
1513 2809 1747 2877 κράτος;

156 2896 257 2947 Καὶ
288 2894 462 2963 εἴπερ
494 2892 669 2957 ἐστὶν,
701 2892 889 2963 ὥσπερ
918 2892 1009 2946 οὖν
1034 2897 1133 2947 οἴει
1164 2896 1258 2947 καὶ
1288 2894 1531 2960 δοξάζειν
1556 2894 1747 2960 ἀξιοῖς,

151 2988 242 3054 ob;
271 2990 301 3037 6
331 2985 477 3047 Θεὸς
523 2984 703 3054 Λόγος
730 2984 760 3037 6
790 2984 1205 3054 ἀπεσταλμένος
1237 2984 1325 3035 διὰ
1362 2984 1454 3036 τοῦ
1499 2985 1750 3051 γενέσθαι

153 3078 268 3129 καθ’
291 3079 474 3147 ἡμᾶς,
518 3077 658 3146 μόνη
697 3077 773 3141 δὲ,
805 3076 881 3140 ὼς
913 3076 1072 3147 ἔφης,
1108 3076 1443 3130 ἀπέσταλται
1475 3076 1624 3147 παρά
1654 3076 1747 3131 τοῦ

153 3169 363 3238 Πατρὸς
390 3171 427 3236 ἠ
463 3168 773 3238 φαινομένη
795 3167 961 3238 σὰρξ,
996 3168 1111 3231 πῶς
1140 3169 1236 3238 οὐχ
1265 3168 1467 3221 ἅπασιν
1495 3168 1742 3238 ἐναργὲς,

150 3262 221 3312 ὅτι
265 3260 538 3330 σώματος
588 3260 960 3338 ἀνθρωπίνου,
1010 3261 1104 3312 καὶ
1149 3261 1256 3312 τῶν
1306 3246 1590 3331 ήξξιετέρων
1625 3264 1744 3315 κατ’

151 3352 331 3403 οὐδένα
362 3346 663 3407 παντελῶς
695 3348 895 3415 τρόπον
929 3349 987 3401 ἐν
1025 3349 1235 3417 μεθέξει
1269 3351 1573 3417 γεγόναμεν
1606 3352 1740 3419 (27);
1795 3408 1803 3443 .

1795 3444 1803 3455 ’
1843 3447 2141 3515 Opinione?
2168 3462 2290 3500 uarii
2328 3446 2509 3500 dixisti
2544 3461 2757 3500 rursum
2795 3463 2809 3500 :

153 3441 266 3503 Πῶς
298 3436 399 3493 οῦν
429 3441 491 3491 ἐν
521 3436 739 3508 ἑτέροις
768 3437 1021 3508 διαγελᾷς
1049 3440 1173 3501 τοὺς
1200 3434 1301 3492 ὦδε
1332 3441 1741 3515 διακειμένους

150 3536 273 3603 ἓῳης
306 3534 425 3602 γὰρ
464 3530 637 3586 πάλιν
665 3546 681 3562 '

210 3626 388 3696 [Ἐρῶ
426 3624 487 3677 δὲ
508 3624 609 3677 καὶ
643 3623 737 3676 τοῦ
763 3623 1061 3676 σκανδάλου
1099 3624 1167 3677 τὰ
1201 3627 1449 3696 ῥήματα·
1481 3628 1609 3696 περὶ
1641 3629 1742 3698 τῆς

145 3716 344 3778 οἰκείας
399 3712 615 3782 σαρκὸς
662 3713 690 3763 6
735 3712 1012 3781 Δεσπότης
1058 3713 1302 3782 Χριστὸς
1348 3716 1483 3785 πρὸς
1541 3717 1740 3778 αὐτοὺς

145 3805 446 3873 διελέγετο·
496 3822 515 3854 ι
545 3802 674 3855 Ἐὰν
707 3802 782 3871 μὴ
815 3803 1047 3871 φάγητε,
1081 3804 1233 3873 φησὶ,
1280 3805 1379 3874 τὴν
1423 3806 1601 3875 σάρκα
1646 3806 1737 3859 τοῦ

148 3898 263 3949 Υίοῦ
307 3897 407 3951 τοῦ
445 3894 773 3964 ἀνθρώπου.
816 3894 914 3946 καὶ
961 3895 1119 3963 πίητε
1146 3894 1310 3947 αὐτοῦ
1344 3897 1405 3948 τὸ
1436 3892 1592 3965 αἷμα,
1639 3899 1739 3950 οὐκ

145 3988 280 4057 ἔχετε
313 3989 469 4056 ζωὴν
496 3987 561 4037 ὲν
592 3985 810 4045 ἑαυτοῖς
832 3999 847 4014 ο
872 4002 890 4035 ι
940 3984 1040 4035 οὐκ
1069 3985 1303 4054 ἤνεγκαν
1342 3986 1403 4037 τὸ
1447 3985 1556 4038 τῶν
1581 3986 1737 4053 λεγο-

148 4082 310 4146 μένων
346 4077 571 4148 ὑψηλὸν
614 4076 665 4128 οἰ
696 4073 1050 4137 ἀκούσαντες,
1085 4073 1333 4145 ἐνόμιζον
1366 4075 1470 4129 ὑπὸ
1499 4076 1739 4145 ἀμαθίας

145 4166 611 4242 ἀνθρωποφαγίαν
654 4164 963 4235 εἰσάγειν.]

751 4297 1006 4352 ΚΕΦΑᾹ.
1058 4299 1097 4350 Ε
1117 4338 1131 4351 .

210 4414 334 4470 Εἶτα
358 4415 489 4477 πῶς
512 4413 578 4466 τὸ
607 4410 800 4483 χρῆμά
816 4412 964 4463 ἐστιν
988 4410 1088 4462 οὐκ
1112 4410 1348 4481 ἐναργὴς
1377 4410 1735 4483 ἀνθρωποφα.

147 4508 258 4570 Tia;
304 4506 439 4559 τίνα
466 4504 528 4556 δὲ
553 4502 759 4571 τρόπον
792 4500 995 4569 ὑψηλὸν
1025 4499 1104 4553 ἔτι
1128 4500 1190 4552 τδ
1223 4501 1540 4570 μυπήρ⁸⁰ν’
1577 4503 1626 4554 εἰ
1658 4503 1732 4573 μὴ

146 4596 482 4649 ἀπεστάλθαι
512 4591 699 4661 φαμὲν
726 4591 817 4642 τὸν
839 4590 903 4642 ὲκ
928 4587 1062 4642 Θεοῦ
1082 4590 1293 4661 Πατρὸς
1320 4590 1509 4658 Λόγον,
1535 4592 1625 4644 καὶ
1645 4592 1739 4645 τόν

146 4705 201 4753 γε
252 4689 341 4757 τῆς
388 4682 712 4751 ἀποστολῆς
766 4681 968 4751 τρόπον
1014 4680 1382 4750 ὁμολογοῦμεν
1444 4676 1584 4733 εἶναι
1640 4682 1738 4753 τὴν

146 4777 601 4848 ἐνανθρὼπησιν;
640 4772 778 4824 Τότε
818 4770 928 4841 γὰρ
969 4772 1091 4823 τότε
1136 4771 1553 4841 καταθρὴσομεν
1604 4772 1738 4836 Cmo-

149 4872 310 4920 ποιεῖν
339 4868 648 4935 ἰσχύουσαν
680 4862 781 4933 τὴν
804 4860 1100 4914 ένωθεῖσαν
1128 4862 1276 4931 αὐτῷ
1300 4863 1500 4933 σάρκα,
1520 4862 1615 4916 καὶ
1640 4862 1737 4932 οὐχ

148 4961 322 5029 ἐτέρου
364 4958 580 5027 σάρκα,
632 4954 774 5024 πλήν
810 4953 893 5006 ὃτι
932 4954 1154 5019 γέγονεν
1195 4953 1298 5005 ίδία
1330 4953 1424 5006 τοῦ
1452 4955 1517 5006 τὰ
1558 4954 1738 5007 ’πάντα

148 5054 425 5115 ζωοποιεῖν
488 5047 791 5118 ἰσχύοντος.
845 5046 907 5098 El
954 5045 1063 5115 γὰρ
1106 5045 1167 5098 τὸ
1219 5046 1329 5116 πῦρ
1356 5046 1419 5115 δὴ
1472 5045 1629 5098 τοῦτο
1676 5045 1736 5097 τὸ

148 5144 398 5215 αδσθητὺν
432 5142 536 5212 τῆς
579 5138 807 5209 ἐνούσης
854 5136 1004 5206 αὐτῷ
1048 5137 1281 5207 φυσικῆς
1318 5136 1600 5206 ἐνεργείας
1638 5134 1737 5205 τὴν

206 5294 435 5353 "Joan.
478 5309 565 5361 τι,
600 5292 693 5348 57.
769 5291 815 5323 ⁸⁸
854 5289 986 5357 ibid,
1012 5288 1101 5345 58.
1179 5291 1222 5322 ⁸⁷
1262 5290 1371 5346 ibid

1235 347 1600 405 ADVERSUS
1639 340 2036 400 NESTORIUM
2079 340 2207 397 Llli.
2250 340 2341 398 IV.

1472 5291 1516 5322 ”
1551 5290 1680 5344 ibid.
1721 5289 1810 5345 54.

3348 320 3447 375 I90

1944 461 2216 531 [Νεετοιι.
2263 477 2281 509 ι
2313 454 2413 522 Qui
2442 452 2734 506 manducat
2760 459 2935 500 meam
2967 455 3207 504 carnem,
3232 448 3284 490 et
3309 437 3442 489 bibit

1874 530 2053 606 meum
2089 549 2430 619 sanguinem,
2466 544 2518 598 in
2570 555 2654 597 me
2682 547 2884 601 manet,
2911 545 2965 589 et
2992 549 3094 603 ego
3118 533 3169 584 in
3213 545 3279 582 eo
3299 530 3383 581 ":
3418 547 3437 578 ι

1872 651 2142 697 memento
2175 640 2240 695 de
2281 637 2424 693 illius
2468 647 2634 689 carne
2679 644 2799 687 esse
2852 638 3181 682 sermonem.
3238 639 3257 672 ι
3292 619 3442 673 Sicut

1871 734 2017 788 misit
2052 746 2136 786 me
2175 731 2364 783 vivens
2398 727 2558 781 Pater
2578 725 2648 788 ⁸⁸,
2681 748 2699 774 ι
2747 735 2833 775 me
2870 716 3157 771 visibilem.
3201 713 3269 766 At
3295 710 3439 765 enim

1870 836 2255 892 nonnunquam
2284 827 2479 890 praeter
2504 813 2827 872 sententiam
2866 808 3223 874 interpretor;
3254 802 3441 855 audia-

1868 930 1988 969 mus
2036 911 2317 982 sequentia
2351 928 2363 965 :
2402 928 2420 960 ι
2451 908 2602 963 Sicut
2640 903 2788 957 misit
2837 914 2920 953 me
2954 898 3140 950 vivens
3184 893 3376 957 Pater;
3413 907 3432 941 ι

1868 1007 1957 1060 ille
2010 1008 2403 1075 interpretatur
2452 1000 2809 1059 divinitatem,
2860 1006 2960 1059 ego
3014 987 3431 1043 humanitatem.

1866 1096 2159 1151 Videamus
2201 1095 2448 1162 quisnam
2494 1098 2689 1159 prazter
2733 1082 3059 1139 sententiam
3113 1078 3434 1145 interprete-

1868 1197 1973 1241 tur.
2033 1186 2173 1240 Dicit
2231 1184 2517 1239 haeretieus
2569 1181 2669 1233 hoc
2746 1172 3270 1253 loco,divinitatem.
3329 1164 3431 1217 Mi-

1863 1278 1934 1332 sit
1977 1294 2084 1341 me,
2132 1277 2304 1345 ipsum
2356 1274 2526 1329 Deum
2582 1270 2834 1325 Verbum.
2893 1283 2911 1316 ‹
2947 1263 3098 1317 Sicut
3147 1259 3292 1314 misit
3348 1270 3434 1310 me

1867 1370 2053 1425 vivens
2092 1369 2271 1432 Pater,
2307 1386 2326 1419 ι
2362 1364 2587 1436 perinde
2620 1370 2783 1429 atque
2830 1358 2918 1412 ille
2945 1364 2999 1410 et
3053 1371 3071 1404 ι
3104 1366 3202 1421 ego
3232 1350 3373 1413 vivo,
3407 1364 3427 1398 ι

1866 1462 2007 1516 Deus
2062 1459 2325 1521 Verbum,
2370 1475 2388 1507 ε
2430 1464 2648 1523 propter
2692 1450 2925 1504 Patrem.
2962 1466 2980 1498 ›
3032 1444 3232 1499 Deinde
3279 1448 3430 1511 post-

1862 1555 2017 1608 haec:
2057 1569 2075 1604 ι
2107 1550 2171 1605 Et
2215 1548 2306 1617 qui
2354 1545 2645 1601 manducat
2690 1556 2813 1606 me,
2874 1549 2928 1593 et
2974 1538 3085 1606 ipse
3135 1535 3278 1587 vivet
3298 1532 3373 1597 8';
3402 1548 3422 1581 ι

1862 1656 2023 1712 quem
2068 1639 2285 1695 tandem
2329 1635 2740 1698 manducamus,
2786 1627 3144 1689 divinitatem,
3187 1638 3254 1678 an
3308 1636 3426 1678 car-

1860 1747 1981 1788 nem
2002 1729 2064 1803 ι]

2508 1858 2660 1916 CAP.
2706 1855 2795 1912 IV.

1927 2002 2109 2059 Solam
2143 2016 2271 2073 ergo
2300 1999 2521 2055 missam
2548 1998 2715 2053 fuisse
2747 2008 2965 2051 carnem
2986 1993 3141 2057 dicis,
3170 2000 3224 2045 et
3253 1990 3423 2059 ipsam

1856 2108 1976 2148 esse
2004 2094 2211 2149 asseris
2242 2107 2365 2146 eum
2402 2093 2495 2160 qui
2530 2085 2781 2143 videtur?
2819 2084 2963 2139 Satis
2988 2093 3069 2137 est
3104 2096 3231 2151 ergo
3261 2081 3424 2134 etiam

1858 2186 1910 2240 id
1946 2184 2120 2239 solum
2147 2182 2303 2237 nobis
2336 2181 2401 2235 ad
2438 2176 2815 2234 vivificandam
2859 2183 3103 2227 naturam
3144 2171 3428 2241 tyrannide

1855 2275 2043 2331 mortis
2082 2285 2421 2341 Oppressam.
2472 2270 2610 2336 Quid
2656 2281 2786 2337 ergo
2832 2263 3027 2320 divinae
3064 2262 3281 2315 Littera:
3314 2259 3427 2312 fru-

1853 2378 1965 2421 stra
2009 2364 2282 2427 occinunt,
2323 2363 2449 2416 dum
2491 2376 2710 2415 carnem
2767 2358 2970 2412 factum
3017 2354 3188 2422 ipsum
3220 2366 3282 2404 ex
3317 2349 3426 2404 Deo

1852 2455 2014 2510 Patre
2066 2454 2326 2518 Verbum,
2373 2466 2586 2507 sursum
2632 2452 2884 2504 deorsum
2938 2443 3250 2500 affirmant?
3295 2443 3427 2508 Quis

1852 2544 1997 2600 enim
2044 2558 2269 2612 prorsus
2315 2540 2478 2596 Verbi
2514 2540 2678 2594 fuerit
2720 2555 2868 2603 usus,
2911 2538 2955 2593 si
2996 2536 3150 2590 nobis
3192 2536 3423 2588 lnuuana

1851 2644 2069 2697 natura,
2094 2630 2309 2685 etiamsi
2344 2630 2455 2684 sola
2487 2639 2539 2683 et
2567 2644 2662 2697 per
2686 2643 2744 2683 se
2768 2628 3057 2695 cogitetur,
3088 2626 3219 2678 satis
3244 2634 3327 2677 est
3356 2624 3421 2675 ad

1850 2735 2078 2779 mortem
2128 2722 2511 2777 destruendam
2584 2730 2640 2775 et
2719 2717 3086 2786 corruptionis
3136 2715 3421 2785 imperium

1850 2814 2197 2870 evertendum
2217 2812 2239 2865 τ
2262 2813 2339 2866 Ac
2364 2812 2441 2875 si,
2474 2822 2534 2864 ut
2568 2821 2753 2878 putas,
2772 2819 2825 2864 et
2852 2811 3195 2864 sentiendum
3213 2822 3421 2871 censes,

1851 2906 2049 2960 missus
2095 2913 2177 2959 est
2228 2918 2336 2958 non
2389 2904 2504 2971 ipse
2553 2901 2695 2955 Deus
2738 2901 2996 2962 Verbum,
3038 2914 3103 2953 eo
3149 2900 3291 2967 quod
3340 2907 3424 2952 est

1851 2996 2023 3055 nostri
2053 2996 2227 3049 simile
2250 2995 2471 3057 factum,
2498 2994 2590 3047 sed
2614 2991 2751 3055 sola,
2777 3000 2836 3045 ut
2861 2990 3068 3053 dixisti,
3102 2991 3263 3044 missa
3288 2999 3370 3043 est
3392 3005 3422 3043 τι

1857 3088 2016 3156 109
2051 3086 2213 3140 Patre
2251 3099 2381 3139 caro
2419 3082 2669 3147 visibilis,
2710 3083 2980 3150 quomodo
3004 3096 3109 3135 non
3144 3081 3217 3135 ait
3240 3079 3421 3135 omni-

1854 3184 1949 3233 bus
1977 3181 2343 3248 perspicuum,
2392 3178 2612 3231 humani
2644 3175 2890 3245 corporis
2921 3175 3422 3245 proprietatumque

1849 3277 2153 3321 nostrarum
2187 3264 2333 3319 nullo
2363 3278 2583 3334 prorsus
2614 3265 2773 3317 modo
2808 3263 3271 3332 participationem
3308 3261 3419 3314 ha-

1846 3356 2201 3412 buisse?Cur
2248 3370 2377 3425 ergo
2413 3355 2541 3409 alibi
2596 3355 2790 3409 irrides
2824 3368 2917 3409 eos
2960 3356 3050 3422 qui
3105 3353 3259 3406 in‘ea
3294 3360 3421 3411 sunt

1914 3621 1931 3693 [
1963 3621 2197 3676 Nesron.
2229 3621 2411 3675 Dicam
2461 3624 2622 3677 etiam
2678 3619 2818 3674 illius
2848 3617 3083 3674 scandali
3130 3618 3322 3681 verba;
3349 3620 3417 3672 de

1841 3729 1935 3766 sua
1973 3728 2135 3767 carne
2187 3714 2443 3767 Dominus
2474 3713 2721 3766 Christus
2755 3726 2880 3764 cum
2926 3709 3030 3763 illis
3066 3710 3364 3764 disserebat
3397 3727 3413 3765 :

1845 3821 1864 3855 ι
1900 3802 2009 3857 Nisi
2045 3802 2518 3865 manducaveritis,
2544 3803 2736 3870 inquit,
2773 3815 2990 3856 carnem
3014 3799 3132 3854 Filii
3158 3801 3414 3869 hominis,

1839 3901 1894 3945 et
1942 3891 2184 3945 biberitis
2238 3893 2354 3961 ejus
2398 3892 2754 3962 sanguinem,
2788 3905 2894 3944 non
2944 3888 3208 3943 habebitis
3251 3890 3414 3943 vitam

1840 3980 1892 4034 in
1921 3981 2074 4035 vobis
2094 3981 2162 4035 ⁸⁸.
2204 4000 2223 4033 ι
2259 3981 2559 4037 Verborum
2587 3984 2965 4037 sublimitatem
2992 3981 3081 4048 qui
3111 3981 3415 4048 audierant,

1839 4086 1944 4125 non
1986 4072 2262 4125 tulerunt:
2297 4076 2557 4141 putabant
2581 4087 2648 4128 ex
2680 4073 2891 4129 inscitia
2914 4109 2929 4126 .
2966 4070 3114 4126 illum
3175 4074 3406 4129 anthro-

1838 4163 2160 4232 pophagiam
2188 4164 2435 4218 suadere.
2476 4163 2497 4235 ]

2498 4296 2651 4354 CAP.
2689 4298 2748 4355 ν.

1908 4409 2069 4478 Atqui
2093 4423 2155 4463 ea
2192 4424 2277 4464 res
2304 4411 2573 4479 quomodo
2605 4427 2709 4467 non
2746 4422 2893 4467 certa
2920 4414 2989 4468 sit
3012 4415 3412 4485 anthmpopha-

1838 4502 1921 4571 gia
1944 4501 1967 4553 ?
1993 4516 2100 4568 quo
2129 4514 2257 4554 vero
2287 4502 2445 4556 modo
2472 4502 2703 4557 sublime
2729 4504 2905 4559 adhuc
2927 4505 3030 4559 erit
3053 4505 3179 4559 illud
3212 4516 3411 4575 myste-

1832 4593 2010 4654 rium,
2050 4592 2093 4646 si
2141 4608 2245 4646 non
2300 4593 2469 4662 ipsum
2530 4608 2593 4649 ex
2635 4594 2745 4649 Deo
2797 4594 2959 4651 Patre
3014 4594 3250 4651 Verbum
3288 4614 3410 4653 esse

1836 4685 2057 4737 missum
2106 4683 2439 4748 dixerimus,
2480 4694 2534 4739 et
2580 4685 2852 4740 missionis
2905 4687 3121 4741 modum
3174 4688 3407 4742 confessi

1846 4776 2105 4832 fuerimus
2142 4792 2263 4831 esse
2326 4777 2497 4845 ipsam
2556 4778 2998 4832 humanationem
3036 4778 3058 4831 ?
3090 4776 3225 4830 Tum
3263 4778 3406 4831 enim

1833 4866 2132 4921 videbimus
2171 4866 2477 4921 vivificandi
2522 4868 2627 4920 vim
2684 4869 2883 4924 habere
2919 4870 3124 4922 unitam
3157 4868 3257 4936 ipsi
3282 4882 3406 4921 car-

1833 4972 1990 5021 nem,
2035 4968 2088 5011 et
2134 4973 2237 5011 non
2293 4957 2521 5012 alterius
2584 4972 2841 5025 carnem,
2872 4960 2966 5014 sed
3018 4959 3215 5012 factam
3264 4958 3409 5012 illius

1832 5047 2141 5115 propriam,
2179 5047 2268 5116 qui
2334 5047 2512 5101 omnia
2577 5048 2851 5103 vivificare
2915 5059 3110 5116 potest.
3174 5048 3306 5102 Nam
3359 5051 3405 5105 si

1833 5136 1973 5206 ignis
2010 5137 2099 5192 hic
2143 5138 2415 5194 sensibilis
2456 5139 2560 5193 vim
2601 5154 2712 5195 sua:
2763 5141 3021 5197 naturalis
3070 5143 3404 5211 operationis

1408 5440 1568 5498 ANT.
1609 5441 1881 5497 AGELLII
1920 5441 2150 5498 NOTJ'J.

209 5599 315 5667 ρετ)
367 5594 727 5662 Corijeceram
786 5590 1040 5667 yéyovav;
1084 5589 1176 5667 sed
1227 5588 1437 5667 videtur
1498 5585 1715 5667 mutilus

148 5656 385 5723 loe‘us'et
439 5656 1016 5733 corruptusg'decsse
1066 5662 1207 5714 enim
1262 5656 1713 5733 videtur_aliquid

148 5742 275 5809 quod
316 5725 700 5811 pertineat'ad
726 5730 887 5789 Verbi
927 5741 1195 5796 naturam,
1218 5737 1273 5784 ut
1310 5728 1401 5781 καὶ
1440 5725 1547 5781 τῶν
1581 5726 1702 5794 ἡμε-

1822 5588 2017 5670 τέρῳν,
2052 5586 2244 5670 τῶνδὲ
2272 5590 2557 5670 θειοτέρων
2585 5594 2705 5646 κατ’
2733 5594 2919 5647 οὐδένα
2970 5597 3244 5661 παντελῶς
3274 5598 3397 5670 τρό-

1822 5658 2268 5743 πονρνηιξεοέξει
2316 5658 2617 5733 γεγόναμεν
2642 5682 2654 5695 ·
2699 5666 2781 5721 vel
2832 5665 2926 5719 τοῦ
2969 5667 3022 5720 δὲ
3053 5668 3187 5721 Θεοῦ
3219 5658 3393 5739 λόγου

1822 5741 1937 5781 κατ’
1964 5745 2169 5795 ουοενα,
2203 5741 2305 5784 etc.
