4040 6450
605 363 699 419 191

1594 355 1651 409 5.
1693 353 1970 410 CYRILLI
2009 349 2482 412 ALEXANDRINI
2519 350 2837 407 ARCIIIEP.

3764 356 3860 411 19?.

603 477 654 529 in
713 468 968 524 materias
1015 467 1254 522 immittit
1303 466 1369 522 ad
1403 480 1537 536 quas
1575 469 1899 530 accesserit,
1950 467 2084 522 adeo
2124 475 2184 520 ut

2294 464 2513 536 ΙΞύναμιν
2542 467 2661 528 ταῖς
2695 464 2848 528 ὕλαις
2875 464 3084 535 ἐνίησιν
3107 459 3193 529 αἷς
3220 467 3285 520 ἄν
3312 467 3555 534 φαίνοιτο
3599 483 3860 536 προσομι-

600 577 793 632 aquam
829 562 1000 630 ipsam
1052 561 1266 614 tametsi
1315 573 1380 613 ex
1413 568 1604 613 natura
1657 573 1755 612 sua
1802 558 2091 628 frigidam,
2117 557 2183 611 ad

599 653 916 722 qualitatem
947 666 1068 720 qua:
1111 661 1303 720 prmter
1331 661 1574 705 naturam
1606 649 1772 718 ipsius
1796 657 1879 704 est
1900 687 1915 712 ,
1953 647 2184 702 transfe-

602 751 705 807 rat,
735 751 791 798 et
833 741 1065 799 calidam
1110 741 1272 795 faciat
1304 758 1321 806 ;
1358 741 1486 809 quid
1525 741 1751 802 mirum,
1794 754 1969 809 quove
2025 737 2183 794 modo

601 832 916 888 incredibile
948 831 1194 887 videatur
1213 871 1228 894 ,
1253 832 1296 886 si
1319 835 1492 895 ipsum
1523 845 1590 884 ex
1620 828 1730 886 Deo
1758 828 1918 884 Patre
1948 829 2183 883 Verbum

603 940 728 982 eum
766 925 976 992 sitipsa
1027 923 1135 980 vita
1166 924 1461 978 secundum
1509 930 1778 987 naturam,
1814 936 2034 976 carnem
2083 920 2183 976 sibi

606 1016 809 1069 uuitam
832 1015 1098 1069 viviﬁcam
1132 1014 1363 1069 reddidit
1393 1013 1417 1067 ’ἒ
1445 1014 1657 1082 propria
1684 1028 1916 1081 namque
1941 1013 2057 1082 ejus
2079 1023 2181 1077 est,

604 1113 659 1158 et
692 1103 1046 1162 nou.alterius
1072 1102 1370 1172 cuiuspiam
1401 1104 1468 1157 ab
1486 1119 1550 1159 eo
1575 1103 1793 1167 diversi,
1833 1103 1923 1172 qui
1950 1104 2178 1158 seorsim

606 1195 935 1264 intelligatur
955 1233 970 1257 ,
1001 1204 1056 1250 et
1084 1196 1485 1250 uniusenostro
1515 1210 1738 1251 numero
1761 1194 2014 1250 hominis.
2049 1194 2182 1249 Cum

605 1295 784 1339 autem
823 1285 890 1343 ab
928 1283 1013 1338 illa
1045 1300 1167 1338 cum
1198 1298 1423 1354 corpore
1457 1285 1682 1355 mystica
1720 1299 1955 1354 veraque
1986 1286 2186 1339 unione

606 1377 875 1432 vivjlicum
901 1374 992 1430 Dei
1010 1373 1243 1430 Verbum
1265 1377 1585 1445 segregaris,
1609 1383 1662 1430 et
1683 1376 1902 1430 omnino
1917 1376 2186 1446 disjunxe-

609 1468 703 1532 ris,
724 1468 994 1536 quomodo
1016 1468 1190 1537 ipsum
1213 1481 1409 1532 corpus
1426 1464 1600 1519 adhuc
1619 1464 1888 1520 viviﬂcum
1914 1465 2188 1519 ostendes?

606 1557 741 1624 Quis
771 1572 932 1627 porro
961 1559 1048 1614 ille
1074 1567 1158 1613 est
1187 1558 1278 1627 qui
1311 1555 1444 1611 dicit
1473 1571 1486 1606 :
1524 1574 1543 1607 ι
1578 1555 1679 1622 Qui
1705 1555 1992 1611 tnanducat
2012 1572 2184 1610 meam

607 1663 859 1716 carnem,
890 1659 946 1704 et
969 1649 1104 1704 bibit
1137 1663 1315 1703 meum
1366 1647 1682 1715 sanguinem
1710 1690 1724 1712 ,
1764 1648 1817 1701 in
1850 1661 1935 1702 me
1981 1657 2183 1711 manet,

606 1747 662 1793 et
700 1753 801 1808 ego
851 1740 903 1794 iu
949 1740 1052 1796 eo?
1085 1758 1104 1791 ι
1145 1738 1277 1793 Nam
1320 1739 1366 1794 si
1413 1739 1575 1793 homo
1627 1738 1894 1808 quispiam
1933 1738 2182 1802 seorsim,

2286 553 2411 608 λοῦν
2439 573 2450 586 ο
2501 556 2597 609 καὶ
2643 556 2775 610 αὐτὸ
2822 555 2892 609 δὲ.
2924 555 2987 608 τὸ
3035 555 3205 627 ὕδωρ,
3257 557 3433 610 καίτοι
3479 557 3684 626 ψυχρὸν
3725 559 3861 611 κατὰ

2287 645 2448 714 φύσιν
2481 646 2745 716 ὑπάρχον,
2793 646 3079 715 μεθίστησι
3113 644 3251 716 πρὸς
3292 646 3351 698 τὸ
3377 646 3531 717 παρὰ
3563 647 3745 715 φύσιν,
3771 649 3862 702 καὶ

2287 735 2489 806 θερμὸν
2514 735 2803 789 ἀποτελεῖ·
2829 735 2883 788 τί
2912 734 2973 789 τὸ
3008 734 3314 804 παράδοξον
3335 774 3351 799 ,
3392 735 3697 790 ἀπιστείτω
3732 736 3856 808 [ισ.

2295 826 2613 898 ἀπιστοῐτο]
2637 827 2681 881 δ’
2713 827 2780 880 ἂν
2813 826 2956 882 κατὰ
2985 827 3109 882 τίνα
3161 826 3362 897 τρόπον
3387 827 3425 897 ἡ
3455 825 3580 898 [τσ,
3623 827 3709 898 εί]
3751 826 3863 898 ζωὴ

2287 920 2428 974 κατὰ
2456 919 2619 988 φύσιν
2646 918 2906 989 ὑπάρχων
2948 920 2977 971 6
3021 919 3086 972 ὲκ
3132 918 3270 972 Θεοῦ
3315 919 3528 989 Πατρὸς
3556 919 3728 988 Λόγος
3765 920 3862 988 τὴν

2287 1009 2583 1063 ένωθεῖσαν
2624 1007 2772 1079 αὐτῷ
2820 1007 3023 1077 σάρκα,
3079 1005 3341 1071 ζωοποιδν
3373 1006 3688 1077 άπέφηνεν;
3761 1005 3862 1059 ἰδία

2286 1103 2393 1171 γάρ
2421 1101 2567 1152 ἐστιν
2599 1099 2766 1152 αὐτοῦ
2815 1099 2910 1152 καὶ
2960 1099 3061 1167 οὐχ
3097 1097 3285 1168 ἐτέρου
3330 1096 3476 1160 τινὸς
3527 1097 3656 1166 παρ’
3702 1095 3861 1150 αὐτὸν

2288 1193 2391 1246 ἀνὰ
2421 1191 2584 1262 μέρος
2612 1207 2671 1243 τε
2701 1190 3019 1259 νοουμένου,
3070 1189 3166 1243 καὶ
3204 1188 3316 1245 τῶν
3354 1189 3477 1242 καθ’
3526 1190 3672 1258 ἡμᾶς
3721 1188 3858 1252 ἑνός.

2299 1283 2642 1351 ’Λποστήσας
2665 1280 2722 1334 δὲ
2755 1279 2857 1350 τῆς
2891 1281 3030 1351 πρὸς
3055 1281 3118 1336 τὸ
3149 1280 3310 1353 σῶμα
3342 1282 3612 1352 μυστικῆς
3658 1298 3721 1334 τε
3773 1280 3866 1334 καὶ

2287 1372 2520 1444 ἀληθοῦς
2550 1372 2798 1436 ένώσεως
2835 1371 2929 1427 τὸν
2951 1372 3218 1438 ζωοποιδν
3248 1372 3343 1427 τοῦ
3383 1370 3520 1427 Θεοῦ
3550 1373 3748 1440 Λόγον,
3775 1371 3866 1425 καὶ

2286 1465 2494 1530 διιστὰς
2531 1464 2862 1535 όλοτρόπως,
2914 1463 3033 1528 πῶς
3075 1464 3145 1518 ἂν
3189 1463 3323 1518 αὐτὸ
3370 1463 3743 1529 καταδείξειας
3786 1463 3866 1516 ἔτι

2289 1558 2552 1622 ζωοποιόν
2577 1576 2591 1624 ;
2619 1557 2716 1620 Τίς
2740 1557 2796 1610 δὲ
2823 1552 2900 1628 ἦν
2920 1558 2948 1610 6
2977 1555 3173 1625 λέγων,
3218 1576 3234 1607 t
3269 1557 3326 1610 ὐ
3353 1555 3582 1628 τρώγων
3624 1573 3730 1626 μου
3769 1556 3868 1626 τὴν

2290 1650 2488 1720 σάρκα,
2522 1650 2615 1703 καὶ
2647 1648 2815 1704 πίνων
2843 1665 2946 1718 μου
2979 1647 3041 1701 τὸ
3067 1643 3230 1718 αἷμα,
3269 1649 3327 1701 ὲν
3353 1647 3479 1718 ἐμοὶ
3506 1647 3678 1716 μένει,
3711 1645 3868 1714 κάγὼ

2289 1743 2347 1794 ὲν
2374 1741 2524 1811 αὐτῷ
2546 1758 2561 1806 ;
2593 1760 2611 1792 t
2646 1743 2697 1795 εί
2721 1740 2821 1811 μὲν
2846 1735 2940 1795 οὖν
2964 1740 3252 1811 ἄνθρωπός
3274 1756 3360 1803 τις
3391 1739 3594 1805 ίδικῶς,
3625 1739 3722 1792 καὶ
3744 1737 3867 1808 οὐχὶ

608 1839 788 1883 etnon
827 1831 1006 1899 potius
1040 1831 1214 1900 ipsqu
1245 1829 1338 1884 Dei
1372 1829 1603 1884 Verbum
1650 1828 1850 1884 factum
1890 1839 1973 1884 est
2012 1830 2186 1884 simile

2294 1834 2353 1904 δὴ
2409 1833 2610 1904 μᾶλλον
2661 1833 2853 1901 γέγονε
2921 1831 3045 1886 καθ’
3090 1832 3238 1902 ἡμᾶς
3287 1831 3316 1884 6
3356 1831 3452 1884 τοῦ
3489 1829 3625 1883 Θεοῦ
3667 1829 3866 1898 Λόγος,

609 1922 784 1986 nobis,
822 1937 909 1978 res
941 1923 1054 1990 ipsa
1087 1938 1205 1992 quae
1228 1921 1455 1993 geritur,
1489 1922 1954 2000 authropophagia
1978 1922 2102 1986 crit,
2135 1933 2186 1976 et

610 2009 814 2065 inutilis
843 2013 1065 2066 omnino
1103 2012 1191 2064 illa
1228 2011 1588 2078 participatio.
1639 2010 1815 2080 Ipsum
1846 2013 1988 2066 enim
2029 2011 2188 2067 Chri-

607 2110 750 2154 stum
773 2101 1038 2156 dicentem
1056 2101 1218 2156 audio
1244 2120 1258 2156 :
1287 2119 1306 2153 t
1331 2100 1472 2157 Caro
1498 2116 1602 2155 non
1628 2102 1847 2169 prodest
1867 2101 2184 2171 quidquam,

610 2193 832 2260 spiritus
850 2201 931 2248 est
969 2192 1060 2261 qui
1085 2191 1392 2248 viviﬁcat‘"
1420 2193 1488 2246 '°.
1529 2210 1548 2242 ι
1589 2191 1746 2258 Quod
1792 2193 1936 2247 enim
1968 2195 2035 2248 ad
2071 2194 2188 2264 ejus

608 2293 855 2338 naturam
902 2285 1130 2348 attinet,
1153 2283 1522 2354 corruptibilis
1567 2283 1786 2355 quidem
1830 2294 1912 2341 est
1941 2300 2068 2341 caro
2091 2324 2109 2352 ,
2137 2295 2190 2340 et

610 2371 757 2429 nullo
788 2375 947 2428 mmlo
975 2374 1268 2430 viviﬁcabit
1302 2375 1462 2438 alios,
1499 2389 1623 2430 cum
1679 2375 2004 2435 intrinsecus
2036 2376 2189 2449 (28)

608 2466 971 2535 corruptionis
1022 2467 1210 2522 morbo
1270 2468 1500 2524 laboret.
1559 2468 1784 2535 Quodsi
1817 2485 2012 2542 corpus
2061 2487 2187 2542 pro-

615 2555 792 2622 prium
832 2571 953 2611 esse
1007 2557 1176 2624 ipsius
1233 2556 1388 2612 Verbi
1427 2559 1754 2629 dicis,quid
1781 2569 2088 2629 portentose
2129 2579 2190 2620 ac

614 2654 818 2704 temere
851 2649 1087 2719 loqueris
1110 2692 1126 2716 ,
1167 2661 1328 2720 atque
1357 2651 1640 2708 contendis
1667 2668 1774 2708 non
1800 2668 1920 2710 esse
1966 2656 2188 2709 missum

613 2740 784 2806 ipsum
837 2757 900 2794 cx
948 2741 1056 2796 Deo
1106 2742 1266 2798 Patre
1304 2741 1576 2811 Verbum,
1609 2747 1703 2801 sed
1739 2747 1887 2801 illum
1923 2747 2188 2804 visibilem

613 2842 672 2883 ut
698 2831 766 2885 ab
793 2847 858 2887 eo
880 2833 1173 2900 diversum,
1202 2850 1295 2892 seu
1330 2850 1548 2890 carnem
1581 2836 1726 2892 illius
1757 2838 1918 2908 ιιο
1943 2840 2191 2908 quamvis

614 2940 778 2978 unutn
814 2924 1084 2979 Christum
1123 2928 1300 2990 divina
1353 2927 1631 2998 Scriptura
1666 2929 1864 2998 ubique
1914 2931 2189 2999 praedicet,

614 3025 684 3083 et,
720 3017 990 3072 hominem
1037 3020 1206 3074 nostri
1258 3020 1487 3076 similem
1551 3020 1750 3077 factum
1787 3037 1915 3078 esse.
1955 3023 2189 3079 Verbum

2288 1926 2724 1998 ἀνθρωποφαγία
2758 1925 2819 1980 τὸ
2840 1925 3141 1997 δρώμενον,
3177 1925 3275 1978 καὶ
3300 1925 3558 1992 ἀνόνητος
3588 1921 3869 1983 παντελῶς

2291 2020 2323 2087 ἡ
2352 2017 2588 2088 μέθεξις.
2622 2017 2798 2071 Αὑτοῦ
2821 2016 2930 2088 γὰρ
2957 2017 3144 2071 ἀκούω
3176 2017 3429 2084 λέγοντος
3466 2014 3562 2068 τοῦ
3587 2012 3864 2085 Χριστοῦ·

2297 2129 2314 2160 ι
2339 2109 2404 2162 Ἡ
2431 2107 2568 2180 σάρξ
2592 2109 2693 2162 οὐκ
2721 2107 2924 2177 ὠφελεῖ
2957 2108 3113 2163 οὐδέν
3134 2125 3146 2138 ·
3176 2107 3238 2162 τὸ
3259 2106 3481 2178 πνεῦμά
3512 2106 3628 2159 ἐστι
3650 2105 3715 2159 τὸ
3735 2105 3870 2170 ζωο-

2292 2200 2548 2255 ποιοῦν.)
2574 2202 2697 2254 ὅσον
2723 2202 2830 2272 γάρ
2851 2196 2986 2272 ἧκεν
3012 2203 3091 2264 εἰς
3125 2200 3264 2256 ἰδίαν
3293 2201 3480 2269 φύσιν,
3516 2197 3737 2268 φθαρτὴ
3770 2195 3871 2265 μὲν

2292 2294 2325 2364 ἡ
2353 2292 2518 2363 σάρξο
2568 2293 2896 2364 ζωοποιήσει
2933 2293 2990 2348 δὲ
3019 2294 3141 2346 κατ’
3169 2293 3363 2346 οὐδένα
3393 2291 3591 2360 τρόπον
3623 2289 3869 2360 ἐτέρους,

2290 2379 2504 2435 οἴκοθεν
2541 2382 2683 2453 αὐτὴ
2718 2380 2949 2438 νοσοῦσα
2985 2381 3084 2454 τὴν
3119 2381 3347 2453 φθοράν.
3381 2381 3444 2434 Εἰ
3483 2381 3540 2434 δὲ
3579 2379 3751 2434 αὐτοῦ
3778 2379 3870 2432 τοῦ

2291 2473 2466 2540 Λόγου
2498 2473 2561 2526 τὸ
2606 2473 2767 2544 σῶμα
2819 2474 2951 2528 ῐδιον
3001 2469 3141 2528 εῖναι
3190 2472 3319 2544 φὴς.
3365 2472 3418 2526 τί
3466 2471 3734 2543 τερατεύῃ
3781 2473 3874 2523 καὶ

2291 2566 2684 2634 εἰκαιομυθεῖς,
2739 2565 2839 2618 οὑκ
2894 2565 3060 2618 αὑτὸν
3110 2564 3450 2619 ἀπεστάλθαι
3494 2564 3585 2617 τὸν
3627 2565 3693 2616 ὲκ
3735 2562 3872 2615 Θεοῦ

2293 2655 2503 2725 Πατρός
2545 2652 2716 2724 Λόγον
2767 2655 3191 2726 διατεινόμενον,
3244 2654 3359 2712 ἀλλ’
3407 2656 3481 2719 ὡς
3530 2654 3718 2724 ἕτερόν
3752 2671 3874 2706 τινα

2293 2747 2422 2816 παρ’
2447 2745 2634 2812 αὐτὸν,
2669 2746 2762 2800 τὸν
2791 2745 3087 2818 ὁρώμενον,
3135 2747 3253 2817 ἦτοι
3297 2747 3397 2817 τὴν
3441 2746 3624 2815 σάρκα
3661 2744 3832 2798 αὑτοῦ
3859 2759 3871 2771 ⁸

2293 2838 2469 2892 καίτοι
2511 2837 2747 2909 Χριστὸν
2792 2837 2888 2892 ἕνα
2941 2842 3039 2910 τῇς
3077 2839 3438 2892 θεοπνεύστου
3491 2839 3715 2910 Γραφῆς
3759 2838 3876 2891 δια-

2294 2929 2506 2998 ϐοώσης
2535 2930 2834 3000 πανταχοῦ,
2870 2931 2965 2984 καὶ
2991 2932 3276 3002 ἄνθρωπον
3297 2931 3419 2985 καθ’
3442 2933 3593 3002 ἡμᾶς
3618 2932 3876 2999 γενέσθαι

2292 3021 2385 3074 τὸν
2415 3020 2608 3089 Λόγον,
2636 3017 2698 3075 εὖ
2739 3021 2885 3089 μάλα
2917 3022 3426 3093 διαϐεϐαιουμένης,
3465 3023 3677 3092 καὶτῆς
3706 3022 3877 3093 ὀρθῆς

617 3122 833 3174 prorsus
859 3107 1126 3174 allirmet,
1156 3123 1220 3164 ac
1265 3120 1423 3166 recta:
1465 3112 1586 3165 lidei
1631 3113 1849 3168 traditio
1874 3114 1957 3169 his
1982 3115 2183 3171 ﬁnibus

2294 3112 2533 3175 πίστεως
2558 3111 2657 3182 τὴν
2685 3114 2985 3182 παράδοσιν
3007 3114 3340 3184 ὁριζομένης
3363 3115 3422 3168 ὲν
3452 3114 3697 3178 τούτοις;
3736 3113 3878 3166 Ἀλλ’

613 3198 954 3259 contineatur
982 3199 1006 3252 ἲ
1041 3199 1144 3256 Sed
1178 3201 1341 3256 nimia
1365 3202 1651 3256 admodum
1688 3203 1951 3274 religione
1979 3219 2194 3274 permo-

615 3300 701 3345 tus
752 3290 1052 3356 erubescit,
1099 3303 1160 3345 ut
1205 3293 1499 3348 verisimile
1549 3303 1657 3359 cst,
1686 3294 1751 3350 de
1805 3298 2193 3352 exinanitionis

615 3395 896 3448 mensura,
931 3394 986 3437 et
1017 3383 1124 3438 Deo
1173 3394 1227 3439 et
1278 3382 1423 3439 Patri
1475 3395 1802 3441 coaeternnm
1867 3385 2099 3454 Filium,
2139 3388 2192 3443 in

614 3471 802 3527 eadem
823 3487 945 3527 emn
969 3472 1226 3530 Genitore
1245 3473 1414 3535 forma
1441 3485 1497 3531 et
1526 3479 1768 3533 omnium
1801 3493 1982 3535 rerum
2011 3497 2193 3551 acqua-

613 3563 793 3631 litate,
823 3565 1115 3620 demissum
1153 3568 1219 3621 ad
1250 3565 1607 3623 humilitatem
1648 3570 1830 3624 videre
1874 3559 2000 3626 non.
2033 3575 2193 3628 susti-

614 3663 739 3721 net;
777 3665 995 3709 accusat
1040 3664 1220 3710 autem
1273 3656 1768 3726 dispensationem,
1843 3672 1898 3716 ct
1953 3663 2192 3718 divinum

616 3743 844 3799 fortasse
907 3744 1224 3807 consilium,
1254 3755 1417 3815 atque
1469 3749 1852 3816 cogitationem
1903 3752 2193 3821 reprehen-

614 3847 766 3887 sione
795 3847 987 3888 vacare
1022 3849 1125 3888 non
1158 3835 1380 3903 patitur.
1430 3837 1662 3896 Simulat
1699 3841 1840 3896 enim
1870 3844 1977 3899 vim
2005 3845 2192 3900 verbo-

612 3939 732 3980 rutn
798 3925 997 3982 Christi
1059 3941 1117 3980 se
1177 3929 1499 3996 exquirere,
1555 3948 1619 3986 ac
1675 3933 1847 3989 veluti.
1909 3935 2190 3991 ruminans

585 4014 1032 4082 ~profunditatem
1085 4021 1517 4086 sententiarum,
1557 4022 1752 4079 deinde
1797 4025 1940 4094 quod
1982 4042 2011 4080 a
2040 4028 2194 4085 nobis

614 4107 811 4164 dicitur-
849 4123 915 4163 eo
943 4110 1244 4177 perducens
1269 4152 1284 4178 ,
1315 4112 1459 4170 sicut
1499 4113 1612 4182 ipse
1662 4125 1848 4185 putat,
1884 4120 2193 4177 utabsurde

613 4205 667 4249 et
725 4199 972 4268 imperite
1007 4202 1212 4257 dictum
1245 4204 1511 4261 videatur.
1549 4224 1569 4259 t
1611 4205 1938 4276 Videamus,
1986 4209 2187 4280 inquit,

615 4288 861 4356 quisnam
896 4302 1091 4357 praeter
1143 4297 1466 4351 sententiam
1507 4297 1938 4368 interpretetur:
1981 4319 2000 4353 ι
2040 4300 2192 4358 Sicut

624 4400 640 4430 ι
672 4381 815 4435 misit
841 4397 925 4436 me
957 4384 1143 4438 vivens
1177 4385 1370 4452 Pater;
1405 4403 1588 4442 suam
1612 4390 1861 4446 similiter
1891 4399 2053 4462 atque
2080 4394 2190 4460 ille,

2295 3207 2360 3259 ὲκ
2393 3205 2595 3276 πολλῆς
2620 3207 2762 3275 ἄγαν
2793 3207 3081 3271 εὐλαϐείας
3108 3206 3432 3278 ὲπερυθριᾷ,
3453 3206 3595 3260 κατὰ
3621 3207 3682 3260 τὸ
3706 3206 3878 3270 εἰκὸς,

2295 3299 2408 3360 τοῖς
2434 3298 2536 3366 τῆς
2563 3300 2848 3362 κενώσεως
2880 3300 3124 3370 μέτροις,
3157 3300 3251 3352 καὶ
3274 3299 3375 3352 οὐκ
3409 3299 3662 3370 ἀνέχεται
3684 3299 3779 3352 τὸν
3804 3300 3882 3369 τῷ

2295 3388 2415 3460 Θεῷ
2448 3391 2543 3444 καὶ
2583 3391 2759 3462 Πατρὶ
2808 3391 3081 3446 συναΐδιον
3118 3392 3269 3457 Υἱὸν,
3318 3392 3409 3446 τὸν
3456 3393 3740 3465 ὲν-μορφῇ
3787 3395 3881 3449 καὶ

2299 3481 2503 3551 ἰσότητι
2541 3484 2607 3552 τῇ
2651 3483 2795 3536 κατὰ
2833 3485 2942 3538 πᾶν
2988 3484 3169 3540 ὁτιοῦν
3204 3484 3282 3554 τῷ
3334 3488 3712 3557 γεγεννηκότι,
3747 3490 3882 3542 καθε-

2298 3573 2522 3642 ιγμένον
2547 3574 2685 3628 ίδείν.
2708 3577 2788 3638 εἰς
2817 3579 3147 3630 ταπείνωσιν
3172 3590 3183 3602 '
3227 3577 3498 3645 γράφεται
3521 3580 3578 3632 δὲ
3603 3581 3701 3651 τὴν
3737 3583 3884 3634 οἰκο-

2296 3662 2510 3732 νομίαν,
2559 3665 2651 3716 καὶ
2697 3664 2797 3734 τὴν
2845 3664 2997 3718 θείαν
3059 3665 3199 3735 τάχα
3249 3682 3351 3718 που
3413 3665 3610 3738 βουλήν
3661 3685 3720 3720 τε
3790 3674 3882 3722 καὶ

2299 3755 2501 3825 σκῆψιν
2527 3754 2639 3826 (9.9)
2666 3757 3057 3812 ἀκαταιτίατον
3076 3758 3287 3829 οὐκεὲᾷ.
3307 3759 3616 3828 Σκήπτεται
3643 3759 3744 3827 μὲν
3771 3761 3884 3832 γάρ

2297 3846 2771 3923 πολυπραγμονεῖν
2802 3847 2914 3902 τῶν
2959 3850 3269 3920 εἰρημένων
3311 3849 3470 3922 παρὰ
3503 3850 3741 3920 Χριστοῦ
3784 3852 3883 3923 τὴν

2295 3918 2541 4007 δύναμιν,
2592 3940 2684 3992 καὶ
2729 3933 2842 3992 οἷον
2881 3941 3353 4011 ἀναμασσώμενος
3396 3941 3458 3994 τὸ
3504 3942 3617 3995 τῶν
3656 3943 3882 3996 ἐννοιῶν

2297 4028 2457 4097 βάθος
2481 4047 2493 4060 ·
2533 4024 2653 4085 εἶτα
2698 4031 3008 4101 περιιστάς,
3047 4032 3123 4096 ῶς
3163 4033 3355 4098 οἴεται,
3404 4032 3495 4087 τὸν
3548 4036 3679 4104 παρ’
3721 4034 3884 4105 ἡμῶν

2295 4120 2472 4188 λόγον,
2518 4123 2599 4185 είς
2645 4121 2705 4176 τὸ
2751 4123 2998 4188 ἐκτόπως
3041 4141 3101 4177 τε
3129 4124 3224 4180 καὶ
3270 4125 3498 4196 ἀμαθῶς
3548 4126 3883 4196 πεποιῆσθαι

2295 4213 2794 4284 δοκεῖνΑἿὸωμεν,
2823 4217 2978 4286 φησὶ,
3009 4217 3090 4279 τίς
3122 4218 3151 4268 6
3176 4217 3657 4288 παρερμηνεύων·ι
3677 4218 3882 4282 Καθὼς

2301 4325 2317 4356 t
2355 4305 2645 4359 ἀπέστειλέ
2675 4322 2741 4376 με
2774 4307 2802 4359 6
2832 4306 2942 4370 ζῶν
2975 4307 3164 4378 Πατήρ
3188 4322 3236 4359 ο)
3275 4309 3396 4361 κατ’
3429 4308 3689 4375 ὲκεῖνον,‹
3723 4308 3886 4378 κάγὼ

2301 4415 2318 4446 ι
2356 4395 2451 4462 ζῶ,
2483 4415 2500 4448 ι
2525 4395 2551 4446 ὁ
2578 4397 2707 4460 Θεὸς
2739 4394 2972 4464 Λόγος,‹
2988 4395 3075 4450 διὰ
3091 4396 3186 4448 τὸν
3208 4396 3450 4466 Πατέρα·
3470 4398 3563 4452 καὶ
3597 4398 3626 4450 6
3647 4397 3884 4468 τρώγων

622 4489 638 4518 ι
671 4473 923 4537 egovivo
960 4491 978 4524 ι
1033 4474 1174 4530 Dens
1219 4473 1459 4532 Verbum.
1497 4497 1516 4529 ι
1555 4487 1780 4550 propter
1819 4481 2080 4539 Patrem-.z
2138 4496 2189 4541 et

2309 4504 2324 4536 t
2356 4502 2443 4555 με,
2471 4485 2723 4550 κύκεῖνος
2747 4486 3026 4555 ζήσεται.)
3056 4485 3191 4541 Τίνα
3217 4485 3606 4559 ὲσθίομεν,τὴν
3623 4487 3881 4558 θεότητα,

625 4582 639 4611 ι
671 4562 1070 4630 quiniantlueat
1108 4581 1213 4632 tuo.
1246 4578 1302 4623 et
1326 4569 1414 4624 illo
1438 4572 1613 4640 vivet;
1657 4591 1674 4624 ι
1708 4588 1867 4643 quem
1896 4578 2189 4638 manduca.-

619 4668 759 4718 mns,
781 4653 1514 4722 divirtitatem,.an.carnem?
1537 4681 1555 4714 ι
1592 4662 1728 4718 Num
1760 4665 1974 4720 tandem
1998 4671 2187 4734 sentis,

619 4746 909 4810 quo/mntis
933 4756 1020 4802 tua
1046 4747 1120 4802 sit
1159 4750 1276 4804 loco
1313 4752 1337 4805 ?
1363 4768 1488 4807 nam
1519 4768 1575 4810 se
1599 4755 1819 4812 missum
1840 4772 1976 4813 esse
2007 4760 2191 4816 dicens

621 4836 795 4902 ipsum
825 4835 918 4892 Dei
957 4837 1212 4906 Verbum,
1248 4842 1376 4897 LEL
1398 4846 1491 4913 qui
1514 4847 1809 4913 mandth
1858 4866 1963 4917 me,
1992 4851 2187 4922 inquitt

618 4936 686 4977 et.
714 4924 803 4983 ille
834 4928 993 4983 vivet.
1051 4947 1068 4980 ι
1101 4929 1487 4990 Manducautus
1527 4945 1706 4994 autem
1752 4956 1883 5007 nos,
1913 4957 2017 4998 non
2054 4944 2193 5012 quod

694 5079 740 5112 "
780 5082 826 5113 ⁹⁰
865 5082 1019 5138 Joan.
1055 5101 1128 5151 γι,
1165 5086 1252 5140 64.

2301 4575 2449 4646 ἢτὴν
2481 4577 2692 4648 σάρκα;
2726 4596 2744 4630 t
2783 4573 2909 4649 Ἆρ’
2943 4573 3036 4633 οῦν
3062 4577 3295 4649 αἰσθάνῃ
3318 4578 3503 4656 λοιπὸν
3519 4581 3645 4633 ὅποι
3675 4596 3810 4634 ποτε
3835 4577 3889 4634 ci

2300 4667 2513 4736 φρενῶν
2541 4688 2554 4735 ;
2602 4669 2945 4723 ἀπεστάλθαι
2981 4669 3090 4740 γὰρ
3135 4669 3308 4738 λέγων
3349 4670 3539 4724 ἑαυτὸν
3563 4671 3592 4723 ὁ
3620 4669 3712 4723 τοῦ
3737 4671 3881 4725 Θεοῦ

2299 4759 2496 4827 Λόγος,
2533 4779 2552 4810 ι
2576 4761 2685 4813 Καὶ
2711 4763 2739 4814 6
2763 4761 2992 4831 τρώγων
3019 4778 3107 4830 με,
3126 4759 3283 4829 φησι,
3313 4760 3561 4824 κάκεῖνος
3591 4761 3876 4832 ζήσεται.»

2312 4851 2596 4922 Ἑσοίομεν
2645 4853 2702 4906 δὲ
2741 4855 2922 4923 ἡμεῖς,
2974 4853 3037 4905 οὐ
3088 4853 3187 4922 τὴν
3225 4852 3455 4924 θεότητα
3503 4851 3880 4916 δαπανῶντες,

2309 4945 2485 5014 ἄπαγε
2539 4947 2634 5015 τῆς
2686 4944 3026 5010 δυσϐουλίας,
3062 4943 3195 4997 ἀλλὰ
3229 4943 3328 5015 τὴν
3374 4944 3506 4997 ἰδίαν
3558 4943 3651 4997 τοῦ
3698 4943 3881 5012 Λόγου

1880 5222 2036 5278 ΛΝΤ.
2079 5224 2365 5280 AGELLII-
2392 5227 2628 5282 NO'l'x’E.

698 5381 812 5451 (9.8)
868 5381 1195 5455 Ιηιιίηδεεμδ
1266 5388 1447 5454 putavi
1510 5390 1790 5441 commode
1849 5389 1985 5441 verti
2061 5389 2201 5455 quod

625 5451 815 5505 (lt-accc
867 5463 971 5516 est,
1011 5451 1392 5523 οῐκοθεν,“‹ιυ‹)
1431 5455 1687 5509 adverbio
1743 5457 1912 5509 utitur
1953 5451 2203 5510 nonnttti-

628 5532 1012 5594 quattt_auctor
1037 5524 1091 5594 in
1141 5524 1240 5594 hac
1287 5526 1699 5592 signiﬁcatione,
1730 5536 1788 5578 ut
1825 5526 1918 5578 ltb.
1957 5540 2031 5589 Iv,
2081 5542 2201 5594 pag.

631 5589 739 5665 98_:
763 5589 974 5665 οἴκοθεν
1004 5589 1097 5646 οῦν
1134 5593 1242 5663 ἄρα
1275 5589 1368 5646 καὶ
1414 5595 1540 5665 παρ’
1575 5595 1739 5665 αρτοῦ
1780 5597 1836 5648 τὸ
1870 5589 2203 5664 πνεῦιιαάὖ-

635 5659 751 5733 τοῦ,
777 5661 1088 5733 intrinsecus
1119 5659 1268 5715 et’ab
1314 5666 1423 5730 ipso
1460 5659 1534 5717 est
1588 5662 1813 5733 Spiritus
1849 5659 2070 5733 ejusfct
2098 5667 2199 5720 θυι

634 5730 734 5783 οὐκ
777 5730 1186 5801 εἰσκξκριμένον
1235 5734 1450 5800 ἔξωθεν,
1487 5735 1599 5789 ἀλλ’
1629 5730 1841 5789 ὀἴκοθεν
1873 5730 1986 5804 ἔχει
2028 5736 2117 5788 καὶ
2147 5737 2204 5801 ἐξ

2305 5388 2469 5468 αὐτοῦ
2496 5392 2556 5444 τὺ
2586 5394 2823 5468 ἐνεργεξν
2848 5392 3104 5468 δύνασθαι
3125 5436 3138 5455 ,
3169 5396 3477 5468 intrinsecus
3501 5405 3548 5448 et
3575 5412 3648 5449 ea:
3677 5413 3733 5452 se
3763 5397 3889 5468 ipso

2307 5460 2458 5530 habet
2502 5471 2554 5514 ut
2593 5460 2798 5526 operari
2830 5474 2877 5516 et
2909 5463 3117 5530 efﬁcere
3142 5465 3322 5530 possit.

2377 5528 2491 5598 (29)
2518 5531 2678 5602 Forte
2708 5531 2918 5600 σκέψιν,
2944 5528 3338 5601 "cogitationem
3379 5545 3530 5602 atque
3577 5538 3882 5591 considera-

2307 5602 2517 5676 tionem,
2549 5611 2606 5676 ut
2637 5601 2772 5676 libro
2800 5607 3045 5676 sequenti
3074 5603 3344 5676 pangQO,
3374 5601 3562 5675 ἐπειδὴ
3585 5605 3642 5658 δὲ
3667 5610 3884 5676 χρηστά

2313 5668 2616 5743 πετλιῂιιῶν
2647 5672 2674 5723 6
2703 5668 3039 5741 Δημιουργὸς
3070 5668 3353 5740 ἐσκέψατο,
3379 5668 3881 5743 ῃοειᾳιὶιιηιᾜέηο-

2309 5741 2383 5792 bis
2418 5741 2501 5795 illc
2527 5741 2781 5796 Conditor
2810 5744 3024 5796 meliora
3051 5743 3294 5811 cogitavit
