4040 6446
158 359 247 412 195

1203 364 1569 423 ADVERSUS
1610 365 2016 427 NESTORIUM
2058 368 2186 427 LIB.
2220 375 2312 431 Π.

3331 386 3433 442 194

158 478 322 548 σάρκα
367 475 654 541 ζωοποιδν
683 479 1111 556 γεγενημένην,
1172 486 1253 541 ὅτι
1314 490 1538 559 γέγονεν
1589 492 1733 546 αὐτοί

1862 494 2032 564 ipsam
2068 496 2400 552 divinitatem
2434 514 2814 558 consumamus
2844 506 2860 573 (
2897 519 3063 574 apage
3096 507 3161 560 ab
3192 507 3291 562 ista
3328 510 3427 563 itii-

154 572 361 633 ζῶντος·
378 571 475 625 διὰ
494 573 593 625 τὸν
626 575 851 645 Πατέρα
876 593 891 606 ·
923 578 1018 631 xui.
1044 579 1142 649 οὐχ
1173 582 1255 633 ὅτι
1287 580 1411 651 [ἷσ.
1441 586 1535 636 καὶ
1566 584 1750 656 οὗτοι]

154 658 244 711 πού
276 677 471 730 φαμεν
498 662 651 717 κατὰ
679 664 902 734 μέθεξιν
943 668 1042 739 τῆν
1080 669 1299 737 ἔξωθεν,
1342 674 1435 726 καὶ
1478 677 1753 747 είσκεκρι-

157 750 325 816 μένως
370 751 785 815 ζωοποιεῖσθαι
836 757 928 811 τὸν
968 758 1142 827 Λόγον
1188 766 1340 834 παρά
1376 766 1470 818 τοῦ
1516 767 1748 837 Πατρός,

152 840 287 912 ζωὴν
319 841 381 895 δὲ
434 844 653 909 μᾶλλον
691 846 834 901 κατά
875 848 1037 918 φύσιν
1078 846 1218 905 εἶναι
1255 853 1745 927 διαϐεϐαιούμεθα·

152 934 479 1003 γεγέννηται
501 937 616 1007 γὰρ
648 938 727 1002 ὡς
761 940 824 992 ὲκ
853 939 999 1011 ζωῆς
1016 942 1111 996 τοῦ
1136 944 1364 1016 Πατρός.
1397 948 1605 1021 Ὄνπερ
1643 951 1758 1022 γὰρ’

148 1023 345 1092 τρόπον
375 1025 443 1077 τὸ
483 1027 585 1079 τοῦ
626 1026 785 1097 ἡλίου
841 1032 1195 1103 πεμπόμενον
1236 1036 1415 1102 σέλας,
1459 1041 1508 1091 εί
1539 1040 1750 1111 λέγοιτο

152 1115 303 1184 τυχὸν
332 1114 607 1190 λαμπρὸν
634 1115 775 1174 εἶναι
801 1122 892 1176 διά
924 1123 1017 1177 τόν
1055 1128 1403 1197 πεπομφότα,
1435 1132 1622 1202 ἤγουν,
1657 1134 1746 1190 τὸν

146 1206 201 1269 ἐξ
235 1201 297 1261 οὗ
330 1209 640 1279 πάρεστιν,
669 1212 733 1264 οὐ
772 1214 915 1267 κατά
948 1216 1167 1285 μέθεξιν
1199 1218 1315 1290 ἔχει
1346 1221 1408 1275 τό
1431 1201 1573 1278 εἷναι
1605 1224 1745 1297 λαμ-

146 1297 294 1389 πρὸν,
330 1299 459 1363 ἀλλ’
497 1297 617 1355 οἷον
644 1305 709 1356 ὲκ
740 1306 979 1376 φυσικῆς
1004 1308 1304 1379 εὐγενείας,
1332 1313 1391 1367 τὸ
1412 1314 1507 1370 τοῦ
1539 1335 1747 1389 πεπομ-

146 1388 317 1456 eam,
385 1392 567 1461 ἤγουν
614 1395 1079 1480 ἀπαστράψαντος
1120 1401 1500 1477 πλεονέκτημα
1551 1388 1740 1480 φορεῖν

144 1482 273 1533 κατά
298 1481 401 1534 τόν
436 1484 579 1549 ἴσον,
607 1479 788 1556 οἶμαι,
820 1489 997 1561 τούτῳ
1019 1491 1221 1564 τρόπον
1245 1511 1304 1548 τε
1330 1498 1425 1549 καὶ
1441 1479 1742 1567 λόγον,ίκάν

141 1575 183 1625 εί
208 1571 358 1642 λέγοι
392 1576 501 1647 ζῇν
536 1578 736 1632 ἑαυτὸν
760 1581 789 1632 ό
817 1581 942 1647 Υἱὸς
965 1583 1060 1639 διὰ
1073 1586 1164 1640 τὸν
1185 1587 1429 1661 Πατέρα,
1458 1595 1741 1667 μαρτυρή-

140 1682 273 1719 σειεν
304 1667 375 1721 ἂν
404 1669 595 1741 ἑαυτῷ
622 1672 723 1745 τὴν
754 1673 817 1726 ἐκ
848 1674 1060 1744 Πατρός
1087 1678 1390 1748 εὐγένειαν,
1425 1682 1518 1736 καὶ
1547 1686 1606 1738 οὐ
1629 1686 1740 1749 τοῖς

137 1758 310 1824 ἄλλοις
369 1761 686 1833 κτίσμασιν
743 1765 967 1838 ἀναμὶξ,
1022 1770 1267 1841 έπακτήν
1306 1790 1367 1827 τε
1414 1776 1507 1830 καὶ
1541 1776 1739 1844 ἔξωθεν

136 1851 271 1921 ἔχειν
301 1853 653 1926 ὁμολογήσει
681 1856 784 1927 τὴν
818 1833 985 1931 ζωήν.
1024 1833 1232 1934 Ὥσπερ
1261 1864 1319 1918 δὲ
1361 1867 1421 1920 τὸ
1447 1833 1611 1923 αὐτοῦ
1640 1870 1734 1924 τοῦ
1773 1833 1810 1887 Β

135 1943 304 2011 Λόγου
360 1945 537 2015 σῶμα
583 1948 850 2011 ζωοποιόν
901 1953 1065 2015 ἐστιν,
1113 1954 1246 2007 ἴδιον
1291 1958 1457 2012 αὐτοῦ
1504 1977 1736 2034 ποιησα-

138 2034 292 2099 μένου
327 2036 459 2090 καθ’
482 2038 687 2093 ἕνωσιν
715 2039 895 2113 ἀληθῆ
921 2043 1020 2114 τὴν
1048 2044 1189 2118 ὑπὲρ
1212 2046 1336 2103 νοῦν
1360 2067 1419 2103 τε
1444 2052 1537 2105 καὶ
1559 2053 1732 2124 λόγον’

133 2124 267 2179 οὕτω
320 2129 425 2180 καὶ
474 2132 642 2199 ἡμεῖς
675 2132 725 2184 ol
765 2133 828 2185 ἐν
872 2133 1090 2202 μεθέξει
1119 2141 1415 2211 γενοίμεθα
1448 2144 1546 2214 τῆς
1574 2146 1735 2215 ἁγίας

138 2220 358 2286 ςαρκδς,
407 2220 512 2273 καὶ
547 2220 786 2291 αἵματος
819 2224 1011 2292 αὐτοῦ,
1060 2230 1238 2304 πάντη
1282 2250 1341 2286 τε
1378 2237 1472 2288 καὶ
1520 2237 1736 2302 πάντως

133 2308 582 2382 ζωοποιούμεθα,
615 2316 872 2385 μένοντος
913 2319 970 2371 ὲν
1013 2319 1147 2391 ἡμίν
1194 2323 1288 2376 τοῦ
1329 2325 1501 2394 Λόγου
1540 2328 1737 2393 θεῖκῶς

137 2401 247 2468 μὲν,
288 2404 387 2457 διὰ
423 2406 525 2459 τοῦ
555 2408 715 2477 ἀγίου
755 2408 1094 2483 Πνεύματος,
1142 2416 1502 2486 ἀνθρωπίνως
1541 2420 1597 2475 δὲ
1643 2419 1733 2489 αὖ,

134 2491 213 2544 διὰ
237 2494 342 2562 τῆς
368 2496 549 2562 ἁγίας
576 2499 783 2568 σαρκὸς
812 2504 907 2554 καὶ
943 2504 1034 2557 τοῦ
1065 2505 1246 2575 τιμίου
1288 2510 1543 2579 αἵματος.
1587 2514 1732 2568 Ἐπιο

133 2586 424 2653 ψηφιεῖται
452 2588 513 2641 δὲ
553 2583 636 2653 οἷς
662 2588 801 2662 ἔφην
828 2589 889 2645 τὸ
916 2594 1115 2667 ἀληθὲς
1133 2598 1162 2649 ό
1187 2598 1477 2667 ἱερώτατος
1503 2603 1733 2671 Παῦλος,

135 2676 222 2729 ὡδί
269 2678 589 2749 γεγραφὼς
639 2684 753 2745 τοῖς
792 2682 853 2735 ὲν
901 2684 1155 2757 Κορίνθῳ
1202 2695 1625 2749 πεπιστευκόσιν
1658 2699 1736 2762 είς

136 2767 216 2860 τόν
249 2770 472 2841 Κύριον
509 2772 673 2841 ἡμῶν
731 2771 943 2846 Ἰησοῦν
979 2776 1071 2831 τὸν
1100 2779 1337 2851 Χριστόν
1360 2799 1373 2811 ·
1408 2803 1427 2836 ι
1468 2785 1556 2851 Ὠς
1602 2806 1734 2860 φρο-

135 2858 310 2954 νίμοις
334 2862 518 2931 λέγω,
552 2865 779 2935 κρίνατε
808 2862 968 2941 ὑμεῖς
992 2870 1020 2924 ὅ
1046 2889 1189 2943 φημι
1210 2890 1223 2904 ·
1251 2874 1312 2927 τὸ
1347 2879 1606 2948 ποτήριον
1638 2858 1735 2954 τῆς

135 2951 392 3044 εὐλογίας
418 2954 449 3005 ὃ
475 2954 839 3027 εὐλογοῦμεν,
873 2960 996 3031 οὐχὶ
1026 2965 1283 3017 κοινωνία
1311 2968 1424 3021 ἐστὶ
1448 2970 1541 3023 τοῦ
1572 2951 1736 3044 αἵμα-

134 3055 215 3101 τος
236 3040 337 3094 τοῦ
368 3042 658 3113 Χριστοῦ;
693 3048 786 3101 τὸν
814 3049 979 3120 ἄρτον
1004 3050 1062 3106 ὃν
1088 3052 1326 3124 κλῶμεν,
1346 3055 1467 3128 οὐχὶ
1484 3040 1736 3117 κοινωνία

131 3130 213 3233 τοῦ
246 3130 519 3204 σώματος
546 3133 643 3188 τοῦ
672 3135 915 3208 Χριστοῦ
957 3140 1135 3209 ὲστιν;
1171 3143 1253 3197 ὃτι
1287 3141 1369 3210 εἷς
1406 3147 1591 3218 ἄρτος,
1638 3154 1732 3208 καὶ
1758 3176 1802 3233 C

128 3221 179 3274 ἰν
218 3225 386 3295 σῶμα
437 3227 491 3279 οἱ
544 3227 736 3282 πολλοί
775 3228 973 3300 ἐσμεν·
1016 3235 1065 3288 οἱ
1112 3236 1222 3307 γὰρ
1266 3239 1466 3304 πάντες
1516 3244 1580 3295 ὲκ
1636 3242 1729 3298 τοῦ

114 3314 238 3378 *évb;
283 3316 469 3389 ἄρτου
514 3320 846 3391 μετέχομεν.
880 3341 900 3376 ι
957 3324 1274 3398 Πνεύματος
1326 3330 1428 3400 μὲν
1483 3332 1592 3405 γὰρ
1634 3336 1728 3389 τοῦ

128 3409 274 3500 ariae
311 3413 773 3500 μετεσχηκότες,
832 3416 983 3486 αὐτῷ
1020 3435 1079 3472 τε
1125 3416 1203 3491 τῷ
1252 3423 1468 3477 πάντων
1512 3423 1727 3500 Σωτῆρι

126 3498 359 3570 Χριστῷ,
398 3502 501 3554 καὶ
547 3502 805 3575 ἀλλήλοις
832 3507 1099 3578 ὲνούμεθα
1124 3529 1139 3544 υ
1176 3513 1455 3585 σύσσωμοι
1485 3515 1541 3572 δὲ
1589 3498 1726 3577 κατὰ

126 3590 305 3646 τοῦτόν
344 3594 530 3662 ἐσμεν
555 3592 650 3647 τὸν
683 3596 909 3666 τρόπον,
961 3615 981 3650 t
1008 3600 1091 3655 ὅτι
1134 3596 1217 3666 εἷς
1248 3605 1432 3675 ἄρτος,
1467 3609 1526 3661 ἒν
1565 3613 1725 3682 σῶμα

125 3682 166 3732 οἱ
198 3683 391 3737 πολλοί
434 3686 643 3755 ἐσμεν·
687 3688 739 3739 οί
783 3690 893 3760 γάρ
932 3691 1134 3757 πάντες
1166 3694 1231 3748 ἐκ
1276 3695 1371 3750 τοῦ
1414 3699 1531 3763 ἐνὸς
1559 3702 1724 3771 ἄρτου

127 3776 453 3845 μετέχομεν.
470 3794 490 3827 ι
534 3775 728 3831 Συνδεῖ
754 3779 866 3851 γὰρ
894 3780 1044 3851 ἡμᾶς
1068 3785 1147 3847 είς
1166 3785 1394 3858 ἑνότητα
1421 3789 1482 3842 τὸ
1502 3790 1560 3844 ὲν
1594 3791 1724 3863 ἡμῖν

126 3865 272 3934 σῶμα
302 3867 588 3938 Χριστοῦ,
629 3870 963 3941 μεμέρισται
1008 3873 1064 3927 δὲ
1102 3878 1226 3931 κατ’
1269 3879 1459 3934 οὐδένα
1499 3883 1718 3953 τρόπον.

128 3960 237 4011 Ὀτι
263 3960 321 4014 δὲ
341 3961 456 4047 ,διὰ
489 3960 591 4015 τοῦ
636 3963 892 4033 σώματος
914 3966 1010 4020 τοῦ
1037 3969 1279 4041 Χριστοῦ
1315 3972 1453 4043 πρὸς
1495 3973 1721 4048 ἑνότητα

122 4049 210 4119 τὴν
245 4051 389 4121 πρὸς
428 4052 622 4116 αὐτὸν,
656 4053 752 4105 καὶ
778 4054 915 4123 πρός
950 4071 1012 4122 γε
1040 4060 1141 4128 τὴν
1169 4060 1248 4122 είς
1278 4059 1542 4133 ἀλλήλους
1590 4082 1713 4118 συν-

124 4140 419 4209 ενήγμεϐα,
449 4138 794 4194 πιστώσεται
830 4146 1060 4213 γράφων
1084 4148 1112 4199 ό
1153 4150 1424 4221 μακάριος
1464 4154 1675 4220 Παῦλος
1702 4173 1714 4186 ·

127 4232 357 4287 ιΤούτου
392 4227 569 4305 χάριν
597 4231 715 4302 ἐγὼ
730 4234 946 4300 Παῦλος
965 4238 994 4290 ό
1019 4237 1241 4310 δέσμιος
1281 4244 1456 4315 Ἰησοῦ
1478 4246 1717 4317 Χριστοῦ

124 4322 248 4394 ὑπὲρ
276 4324 447 4395 ὑμῶν
486 4324 605 4377 τῶν
632 4323 826 4390 ἐθνῶν,
873 4326 928 4378 ετ
951 4344 1014 4396 γε
1045 4330 1321 4398 ἠκούσατε
1366 4334 1467 4407 τὴν
1508 4338 1716 4393 οἰκονο-

123 4414 238 4478 μίαν
278 4416 383 4486 τῆς
448 4416 685 4486 χάριτος
724 4416 820 4471 τοῦ
866 4418 1001 4473 Θεοῦ
1050 4421 1151 4493 τῆς
1192 4423 1442 4497 δοθείσης
1494 4446 1584 4499 μοι
1637 4432 1717 4495 είς

1857 587 2141 657 pietate),
2174 591 2268 644 sed
2316 590 2459 645 illam
2505 593 2784 662 propriam
2836 596 2995 650 Verbi
3040 612 3260 653 carnem
3318 600 3431 669 jam

1857 677 2121 732 vivilicam
2160 678 2405 735 ell‘ectam
2433 724 2445 746 ,
2475 684 2600 751 quia
2633 684 2749 752 ejus
2778 686 2914 740 facta
2946 696 3045 752 est,
3082 691 3169 757 qui
3214 702 3432 757 prapter

1857 767 2067 822 Patrem
2126 772 2255 824 vivit
2301 784 2403 826 :et
2458 784 2607 829 certe
2660 791 2763 829 non
2834 780 3062 834 dicimus
3123 783 3428 835 extrinseca

1855 860 2259 927 participatione
2292 876 2348 917 et
2382 865 2672 920 adventitia
2711 869 2971 924 viviﬁcari
3002 870 3235 925 Verbum
3271 886 3298 926 a
3324 873 3428 925 Pa-

1853 955 1957 1011 tre,
1980 952 2072 1002 sed
2110 950 2271 1004 vitam
2313 954 2488 1020 potius
2519 970 2613 1021 per
2640 966 2886 1011 naturam
2915 973 3035 1015 esse
3058 960 3386 1016 allii-mannis
3416 984 3428 1026 ;

1851 1039 2061 1107 genitus
2104 1050 2184 1095 est
2239 1044 2381 1097 enim
2428 1046 2494 1099 de
2542 1046 2701 1102 Patre
2758 1054 3017 1118 tanquam
3058 1050 3125 1105 de
3172 1053 3299 1107 vita.
3362 1050 3431 1108 Ut

1850 1131 1991 1183 enim
2027 1131 2201 1202 fulgor
2232 1149 2261 1187 a
2296 1134 2407 1189 sole
2442 1137 2671 1200 missus.
2716 1138 2758 1193 si
2782 1139 2926 1193 forte
2955 1139 3269 1208 splendidus
3309 1156 3431 1197 esse

1850 1223 2060 1276 dicatur
2087 1236 2308 1294 propter
2341 1225 2663 1291 mittentem,
2688 1230 2773 1284 vel
2814 1241 3037 1299 prepter
3067 1246 3190 1286 eum
3224 1245 3287 1287 ex
3319 1247 3428 1302 quo

1849 1314 2125 1379 provenit,
2158 1328 2262 1368 nou
2295 1329 2359 1369 ex
2388 1318 2797 1386 participatione
2848 1321 3007 1374 habet
3036 1331 3090 1375 ut
3116 1321 3422 1389 splendeat,

1847 1406 1940 1459 sed
1964 1407 2358 1475 quodammodo
2390 1423 2453 1461 ex
2483 1410 2711 1465 naturali
2755 1412 3036 1467 nobilitate
3087 1413 3234 1467 illam
3262 1414 3425 1467 emit-

1848 1499 2007 1552 tentis
2051 1513 2146 1553 seu
2181 1498 2503 1568 fulgurantis
2546 1503 2918 1558 excellentiam
2952 1505 3160 1570 defert;
3202 1505 3427 1569 eodem,

1844 1591 2057 1658 opinor,
2089 1591 2271 1656 modo,
2305 1590 2606 1663 eademque
2652 1595 2859 1649 ratione
2899 1597 3112 1651 etiamsi
3159 1598 3340 1652 vivere
3369 1611 3429 1652 se

1846 1683 1988 1736 dicat
2042 1682 2210 1738 Filius
2251 1696 2471 1754 propter
2523 1684 2777 1751 Patrem,
2815 1687 2915 1742 sibi
2951 1687 3096 1741 illam
3144 1704 3210 1742 ex
3263 1688 3426 1743 Patre

1846 1772 2175 1827 nobilitatem
2210 1789 2306 1828 suo
2335 1776 2643 1831 testimonio
2668 1778 2903 1831 vindieat
2929 1819 2943 1842 ,
2966 1794 3070 1833 non
3105 1780 3263 1849 vulgo
3290 1779 3422 1833 alia-

1843 1880 1963 1917 runi
1997 1875 2367 1919 creaturarum
2411 1869 2674 1923 admistus
2714 1869 2975 1923 invectam
3006 1881 3059 1925 et
3084 1874 3422 1927 extrinsecus

1840 1964 2045 2025 partam
2070 1956 2268 2011 habere
2290 1972 2348 2011 se
2372 1958 2532 2011 vitam
2558 1959 2772 2013 fatetur.
2801 1961 3264 2027 Quemadmodum
3288 1977 3417 2015 vero

1840 2046 2107 2101 vivificum
2137 2057 2217 2103 est
2238 2047 2363 2103 illud
2394 2049 2560 2117 ipsius
2584 2050 2740 2105 Verbi
2759 2066 2974 2119 corpus,
3001 2053 3143 2121 quod
3163 2053 3262 2107 sibi
3288 2068 3419 2122 pro-

1839 2139 2015 2208 prium
2046 2138 2175 2195 fecit
2210 2155 2305 2209 per
2346 2153 2525 2194 veram
2566 2142 2814 2196 unionem
2838 2184 2851 2207 ,
2873 2158 2990 2210 quae
3011 2153 3065 2196 et
3107 2143 3413 2211 intelligen-

1840 2230 1967 2283 tiam
1986 2241 2037 2284 et
2064 2245 2366 2286 sermonem
2394 2241 2646 2300 superat,
2680 2232 2758 2287 sic
2777 2248 2875 2287 nos
2898 2240 3112 2303 quoque
3148 2235 3239 2304 qui
3270 2235 3413 2290 illius

1838 2329 2037 2376 sancta:
2077 2322 2259 2377 Carnis
2296 2332 2351 2377 et
2386 2324 2663 2390 sanguinis
2692 2324 2809 2393 ejus
2843 2326 3252 2394 participatione
3289 2324 3421 2379 [rui-

1840 2429 1981 2476 mur,
2014 2416 2233 2468 omnino
2259 2415 2619 2479 viviﬁcamur,
2642 2430 2763 2469 eum
2790 2416 2840 2469 in
2870 2417 3023 2472 nobis
3048 2429 3261 2472 maneat
3287 2415 3417 2472 νοτ.

1838 2505 1965 2561 bum
1989 2521 2090 2559 non
2116 2506 2288 2561 solum
2318 2506 2501 2560 divino
2530 2506 2689 2560 modo
2722 2519 2817 2574 per
2840 2517 3088 2561 sanctum
3133 2508 3417 2577 Spiritum,

1843 2599 1997 2667 ιιι
2023 2611 2207 2650 verum
2244 2597 2407 2651 etiam
2441 2598 2696 2663 humano,
2730 2612 2825 2667 per
2842 2609 3085 2653 sanetam
3117 2598 3262 2653 illam
3296 2614 3413 2653 car-

1841 2698 1963 2744 nem
2022 2690 2431 2758 prctiosumque
2454 2689 2937 2760 ejus'sanguinem.
2967 2691 3091 2746 Haec
3127 2706 3247 2761 qua:
3284 2692 3417 2754 dixi,

1838 2789 1963 2834 vera
1992 2794 2113 2835 esse
2151 2780 2340 2836 beatus
2372 2779 2564 2835 Paulus
2602 2791 2701 2837 suo
2722 2780 2979 2853 sum-agio
3007 2784 3316 2847 conﬁrmat,
3341 2783 3420 2835 sic

1839 2875 2082 2930 scribens
2112 2876 2177 2928 ad
2197 2888 2290 2929 eos
2322 2876 2411 2943 qui
2452 2875 2698 2931 Corinthi
2746 2875 2799 2927 in
2855 2874 3139 2928 Daminum
3175 2876 3416 2928 nostrum

1837 2964 2020 3020 Iesum
2044 2965 2320 3019 Christum
2349 2966 2699 3021 confidebant
2736 2978 2750 3019 :
2787 2984 2804 3018 ι
2843 2965 3122 3035 Tanquam
3184 2966 3419 3033 pruden-

1839 3055 1983 3108 tibus
2010 3055 2151 3120 dlco,
2186 3055 2425 3123 judicate
2450 3066 2549 3110 vos
2590 3056 2733 3125 quod
2765 3055 2927 3110 dico?
2978 3055 3131 3109 Calix
3193 3055 3418 3110 benedi-

1839 3146 2037 3203 ctionis
2059 3147 2147 3201 cui
2175 3146 2567 3210 beneilieimus,
2605 3160 2783 3201 nonne
2836 3146 3256 3200 communicatio
3285 3161 3411 3200 san.

1835 3239 2009 3309 guinis
2057 3238 2257 3294 Christi
2311 3240 2433 3294 est?
2483 3239 2635 3307 panis
2659 3253 2817 3307 quem
2870 3237 3190 3307 frangimus,
3244 3254 3420 3293 nonne

1834 3331 2264 3385 communicatio
2292 3331 2539 3400 corporis
2580 3329 2784 3385 Christi
2817 3329 3226 3396 ‘est?Quon‘iam
3280 3346 3419 3383 unus

1832 3420 1988 3492 panis
2016 3430 2067 3477 et
2098 3432 2261 3477 unum
2286 3431 2483 3491 corpus
2519 3419 2669 3476 multi
2704 3432 2915 3483 sumus,
2953 3436 3143 3475 omnes
3169 3422 3312 3475 enim
3351 3423 3415 3473 de

1832 3528 1938 3570 uno
1964 3526 2101 3585 pane
2120 3514 2505 3585 participainus
2533 3514 2602 3567 ".
2640 3533 2657 3565 ι
2704 3513 3002 3583 Participes
3027 3527 3258 3581 namque
3287 3529 3413 3567 san-

1832 3608 1902 3660 cti
1932 3605 2172 3673 Spiritus
2196 3603 2396 3670 effecti,
2437 3612 2493 3660 et.
2533 3603 2635 3674 ipsi
2678 3606 2917 3659 omnium
2953 3604 3222 3658 Salvatori
3254 3603 3413 3659 Chri-

1830 3705 1934 3765 sto,
1973 3710 2025 3755 et
2048 3701 2189 3753 inter
2217 3714 2317 3754 nos
2346 3700 2598 3753 uuimur:
2637 3697 3059 3767 concorporales
3110 3697 3273 3750 etiam
3304 3697 3406 3751 hoc

1828 3791 1988 3845 modo
2015 3805 2200 3845 sumus
2222 3830 2236 3854 ,
2270 3808 2289 3841 ι
2332 3791 2587 3859 quoniam
2614 3806 2751 3844 unus
2805 3791 2958 3859 panis
3020 3806 3183 3844 unum
3216 3804 3413 3856 corpus

1829 3881 1981 3936 multi
2042 3896 2285 3936 sumus:
2347 3896 2536 3936 omnes
2602 3881 2745 3935 enim
2788 3883 2854 3934 de
2922 3895 3029 3934 uno
3106 3894 3248 3949 pane
3288 3894 3411 3948 par-

1829 3974 2128 4041 ticipanius.
2178 3992 2197 4025 ι
2231 3973 2482 4042 Conligat
2514 3988 2747 4043 namque
2780 3987 2875 4026 nos
2904 3972 2968 4025 ad
3002 3973 3264 4026 unitatem
3287 3987 3409 4025 cor-

1827 4081 1925 4136 pus
1957 4065 2156 4121 Christi
2180 4067 2325 4133 quod
2351 4076 2435 4120 est
2467 4065 2519 4119 in
2550 4068 2723 4130 nobis,
2757 4078 2932 4133 neque
2966 4074 3045 4117 est
3097 4061 3205 4117 ullo
3247 4053 3407 4116 modo

1824 4158 2077 4212 divisum.
2112 4157 2283 4212 Porro
2316 4173 2410 4227 per
2444 4156 2645 4212 Christi
2672 4172 2869 4225 corpus
2898 4157 2963 4210 ad
3017 4157 3276 4211 unitatem
3309 4171 3405 4224 per

1822 4265 1984 4320 quam
2010 4259 2064 4305 et
2097 4265 2219 4304 eum
2256 4250 2374 4318 ipso
2422 4260 2475 4305 et
2498 4250 2639 4303 inter
2668 4264 2766 4304 nos
2799 4248 3098 4318 iungimur,
3146 4248 3405 4304 collectos

1822 4354 1942 4395 esse
1971 4341 2256 4395 conﬁrmat
2283 4342 2474 4397 beatus
2500 4340 2722 4404 Paulus,
2751 4355 2872 4395 eum
2904 4340 3092 4394 scribit
3120 4357 3133 4393 :
3170 4358 3189 4391 ι
3232 4336 3404 4409 Hujus

1823 4434 1897 4487 rei
1927 4434 2098 4503 gratia
2126 4448 2223 4502 ego
2240 4433 2438 4488 Paulus
2466 4434 2679 4487 vinctus
2705 4432 2905 4486 Christi
2939 4430 3065 4485 Jcsu
3094 4446 3192 4500 pro
3249 4431 3403 4485 vobis

120 4503 269 4572 ὑμᾶς,
300 4507 387 4558 ὅτι
434 4507 565 4559 κατ’
604 4507 952 4579 ἀποκάλυψιν
977 4513 1281 4586 ἐγνωρίσθη
1312 4533 1403 4587 μοι
1425 4520 1484 4572 τὺ
1510 4525 1715 4594 μυστή-

1836 4526 2096 4594 ;entibus,
2132 4526 2176 4580 si
2212 4534 2389 4578 tamen
2429 4524 2663 4579 audistis
2714 4524 3172 4593 dispensationem
3215 4524 3401 4591 gratia:

120 4612 241 4663 ριον,
288 4597 489 4661 καθὼς
551 4600 883 4671 προέγραψα
923 4603 979 4656 ἐν
1021 4604 1207 4677 ὀλίγῳ,
1252 4609 1390 4680 πρός
1430 4612 1457 4664 ὃ
1483 4612 1711 4669 δύνασθε

117 4690 589 4755 ἀναγινώσκοντες
614 4691 808 4761 νοῆσαι
842 4694 940 4765 τὴν
975 4694 1191 4751 σύνεσίν
1216 4716 1318 4768 μου
1336 4701 1394 4753 ἐν
1412 4702 1488 4773 τῷ
1512 4722 1713 4777 μυστη-

120 4778 207 4848 ρίῳ
232 4781 323 4834 τοῦ
353 4779 647 4852 Χριστοῦο
696 4783 724 4836 ό
760 4784 976 4855 ἑτέραις
1002 4790 1219 4857 γενεαῖς
1269 4791 1373 4846 οὐκ
1403 4794 1709 4869 ἐγνωρίσθη

117 4870 215 4931 τοῖς
240 4874 375 4935 υἱοῖς
424 4874 543 4925 τῶν
585 4872 911 4945 ἀνθρώπων,
953 4879 1028 4942 ὠς
1064 4879 1160 4933 νῦν
1206 4882 1565 4958 ἀπεκαλύφθη
1598 4889 1710 4952 τοῖς

122 4960 275 5049 ἁγίοις
294 4962 637 5027 ἀποστόλοις
667 4965 832 5019 αὐτοῦ
866 4968 961 5021 καὶ
992 4972 1302 5043 προφήταις
1322 4976 1379 5029 ὲν
1403 4977 1706 5049 Πνεύματι,

119 5047 245 5105 εἶναι
276 5056 343 5108 τὰ
380 5055 521 5126 ἔθνη
552 5057 978 5129 συγκληρονόμα
1008 5062 1102 5114 καὶ
1134 5064 1421 5136 σύσσωμα,
1441 5070 1533 5122 xui.
1556 5047 1706 5141 ⁷συμ-

121 5144 307 5216 μέτοχα
338 5147 447 5217 τῆς
478 5148 821 5216 ἐπαγγελίας
848 5152 904 5204 ἐν
940 5151 1179 5225 Χριστῷ.
1210 5175 1230 5207 ι
1283 5158 1497 5232 Ἐπειδὴ
1533 5160 1591 5215 δὲ
1610 5163 1707 5235 τὴν

1821 4613 1938 4679 Dei,
1971 4632 2091 4685 qua:
2111 4616 2233 4669 data
2266 4626 2348 4670 est
2392 4616 2522 4670 mihi
2557 4617 2608 4669 in
2647 4630 2766 4677 vos,
2802 4615 3060 4683 quoniam
3104 4613 3399 4666 secundum

1821 4707 2208 4762 revelatiouem
2240 4717 2423 4763 notum
2459 4708 2589 4761 mihi
2628 4705 2828 4759 factum
2855 4714 2938 4760 est
2974 4714 3397 4763 sacramentum,

1818 4799 1960 4855 sicut
1986 4815 2145 4869 supra
2182 4800 2375 4868 scripsi
2408 4800 2458 4853 in
2481 4798 2654 4865 brevi,
2688 4808 2846 4869 prout
2893 4796 3121 4867 potestis
3160 4794 3401 4863 legentes

1818 4887 2122 4959 intelligere
2171 4890 2516 4960 prudentiam
2562 4905 2738 4943 meam
2786 4888 2838 4942 in
2888 4887 3142 4957 mysterio
3168 4884 3395 4948 ChriSti,

1818 4982 1958 5051 quod
1984 4982 2103 5036 aliis
2134 4981 2575 5051 generationibus
2612 4990 2813 5035 nonest
2862 4980 3101 5049 agnitum
3146 4976 3268 5031 ﬁliis
3298 4977 3393 5029 ho-

1817 5076 2044 5140 minum,
2078 5074 2237 5129 siculi
2272 5089 2418 5129 nunc
2447 5072 2743 5127 revelatum
2769 5080 2854 5125 est
2898 5071 3098 5125 sanctis
3133 5068 3395 5138 apostolis

1816 5167 1931 5238 ejus
1964 5177 2017 5223 et
2044 5168 2324 5238 prephetis
2352 5168 2403 5221 in
2438 5165 2666 5237 Spiritu,
2696 5173 2882 5235 gentes
2906 5178 3025 5218 esse
3060 5161 3389 5221 coheredes,

119 5236 197 5328 τοῦ
234 5240 550 5310 μυστηρίου
593 5241 899 5310 παράδοσίν
922 5261 981 5296 τε
1011 5246 1105 5299 καὶ
1128 5246 1356 5319 δύναμιν
1375 5252 1705 5324 ἠγνοηκότες

1836 5236 2249 5328 :oncorporales,
2279 5268 2333 5313 et
2362 5236 2775 5325 comparticipes
2794 5253 3173 5325 promissionis
3197 5251 3312 5321 ejus
3341 5252 3391 5304 in

120 5324 166 5375 ἐν
193 5329 326 5401 ἀρχῇ
360 5330 481 5382 τῶν
512 5332 928 5386 πιστευσάντων
954 5336 1118 5402 τινὲς,
1150 5338 1256 5404 ἔξω
1278 5342 1577 5412 τρέπεσθαι
1612 5345 1705 5399 τοῦ

1836 5351 2028 5406 Ihristo
2057 5351 2121 5403 ⁹².
2160 5369 2178 5401 ι
2221 5350 2487 5417 Quoniam
2538 5364 2669 5404 vero
2696 5364 2725 5402 a
2768 5348 3037 5418 principio
3069 5345 3393 5402 nonnullicx

120 5419 308 5484 εἰκότος
342 5422 569 5493 ἤθελον,
600 5423 926 5489 πανδαισίας
949 5444 1008 5480 τε
1042 5427 1137 5482 καὶ
1176 5430 1528 5501 δημοθοινίας
1563 5437 1704 5509 πλη-

1836 5444 1873 5499 is
1904 5444 1992 5512 qui
2016 5445 2387 5509 crediderant,
2412 5444 2574 5513 hujus
2611 5443 2857 5513 mysterii
2916 5440 3258 5495 traditionem
3326 5452 3391 5490 ac

122 5510 320 5577 ροῦντες
366 5517 429 5567 ἐν
490 5516 839 5585 ἐκκλησίαις,
891 5520 1005 5582 τοῖς
1049 5520 1206 5574 τοῦτο
1251 5523 1384 5595 δρᾷν
1431 5527 1699 5594 εἰωθόσιν,

1844 5534 1911 5589 im
1945 5535 2279 5605 ignorantes,
2316 5538 2381 5589 ab
2414 5550 2477 5590 eo
2515 5535 2656 5602 quod
2700 5532 3058 5589 conveniebat
3119 5530 3392 5585 divertere

119 5600 335 5671 ἐπετίμα
384 5606 623 5675 γράφων
674 5608 702 5659 ὁ
756 5608 1029 5678 μακάριος
1082 5611 1331 5673 Παῦλος·
1381 5636 1397 5667 ι
1431 5615 1521 5689 Μὴ
1591 5621 1700 5692 γὰρ

1839 5627 2073 5693 olebant,
2102 5638 2153 5683 et
2188 5630 2436 5684 omnibus
2462 5628 2705 5697 exposita
2764 5625 3009 5683 convivia
3042 5633 3096 5679 et
3142 5621 3389 5692 publicas

178 5778 217 5807 ἰ
249 5780 268 5834 ι
297 5779 424 5837 Cor.
463 5797 543 5850 xi,
578 5780 669 5849 16,
697 5782 781 5838 l7.
863 5785 907 5815 "
949 5783 1146 5853 Eplies.
1198 5803 1274 5843 Ill.
1325 5790 1439 5845 5-6.
