4040 6482
639 395 745 452 195

1627 391 1688 448 S.
1727 393 2001 450 CYRILLI
2032 388 2504 448 ALEXANDRINI
2543 387 2862 445 ARCHIEP.

3789 381 3885 437 196

636 506 826 580 epulas
861 511 914 564 in
951 510 1196 566 ecclesiis
1224 508 1585 577 instruebant,
1617 512 1864 568 homines
1909 512 2000 580 qui
2035 512 2086 566 id
2127 511 2193 564 fa-

2307 507 2479 572 οἰκίας
2532 507 2630 560 οὐκ
2668 507 2819 575 ἔχετε
2867 504 2946 568 είς
2986 501 3045 555 τὸ
3088 501 3290 554 ἐσθίειν
3332 498 3426 554 καὶ
3473 499 3682 567 πίνεινς
3726 501 3758 571 ἢ
3792 500 3888 571 τὴν

637 617 763 657 cere
790 611 1206 664 consueverant,
1260 601 1509 671 objurgat
1563 604 1752 658 beatus
1798 602 2013 668 Paulus,
2065 604 2202 656 scri-

637 693 822 749 bens:
869 713 886 744 ι
930 692 1176 760 Nunquid
1233 694 1421 746 domos
1471 708 1578 748 non
1639 693 1852 747 habetis
1881 694 1945 747 ad
1979 694 2205 746 mandu-

635 784 940 837 candumet
973 782 1298 836 bibendum?
1326 791 1420 836 aut
1451 783 1735 837 ecclesiam
1773 783 1864 835 Dei
1899 783 2204 837 contemni-

637 875 730 938 tis,
759 883 810 927 et
837 873 1167 928 confunditis
1195 888 1288 928 eos
1313 874 1402 942 qui
1429 889 1532 929 non
1563 874 1802 928 habent?
1832 874 1970 940 Quid
2021 874 2199 928 dicam

635 963 820 1019 vobis?
843 963 1078 1016 Laudem
1106 963 1268 1018 vosin
1294 963 1431 1017 hoc?
1457 978 1561 1016 non
1585 963 1773 1017 laudo.-
1796 963 1908 1031 Ego
1936 963 2079 1017 enim
2107 977 2202 1016 ac-

633 1055 751 1122 cepi
783 1070 810 1106 a
839 1054 1085 1121 Domino,
1109 1056 1251 1123 quod
1284 1064 1338 1108 et
1363 1054 1554 1110 tradidi
1585 1055 1740 1110 vobis
1776 1070 1790 1107 :
1819 1055 2073 1123 quoniam
2097 1054 2201 1108 Do-

636 1144 814 1197 minus
842 1143 996 1198 Jesus
1029 1143 1279 1199 Christus
1309 1144 1362 1198 in
1395 1159 1498 1213 qua
1528 1155 1686 1199 nocte
1715 1144 1940 1198 traditus
1971 1153 2078 1207 est,
2104 1158 2201 1197 ac-

631 1235 774 1303 cepit
802 1249 1016 1302 pauem,
1045 1246 1102 1290 et
1126 1238 1325 1303 gratias
1362 1250 1526 1306 agens
1556 1235 1739 1305 fregit,
1785 1244 1838 1290 et
1866 1235 2003 1288 dixit
2032 1250 2046 1286 :
2078 1236 2197 1290 Hoc

628 1332 713 1376 est
744 1337 937 1392 corpus
959 1337 1161 1387 meum,
1198 1323 1340 1393 quod
1371 1338 1468 1394 pro
1521 1324 1671 1379 vobis
1718 1341 1733 1377 :
1778 1327 1880 1379 hoc
1941 1322 2102 1378 facite
2145 1323 2198 1378 in

631 1427 803 1468 meam
831 1415 1696 1469 commemorationem.Similiter
1719 1423 1774 1469 et
1802 1415 2024 1470 calicem
2053 1423 2200 1484 post-

628 1521 788 1574 quam
821 1507 977 1575 112
1010 1507 1271 1572 coenavit,
1294 1508 1480 1562 dicens
1509 1522 1524 1560 :
1564 1506 1662 1562 llic
1692 1506 1831 1562 calix
1868 1523 2062 1563 novum
2096 1508 2198 1563 Te-

627 1608 952 1653 stamentum
989 1607 1074 1654 est
1128 1599 1181 1654 in
1211 1613 1330 1654 meo
1359 1599 1621 1668 sanguine
1655 1616 1669 1653 :
1703 1599 1807 1654 hoc
1851 1598 2034 1665 facite,
2063 1613 2198 1668 quo-

627 1690 945 1758 tiescunque
996 1691 1204 1754 facitis,
1250 1690 1306 1744 in
1370 1704 1546 1745 meam
1604 1691 2192 1747 commemorationem.

625 1780 1061 1850 Quotiescunque
1091 1780 1486 1836 manducahitis
1525 1794 1714 1848 panem
1753 1781 1921 1846 hunc,
1973 1792 2028 1836 et
2066 1780 2197 1835 cali.

2305 597 2602 668 ὲκκλησίαν
2628 595 2723 648 τοῦ
2749 593 2882 647 Θεοῦ
2919 594 3332 661 καταφρονεῖτε,
3372 590 3466 644 καὶ
3499 591 3887 661 καταισχύνετε

2306 690 2432 752 τοὺς
2463 689 2540 758 μὴ
2571 687 2823 756 ἔχονταςς
2868 685 2921 738 τί
2961 685 3099 737 εἴπω
3133 685 3292 754 ύμίν;
3329 684 3605 736 ἐπαινέσω
3653 683 3800 752 ὑμᾶς
3828 683 3887 732 ὲν

2303 777 2507 846 τούτῳ;
2554 778 2652 829 οὐκ
2693 776 2920 828 ἐπαινῶ.
2977 773 3119 841 Ἐγὼ
3164 773 3275 845 γάρ
3311 773 3616 844 παρέλαϐον
3655 773 3762 826 ἀπὸ
3793 772 3886 826 τοῦ

2307 871 2532 939 Κυρίου,
2567 869 2595 921 ὃ
2620 867 2712 922 καὶ
2743 867 3037 937 παρέδωκα
3068 867 3228 935 ύμῖνο
3278 867 3360 920 ὅτι
3389 868 3416 918 6
3443 866 3644 936 Κύριος
3682 862 3887 934 Ἰησοῦς

2304 961 2536 1030 Χριστὸς
2564 961 2623 1012 ὲν
2658 962 2723 1030 τῇ
2751 959 2908 1011 νυκτὶ
3010 957 3302 1027 παρεδόθη,
3345 956 3536 1010 ἔλαϐεν
3563 957 3744 1027 ἄρτον,
3791 956 3889 1009 καὶ

2303 1051 2704 1121 εὐχαριστήσας
2745 1049 2963 1114 ἐκλασε,
2997 1048 3090 1101 καὶ
3123 1045 3247 1100 εἶπε
3269 1064 3286 1081 ο
3322 1047 3493 1100 Τοῦτό
3527 1047 3627 1118 μού
3650 1047 3788 1113 ,ἐστι
3827 1048 3888 1100 τὸ

2305 1143 2465 1212 σῶμα
2497 1142 2558 1194 τὸ
2589 1141 2728 1212 ὑπὲρ
2775 1140 2967 1210 ήμῶνο
3018 1139 3176 1192 τοῦτο
3226 1141 3432 1192 ποιεῖτε
3481 1140 3561 1203 εἰς
3599 1140 3699 1210 τὴν
3742 1140 3887 1210 ἐμὴν

2303 1233 2629 1303 ἀνάμνησιν.
2688 1231 2963 1295 Ὡσαύτως
2997 1233 3092 1285 καὶ
3129 1231 3187 1284 τὸ
3231 1233 3489 1301 ποτήριον
3523 1231 3656 1302 μετά
3689 1232 3750 1284 τὸ
3776 1232 3885 1284 δει-

2306 1327 2529 1395 πνῆσαι,
2571 1324 2746 1392 λέγων
2768 1341 2781 1354 ’
2813 1324 2984 1377 Τοῦτο
3007 1325 3065 1376 τὸ
3097 1324 3354 1394 ποτήριον
3382 1325 3414 1392 ή
3451 1323 3612 1393 καινή
3640 1323 3885 1393 Διαθήκη

2300 1417 2468 1478 ἐστὶν,
2498 1416 2556 1468 ὲν
2581 1415 2657 1486 τῷ
2679 1416 2871 1485 αἵματι
2895 1415 2970 1485 τῷ
2998 1415 3116 1485 ἐμῷ
3133 1430 3145 1442 ·
3177 1415 3332 1467 τοῦτο
3355 1416 3579 1476 ποιεῖτε,
3608 1415 3796 1474 ὁσάκις
3821 1414 3888 1465 ἂν

2301 1509 2524 1570 ποιεῖτε,
2557 1508 2633 1571 είς
2660 1507 2759 1577 τὴν
2789 1507 2932 1578 ἐμὴν
2966 1506 3292 1575 ἀνάμνησιν.
3324 1502 3547 1566 Ὁσάκις
3575 1502 3640 1555 ἀν
3666 1501 3889 1572 ἐσθίητε

2298 1599 2391 1654 τὸν
2425 1602 2587 1671 ἄρτον
2616 1600 2826 1667 τοῦτον,
2861 1601 2956 1652 καὶ
2991 1597 3051 1652 τὸ
3080 1598 3340 1667 ποτήριον
3363 1596 3574 1665 πίνητε,
3599 1595 3689 1647 τὸν
3718 1594 3884 1648 θάνα-

2298 1711 2390 1746 τον
2423 1692 2516 1746 τοῦ
2543 1693 2750 1762 Κυρίου
2789 1690 3210 1760 καταγγέλλετε,
3250 1689 3410 1760 ἄχρις
3440 1683 3499 1742 οὗ
3543 1688 3728 1760 ἔλθῃ.»
3773 1688 3890 1740 Καὶ

2300 1784 2444 1838 θεῖον
2479 1785 2578 1855 μὲν
2611 1784 2774 1837 ὅτιτὸ
2806 1785 3126 1854 μυστήριον,
3165 1782 3259 1835 καὶ
3288 1780 3608 1850 ζωοποιδςή
3645 1777 3890 1848 μέθεξις,

623 1886 742 1925 cem
789 1872 1003 1936 bibetis,
1035 1881 1263 1927 mortem
1315 1871 1527 1926 Domini
1584 1871 1972 1928 annuntiabitis
2025 1871 2193 1926 donec

2299 1877 2391 1929 καὶ
2423 1875 2521 1946 τὴς
2547 1875 2887 1945 ἀναιμάκτου
2919 1873 3149 1943 ταυτησὶ
3191 1871 3380 1935 θυσίας
3407 1872 3439 1942 ή
3465 1871 3692 1939 δύναμις
3728 1868 3891 1937 παρὰ

621 1961 886 2014 veniat”.
927 1980 945 2014 ι
979 1962 1054 2015 Ac
1075 1962 1313 2016 divinum
1345 1962 1566 2031 quidem
1595 1961 1696 2016 hoc
1728 1976 1848 2017 esse
1878 1961 2190 2032 mysterium

2297 1967 2432 2021 πολὺ
2470 1967 2571 2035 τῆς
2600 1967 2659 2019 ὲν
2688 1966 2838 2036 νόμῳ
2885 1963 3140 2035 λατρείας
3183 1962 3446 2032 ἀμείνων,
3499 1960 3893 2029 ἀταλαίπωρον

2299 2057 2445 2121 ίδείν,
2487 2056 2582 2110 καὶ
2609 2056 2685 2118 ὡς
2715 2056 2823 2108 ἀπό
2861 2073 2925 2122 γε
2954 2054 3048 2107 τοῦ
3086 2052 3339 2122 λέγεσθαι
3370 2052 3529 2105 σκιὰν
3562 2051 3662 2121 μὲν
3696 2051 3892 2104 ἐκεῖνα

2296 2149 2365 2202 τὰ
2417 2148 2504 2201 διὰ
2561 2149 2805 2213 Μωσέως
2859 2151 2970 2212 τοῖς
3022 2148 3401 2219 ἀρχαιοτέροις
3455 2144 3891 2214 τεθεσπισμένα,

2297 2239 2534 2310 Χριστόν
2565 2256 2631 2308 γε
2675 2240 2781 2310 μὴν
2818 2234 2960 2292 εἶναι
2996 2239 3088 2292 καὶ
3127 2238 3199 2291 τὰ
3241 2237 3406 2291 αὐτοῦ
3444 2235 3545 2308 τὴν
3578 2234 3847 2304 ἀλήθειαν
3874 2249 3891 2264 ο

2300 2329 2626 2401 συλλήψεται
2677 2330 2734 2383 δὲ
2779 2329 2916 2399 πρὸς
2958 2329 3117 2382 τοῦτο
3169 2330 3300 2400 ήμῖν
3348 2329 3443 2381 καὶ
3495 2329 3524 2379 6
3571 2325 3892 2392 σοφώτατος

2297 2418 2528 2483 Παῦλος,
2559 2418 2655 2471 ὡδὶ
2681 2419 2972 2489 γεγραφώς
2993 2435 3006 2450 ο
3036 2438 3054 2469 ι
3097 2419 3396 2487 Ἀθετήσας
3423 2434 3507 2480 τις
3544 2416 3704 2486 νόμον
3746 2416 3892 2468 Μω-

2299 2510 2458 2575 σέως⁹
2501 2511 2671 2582 χωρὶς
2709 2509 3012 2580 οἰκτιρμῶν
3049 2509 3141 2563 ἐπὶ
3171 2509 3323 2563 δυσὶν
3354 2509 3387 2580 ἢ
3427 2509 3575 2581 τρισὶ
3617 2509 3893 2578 μάρτυσιν

2297 2599 2668 2670 ἀποθνήσκει·
2729 2600 2884 2668 πόσῳ
2942 2599 3150 2652 δοκεῖτε
3215 2600 3459 2670 χείρονος
3513 2597 3891 2668 ἀξιωθήσεται

2297 2689 2590 2761 τιμωρίας,
2621 2688 2650 2740 6
2682 2688 2773 2741 τὸν
2811 2688 2939 2742 Υἱὸν
2965 2688 3056 2741 τοῦ
3088 2688 3223 2741 Θεοῦ
3258 2689 3672 2758 καταπατήσας,
3695 2687 3792 2740 καὶ
3825 2687 3895 2740 τδ

2298 2777 2439 2852 αἷμα
2456 2782 2557 2852 τῆς
2581 2781 2854 2852 Διαθήκης
2877 2779 3054 2833 κοινὸν
3078 2781 3444 2850 ἡγησάμενος,
3465 2781 3523 2834 ὲν
3553 2773 3596 2847 ᾧ
3619 2779 3890 2849 ήγιάσθη,

2302 2871 2396 2924 καὶ
2424 2870 2484 2923 τὸ
2515 2870 2741 2939 Πνεῦμα
2767 2869 2869 2938 τῆς
2900 2869 3121 2939 χάριτος
3148 2868 3469 2939 ὲνυόρίσας;
3492 2886 3510 2919 ι
3537 2867 3759 2920 Ἤσθιον
3783 2868 3896 2937 μὲν

2298 2964 2405 3036 γὰρ
2432 2965 2480 3016 οί
2506 2962 2675 3016 πάλαι
2703 2959 3066 3024 καταθύοντες
3109 2958 3202 3013 τὸν
3243 2960 3445 3030 ἀμνόν·
3495 2961 3528 3030 ή
3573 2960 3630 3014 δέ
3677 2976 3739 3028 γε
3782 2960 3896 3030 τῆς

617 3067 726 3119 quo
751 3051 1119 3108 sanctiﬁcatus
1141 3063 1243 3120 est,
1261 3063 1315 3110 et
1343 3055 1570 3126 Spiritui
1593 3058 1779 3126 gratia:
1806 3047 2193 3113 contumeliam'

2300 3053 2554 3127 βρώσεως
2608 3051 2875 3124 δύναμις,
2935 3051 3036 3105 οὐκ
3093 3055 3173 3116 είς
3227 3053 3388 3124 κόρον
3443 3051 3630 3116 ἀπλῶς
3681 3050 3899 3122 ἐχώρει

615 3141 806 3198 fecerit
833 3144 921 3198 "‘3
972 3161 992 3196 ι
1057 3144 1300 3202 Edebant
1349 3149 1496 3204 enim
1564 3149 1640 3204 illi
1677 3157 1889 3205 veteres
1947 3149 2193 3205 homines

2299 3145 2553 3216 γαστρὸς,
2596 3145 2711 3200 ἀλλ’
2750 3145 2873 3198 οὐδὲ
2909 3146 3110 3216 ταύτης
3141 3147 3302 3200 ἕνεκα
3325 3147 3424 3216 τῆς
3454 3144 3634 3207 αίτίας
3668 3144 3735 3196 τὰ
3778 3144 3896 3214 τῆς

617 3249 814 3303 agnum
851 3237 1186 3294 immolatum
1219 3256 1232 3294 :
1260 3242 1354 3296 sed
1377 3241 1464 3296 illa
1495 3242 1578 3298 vis
1631 3241 1747 3308 ejus
1776 3256 1915 3296 esca:
1967 3256 2073 3296 non
2122 3242 2189 3296 ad

2298 3237 2486 3301 θυσίας
2529 3236 2888 3307 ἐπετηδεύετο
2934 3238 3076 3294 κατὰ
3116 3239 3314 3309 νόμονο
3356 3236 3472 3292 ἀλλ’
3522 3237 3609 3290 ἵνα
3642 3235 3893 3289 θανάτου

616 3328 920 3384 satietatem
953 3331 1156 3386 ventris
1184 3336 1558 3389 tantummodo
1607 3335 1852 3400 cedebat,
1913 3348 2089 3404 neque
2127 3348 2192 3390 ea

2298 3329 2406 3390 τοῖς
2462 3326 2643 3390 ἄλλοις
2689 3327 3132 3390 ὲκπεπτωκότος,
3187 3327 3467 3394 κρείττους
3509 3342 3569 3378 τε
3621 3319 3731 3377 εἷεν
3781 3325 3895 3378 τοῦ

616 3417 685 3473 de
708 3432 870 3475 causa
901 3423 1240 3478 sacrificandi
1271 3425 1410 3480 ritus
1468 3426 1771 3481 secundum
1806 3427 1978 3497 legem
2006 3440 2192 3482 serva-

2298 3415 2487 3469 παθεῖν
2514 3416 2689 3481 αὐτοὶ,
2721 3416 2817 3469 καὶ
2836 3416 3261 3487 διαδιδράσκοιεν
3281 3415 3369 3468 τὸν
3386 3414 3735 3486 ὁλοθρευτήν.
3766 3415 3896 3470 Καὶ

618 3511 804 3574 batur;
829 3511 922 3565 sed
959 3521 1012 3566 ut
1043 3523 1270 3568 mortem
1301 3515 1353 3568 in
1380 3516 1519 3571 alios
1542 3516 1887 3572 invadentem
1948 3517 2052 3587 ipsi
2097 3532 2190 3571 su-

2298 3504 2424 3573 γοῦν
2472 3505 2743 3576 ἀνῄρηται
2802 3505 2902 3576 μὲν
2959 3507 3018 3558 ὲν
3074 3507 3174 3574 μιᾷ
3228 3507 3383 3558 νυκτὶ
3431 3505 3500 3559 τὰ
3556 3505 3895 3576 πρωτότοκα

615 3612 888 3670 perarent,
949 3614 1002 3656 et
1057 3608 1530 3662 exterminatorem
1603 3607 1948 3677 ell'ugerent:
2007 3609 2190 3678 itaque

2298 3597 2637 3665 Αἰγυπτίων·
2688 3597 2738 3649 οί
2788 3597 2844 3650 δὲ
2889 3597 2984 3650 καὶ
3014 3596 3154 3665 ψιλῷ
3198 3597 3277 3665 τῷ
3309 3598 3459 3666 τόπῳ
3503 3595 3634 3667 [ton
3676 3595 3890 3668 τύπῳ]

616 3699 773 3744 nocte
797 3707 901 3745 una
934 3692 1215 3748 interfecta
1251 3693 1766 3766 suntIEgyptiorum
1795 3697 2185 3766 primogenita:

2298 3688 2705 3759 τετειχισμένοι,
2767 3689 2918 3758 μόνοι
2966 3688 3096 3759 παρ’
3144 3687 3354 3742 ἐκείνου
3412 3687 3715 3753 ἐσώζοντο,
3783 3689 3896 3742 καὶ

615 3779 692 3833 illi
714 3795 838 3833 vero
865 3783 1002 3835 nuda
1037 3782 1202 3852 figura
1231 3785 1444 3849 muniti,
1473 3786 1574 3840 soli
1592 3785 1661 3840 ab
1697 3800 1762 3841 ea
1806 3787 2183 3853 servabantur,

2298 3778 2551 3832 σύνοπλον
2595 3779 2809 3849 ἔχοντες
2863 3779 2963 3848 τὴν
3031 3779 3214 3845 σκιάν,
3275 3779 3371 3833 καὶ
3426 3777 3591 3833 αὑτοῦ
3643 3779 3894 3834 θανάτου

613 3879 670 3924 et
695 3873 939 3927 umbram
968 3874 1166 3929 auxilio
1197 3874 1480 3943 habentes,
1504 3877 1664 3932 etiam
1707 3879 1823 3948 ipsa
1861 3889 2032 3933 morte
2095 3895 2186 3934 su-

614 3963 855 4030 periores
886 3974 1194 4020 evaserunt.
1220 3966 1362 4035 Ergo
1389 3970 1785 4022 conservabant
1832 3970 1961 4038 ipsa:
2005 3971 2188 4041 figura:

613 4069 707 4108 eos
730 4054 819 4124 qui
847 4066 974 4109 ante
1005 4071 1102 4111 nos
1129 4056 1366 4113 fuerunt.
1397 4058 1609 4125 Quanto
1643 4059 1812 4130 igitur
1877 4076 1965 4115 res
1991 4070 2188 4116 nostra:

613 4155 741 4199 sunt
763 4145 1194 4214 excellentiores,
1221 4150 1413 4218 quibus
1439 4150 1553 4219 ipsa
1586 4152 1803 4215 veritas,
1837 4152 1887 4206 id
1910 4161 1992 4206 est
2025 4153 2185 4208 Chri-

613 4246 752 4301 stus,
787 4237 988 4304 illuxit,
1017 4250 1372 4310 sanctamque
1398 4257 1552 4296 suam
1593 4257 1812 4298 carnem
1863 4244 1929 4297 ad
1963 4245 2186 4313 partici-

621 2051 1200 2124 participatiouemque
1223 2052 1337 2120 ejus
1369 2055 1663 2119 vivificam,
1702 2064 1754 2109 et
1783 2054 2080 2109 incruenta:
2101 2054 2194 2109 bu-

615 2143 705 2212 jus
732 2145 920 2201 hostire
943 2149 1048 2199 vim
1071 2147 1226 2212 longe
1249 2145 1338 2201 illo
1365 2146 1522 2214 legali
1554 2145 1701 2201 cultu
1732 2147 2186 2215 praestantiorem,

622 2235 885 2303 perfacile
928 2247 1010 2290 est
1032 2238 1216 2291 videre
1242 2236 1324 2290 vel
1354 2236 1420 2291 ab
1446 2251 1512 2290 eo
1537 2237 1674 2305 ipso,
1711 2237 1854 2307 quod
1883 2237 1969 2290 illa
2001 2237 2192 2306 priscis

622 2326 933 2382 hominibus
982 2329 1186 2382 sancita
1231 2343 1328 2399 per
1381 2327 1587 2393 Mosen,
1648 2329 1839 2383 umbra
1918 2329 2190 2395 dicuntur,

620 2416 873 2471 Christus
919 2433 1046 2472 vero
1073 2417 1295 2487 ejusque
1325 2420 1531 2482 omnia,
1581 2420 1789 2474 veritas
1821 2419 2188 2488 appellantur;

622 2507 687 2559 ad
713 2521 941 2576 eamque
966 2524 1081 2562 rem
1107 2510 1532 2563 continuandam
1563 2511 1717 2564 nobis
1743 2511 1848 2566 erit
1885 2511 2192 2578 adiumento

622 2597 813 2650 beatus
836 2597 1054 2664 Paulus,
1086 2599 1176 2668 qui
1209 2599 1291 2653 sic
1330 2600 1586 2668 scripsit:
1636 2618 1654 2650 ι
1693 2598 1904 2654 lrritam
1955 2601 2077 2670 quis
2111 2599 2189 2653 fa-

618 2688 773 2741 ciens
794 2687 963 2756 legem
992 2687 1142 2754 Mosi,
1169 2689 1287 2744 sine
1318 2689 1423 2743 ulla
1458 2690 1813 2745 miseratione
1865 2691 2075 2747 duobus
2103 2693 2190 2747 vel

621 2778 793 2834 tribus
824 2779 1046 2834 testibus
1073 2783 1300 2835 moritur
1325 2800 1338 2834 :
1364 2791 1564 2848 quanto
1583 2783 1754 2852 magis
1809 2785 2012 2852 putatis
2047 2784 2194 2840 dete-

622 2871 765 2924 riora
800 2873 995 2926 mereri
1024 2872 1308 2942 supplicia,
1337 2873 1428 2942 qui
1456 2871 1651 2927 Filium
1699 2873 1793 2928 Dei
1843 2875 2191 2932 conculcave-

619 2962 708 3024 rit,
747 2971 802 3015 et
825 2962 1138 3030 sanguinem
1170 2963 1504 3018 Testamenti
1551 2964 1815 3034 pollutum
1861 2965 2092 3031 duxerit,
2139 2968 2191 3022 in

2290 3870 2820 3941 κατευμεγεθοῦντες
2863 3872 3166 3940 ἐφαίνοντο.
3205 3869 3418 3925 Οὐκοῦν
3447 3869 3648 3934 ἔσωζον
3689 3871 3793 3941 μὲν
3835 3874 3898 3925 οἱ

2287 3963 2449 4016 τύποι
2479 3963 2604 4026 τοὺς
2628 3963 2734 4034 πρὸ
2759 3962 2937 4034 ἡμῶν.
2980 3965 3067 4016 Ἐν
3092 3964 3204 4016 τίσι
3243 3963 3299 4015 δὲ
3320 3962 3430 4033 ἄρα
3454 3961 3520 4015 τὰ
3548 3961 3669 4014 καθ’
3703 3964 3893 4031 ἡμᾶς,

2287 4050 2369 4118 οἷς
2416 4054 2553 4125 αὐτή
2601 4053 2785 4108 λοιπὸν
2834 4054 3151 4124 ἐπέλαμψεν
3200 4055 3235 4124 ἡ
3289 4053 3558 4120 ἀλήθεια,
3623 4053 3900 4105 τουτέστι

2287 4145 2541 4218 Χριστὸς,
2582 4146 2681 4217 τὴν
2710 4144 2971 4210 ζωοποιδν
3001 4145 3197 4199 ἑαυτοῦ
3228 4145 3407 4216 σάρκα
3439 4143 3763 4215 παρατιθεὶς
3795 4146 3896 4208 είς

2290 4238 2539 4311 μέθεξιν;
2573 4238 2690 4303 πῶς
2717 4239 2814 4311 οὐχ
2838 4239 3043 4293 ἅπασιν
3073 4239 3334 4308 ὲναργές;
3364 4237 3506 4291 Πολὺ
3533 4237 3641 4306 γὰρ
3663 4235 3730 4306 δὴ
3759 4235 3902 4290 λίαν

614 4328 847 4396 pandum
880 4332 1161 4401 apposuit?
1208 4335 1478 4402 quomodo
1539 4335 1591 4389 id
1640 4349 1745 4390 non
1810 4336 1882 4390 sit
1934 4339 2186 4392 omnibus

2298 4335 2344 4384 ὲν
2368 4331 2638 4400 ἀμείνοσι,
2663 4329 2759 4382 καὶ
2789 4331 2847 4383 ὲν
2877 4333 2988 4393 τοῖς
3007 4330 3146 4396 άγαν
3171 4329 3611 4399 ὑπερκειμένοις.
3637 4327 3751 4380 Καὶ
3779 4330 3903 4398 τήν

614 4417 1001 4486 perspicuum?
1034 4420 1200 4478 Multo
1228 4439 1461 4492 namque
1492 4434 1614 4479 sunt
1645 4425 1831 4495 procul
1855 4428 2016 4482 dubio
2049 4442 2186 4496 prae-

2298 4439 2349 4491 γε
2381 4421 2476 4475 τοῦ
2505 4421 2806 4492 μυστηρίου
2831 4420 3062 4491 δύναμιν
3095 4419 3301 4490 ὲναργῆ
3332 4418 3596 4481 καθιστὰς
3622 4419 3649 4470 6
3669 4419 3900 4488 Κύριος

614 4509 978 4564 stantioresac
1007 4514 1336 4580 superiores.
1366 4514 1543 4578 Atque
1567 4515 1727 4584 hujus
1782 4519 2024 4588 mysterii
2074 4520 2180 4573 vim

2298 4513 2443 4584 ήμῶν
2489 4511 2695 4582 Ἰησοῦς
2727 4512 2755 4563 6
2785 4512 3019 4582 Χριστός
3039 4528 3050 4540 ·
3084 4531 3102 4563 ι
3127 4511 3319 4582 Ἀμὴν,
3365 4511 3518 4581 φησὶ,
3549 4510 3693 4578 λέγω
3724 4511 3898 4578 ὑμῖν,

614 4598 984 4655 utdeclararet
1011 4601 1268 4660 Dominus
1324 4616 1508 4660 noster
1554 4603 1711 4660 Jesus
1760 4607 2022 4672 Christus,
2062 4609 2180 4662 ait:

2298 4605 2617 4659 ὁπιστεύων
2644 4606 2722 4668 είς
2749 4605 2871 4675 ἐμὲ,
2914 4605 3029 4675 ἔχει
3069 4604 3215 4676 ζωὴν
3250 4603 3490 4658 αἰώνιον.
3532 4603 3674 4673 Ἑγώ
3701 4606 3831 4674 εἰμι
3868 4608 3904 4661 ὁ

620 4709 639 4741 ι
671 4692 840 4746 Amen
881 4693 1005 4749 dico
1035 4696 1211 4760 vobis,
1243 4698 1331 4765 qui
1353 4698 1527 4753 credit
1557 4699 1607 4752 in
1645 4713 1751 4764 me,
1807 4701 1972 4755 habet
2021 4701 2182 4755 vitam

2298 4695 2456 4766 άρτος
2494 4697 2590 4766 τῆς
2619 4696 2784 4765 ζωῆς.
2818 4698 2880 4749 Ol
2913 4696 3152 4766 πατέρες
3194 4695 3349 4765 ὑμῶν
3380 4697 3580 4765 ἔφαγον
3608 4696 3667 4749 τὸ
3699 4697 3903 4765 μάννα

613 4792 892 4837 aeternam.
921 4784 1028 4854 Ego
1057 4800 1175 4840 sum
1202 4787 1358 4856 panis
1382 4789 1522 4843 vitze.
1561 4788 1751 4846 Patres
1807 4792 1972 4846 vestri
2029 4808 2184 4846 man-

2298 4791 2345 4843 ἑν
2373 4792 2440 4860 τῇ
2472 4791 2664 4860 ἐρήμῳ
2693 4789 2786 4841 καὶ
2812 4788 3081 4840 ἀπέθανον
3103 4805 3115 4816 ·
3162 4781 3314 4850 οὗτός
3344 4789 3491 4841 ἐστιν
3518 4788 3546 4840 6
3575 4785 3742 4858 ἄρτος
3764 4791 3794 4841 6
3826 4792 3907 4843 ὲκ

617 4870 1165 4928 ducaveruntmanna
1197 4876 1250 4929 in
1269 4875 1509 4941 deserto,
1543 4887 1597 4932 et
1649 4881 1841 4934 mortui
1896 4891 2022 4934 sunt
2052 4898 2065 4934 :
2099 4882 2188 4936 hic

2298 4881 2382 4935 τοῦ
2413 4881 2640 4952 ούρανοῦ
2665 4880 3028 4944 καταϐαίνων,
3057 4881 3144 4933 ἵνα
3186 4897 3270 4943 τις
3299 4879 3357 4946 ἐξ
3387 4878 3552 4933 αὐτοῦ
3584 4879 3762 4952 φάγῃ,
3788 4886 3910 4935 καὶ

616 4966 699 5012 est
722 4959 873 5027 panis
907 4959 972 5014 de
998 4961 1135 5016 caelo
1180 4963 1535 5028 descendens,
1583 4976 1642 5020 ut
1680 4967 1726 5021 si
1779 4969 1902 5037 quis
1953 4983 2018 5022 ex
2073 4970 2187 5038 ipso

2298 4974 2368 5043 μὴ
2417 4973 2688 5044 ἀποθάνῃ.
2744 4971 2884 5040 Ἐγώ
2925 4973 3044 5043 εἰμι
3082 4974 3110 5025 6
3166 4972 3330 5043 ἄρτος
3374 4974 3403 5025 6
3453 4972 3562 5036 ζῶν
3595 4973 3623 5024 6
3661 4973 3729 5025 ὲκ
3783 4974 3906 5027 τοῦ

618 5049 921 5117 manducet,
955 5067 1059 5106 non
1095 5054 1375 5109 moriatur.
1415 5055 1524 5125 Ego
1551 5072 1667 5110 sum
1723 5060 1876 5126 panis
1909 5060 2060 5114 vivus
2094 5059 2184 5128 qui

2298 5065 2517 5134 ούρανοῦ
2573 5064 2838 5128 καταϐάς.
2912 5065 3042 5119 Ἐάν
3087 5083 3170 5128 τις
3213 5066 3278 5118 ὲκ
3329 5066 3519 5119 τούτου
3562 5065 3654 5116 τοῦ
3706 5065 3910 5135 ἄρτου

618 5140 683 5192 de
716 5139 854 5194 cwlo
880 5142 1152 5198 descendi.
1214 5144 1270 5199 Si
1323 5148 1443 5216 quis
1501 5149 1904 5205 manducaverit
1957 5165 2022 5205 ex
2087 5151 2188 5206 hoc

2298 5155 2462 5227 φάγῃ,
2503 5153 2729 5223 ζήσεται
2762 5157 2841 5217 εἰς
2863 5155 2953 5208 τὸν
2983 5154 3155 5208 αίῶνα
3178 5171 3191 5183 ·
3217 5155 3311 5208 καὶ
3340 5158 3366 5208 6
3392 5158 3556 5226 άρτος
3585 5156 3641 5209 δὲ
3671 5156 3734 5209 ὃν
3767 5159 3910 5226 ἐγὼ

2289 5245 2465 5310 δώσω,
2517 5247 2551 5315 ή
2601 5245 2735 5313 σάρξ
2782 5246 2882 5315 μού
2936 5247 3151 5316 ἐστινή
3201 5247 3340 5318 ὑπὲρ
3386 5248 3484 5316 τῆς
3519 5247 3614 5300 τοῦ
3665 5248 3908 5319 κόσμου

2299 5337 2463 5407 ζωῆς.
2490 5357 2507 5388 ι
2565 5339 2780 5409 Ἐπειδὴ
2829 5340 2937 5408 γὰρ
2967 5342 3013 5392 οἱ
3042 5339 3102 5403 ἐξ
3136 5340 3364 5409 αἵματος
3416 5341 3628 5411 Ἰσραὴλ
3669 5343 3911 5398 Μωσέα.

2296 5429 2675 5500 κατεθήπεσαν
2717 5433 2808 5483 ἐπὶ
2837 5434 2902 5500 τῇ
2933 5430 3026 5482 τοῦ
3063 5431 3236 5499 μάννα
3271 5433 3523 5502 χορηγίᾳ,
3548 5430 3912 5500 καθιεμένου

2300 5520 2398 5589 μὲν
2436 5523 2548 5582 τοῖς
2575 5522 2832 5590 τηνικάδε
2887 5519 3028 5573 κατά
3073 5520 3171 5589 τὴν
3218 5520 3450 5591 ἔρημον·
3487 5520 3910 5590 ἀποπληροῦν-

2295 5626 2385 5671 τες
2423 5608 2544 5680 [ῖσ.
2573 5606 3050 5681 ἀποπληροῦντος]
3110 5608 3165 5662 δὲ
3227 5607 3397 5663 τύπον
3448 5607 3546 5678 τῆς
3601 5610 3910 5682 μυστικῆς

619 5244 775 5297 pane,
809 5232 951 5287 vivet
989 5234 1041 5287 in
1076 5245 1333 5290 aeternum
1362 5256 1376 5290 :
1417 5248 1470 5292 et
1493 5240 1645 5307 panis
1697 5255 1853 5308 quem
1886 5257 1984 5312 ego
2027 5243 2184 5306 dabo,

617 5334 745 5375 caro
779 5337 893 5375 mea
927 5332 1008 5376 est
1033 5339 1134 5394 pro
1163 5329 1344 5381 mundi
1373 5329 1481 5382 vita
1511 5330 1579 5383 ".
1619 5349 1636 5381 ι
1670 5331 1800 5385 Nam
1833 5335 1956 5402 quia
1980 5347 2045 5385 ex
2099 5348 2189 5402 ge-

620 5425 747 5463 nere
776 5413 939 5466 Israel
976 5416 1083 5468 nati
1107 5418 1171 5470 de
1204 5433 1398 5473 manna
1427 5421 1857 5489 suppeditatione
1884 5422 2066 5476 Mosen
2095 5424 2190 5477 ad-

620 5498 975 5566 mirabantur,
1013 5505 1167 5574 113
1199 5509 1344 5574 quod
1414 5525 1536 5563 cum
1583 5526 1676 5580 per
1729 5513 2002 5566 desertum
2071 5513 2189 5582 ejus

621 5595 875 5661 temporis
898 5596 1201 5656 hominibus
1238 5600 1526 5656 demissum
1553 5602 1766 5669 fuisset,
1802 5613 1982 5674 typum
2021 5607 2188 5675 gessit

693 5768 784 5824 "l
815 5771 936 5827 Cor.
973 5789 1044 5839 vt,
1074 5775 1260 5831 22-26.
1337 5783 1382 5816 9*
1414 5779 1574 5835 llehr.
1619 5781 1783 5847 1,28,
1807 5780 1893 5836 99.
1971 5783 2015 5813 ’⁵
2049 5782 2193 5837 δορυ,

2298 5839 2304 5848 ,
2351 5783 2539 5839 47-ὕῖ.
