4040 6424
128 343 216 400 191
1200 342 1571 401 ADVERSUS
1606 342 2005 400 NESTORIUM
2047 344 2174 399 LIB.
2214 342 2302 399 IV.
3289 343 3395 401 198

126 460 371 527 εὐλογίας
400 475 415 489 ⁶
480 458 617 512 σκιά
674 458 787 531 γὰρ
829 463 858 513 6
913 461 1075 532 νόμος
1106 479 1118 492 ·
1171 465 1431 537 ταύτῃτοι
1474 468 1569 520 καὶ
1611 467 1721 519 Mm

1802 468 2075 536 .mysticm
2106 464 2530 521 benedictionis:
2587 464 2775 517 umbra
2828 478 3057 533 namque
3120 474 3238 518 erat
3276 466 3397 533 lex;

126 549 392 620 εὐτέχνως
434 551 465 602 6
502 549 715 621 Κύριος
744 552 903 621 ἡμῶν
950 554 1156 623 Ἰησοῦς
1188 556 1424 626 Χριστὸς
1453 574 1721 627 κατασμι-

1832 556 1952 609 ideo
1976 557 2270 625 prudenter
2326 553 2613 607 admodum
2670 552 2929 607 Dominus
2996 563 3181 607 noster
3241 552 3400 608 Jesns

125 641 299 711 κρύνει
342 642 443 693 τὸν
478 640 678 705 τύπον,
726 644 1044 711 μετασοϐὦν
1082 647 1162 707 είς
1197 646 1477 715 ἀλήθειαν.
1512 648 1587 699 Οὐ
1618 649 1720 719 γάρ

1826 644 2076 700 Christus
2099 655 2282 716 typum
2305 652 2645 708 extenuat,ut
2670 643 2736 697 ad
2760 644 3043 698 veritatem
3076 645 3396 699 transferat.

123 732 192 783 τοί
218 749 397 802 φησιν
438 732 662 795 ἐκεῖνος
695 729 839 785 εἶναι
871 732 991 804 [ισ.
1022 729 1123 805 ἦν]
1158 735 1186 786 6
1214 738 1314 805 τῆς
1355 736 1502 805 ζωῆς
1540 736 1718 805 ἄρτος,

1828 735 2013 804 Neque
2042 735 2550 804 cnim,inqnit,il|c
2576 734 2673 788 fuit
2728 738 2884 803 panis
2943 736 3087 799 vitm,
3146 737 3238 789 sed
3301 752 3400 805 ego

122 825 225 876 ἀλλ’
270 824 395 891 ἐγὼ
449 824 662 893 μᾶλλον
712 826 742 877 6
787 825 847 888 ἐξ
897 825 1146 895 οὐρανοῦ,
1189 827 1282 879 καὶ
1336 826 1616 889 ζωοποιῶν
1657 828 1717 879 τὰ

1828 826 2004 894 potius
2034 828 2125 892 qui
2158 827 2224 881 de
2249 826 2384 880 caelo
2414 840 2555 888 sum,
2584 836 2637 877 et
2671 827 2851 877 omnia
2889 826 3119 890 viviﬁco,
3154 836 3208 879 ct
3240 843 3323 879 me
3349 828 3398 879 iu

122 918 317 979 πάντα,
362 917 468 969 καὶ
527 918 645 980 τοῖς
675 916 948 969 ἐσθίουσιν
990 918 1230 987 ἐμαυτὸν
1268 919 1453 983 ἐνιεὶς,
1496 920 1591 971 καὶ
1636 919 1717 972 διὰ

1828 919 2216 973 manducantes
2237 919 2397 972 etiam
2433 932 2527 985 per
2557 918 2761 970 unitam
2783 917 2915 970 mihi
2937 932 3155 970 carnem
3187 918 3397 971 insero:

120 1009 209 1077 τῆς
256 1007 578 1077 ἐνωθείσης
623 1008 751 1076 ἐμοὶ
792 1008 1023 1078 σαρκός·
1075 1008 1104 1060 ὃ
1144 1008 1207 1079 δὴ
1250 1010 1345 1061 καὶ
1391 1009 1715 1081 σαφέστεροι

1828 1010 1973 1077 quod
2012 1010 2174 1063 etiam
2206 1009 2406 1062 clarius
2446 1007 2697 1074 reddidit,
2730 1007 2916 1061 dicens
2955 1024 2968 1059 :
3013 1023 3030 1055 ι
3063 1007 3236 1060 Amen
3276 1007 3399 1059 dico

119 1098 283 1149 ἐποίει
327 1099 556 1167 λέγων’
617 1117 637 1150 ι
674 1098 847 1168 ’Δμὴν
895 1099 1039 1168 λέγω
1084 1101 1235 1170 ὑμῖν,
1284 1101 1379 1154 ἐὰν
1410 1101 1483 1172 μὴ
1513 1101 1714 1170 φάγητε

1829 1100 2003 1167 vobis,
2041 1100 2139 1153 nisi
2162 1098 2613 1153 manducaveritis
2643 1113 2859 1151 carnem
2916 1096 3035 1150 Filii
3066 1097 3322 1160 hominis,
3346 1106 3402 1150 et

118 1189 208 1253 τὴν
245 1190 440 1259 σάρκα
466 1190 567 1241 τοῦ
608 1188 736 1241 Υίοῦ
771 1189 867 1241 τοῦ
893 1189 1205 1261 ἀνθρώπου,
1242 1193 1337 1244 καὶ
1370 1193 1528 1263 πίητε
1558 1191 1713 1245 αὺτοῐ

1829 1190 2075 1245 biberitis
2116 1189 2232 1255 ejus
2285 1190 2621 1257 sanguinem,
2656 1204 2760 1241 non
2820 1186 3087 1241 habebitis
3133 1188 3299 1241 vitam
3344 1189 3399 1240 in

117 1279 169 1329 τὺ
199 1274 368 1347 αἷμα,
401 1280 513 1332 οὐκ
548 1280 702 1349 ἐχετε
736 1279 884 1351 ζωὴν
921 1283 978 1333 ἐν
1017 1283 1228 1345 ἑαυτοῖς
1253 1300 1267 1313 ·
1312 1285 1340 1336 6
1367 1283 1593 1354 τρώγων
1622 1302 1712 1354 μοι

1828 1282 2001 1336 vobis.
2022 1281 2122 1346 Qui
2150 1282 2626 1334 manducatmeam
2658 1294 2900 1345 carnem,
2942 1288 2999 1333 et
3043 1279 3176 1333 bibit
3222 1292 3397 1331 meum

116 1369 205 1436 τὴν
232 1370 448 1437 σάρκα,
474 1370 575 1421 καὶ
591 1370 765 1422 πίνων
787 1388 892 1441 μου
916 1371 975 1423 τὸ
997 1365 1154 1440 αἷμα,
1180 1371 1293 1441 ἔχει
1313 1371 1459 1441 ζωὴν
1484 1373 1711 1438 αἰώνιον,

1825 1373 2161 1443 sanguinem,
2194 1372 2355 1426 habet
2384 1373 2546 1425 vitam
2596 1382 2878 1432 aeternam,
2909 1381 2964 1425 et
3023 1386 3122 1441 ego
3168 1370 3400 1424 resusci-

115 1456 263 1523 κάγὼ
292 1460 608 1529 ἀναστήσω
650 1460 817 1514 αὑτὸν
859 1462 917 1513 ἐν
955 1464 1019 1532 τῇ
1050 1463 1255 1535 ἐσχάτῃ
1284 1463 1486 1534 ἡμέρᾳ.
1525 1465 1588 1516 Ἢ
1618 1466 1710 1536 γάς

1828 1465 1952 1519 tabo
1974 1478 2094 1518 eum
2126 1466 2178 1517 in
2210 1464 2500 1519 novissimo
2522 1465 2626 1517 die.
2666 1462 2797 1517 Nam
2828 1479 2954 1516 caro
2992 1478 3108 1517 mea
3131 1477 3254 1516 vere
3314 1471 3399 1517 est

114 1547 241 1616 σάρξ
296 1565 413 1618 μου
470 1550 687 1620 ἀληθής
731 1551 852 1603 ἐστι
897 1550 1130 1620 βρῶσις·
1181 1554 1275 1607 καὶ
1316 1554 1377 1606 τὸ
1416 1550 1558 1624 αἷμά
1598 1573 1709 1625 μου

1825 1557 1997 1622 cibus,
2026 1567 2078 1611 et
2105 1557 2325 1625 sanguis
2358 1570 2506 1609 meus
2529 1570 2653 1609 vere
2684 1564 2768 1608 est
2795 1567 2972 1626 potus.
3015 1556 3116 1622 Qui
3169 1556 3395 1609 mandu-

111 1639 315 1710 ἀληθής
359 1641 489 1692 ἐστι¹
524 1642 706 1705 πόσις.
753 1643 811 1694 ’0
844 1642 1075 1714 τρώγων
1110 1662 1211 1714 μου
1246 1646 1346 1718 τὴν
1387 1646 1595 1716 σάρκα,
1630 1648 1706 1701 κα

1826 1658 1911 1704 cal
1942 1664 2113 1703 meam
2139 1663 2379 1712 carnem,
2413 1658 2463 1702 et
2485 1647 2619 1701 bibit
2650 1662 2826 1700 meum
2857 1647 3197 1714 sanguinem,
3230 1646 3282 1699 in
3314 1658 3399 1699 Ine

110 1731 273 1782 πίνων
312 1749 426 1801 μου
455 1732 524 1784 τὸ
556 1726 718 1802 αἷμα,
765 1733 825 1785 ἐν
867 1735 990 1803 ἐμοὶ
1041 1736 1211 1803 μένει,
1255 1736 1410 1804 κάγὼ
1445 1739 1502 1788 ἐν
1548 1738 1697 1807 αὑτῷ

1826 1749 2030 1807 manet,
2059 1749 2112 1793 et
2145 1754 2242 1809 ego
2267 1740 2318 1793 in
2345 1754 2429 1792 eo.
2470 1738 2622 1792 Sicut
2650 1740 2797 1791 misit
2823 1754 2907 1792 me
2931 1741 3114 1791 virens
3148 1736 3326 1801 Pater,
3345 1744 3398 1789 et

106 1821 302 1883 Καθὼς
343 1822 653 1875 ἀπέστειλέ
685 1841 753 1893 με
785 1826 813 1877 6
840 1823 948 1886 ζῶν
976 1825 1181 1896 Πατὴρ,
1212 1826 1367 1893 κάγὼ
1400 1826 1475 1889 ζῶ
1501 1828 1588 1881 διὰ
1626 1829 1701 1880 τοι

1817 1843 1917 1897 ego
1943 1829 2064 1881 vivo
2096 1837 2316 1896 propter
2343 1829 2586 1894 Patrem;
2626 1838 2679 1882 et
2728 1828 2816 1895 qui
2853 1830 3140 1881 manducet
3188 1843 3294 1889 me,
3344 1836 3398 1880 et

105 1914 347 1983 Πατέρα,
383 1914 487 1965 καὶ
518 1915 547 1964 6
566 1914 799 1983 τρώγων
823 1932 912 1983 με,
943 1915 1193 1978 κάκεῖνος
1217 1915 1495 1987 ζήσεται.»
1532 1917 1697 1987 Ἀθρε

1822 1918 1939 1986 ipse
1968 1920 2110 1973 vivet
2140 1919 2207 1971 ".
2248 1938 2265 1971 ι
2304 1917 2617 1989 Videigitur
2643 1918 3094 1987 quemadmodum
3152 1918 3205 1972 in
3243 1918 3397 1971 nobis

106 2002 161 2073 δὴ
208 1999 306 2055 οὖν
355 2004 521 2065 ὅπως
557 2005 616 2054 ἐν
651 2006 785 2073 ἡμῖν
828 2006 1001 2076 μένει,
1036 2008 1130 2059 καὶ
1179 2006 1386 2078 φθορᾶς
1430 2008 1699 2076 ἀποφαίνε

1824 2020 2004 2064 manet
2040 2019 2093 2064 et
2115 2011 2474 2079 corruptionis
2505 2012 2734 2065 victores
2757 2009 2939 2073 edicit,
2975 2010 3098 2064 dum
3126 2025 3184 2064 se
3218 2010 3270 2063 in
3302 2026 3396 2063 uo-

105 2095 453 2163 κρείττονᾶς,
488 2096 607 2157 τοῖς
633 2096 927 2166 ἡμετέροις
950 2096 1195 2167 σώμασιν
1212 2098 1483 2166 ἐγκαθιεὶς
1506 2100 1699 2151 ἐαυτὸν

1822 2104 1935 2147 stra
1957 2094 2462 2164 demittitcorpora,
2493 2108 2552 2151 ut
2586 2097 2717 2160 dixi,
2745 2099 2906 2152 etiam
2933 2111 3029 2165 per
3075 2112 3229 2151 suam
3272 2113 3395 2150 car-

104 2186 170 2247 ὡς
202 2187 371 2256 ἔφην,
427 2186 533 2239 καὶ
582 2186 671 2239 διὰ
714 2187 814 2256 τῆς
858 2188 991 2251 ίδίας
1029 2189 1251 2258 σαρκὸς,
1302 2192 1336 2259 ἢ
1384 2190 1475 2243 καὶ
1518 2190 1699 2261 ἀληθη

1823 2202 1966 2250 nem,
1995 2202 2111 2256 qua:
2138 2202 2298 2241 verus
2317 2198 2400 2241 est
2432 2190 2610 2253 cibus,
2636 2204 2759 2243 cum
2786 2188 2871 2241 illa
2900 2189 3083 2256 legalis
3116 2189 3396 2251 umbra,et

102 2277 211 2328 ἐστι
244 2276 494 2345 βρῶσις,
532 2278 635 2345 τῆς
663 2279 720 2328 ἐν
758 2278 910 2348 νόμῳ
943 2280 1121 2342 σκιᾶς,
1165 2279 1382 2346 καὶτῆς
1408 2281 1525 2331 κατ’
1550 2282 1697 2351 αὑτὴ

1823 2280 2001 2333 cultus
2031 2281 2315 2348 peripsam
2344 2281 2646 2343 institutus,
2685 2297 2789 2336 non
2844 2281 3041 2334 habeat
3085 2282 3392 2334 veritatem.

101 2368 362 2435 λατρείας
396 2368 507 2420 οὐκ
544 2368 779 2437 ἐχούσης
816 2370 915 2440 τὴν
948 2370 1227 2438 ἀλήθειαν.
1274 2372 1385 2423 Καὶ
1430 2372 1458 2423 6
1500 2372 1597 2440 μὲν
1624 2372 1696 2423 τοὶ

1822 2370 1886 2423 Ει
1917 2372 2157 2441 mysterii
2192 2374 2404 2439 quidem
2429 2374 2563 2426 ratio
2599 2373 2825 2441 simplex
2854 2382 2935 2427 est
2984 2388 3047 2426 ac
3106 2388 3256 2435 vera,
3288 2388 3391 2424 nnu

102 2460 415 2529 μυστηρίου
444 2460 635 2527 λόγος,
666 2461 872 2523 ἁπλοῦς
910 2478 968 2513 τε
996 2462 1091 2513 καὶ
1121 2461 1349 2532 ἀληθὴς,
1377 2462 1438 2514 οῦ
1460 2463 1697 2515 ποικίλοις

1820 2460 1986 2514 variis
2010 2462 2394 2531 cogitationum
2411 2464 2731 2525 commentis
2749 2464 2815 2516 ad
2847 2454 3177 2532 impietatem
3197 2466 3358 2533 exqui
3374 2494 3391 2504 -

102 2552 315 2603 ἐννοιῶν
360 2552 689 2621 εὑρήμασιν
718 2553 799 2614 εἰς
836 2553 1161 2622 ἀνοσιότητα
1208 2557 1697 2626 περιειργασμένος

1820 2552 1923 2607 site
1946 2553 2262 2621 composita,
2280 2554 2393 2615 sed,
2427 2562 2483 2606 ιιι
2512 2552 2909 2622 dixi,simplex.
2935 2553 3219 2609 Credimus
3240 2570 3391 2607 nam-

101 2642 307 2706 ἁπλοῦς
337 2643 426 2706 δὲ,
460 2644 543 2705 ὡς
579 2642 737 2711 ἔφην.
778 2644 1117 2714 ῙΙιστεύομεν
1135 2645 1244 2717 γὰρ
1269 2648 1345 2709 ὡς
1372 2648 1449 2718 τῷ
1478 2649 1696 2718 τεχθέντ

1821 2658 1927 2712 que
1958 2643 2082 2697 illud
2114 2658 2180 2697 ex
2218 2643 2325 2697 Deo
2359 2644 2516 2699 Patre
2543 2643 2937 2708 Verbum,cum
2970 2658 3028 2699 se
3057 2645 3269 2714 corpori
3297 2660 3393 2715 per

101 2734 180 2787 διὰ
208 2735 311 2803 τῆς
340 2734 523 2802 ἁγίας
557 2733 845 2803 Παρθένου
893 2734 1128 2806 σώματι,
1166 2738 1346 2809 ψυχὴν
1374 2739 1547 2809 ἔχοντι
1581 2743 1696 2810 λογι

1820 2743 2063 2790 sanctam
2092 2734 2366 2803 Virginem
2396 2735 2561 2802 edito,
2582 2735 2912 2804 habentique
2929 2736 3243 2791 rationalem
3274 2736 3391 2790 ani-

100 2826 214 2894 κήν,
250 2826 479 2889 ἐνώσας
524 2824 719 2876 ἐαυτὸν
748 2826 775 2878 6
808 2827 873 2878 ἐκ
895 2826 1031 2879 Θεοῦ
1066 2828 1279 2900 Πατρός
1302 2830 1474 2898 Λόγος
1494 2849 1509 2861 ’
1542 2833 1688 2905 ἀπόῤ

1821 2840 1968 2879 mam
2000 2826 2247 2892 uniisset,
2279 2826 2547 2893 quaennio
2585 2825 2869 2880 inellabills
2917 2842 3137 2896 prorsus
3178 2842 3239 2882 ac
3279 2843 3392 2897 my-

104 2922 257 2987 ρητος
299 2919 363 2971 δέ
402 2934 541 2982 που,
592 2917 689 2970 καὶ
727 2920 968 2990 μυστικὴ
1014 2919 1233 2982 πάντως
1267 2923 1299 2991 ἡ
1339 2922 1533 2985 ἐνωσις
1585 2926 1699 2987 ζωοι

1820 2916 1953 2972 stica
1972 2915 2093 2982 fuit,
2123 2917 2295 2987 ipsum
2329 2932 2522 2985 corpus
2546 2916 2845 2971 reddidisse
2875 2918 3169 2983 viviﬁcum,
3195 2920 3393 2987 quippe

104 3007 249 3059 ποιὸν
278 3007 587 3076 ἀπέφηνεν
621 3007 774 3072 αὐτὸ,
809 3007 924 3078 ζωὴ
960 3008 1102 3061 κατά
1135 3009 1297 3077 φύσιν
1346 3012 1608 3082 ὑπάρχων
1646 3014 1699 3067 ὠι

1821 3022 1941 3063 cum
1971 3009 2232 3072 Verbum,
2255 3019 2439 3079 utpote
2464 3008 2628 3073 Deus,
2672 3010 2776 3063 vita
2800 3010 2870 3063 sit
2890 3012 3188 3064 secundum
3220 3022 3388 3065 natu-

100 3097 247 3161 θεὸς,
278 3098 376 3149 ἵνα
411 3097 573 3164 ἡμᾶς
606 3097 803 3149 ἐαυτοῦ
833 3097 1096 3167 μετόχους
1126 3100 1428 3166 ἀποτελῶν,
1476 3122 1692 3175 πνευμα

1824 3114 1963 3164 ram,
1987 3108 2044 3153 ut
2080 3115 2180 3154 nos
2213 3117 2316 3154 non
2346 3099 2570 3169 spiritali
2597 3109 2830 3164 tantum,
2862 3114 3046 3153 verum
3081 3101 3241 3155 etiam
3269 3116 3386 3156 cor-

100 3188 261 3250 τικῶς
309 3204 375 3239 τε
414 3186 542 3256 ἅμα
573 3187 670 3238 κοί)⁸
704 3189 1055 3257 σωματικῶς,
1098 3190 1193 3243 καὶ
1224 3192 1432 3262 φθορᾶς
1462 3195 1695 3267 ἀποφήνῃ

1819 3190 1990 3257 porali
2023 3190 2182 3243 modo
2214 3191 2294 3243 sui
2317 3191 2605 3259 participes
2622 3190 2865 3253 eﬂ'ectos,
2888 3190 3234 3259 corruptiOne
3260 3206 3394 3259 pra:-

105 3280 449 3348 κρείττονας,
490 3278 590 3329 καὶ
618 3278 720 3346 τῆς
755 3279 1030 3348 ἁμαρτίας
1065 3281 1157 3332 τὸν
1200 3282 1363 3352 νόμον
1394 3285 1486 3337 τὸν
1519 3286 1576 3339 ἐν
1603 3292 1700 3351 τοῖς

1818 3279 2109 3333 stantiores
2198 3280 2470 3341 redderet,
2543 3288 2595 3332 et
2670 3288 2927 3332 evacuate
2986 3295 3080 3347 per
3156 3280 3391 3348 seipsum

107 3371 286 3436 μέλεσι
467 3370 679 3438 σαρκὸς
704 3371 1031 3441 καταργήσῃ
1072 3372 1141 3424 δι’
1179 3374 1394 3439 ἐαυτοῦ,
1427 3380 1702 3449 κατέκρινε

1820 3371 2021 3437 peccati
2056 3372 2167 3439 lege
2186 3372 2237 3423 in
2259 3369 2515 3424 membris
2546 3370 2725 3423 carnis
2746 3371 2939 3438 posita,
2963 3373 3243 3424 damnaret
3267 3386 3389 3440 pec—

104 3461 193 3528 τὴν
222 3460 525 3532 ἁμαρτίαν
570 3462 630 3513 ἐν
680 3462 866 3531 σαρκὶ,
922 3463 1065 3515 καθά
1093 3464 1420 3534 γέγραπται.
1476 3470 1689 3524 Ἀνδάνε

1818 3472 1996 3513 calum
2029 3462 2079 3514 in
2108 3474 2291 3522 carne,
2324 3462 2464 3515 sicut
2494 3462 2756 3529 scriptum
2788 3470 2870 3515 est
2896 3462 2964 3515 ’⁷.
2985 3461 3089 3516 Sed
3122 3462 3252 3523 haec,
3287 3463 3390 3516 nisi

105 3552 172 3617 δὲ,
203 3550 392 3624 οἶμαι⁹
424 3554 596 3607 ταυτὶ
627 3554 749 3606 κατ’
771 3553 963 3605 οὐδένα
992 3555 1192 3623 τρόπον
1214 3557 1291 3625 τῷ
1308 3560 1415 3611 τῶν
1434 3561 1568 3613 νέων
1586 3564 1700 3632 mm

1817 3549 1993 3614 fallor,
2032 3560 2219 3605 nostro
2278 3565 2537 3605 novorum
2570 3562 2998 3606 commcntorum
3055 3552 3390 3622 dogmatisla:

105 3642 440 3712 εὑρημάτων
468 3642 841 3713 δογματιστῇ,
859 3642 917 3704 ὃς
941 3637 1028 3695 οἷά
1048 3660 1132 3706 τις
1156 3645 1355 3715 μόσχος
1378 3648 1700 3718 ἀτιμαγέλας

1818 3640 1963 3694 nullo
1982 3642 2140 3695 modo
2168 3640 2497 3712 placent,qui
2533 3652 2787 3713 tauquam
2819 3643 3019 3697 vitulus
3046 3652 3391 3714 contemptor

106 3735 187 3785 ἐπὶ
218 3735 389 3804 μόνον
426 3736 574 3787 ἵεται
604 3735 665 3787 τὸ
696 3733 839 3787 κατὰ
885 3734 1113 3805 γνώμην
1148 3737 1317 3807 αὐτῷ,
1370 3740 1461 3792 καὶ
1484 3742 1582 3812 τὴν
1617 3744 1712 3797 τοῦ
1815 3734 2164 3801 desertorque
2220 3734 2421 3804 gregis,
2496 3736 2547 3789 in
2600 3735 2654 3788 id
2727 3735 2902 3790 solum
2986 3737 3161 3804 pergit
3246 3738 3389 3805 quod

106 3828 419 3897 μυστηρίου
444 3826 689 3895 δύναμιν
717 3828 1175 3899 κατασμικρύνει,
1214 3828 1388 3898 λέγων
1415 3850 1429 3863 ·

1815 3822 1917 3877 sibi
1976 3823 2173 3892 placet,
2221 3836 2275 3880 et
2314 3823 2475 3893 hujus
2522 3826 2761 3896 mysterii
2821 3825 2927 3879 vim
2982 3825 3272 3892 imminuit,
3303 3828 3386 3881 di-

1814 3928 1943 3968 cens
1976 3932 1990 3968 ε

166 4003 478 4073 ἷἈκουσον
531 4005 631 4058 καὶ
669 4004 752 4068 τὸ,
782 4004 1009 4077 Κύριος,
1045 4007 1177 4060 ποτέ
1214 4008 1335 4078 μὲν,
1369 4010 1462 4063 ἐπὶ
1489 4011 1588 4081 τῆς
1614 4014 1708 4067 ἀν·-

1887 4002 2154 4074 [Νεετοιι.
2193 4004 2330 4060 Audi
2358 4007 2517 4061 etiam
2548 4008 2648 4061 hoc
2704 4022 2920 4070 nomen,
2983 4006 3228 4071 Domine,
3283 4009 3385 4062 ali~

104 4099 462 4169 θρωπότητος
498 4097 599 4148 τοῦ
628 4096 871 4166 Χριστοῦ
891 4109 906 4125 °
940 4100 1070 4153 ποτέ
1095 4100 1175 4166 δὲ,
1210 4101 1303 4152 ἐπὶ
1327 4101 1425 4170 τῆς
1457 4101 1699 4173 θεότητος

1812 4098 2030 4165 quando
2061 4096 2127 4150 de
2160 4098 2491 4152 humanitate
2522 4097 2746 4165 Christi,
2781 4099 3071 4167 aliquando
3102 4099 3167 4153 dc
3192 4102 3386 4155 divini-

103 4190 261 4241 αὑτοῦ
287 4206 300 4219 °
345 4190 491 4242 ποτὲ
525 4188 606 4251 δέ,
633 4189 722 4239 ἐπ’
756 4188 1087 4260 ἀμφοτέρων
1121 4191 1392 4262 κείμενοψ
1434 4211 1451 4244 ι
1487 4194 1698 4259 Ὁσάκις

1811 4202 1921 4246 tate
1938 4192 2075 4260 ejus,
2108 4194 2395 4264 aliquando
2428 4195 2493 4248 de
2523 4206 2758 4263 utroque
2788 4194 3047 4263 positum.
3087 4213 3104 4246 ι
3134 4196 3387 4262 Quoues-

102 4282 158 4332 5w
188 4282 422 4351 ἐσθίητε
457 4280 558 4331 τὸν
590 4280 756 4348 ἄρτον
783 4280 997 4345 τοῦτον,
1030 4284 1125 4335 καὶ
1153 4283 1215 4336 τὸ
1262 4286 1523 4355 ποτήριον
1549 4289 1697 4343 τοῦτο

1810 4286 2044 4355 cunque
2083 4285 2476 4340 manducabitis
2501 4301 2691 4353 panem
2721 4285 2882 4346 hunc,
2941 4295 2995 4339 et
3050 4286 3275 4339 calicem
3307 4289 3387 4342 Ιιὶσ

102 4375 310 4444 πίνητε,
368 4373 469 4426 τὸν
522 4370 758 4424 θάνατον
810 4372 906 4425 τοῦ
958 4374 1164 4445 Κυρίου
1219 4379 1640 4445 καταγγέλλετε.
1683 4401 1697 4433 ι

1814 4378 1969 4441 betis,
2000 4389 2225 4432 mortem
2262 4376 2466 4430 Domini
2506 4375 2978 4429 annuntiabitis”.
3017 4395 3033 4426 ι
3064 4377 3224 4449 ιιι
3250 4378 3380 4431 Audi

104 4467 371 4519 Ἄκουσον
422 4468 491 4515 ἐκ
542 4463 653 4515 τῶν
706 4466 1140 4535 προηγουμένων
1179 4468 1278 4537 τὴν
1323 4470 1563 4537 ἀμαθίαν
1595 4473 1699 4527 τῶν

1812 4482 1875 4521 ex
1928 4468 2353 4534 prrecedentibns
2406 4467 2729 4535 imperitiam
2785 4466 3183 4534 objicientium,
3242 4473 3382 4535 quod

101 4558 515 4620 ἁντιτεθέντων,
573 4554 649 4615 ὡς
685 4553 919 4624 ἰσχυρὰν
968 4554 1404 4622 ἀναγινώσκουσι
1453 4558 1547 4611 τοῦ
1602 4579 1696 4630 μυ-

1816 4558 2105 4610 maximam
2126 4572 2245 4611 esse
2278 4558 2631 4626 legauthujus
2666 4559 2908 4625 mysterii
2962 4558 3277 4622 utilitatem,
3328 4572 3382 4614 et

102 4647 318 4715 ςτηρὶου
378 4645 490 4713 τὴν
549 4642 843 4711 ὠφέλειαν,
899 4644 995 4696 καὶ
1039 4644 1183 4708 τίνος
1236 4648 1349 4709 τοῖς
1395 4648 1697 4719 ἀνθρώποις

1814 4649 1967 4716 cujus
1988 4651 2557 4703 commemorationem
2592 4648 2897 4702 hominibus
2955 4649 3184 4703 alTerat:
3221 4659 3382 4719 atque

102 4740 405 4808 παρέχεται
458 4738 565 4803 τὴν
609 4737 954 4807 ἀνάμνησινο
1011 4738 1105 4789 καὶ
1164 4739 1397 4793 ἄκουσον
1445 4742 1518 4814 μὴ
1570 4745 1697 4813 ἐμοῦ

1812 4740 1935 4791 audi
1968 4754 2072 4791 non
2104 4755 2187 4793 me
2222 4742 2332 4793 lucc
2364 4741 2654 4803 dicentem,
2698 4742 2791 4793 sed
2838 4739 3055 4793 beatum
3112 4739 3333 4794 Paulum
3359 4760 3378 4798 :

96 4830 261 4884 ταῦτα
288 4831 585 4898 λέγοντος,
621 4828 759 4882 ἀλλά
791 4828 888 4881 τοῦ
926 4832 1204 4901 μακαρίου
1236 4831 1484 4885 Παύλου*
1513 4854 1530 4884 ι
1556 4836 1687 4889 Ὁσά

1818 4846 1835 4879 ι
1873 4830 2308 4896 Quotiescunque
2340 4829 2729 4882 uianducabitis
2757 4842 2945 4895 panem
2972 4829 3134 4882 hunc.
3191 4846 3209 4879 ι
3261 4828 3374 4885 Non

99 4940 175 4983 κις
208 4923 438 4991 ἐσθίητε
481 4921 581 4971 τὸν
613 4921 783 4989 ἄρτον
806 4920 1018 4974 τοῦτον.
1056 4939 1074 4971 ι
1116 4923 1230 4974 Οὐκ
1262 4918 1435 4988 εἶπεν,
1470 4925 1694 4991 ’Ὁσάκις

1811 4921 1947 4973 dixit
1986 4920 2243 4985 :Qnoties
2266 4920 2657 4973 manducabitis
2674 4918 3003 4973 divinitatem
3035 4920 3203 4982 hanc;
3240 4935 3376 4989 quu-

98 5013 154 5064 ἂν
184 5016 415 5084 ἐσθίητε
452 5012 554 5082 τὴν
601 5011 835 5079 θεότητα
866 5011 1102 5082 ταύτην*
1135 5014 1325 5076 ὁσάκις
1369 5016 1435 5067 ἂν
1484 5016 1693 5086 ἐσθίητε

1810 5014 1907 5065 tics
1937 5012 2330 5066 manducabitis
2357 5027 2545 5078 panem
2578 5013 2739 5066 hunc.
2766 5010 2896 5065 Vide
2918 5012 2983 5065 de
3022 5027 3247 5080 corpore
3274 5013 3375 5067 Do-

97 5106 173 5155 τὶν
209 5108 383 5175 ἄρτον
415 5102 638 5155 Ἰτοῦτον.
663 5102 842 5153 Βλέπε
870 5104 1000 5171 περὶ
1032 5103 1125 5155 τοῦ
1165 5105 1414 5175 σώματος
1434 5108 1582 5177 αὐτῷ
1605 5109 1692 5160 τοῦ

1806 5105 2005 5157 minico
2030 5105 2101 5157 illi
2134 5119 2254 5158 esse
2284 5106 2617 5172 propositum
2648 5121 2666 5158 :
2696 5120 2715 5154 ι
2755 5103 3197 5172 Quotiescunque
3221 5121 3372 5158 unum

97 5197 420 5251 δεσποτικοῦ
471 5196 536 5247 τὸ
585 5195 975 5265 προκείμενον.
1027 5210 1047 5246 t
1096 5198 1321 5261 Ὁσάκις
1372 5198 1438 5251 ἂν
1481 5201 1692 5270 ἐσθίητε

1803 5198 2068 5251 ducabitis
2102 5212 2291 5263 panem
2351 5198 2512 5259 hunc,
2564 5213 2581 5245 ι
2623 5195 2776 5264 cujus
2821 5204 2901 5249 est
2955 5196 3127 5263 ipsum
3178 5210 3371 5262 corpus

96 5292 172 5338 τὸν
220 5290 395 5358 ἀρτον
449 5285 679 5349 τοῦτον,
722 5303 738 5334 ι
782 5277 843 5337 οὗ
894 5288 1009 5337 ἐστι
1061 5285 1120 5337 τὸ
1170 5286 1331 5355 σῶμα
1378 5289 1691 5343 ἀντίτυπον.

1800 5291 2119 5360 antitypum.
2165 5290 2448 5342 Videamus
2478 5302 2607 5356 ergo
2638 5286 2795 5354 cujus
2845 5302 3024 5339 mors:
3056 5305 3071 5336 I
3119 5286 3370 5352 Quoties-

100 5381 323 5448 Ἰδωμεν
354 5377 460 5432 οὗν
491 5378 640 5440 τίνος
671 5380 699 5429 6
727 5376 988 5437 θάνατος’
1026 5397 1042 5428 ι
1093 5378 1313 5443 Ὁσάκις
1365 5380 1431 5433 ἂν
1477 5381 1693 5451 ἐσθίητε

1800 5396 2010 5450 cunque
2029 5379 2427 5434 manducabitis
2458 5394 2648 5448 panem
2677 5379 2843 5440 hunc,
2872 5387 2925 5430 et
2952 5377 3174 5431 calicem
3230 5379 3369 5432 hunc

98 5472 170 5521 ctu
202 5473 374 5541 ἄρτον
407 5469 632 5529 τοῦτον,
666 5470 764 5522 καὶ
788 5469 849 5521 τὸ
880 5469 1138 5537 ποτήριον
1171 5468 1334 5522 τοῦτο
1359 5470 1575 5540 πίνητε,
1601 5472 1692 5524 τὸν

1799 5475 2017 5537 bibulis,
2042 5484 2264 5527 mortem
2300 5472 2505 5525 Domini
2542 5472 2949 5524 annuntiahitis.
2974 5490 3001 5533 ,›
3038 5471 3173 5523 Audi
3198 5471 3251 5523 in
3278 5486 3366 5525 se-

98 5562 323 5615 θάνατον
369 5562 471 5613 τοῦ
520 5560 733 5631 Κυρίου
786 5560 1210 5627 καταγγέλλετε.
1244 5580 1260 5611 ›
1298 5561 1563 5614 Ἄκουσον
1599 5563 1689 5615 καὶ

1797 5567 2085 5635 quentibus
2122 5567 2390 5635 apertius:
2435 5584 2451 5614 ι
2482 5564 2656 5621 Donec
2689 5565 2863 5619 veniat
2894 5565 2992 5619 θ’.»
3029 5562 3157 5629 Quis
3190 5574 3363 5618 autem

158 5743 199 5772 "
230 5743 393 5799 Joan.
432 5756 506 5804 γι,
551 5736 749 5791 54-58.
829 5738 873 5770 ’⁷
901 5735 1055 5792 Rom.
1091 5752 1207 5804 Vm,
1239 5739 1293 5796 '5.
1371 5740 1417 5772 ’⁸
1451 5738 1467 5793 Ι
1500 5738 1626 5797 Cor.
1655 5755 1734 5809 ΣΙ»

551 5736 749 5791 54-58.
829 5738 873 5770 ’⁷
901 5735 1055 5792 Rom.
1091 5752 1207 5804 Vlll,
1239 5739 1293 5796 5.
1371 5740 1417 5772 ’⁸
1451 5738 1467 5793 Ι
1500 5738 1626 5797 Cor.
1655 5755 1734 5809 xu,
1765 5740 1855 5796 9.6.
1932 5742 1975 5773 ⁸⁹
2000 5742 2128 5798 ibid.
