4040 6470
659 388 763 447 199

1661 378 1718 435 S.
1755 378 2034 438 CYRILLI
2073 374 2543 434 ALEXANDBINI
2580 374 2901 433 ARCIIIEP.

3811 385 3911 439 200

660 497 1351 558 venit?VidebutttFilium
1380 496 1613 553 hominis
1667 498 1969 553 venientem
2040 498 2092 550 in
2137 509 2233 548 nn—

2343 494 2399 546 ἒν
2426 496 2537 557 τοῖς
2567 495 2766 565 ἑφεξῆς
2794 494 3166 566 φανερώτερον
3188 513 3231 547 ἰ
3269 494 3461 568 ’Ἄχρις
3480 490 3541 553 οὗ
3579 498 3729 569 ἔλθῃ.
3768 517 3787 550 ι
3819 500 3909 562 Τίς

661 595 816 651 bibus
844 592 966 648 coeli
996 607 1118 646 cum
1152 589 1323 660 gloria
1355 589 1521 643 multa
1552 590 1608 643 ‘z
1644 597 1700 642 et
1728 588 1871 657 quod
1915 587 2091 657 majus
2130 596 2235 648 est,

660 695 784 740 ante
851 682 1124 753 apostolos
1177 682 1443 751 propheta
1519 680 1861 736 manifestius
1929 677 2237 734 venientem

660 777 913 839 ostendit,
943 785 995 830 et
1024 774 1243 839 clamat,
1279 776 1344 827 de
1370 771 1570 827 Judais
1634 770 1820 824 dicens
1851 784 1865 822 :
1898 786 1917 819 ι
1970 766 2239 822 Videbunt

662 869 713 920 in
742 882 903 935 quem
942 871 1376 933 compnnxcrunt
1408 863 1454 914 ⁸.
1502 879 1519 911 ι
1582 859 1721 925 Quid
1765 856 2066 928 igiturillud
2095 869 2240 910 com-

660 965 916 1026 punctum
943 953 1064 1008 est?
1096 952 1291 1016 Latus;
1325 951 1464 1006 latus
1501 964 1630 1005 vero
1690 946 1934 1016 corporis
1993 953 2097 1013 est,
2131 960 2236 1000 non

660 1045 955 1101 divinitatis
988 1043 1006 1115 ]

1337 1306 1488 1363 CAP.
1521 1306 1607 1363 Vl.

730 1456 938 1510 Rursus
968 1468 1094 1523 ergo
1130 1465 1229 1506 nos
1270 1457 1484 1519 oportet
1535 1437 1782 1501 veritatis
1828 1441 2096 1511 dogmatis
2143 1455 2238 1510 pa-

661 1548 872 1602 trocina
888 1545 955 1611 ri,
977 1546 1174 1608 cttuis,
1210 1543 1292 1597 vir
1324 1540 1563 1612 egregie,
1598 1540 1777 1593 verbis
1829 1538 2114 1599 obsistere,
2181 1544 2237 1589 et

661 1652 787 1694 ante
814 1649 1007 1694 caetera
1028 1635 1283 1692 studiosis
1307 1632 1436 1688 illud
1464 1632 1699 1704 prmlari,
1751 1630 1846 1684 tibi
1904 1629 2234 1697 propositum

661 1744 802 1793 esse,
831 1730 883 1782 in
910 1728 1070 1796 idque
1104 1737 1155 1780 te
1185 1722 1469 1780 admodum
1495 1724 1616 1787 niti,
1656 1731 1713 1776 ut
1740 1720 1875 1773 duos
1929 1729 2116 1774 rursus
2150 1729 2236 1772 as-

2340 582 2397 635 δὲ.
2423 584 2453 637 ὁ
2482 585 2807 655 ὲρχόμενοςς
2846 605 2864 637 ι
2897 585 3158 655 Ὄψονται
3193 587 3285 641 τὸν
3318 588 3444 641 Υίὺν
3480 589 3573 641 τοῦ
3625 581 3909 661 ἀνθρώπου

2342 675 2636 747 ἐρχόμενον
2666 678 2758 730 ἐπὶ
2788 677 2897 730 τῶν
2928 679 3171 747 νεφελῶν
3207 679 3304 732 τοῦ
3334 681 3566 751 οὐρανοῦ
3595 682 3733 751 μετὰ
3758 681 3911 751 δόξης

2343 767 2705 837 πολλῆςοικαὶ
2729 768 2791 821 τὸ
2812 769 2878 838 δὴ
2905 768 3109 839 μεῖζον,
3129 771 3234 841 πρὸ
3260 772 3369 825 τῶν
3395 772 3704 827 ἀποστόλῶν
3730 773 3758 825 ὁ
3786 789 3913 844 προ-

2343 858 2521 928 φήτης
2550 859 2883 931 σαφέστερον
2920 862 3012 916 τὸν
3054 863 3348 934 ἐρχόμενον
3380 863 3641 927 δείκνυσι,
3692 865 3786 918 καὶ
3825 864 3913 915 κέ-

2342 962 2516 1016 κραγε
2563 948 2692 1017 περὶ
2732 950 3000 1004 Ἰουδαίων
3047 950 3218 1020 βοῶν’
3254 973 3271 1003 ι
3307 952 3567 1021 Ὄψονται
3612 954 3691 1016 είς
3723 953 3783 1005 δν
3826 952 3911 1016 ἐξ·

2343 1040 2661 1110 εκέντησαν.
2700 1060 2718 1092 ι
2756 1042 2851 1105 Τίς
2894 1038 2987 1095 οὖν
3018 1045 3168 1095 ἔστιν
3197 1046 3225 1096 ὁ
3252 1044 3531 1113 κεντηθείς
3552 1059 3564 1073 ⁶
3606 1048 3640 1115 ή
3674 1046 3910 1115 πλευρά’

2343 1131 2553 1203 πλευρά
2585 1132 2663 1199 δὲ,
2702 1132 2974 1201 σώματος,
3004 1135 3063 1186 οὐ
3097 1134 3352 1205 θεότηύός
3380 1136 3521 1189 ἐστι.
3547 1134 3569 1206 ἶ

2929 1314 3182 1368 unum.
3227 1316 3318 1383 ς’.

2410 1448 2503 1499 Δεῖ
2524 1445 2589 1517 δὴ
2613 1446 2774 1501 πάλιν
2804 1448 2950 1517 ἡμᾶς
2978 1450 3091 1511 τοῖς
3117 1444 3218 1518 τῆς
3248 1446 3504 1518 ἀληθείας
3529 1449 3761 1519 δόγμασι
3794 1468 3919 1502 συν-

2340 1542 2535 1607 ειπεῖν,
2566 1541 2662 1593 καὶ
2688 1541 2801 1603 τοῖς
2827 1540 2961 1605 σοῖς,
3010 1535 3056 1593 ὦ
3083 1534 3255 1606 οὗτος,
3282 1538 3666 1612 ἀντιφέρεσθαι
3701 1542 3912 1610 λόγοις·

2342 1648 2438 1686 και
2475 1633 2583 1704 πρό
2632 1649 2696 1701 γε
2739 1650 2846 1685 των
2894 1629 3070 1686 ἄλλων
3101 1628 3211 1696 τοῖς
3258 1632 3711 1706 φιλακροάμοσιν,
3740 1632 3919 1686 ἐκεῖνο

2340 1727 2551 1790 εἰπεῖν,
2599 1726 2680 1778 ὅτι
2732 1742 2809 1777 σοι
2862 1724 3100 1787 σκοπὸς,
3152 1724 3248 1777 καὶ
3279 1724 3366 1777 διὰ
3397 1724 3634 1793 σπουδῆς
3679 1724 3921 1778 τέθειται

661 1835 809 1875 seras
825 1819 1094 1880 Christus,
1121 1816 1314 1884 quibus
1347 1815 1574 1869 seorsim
1599 1811 1887 1869 conveniat
1915 1808 2236 1864 dominatio—

2349 1816 2583 1887 πολλῆς,
2627 1815 2721 1867 δύο
2748 1815 2815 1885 δὴ
2841 1814 3004 1868 πάλιν
3051 1812 3331 1885 ἀποφῆναι
3375 1816 3641 1885 Χριστοὺς
3664 1856 3678 1881 ,
3714 1808 3794 1877 οἷς
3830 1816 3923 1866 καὶ

660 1914 745 1966 nis
796 1910 1106 1979 appellatio.
1158 1907 1313 1974 Quod
1389 1914 1568 1961 autem
1620 1901 2026 1974 imperitissimo
2086 1898 2142 1953 in
2178 1898 2233 1952 id

660 2003 975 2066 contendas,
1014 2016 1120 2055 non
1155 1992 1537 2054 multolnhore
1589 2012 1618 2050 a
1674 1995 1832 2050 nobis
1897 1990 2230 2047 osmndettir.

662 2095 794 2147 Nam
843 2094 1092 2163 agedum,
1123 2105 1355 2161 expone,
1405 2103 1607 2158 quaeso,
1672 2101 1961 2158 quemnam
2010 2083 2235 2140 deﬁnias

658 2187 959 2249 Christum,
991 2186 1143 2254 cujus
1162 2194 1215 2239 et
1273 2182 1663 2237 humanitatem
1734 2190 1789 2234 et
1826 2179 2083 2232 deitatem
2114 2190 2234 2231 esse

660 2279 795 2333 dicis
821 2295 834 2331 :
867 2276 1136 2346 siquidem
1176 2274 1304 2329 illud
1328 2288 1390 2329 ex
1418 2273 1524 2327 Deo
1556 2271 1712 2326 Patre
1763 2268 2020 2335 Verbum,
2050 2266 2234 2337 aperte

662 2369 917 2426 fateberis
947 2368 1196 2423 eumdem
1219 2372 1339 2420 esse
1363 2367 1526 2418 etiam
1556 2364 1829 2418 hominem
1859 2360 2060 2430 :ipsius
2089 2359 2231 2413 enim

658 2475 778 2515 esse
808 2458 1196 2514 humanitatem
1224 2456 1408 2511 dixisti
1452 2471 1465 2507 :
1506 2456 1592 2508 sin
1618 2452 1766 2509 illum
1811 2466 1877 2507 ex
1917 2450 2237 2520 Virgine,ut

662 2552 774 2621 ipse
804 2549 1028 2615 asserls,
1056 2548 1305 2603 eumdem
1331 2543 1680 2600 nihilominus
1726 2557 1847 2597 esse
1870 2542 2031 2595 etiam
2070 2539 2233 2594 Deum

661 2642 1039 2713 pronuntiasse
1069 2638 1410 2695 convinceris
1440 2651 1458 2689 :
1491 2636 1659 2704 ipsius
1711 2633 1857 2688 enim
1892 2645 2015 2686 esse
2052 2630 2235 2684 dixisti

586 2737 593 2742 '
658 2731 821 2786 etiam
845 2730 1125 2786 deitatem.
1183 2725 1433 2796 Undique
1494 2724 1658 2794 igitur
1709 2721 2018 2791 compulsus
2070 2720 2235 2775 etiam

661 2822 858 2876 invitus
920 2823 986 2876 ad
1035 2821 1347 2883 veritatem,
1402 2829 1569 2871 unum
1632 2815 1913 2869 nobiscum
1977 2810 2237 2867 conﬁtere

659 2911 931 2965 Christum
965 2919 1020 2964 et
1049 2909 1370 2973 Dominum;
1407 2906 1486 2961 sic
1503 2918 1737 2976 namque
1767 2904 1948 2960 dicere
1978 2901 2232 2958 desines:

666 3020 684 3053 ι
706 3001 841 3055 Audi
867 3001 1029 3055 etiam
1049 3001 1150 3055 huc
1175 3013 1392 3064 nomen,
1416 2999 1694 3064 Dominus,
1723 2998 2011 3067 aliquando
2039 2996 2106 3052 de
2134 2998 2234 3051 hu-

662 3095 922 3148 manitate
950 3093 1177 3157 Christi,
1237 3090 1528 3160 aliquando
1587 3090 1654 3145 de
1708 3088 1992 3143 divinitate
2045 3087 2234 3157 ipsius,

2342 1908 2446 1962 ἀνά
2492 1908 2659 1978 μέρος
2690 1906 2983 1977 ἁρμόσειεν
3032 1906 3100 1959 ἂν
3135 1907 3168 1977 ὴ
3200 1906 3299 1976 τῆς
3351 1906 3670 1976 κυριότητος
3703 1905 3921 1973 κλῆσις.

2353 1995 2731 2066 Ἀ’μαθέστατα
2778 1993 2834 2046 δὲ
2874 1995 2971 2048 καὶ
3037 1994 3179 2065 πρός
3226 2011 3287 2063 γε
3334 1992 3492 2047 τοῦτο
3543 1989 3659 2056 ίῶν,
3709 1994 3771 2049 οὗ
3828 1995 3927 2045 σὺν

2340 2087 2526 2159 ίδρῶτι
2571 2084 2770 2159 μακρῷ
2808 2084 2945 2157 πρὸς
2995 2084 3151 2156 ἡμῶν
3201 2083 3560 2155 δειχθήσεται.
3605 2085 3739 2155 Φέρε
3791 2084 3925 2153 γὰρ,

2340 2180 2602 2251 ἐρωμένῳ
2628 2178 2855 2249 φράσον,
2888 2180 3042 2231 ποῖον
3072 2177 3183 2249 ἄρα
3208 2175 3417 2248 διορίζῃ
3444 2178 3699 2249 Χριστὸν,
3736 2169 3799 2231 οὗ
3832 2178 3928 2229 καὶ

2340 2273 2440 2342 τὴν
2470 2270 2871 2342 ἀνθρωπότητα
2899 2268 2993 2321 καὶ
3026 2268 3126 2337 μέν
3157 2285 3237 2320 τοι
3269 2267 3365 2321 καὶ
3392 2267 3489 2339 τὴν
3521 2263 3748 2337 θεότητα
3780 2260 3930 2320 εἶναι

2339 2362 2475 2430 φής·
2505 2362 2555 2413 εί
2589 2360 2688 2430 μὲν
2741 2359 2828 2411 τὸν
2858 2360 2921 2413 ἐκ
2950 2357 3082 2411 Θεοῦ
3110 2358 3326 2429 Πατρός
3358 2358 3553 2425 Λόγον,
3588 2356 3934 2427 διωμολόγη-

2340 2470 2440 2515 κας
2481 2454 2726 2523 ὲναργως
2760 2451 2851 2505 τ’όν
2886 2450 3049 2503 αὑτὸν
3080 2445 3221 2503 εἶναι
3265 2449 3358 2502 καὶ
3399 2448 3718 2519 ἄνθρωπον·
3751 2448 3929 2502 αὐτοῦ

2340 2544 2449 2613 γὰρ
2478 2544 2612 2613 ἔφης
2639 2543 2737 2613 τὴν
2773 2539 3171 2613 ἀνθρωπότητα
3192 2557 3205 2571 ⁸
3243 2542 3293 2594 εἰ
3338 2541 3395 2595 δὲ
3424 2541 3514 2595 τὸν
3548 2544 3612 2595 ὲκ
3640 2542 3739 2611 τῆς
3775 2543 3933 2614 Παρ-

2340 2635 2493 2689 θένου
2549 2635 2691 2687 κατὰ
2741 2636 2799 2687 σε
2824 2675 2839 2699 ,
2878 2634 2970 2687 τὸν
3014 2635 3176 2688 αὐτὸν
3222 2634 3373 2688 οὐδὲν
3410 2629 3572 2704 ἦττον
3607 2633 3791 2704 ἀλώσῃ
3834 2636 3933 2686 καὶ

2338 2726 2470 2780 Θεὸν
2502 2727 2789 2795 ἀποφήνας
2810 2743 2824 2757 ·
2873 2726 3037 2779 αὑτοῦ
3069 2727 3175 2797 γὰρ
3204 2724 3341 2795 ἔφης
3370 2721 3511 2778 εἶναι
3545 2726 3638 2777 καὶ
3671 2724 3768 2792 τὴν
3803 2724 3933 2777 θεό-

2339 2816 2495 2887 τητα.
2522 2816 2864 2886 Πανταχόθεν
2889 2814 2957 2886 δὴ
2982 2832 3075 2869 ουν
3106 2814 3532 2885 συνωθούμενος,
3564 2810 3658 2868 καὶ
3685 2815 3933 2885 ἀϐουλή-

2339 2925 2448 2973 τως
2480 2910 2558 2972 εἰς
2586 2908 2867 2979 ἀλήθειαν,
2900 2909 2994 2961 ἕνα
3024 2906 3143 2978 μεθ’
3186 2908 3343 2978 ἡμῶν
3387 2907 3637 2977 ὁμολόγει
3684 2909 3934 2977 Χριστὸν

2342 3003 2440 3056 καὶ
2473 3002 2698 3073 Κύριον.
2739 3000 3007 3071 Πεπαύσῃ
3035 3000 3141 3070 γὰρ
3168 2996 3311 3053 οὕτω
3341 2998 3542 3067 λέγων’
3571 3002 3854 3053 (Ακουσον
3876 3001 3935 3053 δὲ

2343 3097 2435 3149 καὶ
2461 3096 2541 3161 τὸ,
2572 3094 2799 3164 Κύριος,
2828 3094 2960 3143 ποτὲ
2986 3094 3109 3163 μὲν,
3140 3091 3231 3144 ἐπὶ
3250 3088 3348 3163 τῆς
3378 3089 3801 3164 ἀνθρωπότητος
3834 3093 3935 3147 τοῦ

662 3188 949 3258 aliquando
982 3188 1047 3242 de
1073 3196 1304 3251 utroque
1332 3186 1569 3251 positam
1601 3202 1613 3237 :
1639 3204 1656 3236 ι
1710 3200 1833 3239 nam
1869 3185 1956 3238 ubi
1987 3198 2129 3237 unus
2152 3192 2235 3237 est

2346 3188 2615 3258 Χριστοῦ·
2651 3187 2780 3241 ποτὲ
2810 3186 2888 3252 δὲ,
2919 3181 3011 3239 ιξτι
3037 3179 3135 3255 τῆς
3169 3183 3421 3255 θεότητος
3453 3185 3616 3239 αὐτοῦ
3636 3203 3651 3217 ο
3685 3186 3819 3238 ποτὲ
3850 3187 3934 3251 δὲ,

665 3280 850 3344 Filius,
886 3279 1156 3347 quomodo
1186 3278 1364 3331 locum
1392 3277 1617 3342 haheat,
1648 3279 1712 3331 de
1744 3286 1973 3345 utroque
2012 3275 2233 3329 dicere?

661 3371 800 3437 Quid
830 3381 1007 3425 autem
1036 3378 1120 3425 est
1146 3368 1286 3438 quod
1315 3368 1459 3423 rides
1522 3383 1616 3421 eos
1658 3370 1749 3436 qui
1802 3367 2043 3420 divinum
2104 3366 2230 3420 illud

662 3461 977 3531 mysterium
1010 3470 1250 3515 nostrum
1279 3458 1639 3521 admirantur,
1659 3456 1977 3526 impiissime
1998 3456 2230 3511 dicens:

668 3573 686 3604 ι
725 3554 1167 3621 Quotiescunque
1201 3551 1596 3606 manducabitis
1620 3557 1810 3619 panem
1841 3551 2005 3612 hunc,
2027 3555 2080 3602 et
2098 3549 2231 3602 cali-

670 3663 688 3693 ι
726 3658 840 3697 cem
863 3644 1002 3697 hunc
1043 3642 1259 3709 bibetis,
1281 3653 1508 3696 mortem
1536 3640 1742 3697 Domini
1771 3638 2182 3694 annnntiabitis.
2208 3658 2226 3690 ι

668 3734 824 3804 115
857 3733 1078 3788 Altdiex
1113 3733 1541 3804 prcecedcntibus
1595 3732 1919 3801 imperitiam
1972 3730 2233 3799 objicien-

665 3824 965 3893 tiunt,qnod
982 3824 1270 3878 maximam
1284 3838 1402 3878 esse
1416 3822 1593 3891 legant
1607 3822 1845 3894 mysterii
1864 3822 2021 3892 hujus
2036 3818 2235 3875 utilita-

665 3928 857 3979 tetn,et
875 3917 1026 3984 cujus
1048 3916 1357 3971 hominibus
1376 3916 1947 3969 commemorationem
1968 3912 2181 3969 afferat.
2208 3933 2227 3963 ι

662 4008 803 4062 Nihil
836 4021 964 4077 ergo
994 4006 1196 4076 egregii
1239 4005 1402 4059 habet
1447 4006 1727 4060 incruenta
1782 4004 1866 4057 illa
1904 4004 2146 4069 victima,
2180 4014 2233 4057 et

661 4102 909 4169 exiguam
942 4092 1229 4151 admodum
1254 4096 1538 4150 utilitatem
1563 4094 1741 4161 alTert,
1771 4102 1825 4149 et
1855 4094 2100 4149 utilitatis
2127 4096 2231 4148 vim

661 4192 959 4246 continebit
992 4202 1159 4258 usque
1190 4203 1254 4244 eo
1283 4188 1564 4253 duntaxat,
1597 4198 1655 4242 ut
1683 4200 2062 4242 annunttetnus
2092 4203 2235 4241 mor-

662 4294 767 4338 tem
798 4284 1055 4348 hominis,
1088 4290 1144 4336 et
1173 4282 1331 4336 unius
1364 4296 1395 4335 e
1423 4290 1610 4335 nostro
1640 4292 1865 4334 numero
1901 4291 2232 4332 commemo-

662 4377 924 4429 rationem
958 4374 1240 4428 iaciamus.
1272 4371 1530 4426 Mentitur
1559 4374 1689 4441 ergo
1722 4371 1850 4424 dtttn
1891 4371 2017 4424 illud
2056 4369 2231 4423 viviti-

661 4480 781 4519 cum
813 4464 941 4519 dicit
972 4464 1063 4532 qui
1098 4463 1314 4517 mentiri
1350 4478 1454 4517 non
1492 4460 1661 4527 novit,
1696 4461 1797 4514 hoc
1834 4470 1918 4515 est
1939 4459 2184 4515 Christus
2216 4478 2228 4511 :

2342 3281 2428 3333 ἐπ’
2462 3280 2788 3353 ἀμφοτέρων
2828 3278 3105 3347 κείμενον·
3142 3295 3160 3326 ι
3189 3275 3317 3329 ἔνθα
3343 3280 3451 3345 γὰρ
3474 3277 3599 3340 Υίδς
3635 3272 3737 3342 εἷς,
3771 3282 3938 3332 ποῖον

2341 3370 2409 3423 ἂν
2454 3370 2567 3440 έχοι
2607 3370 2772 3423 τόπον
2822 3369 2903 3436 τὸ,
2934 3367 3023 3421 ἐπ’
3059 3369 3262 3438 ἀμφοῖν
3308 3370 3513 3435 εἰπείν;
3546 3366 3939 3441 Καταμειδιᾷς

2340 3462 2397 3514 δὲ
2452 3462 2679 3515 ἀνοὸτου
2726 3460 2838 3512 τῶν
2880 3458 2942 3513 τὸ
2977 3458 3120 3513 θεῖον
3163 3458 3320 3530 ἡμῶν
3352 3459 3777 3529 τεθαυμακότων
3832 3480 3942 3533 μυ-

2344 3554 2589 3624 στήριον,
2629 3551 2974 3605 ἀνοσιώτατα
3020 3547 3224 3618 λέγων’
3266 3569 3284 3601 t
3326 3552 3550 3614 Ὀσάκις
3592 3551 3658 3605 ἂν
3706 3550 3941 3623 ἐσθίητε

2349 3664 2366 3697 ι
2394 3644 2483 3697 τὸν
2499 3644 2662 3714 ἄρτον
2680 3642 2891 3707 τοῦτον,
2921 3642 3014 3697 καὶ
3044 3641 3104 3694 τὸ
3130 3642 3386 3711 ποτήριον
3416 3644 3576 3695 τοῦτο
3593 3644 3811 3714 πίνητε,
3842 3646 3941 3698 τὸν

2350 3756 2365 3786 t
2380 3734 2610 3790 θάνατον
2630 3733 2723 3788 τοῦ
2742 3734 2951 3805 Κυρίου
2969 3735 3365 3804 καταγγέλλετε
3387 3753 3435 3801 ς»
3448 3736 3714 3789 ’Ἄκουσον
3730 3736 3795 3791 έκ
3823 3738 3943 3790 τῶν

2344 3828 2771 3899 προηγουμένων
2816 3825 2917 3897 τὴν
2976 3826 3217 3897 ἀμαθίαν
3268 3827 3375 3880 τῶν
3438 3816 3788 3893 ἀντιθέντων,
3859 3830 3943 3891 ὡς

2346 3919 2573 3990 ἰσχυρὰν
2635 3920 3069 3987 ἀναγινωσκουσι
3116 3914 3209 3971 τοῦ
3270 3916 3571 3988 μυστηρίου
3631 3917 3732 3989 τὴν
3782 3914 3947 3987 ὠφέ-

2342 4013 2511 4075 λειαν,
2567 4011 2662 4063 καὶ
2728 4009 2874 4072 τίνος
2926 4011 3039 4072 τοῖς
3103 4009 3413 4080 ἀνθρώποις
3472 4010 3774 4079 παρέχεται
3832 4012 3943 4080 τὴν

2342 4106 2672 4174 ἀνάμνησιν.
2710 4121 2729 4153 ι
2766 4098 2936 4156 Οὐδὲν
2967 4097 3061 4156 οὖν
3085 4104 3192 4174 ἄρα
3221 4102 3283 4155 τὸ
3313 4100 3591 4173 ἐξαίρετον
3620 4103 3721 4171 τῆς
3764 4104 3944 4156 ἀναιο

2345 4196 2555 4267 μάκτου
2602 4192 2829 4261 θυσίας,
2861 4195 3047 4266 δνησις
3078 4196 3135 4248 δὲ
3183 4194 3378 4264 κομιδῆ
3428 4195 3658 4265 σμικρὰ,
3689 4195 3786 4247 καὶ
3832 4198 3945 4265 τῆς

2342 4288 2611 4357 ὡφελείας
2640 4288 2739 4359 τὴν
2782 4288 3014 4357 δύναμιν
3069 4289 3415 4359 περιποιήσει
3443 4288 3583 4358 τάχα
3616 4304 3722 4340 που
3759 4289 3947 4359 μέχρι

2342 4381 2407 4451 δὴ
2455 4378 2618 4451 μόνου
2664 4378 2757 4433 τοῦ
2804 4379 3159 4449 καταγγεῖλαι
3208 4379 3298 4433 τὸν
3344 4378 3634 4450 ἀνθρώπου
3670 4379 3945 4445 θάνατον,

2346 4471 2441 4523 καὶ
2473 4470 2581 4525 τῶν
2608 4470 2731 4524 καθ’
2756 4472 2907 4542 ἡμᾶς
2950 4471 3067 4535 ἐνὸς
3099 4470 3426 4542 ποιήσασθαι
3468 4470 3566 4541 τὴν
3594 4470 3942 4543 ἀνάμνησιν.

660 4559 865 4627 decepti
893 4569 988 4611 nos
1021 4556 1183 4610 etiam
1214 4570 1422 4619 sumus,
1456 4569 1646 4609 vanam
1692 4556 1756 4609 de
1800 4554 1892 4609 illo
1924 4553 2232 4622 opinionem

2351 4562 2559 4618 Οὐκοῦν
2596 4540 2937 4631 διαψεύδεται
2972 4540 3237 4625 ζωοποίδν
3279 4562 3409 4615 αὐτὸ
3452 4540 3644 4629 λέγων,
3674 4563 3703 4614 ὁ
3732 4540 3947 4631 ψεύδε-

660 4651 951 4716 habentes;
983 4663 1125 4704 nunc
1164 4648 1326 4703 etiam
1363 4662 1487 4702 sero
1523 4648 1608 4701 vix
1647 4647 1860 4703 tandem
1901 4647 1967 4701 ad
1996 4648 2239 4703 veritatis

662 4744 1023 4800 inventionem
1055 4743 1298 4812 perducti
1318 4757 1525 4807 sumus,
1552 4742 1637 4796 ubi
1672 4742 1722 4795 in
1756 4751 1879 4798 tuos
1909 4743 2005 4796 hos
2030 4757 2240 4796 sermo-

660 4850 757 4890 nes
806 4835 1115 4888 incidimus.
1166 4831 1273 4886 Sed
1328 4834 1424 4886 tibi
1470 4834 1608 4888 hanc
1656 4834 1983 4889 sententiam
2023 4834 2244 4903 eligenti

660 4927 1034 4999 propheticum
1083 4925 1210 4979 illud
1245 4939 1274 4977 a
1324 4924 1480 4979 nobis
1518 4924 1785 4981 referetur
1834 4948 1845 4982 :
1886 4948 1903 4981 ι
1948 4928 2083 4984 Ecce
2136 4945 2240 4983 non

660 5034 783 5077 sunt
809 5022 951 5077 oculi
979 5023 1055 5077 tui
1090 5036 1265 5091 neque
1297 5037 1391 5076 cor
1420 5032 1567 5075 tuum
1594 5022 1791 5075 bonum
1817 5020 1857 5075 '.
1895 5040 1913 5071 ι
1941 5020 2056 5075 Νοιι
2092 5020 2234 5075 enim

662 5108 931 5178 intelligit,
968 5112 1090 5163 dum
1130 5110 1515 5163 annuntiamus
1546 5108 1745 5163 Christi
1787 5122 2038 5177 mortem,
2072 5120 2127 5163 et
2158 5111 2237 5163 in-

661 5216 821 5269 super
862 5201 979 5268 ejus
1015 5204 1467 5255 resurrectionem
1513 5201 1856 5267 conﬁtemur,
1886 5212 1939 5256 et
1977 5218 2041 5256 ex
2073 5218 2135 5256 ea
2178 5219 2236 5257 re

660 5291 1047 5361 perfectionem
1081 5293 1202 5347 tidei
1226 5294 1633 5363 consequimur,
1660 5295 1852 5349 deinde
1875 5294 2069 5349 divinae
2098 5296 2242 5349 illius

660 5394 865 5439 naturae
896 5384 1186 5455 participes
1222 5385 1398 5441 eﬂ‘ecti
1424 5387 1468 5451 ⁸,
1497 5389 1830 5443 consortium
1866 5390 2093 5443 unitatis
2126 5390 2242 5459 cjns

661 5477 1033 5546 adipiscimur,
1085 5479 1402 5547 spiritaliter
1446 5480 1607 5534 simul
1637 5490 1691 5534 et
1727 5484 2088 5550 corporaliter
2116 5496 2244 5534 san-

659 5568 884 5622 ctilicari
954 5583 1016 5623 ac
1053 5569 1333 5623 viviticari.
1380 5589 1398 5622 ι
1442 5568 1668 5640 Oportet
1704 5572 1845 5626 enim
1890 5572 2242 5641 corruptibile

737 5798 750 5825 ¹
785 5795 951 5850 Matth
1010 5813 1153 5862 xxxv,
1178 5798 1245 5850 '50

2347 4658 2471 4711 σθαι
2504 4655 2580 4728 μὴ
2613 4654 2792 4722 εἰδὼς,
2824 4654 3071 4709 τουτέστι
3097 4652 3329 4725 Χριστός
3348 4671 3362 4686 ο
3390 4654 3851 4725 πεφενακίσμεθα
3882 4658 3946 4711 δὲ

2346 4751 2439 4803 καὶ
2465 4751 2647 4819 ἡμεῖς,
2680 4748 2892 4803 είκαίαν
2940 4746 3153 4815 ἔχοντες
3180 4746 3267 4799 ἐπ’
3293 4743 3441 4815 αὐτῷ
3471 4744 3568 4815 τὴν
3593 4744 3755 4809 δόξαν
3773 4764 3785 4777 ·
3830 4766 3948 4800 πε-

2346 4829 2700 4914 ποδηγήμεθα
2725 4840 2781 4893 δὲ
2814 4841 2909 4893 νῦν
2941 4838 3041 4907 ὀψέ
3070 4855 3199 4891 ποτε
3225 4838 3318 4890 καὶ
3344 4837 3499 4907 μόλις
3526 4837 3607 4899 είς
3660 4836 3951 4907 ἀληθείας

2347 4934 2595 5005 εὕρεσιν,
2652 4933 2892 4985 τουτοισὶ⁵
2945 4934 3058 4994 τοῖς
3112 4932 3223 4992 σοῖς
3282 4929 3665 4999 περιτυχόντες
3720 4930 3946 4998 λόγοις.

2360 5026 2523 5080 Ἀλλά
2554 5043 2635 5079 σοι
2669 5026 2822 5081 ταυτὶ
2854 5025 3074 5093 φρονεῖν
3102 5022 3383 5093 ᾑρημένῳ,
3417 5021 3555 5092 πρὸς
3578 5021 3740 5092 ἡμῶν
3773 5024 3949 5092 εἴρη-

2346 5138 2433 5174 ται
2461 5119 2522 5171 τὸ
2544 5118 2633 5171 διὰ
2664 5116 2764 5187 τῆς
2796 5117 3072 5187 προφήτου
3102 5114 3287 5184 φωνῆς
3310 5132 3321 5143 ·
3365 5132 3384 5164 t
3409 5106 3537 5167 ἰδοῦ
3571 5114 3670 5167 οὐκ
3700 5116 3856 5167 εἰσιν
3893 5119 3950 5169 oi

2346 5211 2613 5280 ὀφθαλμοί
2661 5225 2778 5273 σου,
2828 5207 2949 5260 οὐδὲ
2989 5209 3021 5276 ὴ
3055 5206 3250 5277 καρδία
3296 5222 3390 5259 σου
3428 5204 3587 5274 καλή.
3627 5224 3645 5257 ι
3694 5205 3951 5277 Συνίησι

2340 5307 2449 5376 γὰρ
2476 5303 2747 5374 οὐδαμῶς,
2800 5304 2880 5355 ὅτι
2932 5302 3023 5353 τὸν
3059 5300 3289 5354 θάνατον
3325 5299 3788 5368 καταγγέλλοντες
3835 5304 3948 5355 τοῦ

2340 5397 2600 5468 Χριστοῦ,
2652 5394 3182 5467 προσομολογοῦντες
3227 5394 3284 5446 δὲ
3328 5393 3427 5463 τὴν
3464 5392 3787 5457 ἀνάστασιν,
3841 5399 3951 5448 καὶ

2340 5489 2438 5561 τὴν
2491 5491 2549 5541 ὲν
2598 5489 2779 5541 πίστει
2829 5486 3107 5539 τελείωσιν
3149 5485 3235 5538 διὰ
3283 5485 3472 5537 τούτου
3521 5482 3948 5553 κερδαίνοντες,

2343 5574 2461 5631 εἶτα
2491 5580 2586 5647 τῆς
2619 5578 2768 5638 θείας
2800 5575 2965 5629 αὐτοῦ
2990 5575 3201 5645 φύσεως
3228 5574 3470 5627 κοινωνοὶ
3498 5571 3811 5640 γεγονότες,
3842 5575 3949 5625 καὶ

1342 5801 1358 5827 9
1393 5798 1615 5853 Zachar.
1661 5815 1753 5862 xu,
1792 5799 1856 5855 10
1956 5800 2193 5859 ’Jcrem.
2228 5805 2477 5871 xxn,47.
2556 5803 2576 5833 ‘
2607 5802 2647 5857 ll
2677 5801 2791 5856 Pet.
2827 5817 2863 5864 ι,
2902 5800 2955 5853 ι.
