4040 6428
124 336 221 391 9.01

1173 344 1549 404 ADVERSUS
1587 349 1991 414 NESTORIUM
2031 359 2161 418 LIB.
2207 362 2271 416 V.

3278 379 3382 436 202

122 449 204 501 διὰ
232 448 330 501 τοῦ
383 451 728 521 μεταλαχεῖν
762 456 862 524 τῆς
893 458 1025 526 πρὶς
1062 458 1223 512 αὑτὸν
1253 461 1518 533 ἑνότητος,
1563 482 1704 518 πνεῖ)¹

1830 472 1930 527 hoc
1963 475 2184 533 induere
2207 480 2683 549 incorruptionem,
2716 494 2766 537 et
2788 486 3011 541 mortale
3039 487 3137 542 hoc
3161 490 3381 546 induere

123 541 373 609 ματικῶς
410 558 475 593 τε
517 544 638 612 ἄμα
673 546 765 596 καὶ
817 548 1145 616 σωματικῶς
1198 551 1571 622 ἀγιαζόμεθα,
1624 558 1718 609 καὶ

121 632 576 700 ζωοποιούμεθα.
631 654 650 685 ι
682 638 775 687 Δεῖ
808 637 917 707 γὰρ
944 639 1004 690 τὸ
1037 639 1273 710 φθαρτὸν
1303 643 1459 695 τοῦτο
1493 646 1718 700 ἐνδύσα-

53 725 57 729 ’
120 725 239 777 σθαι
282 726 646 795 ἀφθαρσίαν,
698 730 794 781 καὶ
840 730 901 783 τὸ
947 730 1141 800 θνητὸν
1188 733 1346 787 τοῦτο
1399 736 1717 792 ἐνδύσασθαι

1825 561 2277 622 immortalitatem
2296 570 2340 620 '.
2380 589 2403 622 ι
2453 569 2824 627 lndumentum
2860 586 3037 630 autem
3067 579 3130 632 de
3160 578 3295 635 caelo
3326 594 3381 635 et

1822 653 2228 723 incorruptibile
2257 670 2311 714 et
2337 664 2796 719 immortalitatem
2831 666 3067 722 efﬁciens
3094 669 3268 725 factus
3299 684 3383 726 est

1823 744 1974 798 nobis
1998 746 2277 815 Christus;
2311 753 2451 819 quod
2481 752 2824 810 beatissimus
2854 756 3055 811 Paulus
3078 758 3378 825 confirmat,

118 816 451 868 ἀθανασίαν.
487 818 775 886 »Ἄμφιον
794 818 852 872 δὲ
880 818 945 872 τὸ
978 820 1035 884 ἐξ
1056 823 1289 893 οὐρανοῦ
1319 828 1411 878 καὶ
1441 824 1718 895 ἄφθαρτον

117 906 199 955 καὶ
230 904 561 968 ἀθανασίας
589 909 955 977 ὲμποιητικὸν
981 913 1208 979 γέγονεν
1237 916 1368 984 ἡμῖν
1394 917 1421 967 6
1441 917 1679 987 Χριστός
1701 932 1712 944 ⁸

114 998 197 1047 καὶ
237 998 601 1050 πιστώσεται
638 1001 868 1069 γράφων
906 1002 936 1053 6
970 1002 1262 1073 ἱερώτατος
1303 1006 1513 1069 Παῦλος
1535 1023 1547 1035 ·
1586 1008 1715 1061 ποτὲ

115 1088 241 1158 μὲν,
294 1088 385 1140 ὅτι
450 1106 471 1139 ι
519 1089 851 1143 Ἐνδύσασθε
902 1093 993 1145 τὸν
1038 1092 1244 1164 Κύριον
1294 1098 1450 1165 ἡμῶν
1512 1098 1715 1167 Ἰησοῦν

111 1180 345 1249 Χριστόν
371 1196 386 1208 °
426 1198 447 1230 a
490 1181 589 1233 ὁτὲ
622 1181 679 1233 δὲ
708 1177 801 1246 αὗ,
837 1202 854 1233 ι
896 1183 1049 1237 Ὅσοι
1078 1184 1187 1254 γὰρ
1217 1188 1295 1249 είς
1325 1184 1559 1257 Χριστὸν
1592 1188 1716 1240 ἐσα-

111 1271 404 1339 πτξσθητε,
442 1271 698 1340 Χριστὸν
729 1271 1073 1339 ἐνεδύσασθε,
1110 1294 1128 1327 ι
1156 1275 1246 1328 τὸν
1280 1276 1600 1349 θεοπρεπῶς
1627 1279 1713 1331 λέ-

111 1379 265 1429 γοντα
300 1362 407 1415 καὶ
441 1361 695 1432 ἀληθῶς
734 1382 752 1414 ι
793 1365 934 1433 Ἐγώ
967 1368 1080 1436 ειμι
1130 1368 1163 1436 ἡ
1196 1368 1492 1433 ἀνάστασις
1535 1371 1628 1423 καὶ
1676 1371 1711 1441 ή

111 1454 236 1523 ζωή.
271 1471 292 1504 ι
350 1451 512 1521 Πρὸς
548 1453 616 1523 δὴ
649 1454 717 1507 τὰ
752 1455 931 1508 τοιάδε
964 1454 1289 1519 καταδείσας
1321 1456 1490 1521 οὐδὲν,
1524 1458 1711 1527 βδελυ-

110 1545 358 1615 ρωτὲραν
396 1545 489 1597 ἔτι
529 1544 633 1615 τὴν
663 1544 980 1615 δυσφημίαν
1022 1546 1334 1616 ἀποφαίνει,
1360 1549 1671 1619 προστιθείς
1693 1564 1707 1579 °

109 1636 409 1706 [Ἄκουσον
448 1636 536 1705 μὴ
566 1635 705 1704 ἐμοῦ
733 1636 908 1689 ταῦτα
933 1637 1201 1705 λέγοντος,
1237 1639 1374 1692 ἀλλὰ
1409 1638 1501 1691 τοῦ
1535 1657 1709 1708 μακα-

111 1728 219 1796 ρίου
269 1726 539 1780 Παύλου·
600 1746 618 1777 ι
664 1728 886 1791 Ὁσάκις
932 1729 976 1781 δ’
1021 1730 1087 1782 ἂν
1141 1729 1357 1798 ἐσθίητε
1405 1730 1493 1781 τὸν
1543 1730 1705 1801 ἄρτον

110 1819 309 1879 τοῦτον,
346 1838 367 1869 ι
422 1811 492 1870 οὗ
550 1820 670 1870 ἐστι
718 1819 777 1870 τὸ
809 1818 969 1886 σῶμα
999 1818 1304 1872 ἀντίτυπον.
1341 1819 1567 1888 Ἴδωμεν
1613 1819 1705 1874 οὖν

109 1910 207 1961 ἀπὸ
245 1909 457 1960 τούτου
515 1910 666 1969 τίνος
695 1908 724 1959 6
768 1906 1015 1970 θάνατος.
1066 1926 1083 1958 ι
1125 1908 1345 1971 Ὁσάκις
1380 1910 1445 1962 ἂν
1490 1909 1705 1981 ἐσθίητε

108 2002 189 2054 16v
216 2002 395 2072 ἄρτον
418 1999 646 2063 τοῦτον,
679 2000 775 2052 καὶ⁹
796 1998 857 2051 τὸ
892 2000 1147 2069 ποτήριον
1179 1998 1337 2053 τοῦτο
1368 2000 1579 2071 πίνητε,
1614 2005 1706 2057 τὸν

105 2094 336 2147 θάνατον
368 2092 475 2144 τοῦ
511 2091 725 2161 Κυρίου
755 2090 1153 2159 καταγγέλλετε
1175 2109 1188 2123 ·
1226 2110 1244 2143 ι
1280 2091 1509 2146 ἄκουσον
1532 2094 1625 2148 καὶ
1650 2096 1707 2147 ὲν

107 2187 210 2247 τοῖς
250 2183 470 2253 ἐφεξῆς
526 2182 945 2251 φανερώτερον,
994 2201 1014 2233 t
1048 2184 1239 2253 Ἀχρις
1271 2177 1331 2236 οὗ
1366 2185 1513 2254 ἔλθῃ.
1552 2205 1570 2237 ›
1612 2186 1706 2249 Τίς

1821 848 1961 888 nunc
1984 838 2195 904 quidem
2220 843 2465 896 scribens
2498 861 2510 895 :
2546 861 2564 893 ι
2595 845 2798 900 lnduite
2828 846 3109 901 Dominum
3139 860 3380 904 nostrum

1817 920 1997 976 Jesum
2041 924 2314 981 Christum
2352 933 2406 993 ⁶;
2454 951 2472 981 ι
2523 949 2662 987 nunc
2698 950 2823 989 vero
2870 956 2883 990 :
2926 956 2944 988 ι
2976 938 3291 1007 Quicunque
3327 940 3380 993 in

1816 1011 2089 1067 Christum
2119 1016 2368 1085 haptizati
2399 1022 2555 1086 estis,
2581 1022 2855 1079 Christum
2897 1028 3143 1083 induistis
3170 1030 3228 1091 ⁷;
3262 1048 3281 1081 ι
3317 1029 3383 1082 il-

1817 1100 1923 1157 lum
1959 1107 2048 1173 qui
2092 1109 2344 1164 divinitus
2371 1126 2603 1182 vereque
2641 1117 2810 1170 dicit:
2850 1136 2865 1166 ι
2906 1119 3013 1185 Ego
3044 1134 3159 1173 sum
3203 1135 3381 1174 resur-

1816 1195 1983 1249 rectio
2013 1206 2065 1251 et
2090 1200 2193 1252 vita
2220 1200 2262 1253 '.
2296 1218 2319 1253 ι
2338 1203 2415 1254 Ad
2442 1205 2553 1257 hasc
2585 1206 2714 1259 nihil
2741 1208 2965 1271 veritus,
3002 1210 3381 1264 exsecrabilio-

1815 1298 1927 1339 rem
1958 1288 2119 1342 etiam
2150 1289 2532 1359 blasphemiam
2562 1297 2827 1362 enuntiat,
2872 1300 3129 1368 adjiciens
3159 1318 3171 1354 :
3203 1299 3379 1371 [Audi

1813 1388 1919 1429 non
1953 1390 2035 1432 me
2058 1378 2167 1433 hace
2199 1381 2491 1446 dicentem,
2523 1386 2616 1438 sed
2644 1386 2857 1441 beatum
2889 1388 3109 1442 Paulum
3144 1408 3157 1447 :
3191 1408 3208 1440 ι
3233 1388 3379 1455 Quo-

1815 1466 2127 1536 tiescunque
2180 1473 2567 1529 manducabitis
2609 1488 2801 1544 panem
2846 1478 3008 1542 hunc,
3048 1497 3065 1529 ι
3111 1478 3263 1545 cujus
3292 1467 3377 1533 cst

1810 1556 1984 1626 ipsum
2014 1574 2206 1627 corpus
2230 1564 2547 1633 antitypum.
2572 1565 2689 1621 Jam
2728 1568 2887 1637 igitur
2912 1570 3190 1624 videamus
3220 1566 3374 1638 cujus

1810 1657 1891 1699 est
1910 1663 2105 1703 ωσι-8.(
2134 1649 2568 1724 Quotiescunque
2594 1659 3374 1729 manducahitispanemhunc,

1809 1745 1863 1788 et
1896 1738 2119 1791 calicem
2154 1742 2295 1794 hunc
2324 1742 2544 1809 bibetis,
2572 1756 2795 1800 mortem
2842 1749 3048 1803 Domini
3080 1750 3373 1804 annuntia-

1814 1822 1938 1876 bitis
1970 1843 1983 1877 :
2016 1844 2036 1876 ο
2062 1829 2184 1881 audi
2213 1831 2371 1883 etiam
2404 1833 2456 1884 in
2486 1838 2833 1902 sequentibus
2860 1842 3117 1905 apertius,
3150 1859 3169 1890 ι
3198 1843 3375 1895 ῡοιιεο

1811 1914 2010 1967 veniat.
2042 1932 2062 1968 ι
2096 1916 2226 1983 Quis
2257 1931 2437 1976 autem
2476 1925 2661 1978 venit?
2696 1944 2714 1976 ι
2748 1926 3009 1981 Videbunt
3043 1929 3234 1982 Filium
3274 1932 3371 1983 ho-

1814 2003 1975 2058 minis
2027 2010 2330 2064 venientem
2394 2013 2445 2065 in
2495 2016 2731 2069 nubibus
2782 2016 2901 2071 caeli
2962 2034 3082 2072 cum
3127 2020 3372 2073 claritate

1814 2108 2004 2163 magna
2039 2115 2053 2151 :
2090 2117 2107 2149 ο
2140 2109 2217 2163 et,
2262 2104 2406 2169 quod
2444 2105 2616 2172 majus
2648 2115 2745 2167 est.
2779 2116 2903 2161 ante
2935 2109 3203 2178 apostolos
3250 2125 3371 2177 pro-

1812 2184 1972 2250 pheta
2007 2188 2339 2243 maniiestius
2372 2193 2669 2245 venientem
2694 2197 2950 2259 ostendit,
2983 2208 3036 2252 et
3066 2198 3280 2263 clamat,
3307 2199 3373 2252 de

106 2270 192 2326 οὖν
221 2276 251 2325 6
278 2274 642 2343 ἐρχόμενοςς
682 2282 702 2323 ’t
740 2274 1000 2342 Ὄψονται
1027 2274 1117 2325 τὸν
1147 2273 1271 2325 Υίδν
1296 2274 1389 2325 τοῦ
1416 2274 1703 2343 ἀνθρώπου

106 2366 414 2435 ἐρχόμενον
453 2367 555 2418 ἐπὶ
580 2365 691 2416 τῶν
724 2365 963 2434 νεφελῶν
986 2364 1079 2416 τοῦ
1109 2363 1337 2434 οὐρανοῦ
1382 2366 1521 2434 μετὰ
1547 2363 1703 2433 δόξης

108 2457 347 2527 πολλῆς·
399 2474 421 2507 ι
460 2456 563 2508 καὶ
601 2455 662 2507 τὸ
703 2456 767 2525 δὴ
803 2454 1009 2524 μεῖζον,
1064 2455 1092 2505 6
1133 2455 1416 2525 προφήτης
1456 2455 1560 2524 πρὸ
1594 2454 1704 2507 τῶν

106 2547 432 2599 ἀποστόλων
470 2546 811 2614 σαφέστερον
836 2545 926 2597 τὸν
954 2544 1247 2616 ἐρχόμενον
1292 2544 1533 2598 δείκνυσι
1562 2586 1575 2610 ,
1610 2544 1704 2597 καὶ

105 2641 352 2711 κέκραγε
385 2640 525 2706 περὶ
564 2637 837 2690 Ἰουδαίων
874 2636 1010 2706 βοῶν
1031 2655 1042 2666 ’
1078 2658 1096 2689 ‹
1133 2639 1391 2709 Ὄψονται
1421 2640 1499 2701 είς
1527 2638 1584 2691 ὃν
1614 2638 1699 2701 ἐξ·

107 2731 442 2799 εκέντησαν.
481 2750 501 2780 ι
544 2729 641 2791 Τίς
686 2726 779 2783 οὖν
808 2731 957 2783 ἐστιν
984 2735 1011 2784 6
1046 2732 1359 2802 κεντηθείς;
1396 2734 1429 2803 ἡ
1460 2733 1698 2801 πλευρά·

108 2823 320 2892 πλευρά
357 2821 418 2872 δὲ
454 2819 731 2889 σώματος,
762 2822 823 2874 οὑ
851 2821 1100 2895 θεότητός
1132 2825 1311 2895 ὲστι.]
1342 2824 1559 2895 Σμικρὰ
1592 2842 1701 2877 τοι-

106 2912 337 2982 γαροῦν,
376 2912 462 2974 ὡς
514 2911 674 2983 ἔφην,
704 2913 803 2982 τῆς
834 2914 1169 2984 ἀναιμάκτου
1217 2916 1403 2978 θυσίας
1430 2918 1463 2985 ἡ
1495 2915 1698 2983 ὅνησις,

106 3009 182 3057 ὅτι
213 3008 367 3074 τάχα
398 3021 507 3056 που
543 3005 617 3074 μὴ
653 3006 880 3071 γέγονεν
910 3006 1130 3073 ἐφικτὸν
1150 3006 1284 3075 ὁμοῦ
1316 3009 1381 3076 τῇ
1417 3008 1581 3075 σαρκὶ
1611 3009 1703 3059 καὶ

108 3104 198 3171 τὴν
247 3103 351 3164 τῆς
397 3100 659 3168 θεότητος
708 3098 1053 3150 δαπανᾶσθαι
1106 3100 1295 3167 φύσιν·
1350 3102 1430 3151 ὃτι
1476 3101 1551 3168 μὴ
1594 3100 1776 3191 τῶνε

107 3193 419 3262 ἀμηχάνων
449 3189 899 3259 κεκρατήκαμεν,
927 3189 1141 3243 ἐδεστὸν
1169 3189 1380 3259 ἔχοντες
1415 3190 1617 3259 γυμνὸν
1641 3190 1702 3242 τὸ

107 3284 435 3354 ἀσώματον.
481 3281 872 3349 Ἐπιλελῆσθαι
919 3280 975 3333 δέ
1029 3299 1116 3351 μοι
1146 3281 1341 3345 δοκεῖς,
1377 3282 1453 3343 ὡς
1500 3282 1701 3352 ἥκιστα

110 3377 201 3445 μὲν
253 3374 526 3443 θεότητος
564 3371 725 3440 φύσις
755 3372 873 3425 ἐστὶ
904 3372 965 3424 τὸ
998 3371 1357 3442 προκείμενον
1409 3372 1466 3423 ἐν
1516 3370 1702 3437 ἁγίαις

106 3465 419 3535 τραπέζαις
455 3461 817 3538 Ἐκκλησιῶν,
838 3460 976 3530 πλὴν
1008 3460 1136 3513 ῖδ;ον
1163 3459 1319 3528 σῶμα
1348 3460 1441 3512 τοῦ
1466 3461 1530 3512 ἐκ
1564 3458 1699 3512 Θεοῦ

108 3555 325 3623 δαιτρὸς
385 3552 592 3619 φύντος
632 3550 831 3616 Λόγου,
863 3549 992 3611 Θεὸς
1017 3549 1072 3600 δὲ
1100 3551 1258 3617 φύσει
1309 3551 1400 3601 καὶ
1430 3550 1645 3618 ἀληθῶς
1674 3552 1701 3602 6

108 3644 303 3710 Λόγος.
334 3641 406 3693 Τί
440 3640 625 3692 τοίνυν
660 3639 905 3700 ἅπαντας
936 3638 1048 3709 [Ζσ.
1081 3638 1321 3709 ἅπαντα]
1343 3643 1582 3707 συγχεῖς,
1607 3640 1701 3690 καὶ

109 3735 391 3795 ἀσυνέτως
421 3731 717 3800 διακυκᾷς,
746 3730 839 3782 τὸν
872 3729 1034 3800 ἄρτον
1068 3731 1197 3799 ἡμῖν
1226 3729 1315 3781 τὸν
1355 3730 1413 3793 ἐξ
1448 3728 1697 3799 οὐρανοῦ,

108 3827 199 3878 καὶ
229 3826 385 3895 ζωὴν
416 3823 631 3873 διδόντα
662 3820 740 3889 τῷ
770 3821 962 3888 κόσμῳ
987 3822 1269 3888 μονονουχὶ
1299 3822 1388 3872 καὶ
1410 3821 1697 3887 διαγελῶν,

108 3921 183 3969 ὅτι
218 3918 297 3985 μὴ
334 3914 541 3981 Θεότης
565 3910 883 3980 ὠνόμασται
912 3911 998 3963 διὰ
1024 3910 1124 3979 τῆς
1155 3911 1259 3963 τῶν
1288 3911 1564 3983 θεηγόρων
1590 3928 1702 3978 φω-

110 4008 222 4076 νῆς,
250 4006 425 4074 σῶμα,
450 4003 507 4055 δὲ
549 4003 752 4071 μᾶλλον
782 4001 876 4054 τοῦ
909 4002 975 4054 δι’
1012 4005 1159 4071 ἡμᾶς
1194 4002 1697 4071 ἐνηνθρωπηκότος.

109 4099 414 4159 τουτέστιν,
459 4093 555 4147 τοῦ
608 4096 673 4146 ὲκ
723 4092 859 4145 Θεοῦ
916 4092 1126 4161 Πατρδς
1176 4092 1387 4159 Λόγου;
1442 4092 1606 4162 Σῶμα
1643 4092 1699 4146 δὲ

111 4187 447 4240 Δεσποτικὸν
477 4183 705 4238 ἀνθότου
739 4184 825 4252 δὴ,
858 4183 1088 4253 φράσον,
1117 4183 1405 4252 ὀνομάζεις
1448 4183 1614 4247 ὅλως,
1651 4186 1699 4235 εί

115 4280 181 4348 μὴ
218 4280 367 4331 θεῖον
401 4273 567 4330 οἶσθα
614 4274 708 4325 καὶ
752 4272 909 4325 θεοῦ.
979 4273 1150 4325 Δοῦλα
1193 4274 1299 4342 γὰρ
1340 4272 1553 4325 ἅπαντα
1602 4271 1697 4324 τοῦ

113 4370 501 4441 πεποιηκότος.
547 4364 708 4417 Ἀλλὰ
737 4363 846 4433 γὰρ
868 4363 967 4415 οὐκ
997 4362 1170 4433 ὀρθῶς
1195 4362 1306 4432 ἔχει
1339 4379 1421 4414 σοι
1460 4362 1529 4414 τὰ
1558 4361 1698 4414 κατᾶ

1809 2270 2007 2326 Iudaeis
2031 2276 2213 2332 dicens
2241 2297 2253 2331 :
2291 2297 2309 2331 ι
2346 2278 2612 2336 Videbunt
2636 2284 2685 2338 in
2711 2300 2868 2353 quem
2889 2298 3368 2355 cnmpunxerunta

1811 2358 2087 2424 Quodnam
2122 2365 2286 2434 igitur
2318 2368 2444 2422 illud
2480 2383 2856 2439 compunctum
2894 2376 3019 2429 est?
3050 2376 3251 2433 Latus:
3290 2378 3368 2431 la-

1814 2459 1895 2506 tus
1919 2467 2043 2506 vero
2068 2458 2311 2524 corporis
2326 2471 2429 2523 est,
2450 2476 2552 2515 non
2588 2464 2931 2536 divinitatis.]
2956 2466 3155 2537 Exigua
3181 2469 3369 2537 estigi-

1813 2551 1917 2606 tur,
1954 2545 2113 2616 118
2135 2559 2191 2601 ut
2216 2550 2343 2613 dixi,
2366 2550 2661 2607 incruenta:
2678 2556 2867 2611 hostia:
2882 2558 3106 2625 utilitas,
3128 2563 3251 2629 quia
3288 2564 3371 2615 ni-

1812 2636 2005 2688 tnirum
2033 2637 2112 2691 fus
2144 2653 2248 2692 non
2272 2653 2351 2694 est
2379 2650 2437 2695 ut
2461 2638 2623 2697 simul
2654 2660 2771 2699 cum
2801 2662 2960 2704 carne
2988 2652 3147 2704 etiam
3176 2653 3371 2706 divini-

1812 2724 1938 2777 tatis
1986 2734 2178 2780 natura
2213 2740 2786 2799 consumaturzneque
2822 2750 2883 2789 ea
2922 2739 3226 2793 obtinemus
3253 2755 3370 2808 quae

1809 2822 1934 2867 sunt
1979 2815 2351 2884 impossibilia,
2388 2829 2444 2873 ut
2477 2820 2588 2888 ipsa
2634 2822 2945 2891 incorporea
2991 2841 3181 2881 natura
3228 2832 3368 2884 nuda

1810 2916 2108 2959 vescamur.
2158 2907 2262 2963 Sed
2304 2910 2500 2965 oblitus
2551 2912 2679 2965 mihi
2712 2914 2904 2969 videris
2945 2918 3084 2971 haud
3123 2929 3367 2973 naturam

1810 2996 2108 3052 divinitatis
2169 3000 2221 3052 id
2266 3015 2385 3054 esse
2442 3002 2586 3070 quod
2649 3004 2699 3055 in
2748 3007 2950 3060 sanctis
3005 3006 3368 3064 Ecclesiarum

1809 3088 2005 3141 mensis
2039 3091 2370 3157 proponitur,
2409 3094 2500 3145 sed
2554 3095 2827 3161 proprium
2870 3113 3065 3166 corpus
3102 3100 3257 3154 Verhi
3302 3114 3367 3155 ex

1807 3175 1965 3233 Patre
1996 3181 2181 3248 geniti,
2215 3185 2357 3248 quod
2392 3181 2621 3236 Verbum
2646 3200 2711 3238 ex
2742 3196 2932 3241 natura
2977 3202 3031 3242 et
3069 3205 3193 3244 vere
3224 3192 3362 3247 Deus

1802 3281 1906 3325 est.
1961 3271 2069 3324 Cur
2115 3273 2279 3343 igitur
2324 3275 2500 3328 omnia
2538 3276 2841 3344 confundis,
2896 3279 3368 3354 imprudentertu

1800 3362 2113 3427 permisces,
2143 3377 2333 3431 panem
2385 3364 2534 3417 illum
2568 3366 2633 3420 de
2677 3366 2836 3432 caelo,
2866 3378 2921 3422 et
2956 3370 3121 3425 vitam
3168 3376 3367 3429 mundo

1802 3453 2016 3507 dantem
2054 3455 2437 3524 propemodum
2472 3456 2633 3510 etiam
2677 3458 2945 3524 deridens,
2984 3464 3125 3530 quod
3161 3466 3366 3520 theolo-

1801 3559 1986 3612 gorum
2021 3561 2150 3599 voce
2182 3562 2286 3599 non
2321 3548 2390 3600 sit
2420 3546 2670 3603 divinitas
2700 3563 3090 3619 nuncupatum,
3126 3558 3221 3610 sed
3248 3572 3370 3611 cor-

1801 3647 1899 3699 pus
1926 3636 2108 3702 p0tins
2150 3637 2292 3690 illius
2322 3640 2411 3705 qui
2454 3650 2671 3707 propter
2719 3656 2814 3695 nos
2852 3654 2934 3696 est
2978 3646 3136 3701 homo
3170 3646 3366 3716 factus,

1802 3721 1903 3775 hoc
1932 3732 2036 3786 est,
2066 3725 2206 3777 illius
2229 3740 2292 3778 ex
2320 3726 2477 3780 Patre
2509 3728 2704 3781 Verbi?
2728 3729 2844 3783 Jam
2881 3747 3009 3787 vero
3039 3736 3187 3790 dicas
3209 3737 3366 3793 velini

1800 3826 1961 3880 quam
1997 3814 2064 3865 ob
2092 3828 2307 3867 causam
2336 3816 2557 3869 omnino
2590 3831 2788 3887 corpus
2827 3819 3159 3878 Dominicum
3181 3842 3365 3892 vocas,

1801 3904 1845 3957 si
1884 3918 1986 3955 non
2016 3904 2253 3956 divinum
2283 3920 2402 3959 esse
2432 3907 2592 3971 nosti,
2631 3924 2693 3962 ac
2724 3910 2889 3977 ipsius
2926 3912 3052 3978 Dei;
3089 3931 3213 3970 nam
3251 3932 3366 3972 ser—

1800 3996 1954 4047 viunt
1978 3995 2193 4063 quidem
2215 3996 2392 4049 omnia
2422 3996 2758 4053 Conditori'.
2786 3999 2890 4055 Sed
2916 4004 3059 4056 enim
3092 4019 3193 4059 non
3224 4016 3369 4063 recte

1801 4087 2002 4141 habent
2039 4101 2159 4155 quae
2209 4088 2261 4140 in
2300 4089 2481 4141 animo
2514 4104 2718 4155 versas,
2747 4102 2800 4145 et
2842 4094 3014 4163 ipsum
3057 4096 3368 4154 Emmanuel

1802 4172 2073 4229 hominem
2100 4184 2229 4229 esse
2250 4175 2519 4230 Deiferum
2542 4192 2764 4246 prorsus
2790 4183 2988 4237 credis.
3021 4183 3218 4241 Deinde
3246 4202 3369 4242 sen-

1804 4265 1987 4319 tentiis
2016 4281 2078 4319 ac
2119 4266 2319 4327 verbis,
2360 4280 2478 4333 quae
2520 4283 2640 4321 cum
2686 4271 2883 4337 pietate
2912 4273 3194 4340 cunjnncta
3220 4288 3366 4343 sunt,

1801 4357 2024 4409 omnino
2064 4356 2343 4424 neglectis,
2398 4358 2544 4410 illum
2594 4361 2832 4415 veritatis
2877 4376 3090 4417 sacrum
3135 4368 3368 4422 admini-

110 4463 192 4514 τον
225 4461 379 4522 νοῦν,
431 4458 723 4527 ἄνθρωπον
758 4453 815 4506 δὲ
854 4448 989 4505 εἶναι
1023 4453 1395 4514 πεπίστευκας
1440 4450 1698 4522 θεοφόρον

1808 4458 1973 4503 strum
1994 4448 2126 4515 (30),
2148 4450 2293 4501 illum
2320 4449 2614 4518 sapientem
2641 4454 2990 4508 architectum
3014 4466 3068 4510 et
3093 4459 3368 4515 doctorem

111 4553 292 4615 ἁπλῶς
320 4552 419 4603 τὸν
462 4544 841 4617 Ἐμμανουήλ.
872 4540 1002 4596 Εἶτα
1034 4544 1141 4597 τῶν
1170 4546 1249 4606 είς
1292 4542 1573 4594 εὐσέὸειαν
1612 4545 1699 4593 ὲν-

114 4646 263 4695 νιοιῶν
310 4658 372 4693 τε
412 4640 513 4691 καὶ⁸
564 4638 740 4704 λόγων
776 4635 1071 4705 ἀφειδήσας
1128 4634 1426 4701 παντελῶς,
1471 4637 1563 4687 τὸν
1601 4636 1698 4705 τῆς

112 4734 364 4802 ἀληθείας
399 4727 714 4800 ίερουργὸν,
754 4726 844 4778 τὸν
896 4726 1055 4793 σοφδν
1101 4727 1454 4795 ἀρχιτέκτονα
1493 4727 1587 4777 καὶ
1622 4726 1698 4776 δι-

110 4825 379 4879 ἱέισκαλον
413 4822 530 4874 τῶν
563 4819 755 4884 ὲθνῶν,
774 4819 865 4869 τὸν
901 4819 1041 4887 ἱερὸν
1063 4817 1279 4887 ἀληθῶς
1304 4818 1398 4870 καὶ
1422 4816 1695 4885 πάνσοφον

113 4919 322 4971 Παῦλον
398 4913 629 4969 ἔσεσθαί
693 4928 776 4963 σοι
853 4911 1202 4981 συλλήπτορα
1272 4910 1696 4978 συκοφαντοῦντι

114 5013 444 5080 προσδοκᾷς,
475 5008 578 5075 τῆς
608 5008 687 5067 εἰς
720 5004 849 5056 εὐθὺ
883 5007 975 5056 καὶ
998 5003 1376 5070 δοκιμωτάτης
1409 5003 1696 5071 ἀποφέρων

113 5104 244 5169 ὀδοῦ,
281 5103 397 5154 τῶν
430 5097 613 5168 ὀρθῶς
645 5112 705 5149 τε
753 5095 847 5147 καὶ
883 5092 1186 5163 ἁκιϐδήλως
1228 5093 1532 5163 εἰρημένων
1568 5095 1694 5161 παρ’

114 5196 267 5247 αὗτοῦ
296 5196 403 5262 τὴν
434 5188 690 5257 δύναμιν.
724 5185 953 5255 Ἰδωμεν
996 5183 1131 5247 γὰο,
1162 5185 1346 5254 φησὶν,
1376 5183 1482 5236 ἀπὸ
1507 5184 1694 5235 τούτου

1804 4540 2065 4606 gentium,
2092 4554 2305 4593 sacrum
2340 4555 2524 4593 revera
2561 4552 2614 4594 et
2650 4544 3104 4610 sapientissimum
3144 4549 3367 4604 Paulum

1804 4628 1897 4681 tibi
1943 4628 2294 4682 calumnianti
2326 4628 2439 4683 lore
2488 4631 2861 4684 auxiliatorcm
2896 4645 3072 4701 putas,
3106 4639 3230 4690 dum
3260 4640 3367 4691 vim

1801 4733 1986 4772 eorum
2011 4733 2129 4787 quae
2153 4730 2277 4772 sunt
2296 4722 2363 4771 ab
2385 4734 2450 4772 eo
2478 4728 2621 4774 recte
2642 4723 2958 4791 sincereque
2976 4727 3141 4789 dicta,
3160 4741 3188 4779 a
3221 4739 3369 4784 recta

1802 4818 2133 4883 probataque
2156 4816 2237 4868 via
2257 4815 2563 4883 detorques.
2588 4818 2870 4872 Videamus
2891 4822 3057 4886 enim,
3086 4822 3281 4891 inquit,
3303 4840 3367 4880 ex

1805 4908 1928 4968 huc,
1964 4906 2119 4973 cujus
2148 4905 2220 4957 sit
2262 4919 2407 4958 mors
2438 4923 2449 4957 :
2483 4924 2500 4955 ι
2540 4905 2719 4961 Donec
2750 4909 2964 4975 veniat;
3010 4930 3027 4962 ι
3054 4915 3178 4981 quis
3207 4928 3367 4983 porro

1805 5006 1886 5050 est
1910 4998 2000 5063 qui
2032 4995 2214 5048 venit!
2245 5015 2261 5046 ι
2283 4994 2543 5048 Videbunt
2576 4996 2626 5049 in
2661 5013 2820 5065 quem
2853 5014 3300 5071 compunxerunt.
3340 5010 3359 5054 ε

1788 5088 1996 5142 Veniet
2022 5086 2182 5154 igitur
2210 5086 2253 5139 is
2277 5087 2366 5155 qui
2397 5102 2463 5140 ex
2490 5089 2721 5141 humana
2765 5090 3072 5147 conditione
3112 5093 3367 5147 sustinuit

1806 5186 2058 5239 mortem,
2076 5185 2129 5228 et
2149 5176 2403 5229 divinitus
2429 5178 2744 5241 resurrexit,
2769 5180 2860 5246 qui
2885 5181 2934 5232 in
2966 5180 3158 5236 ccelum
3185 5184 3363 5246 rediit,

178 5354 197 5382 '
233 5351 415 5404 lCor.
448 5362 538 5411 xv,
569 5345 659 5399 53.
740 5344 760 5375 ⁸
790 5342 948 5395 Rom.
985 5355 1110 5405 xm,
1142 5342 1227 5394 Η.
1304 5342 1321 5370 ⁷
1382 5340 1555 5394 Calat.
1588 5355 1673 5400 nt.

1871 5338 1891 5368 ⁸
1913 5335 2066 5391 Joan.
2106 5352 2182 5391 si.
2221 5335 2310 5389 25.
2386 5339 2405 5366 '
2438 5333 2578 5389 Psal.
2605 5351 2790 5399 cxvm,
2820 5336 2910 5390 91.

1376 5492 1532 5546 Λλτ.
1576 5488 1841 5546 AGELLII
1883 5488 2108 5542 ΝΟΤΑΞ.

177 5643 285 5709 (3ολ
330 5637 584 5693 Veritatis
611 5650 819 5685 sacrum
849 5631 1233 5681 mtministrnm.
1269 5628 1401 5682 Nam
1434 5631 1485 5681 in
1508 5641 1687 5708 extre-

119 5700 191 5768 ma
221 5700 468 5783 Epistula
490 5710 558 5759 ad
593 5703 893 5763 Romanos,
923 5701 1347 5753 S'JttCliliCuﬂtcm
1396 5715 1488 5751 seu
1521 5700 1686 5753 sacri-

442 5801 724 5860 Parnm.
773 5792 864 5851 (in
879 5836 893 5853 .
948 5791 1217 5850 LXXVI.

1800 5629 2047 5689 ﬁcuutem
2080 5627 2517 5695 Evangeliumse
2557 5626 2730 5695 ipsum
2764 5627 2897 5680 dixit
2930 5626 3237 5695 Apostolus,
3263 5626 3361 5678 hoc

1794 5708 1892 5760 est,
1930 5692 2310 5765 ἱερουργοῦντα
2346 5696 2402 5746 τδ
2442 5692 2788 5760 Εὔανγὲλιον.

2977 5784 3007 5842 7
