4040 6462
692 365 796 423 203

1717 366 1772 420 S.
1816 363 2079 420 CYRILLI
2117 360 2588 419 ALEXANDle
2625 361 2943 418 AliCHlEP.

3821 361 3918 414 204

693 479 966 548 quietiam
989 475 1278 532 inell‘abilis
1299 477 1519 533 deitatis
1539 488 1765 549 augusta
1796 478 2090 534 decoratur
2109 478 2247 540 sede,

2363 476 2511 539 τίνος
2545 479 2572 529 6
2605 476 2856 540 θάνατος.
2906 495 2923 526 ι
2958 478 3149 546 Ἀχρις
3180 470 3241 528 οῦ
3284 475 3434 548 ἔλθῃ.
3473 495 3493 528 ›
3524 476 3618 540 τίς
3641 477 3696 529 δέ
3723 479 3857 529 ἐστιν
3892 477 3922 525 6

691 580 744 625 et
791 584 913 625 cum
960 568 1122 624 Patre
1162 568 1430 634 considet,
1475 568 1957 626 circumstantibus
2004 567 2257 622 nimirum

691 659 1071 728 Serapbim,et
1096 660 1366 728 supremis
1419 659 1527 715 illis
1573 659 1896 724 Virtutibus,
1952 671 2258 712 mensuram

688 767 800 809 sua:
827 751 1126 817 servitutis,
1158 765 1262 820 qua
1295 749 1366 804 illi
1402 749 1631 819 subjecti
1648 757 1792 811 sunt,
1825 763 1929 801 non
1964 745 2260 816 ignoranti-

688 845 808 908 bus,
840 842 1093 897 omnibus
1115 841 1279 895 etiam
1314 839 1680 894 Potestatibus
1707 838 1854 891 illum
1886 837 2255 898 adorantihus,

687 933 992 987 Virtutibus
1037 931 1200 986 etiam
1250 946 1313 984 ac
1357 928 1819 985 Dominationibus
1861 945 1876 981 :
1927 945 1945 978 ι
1982 926 2080 993 ipsi
2112 927 2255 980 enim

685 1038 846 1078 omne
863 1037 1000 1090 genu
1021 1021 1286 1085 ﬂectetur,
1301 1021 1542 1074 etomnis
1558 1019 1733 1086 lingua
1753 1017 2256 1089 conﬁtebiturhquia

687 1113 945 1168 Dominus
975 1110 1153 1177 Jesus,
1183 1111 1234 1163 in
1259 1111 1481 1178 gloriam
1506 1108 1598 1162 Dei
1622 1108 1795 1162 Patris
1826 1107 1898 1173 '°;
1925 1125 1944 1158 ι
1978 1116 2032 1160 et
2059 1107 2253 1171 veniet,

685 1209 744 1253 ut
777 1200 912 1263 dixi,
943 1215 1048 1252 non
1078 1201 1129 1252 in
1162 1207 1346 1252 nostra
1373 1196 1676 1251 humilitate
1702 1204 2051 1264 conspectus,
2081 1195 2174 1247 sed
2205 1194 2257 1246 in

683 1290 852 1361 gloria
879 1289 1200 1353 divinitatis,
1235 1287 1371 1341 caelo
1431 1287 1748 1354 superisque
1804 1284 2088 1353 spiritibus
2133 1297 2256 1337 eum

682 1379 1026 1447 stipantibus.
1058 1385 1111 1431 et
1135 1376 1232 1445 ipsi
1261 1385 1316 1428 ut
1343 1376 1472 1439 Deo,
1516 1389 1579 1426 ac
1609 1372 1766 1442 Regi,
1803 1382 1858 1426 et
1881 1373 2257 1426 universorum

683 1469 913 1524 Domino
959 1467 1350 1523 assistentibus.
1404 1465 1460 1519 Si
1517 1465 1683 1535 igitur
1715 1480 1820 1518 non
1866 1473 1947 1518 est
1977 1464 2029 1517 in
2072 1478 2254 1528 carne,

682 1562 788 1616 hoc
819 1569 922 1624 est,
951 1576 1056 1615 non
1091 1560 1250 1613 homo
1283 1557 1483 1612 factum
1526 1565 1609 1611 est
1655 1557 1745 1610 Dei
1782 1556 1961 1610 Patris
1997 1555 2257 1620 Verbum,

683 1652 776 1705 sed
840 1653 1000 1705 homo
1055 1648 1267 1714 Deifer,
1335 1648 1476 1701 latus
1530 1661 1847 1715 corporeum
1908 1647 2148 1712 habens,
2204 1655 2258 1701 et

675 1741 844 1811 .117
901 1739 1372 1808 compunctiouem
1420 1738 1605 1792 lateris
1637 1753 1848 1808 passus,
1892 1743 2161 1809 quomodo
2205 1741 2255 1792 in

2364 567 2688 636 ἐρχόμενος;
2729 587 2746 618 ι
2787 567 3046 637 Ὄψονται
3076 569 3155 630 εἰς
3201 567 3258 620 ὃν
3307 567 3685 637 ἐξεκέντησαν.
3722 586 3739 618 ι
3773 566 3923 630 Ἥξει

2362 660 2564 724 τοίνυν,
2613 662 2641 711 6
2687 658 2971 720 πεπονθὼς
3009 658 3107 728 μὲν
3147 659 3237 711 τὸν
3287 657 3515 711 θάνατον
3557 657 3923 727 ἀνθρωπίνως,

2363 748 2732 819 ἐγηγερμένος
2767 748 2822 800 δὲ
2853 747 3046 809 θεῖκῶς
3066 765 3080 778 ο
3123 748 3490 816 ἀναφοιτήσας
3518 747 3575 800 δὲ
3610 750 3702 800 καὶ
3734 751 3808 810 είς
3832 749 3924 799 οὐ·

2365 838 2564 906 ρανοὺς
2587 879 2599 900 ,
2623 837 2681 900 ὃς
2719 839 2811 890 καὶ
2839 839 2952 898 τοῖς
2973 835 3074 904 τῆς
3102 837 3343 905 ἀρρήτου
3371 836 3623 905 θεότητος
3651 837 3929 905 ἐναϐρύνε-

2361 943 2451 978 ται
2480 925 2696 988 θώκοις,
2733 927 2825 977 καὶ
2858 924 3167 993 συνεδρεύει
3201 924 3278 993 τῷ
3315 923 3514 992 Πατρὶ,
3554 921 3928 991 περιεστώτων

2363 1018 2419 1070 ἐν
2452 1018 2635 1086 κύκλῳ
2667 1017 2907 1087 δηλονότι
2937 1017 3045 1068 τῶν
3073 1017 3324 1086 Σεραφὶμ
3347 1057 3361 1080 ,
3397 1015 3488 1067 καὶ
3535 1013 3644 1066 τῶν
3674 1015 3929 1067 ἀνωτάτω

2360 1107 2674 1174 Δυνάμεων,
2703 1106 2802 1156 οὐκ
2823 1103 3130 1172 ἀγνωυσῶν
3153 1103 3252 1171 τῆς
3283 1102 3374 1154 ὑπ’
3408 1099 3586 1152 αὐτῶν
3611 1098 3840 1160 δουλείας
3867 1097 3932 1149 τὸ

2364 1196 2584 1266 μέτρον·
2611 1194 3020 1266 προσκυνούσης
3044 1211 3101 1246 τε
3130 1193 3278 1262 αὑτῷ
3305 1193 3398 1246 καὶ
3416 1191 3690 1254 Ἐξουσίας
3715 1190 3933 1256 ἁπάσης

2361 1285 2653 1355 Δυνάμεώς
2692 1303 2751 1337 τε
2787 1286 2881 1338 καὶ
2932 1283 3299 1354 κυριότητοςο
3344 1300 3362 1332 ι
3401 1281 3609 1351 κάμψει
3646 1281 3749 1349 γὰρ
3779 1280 3932 1348 αὐτῷ

2361 1378 2469 1429 πᾶν
2509 1377 2658 1443 γόνυ,
2717 1375 2812 1429 καὶ
2859 1376 3008 1427 πᾶσα
3048 1373 3269 1440 γλῶσσα
3320 1372 3805 1442 ἐξομολογήσεται,
3843 1372 3932 1422 ὅτι

2362 1470 2566 1539 Κύριος
2583 1467 2807 1539 Ἰησοῦς,
2834 1469 2912 1530 είς
2941 1467 3096 1532 δόξαν
3125 1464 3259 1518 Θεοῦ
3283 1463 3721 1534 Πατρός.›”Ηξει
3743 1462 3818 1527 δὲ,
3851 1463 3933 1524 ὡς

2361 1559 2518 1630 ἔφην,
2546 1562 2644 1612 οὐκ
2672 1559 2727 1612 ἔν
2755 1576 2816 1626 γε
2841 1561 2908 1628 τῇ
2942 1556 3063 1610 καθ’
3100 1558 3248 1626 ἡμᾶς
3284 1555 3727 1626 σμικροπρεπείᾳ
3752 1552 3936 1622 φαινό-

2367 1669 2544 1722 μενος,
2577 1651 2635 1702 ἐν
2676 1650 2896 1720 εὐκλείᾳ
2924 1649 2980 1700 δὲ
3022 1648 3222 1717 μᾶλλον
3252 1651 3318 1718 τῇ
3351 1645 3817 1717 θεοπρεπεστάτῃ,
3842 1645 3935 1697 δο-

2365 1741 2728 1812 ρυφοροῦντος
2761 1739 2992 1810 οὐρανοῦ
3029 1740 3122 1792 καὶ
3167 1739 3276 1791 τῶν
3326 1739 3436 1793 ἄνω
3491 1737 3805 1808 πνευμάτων
3852 1736 3936 1797 ὡς

683 1835 811 1890 sede
853 1846 1118 1901 supremae
1172 1829 1470 1884 divinitatis
1515 1828 1869 1898 conspicitur,
1901 1831 2048 1883 velut
2096 1846 2247 1898 quar-

2359 1832 2477 1902 Θεῷ
2510 1849 2564 1884 τε
2594 1831 2686 1884 καὶ
2714 1829 2952 1892 Βασιλεῖ,
2983 1829 3075 1881 καὶ
3102 1826 3181 1897 τῷ
3210 1827 3317 1880 τῶν
3347 1826 3484 1880 ὅλων
3508 1828 3751 1898 Δεσπότῃ
3781 1843 3934 1896 παρ-

684 1936 772 1980 tus
821 1925 974 1979 nobis
1030 1923 1172 1976 Deus
1210 1921 1428 1988 quidam
1485 1934 1676 1973 recens
1716 1930 1835 1988 post
1861 1930 2103 1974 sanctam
2135 1921 2255 1974 Tri-

683 2017 905 2072 nitatem
969 2010 1384 2069 eifectusiNon
1454 2010 1646 2064 horres
1718 2010 1898 2064 dicere
1982 2011 2251 2080 vulgarem

682 2108 977 2172 hominem,
1004 2115 1268 2160 creaturae
1295 2102 1497 2157 cultum
1525 2100 1884 2156 exhibendum
1908 2101 2255 2171 excogitaus?

683 2198 901 2268 Ergone
951 2193 1225 2250 veteribus
1269 2192 1478 2261 laqueis
1512 2193 1814 2248 detinemur
1843 2193 1865 2245 ?
1898 2208 2098 2262 ergone
2143 2193 2253 2246 Deo

680 2289 933 2359 injuriatn
983 2285 1166 2340 intulit
1215 2293 1270 2338 et
1317 2283 1598 2339 nobiscum
1648 2297 1833 2336 errore
1889 2284 2111 2337 seducta
2168 2292 2253 2337 est

679 2387 862 2435 saneta
911 2376 998 2430 illa
1061 2373 1348 2428 multitudo
1399 2387 1752 2441 supernorum
1813 2374 2153 2443 spirituum?
2193 2375 2250 2428 Si

679 2471 849 2525 veteri
902 2481 1088 2522 errore
1140 2465 1351 2520 liberati
1407 2479 1594 2518 sumus
1641 2465 1696 2517 in
1753 2479 1819 2518 eo
1867 2467 2007 2533 quod
2047 2467 2253 2522 servire

680 2569 945 2615 creaturae
977 2567 1229 2626 tanquam
1291 2569 1404 2608 rem
1461 2553 1682 2624 impiam
1718 2555 2104 2620 recusavimus,
2156 2569 2254 2610 cur

680 2663 778 2702 nos
823 2648 875 2701 in
911 2655 1090 2701 vetera
1136 2645 1362 2699 crimina
1407 2643 1649 2710 conjicis,
1683 2653 1738 2698 et
1764 2645 1930 2699 elﬁcis
1949 2645 2249 2700 hominico-

680 2741 796 2795 las?
816 2739 924 2795 Nos
948 2740 1091 2792 enim
1117 2737 1318 2792 scimus
1345 2745 1396 2790 et
1414 2736 1686 2791 credimus
1708 2735 1836 2790 illud
1866 2751 1931 2791 ex
1959 2738 2065 2792 Deo
2091 2735 2252 2792 Patre

679 2830 912 2885 Verbum
971 2841 1184 2882 carnem
1245 2838 1300 2880 et
1346 2826 1664 2897 sanguinem
1698 2827 2067 2895 assumpsisse
2102 2844 2116 2881 :
2155 2830 2250 2883 sed

2357 1921 2688 1992 εστηκότων.
2728 1919 2898 1988 Εἴπερ
2945 1913 3037 1972 οὖν
3088 1919 3235 1969 ἐστιν
3283 1917 3382 1969 οὐκ
3413 1918 3471 1968 ἐν
3508 1918 3672 1987 σαρκὶ
3705 1916 3932 1984 μᾶλλον,

2356 2013 2524 2083 ’ήγουν
2555 2010 2842 2082 ἄνθρωπος
2869 2007 3106 2078 γεγονὼς
3133 2011 3159 2062 6
3190 2009 3283 2061 τοῦ
3320 2007 3456 2061 Θεοῦ
3489 2008 3708 2079 Πατρὸς
3733 2008 3934 2074 Λόγος,

2355 2106 2640 2177 ἄνθρωπος
2683 2104 2739 2156 δὲ
2766 2103 3034 2173 Θεοφόρος
3069 2102 3312 2174 πλευρὰν
3356 2102 3493 2172 ἔχων
3521 2102 3768 2172 σώματος
3790 2145 3804 2168 ,
3834 2103 3937 2156 καὶ

2357 2196 2653 2265 ὑπομείνας
2687 2195 2784 2265 τὴν
2818 2193 3179 2261 διακέντησιν,
3231 2192 3346 2255 πῶς
3378 2194 3433 2244 ἐν
3468 2192 3679 2262 θρόνοις
3708 2195 3933 2263 ὁρᾶται,

2354 2290 2452 2359 τῆς
2471 2289 2733 2340 ἀνωτάτω
2759 2285 3008 2352 θεότητος
3032 2283 3290 2354 τέταρτος
3309 2283 3498 2354 ὥσπερ
3527 2299 3606 2346 τις
3633 2285 3762 2353 ἡμῖν
3787 2285 3939 2353 μετὰ

2353 2383 2452 2449 τὴν
2501 2379 2660 2448 ἁγίαν
2695 2377 2899 2447 Τριάδα
2947 2376 3258 2446 πρόσφατος
3287 2376 3418 2438 Θεὸς
3447 2377 3932 2447 ἀναδεδειγμένοςς

2354 2469 2428 2522 Οὐ
2483 2467 2906 2534 καταπέφρικας
2962 2465 3139 2518 κοινὸν
3189 2465 3497 2536 ἄνθρωπον,
3531 2468 3596 2535 τῇ
3643 2467 3818 2520 κτίσει
3865 2467 3938 2518 τὸ

2355 2560 2520 2622 σέϐας
2546 2557 2806 2624 ἐπινοῶν;
2841 2554 2951 2627 ἆρα
2977 2559 3089 2620 τοῖς
3135 2557 3386 2628 ἀρχαίοις
3436 2556 3769 2628 ἐνισχήμεθα
3804 2556 3937 2628 βρό-

2352 2668 2496 2721 χοις;
2535 2646 2645 2720 ἆρα
2674 2648 3074 2719 πεπαρῴνηκεν
3120 2649 3198 2709 είς
3247 2648 3402 2711 Θεὸν,
3441 2649 3534 2700 καὶ
3584 2647 3935 2717 πεπλάνηται

2355 2740 2475 2810 μεθ’
2506 2738 2685 2809 ήμῶν,
2719 2740 2751 2807 ἡ
2783 2739 2912 2805 ἁγία
2944 2737 3052 2789 τῶν
3082 2737 3194 2789 ἄνω
3222 2737 3551 2807 πνευμάτων
3580 2737 3827 2807 πληθύς;
3864 2739 3939 2791 Et

2349 2831 2449 2900 τῆς
2484 2829 2716 2900 ἀρχαίας
2759 2829 2974 2898 ἀπάτης
3008 2827 3462 2899 ἐκλελυτρώμεθα
3488 2869 3503 2894 ,
3539 2829 3600 2882 τὸ
3632 2831 3698 2897 τῇ
3749 2829 3939 2881 κτίσει

679 2921 804 2989 quia
859 2919 1159 2990 permansit
1211 2917 1376 2981 idem,
1425 2932 1618 2987 nempe
1668 2917 1832 2982 Deus,
1883 2931 2034 2971 suam
2087 2933 2247 2988 supra

2352 2919 2634 2991 λατρεύειν
2659 2919 2734 2983 ὡς
2755 2918 3014 2982 δυσσεϐὲς
3039 2920 3491 2990 παραιτούμενοι,
3523 2920 3575 2972 τί
3599 2919 3758 2973 πάλιν
3779 2920 3942 2988 ἡμᾶς

679 3013 857 3069 omnia
889 3009 1399 3066 excellentissimam
1451 3009 1766 3080 dignitatem
1812 3011 2048 3064 servavit
2085 3012 2247 3064 etiam

2352 3015 2459 3073 τοῖς
2504 3011 2753 3081 ἀρχαίοις
2799 3011 3139 3080 ἐγκλήμασιν
3174 3011 3336 3072 ἐνιεὶς
3367 3011 3691 3079 ἀποφαίνεις
3723 3010 3946 3079 ἀνθρω-

677 3119 800 3158 cum
819 3103 1040 3172 perinde
1061 3115 1124 3154 ac
1155 3114 1253 3155 nos
1301 3107 1448 3155 esset
1492 3098 1547 3152 in
1593 3114 1779 3156 carne.
1829 3099 1999 3155 Porro
2023 3115 2144 3155 cum
2177 3102 2247 3155 sit

2353 3102 2664 3171 πολάτρας;
2713 3101 2906 3172 Ἡμεῖς
2939 3101 3039 3172 μὲν
3075 3101 3184 3172 γὰρ
3219 3101 3378 3170 ἴσμεν
3430 3101 3524 3154 καὶ
3554 3099 3945 3153 πεπιστεύκα-

678 3195 820 3249 Deus
875 3192 1225 3247 nihilominus
1256 3193 1356 3245 hoc
1387 3200 1626 3258 tempore
1685 3206 1846 3261 quam
1881 3191 2047 3247 fuerit
2094 3192 2244 3260 olim,

2354 3210 2472 3262 μεν,
2502 3193 2582 3245 ὅτι
2617 3191 2839 3259 γέγονεν
2866 3194 2923 3244 ἐν
2952 3192 3255 3262 προσλήψει
3295 3193 3498 3262 σαρκός
3540 3210 3600 3244 τε
3631 3194 3726 3246 καὶ
3757 3193 3943 3262 αἵμα-

677 3286 924 3355 quamvis
972 3285 1131 3337 homo
1185 3283 1382 3346 factus,
1419 3289 1597 3336 tamen
1632 3284 1876 3337 serviens
1905 3284 2007 3336 sibi
2049 3284 2246 3337 malum

2352 3300 2439 3345 τος
2466 3284 2494 3334 6
2524 3271 2587 3334 ἐκ
2620 3282 2754 3335 Θεοῦ
2787 3281 3001 3353 Πατρός
3030 3283 3202 3352 Λόγος
3224 3299 3236 3310 ·
3283 3284 3474 3356 ἐπειδὴ
3524 3284 3581 3337 δὲ
3617 3284 3945 3354 μεμένηκεν

676 3376 862 3443 habet,
900 3377 1331 3442 adorantemque
1361 3384 1560 3428 terram
1589 3391 1604 3440 ;
1644 3374 1906 3443 scriptum
1939 3385 2023 3428 est
2051 3375 2193 3429 enim
2231 3392 2244 3427 :

2352 3375 2572 3436 όαὺτὸς
2635 3374 2880 3443 δηλονότι
2921 3374 3072 3436 Θεὸς,
3120 3375 3219 3444 τῆς
3267 3375 3492 3444 ἐνούσης
3536 3376 3678 3428 κατὰ
3709 3376 3946 3430 πάντων

683 3482 701 3515 ι
736 3463 919 3519 Laude
975 3462 1382 3532 Dominiplena
1439 3471 1523 3518 est
1576 3471 1770 3527 terra;
1809 3464 2026 3531 operuit
2080 3463 2247 3517 caelos

2352 3459 2625 3532 ὑπεροχῆς
2655 3461 2714 3513 τὸ
2742 3461 2961 3530 ἀξίωμα
2988 3461 3313 3514 διεσώσατο’
3370 3462 3573 3533 καίπερ
3624 3462 3698 3516 ὣν
3747 3463 3949 3533 σάρκα

676 3557 844 3626 gloria
887 3566 996 3621 tua,
1035 3555 1259 3609 Domine
1291 3555 1356 3605 “.
1396 3573 1414 3604 ›
1457 3552 1538 3607 Tu
1567 3569 1697 3609 vero
1729 3568 1760 3608 e
1817 3553 2089 3608 contrario
2122 3569 2246 3609 eum

2352 3551 2430 3624 [ἐν
2459 3551 2645 3624 σαρκὶ]
2676 3553 2797 3605 καθ’
2825 3554 2997 3623 ἡμᾶς.
3030 3552 3161 3616 Θεὸς
3183 3554 3239 3606 δὲ
3263 3553 3544 3624 ὑπάρχων,
3564 3554 3715 3607 οὐδὲν
3739 3550 3943 3627 ἦττον,

677 3647 768 3716 qui
823 3654 969 3700 tanta
1000 3655 1083 3698 est
1130 3653 1184 3698 et
1219 3651 1429 3697 naturae
1460 3653 1515 3697 et
1549 3643 1735 3711 gloriae
1775 3642 2145 3711 amplitudine,
2180 3658 2246 3697 ex

675 3737 842 3791 nimia
894 3736 1107 3793 inscitia
1163 3749 1272 3788 non
1333 3734 1517 3798 vides;
1549 3733 1734 3789 dixisti
1771 3735 1914 3789 enim
1952 3754 1963 3788 :
1994 3734 2125 3800 Quis
2163 3743 2247 3788 est

675 3828 765 3897 qui
805 3829 954 3881 venit
981 3827 1004 3878 ?
1036 3843 1054 3876 ι
1080 3825 1348 3881 Videbunt
1375 3824 1568 3879 Filium
1597 3825 1830 3879 hominis
1857 3827 2158 3880 venientem
2185 3825 2244 3878 in

673 3919 1054 3974 nubibus-cadi
1084 3919 1175 3982 ¹¹;
1223 3937 1242 3970 ι
1307 3927 1561 3985 tanquam
1613 3918 1822 3973 scilicet
1885 3928 2131 3973 metuens
2178 3932 2246 3971 ne

674 4011 794 4080 quis
843 4009 1111 4064 diﬁideret
1173 4008 1373 4063 dicenti
1413 4007 1610 4062 Filium
1663 4008 1902 4064 hominis
1954 4025 2077 4062 eum
2126 4023 2246 4063 esse

671 4101 766 4173 qui
794 4101 973 4165 venit,
1004 4111 1056 4153 et
1080 4101 1392 4170 prophetico
1423 4101 1732 4155 testimonio
1760 4103 2055 4156 conﬁrmas
2087 4117 2247 4170 argu-

674 4201 935 4247 mentum.
973 4190 1243 4260 Scriptum
1297 4205 1420 4245 esse
1470 4206 1704 4258 namque
1752 4191 1832 4245 ais
1864 4208 1876 4243 :
1909 4209 1928 4242 ι
1975 4189 2244 4246 Videbunt

672 4284 727 4338 in
757 4297 916 4352 quem
939 4290 1377 4350 compunxerunt
1406 4280 1449 4311 ¹³
1479 4297 1494 4346 ;
1543 4298 1563 4331 ι
1590 4291 1645 4334 et
1674 4281 1814 4347 quod
1848 4290 2105 4348 praeterea
2127 4281 2244 4349 ipse

671 4373 869 4440 putasti
920 4386 1040 4427 esse
1090 4372 1157 4424 ad
1205 4371 1606 4437 coarguendum
1668 4369 1892 4434 ﬁrmius,
1928 4370 2240 4438 impruden-

2349 3644 2381 3714 ἢ
2414 3644 2580 3699 πάλαι
2629 3645 2721 3697 καὶ
2753 3644 2867 3709 νῦν,
2917 3646 3019 3700 κᾶν
3050 3648 3098 3699 εί
3132 3647 3354 3714 γέγονεν
3381 3647 3690 3716 ἄνθρωπος,
3721 3647 3946 3720 λάτρην

2348 3737 2460 3806 ἔχει
2491 3739 2582 3789 τὸν
2605 3737 2832 3806 οὐρανὸν
2863 3738 2956 3789 καὶ¹
2989 3738 3403 3806 προσκυνοῦσαν
3427 3738 3523 3807 τὴν
3555 3739 3660 3807 γῆν
3682 3754 3694 3768 ’
3725 3741 3948 3809 γέγρα-

2350 3843 2482 3880 πται
2507 3827 2636 3897 γὰρ,
2671 3829 2753 3880 ὅτι
2788 3849 2805 3880 ι
2846 3830 2956 3899 Τῆς
2990 3830 3251 3893 αἰνέσεως
3277 3830 3484 3901 Κυρίου
3516 3833 3733 3902 πλήρης
3763 3835 3794 3902 ὴ
3830 3833 3936 3902 γῆ⁶

2348 3918 2618 3986 ἐκάλυψεν
2667 3921 2988 3988 οὐρανοὺςὴ
3023 3922 3189 3992 ἀρετή
3224 3939 3339 3986 σου,
3378 3921 3574 3993 Κύριε.
3615 3942 3632 3973 ι
3668 3922 3740 3975 Σὺ
3773 3922 3833 3974 δὲ
3865 3922 3943 3992 δὴ

2349 4009 2510 4062 πάλιν
2545 4010 2635 4062 τὸν
2665 4009 2837 4073 οὕτως
2888 4011 3080 4081 ἔχοντα
3129 4012 3344 4081 φύσεώς
3386 4031 3446 4066 τε
3488 4015 3581 4066 καὶ
3626 4014 3821 4084 δόξης,
3868 4016 3947 4066 ἐκ

2347 4099 2549 4171 πολλῆς
2579 4101 2720 4168 ἄγαν
2743 4101 3094 4172 ἀϐελτηρίας,
3127 4102 3224 4171 οὺχ
3257 4105 3410 4172 ὁρᾷς.
3443 4104 3622 4174 Ἐφης
3650 4105 3762 4174 γάρ
3790 4104 3877 4165 τίς
3905 4107 3945 4157 ὁ

2347 4190 2667 4259 ἐρχόμενος;
2719 4209 2737 4240 ι
2771 4192 3030 4260 Ὄψονται
3080 4193 3170 4244 τὸν
3205 4194 3334 4246 Υίὸν
3363 4193 3456 4247 τοῦ
3497 4194 3795 4265 ἀνθρώπου
3839 4197 3946 4266 ἐρ-

2340 4281 2572 4352 χόμενον
2602 4282 2692 4334 ἐπὶ
2722 4281 2830 4335 τῶν
2858 4283 3097 4351 νεφελῶν
3126 4284 3220 4337 τοῦ
3254 4285 3485 4353 οὐρανοῦ
3508 4301 3520 4315 ⁸
3559 4304 3576 4336 ›
3611 4285 3808 4354 ὥσπερ
3845 4287 3946 4338 δε-

2344 4371 2472 4435 διὼς
2503 4372 2578 4442 μὴ
2609 4373 2719 4443 ἄρα
2738 4392 2820 4436 τις
2849 4375 3205 4445 ἀπιστήσειεν
3235 4376 3363 4429 Υίὸν
3393 4375 3681 4447 ἀνθρώπου
3711 4377 3946 4444 λέγοντι

670 4465 883 4519 tissime
913 4462 1172 4531 adjiciens
1203 4478 1216 4514 :
1243 4461 1506 4526 Quidnam
1547 4470 1651 4528 est,
1709 4461 1911 4529 inquis,
1940 4461 2069 4516 illud
2095 4477 2239 4516 com-

2352 4462 2436 4514 τὸν
2471 4464 2785 4533 ἐρχόμενον.
2827 4466 2936 4517 Καὶ
2992 4471 3304 4537 προφητικῇ
3362 4469 3637 4538 μαρτυρίᾳ
3680 4468 3945 4538 βεϐαιοῖς

669 4563 930 4624 punctum
961 4551 984 4604 ‘i
1012 4550 1176 4604 Latus
1203 4549 1381 4614 ;latus
1424 4564 1553 4604 vero
1604 4549 1849 4617 corporis
1874 4559 1976 4612 est,
2015 4565 2080 4602 an
2105 4551 2240 4605 divi-

669 4643 896 4699 uitatis?
924 4641 1028 4695 Sed
1056 4641 1101 4695 si
1127 4641 1215 4708 qui
1237 4650 1420 4693 essent
1468 4639 1559 4708 qui
1586 4639 1849 4704 dicerent,
1876 4640 1970 4692 Dei
1999 4637 2235 4694 Verbum

665 4748 776 4788 non
837 4731 1038 4786 factum
1095 4729 1265 4784 fuisse
1320 4729 1588 4782 hominem
1649 4730 1822 4783 nostri
1856 4729 2108 4792 similem,
2144 4731 2235 4784 sed

669 4825 735 4879 ad
760 4823 1004 4878 homines
1021 4822 1109 4890 qui
1143 4828 1267 4874 sunt
1304 4821 1354 4872 in
1381 4819 1540 4873 terris
1600 4819 1883 4875 advenisse
1910 4821 2047 4874 nuda
2081 4836 2235 4876 usum

669 4916 968 4980 divinitate,
1024 4923 1116 4967 aut
1167 4914 1233 4966 ad
1267 4914 1437 4965 visum
1496 4928 1558 4965 uc
1581 4913 1841 4981 speciem,
1885 4922 1940 4967 et
1983 4923 2233 4983 tanquam

670 5009 723 5061 in
750 5007 966 5068 umbra,
1001 5012 1059 5058 ut
1104 5004 1427 5071 quibusdam
1487 5003 1666 5071 impiis
1709 5004 1980 5058 haereticis
2035 5006 2236 5059 sentire

668 5094 842 5146 visum
906 5101 1012 5156 est,
1046 5092 1274 5145 haberes
1335 5090 1568 5157 aliquam
1629 5091 1892 5159 ejusmodi
1951 5094 2238 5147 ratiocina-

670 5183 830 5234 tionis
888 5179 1262 5235 construendte
1311 5178 1647 5232 occasionem
1705 5180 1844 5232 haud
1901 5179 2233 5234 absurdam:

662 5273 773 5342 jam
833 5288 959 5327 vero
1006 5286 1126 5325 cum
1186 5268 1492 5338 praedicatio
1550 5268 1790 5322 veritatis
1844 5270 2128 5339 perspicue
2184 5280 2239 5323 et

667 5364 943 5418 evidenter
977 5363 1150 5432 ipsum
1183 5359 1277 5413 Dei
1309 5357 1542 5412 Verbum
1573 5373 1788 5413 carnem
1828 5358 2030 5414 factum
2068 5362 2232 5426 dicat,

665 5462 719 5508 ct
745 5452 907 5506 fuisse
935 5449 1104 5506 nostri
1135 5449 1386 5513 similem,
1419 5455 1473 5502 et
1493 5447 1683 5502 Filium
1713 5451 1966 5513 hominis,
1995 5460 2049 5504 et
2073 5467 2235 5506 carne

665 5553 883 5612 propter
915 5556 1011 5596 nos
1043 5556 1278 5611 passum,
1313 5540 1497 5609 sicque
1524 5550 1803 5595 venturum
1851 5551 1906 5594 ut
1934 5543 1991 5596 in
2035 5543 2232 5598 coelum

2345 4552 2446 4623 τὴν
2481 4553 2781 4620 ἀπόδειξιν·
2815 4555 3125 4626 γεγράφθαι
3165 4559 3272 4629 γάρ
3307 4559 3448 4628 φής·
3487 4577 3505 4609 ί
3542 4559 3811 4627 Ὄψονται
3851 4563 3943 4625 είς

2349 4637 2408 4690 ὃν
2457 4638 2850 4711 ἐξεκέντησαν·
2889 4663 2905 4692 ι
2965 4645 3058 4698 καὶ¹
3091 4645 3151 4697 τὸ
3185 4647 3276 4698 ἐπὶ
3315 4646 3540 4710 τούτων,
3598 4647 3794 4721 ὥσπερ
3837 4646 3944 4704 οὖν

2343 4729 2557 4802 ᾠήθης,
2617 4734 2695 4794 εἰς
2748 4735 3003 4804 ἐλέγχους
3063 4738 3478 4810 εὐσθενέστερον
3529 4740 3943 4797 ἀσυνετώτατα

2346 4822 2658 4891 προστιθείς
2681 4841 2693 4854 ·
2728 4826 2822 4888 Τίς
2854 4823 2946 4879 οὖν
2981 4828 3096 4880 ἐστι
3122 4867 3135 4891 ,
3189 4830 3372 4899 φησὶν,
3416 4833 3444 4883 6
3494 4833 3818 4901 κεντηθείς;
3870 4837 3944 4889 Ἡ

2344 4911 2581 4982 πλευρά·
2638 4914 2846 4983 πλευρὰ
2898 4917 2955 4969 δὲ
3011 4917 3260 4988 σώματός
3323 4923 3492 4986 ἐστιν,
3546 4922 3577 4990 ἢ
3624 4917 3940 4994 θεότητος;

2354 5003 2490 5056 Ἀλλ’
2528 5009 2575 5057 εἰ
2626 5007 2723 5075 μὲν
2768 5005 2908 5077 ἦσαν
2953 5012 3095 5074 τινὲς
3124 5015 3170 5064 οἱ
3203 5013 3471 5080 λέγοντες,
3523 5016 3682 5078 ὼςού
3723 5019 3943 5086 γέγονε

2335 5095 2463 5147 καθ’
2512 5098 2658 5165 ἡμᾶς
2687 5098 2972 5168 ἄνθρωπος
3011 5104 3038 5154 6
3068 5103 3162 5155 τοῦ
3193 5105 3328 5157 Θεοῦ
3355 5107 3524 5174 Λόγος
3544 5122 3556 5136 ’
3585 5110 3946 5180 ἐπεφοίτησε

2340 5185 2395 5236 δὲ
2429 5189 2540 5249 τοῖς
2569 5188 2659 5238 ἐπὶ
2687 5189 2809 5257 γῆς,
2852 5194 3033 5261 γυμνῇ
3062 5196 3126 5262 τῇ
3159 5193 3370 5264 θεότητι
3414 5196 3714 5266 χρώμενος,
3752 5201 3945 5270 ἤγουν

2340 5277 2395 5326 ἐν
2425 5276 2639 5346 δοκήσει
2667 5280 2759 5331 καὶ
2796 5279 2870 5340 ὡς
2909 5283 2964 5332 ἐν
3000 5285 3144 5353 σκιᾷ,
3196 5286 3337 5339 καθὰ
3369 5290 3585 5355 φρονεῖν
3619 5287 3772 5355 ἔδοξέ
3817 5309 3947 5344 τισι

2337 5368 2445 5418 τῶν
2497 5369 2728 5421 ἀνοσίων
2773 5372 3083 5440 αἱρετικῶν,
3134 5371 3200 5446 ἦν
3248 5377 3312 5430 ἄν
3367 5395 3448 5429 σοι
3497 5380 3776 5448 πρόφασις
3832 5389 3949 5455 τῆς

2338 5459 2550 5510 τοιᾶσδε
2587 5459 2694 5511 τῶν
2742 5461 2915 5527 λόγων
2964 5467 3330 5536 κατασκευῆς,
3370 5470 3467 5521 οὐκ
3499 5470 3602 5536 ἔξω
3643 5475 3950 5543 τρέχουσα

2337 5547 2430 5598 τοῦ
2479 5549 2717 5611 είκὸτο;’
2771 5553 3043 5622 ἐπειδὴδὲ
3095 5556 3153 5607 τὸ
3191 5557 3290 5626 τῆς
3338 5560 3593 5630 ἀληθείας
3626 5567 3950 5636 κήρυγμα,

699 5714 744 5746 ⁸⁸
775 5714 1004 5784 Philipp.
1033 5730 1096 5778 tt,
1129 5713 1329 5780 ’10,Η.
1408 5716 1447 5745 “
1481 5713 1783 5782 Habac.ut,
1815 5717 1865 5771 5.
1946 5721 1986 5751 ¹¹
2018 5718 2206 5774 Matth.

2352 5739 2396 5788 v,
2438 5725 2523 5778 '50.
2608 5724 2900 5781 “Zachar.
2928 5745 3031 5795 xit,
3071 5732 3152 5786 lO.
