4040 6424
118 356 208 410 205

1192 354 1560 411 ADVERSUS
1600 354 1999 412 NESTORIUM
2034 356 2160 412 LIB.
2206 356 2271 412 ν.

3262 354 3367 411 206

121 468 291 535 σαφῶς
324 484 389 520 τε
425 470 529 522 καὶ
564 469 815 541 ἐναργῶς
844 471 933 523 τὸν
955 468 1048 523 106
1071 470 1203 524 Θεοῦ
1236 472 1406 540 Λόγον
1442 475 1618 544 σάρκα
1643 490 1695 527 τε

1809 476 2070 543 ascendit,
2103 488 2160 530 ut
2194 474 2365 545 angeli
2408 487 2538 528 voce
2590 481 2840 529 testatum
2881 480 2964 528 est
2994 473 3058 539 “,
3104 486 3365 541 quosnam

114 556 385 625 γενέσθαι,
427 562 571 629 φησὶ
596 601 609 625 ,
648 563 989 631 χρηματίσαι
1033 562 1089 614 δὲ
1120 564 1243 615 καθ’
1276 564 1421 633 ἡμᾶς
1450 566 1543 618 καὶ
1575 566 1702 619 Υίδν

112 647 428 717 ἀνθρώπου,
459 651 560 701 καὶ
593 650 790 704 παθεῖν
824 651 964 719 ὑπὲρ
989 650 1143 719 ἡμῶν
1175 652 1375 722 σαρκί·
1414 653 1704 721 ἀφίξεσθαι

110 740 157 790 δὲ
184 740 279 791 καὶ
307 739 503 804 οὕτως
538 742 729 803 αὑτὸν,
752 742 827 805 ὡς
856 740 1195 811 ἀναῦέὃηκεν
1219 745 1298 805 είς
1330 743 1420 795 τὸν
1453 746 1699 815 οὐρανόν·

112 828 242 900 [και]
281 833 436 883 κατά
472 833 577 902 τὴν
610 832 706 884 τοῦ
736 833 972 899 ἀγγέλου
1004 833 1208 901 φωνὴν,
1239 833 1376 904 πρὸς
1406 834 1555 897 τινας
1587 834 1701 889 δια-

104 922 446 990 τεινόμενος,
485 922 613 975 εἰπέ
646 939 757 992 μοι,
786 925 880 976 καὶ
902 923 998 992 τὴν
1024 924 1165 986 τίνος
1195 923 1353 989 δόξαν
1374 925 1704 996 κατακιδδη-

104 1013 271 1064 λεύων
305 1013 388 1075 ὡς
423 1013 624 1082 ἀμαθῆ
655 1016 751 1065 καὶ
779 1013 1075 1083 ἀσύφηλον,
1104 1013 1389 1083 ἄνθρωπον
1415 1017 1547 1085 ἡμῖν
1568 1017 1705 1068 ἀποο

103 1103 264 1170 φῆναι
318 1104 667 1169 φιλονεικεῖς
705 1103 797 1156 τὸν
844 1106 1172 1173 ἐρχόμενον,
1218 1094 1459 1177 πλευρὰν
1508 1107 1703 1177 ῑχοντα

106 1194 437 1262 σωματικὴν
457 1238 472 1259 ,
507 1197 610 1263 τὴν
643 1198 709 1264 τῇ
744 1194 914 1266 λόγχῃ
943 1196 1399 1267 διανενυγμένην;
1433 1198 1593 1253 Ἀλλά
1621 1216 1702 1252 σοι

107 1286 328 1346 σκοπὸς,
376 1286 457 1346 ὡς
494 1284 656 1355 ἔφην,
686 1285 971 1355 ἄνθρωπον
1002 1288 1133 1355 ἡμῖν
1154 1286 1445 1357 Θεοφόρσν,
1464 1290 1558 1341 κα)⁵
1582 1290 1703 1359 οὐχὶ

102 1378 160 1445 δὴ
208 1377 427 1446 μᾶλλον
476 1377 615 1429 Θεὸν
645 1377 1103 1446 ὲνηνθρωπηκότα
1132 1418 1146 1441 ,
1186 1378 1585 1448 παρακομίζειν
1622 1383 1702 1442 είς

106 1470 264 1537 μέσον
301 1470 403 1521 τὸν
448 1469 829 1538 Ἐμμανουήλ.
866 1470 1058 1537 Γέγονε
1093 1469 1201 1540 γὰρ
1233 1470 1516 1540 ἄνθρωπος
1548 1474 1577 1524 ό
1607 1471 1700 1525 τοῦ

99 1558 230 1608 Θεοῦ
259 1558 444 1625 Λόγος
469 1573 484 1586 ο
518 1558 614 1609 καὶ
646 1557 831 1620 πίστις
852 1557 944 1627 ἣδε
971 1561 1090 1620 ταῖς
1122 1560 1291 1628 ἱεραῖς
1311 1575 1372 1611 τι
1402 1560 1497 1612 καὶ⁵
1527 1560 1701 1623 θείαις

103 1645 497 1715 συμϐαίνουσα
533 1645 778 1715 Γραφαῖς
801 1686 814 1707 ,
864 1647 957 1697 καὶ
983 1645 1086 1715 τῆς
1115 1646 1479 1715 άποστολικῆς
1508 1665 1569 1699 τε
1608 1650 1700 1700 καὶ

101 1737 482 1805 εὐαγγελικῆς
549 1735 899 1804 παραδόσεως
953 1735 1174 1797 σκοπὸς,
1230 1736 1308 1797 είς
1358 1736 1489 1788 αὐτὸ
1542 1735 1698 1789 τοῦτο

1807 580 2103 634 oppugnas,
2159 567 2246 620 dic
2294 566 2444 631 mihi,
2502 566 2720 635 cujusve
2764 564 3067 633 opinionem
3114 575 3366 632 tanquam

1807 657 2024 710 stultam
2052 666 2106 709 et
2139 657 2371 723 ineptam
2409 655 2701 722 improbas,
2733 668 2855 708 cum
2901 669 3024 708 eum
3070 654 3161 722 qui
3196 653 3364 717 venit,

1808 748 2079 802 hominem
2104 762 2226 802 esse
2261 746 2415 800 nobis
2470 746 2630 816 118
2684 746 2969 801 ostendere
2998 745 3203 807 niteris,
3244 758 3369 798 cor-

1808 853 2027 907 poreum
2052 838 2193 891 latus
2228 838 2513 891 habentem
2560 838 2744 891 lancea
2800 846 3174 905 compunctum
3204 836 3225 887 ἳ
3262 833 3369 888 Sed

1813 929 1906 981 tibi
1944 929 2274 997 propositum
2308 937 2410 990 est,
2438 937 2496 981 ut
2542 928 2673 991 dixi,
2712 928 2883 995 ipsum
2918 926 3232 980 Emmanuel
3271 927 3369 979 tto-

1809 1021 2007 1074 minem
2040 1020 2195 1074 nobis
2230 1020 2495 1073 Deiferum
2524 1020 2576 1072 in
2609 1020 2842 1072 medium
2890 1020 3204 1087 producere,
3260 1032 3366 1071 non

1806 1111 1971 1165 Deum
2021 1112 2292 1166 hominem
2338 1111 2577 1165 factum:
2614 1128 2735 1165 nam
2790 1113 2960 1181 ipsum
2996 1111 3087 1166 Dei
3134 1111 3369 1166 Verbum

1806 1198 2005 1253 factum
2059 1212 2139 1255 est
2192 1201 2355 1255 homo
2387 1219 2399 1254 :
2432 1203 2651 1271 haicque
2687 1201 2817 1255 tides
2855 1216 2978 1255 cum
3025 1202 3193 1255 sacris
3224 1202 3363 1255 divi-

1806 1290 1996 1357 nisque
2018 1288 2240 1345 Litteris
2269 1291 2539 1359 congruit,
2572 1300 2628 1344 et
2676 1291 2983 1359 apostolicae
3010 1290 3368 1358 evangelicae-

1805 1391 1912 1445 que
1962 1379 2263 1432 traditionis
2310 1394 2503 1448 scopus
2555 1380 2607 1433 in
2668 1382 2766 1434 hoc
2814 1382 2984 1447 ipsum
3043 1380 3233 1435 tendit.
3287 1378 3367 1433 Tu

1805 1482 1935 1523 vero
1973 1484 2162 1524 rursus
2207 1471 2312 1525 alio
2357 1485 2571 1540 quoque
2598 1472 2755 1526 modo
2788 1474 2942 1527 nobis
2969 1480 3217 1542 portenta
3249 1486 3371 1525 ver-

1808 1558 2000 1611 borum
2031 1574 2240 1614 narras.
2292 1559 2527 1616 Simulas
2551 1563 2694 1615 enim
2737 1578 2832 1618 eos
2868 1564 3257 1632 reprehendere
3274 1563 3367 1632 qui

1804 1652 1987 1704 carnis
2029 1651 2433 1721 divinitatisque
2496 1663 2744 1706 naturam
2772 1654 2824 1707 in
2849 1670 3008 1707 unam
3044 1656 3370 1724 permiscent

1806 1739 2361 1803 essentiam,tametsi
2396 1755 2551 1795 nemo
2592 1741 2688 1806 sit,
2735 1751 2793 1796 ut
2847 1743 3062 1811 opinor,
3127 1744 3217 1810 qni
3266 1743 3368 1797 ista

104 1828 471 1882 σνντείνεται.
530 1826 603 1877 Σὺ
637 1825 693 1877 δὲ
730 1825 794 1895 δὴ
836 1823 1017 1890 πάλιν,
1054 1824 1149 1877 καὶ
1181 1825 1303 1878 καθ’
1350 1825 1535 1895 ἕτερον
1562 1827 1694 1895 ἡμῖν

1799 1828 2105 1892 confundat,
2146 1843 2239 1883 aut
2263 1834 2402 1885 inter
2427 1847 2483 1886 se
2507 1835 2876 1888 commisceat.
2904 1833 3088 1903 Itaque
3116 1835 3252 1889 dicis
3284 1852 3297 1887 :

98 1919 372 1991 τερατεύῃ
424 1919 673 1990 τρόπον’
711 1920 928 1990 σκήπτῃ
978 1919 1077 1988 μὲν
1126 1918 1234 1989 γὰρ
1282 1921 1541 1990 ἐπιτιμᾷν
1572 1922 1685 1983 τοῖς
1726 1923 1804 1984 είς
1852 1922 1981 1991 μίαν
2046 1940 2445 1994 κατακιρνωσιν
2496 1927 2704 1993 οὐσίαν,
2764 1928 2862 1997 τήν
2891 1943 2949 1979 τε
2980 1927 3083 1996 τῆς
3129 1926 3364 1995 σαρκὸς,

100 2017 189 2067 καὶ
235 2016 338 2083 τὴν
388 2016 494 2084 τῆς
532 2013 787 2084 θεότητος
820 2013 1013 2081 φύσιν*
1051 2015 1225 2067 καίτοι
1296 2013 1526 2084 μηδενὸς
1569 2013 1722 2078 ὄντος
1758 2015 1896 2070 ὥστε
1936 2013 2112 2088 οἶμαι,
2158 2019 2317 2071 ταυτὶ
2365 2019 2702 2087 συγχέοντος,
2750 2021 2888 2090 μήτε
2947 2019 3053 2090 μὴν
3118 2018 3369 2088 ἀλλήλοις

103 2112 499 2182 συμφύροντος
523 2127 537 2140 ο
575 2112 670 2162 καὶ
701 2110 766 2179 δὴ
801 2112 895 2163 καὶ
926 2111 1031 2180 φής
1056 2127 1073 2141 ’

169 2204 352 2277 [Διατί
395 2204 479 2267 δὲ,
538 2203 635 2255 καὶ⁵
679 2201 755 2265 ὡς
794 2202 994 2271 ἀρτίως
1025 2203 1316 2270 ἠκούομεν,
1367 2203 1689 2273 ἀμφοτέρων

100 2298 237 2350 κατά
271 2296 335 2349 σὲ
372 2294 782 2364 κεκραμένων,
814 2293 842 2343 ὁ
876 2291 1081 2361 Κύριος
1116 2294 1212 2363 τὴν
1256 2292 1349 2345 τοῦ
1393 2296 1692 2365 μυστηρίου

100 2388 333 2457 δὶναμιν
372 2389 497 2448 τοῖς
537 2383 810 2453 μαθηταῖς
838 2383 1181 2454 παραδιδοὺς,
1228 2382 1370 2437 οὕτω
1395 2385 1556 2454 φησί;
1608 2385 1696 2437 λα-

101 2477 205 2529 ϐὼν
236 2477 336 2527 τὸν
379 2476 577 2542 ἄρτον,
607 2473 702 2524 καὶ
728 2473 1149 2542 εὐχαριστήσας,
1181 2472 1345 2525 ἔδωκε
1376 2476 1488 2537 τοῖς
1517 2474 1693 2543 μαθη-

100 2571 212 2630 ταῖς
248 2564 454 2629 αὑτοῦ,
486 2564 668 2631 λέγων
687 2580 699 2593 ·
728 2583 752 2614 ‹
785 2562 1012 2623 Λάὀετε,
1046 2564 1249 2633 φάγετε
1276 2564 1479 2626 πάντες
1498 2583 1510 2597 ·
1539 2564 1695 2618 τοῦτο

103 2660 211 2727 γάρ
247 2657 358 2727 μού
394 2658 524 2708 ἐστι
551 2655 614 2707 τὸ
643 2655 855 2724 σῶμα.»
890 2655 1039 2708 Διατί
1074 2656 1148 2726 μὴ
1178 2652 1319 2719 εἷπε,
1350 2656 1519 2708 Τοῦτό
1549 2657 1696 2709 ἐστιν

103 2751 132 2816 ἡ
167 2748 373 2817 θεότης
418 2763 531 2815 μου
558 2748 590 2814 ὴ
622 2745 763 2814 ὑπὲρ
797 2744 949 2815 ὑμῶν
976 2744 1258 2814 κλωμένη;
1296 2746 1407 2799 Καὶ
1448 2747 1607 2799 πάλιν
1637 2748 1697 2799 τὸ

106 2839 368 2907 ποτήριον
421 2834 540 2888 τῶν
591 2835 909 2904 μυστηρίων
953 2834 1146 2899 διδοὺς,
1190 2835 1288 2887 οὐκ
1339 2834 1493 2889 εἶπες
1530 2837 1698 2890 T0616

105 2931 243 2981 ἐστιν
265 2932 299 2995 ἡ
327 2926 592 2995 θεότηςή
624 2926 763 2994 ὑπὲρ
793 2925 947 2995 ὑμῶν
974 2925 1293 2995 ἐκχεομένηο
1316 2927 1470 2988 ἀλλά,
1492 2947 1510 2978 ‹
1528 2929 1698 2982 Τοῦτό

103 3022 209 3073 ἔστι
245 3020 310 3071 τὸ
345 3012 500 3087 αἷμά
553 3034 655 3087 μου
702 3016 762 3068 τὸ
804 3017 941 3087 ὑπὲρ
987 3015 1141 3087 ὑμῶν
1187 3016 1579 3088 ὲκχυνόμενον,
1621 3021 1699 3083 εἰς

106 3114 296 3179 άφεσιν
328 3108 655 3181 ἁμαρτιῶν.
697 3107 745 3181 ι]

725 3223 977 3279 ΚΕΦΛΛ.
1018 3222 1094 3276 Z'.

171 3358 296 3407 Ὀτι
332 3356 442 3422 μὲν
462 3349 559 3406 οὖν
588 3353 785 3421 εῠηθες
806 3353 1007 3422 κομιδῆ
1030 3355 1091 3406 τὸ
1114 3356 1493 3426 ἀντιτετάχθαι
1521 3358 1696 3411 δοκεῖν

105 3448 206 3507 τοῖς
244 3446 351 3497 οὐκ
389 3439 547 3495 οὖσιν
586 3442 759 3506 ὅλως,
801 3443 893 3493 καὶ
924 3440 1241 3509 ἀντεξάγειν
1272 3443 1393 3511 είκῆ
1422 3483 1437 3507 ,
1476 3443 1699 3514 δεχομέ-

105 3554 222 3597 νους
252 3538 337 3597 είς
366 3534 700 3587 ἀντίστασιν
757 3532 819 3585 τὸ
860 3531 1049 3602 μηδενί
1096 3547 1198 3583 που
1231 3532 1374 3600 τάχα
1418 3532 1627 3599 δοκοῦν,
1663 3535 1695 3604 ἢ

104 3629 344 3694 φρονεῖν,
380 3625 415 3691 ἢ
446 3624 654 3689 λέγειν,
690 3622 808 3684 πῶς
838 3624 933 3692 οὐχ
967 3624 1171 3678 ἀπασιν
1197 3624 1459 3693 ὲναργέςς
1491 3625 1553 3675 Et
1586 3624 1696 3694 γάρ

100 3715 158 3781 δή
208 3732 294 3775 τις
342 3714 526 3764 ἕλοιτο
558 3713 915 3779 φιλονεικεῖν,
967 3716 1047 3764 ὅτι
1090 3714 1165 3782 μὴ
1201 3714 1363 3774 ἵππος
1406 3714 1521 3765 ἐστὶ
1555 3713 1695 3765 κατά

102 3806 266 3870 φύσιν
295 3805 325 3854 ό
366 3802 538 3870 βοῦς,
579 3803 716 3871 μήτε
750 3801 856 3870 μὴν
897 3804 926 3855 ό
962 3800 1245 3873 ἄνθρωπος
1304 3804 1500 3867 ῖππος,
1541 3802 1698 3855 τοῦτο

104 3896 348 3963 φρονεῖν,
381 3894 415 3961 ἢ
448 3891 631 3958 λέγειν
664 3891 995 3961 ἀνεχομένου
1022 3892 1268 3962 μηδενὸς,
1298 3892 1416 3956 πῶς
1445 3896 1505 3947 οὐ
1534 3911 1696 3947 κατα-

102 3988 405 4051 γέλαστος,
438 3984 535 4037 καὶ
566 3986 702 4053 πρός
730 4000 793 4051 γε
824 3983 997 4054 τούτῳ
1030 3984 1400 4054 είκαιὸμυθος,
1447 3986 1526 4047 είς
1554 3986 1695 4054 ἀέρα

103 4077 325 4148 Euripum,
374 4076 471 4127 καὶ
518 4074 807 4127 πυκτεύων
850 4076 936 4126 ἐπ’
968 4074 1220 4144 ἀδήλοις,
1272 4076 1365 4128 καὶ
1398 4076 1485 4128 ἐπ’
1519 4076 1693 4128 οὐδενὶ

103 4170 208 4220 τῶν
260 4166 649 4237 προκειμένων
686 4165 919 4235 ἱδρῶτας
968 4166 1145 4236 ἑαυτῷ
1191 4167 1286 4220 καὶ
1336 4168 1525 4230 πόνους
1570 4169 1686 4219 ἑπι-

103 4249 275 4322 νᾶὦν;
310 4261 530 4329 Χρῆναι
562 4258 672 4326 γάρ
702 4257 881 4324 ἔγωγέ
908 4274 1048 4327 φημι
1104 4257 1535 4327 προῦποκεῖσθαί
1558 4274 1608 4309 τι
1634 4258 1694 4309 τὸ

103 4351 539 4419 ὡμολογημένον
560 4364 573 4376 '
614 4349 680 4399 ἶν’
711 4350 769 4399 ὲν
805 4348 994 4416 κόσμῳ
1028 4347 1091 4417 δὴ
1127 4347 1246 4400 τότε
1273 4348 1341 4400 τά
1373 4350 1502 4417 παρ’
1534 4348 1692 4417 ἡμῶν

104 4442 495 4507 άντεπάγοιτο.
529 4439 678 4506 Πλὴν
710 4438 886 4490 ἐκεῖνο
914 4438 1084 4507 ἴωμεν
1135 4438 1253 4509 [τσ.
1286 4438 1570 4511 εἴπωμεν]
1599 4455 1610 4467 ·
1640 4441 1689 4492 εἰ

108 4533 202 4598 μὲν
230 4532 343 4599 γάρ
376 4546 461 4590 τις
493 4523 561 4599 ἦν
592 4530 622 4579 ὀ
650 4528 815 4596 φάναι
847 4527 1082 4596 τολμῶν,
1130 4530 1211 4591 εἰς
1256 4529 1355 4600 τὴν
1403 4529 1544 4583 κατά
1575 4529 1689 4601 (51)

104 4620 193 4671 106
246 4618 511 4687 σώματος
562 4615 1031 4685 μεταπεποιῆσθαι
1083 4615 1246 4685 φύσιν
1300 4618 1391 4669 τὸν
1441 4619 1505 4671 ἐκ
1553 4615 1687 4669 Θεοῖ

109 4711 297 4775 Λόγον,
354 4706 654 4775 ὲπαιτιῷτό
680 4724 764 4769 τις
811 4707 876 4759 ἂν
912 4707 1004 4758 καί
1037 4705 1181 4776 μάλα
1216 4707 1459 4771 εἰκότως,
1494 4708 1576 4758 ὃτι
1614 4708 1687 4777 μὴ

108 4800 305 4862 μᾶλλον
340 4798 449 4865 ἔφη
478 4797 540 4847 τὸ
572 4796 731 4866 σῶμα
763 4796 967 4859 διδούς·
1002 4796 1232 4861 Λάϐετε,
1272 4798 1497 4864 φάγετε,
1532 4797 1686 4848 τοῦτό

109 4891 204 4957 μού
232 4893 387 4941 ἐστιν
413 4890 445 4957 ὴ
472 4888 665 4957 θεότης
696 4891 729 4958 ἡ
761 4889 900 4957 ὑπὲρ
929 4888 1083 4958 ὑμῶν
1110 4888 1389 4958 κλωμὲνη,
1410 4890 1501 4941 καὶ
1529 4888 1687 4941 τοῦτό

106 4986 249 5035 ἐστιν
283 4983 347 5034 o6
382 4981 443 5032 τὸ
471 4975 615 5049 αἷμά
640 4995 742 5049 μον
781 4978 1002 5046 μᾶλλον,
1034 4977 1152 5030 ἀλλ’
1186 4979 1218 5047 ἡ
1259 4977 1449 5047 θεότης
1477 4980 1509 5047 ἡ
1549 4978 1687 5045 ὑπὲρ

109 5075 258 5143 ὑμῶν
291 5074 622 5142 ἐκχεομένη.
664 5069 879 5139 Ἐπειδὴ
915 5070 971 5121 δὲ
998 5069 1129 5132 Θεὸς
1163 5068 1241 5121 ὣν
1272 5070 1299 5121 ὀ
1332 5070 1529 5137 Λόγος,
1560 5069 1690 5121 [διον

109 5167 404 5234 ἐποιήσατο
434 5162 596 5231 σῶμα
632 5162 689 5213 τὸ
720 5162 782 5211 ὲκ
808 5158 1084 5227 γυναικὸς,
1146 5159 1452 5224 ἀλλοίωσιν,
1489 5160 1521 5230 ἢ
1562 5176 1689 5229 τρο-

112 5258 210 5325 πὴν
265 5256 531 5325 οὐδεμίαν
580 5250 1054 5322 ὑπομεμενηκὼς,
1104 5250 1219 5315 πῶς
1265 5252 1363 5304 οὐκ
1408 5250 1514 5303 ἔδει
1554 5249 1690 5320 πρὸς

180 5416 222 5445 ’⁸
251 5414 374 5467 Act.
406 5411 556 5475 1,“.
630 5410 674 5441 ¹⁸
705 5407 897 5462 Matth.
936 5405 1192 5465 unﬁt}.
1274 5406 1313 5435 ¹⁶
1349 5406 1475 5461 ibid.
1502 5404 1591 5458 27.

1868 2198 2108 2255 Νεετοιι.
2140 2199 2288 2270 [Cur
2317 2210 2494 2255 autem
2528 2202 2713 2266 etiam,
2744 2209 2801 2254 ut
2832 2199 2990 2268 paulo
3023 2210 3147 2255 ante
3180 2204 3365 2257 audie-

1796 2287 2009 2353 bamus,
2055 2288 2100 2342 si
2132 2299 2379 2358 utraque,
2413 2300 2469 2340 ut
2521 2299 2573 2341 tu
2601 2289 2864 2357 opinaris,
2894 2290 3177 2343 commista
3210 2302 3364 2355 sunt.

1798 2380 2060 2434 Dominus
2092 2382 2279 2434 noster
2322 2396 2441 2435 cum
2478 2381 2720 2450 mysterii
2782 2383 2884 2434 vim
2934 2382 3212 2451 discipulis
3257 2394 3367 2438 tra-

1798 2473 1967 2534 deret,
2014 2474 2093 2527 sic
2137 2473 2269 2525 dicit
2303 2491 2315 2526 :
2352 2490 2370 2522 ι
2406 2474 2666 2538 Accipite,
2692 2472 2955 2526 comedite
3000 2487 3188 2528 omnes
3220 2496 3232 2528 :
3266 2475 3366 2529 hoc

1802 2568 1884 2612 est
1912 2559 2055 2612 enim
2084 2574 2278 2627 corpus
2304 2575 2476 2613 meum
2502 2561 2589 2613 υτ
2622 2578 2639 2611 ι
2666 2576 2764 2615 cur
2799 2576 2902 2616 non
2930 2562 3060 2616 dixit
3091 2580 3106 2617 :
3147 2562 3259 2617 Hoc
3285 2574 3367 2618 est

1802 2648 2054 2704 divinitas
2085 2663 2201 2703 mea
2236 2663 2353 2717 qua:
2379 2662 2476 2716 pro
2505 2649 2655 2705 vobis
2679 2648 2949 2719 frangitur
2974 2653 2998 2705 ἲ
3028 2654 3367 2723 Rursumque

1801 2756 1924 2794 cum
1976 2740 2224 2808 poculum
2276 2738 2657 2809 mysteriorum
2696 2741 2871 2807 daret,
2898 2756 3003 2796 non
3031 2742 3167 2796 dixit
3202 2762 3214 2796 :
3256 2743 3366 2798 Hoc

1804 2840 1886 2884 est
1915 2832 2165 2884 divinitas
2196 2844 2315 2897 quae
2357 2843 2455 2897 pro
2503 2830 2652 2883 vobis
2676 2829 2988 2896 eﬂunditur,
3024 2832 3121 2885 sed
3158 2851 3171 2886 :
3212 2849 3231 2883 ι
3265 2831 3364 2887 Hic

1803 2932 1885 2975 est
1927 2922 2145 2989 sanguis
2170 2935 2319 2973 meus
2342 2920 2432 2987 qui
2461 2934 2557 2988 pro
2584 2920 2735 2975 vobis
2774 2919 3071 2977 eﬂ‘unditur
3090 2924 3143 2976 in
3174 2925 3365 2979 remis-

1804 3014 2006 3067 sionem
2033 3021 2372 3082 peccatorum
2409 3012 2470 3065 ".
2501 3011 2556 3082 ι]

2479 3210 2631 3266 CAP.
2669 3209 2778 3267 Vll.

1867 3344 2133 3415 Perquam
2170 3344 2390 3400 stultum
2442 3359 2573 3400 sane
2625 3359 2745 3400 esse
2790 3345 2854 3399 iis
2906 3348 3178 3401 adversari
3228 3348 3364 3404 velle

1799 3437 1887 3506 qui
1906 3437 2034 3490 nulli
2071 3447 2213 3499 sunt,
2239 3446 2290 3489 et
2316 3438 2508 3492 frustra
2533 3438 2873 3503 contendere,
2904 3438 3064 3508 idque
3097 3440 3161 3494 ad
3190 3455 3361 3509 oppu-

1799 3530 2068 3597 gnandum
2101 3542 2315 3582 sumere
2362 3532 2503 3597 quod
2564 3529 2793 3583 fortasse
2851 3532 3055 3584 nemini
3117 3546 3355 3601 unquam

1798 3630 1891 3673 aut
1913 3621 2135 3685 sentire,
2171 3629 2265 3675 aut
2293 3619 2469 3689 eloqui
2530 3621 2701 3674 visunt
2734 3630 2835 3686 est,
2865 3622 3214 3701 perspicuum
3246 3638 3363 3678 om—

1792 3711 1955 3769 nibus
1999 3725 2120 3766 esse
2152 3710 2273 3779 quis
2304 3709 2509 3779 neget?
2544 3709 2676 3763 Nam
2722 3711 2767 3764 si
2802 3716 2924 3779 quis
2971 3713 3100 3767 velit
3138 3722 3363 3769 conten-

1801 3800 1940 3853 tiose
1984 3798 2224 3853 refutare
2252 3800 2444 3853 bovem
2490 3812 2594 3851 non
2645 3813 2767 3853 esse
2812 3814 2875 3852 ex
2912 3810 3099 3854 natura
3138 3816 3361 3869 equum,

1801 3903 1970 3958 neque
1997 3889 2270 3943 hominem
2330 3903 2547 3959 equum,
2605 3890 2816 3943 neruine
2859 3890 2911 3943 id
2957 3892 3225 3946 sentiente
3267 3903 3363 3946 aut

1796 3981 2027 4044 dicente,
2063 3996 2242 4035 nonne
2288 3982 2358 4035 sit
2394 3982 2672 4045 ridiculus,
2727 3994 2781 4037 et
2832 3994 3089 4054 praeterea
3136 3998 3362 4054 nugator

1796 4086 1985 4133 vanus,
2016 4085 2195 4125 aerem
2258 4071 2571 4136 verberans,
2611 4083 2665 4127 et
2702 4090 2942 4142 pugnans
2983 4076 3035 4130 in
3066 4076 3355 4142 incertum,

1795 4174 1852 4218 et
1877 4163 2020 4217 nulla
2086 4178 2145 4215 re
2201 4164 2473 4231 proposita
2531 4164 2633 4218 sibi
2688 4166 2964 4221 molestias
3021 4182 3085 4221 ac
3144 4168 3359 4223 labores

1796 4267 2073 4306 assumens
2098 4253 2122 4304 ?
2146 4251 2406 4319 Oportere
2428 4255 2569 4307 enim
2596 4254 2844 4323 equidem
2880 4265 3029 4325 puto,
3063 4258 3213 4325 prius
3242 4273 3361 4325 pro—

1796 4344 2031 4413 positum
2082 4357 2203 4398 esse
2260 4343 2461 4412 aliquid
2493 4345 2545 4398 in
2573 4345 2844 4409 confesso,
2899 4356 2957 4399 ut
3014 4348 3116 4401 rite
3178 4358 3288 4400 tum
3330 4364 3358 4401 a

1725 4405 1772 4463 θ
1799 4405 1954 4487 nobis
2014 4433 2269 4488 refutatio
2352 4405 2707 4504 subjungatur
2738 4453 2752 4500 ;
2782 4405 3150 4490 verumtamen
3231 4438 3361 4493 illud

1796 4524 2081 4578 dicendum
2144 4525 2359 4576 videtur
2393 4543 2404 4577 :
2438 4540 2560 4577 nam
2597 4526 2640 4579 si
2667 4535 2809 4578 esset
2841 4528 2929 4594 qui
2968 4527 3150 4580 dicere
3191 4530 3359 4582 aude-

1796 4622 1898 4678 ret,
1928 4615 2099 4684 ipsum
2126 4613 2222 4669 Dei
2264 4613 2499 4670 Verbum
2553 4617 2604 4669 in
2663 4618 2905 4685 corporis
2960 4629 3204 4671 naturam
3239 4636 3361 4675 esse

1797 4716 2080 4770 mutatum,
2117 4708 2698 4776 accusaretquispiam,
2730 4718 2783 4762 et
2811 4709 3022 4779 quidem
3043 4710 3184 4777 jure,
3218 4712 3361 4778 quod

1800 4814 1907 4852 non
1944 4799 2169 4851 dixisset
2208 4812 2327 4851 cum
2386 4812 2581 4865 corpus
2627 4798 2778 4853 daret
2811 4815 2823 4851 :
2855 4800 3112 4867 Accipite,
3137 4801 3361 4854 mandu-

1795 4898 1937 4951 cate,
1962 4888 2062 4941 hoc
2090 4897 2171 4941 est
2201 4902 2315 4939 mea
2359 4887 2617 4941 divinitas
2650 4902 2769 4955 quae
2835 4903 2933 4955 pro
2964 4889 3118 4941 vobis
3161 4888 3361 4957 frangi-

1801 4989 1905 5041 tur,
1940 4979 2108 5031 ethoc
2132 4986 2344 5030 estnon
2374 4978 2591 5045 sanguis
2634 4990 2807 5040 meus,
2842 4978 2933 5031 sed
2957 4976 3210 5029 divinitas
3240 4993 3360 5044 quae

1797 5082 1895 5136 pro
1949 5068 2099 5120 vobis
2162 5066 2455 5120 effunditur
2483 5083 2494 5118 :
2523 5080 2665 5120 nunc
2706 5080 2835 5120 vero
2871 5080 2991 5118 cum
3024 5066 3195 5133 ipsum
3226 5065 3360 5119 Ver-

1798 5158 1944 5220 bum,
1982 5158 2123 5225 quod
2165 5158 2304 5209 Deus
2331 5165 2467 5219 erat,
2497 5157 2771 5225 proprium
2809 5156 2915 5209 sibi
2959 5156 3150 5209 fecerit
3202 5156 3359 5225 119

1797 5263 1992 5317 corpus
2024 5258 2205 5301 natum
2229 5262 2292 5301 ex
2342 5248 2584 5314 muliere,
2626 5262 2801 5319 neque
2829 5248 2990 5303 ullam
3034 5258 3122 5302 aut
3162 5248 3358 5302 altera-

1374 5555 1534 5611 ANT.
1575 5554 1845 5612 AGELLII
1886 5552 2113 5610 NOTAL.

181 5722 289 5791 (Si)
315 5717 635 5791 Prmpositio
668 5713 812 5769 κατά
850 5712 1061 5768 videtur
1088 5723 1440 5780 supervacua.
