4040 6474
655 395 760 451 207

659 615 871 670 aequum
949 598 1051 652 fuit
1115 600 1232 653 sine
1292 598 1398 653 ullo
1455 599 1733 653 mendacio
1787 598 1939 652 nobis
1998 601 2228 653 dicere:

666 707 687 740 ι
716 690 978 760 Accipite,
1010 690 1298 754 comedite,
1326 690 1428 744 hoc
1453 699 1535 745 est
1565 705 1762 759 corpus
1793 706 1968 744 meum
1996 691 2018 742 ?
2051 711 2068 741 ι
2097 689 2229 745 Cum

663 790 843 836 autem
902 789 1047 834 esset
1097 779 1207 833 vita
1250 788 1505 849 tanquam
1558 779 1723 844 Deus,
1756 781 1918 833 vitam
1957 781 2115 834 simul
2179 791 2234 834 et

665 871 933 924 viviﬁcum
965 869 1096 923 illud
1144 867 1342 923 eITeeil.
1395 868 1565 938 Igitur
1589 870 1633 922 si
1671 869 1944 939 paululum
1993 871 2058 922 ad
2093 868 2232 924 veri-

667 969 831 1014 tatem
851 958 1151 1028 aspexeris,
1174 968 1226 1013 te
1255 959 1370 1027 ipse
1406 963 1472 1013 de
1507 959 1942 1028 supervacuitate
1967 961 2234 1014 sermonis

665 1050 963 1112 accusabis,
1045 1064 1170 1104 eum
1240 1050 1439 1118 ubique
1511 1055 1750 1121 nngeris,
1829 1059 1883 1103 et
1947 1052 2232 1105 adversum

666 1142 916 1212 dogmata
943 1141 1160 1210 pietatis
1191 1151 1338 1196 tuum
1367 1142 1509 1196 hunc
1532 1141 1892 1196 adulteratum
1925 1142 2234 1196 molestum-

666 1247 769 1299 que
793 1247 1096 1287 sermonem
1148 1232 1523 1302 imprudenter
1560 1248 1821 1303 opponas.

924 1362 1326 1455 'I‘OMUS
1401 1365 1973 1470 QUINTUS.

736 1512 1011 1567 Gloriatur
1065 1514 1254 1566 beatus
1284 1510 1483 1565 Paulus
1515 1511 1582 1565 de
1610 1511 1811 1565 Christi
1873 1511 2237 1579 passionibus,

667 1612 721 1660 et
751 1605 827 1657 ait
879 1617 1022 1656 nunc
1062 1603 1276 1669 quidem
1307 1619 1320 1654 :
1353 1620 1370 1651 ι
1411 1600 1537 1654 Mihi
1567 1602 1708 1656 absit
1760 1603 2004 1672 gloriari,
2048 1605 2148 1658 nisi
2183 1605 2236 1658 in

667 1709 830 1749 cruce
854 1694 1078 1760 Christi,
1117 1709 1210 1762 per
1252 1708 1409 1761 quem
1480 1695 1611 1747 mihi
1657 1695 1889 1749 mundus
1949 1696 2240 1751 crucifixus

666 1796 969 1856 est,etego
1000 1789 1198 1842 mundo
1237 1786 1316 1852 ¹⁷;
1359 1805 1378 1837 ι
1407 1801 1547 1840 nunc
1590 1800 1820 1841 rursus:
1857 1806 1875 1838 ι
1936 1786 2050 1842 Non
2093 1789 2236 1842 enim

1647 390 1704 444 S.
1746 390 2011 446 CYBILLI
2053 384 2517 446 ALEXANDRINI
2556 390 2872 447 ARCHIEP.

661 514 881 572 tionem,
917 516 1006 561 aut
1057 507 1410 562 mutationem
1458 507 1760 576 pertulerit,
1814 507 2084 576 quomodo
2125 523 2228 561 non

2344 509 2482 577 ἡμᾶς
2527 509 2588 560 οὑ
2639 505 3038 576 ψευδοεποῦντα
3097 506 3292 573 λέγειν,
3323 508 3403 559 ὅτι
3449 525 3465 557 ι
3525 507 3754 570 Λάϐετε,

3796 391 3902 444 208

3810 508 3908 573 φά-

2336 617 2482 666 γετε,
2530 598 2688 651 τοῦτό
2719 599 2820 668 μού
2855 599 2968 649 ἐστι
2995 597 3056 648 τὸ
3091 598 3281 667 σῶμα;
3324 618 3341 648 ι
3378 599 3499 668 Ζωὴ
3546 598 3602 650 δὲ
3647 597 3911 667 ὑπάρχων

2335 691 2408 751 ὼς
2447 690 2598 751 Θεὸς,
2632 688 2774 759 ζωὴν
2806 691 2896 740 καὶ
2942 687 3205 750 ζωοποιὸν
3233 688 3513 758 ἀπέφηνεν
3540 689 3688 741 αὑτό.
3723 689 3910 756 Βραχὺ

2334 782 2624 852 τοιγαροῦν
2669 780 2955 849 ἁναμὺσας
3003 780 3141 849 πρὸς
3171 781 3232 832 τὸ
3279 781 3499 850 ἀληθὲς,
3551 781 3704 841 αὑτὸ,
3732 776 3913 847 οἶμαι,

2337 873 2477 926 κατά
2530 870 2754 924 σεαυτοῦ
2803 871 2864 922 τὸ
2921 872 3171 941 περιττὸν
3219 874 3298 934 είς
3354 872 3545 938 λόγους
3608 870 3912 939 καθοριεῖς,

2338 963 2674 1034 βατταρίζων
2741 961 3049 1030 πανταχοῦ,
3117 963 3211 1014 καὶ
3283 965 3396 1026 τοῖς
3465 965 3568 1032 τῆς
3631 959 3916 1018 εὑσεόείας

2335 1056 2604 1124 δόγμασιν
2639 1056 2914 1117 ἀσυνέτως
2940 1055 3264 1119 ἁντανιστὰς
3299 1056 3392 1108 τὸν
3425 1055 3759 1126 παράσημον
3791 1071 3917 1104 του.

2336 1147 2452 1201 τονὶ
2487 1147 2582 1198 καὶ
2615 1145 2832 1215 άτεοπῆ
2870 1162 2964 1200 σου
2997 1147 3175 1214 λόγον.

2621 1353 3005 1440 ΤΟΜΟΣ
3066 1353 3646 1440 ΠΕΜΠΤΟΣ.

2423 1509 2874 1580 Ἐπισεμνύνεται
2916 1509 3013 1577 μέν
3041 1510 3069 1560 ό
3108 1507 3393 1570 θεσπέσιος
3417 1506 3629 1570 Παῦλος
3667 1508 3783 1570 τοῖς
3817 1518 3925 1559 πα·

2342 1601 2548 1672 θήμασι
2615 1601 2710 1653 τοῦ
2776 1600 3050 1671 Χριστοῦ,
3119 1601 3210 1654 καί
3265 1617 3430 1669 φησι,
3489 1599 3576 1652 ὁτὲ
3625 1599 3766 1670 μὲν,
3839 1599 3926 1651 ὅτι

2347 1713 2366 1746 ι
2389 1694 2545 1763 Ἐμοὶ
2579 1693 2676 1763 μὲν
2711 1692 2812 1766 [δέ]
2849 1694 2923 1764 μὴ
2955 1695 3165 1762 γένοιτο
3190 1693 3514 1764 καυχᾶσθαι,
3546 1694 3593 1746 εί
3634 1692 3709 1764 μὴ
3747 1694 3808 1745 ἐν
3845 1692 3930 1762 τῷ

2345 1782 2564 1852 σταυρῷ
2587 1784 2679 1835 τοῦ
2704 1783 2962 1854 Χριστοῦ,
2987 1784 3053 1835 δι’
3084 1777 3144 1835 οὗ
3174 1784 3297 1852 ἐμοὶ⁷
3327 1784 3530 1852 κόσμος
3556 1784 3929 1854 ἐσταύρωται,

667 1881 927 1933 erubesco
961 1878 1349 1948 Evangelium;
1380 1878 1551 1933 virtus
1576 1880 1719 1932 enim
1765 1880 1855 1934 Dei
1901 1891 1984 1933 est
2014 1881 2065 1932 in
2095 1880 2238 1933 salu-

2344 1872 2496 1939 κάγὼ
2538 1871 2614 1941 τῷ
2658 1852 2877 1942 κόσ-μιεγ
2922 1893 2938 1924 ι
2966 1873 3053 1926 ὁτὲ
3113 1873 3168 1925 δὲ
3197 1869 3263 1927 αὖ
3288 1890 3301 1902 ·
3341 1891 3359 1922 ι
3388 1875 3463 1926 Οὑ
3514 1873 3621 1946 γὰρ
3654 1852 3932 1942 ἐπαισχύ-

671 1979 774 2023 tem
827 1969 970 2023 omni
1015 1969 1282 2033 credenti,
1318 1965 1505 2022 Iudaeo
1561 1969 1790 2038 primum
1813 1979 1866 2024 et
1895 1970 2083 2025 Graeco
2113 1971 2177 2023 η.
2213 1989 2233 2022 ι

667 2062 840 2131 Atque
877 2062 929 2116 in
958 2063 1100 2116 hunc
1141 2064 1356 2116 modum
1403 2061 1492 2115 ille
1524 2061 1605 2114 vir
1646 2061 1849 2130 Spiritu
1906 2061 1995 2117 Dei
2047 2063 2238 2131 plenus

667 2167 720 2207 et
744 2153 843 2207 sibi
876 2153 1215 2207 sentiendum
1251 2153 1528 2217 censebat,
1554 2161 1609 2208 et
1637 2162 1864 2208 caeteros
1893 2155 2233 2210 imbuendus.

668 2242 853 2312 Neque
903 2243 1048 2296 enim
1105 2242 1221 2297 haec
1273 2242 1476 2298 frustra
1530 2245 1772 2312 scripsit,
1829 2245 1921 2298 sed
1977 2254 2034 2299 ut
2083 2247 2239 2301 nobis

670 2333 1043 2403 persuaderet,
1091 2341 1148 2387 ut
1179 2333 1552 2402 integritatem
1579 2335 1698 2405 ejus
1743 2351 1862 2404 quae
1906 2338 1960 2390 in
2005 2337 2096 2390 illo
2125 2348 2243 2391 erat

670 2424 791 2477 ﬁdei
850 2422 1131 2478 studentes
1188 2422 1454 2488 aemulari,
1512 2424 1578 2478 de
1649 2423 1851 2478 Christi
1899 2427 2242 2493 passionibus

670 2514 978 2583 gloriemur.
1005 2513 1109 2566 Sed
1139 2513 1380 2567 nonnulli
1407 2513 1472 2568 de
1489 2527 1650 2568 cruce
1673 2513 1874 2568 Christi
1891 2516 2239 2581 erubescunt,

670 2614 724 2660 et
750 2606 1063 2660 doctoribus
1092 2604 1182 2673 qui
1219 2619 1315 2672 per
1336 2604 1520 2658 orbem
1576 2615 1845 2660 terrarum
1887 2609 2238 2674 exstiterunt,

671 2702 794 2768 quia
849 2697 1121 2754 contraria
1168 2697 1378 2751 sentire
1423 2695 1652 2761 malunt,
1699 2698 1860 2767 impie
1912 2699 2240 2764 resistendo,

670 2791 871 2847 Christi
920 2791 1202 2860 passiones
1244 2788 1633 2859 propemodum
1690 2787 1921 2843 irrident
1951 2790 2158 2852 miseri,
2187 2801 2241 2844 et

669 2884 997 2938 erubescunt
1022 2880 1228 2938 Christi
1273 2878 1652 2948 Evangelium,
1690 2894 1810 2934 cum
1843 2881 2062 2936 Iudaica
2104 2882 2239 2935 stul-

673 2974 787 3027 tilia
820 2974 1095 3034 laborent,
1144 2979 1199 3025 et
1239 2969 1347 3024 illis
1377 2968 1520 3023 nulla
1566 2985 1631 3023 ex
1663 2979 1818 3039 parte
1867 2973 1978 3026 sint
2028 2973 2241 3025 inscitia

673 3063 979 3118 inferiores.
1037 3061 1182 3116 Crux
1239 3075 1471 3129 namque
1540 3061 1837 3117 Salvatoris
1911 3062 2080 3116 nostri
2136 3061 2241 3117 illis

2343 1981 2504 2034 νομαι
2527 1964 2951 2033 τὸΕὑαγγέλιον·
2981 1963 3212 2035 δύναμις
3241 1967 3348 2037 γὰρ
3377 1966 3512 2020 Θεοῦ
3544 1969 3690 2018 ἐστιν
3716 1967 3799 2028 είς
3824 1983 3936 2017 σω-

2339 2057 2534 2128 τηρίαν
2569 2059 2734 2110 παντὶ
2758 2057 2835 2126 τῷ
2867 2059 3196 2120 πιστεύοντι,
3243 2058 3480 2128 Ἰουδαίῳ
3506 2075 3562 2111 τε
3598 2057 3803 2128 πρώτῳ
3835 2058 3937 2111 καὶ

2345 2147 2586 2217 Ἕλληνι,
2627 2166 2643 2198 ι
2697 2146 2833 2199 Ἀλλ’
2869 2142 2968 2200 ὦδε
3008 2149 3104 2217 μὲν
3137 2149 3165 2200 ό
3190 2149 3638 2219 Πνευματοφόρος
3669 2148 3829 2218 ὴξίου
3875 2166 3937 2200 τε

2345 2240 2562 2306 φρονεῖν
2598 2237 2780 2304 αὑτὸς,
2813 2239 2907 2290 καὶ
2954 2237 3060 2309 μὴν
3107 2239 3200 2292 καὶ
3233 2241 3456 2310 ἐτέρους
3521 2241 3933 2309 μυσταγωγεῖν.

2342 2326 2593 2397 Γέγραφε
2626 2326 2734 2397 γὰρ
2771 2328 2831 2378 οὑ
2859 2326 3056 2396 μάτην,
3092 2326 3207 2379 ἀλλ’
3244 2327 3330 2380 ἵνα
3360 2329 3506 2398 ἡμᾶς
3532 2328 3808 2399 ἀναπείσῃ
3835 2328 3938 2397 τῆς

2342 2417 2568 2488 ἐνούσης
2591 2418 2739 2489 αὑτῷ
2758 2417 2995 2481 πίστεως
3018 2419 3116 2489 τὴν
3133 2419 3400 2491 ὀρθότητα
3421 2420 3617 2491 ζηλοῦν
3644 2421 3939 2492 ᾑρημένος

2347 2508 2456 2580 [ισ.
2490 2510 2820 2582 ᾑρημένους]
2887 2513 3000 2573 τοῖς
3052 2511 3289 2582 Χριστοῦ
3334 2511 3652 2584 παθήμασιν
3693 2515 3941 2586 ἐναϐρύ-

2345 2602 2551 2657 νεσθαι.
2581 2602 2979 2673 ’Δπερυθριῶσι
2998 2603 3055 2655 δέ
3072 2621 3216 2665 τινες
3232 2603 3310 2672 τῷ
3329 2605 3566 2674 σταυρῷ,
3588 2606 3682 2658 καὶ
3702 2609 3820 2668 τοῖς
3840 2623 3940 2674 γε-

2342 2695 2527 2762 γονόσι
2551 2697 2664 2758 τοῖς
2699 2693 2808 2767 [ῑσ.
2833 2692 2955 2765 τῆς]
2990 2694 3078 2762 ὑφ’
3106 2694 3241 2764 ἡλίῳ
3263 2697 3666 2765 μυσταγωγοῖς,
3692 2697 3943 2760 ἀνοσίως

2348 2786 2895 2856 ἀντανιστάμενοιδιὰ
2910 2785 3004 2840 τοῦ
3025 2790 3238 2858 φρονεῖν
3259 2787 3473 2841 ἐλέσθαι
3497 2789 3565 2841 τὰ
3580 2789 3821 2854 ἐναντία,
3850 2807 3944 2859 μο-

2347 2880 2555 2948 νονουχὶ
2573 2878 2998 2948 καταμειδιιῖηιν
3023 2879 3072 2930 οἱ
3103 2879 3331 2942 τάλανες
3352 2879 3455 2933 τῶν
3479 2880 3715 2950 Χριστοῦ
3754 2883 3946 2951 παθη-

2348 2970 2555 3039 μάτων,
2586 2969 2930 3040 αἰσχύνονται
2949 2987 3005 3022 τε
3040 2970 3099 3022 τὸ
3117 2970 3469 3039 Εὑαγγέλιον,
3511 2971 3812 3042 Ἰουδαῖκὴν
3847 2990 3946 3026 νο-

2345 3061 2564 3124 σοῦντες
2583 3061 2841 3131 ἀμαθίαν,
2869 3044 3074 3131 καὶτῆς
3102 3063 3325 3116 ἐκείνων
3347 3064 3676 3135 άϐελτηρίας
3701 3066 3830 3119 κατ’
3851 3069 3947 3120 οὑ·-

671 3155 810 3210 facta
851 3167 930 3210 est
952 3152 1265 3208 scandalum
1302 3169 1313 3204 :
1357 3154 1541 3220 itaque
1567 3167 1691 3207 eum
1725 3152 1875 3206 illum
1902 3153 2026 3208 vita:
2057 3163 2238 3208 aucto-

2344 3152 2467 3203 δένα
2489 3152 2688 3220 τρόπον
2723 3152 3042 3222 ἡττώμενοι.
3083 3154 3278 3220 Γέγονε
3301 3155 3408 3224 γὰρ
3426 3156 3607 3219 αὑτοῖς
3631 3157 3947 3211 σκάνδαλον

673 3261 785 3301 rem
821 3246 1059 3316 legisque
1088 3243 1248 3297 linem
1303 3243 1447 3312 ligno
1495 3242 1745 3298 suﬁixurn
1805 3245 2072 3309 viderent,
2113 3260 2244 3315 qua-

677 3339 880 3393 tiebant
906 3337 1164 3390 adversus
1190 3350 1311 3389 eum
1344 3349 1510 3390 exosa
1541 3335 1650 3390 Deo
1679 3336 1880 3405 capita,
1912 3335 2058 3390 nullo
2089 3338 2247 3390 modo

675 3430 838 3486 Deum
873 3442 1061 3484 revera
1090 3442 1210 3483 esse
1233 3428 1518 3482 credentes
1552 3428 1642 3496 qui
1674 3429 1834 3481 homo
1874 3427 2051 3481 factus
2082 3437 2243 3493 esset,

675 3528 836 3589 atque
880 3519 946 3572 ad
999 3516 1423 3572 exinanitionem
1469 3516 1983 3582 descendisset;sed
2021 3517 2120 3570 rati
2149 3533 2245 3585 po-

677 3611 782 3665 tius
826 3623 989 3665 unum
1047 3609 1410 3678 promiscuee
1447 3616 1633 3661 nostro
1691 3620 1915 3660 numero
1973 3607 2244 3660 hominem

677 3704 822 3759 illum
851 3716 991 3764 esse,
1019 3711 1073 3754 et
1101 3709 1353 3768 tanquam
1390 3714 1454 3753 ex
1486 3699 1630 3753 malo
1658 3698 1837 3753 cordis
1873 3697 1956 3753 sui
1991 3699 2246 3753 thesauro

674 3794 1008 3864 proferentes
1037 3791 1177 3846 mala
1208 3791 1272 3858 ",
1308 3790 1561 3848 dicebant
1596 3808 1608 3842 :
1654 3809 1671 3840 ‹
1705 3790 1807 3856 Qui
1841 3790 2078 3847 destruis
2115 3800 2246 3845 tem-

674 3887 819 3956 plum
873 3885 987 3950 Dei,
1017 3893 1071 3938 et
1105 3883 1158 3938 in
1208 3882 1379 3937 tribus
1433 3880 1624 3936 diebus
1648 3880 1888 3937 aediﬁcas
1914 3881 2064 3947 illud,
2098 3883 2243 3936 salva

677 3983 1015 4048 temetipsum
1042 3995 1056 4033 :
1079 3978 1122 4033 si
1141 3975 1307 4032 Filius
1333 3975 1426 4030 Dei
1455 3991 1535 4042 es,
1561 3978 1832 4032 descende
1855 3978 1921 4032 de
1944 3992 2104 4032 cruce
2121 3978 2186 4032 ὀ.
2219 3997 2239 4029 ι

674 4073 738 4128 Et
789 4075 1022 4127 iterum:
1059 4089 1076 4122 ι
1121 4069 1268 4122 Alios
1314 4069 1491 4124 salvos
1528 4069 1676 4135 fecit,
1738 4070 1976 4138 seipsum
2014 4086 2118 4125 non
2146 4085 2241 4140 po-

676 4174 779 4218 test
809 4165 1015 4217 salvqu
1075 4159 1251 4214 I'acere
1283 4176 1296 4212 :
1332 4160 1374 4213 si
1436 4174 1529 4213 rex
1589 4160 1749 4215 Israel
1801 4169 1904 4225 est,
1955 4162 2246 4216 descendat

676 4269 816 4307 nunc
846 4253 909 4306 de
933 4264 1112 4314 cruce,
1138 4258 1191 4302 et
1220 4249 1501 4303 credemus
1534 4249 1694 4319 120
1725 4251 1776 4304 in
1804 4267 1928 4306 eum
1957 4251 2024 4308 ³¹.
2068 4271 2086 4304 ι
2124 4250 2238 4306 Non

673 4345 816 4398 enim
885 4343 1055 4406 illum,
1094 4348 1152 4394 ut
1189 4339 1346 4394 modo
1399 4340 1529 4404 dixi,
1589 4340 1757 4396 Deum
1804 4357 1927 4398 esse
1981 4345 2244 4413 putabant

672 4437 972 4490 secundum
1032 4441 1302 4498 naturam,
1355 4446 1532 4501 neque
1573 4433 1665 4486 Dei
1694 4443 1748 4486 et
1774 4433 1951 4490 Patris
1981 4452 2106 4492 vere
2150 4437 2240 4491 Fi-

2344 3246 2372 3296 ό
2401 3243 2492 3295 τοῦ
2522 3243 2769 3314 Σωτῆρος
2803 3245 3054 3314 σταυρὸς·
3085 3246 3178 3298 καὶ
3210 3245 3340 3313 γοῦν
3363 3246 3439 3316 τῷ
3468 3247 3610 3317 ξύλῳ
3640 3251 3948 3320 προσηλω-

2347 3335 2504 3387 θέντα
2538 3334 2822 3402 βλέποντες
2840 3336 2931 3387 τὸν
2959 3337 3056 3404 τῆς
3084 3333 3227 3405 ζωῆς
3262 3337 3522 3409 ἀρχηγὸν,
3545 3339 3605 3391 τὸ
3633 3339 3726 3392 τοῦ
3761 3342 3950 3410 νόμου

2344 3424 2513 3487 τέλος,
2550 3423 2722 3477 ἔσειον
2771 3427 2868 3494 μὲν
2906 3427 2990 3477 ἐπ’
3025 3423 3292 3495 αὑτῷτὰς
3344 3426 3618 3498 θεομισεῖς
3661 3431 3948 3498 κεφαλάς,

2344 3519 2405 3570 οὑ
2430 3519 2562 3571 Θεὸν
2597 3514 2735 3570 εἶναι
2760 3519 3107 3583 πιστεύοντες
3129 3520 3346 3591 άληθῶς
3380 3521 3855 3593 ἐνηνθρωπηκότα
3886 3544 3951 3577 τε

2346 3609 2440 3662 καί
2468 3608 2800 3678 καθιγμένον
2830 3611 2909 3672 είς
2943 3611 3190 3674 κένωσιν,
3222 3611 3458 3680 οίόμενοι
3488 3611 3542 3663 δὲ
3579 3612 3802 3680 μᾶλλον,
3848 3616 3952 3667 ’ἐνα

2343 3701 2453 3754 τῶν
2497 3702 2619 3754 καθ’
2659 3703 2805 3772 ἡμᾶς
2857 3701 3141 3772 ἄνθρωπον
3197 3702 3382 3766 άπλῶς
3419 3704 3685 3774 ὑπάρχειν
3730 3707 3945 3760 αὑτόν·

2347 3794 2585 3863 ἔφασκον
2615 3794 2698 3858 δὲ,
2744 3793 2818 3857 ὡς
2849 3794 2912 3846 ἐκ
2948 3792 3184 3864 πονηροῦ
3224 3794 3500 3864 θησαυροῦ
3548 3798 3646 3867 τῆς
3697 3800 3952 3867 καρδίας

2347 3886 2525 3939 αὑτῶν
2559 3887 2925 3957 προφέροντες
2969 3887 3039 3939 τὰ
3077 3888 3317 3957 πονηρά·
3362 3905 3379 3939 ι
3429 3889 3486 3940 Ὀ
3523 3889 3812 3942 καταλύων
3847 3892 3951 3944 τὸν

2345 3980 2470 4031 ναὸν
2499 3980 2591 4031 τοῦ
2623 3979 2777 4040 Θεοῦ,
2815 3979 2906 4031 καὶ
2931 3981 2988 4032 ἐν
3029 3981 3207 4049 τρισὶν
3237 3979 3470 4050 ἡμέραις
3502 3981 3807 4051 οἰκοδομῶν
3844 3987 3955 4036 αὑ-

2345 4067 2457 4131 τὸν,
2493 4069 2667 4120 σῶσον
2709 4068 2952 4120 σεαυτόν·
2987 4070 3034 4119 εἰ
3067 4069 3192 4132 Υἱὸς
3231 4064 3280 4121 εἷ
3307 4069 3401 4122 τοῦ
3436 4069 3591 4132 Θεοῦ,
3631 4073 3725 4124 καὶ
3757 4077 3956 4128 κατά-

2346 4158 2472 4230 ϐηθι
2499 4159 2606 4212 άπὸ
2632 4159 2723 4211 τοῦ
2759 4159 3013 4229 σταυροῦ.
3048 4179 3064 4211 ι
3093 4162 3201 4212 Καὶ
3236 4161 3397 4215 πάλιν
3419 4177 3431 4191 '
3463 4180 3480 4211 ι
3521 4162 3747 4226 Ἄλλους
3791 4164 3952 4218 ἐσω-

2346 4268 2457 4315 σεν,
2503 4249 2695 4303 ἑαυτὸν
2727 4251 2788 4302 οὑ
2823 4248 3046 4304 δύναται
3083 4251 3250 4304 σῶσαι
3279 4268 3292 4281 ⁸
3333 4255 3379 4306 εί
3425 4253 3674 4322 βασιλεὺς
3714 4255 3957 4328 Ἰσραήλ

2345 4343 2483 4405 ἐστι,
2533 4340 2822 4395 καταϐάτω
2859 4340 2956 4394 νῦν
2994 4343 3101 4394 ἀπὸ
3147 4344 3240 4396 τοῦ
3270 4344 3526 4414 σταυροῦ,
3571 4347 3666 4398 καὶ
3707 4351 3956 4402 πιστεύ-

2345 4451 2509 4504 σομεν
2566 4434 2651 4486 ἐπ’
2701 4434 2883 4486 αὑτόν.
2919 4451 2936 4484 ›
2971 4434 3044 4486 Οὐ
3089 4435 3196 4505 γάρ
3219 4453 3323 4500 τοι,
3358 4436 3610 4508 καθάπερ
3672 4438 3815 4508 ἔφην
3850 4442 3958 4512 ἀρ-

674 4527 828 4592 lium,
864 4527 956 4578 sed
983 4525 1048 4578 de
1082 4539 1140 4580 se
1173 4523 1490 4593 praedicare,
1537 4531 1591 4577 et
1638 4523 1898 4579 audacter
1943 4528 2238 4583 divinitatis

2346 4525 2494 4589 τίως,
2532 4523 2662 4576 Θεὸν
2699 4523 2870 4594 ᾠοντο
2901 4523 3043 4578 κατὰ
3077 4523 3235 4592 φύσιν
3265 4526 3532 4597 ὑπάρχειν
3579 4528 3766 4593 αὑτὸν,
3810 4531 3955 4584 οὔτε

673 4617 979 4686 Opinionem
1029 4614 1128 4669 sibi
1174 4627 1451 4683 arrogare.
1516 4612 1702 4682 Itaque
1751 4629 1891 4670 nunc
1952 4616 2240 4672 dicebant:

679 4727 697 4760 ι
734 4709 808 4763 De
841 4707 985 4762 bono
1012 4719 1174 4774 opere
1201 4718 1307 4760 non
1330 4703 1632 4773 lapidamus
1663 4714 1736 4768 te,
1777 4707 1872 4761 sed
1898 4707 1961 4761 de
1992 4709 2242 4778 blasphe-

675 4798 804 4863 mia,
825 4797 947 4866 quia
979 4807 1032 4849 ιιι
1060 4796 1217 4851 homo
1236 4810 1357 4849 cum
1378 4795 1474 4858 sis,
1498 4793 1633 4850 facis
1666 4798 1892 4864 teipsum
1922 4797 2177 4866 Deum";
2212 4821 2228 4852 ›

673 4903 816 4945 nunc
877 4887 941 4942 ad
986 4886 1213 4940 Pilatum
1257 4885 1618 4950 adducebant,
1677 4896 1730 4940 et
1781 4891 2021 4961 ει·υεὶῆεί
2085 4907 2241 4962 roga-

671 4983 801 5037 bant
822 4981 866 5014 ¹³
895 4995 909 5047 ;
956 4979 1148 5033 deinde
1174 4993 1293 5031 cum
1324 4977 1392 5031 ab
1417 4991 1480 5032 eo
1506 4991 1951 5046 exposcerentur,
1993 4992 2048 5036 ut
2084 4993 2242 5038 tantae

672 5071 927 5126 adversus
954 5084 1077 5124 eum
1113 5067 1500 5122 malevolentia:
1535 5083 1730 5124 causas
1771 5071 2066 5139 edicerent,
2101 5074 2242 5128 illico

673 5158 1021 5219 accusabant,
1054 5167 1109 5212 et
1156 5157 1465 5212 clamabant
1505 5158 1744 5213 dicentes
1779 5177 1791 5212 :
1823 5179 1839 5212 ι
1878 5162 2008 5225 Quia
2048 5163 2238 5218 Filium

673 5250 764 5303 Dei
789 5265 847 5304 se
880 5250 1007 5303 fecit
1032 5249 1096 5299 "'.
1129 5266 1149 5299 ι
1183 5247 1379 5301 Verum
1439 5261 1566 5301 ecce
1611 5249 1710 5303 hoc
1749 5265 1962 5318 quoque
1997 5263 2238 5322 tempore

672 5357 774 5395 non
793 5343 858 5394 ab
887 5339 1160 5403 Israelitis,
1188 5352 1358 5407 neque
1390 5354 1419 5392 a
1445 5338 1785 5396 multitudine
1819 5343 2234 5413 Pharisaeorum,

743 5478 782 5510 ¹⁷
808 5477 981 5530 Galat.
1020 5494 1091 5540 vr,
1133 5478 1219 5542 14,
1299 5475 1341 5506 ¹⁸
1379 5477 1532 5531 Ilont.
1578 5494 1613 5538 ι,
1651 5480 1737 5533 I6.

672 5548 758 5601 33.
836 5549 880 5580 ”
906 5548 1057 5602 Joau.
1093 5563 1205 5609 χιχ,
1235 5549 1286 5599 6.
1367 5549 1410 5577 ’δ
1453 5548 1580 5600 ibid.
1608 5548 1661 5600 7.

1819 5485 1857 5513 ¹⁹
1897 5483 2086 5538 Matth.
2123 5501 2215 5548 xu,
2262 5487 2351 5541 55.

2349 4617 2455 4685 μὴν
2486 4616 2611 4670 Υίδν
2638 4617 2853 4687 άληθῶς
2881 4618 2973 4670 τοῦ
3008 4618 3142 4672 Θεοῦ
3171 4620 3264 4672 καὶ
3301 4619 3533 4690 Πατρός·
3584 4623 3958 4690 περιαυτίζε-

2347 4707 2468 4759 σθαι
2499 4707 2555 4759 δὲ.
2609 4707 2806 4777 μᾶλλον
2856 4709 2947 4760 καὶ
2977 4707 3074 4778 τὴν
3117 4709 3213 4778 τῆς
3257 4709 3505 4779 θεότητος
3556 4709 3712 4774 δόξαν
3751 4712 3958 4782 ἐαυτῷ

2357 4801 2686 4870 προσνέμειν
2743 4801 3076 4870 άποτολμᾷν,
3125 4801 3435 4870 Τοιγάρτοι,
3493 4801 3620 4852 ποτὲ
3660 4801 3761 4870 μὲν
3813 4805 3959 4872 ἔφαν

2349 4908 2511 4945 σκον·
2548 4910 2564 4941 ι
2601 4894 2735 4961 Περὶ
2781 4890 2949 4944 καλοῦ
2998 4892 3158 4961 ἔργον
3196 4893 3254 4943 οὑ
3314 4891 3602 4961 λιθάζομέν
3657 4909 3740 4955 σε,
3798 4897 3958 4949 ἀλλὰ

2349 4985 2477 5054 περὶ
2513 4984 2881 5054 βλασφημίας,
2917 4987 3000 5037 ὅτι
3034 4986 3098 5037 σὺ
3131 4983 3412 5054 ἄνθρωπος
3443 4984 3537 5045 ὢν,
3576 4987 3752 5048 ποιεῖς
3779 5003 3961 5040 σεαυ-

2344 5072 2435 5124 τὸν
2463 5073 2614 5126 Θεὸν.
2653 5093 2670 5122 ι
2707 5074 2842 5124 [Ιοτὲ
2877 5073 2931 5124 δὲ
2964 5073 3177 5142 Πιλάτῳ
3210 5073 3504 5143 προσῆγον,
3533 5072 3625 5124 καὶ
3660 5077 3958 5144 σταυροῦ-

2348 5165 2469 5216 σθαι
2508 5163 2869 5234 παρεκάλουν.
2901 5161 3034 5216 Εἶτα
3058 5164 3157 5233 τῆς
3181 5163 3266 5214 ἐπ’
3295 5163 3440 5233 αὑτῷ
3473 5162 3802 5230 σκαιότητος
3845 5169 3960 5228 τὰς

2345 5256 2523 5318 αἰτίας
2567 5258 2737 5307 εἰπεῖν
2789 5255 3185 5326 ἐξαιτούμενοι,
3234 5255 3571 5324 κατηγόρουν
3613 5254 3803 5319 εὐθὺς,
3851 5262 3960 5310 καὶ

2345 5349 2842 5418 κατακεκράγησαν
2898 5350 3007 5419 (32)
3049 5349 3320 5416 λέγοντες,
3375 5365 3394 5399 ι
3431 5348 3554 5399 Ὅτι
3603 5346 3736 5397 Υίδν
3794 5347 3958 5403 Θεοῦ

2447 5489 2492 5519 ¹⁶
2535 5489 2726 5544 Matth.
2762 5506 2932 5554 xxv",
2965 5490 3050 5544 40.
3159 5490 3200 5520 ¹¹
3235 5487 3366 5544 ibid.
3410 5488 3500 5541 42.
3603 5489 3648 5518 ’³
3679 5486 3853 5543 Joan.
3893 5508 3955 5558 χ,

1925 5659 2084 5715 ΑΝΤ.
2127 5662 2400 5718 AGELLII
2440 5665 2670 5722 ΝΟΤΛΕ.

743 5770 851 5844 (52)
879 5770 1126 5827 Fortasse
1161 5772 1465 5842 legendum,
1497 5772 1965 5839 κατακεκράγασι.
