4040 6424
112 324 195 381 ΞΟΘ
1188 341 1562 399 ADVERSUS
1600 343 2003 404 NESTORIUM
2046 350 2173 409 LIB.
2206 354 2268 409 ν.
3282 369 3389 422 110

110 448 286 500 ἑαυτὸν
322 450 622 520 ἐποίησεν.
670 474 687 505 ι
732 456 875 509 Ἀλλ’
907 458 1015 511 ἰδοὺ
1049 460 1111 532 δὴ
1145 463 1235 515 καὶ
1263 464 1356 517 νῦν
1381 467 1441 518 οὐ
1470 468 1622 538 παρὰ
1651 484 1695 536 γε

1819 471 1911 524 sed
1965 472 2033 526 ab
2078 475 2145 529 iis
2179 477 2270 546 qui
2311 478 2559 534 videntur
2593 496 2716 539 esse
2747 483 3064 551 Christiani,
3098 493 3152 539 et
3182 486 3230 538 in
3269 502 3355 538 ma

108 538 196 589 τῶν
229 540 291 604 ἐξ
341 542 603 615 Ἰσραὴλ,
635 545 761 599 οὔτε
806 549 912 618 μὴν
945 551 1043 621 τῆς
1086 553 1195 606 τῶν
1220 556 1531 625 Φαρισαίων
1578 558 1695 629 πλη·

1814 562 2104 628 gistrorum
2143 582 2371 625 numero
2417 582 2728 641 censentur,
2767 584 2824 631 et
2866 590 3051 632 eorum
3086 577 3178 647 qui
3212 578 3367 632 sortit

107 630 234 692 θύος,
280 633 411 686 ἀλλ’
450 638 522 687 ἐκ
572 638 686 691 τῶν
714 640 1018 695 δοκούντων
1051 640 1188 698 εἶναι
1220 649 1583 719 Χριστιανῶν,
1620 654 1695 705 κα¹

1813 663 1939 706 sunt
2000 653 2168 710 divini
2215 664 2504 717 sacerdotii
2569 680 2789 733 munus,
2849 670 3036 725 eadem
3116 669 3383 724 sustinere

104 720 460 815 τεταγμένων
496 725 556 776 ὲν
587 725 955 796 διδασκάλοις,
992 735 1083 786 καὶ
1109 737 1166 787 ὲν
1190 740 1302 801 τοῖς
1323 739 1421 810 τὴν
1450 741 1599 796 θείαν
1624 743 1695 796 λα

1812 746 2164 815 compicitur.
2219 748 2332 804 Non
2386 755 2529 808 enim
2560 754 2700 812 Deus
2743 772 2866 813 esse
2898 760 3191 815 secundum
3231 768 3370 813 natu-

103 808 276 873 χοῦσιν
313 812 675 883 ἱερουργίαν,
706 819 776 871 τὰ
800 815 892 873 ἶσα
923 824 1149 895 πάσχων
1177 808 1389 897 ὁρᾶται,
1437 832 1695 886 Ἀπιστεῐ-

1814 851 1951 903 ram,
1973 846 2026 890 et
2049 854 2186 893 unus
2215 852 2266 897 et
2293 843 2439 899 solus
2461 856 2514 899 et
2538 860 2662 902 vere
2685 848 2777 902 Dei
2803 857 2857 904 et
2879 849 3054 904 Patris
3078 850 3246 904 Filius
3266 864 3369 903 cre-

100 915 174 950 ται
200 902 339 971 γὰρ,
377 906 469 958 ὅτι
517 909 615 961 καὶ
648 911 782 974 Θεὸς
815 917 954 968 κατὰ
990 918 1151 985 φύσιν
1197 922 1367 986 ἐστὶν,
1396 919 1477 987 εἷς
1524 941 1583 977 τε
1615 927 1695 979 καῖ

1812 926 1956 981 ditur
1989 946 2002 982 :
2035 945 2333 1002 eorumque
2359 935 2409 989 in
2448 936 2551 992 hac
2575 953 2634 993 re
2664 940 2902 1007 perﬁdiae
2923 955 3087 995 causa
3117 950 3198 994 est
3241 941 3381 1008 quod

100 993 247 1058 μόνος
280 999 387 1050 καὶ
425 997 656 1068 ἀληθῶς
690 1003 821 1067 Υἱὸς
854 1007 949 1060 τοῦ
986 1008 1119 1062 Θεοῦ
1169 1013 1263 1064 καὶ
1301 1016 1534 1085 Πατρός.
1569 1017 1695 1088 Πρά

1810 1029 2038 1075 mortem
2068 1033 2287 1092 propter
2313 1042 2408 1080 nos
2446 1043 2608 1084 carne
2661 1031 2771 1098 pati
2804 1031 3058 1095 voluerit,
3127 1031 3380 1100 quamvis

99 1102 250 1150 ςασις
276 1087 340 1140 δὲ
385 1089 496 1159 τῆς
536 1093 626 1143 ἐπ’
658 1094 809 1165 αὐτῷ
829 1096 892 1167 δὴ
928 1098 1101 1168 τούτῳ
1133 1101 1452 1168 δυσϐουλίας
1503 1087 1704 1171 αὐτοῖς,

98 1177 148 1231 τὸ
174 1177 379 1231 παθεῖν
408 1179 643 1235 ἑλέσθαι
670 1186 836 1256 σαρκὶ
865 1190 961 1241 τὸν
988 1190 1054 1243 δι’
1084 1195 1232 1262 ἡμᾶς
1277 1194 1505 1249 θάνατον
1532 1214 1545 1229 ο
1583 1200 1706 1252 καί-

96 1284 164 1319 τοι
192 1268 284 1321 διὰ
321 1271 499 1325 τοῦτο
545 1275 881 1346 καθιγμένον
922 1282 999 1344 είς
1044 1283 1275 1338 κένωσιν
1321 1288 1702 1358 οἰκονομικῶς,

97 1360 173 1451 iv:
204 1361 306 1413 καὶ
362 1363 567 1417 παθὼν
607 1367 748 1437 ὑπὲρ
791 1370 951 1438 ἡμῶν
980 1376 1164 1443 σαρκὶ,
1223 1381 1552 1451 καταργήσῃ
1605 1380 1701 1433 τοῦ

94 1450 324 1505 θανάτου
384 1456 451 1507 τὸ
508 1458 735 1527 κράτος,
774 1462 869 1515 ἅτε
919 1463 983 1534 δὴ
1038 1466 1299 1537 ὑπᾶρχων
1350 1450 1702 1538 κατὰφύσιν

94 1539 217 1611 ζωὴ,
258 1542 356 1595 καὶ
382 1545 451 1596 ὲκ
475 1543 627 1617 ζωῆς
651 1549 863 1617 ἀναφὺς
895 1552 989 1605 τοῦ
1018 1554 1154 1608 Θεοῦ
1175 1558 1268 1609 καὶ
1290 1559 1522 1628 Πατρός.
1558 1562 1703 1615 Κατ-

90 1628 432 1701 ηρρὼστησε
500 1636 614 1704 γὰρ
680 1628 717 1708 ἡ
768 1639 1059 1711 ἀνθρώπου
1108 1644 1270 1712 φύσις
1318 1648 1420 1717 τὴν
1467 1648 1697 1719 φθορὰν,

91 1720 160 1781 ὡς
184 1722 243 1772 ὲν
271 1723 517 1794 ἀπαρχῇ
544 1726 640 1779 καὶ
671 1728 798 1799 ῥίζῃ
822 1734 890 1799 τῇ
915 1731 1129 1804 πρώτῃ,
1163 1736 1461 1803 τουτέστιν,
1507 1739 1695 1808 Ἀδάμ.

1808 1123 1871 1162 ea
1903 1111 1969 1163 de
2000 1126 2161 1168 causa
2189 1116 2583 1185 dispensatorie
2616 1121 2681 1175 ad
2710 1122 3128 1176 exlnanitionem
3162 1125 3382 1176 descen-

1808 1195 1948 1250 derit
1994 1198 2061 1259 ",
2120 1210 2180 1255 ut
2222 1217 2390 1258 carne
2436 1221 2534 1276 pro
2594 1209 2750 1265 nobis
2808 1226 3018 1279 passus,
3079 1212 3383 1265 destrueret

1808 1288 1996 1342 mortis
2027 1290 2310 1358 imperium
2344 1297 2411 1359 ",
2452 1308 2635 1366 utpote
2662 1313 2785 1355 cum
2840 1302 2948 1355 vita
3006 1312 3148 1356 esset
3188 1316 3380 1356 secun-

1807 1372 1932 1427 dum
1958 1387 2232 1445 naturam,
2270 1386 2323 1435 et
2342 1397 2409 1437 ex
2443 1385 2571 1451 vita,
2595 1386 2695 1441 hoc
2728 1400 2831 1453 est,
2857 1391 2974 1457 ipso
2999 1389 3110 1445 Deo
3139 1405 3204 1443 ac
3220 1390 3379 1445 Patre

1802 1464 2021 1519 editus:
2056 1468 2333 1525 hominum
2373 1476 2569 1544 quippe
2614 1490 2807 1535 natura
2837 1486 3096 1552 tanquam
3126 1483 3179 1536 in
3224 1481 3387 1537 initio

1805 1554 2087 1625 primaque
2137 1563 2336 1629 radice,
2389 1566 2490 1621 hoc
2537 1569 2699 1623 estin
2748 1570 2941 1638 Adam,
3009 1574 3375 1642 corruptionis

1805 1645 1994 1698 morbo
2044 1645 2415 1707 laboraverat.
2474 1651 2572 1709 Ubi
2622 1656 2764 1711 enim
2817 1671 2916 1727 per
2957 1657 3375 1714 inobedlentiam

1804 1733 2163 1801 legislatorem
2190 1752 2244 1795 et
2269 1742 2437 1798 Deum
2461 1745 2702 1814 olIendit,
2757 1758 2812 1804 et
2832 1750 2922 1819 qui
2954 1751 3099 1805 illum
3150 1758 3207 1804 ut
3234 1757 3379 1804 esset

101 1808 326 1905 Ἐπειδὴ
361 1812 480 1880 γὰρ
518 1815 934 1886 προσκέκρουκε
958 1819 1045 1873 διὰ
1072 1824 1171 1891 τῆς
1196 1825 1481 1895 παρακοῆς
1509 1825 1585 1895 τῷ
1613 1843 1695 1880 νο-

1803 1825 2154 1896 produxerat,
2210 1835 2397 1887 statim
2449 1839 2548 1891 sub
2605 1808 2894 1894 maledicto
2946 1842 3068 1905 fuit,
3112 1850 3167 1895 et
3212 1842 3373 1895 morti

93 1898 297 1971 μοθέτῃ
336 1902 439 1954 καί¹
472 1902 594 1973 Θεῷ
636 1905 774 1977 ('55),
807 1910 901 1961 xui.
928 1914 1323 1981 παρενεγκόντι
1350 1916 1483 1986 πρὸς
1524 1916 1701 1990 ῦπαρ·

90 1990 186 2053 ξιν,
235 1991 533 2063 ἐπάρατος
562 1990 633 2065 ἦν
662 1998 849 2065 εὐθὺς,
880 2001 973 2054 καὶ
1020 2003 1254 2059 θανάτου
1305 2008 1533 2079 κάτοχος
1557 2027 1571 2041 ο
1605 2012 1701 2064 καὶ

90 2081 501 2148 βεϐασίλευκεν
539 2086 567 2138 6
607 2086 837 2154 θάνατος
868 2093 975 2146 ἀπὸ
1020 2095 1190 2167 Ἀδὰμ
1238 2099 1399 2171 μέχρι
1433 2103 1695 2167 Μωσέως,

88 2174 491 2244 ὲκτεινομένης
526 2178 609 2241 είς
653 2178 803 2234 am»
836 2182 900 2235 τὸ
928 2184 985 2250 ἐξ
1022 2187 1188 2240 αὑτοῦ
1230 2190 1449 2261 σπέρμα
1491 2210 1549 2246 τε
1603 2196 1700 2247 καὶ

87 2266 269 2331 γένος,
306 2270 415 2337 τῆς
446 2269 544 2321 ἐπὶ
589 2270 727 2341 τῷδε
756 2273 934 2344 δίκης.
984 2277 1168 2348 Ῥίζης
1196 2281 1304 2352 γὰρ
1343 2281 1533 2356 ὥσπερ
1565 2287 1698 2339 ἀνα-

90 2357 294 2420 φύντες
344 2357 629 2432 φθαρτῆς,
669 2364 901 2435 φθαρτοὶ
939 2369 1033 2421 καὶ
1080 2372 1260 2439 ἡμεῖς,
1311 2374 1401 2426 καλ⁸
1443 2377 1556 2439 τοῖς
1604 2377 1698 2430 τοῦ

89 2449 329 2502 θανάτου
405 2450 632 2522 βρόχοις
683 2456 1034 2525 ὲνισχημένοι
1090 2460 1436 2535 διετελοῦμεν
1490 2470 1537 2521 ot
1591 2469 1699 2522 δεί-

88 2539 255 2593 λαιοι.
304 2542 538 2612 Ἐπειδὴ
566 2544 622 2596 δὲ
668 2548 883 2615 χρηστὰ
927 2551 1055 2620 περὶ
1100 2555 1257 2623 ἡμῶν
1290 2558 1319 2609 6
1367 2557 1699 2632 δημιουργὸς

89 2632 395 2702 ἐσκέψατο,
440 2635 536 2687 καὶ
565 2637 922 2710 ἀνῃρημένης
952 2644 1049 2714 τῆς
1081 2646 1286 2719 φθορᾶς
1314 2651 1698 2723 ἀναστοιχειῶ-

92 2741 176 2775 σαι
223 2726 371 2794 πρὸς
426 2725 486 2777 τὸ
526 2727 620 2778 ἀπ’
670 2730 848 2800 ἀρχῆς
891 2733 991 2805 τὴν
1033 2735 1322 2809 ἀνθρώπου
1359 2742 1520 2810 φύσιν
1569 2745 1699 2814 ἠθέ-

89 2816 216 2885 λησε
250 2832 263 2844 ·
324 2814 493 2886 ῥίζαν
543 2816 736 2891 ὥσπερ
776 2823 908 2891 ἡμῖν
954 2826 1229 2900 ὲπήνθησε
1266 2830 1545 2904 δευτέραν,
1599 2837 1699 2890 οὐκ

91 2906 445 2978 ἁνεχομένην
478 2910 807 2980 κρατεῖσθαι
833 2914 1072 2987 θανάτῳ,
1097 2921 1187 2973 τὸν
1214 2922 1307 2975 ἕνα
1352 2924 1557 2996 Κύριον
1592 2928 1697 2997 Ἰη-

93 2996 215 3047 σοῦν
250 2998 348 3049 τὸν
375 2998 638 3067 Χριστὸν,
671 3002 943 3067 τουτέστι,
982 3005 1072 3059 τὸν
1104 3008 1167 3061 ὲκ
1195 3011 1294 3079 τῆς
1325 3011 1511 3075 οὐσίας
1536 2996 1696 3068 αὐτοῦ

1803 1915 2080 1984 subjectus
2112 1939 2126 1975 :
2158 1932 2212 1976 et
2260 1926 2503 1996 regnavit
2562 1942 2710 1986 mors
2766 1931 2833 1987 ab
2865 1932 3037 1987 Adam
3093 1946 3262 2003 usque
3306 1935 3373 1987 ad

1801 2007 1982 2065 Mosen
2016 2013 2084 2077 ",
2120 2028 2240 2067 cum
2284 2015 2402 2083 ejus
2451 2019 2695 2075 criminis
2750 2036 2911 2090 paena
2960 2023 3011 2076 in
3066 2023 3373 2077 universum

1800 2115 1865 2153 ex
1904 2102 1993 2157 illo
2023 2116 2205 2158 semen
2234 2120 2295 2161 ac
2317 2122 2486 2176 genus
2516 2111 2904 2169 extenderctur
2933 2130 2947 2167 :
2976 2128 3097 2167 nam
3131 2114 3275 2170 velut
3300 2128 3369 2168 ex

1801 2204 2057 2264 corrupta
2111 2197 2295 2252 radice
2328 2200 2463 2267 nati,
2520 2202 2911 2271 corruptibiles
2943 2204 3044 2273 ipsi
3074 2218 3289 2272 quoque
3317 2215 3374 2258 et

1802 2291 1995 2343 mortis
2051 2291 2262 2359 laqueis
2318 2294 2597 2349 constricti
2659 2294 3108 2365 permanebamus
3168 2296 3369 2351 miseri.

1802 2380 1991 2435 Postea
2030 2397 2158 2436 vero
2206 2399 2365 2451 quam
2424 2386 2490 2439 de
2520 2387 2676 2440 nobis
2705 2386 2794 2441 ille
2847 2387 3094 2441 comlitor
3149 2386 3371 2443 meliora

1800 2474 2148 2541 cogitavit,et
2181 2477 2529 2545 corruptione
2577 2477 2787 2532 sublata
2828 2479 3086 2545 hominis,
3121 2490 3372 2535 naturam

1801 2562 2100 2618 reformare
2127 2564 2191 2619 ad
2230 2567 2468 2633 priorem
2501 2570 2921 2633 statum‘voluit,
2956 2571 3191 2625 radicem
3243 2587 3377 2640 quo-

1801 2654 2087 2707 dammodo
2125 2656 2282 2710 nobis
2314 2655 2539 2711 alteram
2572 2659 2820 2726 protulit,
2845 2675 2963 2729 qum
3008 2662 3178 2715 teneri
3202 2672 3376 2717 morte

1802 2758 1905 2796 non
1943 2752 2144 2811 posset,
2205 2743 2375 2813 illum,
2406 2747 2648 2817 inquam,
2681 2765 2845 2803 unum
2879 2750 3160 2806 Dominum
3193 2751 3373 2805 Jesunt

1799 2834 2098 2903 Christum,
2132 2837 2236 2891 hoc
2261 2848 2361 2903 est,
2400 2838 2551 2892 illum
2604 2855 2667 2893 ex
2700 2840 2869 2908 ipsius
2915 2843 3149 2897 essentia
3207 2840 3375 2897 Deum

1802 2923 2039 2978 Verbum
2101 2927 2167 2980 ad
2205 2937 2446 2981 nostram
2496 2929 2903 2985 similitudinem
2951 2929 3153 2986 factum
3200 2930 3377 2985 homi-

1801 3029 1947 3079 nem,
1980 3015 2187 3071 factum
2231 3032 2297 3073 ex
2358 3018 2584 3075 muliere
2606 3021 2671 3074 ".
2704 3019 2889 3092 Neque
2922 3022 3064 3076 enim
3104 3021 3375 3078 Deilerum

89 3087 219 3141 Θεὸν
258 3090 467 3157 Λόγον,
503 3091 624 3142 καθ’
670 3093 821 3163 ἡμᾶς
856 3098 1147 3167 γενόμενον
1178 3102 1488 3174 ἄνθρωπον,
1537 3106 1689 3172 γενόσ

1800 3119 1919 3159 esse
1947 3106 2218 3160 hominem
2257 3110 2567 3177 promiscue
2606 3110 2864 3176 dicimus,
2896 3113 2987 3166 sed
3030 3112 3157 3167 illud
3201 3114 3375 3181 ipsum

92 3203 251 3255 μενον
270 3186 339 3239 ὲκ
366 3188 651 3253 γυναικός.
685 3190 760 3242 Οὐ
788 3191 897 3263 γάρ
926 3212 1006 3247 τοι
1037 3195 1309 3266 Θεοφόρον
1341 3192 1478 3251 εἷναί
1512 3218 1690 3268 φαμεν

91 3277 388 3349 ἄνθρωπον
436 3279 649 3345 ἁπλῶς,
691 3281 829 3335 ἀλλὰ
875 3286 1197 3357 αὐτόχρημα
1240 3289 1383 3342 κατά
1435 3290 1691 3362 ἀλήθειαν

90 3371 175 3421 τὸν
211 3371 279 3421 ἐκ
333 3368 477 3423 Θεοῦ
527 3372 700 3441 Λόγον
745 3373 991 3444 ἡνῶσθαι
1044 3380 1228 3450 σαρκὶ,
1265 3382 1353 3435 ἴνα
1402 3383 1500 3455 τὴν
1556 3382 1692 3437 ἰδίαν

88 3462 266 3533 ψυχὴν
301 3462 576 3526 τεθεικὼς
613 3465 753 3536 ὑπὲρ
785 3466 966 3534 ἡμῶν,
994 3470 1089 3524 καὶ
1125 3472 1249 3536 δοὺς
1275 3474 1351 3544 τῷ
1386 3475 1602 3546 θανάτῳ
1632 3477 1695 3530 τὸ

92 3554 290 3607 ἑαυτοῦ
333 3554 501 3622 σῶμα
546 3554 616 3607 δι’
646 3557 794 3627 ἡμᾶς
826 3559 1206 3631 οἰκονομικῶς,
1277 3559 1396 3617 εἶτα
1446 3570 1694 3636 κρεῖττον

93 3646 221 3698 αὐτὸ
254 3646 360 3715 τῆς
403 3644 617 3717 φθορᾶς
655 3648 947 3719 ἀποφήνας
969 3651 1057 3706 διὰ
1100 3653 1199 3722 τῆς
1234 3655 1299 3708 ὲκ
1328 3658 1537 3725 νεκρῶν
1562 3658 1692 3711 ἀνα-

96 3736 365 3802 στάσεως,
400 3735 828 3809 πληροφορήσας
854 3741 962 3811 [ἷσ.
994 3742 1411 3817 πληροφορήσῃ]
1443 3746 1692 3818 σύμπαν-

94 3846 186 3893 τας
220 3830 354 3892 τοὺς
389 3831 471 3892 είς
503 3829 669 3882 αὑτὸν
716 3832 1094 3899 πιστεύοντας,
1128 3836 1211 3889 ὅτι
1247 3838 1342 3890 καὶ
1378 3840 1530 3908 ἡμᾶς
1568 3842 1693 3907 ἐγε-

98 3923 195 3989 ρεῖ,
224 3920 321 3973 καὶ
351 3920 620 3989 ἀμείνους
647 3923 919 3993 ἀποφανεῖ
947 3926 1054 3981 τῶν
1080 3927 1172 3981 τοῦ
1197 3928 1428 3983 θανάτου
1454 3931 1689 4002 δεσμῶν,

98 4012 186 4063 καὶ
218 4010 321 4079 τῆς
357 4010 571 4082 φθορᾶς
613 4012 839 4081 ἀρκύων
879 4014 1033 4084 ὀλίγα
1082 4021 1533 4088 πεφροντικότας.
1578 4024 1695 4075 Ἐνο

97 4099 283 4152 τεῦθεν
313 4095 479 4170 οἶμαι
504 4118 606 4154 που
644 4102 852 4156 καὶτὸν
886 4103 1171 4162 θεσπέσιον
1199 4109 1411 4163 Παῦλον
1444 4112 1501 4165 ἐν
1533 4114 1695 4166 παντὶ

101 4192 377 4245 ποιεῖσθαι
422 4193 568 4263 λόγῳ
618 4194 714 4247 καὶ
746 4195 1004 4267 θαύματι,
1037 4200 1131 4253 τοῦ
1166 4201 1303 4253 Θεοῦ
1351 4204 1445 4255 καὶ
1482 4206 1695 4275 Πατρὸς

102 4284 191 4350 τὴν
217 4286 299 4348 είς
324 4287 479 4355 ἡμᾶς
508 4286 752 4355 ἀγάπην.
792 4289 935 4360 Ἔφη
976 4291 1083 4363 γὰρ
1110 4285 1212 4346 ὧδε
1236 4309 1249 4323 °
1288 4313 1306 4345 ι
1333 4294 1395 4348 Τί
1424 4290 1517 4349 οῦν
1543 4298 1696 4367 ἐροῦ-

110 4391 200 4443 μεν
236 4377 385 4447 πρὸς
424 4374 644 4444 ταῦταξ
694 4380 757 4431 Εί
803 4382 830 4434 6
881 4380 1011 4446 Θεὸς
1042 4384 1180 4457 ὑπὲρ
1225 4387 1402 4456 ἡμῶν,
1442 4389 1525 4461 τίς
1569 4387 1690 4443 καθ’

1797 3198 2093 3252 secundum
2153 3201 2440 3255 veritatem
2488 3217 2551 3255 ex
2609 3202 2717 3255 Deo
2775 3201 3003 3258 Verbum
3039 3206 3189 3260 carni
3254 3207 3381 3259 uni-.

1798 3300 1907 3341 tum
1938 3290 2126 3352 fuisse,
2157 3299 2212 3344 ut
2246 3292 2466 3361 propria
2487 3292 2666 3345 anima
2689 3307 2786 3360 pro
2815 3293 2967 3347 nobis
2993 3294 3258 3362 posita,et
3281 3310 3379 3350 suo

1796 3395 2024 3449 corpore
2087 3382 2296 3437 ratione
2351 3384 2745 3451 dispensatoria
2797 3386 2956 3439 morti
3006 3395 3228 3455 propter
3280 3403 3379 3444 nos

1801 3470 1953 3538 12],
1982 3470 2161 3524 oblato
2192 3488 2205 3537 ;
2240 3471 2440 3525 deinde
2488 3488 2584 3540 per
2642 3473 3096 3529 resurrectionem
3127 3490 3192 3529 ex
3226 3492 3374 3531 mor-

1797 3562 1904 3615 tuis
1940 3562 2148 3616 victore
2180 3565 2543 3629 corruptionis
2574 3564 2789 3629 effecto,
2811 3567 3061 3621 omnibus
3096 3568 3147 3621 in
3182 3583 3241 3622 se
3264 3584 3378 3623 cre-

1797 3655 2050 3708 dentibus
2089 3654 2247 3709 lidetn
2292 3656 2520 3720 faceret,
2576 3656 2690 3710 fore
2723 3670 2779 3710 ut
2810 3672 2905 3712 nos
2941 3659 3104 3713 etiam
3157 3660 3375 3720 excitet.

1798 3759 1860 3800 ac
1893 3746 2084 3799 mortis
2121 3746 2351 3800 vinculis
2383 3748 2571 3801 reddat
2602 3746 2876 3813 fortiores,
2912 3756 2966 3800 et
3014 3749 3376 3817 corruptionis

1798 3839 1934 3891 retia
1972 3838 2440 3908 parvipendentes.
2474 3836 2585 3893 Hac
2612 3840 2679 3894 de
2704 3855 2870 3895 causa
2906 3839 3120 3895 beatum
3161 3853 3375 3910 quoque

1797 3927 2021 3982 Paulum
2054 3937 2182 3998 puto
2216 3930 2429 3999 plurimi
2452 3929 2646 3985 fecisse
2684 3941 2739 3985 et
2778 3930 3015 3986 maxime
3043 3931 3367 3985 admiratum

1797 4021 1966 4074 fuisse
1994 4019 2087 4074 Dei
2114 4031 2165 4074 et
2193 4019 2373 4075 Patris
2413 4023 2462 4075 in
2499 4037 2596 4077 nos
2647 4022 2991 4079 charitatem.
3044 4020 3189 4077 Dixit
3226 4024 3369 4076 enim

1800 4112 1901 4167 hoc
1934 4116 2133 4167 modo:
2166 4130 2183 4163 ι
2224 4112 2360 4179 Quid
2394 4128 2524 4183 ergo
2561 4114 2801 4169 dicemus
2838 4113 2904 4167 ad
2941 4114 3053 4167 haec
3084 4112 3107 4166 τ
3145 4111 3202 4168 Si
3237 4113 3374 4167 Deus

1799 4217 1896 4274 pro
1943 4202 2118 4269 nobis,
2170 4205 2291 4274 quis
2343 4214 2533 4258 contra
2569 4220 2664 4258 nos
2698 4204 2722 4257 ἲ
2754 4204 2845 4274 qui
2874 4204 3089 4273 proprio
3116 4202 3254 4259 Filio
3277 4220 3375 4259 suo

1800 4310 1904 4349 non
1936 4296 2197 4365 pepercit,
2232 4297 2325 4350 sed
2356 4310 2452 4365 pro
2471 4296 2626 4349 nobis
2652 4295 2901 4349 omnibus
2929 4294 3149 4349 tradidit
3175 4296 3371 4364 ipsum,

1800 4386 2069 4453 quomodo
2103 4401 2207 4440 non
2236 4386 2397 4439 etiam
2435 4402 2554 4439 cum
2605 4386 2719 4453 ipso
2774 4386 2953 4439 omnia
2999 4385 3153 4441 nobis
3204 4387 3373 4439 dona-

107 4467 294 4534 ἠμῶν;
324 4468 389 4530 ὃς
419 4485 484 4535 γε
518 4468 614 4521 τοῦ
648 4471 781 4525 ἰδίου
814 4472 940 4526 Υἱοῦ
977 4477 1075 4529 οὑκ
1112 4477 1385 4544 ἐφείσατο,
1412 4478 1525 4531 ἀλλ’
1559 4479 1695 4550 ὑπὲρ

1802 4478 1883 4533 bit
1914 4478 2007 4530 ‘9?
2045 4498 2063 4530 ι
2100 4477 2358 4545 Quamvis
2393 4478 2537 4531 enim
2571 4476 2952 4547 quamplurimi
2985 4477 3229 4532 homines
3260 4492 3375 4546 gra-

108 4557 259 4625 ήμῶν
303 4558 533 4613 πάντων
587 4561 905 4631 παρέδωκεν
936 4566 1116 4631 αὑτὸν,
1154 4570 1271 4631 πῶς
1312 4569 1432 4639 οὐχὶ
1475 4570 1570 4621 καὶ
1595 4571 1693 4623 σὺν

108 4648 248 4718 αὐτῴ
271 4649 345 4702 τὰ
383 4651 568 4705 πάντα
620 4655 754 4723 ἡμῖν
796 4656 1118 4726 χαρίσεται;
1160 4676 1178 4709 ι
1214 4660 1406 4713 Καίτοι
1454 4661 1695 4715 πλεῖστοι

112 4742 205 4807 μὲν
233 4742 376 4807 ὅσοι,
406 4743 595 4814 χάριτί
623 4761 682 4797 τε
715 4747 809 4799 καὶ
847 4748 986 4801 κατὰ
1017 4749 1164 4803 θέσιν
1196 4749 1315 4804 Υίοί
1337 4769 1349 4781 '
1380 4751 1696 4823 κεκλήμεθα

110 4828 209 4901 γὰρ
240 4832 381 4894 θεοὶ,
428 4833 525 4885 καὶ
564 4834 671 4887 υἱοὶ
714 4834 969 4905 Ὑψίστου
1006 4837 1233 4902 πάντες·
1269 4833 1349 4903 εἷς
1387 4840 1441 4892 δὲ
1473 4841 1567 4893 καὶ
1596 4840 1690 4911 μό-

110 4940 190 4985 vo;
236 4928 263 4978 6
315 4924 465 4979 κατὰ
519 4925 684 4995 φύσιν
715 4930 809 4981 καὶ
846 4930 971 4992 ἴδιος
1013 4929 1202 4995 αὑτοῦ,
1246 4933 1542 4996 τουτέστιν,
1578 4934 1605 4984 6
1635 4933 1693 4997 ἐξ

177 5080 220 5110 ’³
256 5077 500 5149 Philipp.
544 5093 603 5138 ll,
643 5078 693 5131 7.
775 5079 820 5111 ’⁸
852 5078 1013 5135 Hebr.
1050 5099 1109 5145 ιι,
1150 5082 1237 5136 Η.
1298 5084 1341 5116 ’⁷
1373 5082 1530 5137 Rom.
1570 5099 1619 5148 ν,
1660 5085 1695 5137 1⁴

1823 5085 1866 5116 ’⁸
1898 5085 2069 5139 Calai.
2104 5102 2174 5149 tv,
2204 5084 2257 5137 ι.
2336 5083 2379 5113 ¹⁹
2420 5083 2574 5139 Rom.
2602 5098 2719 5148 vm,
2762 5078 2850 5137 3L

145 5148 407 5211 6;Juan.
451 5163 506 5213 χ,
550 5149 636 5202 54.

1802 4570 1872 4622 tia
1924 4577 1979 4623 et
2030 4570 2315 4637 ad0ptione
2356 4570 2524 4623 simus
2552 4567 2643 4620 ﬁlii
2674 4566 2885 4637 (vocati
2920 4581 3149 4635 namque
3188 4581 3375 4620 sumus

1801 4660 1895 4722 dii,
1930 4668 1984 4713 et
2029 4659 2121 4713 ﬁlii
2154 4659 2364 4713 Excelsi
2413 4674 2600 4713 omnes
2627 4659 2728 4729 ³ο),
2766 4673 2903 4712 unus
2938 4666 3114 4711 tamen
3146 4666 3201 4712 et
3226 4660 3373 4711 solus

1800 4732 1891 4804 ilie
1917 4760 2001 4805 cst
2034 4753 2327 4809 secundum
2378 4759 2650 4812 naturam,
2708 4749 2929 4815 ejusque
2981 4750 3250 4818 proprius,
3287 4747 3373 4801 ille

1800 4839 2051 4893 nimirum
2090 4855 2156 4894 ex
2192 4840 2307 4908 ipso
2341 4838 2483 4893 Deus
2522 4837 2780 4902 Verbum,
2838 4851 2901 4890 eo
2963 4850 3175 4905 quoque
3238 4847 3373 4889 tent-

1800 4944 1929 5000 pore
1956 4947 2076 4987 cum
2103 4931 2277 4985 factus
2306 4940 2389 4986 est
2418 4944 2565 4985 caro.
2607 4930 2697 4985 Sic
2736 4944 2968 5000 namque
2999 4930 3171 4997 ipsum
3207 4927 3369 4983 etiam

2931 5084 2973 5116 '°
3001 5081 3142 5138 Psal.
3182 5098 3369 5149 Luxu,

1378 5301 1533 5358 ΑΝΤ.
1578 5300 1852 5358 AGELLII
1890 5301 2119 5360 ΝΟΤίΕ.

182 5463 291 5531 (55)
324 5460 396 5513 0e
463 5468 690 5531 peccato
732 5459 959 5531 originis
1005 5460 1074 5531 ita
1128 5468 1315 5531 aperte
1359 5458 1595 5522 disserit,
1630 5472 1687 5512 ut

120 5536 224 5587 fere
251 5526 612 5599 Augustinum
643 5526 1109 5597 legere’videaris,
1142 5526 1231 5597 qui
1270 5526 1384 5599 ejus
1415 5538 1573 5581 :etatc
1605 5530 1683 5583 vi-

124 5614 224 5665 τευ
262 5598 422 5669 idque
454 5615 559 5653 non
590 5600 764 5653 solum
800 5599 850 5651 in
896 5599 995 5669 hoc
1026 5602 1274 5662 dogmate
1310 5598 1490 5651 videre
1534 5599 1682 5661 licet,

125 5667 402 5725 instituant
454 5673 602 5746 inter
630 5670 769 5746 duos
818 5669 941 5746 ltos_
970 5667 1158 5746 Patres
1208 5682 1326 5722 esse
1372 5669 1687 5746 consensio-

126 5760 259 5801 nem.
291 5757 474 5794 verum
532 5740 696 5793 etiam
733 5740 787 5793 in
836 5738 1016 5794 tnultis
1044 5737 1185 5805 aliis,
1215 5752 1275 5792 ac
1326 5737 1591 5807 prmt'ipue
1632 5740 1686 5793 in

1796 5462 1878 5515 liis
1916 5478 2031 5529 qu:e
2079 5473 2269 5523 contra
2319 5462 2516 5531 Pelagii
2567 5464 2848 5532 opiniones
2901 5473 3160 5532 pugnant,
3204 5473 3257 5518 et
3314 5482 3364 5516 ιη

1794 5535 2142 5599 ρτοεεεηὶοιιε
2182 5535 2410 5601 Spiritus
2468 5535 2662 5597 sancti,
2704 5550 2865 5601 quem
2912 5551 2939 5587 a
2976 5532 3110 5587 Filio
3153 5550 3364 5603 quoque

1795 5605 2085 5668 procedere
2117 5606 2311 5657 asserit
2346 5613 2396 5656 ut
2437 5603 2783 5674 Augustinus,
2823 5615 2876 5658 ut
2908 5607 3184 5667 superiore
3227 5605 3363 5658 libro

1797 5675 2073 5729 disseruit.
