4040 6432
688 351 784 404 2H
1673 344 1728 398 S.
1771 340 2043 399 CYRILLI
2084 338 2551 396 ALEXANDRINI
2592 345 2910 403 ARCHIEP.
3830 331 3935 385 9'9-

690 483 787 536 pro
837 466 1087 521 omnibus
1118 466 1300 521 datum
1345 466 1602 529 dicimus,
1649 473 1709 519 ut
1765 466 1877 534 ipse
1930 464 2087 532 plane
2129 460 2204 514 ait
2234 476 2285 519 :.

2355 465 2530 518 αὑτοῦ
2556 466 2686 530 Θεὸς
2729 469 2922 534 Λόγος,
2959 467 3051 518 καὶ
3084 465 3172 516 ὅτε
3217 462 3413 529 γέγονε
3441 456 3602 526 σάρξ-
3636 452 3790 506 Οὕτω
3825 452 3937 518 γὰρ

695 577 712 607 ι
750 557 836 610 Sic
866 557 1007 611 Deus
1039 557 1225 611 dilexit
1252 557 1532 620 mundum,
1564 563 1622 609 ut
1648 554 1843 609 Filium
1874 568 2027 608 suum
2064 552 2253 618 unige-

2356 555 2518 607 αὑτὸν
2560 557 2654 607 καὶ
2696 556 2836 626 ὑπὲρ
2870 557 3086 609 πάντων
3113 550 3356 605 δεδόσθαι
3410 547 3612 615 φαμὲν,
3652 541 3795 595 καθά
3840 540 3937 591 καὶ

690 647 861 699 nitum
913 646 1093 710 daret,
1131 656 1189 701 ut
1237 648 1415 702 omnis
1450 649 1540 715 qui
1589 647 1764 701 credit
1808 646 1861 698 in
1906 644 2101 711 ipsnm,
2149 657 2254 696 non

2359 647 2520 711 αὐτός
2553 647 2655 698 πού
2686 664 2848 716 φησιν
2872 663 2885 675 ·
2925 664 2942 696 ι
2980 644 3135 696 Οὕτω
3163 643 3271 711 γάρ
3301 638 3587 708 ἠγάπησεν
3621 636 3650 686 6
3683 632 3813 694 Θεὸς
3843 630 3936 682 τὸν

689 743 896 803 pereat,
939 736 1031 790 sed
1073 737 1270 792 habeat
1303 739 1466 791 vitam
1495 747 1748 791 aeternam
1777 736 1840 787 ³¹.
1874 752 1894 786 ι
1938 733 2258 802 Unigenitus

2360 739 2584 806 κόσμον,
2617 738 2756 790 ὥστε
2799 737 2890 789 τὸν
2919 736 3046 788 Υἱὸν
3088 731 3254 787 αὑτοῦ
3290 731 3380 783 τὸν
3419 728 3678 798 μονογενῆ
3711 725 3935 781 ἔδωκεν,

691 835 772 879 est
811 842 937 895 ergo
970 828 1062 882 ille
1091 830 1247 883 datus
1282 846 1294 881 :
1329 844 1449 881 nam
1484 828 1658 883 solum
1687 837 1770 882 est
1810 841 1873 880 ex
1924 825 2017 879 Dei
2052 823 2258 877 Patris-

2361 829 2447 880 ἵνα
2481 830 2586 891 πᾶς
2615 830 2643 880 6
2676 827 2942 880 πιστεύων
2970 827 3048 887 εἰς
3077 824 3237 877 αὐτὸν
3271 821 3344 891 μὴ
3376 819 3663 886 ἀπόληται,
3697 815 3808 867 ἀλλ’
3837 813 3939 881 ἔχῃ

691 930 797 984 que
825 925 1006 970 natum
1055 918 1291 972 essentia
1325 918 1452 972 illud
1487 933 1551 972 ex
1580 933 1643 973 eo
1681 927 1734 970 et
1782 917 1833 969 in
1884 931 1949 970 eo
1995 915 2256 970 Verbum.

2362 917 2506 988 ζωὴν
2539 917 2774 971 αἰώνιον.
2817 937 2835 969 ι
2873 915 3184 984 Μονογενὴς
3219 912 3315 983 μὲν
3337 906 3430 963 οὗν
3457 911 3486 962 ὀ
3521 907 3698 969 δοθείς
3718 921 3732 936 ⁸
3760 905 3938 970 ἀνέφυ

693 1005 801 1059 Sed
834 1007 954 1074 quia
995 1008 1196 1062 factum
1248 1016 1332 1062 est
1372 1010 1556 1071 homo,
1608 1023 1669 1063 ea
1724 1007 1790 1062 de
1846 1022 2005 1062 causa
2054 1005 2107 1059 in
2137 1019 2257 1058 eum

2361 1009 2469 1079 γὰρ
2504 1009 2662 1079 μόνος
2697 1012 2760 1062 ἐκ
2804 1010 2903 1078 τῆς
2929 1007 3020 1061 τοῦ
3053 1007 3187 1059 Θεοῦ
3228 1005 3320 1057 καὶ
3347 1001 3559 1070 Πατρός
3597 997 3783 1060 οὐσίας
3818 997 3848 1049 ὁ
3876 994 3943 1059 ἐξ

693 1098 988 1160 credimus,
1013 1098 1158 1152 illius
1182 1099 1476 1152 secundum
1528 1114 1746 1153 carnem
1793 1098 1998 1151 obitam
2030 1104 2260 1150 mortem

2360 1099 2522 1153 αὐτοῦ
2553 1116 2610 1152 τε
2641 1100 2735 1152 καὶ
2762 1099 2820 1151 ἐν
2850 1097 2998 1166 αὐτῷ
3035 1097 3224 1165 Λόγος.
3269 1092 3488 1160 Ἐπειδὴ
3512 1090 3570 1142 δὲ
3599 1088 3822 1156 γέγονεν
3846 1085 3945 1138 ἄνα

677 1187 1108 1251 τιηιιιιιιῑὶεηιεε,
1129 1197 1184 1241 et
1219 1189 1376 1242 simul
1411 1190 1860 1244 resurrectionem
1889 1187 2207 1242 conﬁtentes
2241 1203 2259 1251 ;

2363 1190 2602 1259 θρωπος,
2626 1188 2800 1261 ταύτῃ
2827 1206 2907 1242 τοι
2936 1187 3034 1258 τὴν
3073 1189 3152 1249 εἰς
3189 1185 3352 1238 αὑτὸν
3385 1180 3688 1249 ποιούμεθα
3731 1178 3944 1240 πίστιν,

695 1277 941 1330 eumdem
991 1278 1225 1332 scientes
1254 1289 1306 1332 et
1355 1289 1480 1334 ante
1529 1280 1732 1333 stecula
1757 1277 2261 1342 Filium,etextre-

2361 1281 2454 1334 τὸν
2488 1279 2630 1333 κατὰ
2661 1279 2837 1350 σάρκα
2871 1279 3099 1333 θάνατον
3128 1275 3292 1329 αὐτοῦ
3330 1271 3812 1338 καταγγέλλοντες,
3844 1269 3947 1319 καὶ

694 1366 799 1420 mis
829 1368 1162 1434 temporibus
1196 1369 1591 1438 dispensatorie
1625 1369 1918 1432 hominem,
1938 1379 2263 1436 passumque

2363 1369 2748 1441 ὁμολογοῦντες
2794 1369 2891 1439 τὴν
2925 1370 3221 1422 ἀνάστασιν
3243 1381 3254 1392 ·
3287 1364 3375 1417 τὸν
3414 1362 3576 1415 αὑτὸν
3615 1361 3814 1422 εἰδότες
3845 1358 3947 1410 καὶ

695 1465 914 1525 propter
940 1472 1037 1512 nos
1075 1469 1298 1514 mortem
1334 1475 1517 1525 carne,
1546 1469 1601 1514 et
1630 1461 1920 1513 excitatum
1949 1473 1976 1510 a
2008 1457 2260 1512 mortuis.

2363 1459 2692 1530 προαιώνιον
2725 1458 2874 1521 Υίὸν,
2905 1459 2999 1511 κσιί¹
3028 1459 3086 1509 ἐν
3130 1456 3379 1525 ἐσχάτοις
3411 1453 3624 1522 καιροῖς
3651 1448 3947 1518 ἄνθρωπον

698 1545 803 1602 Sed
853 1548 1038 1605 nescio
1058 1552 1327 1618 quomodo
1358 1551 1444 1605 hic
1479 1549 1785 1605 Iudaeorum
1815 1550 2056 1604 stultitia:
2083 1558 2264 1618 patro-

2364 1551 2743 1622 οἰκονομικῶς,
2788 1550 3027 1604 παθόντα
3071 1566 3131 1601 τε
3173 1547 3336 1617 σαρκὶ
3380 1545 3445 1597 δι’
3477 1544 3622 1613 ἡμᾶς
3654 1541 3744 1594 τὸν
3772 1540 3949 1592 θάνα-

695 1650 798 1692 nus
826 1640 1028 1696 nostris
1067 1641 1246 1698 verbis
1290 1642 1637 1715 indignatur;
1675 1658 1801 1696 nam
1835 1655 2048 1697 rursum
2089 1639 2260 1694 dixit:

2363 1658 2474 1705 τον,
2508 1641 2602 1694 καὶ
2624 1641 2990 1711 ἐγηγερμένον
3016 1642 3080 1692 ἐκ
3100 1638 3328 1706 νεκρῶν.
3369 1634 3509 1687 Ἀλλ’
3545 1635 3644 1686 οὐκ
3670 1627 3765 1684 οἷδ’
3791 1632 3949 1692 ὅπως

2366 1737 2478 1795 τοῖς
2511 1735 2640 1804 παρ’
2675 1734 2831 1804 ἡμῶν
2875 1731 3205 1801 ἐπασχάλλει
3233 1729 3414 1797 λόγοις
3452 1729 3479 1780 6
3525 1728 3622 1796 τῆς
3666 1723 3952 1777 Ἰουδαίων

2294 1780 2339 1837 Β
2369 1780 2621 1894 ἀμαθίάέ
2639 1780 2936 1895 σιίῷλγορος
2957 1841 2971 1854 ·
3466 1835 3481 1848 ·

764 1902 1000 1960 Νεετιοιι.
1032 1905 1207 1977 [Quod
1245 1907 1297 1961 in
1345 1907 1626 1963 nativitate
1667 1920 1730 1961 ex
1763 1904 1961 1960 Christi
2003 1902 2266 1974 genitrice

2440 1915 2585 1987 [Ὅτι
2625 1916 2722 1985 μὲν
2747 1911 2838 1969 οὖν
2863 1915 2956 1967 ἐ,πί⁹
2985 1915 3087 1982 τῆς
3126 1914 3431 1980 γεννήσεως
3455 1908 3554 1978 τῆς
3587 1907 3650 1959 ὲκ
3681 1905 3782 1973 τῆς
3805 1905 3955 1974 Χρι-

696 1991 918 2061 Virgine
949 1995 1132 2049 divina
1161 1995 1442 2064 Scriptura
1471 2007 1638 2067 ponat
1668 1996 1789 2049 Filii
1832 2009 2050 2057 nomen,
2081 1991 2264 2047 decla-

2368 2008 2622 2060 στοτόκου
2669 2006 2941 2077 Παρθένου
2969 2004 3152 2074 τίθησι
3193 2001 3274 2066 τὸ,
3309 2000 3460 2062 Υἰός,
3495 2000 3527 2066 ἡ
3562 1997 3682 2050 θεία
3727 1995 3951 2066 Γραφὴ,

695 2083 954 2138 ravimus.
982 2085 1119 2138 Audi
1145 2085 1280 2154 jam,
1315 2086 1439 2141 etin
1483 2096 1677 2151 morte,
1718 2085 1886 2139 sicubi
1925 2084 2136 2138 tandem
2175 2083 2267 2138 Dei

2366 2099 2767 2170 δεδηλώκαμεν.
2803 2099 3068 2150 ’Ἄκουσον
3112 2094 3169 2147 δὲ
3203 2093 3297 2146 καὶ
3345 2089 3438 2143 ἐπὶ
3464 2086 3557 2141 τοῦ
3599 2086 3854 2149 θανάτου,
3899 2087 3954 2136 εἰ

696 2186 892 2225 nomen
917 2181 998 2226 est
1023 2173 1276 2240 positum,
1307 2183 1362 2228 ut
1389 2175 1696 2243 passibilem
1720 2174 1884 2228 Deum
1908 2174 2224 2227 inducamus
2250 2187 2265 2225 :

2367 2191 2485 2244 ἔστι
2529 2189 2658 2243 ποτὲ
2695 2187 2945 2258 κείμενος
2989 2186 3017 2237 6
3049 2183 3200 2247 Θεός,
3247 2181 3334 2233 ἵνα
3383 2177 3625 2247 παθητὸν
3668 2176 3759 2229 τὸν
3810 2175 3956 2228 Θεὸν

702 2279 722 2310 ι
758 2260 890 2316 Cum
931 2262 1135 2316 inimici
1165 2278 1428 2329 essemus,
1473 2265 1664 2333 inquit,
1705 2262 2038 2317 reconciliati
2081 2276 2268 2317 sumus

2369 2280 2784 2348 εἰσαγάγωμενο
2819 2294 2838 2327 ι
2889 2275 3127 2345 Ἐχθροί,
3163 2271 3362 2342 φησὶν,
3409 2269 3560 2331 ὄντες
3599 2265 3957 2337 κατηλλάγη-

698 2350 809 2405 Deo
835 2365 932 2420 per
961 2361 1186 2407 mortem
1213 2354 1339 2410 Filii
1359 2354 1472 2424 ejus
1495 2357 1558 2408 ³².
1600 2375 1617 2407 ι
1656 2355 1770 2409 Non
1814 2356 1968 2421 dixit,
2001 2371 2099 2428 per
2125 2371 2269 2411 mor-

2373 2385 2471 2440 μεν
2498 2367 2575 2438 τῷ
2599 2367 2716 2438 Θεῷ
2740 2365 2827 2419 διὰ
2852 2365 2948 2417 τοῦ
2983 2363 3211 2423 θανάτου
3244 2358 3338 2413 τοῦ
3370 2355 3501 2411 Υἱοῦ
3536 2355 3724 2413 αὐτοῦ.
3771 2373 3790 2406 ι
3833 2354 3957 2406 Οὐκ

701 2451 805 2495 tem
836 2441 930 2496 Dei
961 2442 1171 2514 Verbi.]

2370 2458 2512 2524 εἷπε,
2539 2459 2627 2513 διὰ
2651 2458 2743 2513 τοῦ
2781 2457 3009 2512 θανάτου
3035 2453 3128 2507 τοῦ
3157 2452 3294 2505 Θεοῦ
3328 2447 3566 2519 Λόγου.1

1365 2587 1515 2643 CAP.
1560 2575 1599 2641 ll

2965 2591 3215 2646 ΚΕΦΑΛ.
3258 2591 3335 2642 Α’.

769 2695 968 2749 Verum
995 2711 1130 2751 sane
1164 2697 1422 2767 scriptum
1459 2698 1589 2752 illud
1617 2705 1736 2752 est:
1773 2715 1789 2748 ι
1832 2696 2017 2752 Justus
2049 2697 2187 2766 perit
2215 2696 2266 2750 in

2453 2711 2678 2781 Ἀληθές
2710 2711 2789 2763 ὅτι
2817 2708 2958 2761 κατὰ
2985 2706 3044 2760 τὸ
3078 2700 3464 2776 γεγραμμένον
3492 2696 3634 2749 ἐστί·
3671 2715 3686 2746 ι
3729 2695 3964 2756 Δίκαιος

695 2784 901 2851 iustitia
930 2802 1023 2841 sua
1048 2787 1112 2840 ³³.
1151 2805 1170 2837 ›
1209 2786 1341 2840 Nam
1371 2788 1533 2841 etiam
1569 2790 1782 2841 lirmum
1812 2788 2131 2856 quandoque
2162 2787 2271 2840 ani-

2371 2804 2744 2873 ἀπολλύμενος
2791 2804 2847 2853 ἐν
2897 2798 3087 2868 δικαίῳ
3136 2792 3322 2849 αὑτοῦ.
3363 2811 3381 2845 ι
3425 2788 3715 2860 Ἀποφέρει
3763 2787 3820 2838 δὲ
3855 2786 3959 2840 τοῦ

699 2892 871 2941 mum,
907 2878 974 2930 ab
1009 2893 1072 2931 eo
1100 2879 1242 2946 quod
1270 2893 1481 2947 :equutn
1517 2887 1618 2943 est,
1652 2878 1847 2931 avertit
1883 2879 2046 2931 homo
2079 2878 2142 2930 ad
2175 2891 2270 2930 no-

2371 2896 2598 2959 εἰκότος,
2631 2895 2725 2947 καὶ
2753 2893 2841 2946 τὸν
2883 2887 2941 2944 εὖ
2985 2888 3255 2959 βεῦηκότα
3304 2884 3447 2946 νοῦν,
3475 2882 3573 2951 τὴν
3617 2879 3706 2932 τοῦ
3743 2879 3964 2947 συμφέ-

699 2971 926 3024 cendum
947 2970 1557 3041 compositus(34),cum
1578 2970 1823 3024 utilitatis
1845 2971 2072 3039 speciem
2094 2971 2268 3023 laten—

2374 3004 2557 3060 ροντος
2591 2985 2808 3054 δόκησιν
2836 2982 3146 3052 ὑποτρέχων
3185 2977 3428 3035 566‘612,
3463 2975 3522 3027 τὸ
3549 2972 3793 3040 πεφυκὸς
3829 2970 3960 3022 ἁδι-

703 3073 784 3115 ter
813 3062 1008 3116 induit.
1047 3063 1204 3116 Putat
1247 3064 1390 3116 enim
1428 3063 1569 3116 haud
1613 3063 1958 3116 mediocriter
1999 3077 2057 3116 se
2101 3062 2298 3148 pieta-‘

2374 3064 2509 3132 κεῖν.
2543 3077 2726 3128 Οίεται
2762 3074 2858 3143 μὲν
2887 3072 2995 3142 γάρ
3025 3072 3083 3123 οὑ
3127 3067 3363 3139 μετρίως
3394 3064 3656 3126 εὐσεϐεῖν,
3690 3061 3751 3112 τὸ
3782 3061 3964 3112 πᾶσιν

699 3165 808 3206 tem
851 3153 1044 3218 colere,
1083 3154 1205 3206 dum
1238 3155 1289 3207 id
1323 3154 1644 3207 conﬁrmare
1674 3155 1865 3206 nititur
1894 3155 2034 3222 quod
2081 3168 2267 3207 omnes

2373 3165 2800 3237 ὁμολογούμενον
2823 3163 3112 3234 κρατύνειν
3135 3157 3445 3228 ἐπιχειρῶν·
3465 3155 3636 3222 ταύτῃ
3650 3170 3729 3206 τοι
3749 3151 3961 3218 λέγων,

700 3247 1026 3300 conﬁtentur
1061 3263 1073 3298 :
1102 3256 1156 3300 et
1187 3247 1289 3300 hac
1321 3249 1391 3300 de
1417 3261 1578 3299 causa
1607 3245 1737 3298 dicit
1768 3244 1914 3297 illum
1940 3257 2004 3296 ex
2034 3245 2139 3296 Deo
2168 3244 2268 3296 Pa-

2371 3260 2451 3312 ὂτι
2479 3258 2620 3311 κατὰ
2670 3255 2833 3324 φύσιν
2883 3253 3017 3306 ἰδίαν
3049 3249 3303 3304 ἐπέκεινα
3335 3248 3394 3300 τέ
3438 3249 3555 3299 ἐστι
3615 3243 3826 3303 παθῶν,
3859 3244 3966 3294 καὶ

701 3349 783 3392 tre
836 3337 1033 3391 Filium
1096 3354 1162 3391 ex
1216 3348 1403 3392 natura
1467 3353 1562 3391 sua
1625 3337 1781 3404 longe
1841 3349 1870 3387 a
1929 3333 2271 3404 passionibus

2372 3349 2603 3402 θανάτου
2634 3347 2899 3417 κρείττων
2927 3345 2999 3407 ὡς
3031 3344 3161 3404 Θεὸς
3191 3345 3217 3394 6
3252 3342 3314 3393 ἐκ
3344 3338 3475 3392 Θεοῦ
3517 3335 3726 3405 Πατρδς
3754 3336 3965 3401 Λόγος·

700 3433 909 3495 abesse,
949 3431 1104 3500 122
1129 3440 1183 3484 et
1212 3431 1406 3485 tentari
1441 3441 1612 3484 morte
1643 3439 1698 3483 ut
1732 3430 1894 3483 Deum
1929 3428 2076 3481 nullo
2109 3429 2268 3493 [nodo

2372 3439 2590 3508 τεθναίη
2618 3439 2725 3507 γὰρ
2749 3437 2814 3490 ἂν
2839 3435 2982 3488 κατά
3011 3451 3130 3487 τινα
3154 3431 3353 3503 τρόπον
3381 3432 3412 3499 ὴ
3446 3428 3596 3497 ζωή·
3623 3425 3967 3497 προσκρούει

700 3540 882 3593 posse,
910 3540 1032 3577 nam
1064 3526 1176 3593 ipsa
1201 3525 1310 3576 vita
1342 3525 1526 3592 utique
1555 3525 1736 3591 aliquo
1766 3523 1922 3576 modo
1951 3530 2266 3574 moreretur.

2374 3547 2436 3598 γε
2471 3528 2573 3599 μὴν
2595 3529 2748 3581 οὐδὲν
2779 3522 2942 3596 ἦττον
2972 3525 3064 3578 καὶ
3107 3523 3201 3576 νῦν
3231 3526 3341 3584 τοῖς
3382 3522 3482 3590 τῆς
3518 3518 3842 3586 ’[ἰκλησίας
3873 3518 3969 3570 δό-

703 3617 807 3670 Sed
849 3627 1110 3686 repugnat
1143 3625 1318 3669 tamen
1348 3616 1507 3668 etiam
1537 3630 1677 3667 nunc
1703 3613 1954 3666 Ecclesia:
1985 3612 2268 3680 dogmatis,

2376 3638 2570 3689 γμασι,
2598 3619 2697 3688 τῆς
2730 3619 2866 3688 μετὰ
2897 3617 3097 3687 σαρκὸς
3129 3613 3438 3684 οἰκονομίας
3471 3610 3562 3664 τοῦ
3611 3609 3971 3682 Μονογενοῦς

702 3707 845 3760 illam
876 3706 1148 3774 Unigeniti
1190 3721 1309 3760 cum
1349 3720 1513 3758 carne
1547 3705 2002 3773 dispensationem
2049 3703 2272 3755 omnino

2373 3713 2451 3775 εἰς
2484 3712 2628 3765 ἅπαν
2677 3708 3010 3780 ἡφειδηκὼς,
3064 3705 3281 3760 καὶτοῦ
3326 3705 3624 3774 μυστηρίου
3664 3702 3724 3754 τὸ
3786 3701 3964 3770 βάθος

701 3807 1077 3859 contemnens,
1113 3806 1167 3851 et
1197 3798 1328 3850 tanti
1379 3797 1624 3867 mysterii
1671 3795 2086 3864 profunditatem
2123 3792 2273 3846 nullo

2374 3805 2495 3856 κατ’
2529 3803 2717 3855 οὐδένα
2763 3801 2961 3872 τρόπον
2990 3798 3205 3852 ἐννοῶν.
3239 3798 3300 3849 Εἰ
3340 3799 3434 3866 μὲν
3458 3793 3764 3860 ἐξετάζοιτο
3811 3793 3964 3862 πρὸς

702 3886 861 3938 modo
891 3885 1261 3939 considerans.
1306 3883 1466 3938 Certe
1511 3884 1553 3938 si
1600 3883 1684 3936 vel
1719 3883 1816 3952 ipsi
1863 3881 2297 3951 exquireremus

2374 3891 2532 3961 ἡμῶν
2565 3890 2724 3943 ὁποία
2744 3891 2827 3951 τίς
2860 3890 3005 3940 ἐστιν
3037 3890 3068 3957 ἡ
3095 3885 3188 3938 τοῦ
3213 3885 3383 3952 Λόγου
3413 3883 3593 3952 φύσις,
3619 3883 3786 3952 ἤγουν
3815 3881 3969 3950 ἐρω-

701 3975 1003 4040 qualisnam
1046 3978 1115 4028 sit
1144 3975 1234 4027 illa
1277 3973 1436 4029 Verbi
1484 3985 1695 4041 natura,
1731 3974 1811 4026 vel
1844 3975 1886 4026 si
1928 3973 2048 4026 aliis
2080 3987 2272 4042 rogan-

2378 3984 2557 4054 μένοις
2600 3981 2693 4034 καὶ
2743 3980 3040 4048 άναμαθεῖν
3088 3977 3360 4030 ἐθέλουσιν
3401 3976 3626 4044 ἐτέροις,
3670 3974 3814 4042 ἡμᾶς
3869 3972 3963 4034 ἐξ-

703 4066 845 4118 tibus
892 4080 953 4118 ac
1008 4065 1219 4119 discere
1280 4063 1618 4131 cupientibus
1665 4076 2082 4131 exponeremus,
2132 4070 2275 4114 esset

2378 4070 2624 4142 ηγεῖσθαι
2655 4071 2796 4141 χρή·
2841 4067 2906 4140 ἦν
2937 4069 2999 4139 δή
3038 4085 3139 4121 που
3172 4067 3388 4127 πάντως
3416 4064 3703 4118 ἀκόλουθόν
3748 4081 3807 4115 τε
3862 4067 3973 4116 καὶ

702 4152 885 4222 procul
952 4153 1116 4206 dubio
1181 4167 1516 4222 consequens
1583 4169 1646 4207 ae
1701 4153 2113 4213 necessarium,
2180 4166 2276 4220 per

2382 4165 2693 4231 ἀναγκαῖον,
2733 4161 2820 4212 διὰ
2854 4163 3034 4230 πάσης
3062 4159 3268 4220 ἐννοίας
3309 4156 3478 4224 σοφῆς
3508 4171 3566 4206 τε
3600 4154 3693 4206 καὶ
3719 4151 3977 4221 ἀληθοῦς

702 4259 891 4297 omnes
929 4244 1205 4310 sapientes
1237 4258 1502 4314 verasque
1541 4243 1839 4298 sententias
1877 4242 2118 4296 studiose
2151 4256 2275 4309 pcr-

2380 4255 2516 4306 ίέναι
2566 4250 2984 4315 σπουδάζοντας,
3039 4250 3331 4319 ἀπρόσιτον
3381 4244 3548 4314 αὐτὴν
3601 4242 3679 4310 τῷ
3739 4242 3974 4311 θανάτῳ

703 4335 989 4394 currendo,
1029 4325 1231 4386 nullum
1264 4349 1382 4388 esse
1409 4336 1564 4388 morti
1594 4333 1659 4386 ad
1695 4332 1840 4386 illam
1869 4345 2142 4386 accessum
2170 4373 2183 4395 ,
2219 4342 2275 4384 et

2380 4344 2660 4404 δεικνύειν,
2692 4344 2785 4396 καί⁹
2812 4342 2999 4395 παθῶν
3029 4342 3108 4403 εἰς
3136 4341 3278 4392 άπαν
3319 4336 3762 4406 ἀπηλλαγμένην.
3803 4333 3975 4386 Ἐπεὶ

704 4425 755 4475 in
780 4424 1087 4476 universum
1114 4439 1140 4475 a
1167 4424 1507 4492 passionibus
1528 4437 1647 4477 esse
1669 4430 1929 4476 remotam
1960 4423 2264 4476 ostendere.

2378 4441 2430 4491 δὲ
2461 4439 2488 4490 ὁ
2511 4439 2608 4504 τῆς
2647 4436 3113 4506 ἐνανθρωπήσεως
3143 4432 3343 4502 τρόπος
3377 4431 3589 4483 δίδωσιν
3618 4427 3764 4498 αὐτῷ
3793 4427 3856 4479 τό
3896 4445 3973 4494 γε

704 4514 973 4578 Quoniam
1011 4529 1139 4567 vero
1169 4515 1357 4568 modus
1383 4529 1491 4582 quo
1514 4514 1604 4567 ille
1633 4512 1807 4566 factus
1839 4522 1920 4565 est
1949 4513 2129 4577 homo,
2160 4511 2273 4565 elli-

2382 4522 2509 4598 ἦκον
2535 4528 2614 4590 εἰς
2640 4527 2764 4586 τοὺς
2790 4523 2890 4593 τῆς
2918 4514 3229 4591 οἰκονομίας
3252 4519 3464 4586 λόγους,
3490 4517 3550 4569 τὸ
3579 4517 3681 4569 κᾶν
3709 4519 3758 4568 εἰ
3782 4517 3977 4568 ἕλοιτο

704 4607 812 4667 cit,
868 4605 1009 4673 quod
1067 4605 1132 4657 ad
1185 4605 1422 4657 rationes
1466 4603 1885 4672 dispensationis
1934 4602 2157 4667 attinet,
2217 4611 2275 4654 ut

2377 4618 2628 4670 τεθνάναι
2677 4614 2860 4686 σαρκὶ,
2898 4613 3061 4683 μηδὲν
3111 4612 3187 4674 εἰς
3240 4610 3373 4661 ἰδίαν
3412 4609 3700 4676 ὑπομεῖναι
3754 4605 3921 4674 φύσιν
3955 4621 3969 4634 ·

703 4695 914 4746 etiamsi
958 4708 1122 4747 carne
1175 4696 1309 4748 mori
1340 4695 1490 4759 velit,
1547 4695 1680 4748 nihil
1728 4695 1780 4748 in
1817 4695 2031 4762 propria
2085 4704 2272 4747 natura

2382 4709 2430 4760 τί
2459 4708 2566 4759 τῶν
2595 4706 2894 4759 καλλίστων
2926 4705 3072 4773 ἡμᾶς
3126 4701 3460 4771 αὐχημάτων
3495 4699 3848 4766 ἀποστερεῖς;
3877 4701 3977 4748 Δι-

705 4787 941 4853 patiatur
966 4803 980 4851 ;
1014 4801 1110 4839 cur
1144 4801 1242 4840 nos
1268 4787 1466 4854 spolias
1496 4787 1877 4856 pulcherrimis
1902 4788 2277 4856 ornamentis?

2385 4797 2591 4850 επύθου
2625 4797 2732 4867 γὰρ
2754 4795 3022 4862 λέγοντος,
3053 4812 3070 4843 ι
3092 4792 3154 4844 Ὀ
3178 4792 3380 4861 ποιμὴν
3408 4791 3434 4842 6
3465 4788 3627 4851 καλὸς
3654 4788 3750 4858 τὴν
3782 4789 3977 4858 ψυχὴν

703 4879 910 4932 Audisti
949 4894 1182 4946 namque
1212 4881 1475 4933 dicentem
1507 4894 1520 4930 :
1565 4897 1582 4929 ι
1613 4877 1806 4932 Pastor
1837 4877 2010 4933 bonus
2039 4880 2272 4932 animam

2383 4889 2579 4942 ἑαυτοῦ
2629 4888 2841 4957 τίθησιν
2884 4886 3025 4956 ὑπὲρ
3060 4883 3168 4935 τῶν
3209 4881 3517 4952 προϐάτων.
3553 4899 3570 4930 ι
3613 4879 3826 4932 Οὐκοῦν
3861 4881 3978 4932 κᾶν

705 4985 858 5022 suam
899 4971 1052 5037 ponit
1096 4985 1201 5037 pro
1222 4971 1414 5024 ovibus
1446 4970 1512 5024 “.
1554 4989 1572 5020 ι
1609 4968 1775 5037 Igitur
1832 4971 2042 5024 etiamsi
2088 4986 2277 5039 passus

2382 4982 2429 5032 εἰ
2459 4979 2669 5045 λέγοιτο
2701 4954 2914 5038 παθεῖν,
2943 4954 3125 5042 ἀπαθῆ
3160 4974 3256 5043 μὲν
3282 4975 3437 5043 ίσμεν
3460 4972 3534 5035 ὡς
3573 4971 3728 5033 Θεὸν,
3758 4954 3977 5024 πεπόν-

705 5077 825 5116 esse
854 5061 1086 5124 dicatur,
1117 5061 1502 5131 impassibilem
1537 5063 1783 5115 novimus
1824 5070 1884 5113 ut
1935 5061 2122 5128 Deum,
2155 5077 2278 5132 pas-

2384 5071 2536 5123 Οέναι
2569 5069 2622 5122 δέ
2651 5086 2827 5138 φαμεν
2863 5065 3219 5136 οἰκονομικῶς
3255 5064 3362 5135 ἰδίᾳ
3395 5064 3559 5134 σαρκὶ
3589 5063 3678 5115 τὸν
3708 5062 3976 5126 θάνατον⁹

710 5167 826 5206 sum
866 5167 988 5207 vero
1025 5169 1143 5207 esse
1185 5163 1409 5206 mortem
1448 5152 1839 5220 dispensatorie
1871 5168 1962 5206 sua
2005 5167 2169 5207 carne
2199 5155 2280 5207 di-

2384 5161 2753 5230 ἴνα.πατήσας
2785 5160 2965 5222 αὐτὸν,
2997 5158 3088 5211 καὶ
3120 5154 3507 5226 ἐγηγερμένος,
3541 5152 3675 5206 καθὸ
3714 5153 3977 5221 πέφυκεν

704 5245 897 5310 cimus,
931 5255 1006 5311 ut,
1069 5256 1240 5300 morte
1309 5243 1536 5308 calcata,
1580 5255 1633 5298 et
1679 5259 1965 5313 resurgens
2010 5255 2279 5314 quatenus

2385 5246 2519 5302 εἶναι
2548 5251 2659 5319 ζωὴ
2683 5250 2775 5302 καὶ
2803 5248 3084 5312 ζωοποιὸς,
3109 5243 3573 5316 μεταστοιχειώσῃ
3597 5242 3732 5313 πρὸς
3759 5242 3980 5321 63:039-

775 5400 816 5431 ³¹
853 5399 1012 5454 Joan.
1047 5415 1132 5466 ιιι,
1174 5398 1263 5453 16.
1343 5399 1387 5429 δ’
1417 5399 1573 5452 Rom.
1607 5413 1660 5466 ν,
1693 5401 1778 5455 10.
1861 5401 1906 5433 ³³
1948 5402 2126 5458 Eccle.
2170 5419 2266 5467 vn,
2301 5403 2368 5458 16

1343 5399 1387 5429 ³²
1417 5399 1573 5452 Rom.
1607 5413 1660 5466 ν,
1693 5401 1778 5455 10.
1861 5401 1906 5433 ³³
1948 5402 2126 5458 Eccle.
2170 5419 2266 5467 vn,
2301 5403 2388 5458 16.
2466 5403 2754 5472 a"Joan.it,
2786 5405 2873 5459 Η.

1973 5556 2131 5612 ΑΝΤ.
2162 5557 2430 5613 AGELLH
2465 5557 2698 5614 ΝΟΤᾸΞ.

775 5717 885 5789 (34)
917 5715 1100 5774 Melius
1152 5715 1383 5773 fortasse
1425 5725 1753 5782 verteretur,
1779 5717 1914 5782 quod
1953 5727 2133 5776 suamc
2170 5729 2358 5774 natura
2392 5722 2605 5774 noxium
2637 5728 2737 5775 cst.
