4040 6428
144 318 240 372 913

1208 325 1580 382 ADVERSUS
1616 328 2016 389 NESTORIUM
2058 335 2187 391 LIB.
2230 337 2295 392 ν.

3271 356 3378 409 2H

142 433 255 484 σίαν
288 433 352 484 τὺ
387 434 611 505 θανάτῳ
661 438 1116 509 τυραννούμενον,
1148 444 1411 509 τουτέστι,
1448 446 1507 498 τὸ
1540 446 1720 516 σῶμα.

1828 462 2015 521 suapte
2052 464 2241 511 natura
2280 457 2387 511 vita
2420 467 2501 513 est
2528 475 2588 515 ac
2619 461 2923 526 viviﬁcans,
2961 462 3277 522 refurmaret
3311 472 3376 524 ad

137 523 289 575 Οὕτω
320 540 385 575 τε
424 526 523 577 καὶ
567 530 647 590 είς
677 531 824 598 ἡμᾶς
854 533 885 600 ή
920 530 1011 584 τοῦ
1053 534 1471 603 κατορθώματος
1509 538 1725 607 διατρέ-

1826 542 2279 612 incorruptionem
2309 549 2358 601 id
2392 550 2531 618 quod
2558 553 2745 607 mortis
2774 554 3051 624 tyrannide
3076 557 3375 624 tenebatur,

134 630 210 681 χει
244 615 515 686 δύναμις,
562 620 644 681 είς
686 620 834 673 ἆπαν
882 623 1227 694 ἐκτεινομένη
1280 626 1338 677 τὸ
1385 627 1562 694 γένος.
1613 628 1721 681 Καὶ

1826 631 1874 684 id
1905 642 1987 687 est
2019 649 2231 704 corpus.
2264 635 2339 690 Ita
2374 615 2425 691 in
2456 653 2553 694 nos
2585 641 2728 710 ipsos
2756 615 2966 713 quoque
2989 646 3069 701 vis
3097 646 3212 717 ejus
3250 615 3380 719 ope:-

132 705 258 769 γοῦν
297 710 328 759 ὁ
366 708 663 773 Θεσπέσιος
707 711 953 776 Παῦλος*
991 732 1011 765 ‹
1060 715 1198 783 Ἐγὼ
1225 716 1311 770 διὰ
1347 717 1533 787 νόμου,
1566 722 1717 790 φησὶ,

128 796 279 865 νόμῳ
325 797 631 861 ἀπέθανον,
666 800 757 853 ἵνα
783 801 901 871 Θεῷ
947 805 1095 870 ζήσω
1121 822 1133 835 ⁸
1166 806 1385 877 Χριστῷ
1429 810 1720 862 συνεσταύφ

128 897 337 967 ρωμαι.
371 883 462 935 Ζῶ
482 884 562 946 δὲ,
588 886 773 940 οὐκέτι
815 889 944 957 ἐγὼ,
981 891 1045 961 ζῇ
1077 892 1132 944 δὲ
1156 894 1213 945 ἐν
1240 895 1363 963 ἐμοὶ
1389 896 1416 945 ὁ
1447 897 1679 967 Χριστός
1701 916 1716 931 ·

124 966 165 1037 ᾧ
199 973 262 1024 δὲ
321 973 425 1028 νῦν
457 975 561 1040 ζῶ,
597 979 655 1030 ἐν
705 980 889 1033 πίστει
931 980 1025 1047 ζῶ,
1057 984 1114 1037 ἐν
1149 985 1312 1055 σαρκὶ
1339 990 1405 1055 τῇ
1452 966 1544 1040 τοῦ
1584 989 1715 1042 Υἱοῦ

124 1063 215 1115 τοῦ
248 1064 394 1118 Θεοῦ
422 1066 521 1118 τοῦ
550 1069 938 1138 ἀγαπήσαντός
977 1089 1064 1142 με,
1097 1076 1190 1127 καὶ
1220 1078 1551 1146 παραδόντος
1586 1082 1716 1132 ἐαυ-

120 1154 209 1206 τὸν
256 1157 407 1227 ὑπὲρ
434 1158 597 1227 ἐμοῦ.
628 1162 740 1213 Οὐκ
768 1163 945 1215 ἀθετῶ
972 1164 1067 1234 τὴν
1095 1167 1253 1235 χάριν
1272 1168 1363 1221 τοῦ
1395 1170 1551 1223 Θεοῦ.
1588 1190 1606 1223 ι
1642 1173 1716 1224 Ού

120 1243 229 1316 γὰρ
281 1245 366 1297 ἔτι
405 1246 508 1316 τὴν
560 1249 698 1302 ίδίαν
740 1251 1012 1322 διαξῶμεν
1045 1252 1208 1326 ζωὴν,
1243 1258 1341 1329 τὴν
1386 1261 1621 1331 Χριστοῦ
1660 1263 1716 1316 δέ

123 1334 359 1401 μᾶλλον,
408 1337 509 1389 καὶ
562 1338 712 1392 ἐστιν
759 1342 979 1414 ἀληθὲς,
1008 1346 1082 1408 ὡς
1116 1366 1134 1398 ι
1164 1343 1259 1413 Εἷς
1306 1350 1445 1422 ὑπὲρ
1500 1354 1714 1408 πάντων

120 1425 431 1490 ἀπέθανεν,
470 1428 560 1481 ἵνα
587 1432 639 1483 oi
671 1430 871 1495 ζῶντες
904 1437 1097 1504 μηκέτι
1122 1438 1332 1502 ἑαυτοῖς
1362 1440 1545 1507 ζῶσιν,
1580 1444 1715 1500 ἀλλὰ

234 1518 386 1589 ὑπὲρ
418 1521 605 1575 αὐτῶν
650 1523 1001 1591 ἀποθανόντι,
1044 1530 1139 1583 καὶ
1183 1531 1479 1602 ἐγερθέντι.
1518 1554 1537 1587 ι
1580 1538 1716 1607 Πρὶν

120 1606 220 1673 μὲν
247 1609 363 1678 γὰρ
389 1610 525 1678 ἡμῖν
564 1612 872 1683 ἐπιλάμψαι
897 1616 987 1670 τὸν
1028 1622 1289 1691 μονογενῆ
1320 1623 1414 1676 τοῦ
1454 1624 1587 1679 Θεοῦ
1621 1606 1717 1680 Λό-

1824 724 1899 776 ris
1929 727 2185 789 recurrit,
2228 729 2349 781 dum
2387 730 2438 783 in
2488 731 2795 787 universum
2840 749 3007 803 genus
3051 739 3377 794 extenditur.

1820 814 1889 867 Et
1935 826 2084 872 certe
2126 819 2314 875 beatus
2348 819 2546 877 Paulus
2576 824 2653 877 ait
2684 839 2699 875 :
2732 842 2750 876 ι
2777 824 2887 893 Ego
2928 841 3024 895 per
3057 827 3228 898 legem
3275 830 3378 901 legi

1821 918 2063 962 mortuus
2094 925 2233 975 sum,
2275 920 2333 965 ut
2375 912 2547 967 vivam
2582 916 2685 969 Deo
2716 931 2729 967 :
2779 917 2993 972 Christo
3034 919 3194 973 simul
3230 924 3377 977 cruci

1819 998 2060 1053 conﬁxus
2090 1015 2231 1053 sum.
2274 1000 2401 1057 Vivo
2425 1012 2621 1070 autem,
2644 1004 2751 1073 jam
2784 1020 2889 1059 non
2916 1021 3047 1075 ego,
3082 1011 3211 1064 vivit
3251 1026 3380 1067 vero

1820 1087 1875 1140 in
1908 1104 1991 1143 me
2014 1090 2279 1147 Christus.
2311 1092 2461 1159 Quod
2486 1107 2611 1149 vero
2652 1110 2793 1149 nunc
2824 1096 2964 1163 vivo,
3002 1098 3057 1152 in
3102 1100 3206 1154 [ide
3233 1102 3376 1167 vivo,

1818 1177 1871 1230 in
1904 1192 2069 1233 carne
2108 1180 2194 1233 illa
2222 1181 2343 1236 Filii
2376 1183 2505 1248 Dei,
2540 1185 2633 1252 qui
2684 1186 2873 1241 dilexit
2917 1204 3029 1252 me,
3066 1199 3120 1244 et
3164 1192 3382 1247 tradidit

1818 1272 2163 1339 semetipsum
2205 1287 2304 1342 pro
2340 1289 2444 1329 me.
2479 1274 2592 1329 Non
2634 1276 2827 1342 abjlcio
2862 1279 3089 1347 gratiam
3138 1280 3228 1334 Dei
3249 1278 3314 1333 ³⁸.
3354 1301 3372 1334 ι

1816 1358 1930 1414 Νοη
1955 1362 2098 1416 enim
2120 1364 2230 1433 jam
2255 1367 2467 1434 pr0pria
2499 1367 2726 1421 vivimus
2749 1368 2877 1432 vita,
2915 1370 3010 1425 sed
3040 1370 3258 1435 Christi,
3288 1386 3379 1427 ve.

1818 1465 2042 1520 rumque
2086 1453 2209 1507 illud
2250 1464 2353 1520 est,
2385 1473 2404 1507 ι
2441 1458 2617 1512 Unum
2651 1473 2751 1527 pro
2796 1460 3045 1514 omnibus
3072 1461 3375 1529 (mortuum,

1817 1547 1875 1592 ut
1913 1542 2002 1610 qui
2032 1543 2239 1607 vivunt,
2271 1560 2374 1599 non
2400 1545 2511 1614 jam
2551 1548 2653 1602 sibi
2694 1549 2891 1613 vivant,
2933 1550 3027 1604 sed
3074 1550 3123 1604 ei
3154 1550 3242 1619 qui
3281 1566 3379 1621 pro

1816 1627 1947 1694 ipsis
1986 1638 2228 1685 mortuus
2282 1641 2382 1697 est,
2418 1642 2473 1687 et.
2519 1636 2813 1691 resurrexit
2837 1638 2903 1694 ³⁸.
2954 1656 2975 1690 ι
3023 1637 3181 1693 Prius
3231 1640 3373 1693 enim

116 1711 237 1761 γον,
276 1699 503 1770 ἀμαθίᾳ
536 1702 632 1755 καὶ
674 1704 852 1774 σκότῳ
897 1712 1315 1779 κεκρατημένοι,
1352 1716 1566 1769 καὶτὸν
1610 1718 1712 1787 τῆς

1817 1734 1975 1787 quam
2013 1722 2291 1791 aﬂ‘ulgeret
2350 1726 2504 1780 nobis
2552 1726 2678 1780 illud
2720 1729 3054 1797 unigenitum
3110 1730 3201 1784 Dei
3241 1730 3375 1784 \‘er-

115 1788 404 1857 ἁμαρτίας
436 1791 657 1862 ἔχοντες
690 1793 875 1862 ζυγὸν,
902 1798 992 1849 καὶ
1016 1799 1347 1867 ἀνάπτοντες
1374 1806 1605 1872 ἀνοσίως
1639 1813 1704 1879 τῇ

1813 1810 1978 1876 bum,
2029 1788 2240 1867 inscitia
2292 1823 2346 1868 et
2402 1816 2637 1871 tenebris
2677 1788 3023 1884 tenebamur,
3068 1827 3123 1872 et
3170 1822 3372 1888 peccati

115 1879 299 1933 κτίσει
329 1883 396 1934 τὸ
430 1884 619 1949 σέϐας,
653 1885 803 1957 παρὰ
833 1886 923 1940 τὸν
952 1890 1176 1962 κτίστην
1203 1894 1298 1947 καὶ
1327 1900 1576 1969 ποιητὴν,
1614 1902 1707 1953 καὶ

1813 1900 1939 1970 jugo
1969 1903 2161 1971 pressi,
2210 1912 2265 1958 et
2295 1914 2556 1960 creaturae
2602 1907 2801 1961 cultum
2840 1908 2999 1975 impie
3044 1879 3369 1976 tribuentes,

114 1972 224 2023 πᾶν
253 1966 406 2035 εἶδος
437 1975 776 2045 φαυλότητος
817 1978 1235 2051 ἀνεπιπλήκτως
1281 1966 1705 2057 ἐπιτηδεύοντες,

111 2062 170 2111 ἐν
221 2060 523 2115 διαστάσει
583 2064 922 2135 διετελοῦμεν
969 2071 1017 2121 οἱ
1065 2071 1315 2137 τάλανες,
1363 2077 1533 2147 ἐχθρά
1574 2096 1710 2149 φρο-

112 2152 343 2214 νοῦντες
394 2152 570 2222 αὐτῷ.
624 2155 1063 2228 Κατηλλάγμεθα
1111 2161 1168 2213 δέ
1206 2162 1294 2215 διὰ
1333 2165 1427 2218 τοῦ
1476 2167 1706 2222 θανάτου

108 2242 202 2294 τοῦ
274 2242 415 2295 Υίοῦ
486 2244 690 2308 αὑτοῦ,
754 2246 895 2301 καθά
948 2250 1279 2320 γέγραπται.
1330 2256 1402 2310 Σὺ
1438 2256 1495 2309 δὲ
1548 2259 1708 2313 πάλιν

108 2334 194 2419 ὲν-
222 2336 458 2403 σμικρῷ
512 2336 805 2405 πεποίησαι
852 2338 1011 2410 λόγῳ,
1060 2342 1120 2395 τὸ
1163 2344 1393 2415 ἀληθές·
1430 2348 1523 2400 καὶ
1573 2350 1709 2419 ἀχά-

109 2417 261 2474 λινον
321 2427 410 2485 εἰς
466 2426 743 2495 ἐξιτηλίαν
790 2430 1104 2499 ἀποφαίνων
1153 2435 1285 2504 ήμῖν
1337 2436 1428 2489 τὸν
1480 2417 1706 2493 σεαυτοῦ

111 2514 315 2581 λόγον,
390 2515 768 2586 κατηλλάχθαι
832 2520 937 2590 φὴς
1004 2524 1080 2593 τῷ
1150 2525 1267 2595 Θεῷ
1314 2529 1405 2580 τὸν
1470 2530 1705 2601 κόσμον,

109 2607 168 2657 ού
203 2606 303 2659 διὰ
348 2623 418 2675 γε
449 2607 547 2659 τοῦ
576 2610 931 2677 Μονογενοῦς,
978 2614 1242 2680 τουτέστι,
1278 2618 1369 2671 τοῦ
1404 2621 1468 2673 ἐκ
1497 2622 1708 2693 Πατρός

112 2697 319 2761 ’.ξύντος
357 2698 559 2766 Λόγου.
606 2700 843 2762 Ἀκούων
884 2702 939 2755 δὲ
989 2704 1219 2758 θάνατον
1250 2708 1342 2760 τοῦ
1394 2710 1545 2775 Υἰοῦ,
1590 2708 1709 2766 εἶτα

112 2789 462 2857 βασανίζων,
504 2791 581 2853 ὡς
621 2793 743 2856 οἴει,
794 2793 1003 2857 λεπτῶς
1051 2797 1152 2860 τὰς
1181 2797 1273 2850 τοῦ
1305 2798 1565 2873 θεηγόρου
1598 2820 1708 2872 φω-

110 2880 231 2943 νὰς,
276 2881 342 2931 ού
382 2881 710 2946 κατέδεισας
748 2886 954 2938 είπείνο
992 2885 1126 2957 [Οὐκ
1175 2887 1300 2959 ἔφη,
1349 2890 1436 2945 διὰ
1476 2892 1570 2950 τοῦ
1611 2894 1710 2947 θα·-

113 2971 280 3021 -ιάτου
311 2969 413 3021 τοῦ
450 2971 587 3023 Θεοῦ
627 2973 850 3043 Λόγου.]
886 2972 1016 3028 Εἶτα
1046 2976 1161 3039 πῶς
1188 2974 1277 3047 ἦν,
1312 2981 1432 3032 είπέ
1472 2999 1584 3051 μοι,
1619 3002 1705 3037 σο-

112 3061 244 3124 φὰς,
315 3059 528 3129 μᾶλλον
593 3061 651 3115 δὲ
716 3064 833 3127 πῶς
887 3065 983 3135 οὑχ
1042 3067 1258 3137 ἁπάσης
1317 3071 1711 3143 ἐμϐροντησίας

112 3152 379 3218 ἔμπλεως
410 3154 438 3205 ὁ
476 3154 681 3207 τοιόσδε
716 3156 907 3222 λόγος;
935 3156 1159 3223 Θανάτῳ
1189 3159 1296 3229 γὰρ
1322 3162 1548 3231 κάτοχον
1577 3167 1708 3218 ἀπο-

112 3242 289 3310 φῆναι
333 3243 440 3314 τὴν
473 3241 641 3314 ζωὴν,
681 3245 798 3308 πῶς
834 3242 902 3316 ἦν
936 3248 1254 3316 ἀκόλουθον;
1295 3252 1416 3303 είπέ
1447 3270 1538 3321 μοι
1565 3271 1578 3287 ο
1616 3256 1709 3307 καὶ

111 3334 210 3401 τῆς
239 3334 313 3384 τὰ
340 3333 532 3386 πάντα
562 3336 933 3407 ζωογονούσης
965 3339 1180 3407 φύσεως
1212 3345 1583 3412 κατηγορῆσαι
1612 3346 1709 3415 τὴν

113 3423 354 3494 ᾳθοράν,
395 3423 519 3485 πῶς
566 3426 665 3476 οὐκ
712 3426 1058 3496 ἀπόπληκτον
1094 3430 1309 3500 κομιδῇ,
1352 3432 1444 3484 καὶ
1490 3434 1587 3503 τῆς
1630 3438 1708 3497 είς

112 3516 267 3583 λῆξιν
297 3514 556 3585 ἡκούσης
587 3516 899 3588 δυσφημίας
943 3519 1217 3589 ἐπίϐλημα
1248 3521 1358 3590 (55)
1396 3524 1589 3590 γένοιτ’
1618 3526 1705 3591 ἂν,

111 3608 208 3657 καὶ
244 3607 404 3676 μάλα
440 3608 699 3673 είκότως;
734 3608 940 3662 Οὐκοῦν
971 3610 1168 3679 ἥκιστα
1201 3612 1298 3681 μὲν
1329 3615 1445 3675 ταῖς
1485 3618 1600 3677 σαῖς
1628 3617 1707 3678 είς

110 3697 274 3749 τοῦτο
300 3699 710 3766 περιεργείαις,
741 3701 913 3768 ἤγουν
933 3703 1330 3771 εἰκαιομυθίαις
1352 3706 1378 3756 ὁ
1406 3706 1514 3757 τῶν
1537 3707 1706 3773 ἁγίων

113 3789 306 3842 ἕπεται
342 3790 510 3852 νοῦ;’
548 3786 655 3843 οἶδε
685 3791 761 3854 δὲ,
799 3789 907 3844 οἶδε
960 3792 1199 3846 παθόντα
1249 3796 1413 3864 σαρκὶ
1456 3796 1521 3847 δι’
1562 3800 1707 3865 ἡμᾶς

111 3879 203 3932 τόν
230 3882 332 3933 τοῦ
398 3881 539 3934 Θεοῦ
580 3884 773 3949 Λόγον,
821 3884 915 3937 καὶ
958 3884 1036 3954 τῷ
1070 3885 1282 3956 θανάτῳ
1310 3886 1404 3940 τοῦ
1441 3889 1570 3940 ἰδίου
1606 3888 1707 3941 σώ-

115 3984 286 4033 ματος
329 3968 646 4037 κεκληκότα
670 3971 759 4022 τὸν
791 3971 992 4041 κόσμον
1018 3974 1096 4034 είς
1126 3973 1417 4042 διαλλαγὰς
1450 3978 1547 4038 τὰς
1572 3980 1705 4047 πρός

112 4058 175 4121 γέ
208 4074 356 4125 φημι
386 4059 481 4109 τὸν
508 4059 567 4108 ἐν
588 4061 698 4119 τοῖς
722 4059 968 4128 οὐρανοῖς
1001 4062 1237 4133 Πατέρα.
1276 4066 1381 4116 Καὶ
1423 4066 1553 4131 γοῦν
1599 4067 1701 4136 ἔφη

115 4164 219 4198 που
253 4148 396 4216 πρὸς
430 4147 530 4200 ἕνα
562 4147 670 4200 τῶν
694 4149 865 4216 ἁγίων
885 4151 1138 4220 μαθητῶν
1162 4154 1286 4216 τοὺς
1305 4153 1491 4221 λόγους
1520 4156 1704 4208 ποιού-

114 4255 303 4304 μενος·
364 4255 385 4287 σ
446 4237 590 4303 Ἐγώ
642 4243 758 4308 είμι
804 4241 1006 4309 ὴόδὸς,
1052 4242 1145 4294 καὶ
1194 4244 1224 4312 ἡ
1276 4242 1500 4312 ἀλήθεια
1544 4246 1701 4314 καὶὴ

113 4329 248 4396 ζωὴ,
284 4329 385 4379 καὶ
421 4326 599 4388 οὐδεὶς
630 4327 847 4397 ἔρχεται
894 4329 1028 4397 πρὸς
1062 4330 1153 4383 τὸν
1181 4332 1399 4400 Πατέρα
1429 4334 1477 4384 εί
1518 4333 1592 4401 μὴ
1636 4333 1701 4383 δι’

1738 3110 1779 3165 C

1814 1989 2001 2063 relicto
2024 2002 2269 2048 creatore
2296 2002 2454 2062 atque
2488 1993 2699 2062 opillce,
2735 2004 2788 2049 et
2814 2010 2976 2051 omne
3014 1996 3373 2064 improbitatis

1814 2097 1984 2150 genus
2009 2082 2177 2137 libere
2206 2092 2495 2151 sectantes,
2529 2086 2581 2139 in
2616 2086 2883 2141 discordia
2903 2087 3100 2142 miseri
3140 2088 3374 2158 degeba-

1815 2188 1956 2237 mus,
1989 2188 2108 2242 qua:
2145 2174 2218 2228 illi
2254 2174 2470 2229 inimica
2498 2184 2654 2231 erant
2682 2186 3030 2244 expetentes;
3062 2177 3155 2231 sed
3183 2192 3375 2231 recon-

1814 2261 1978 2315 ciliati
2020 2277 2205 2318 sumus
2243 2278 2339 2332 per
2385 2273 2609 2319 mortem
2660 2264 2780 2319 Filii
2829 2266 2966 2335 ejus,
3016 2275 3074 2321 ut
3114 2268 3371 2336 scriptum

1813 2364 1896 2408 est
1919 2355 1983 2409 ".
2021 2354 2100 2409 Tu
2142 2370 2271 2410 vero
2298 2365 2516 2420 contra,
2553 2357 2758 2412 minimi
2800 2356 2933 2412 facis
2966 2358 3283 2424 veritatem,
3318 2368 3375 2414 et

1816 2455 1961 2500 tuum
1990 2461 2292 2502 sermonem
2326 2447 2388 2499 ad
2426 2447 2715 2502 vanitatem
2743 2448 3005 2503 effrenato
3039 2464 3199 2504 cursu
3236 2464 3373 2517 prae-

1814 2536 2026 2605 cipitem
2059 2536 2355 2603 proferens,
2391 2538 2642 2591 mundum
2677 2552 2795 2592 esse
2832 2538 2942 2593 Deo
2973 2541 3371 2595 reconciliatum

1816 2627 2035 2691 asseris,
2069 2627 2223 2697 123
2258 2642 2360 2681 non
2391 2636 2569 2681 tamen
2599 2643 2693 2696 per
2732 2627 3096 2698 Unigenitum,
3123 2632 3222 2685 hoc
3254 2641 3372 2695 est,

1814 2732 1909 2785 per
1940 2716 2172 2771 Verbum
2198 2730 2264 2770 ex
2286 2714 2446 2770 Patre
2476 2716 2732 2785 genitum.
2761 2716 2864 2770 Sed
2896 2718 3119 2772 audiens
3146 2728 3371 2773 mortem

1814 2806 1954 2872 Filii,
1982 2807 2172 2861 deinde
2202 2807 2381 2861 verbis
2426 2806 2661 2875 Apostoli
2696 2807 2984 2873 subtiliter,
3023 2816 3082 2861 ut
3126 2809 3241 2877 ipse
3279 2823 3375 2877 pu-

1818 2907 1917 2960 tas,
1954 2896 2295 2959 examinatis,
2328 2910 2432 2949 non
2458 2910 2517 2948 es
2550 2895 2753 2949 veritus
2782 2896 2963 2950 dicere
2993 2912 3006 2948 :
3050 2896 3187 2968 [Non
3218 2897 3371 2965 dixit,

1814 3001 1912 3054 per
1948 2996 2173 3039 mortem
2219 2984 2310 3039 Dei
2355 2984 2564 3056 Verbi.]
2597 2986 2753 3053 Atqui
2800 2984 3067 3052 quomodo
3110 2986 3373 3056 ejusmodi

1816 3076 1991 3129 oratio
2019 3076 2309 3143 prudenter
2337 3074 2515 3128 efferri
2560 3074 2860 3143 potuisset?
2907 3076 3016 3129 imo
3064 3091 3191 3130 vero
3237 3092 3373 3147 quo-

1813 3166 1971 3220 modo
2017 3180 2119 3218 non
2166 3179 2389 3218 summa
2442 3164 2629 3218 fuisset
2675 3165 2897 3219 insaniae
2942 3166 3153 3234 plena‘i'
3200 3167 3373 3235 Ipsam

1809 3255 1953 3310 enim
1990 3255 2152 3308 vitam
2186 3257 2343 3309 morti
2380 3257 2666 3309 obnoxiam
2693 3257 2892 3322 dicere,
2940 3256 3208 3325 quomodo
3240 3258 3375 3312 fuis-

1808 3354 1910 3410 set,
1946 3359 2073 3415 rogo
2106 3355 2177 3409 te,
2206 3345 2586 3413 consequens?
2620 3352 2674 3398 et
2721 3344 2789 3399 de
2835 3356 3023 3400 natura
3068 3347 3377 3403 vivificante

1807 3437 2007 3501 omnia,
2025 3436 2417 3504 corruptionem
2435 3436 2735 3497 enuntiare,
2751 3437 3017 3503 quomodo
3031 3453 3135 3490 non
3154 3452 3376 3493 summa:

1809 3525 2087 3579 dementia:
2110 3524 2276 3578 fuisse
2312 3533 2365 3579 et
2393 3538 2615 3579 summa:
2645 3523 2989 3594 blasphemiae
3030 3527 3231 3579 crimen
3255 3527 3377 3595 jure

1807 3614 2158 3669 censeretur?
2177 3612 2290 3668 Non
2310 3628 2439 3684 ergo
2466 3614 2575 3668 tuis
2593 3614 2645 3667 in
2665 3614 2765 3669 hac
2789 3630 2846 3668 re
2869 3616 3274 3679 subtilitatibus,
3294 3618 3374 3671 vel

1806 3704 1960 3759 vanis
1988 3705 2369 3775 nugationibus
2391 3745 2406 3771 ,
2441 3715 2748 3759 sanctorum
2781 3705 3020 3760 virorum
3050 3707 3260 3760 animus
3290 3722 3379 3761 as-

1806 3795 2057 3858 sentitur,
2072 3794 2164 3849 sed
2193 3794 2443 3863 intelligit
2469 3810 2690 3863 prorsus
2709 3794 2801 3851 Dei
2826 3794 3057 3850 VerbUm
3076 3810 3238 3850 carne
3254 3808 3377 3865 pro-

1805 3894 1925 3956 pter
1950 3900 2046 3939 nos
2072 3899 2320 3953 passum;
2345 3895 2398 3939 et
2420 3893 2590 3940 morte
2627 3886 2826 3954 proprii
2851 3888 3093 3956 corporis
3116 3887 3373 3941 mundum

1806 3979 1871 4029 ad
1903 3974 2351 4029 reconciliandam
2384 3989 2505 4028 cum
2535 3975 2694 4030 Patre
2730 3977 2820 4044 qui
2868 3976 2923 4030 in
2971 3976 3122 4031 cmlis
3159 3986 3241 4031 est
3281 3991 3374 4045 pa-

1805 4080 1942 4127 cem,
1974 4078 2217 4118 vocasse.
2243 4063 2427 4133 Itaque
2456 4079 2578 4119 cum
2609 4064 2889 4135 quemdam
2920 4081 2949 4120 e
2980 4066 3180 4121 sanctis
3219 4066 3375 4122 disci-

1806 4156 1942 4224 pulis
1976 4155 2358 4223 alloqueretur,
2388 4154 2521 4208 dixit
2550 4172 2563 4209 ε
2609 4173 2628 4206 ι
2662 4155 2773 4225 Ego
2802 4170 2917 4209 sum
2949 4157 3061 4219 via,
3092 4158 3289 4211 veritas
3317 4167 3373 4211 et

1804 4247 1910 4298 vita
1941 4253 1996 4300 et
2016 4260 2170 4297 nemo
2187 4245 2414 4298 venitad
2445 4243 2657 4298 Patrem
2685 4246 2784 4299 nisi
2811 4260 2904 4313 per
2925 4261 3009 4300 me
3030 4246 3093 4298 ³⁸.
3122 4264 3140 4297 ι
3159 4248 3372 4303 Veritas

1807 4344 1987 4387 autem
2015 4335 2197 4387 etvita
2233 4344 2287 4388 et
2334 4335 2418 4387 via
2471 4337 2716 4403 quisnam
2765 4335 2835 4388 sit
2882 4335 3039 4400 alius,
3080 4336 3181 4390 nisi
3240 4336 3371 4389 illud

114 4418 267 4484 ἐμοῦ.
315 4436 335 4469 ι
396 4417 654 4487 Ἀλήθεια
686 4418 763 4480 δὲ,
796 4420 887 4470 καὶ
924 4420 1054 4491 ζωὴ,
1085 4422 1177 4473 καὶ
1204 4421 1338 4485 ὁδὸς,
1372 4423 1455 4485 τίς
1496 4423 1562 4475 ἂν
1592 4425 1704 4475 ἓτε-

1814 4425 2045 4477 Verlium
2078 4438 2141 4477 ex
2169 4424 2325 4478 Patre
2352 4429 2614 4493 genitum,
2655 4427 2869 4478 tametsi
2902 4426 3069 4479 nostri
3098 4424 3270 4479 simile
3301 4428 3374 4480 sit

115 4525 207 4575 ρος
232 4510 340 4576 εἴη,
385 4509 545 4576 παρὰ
590 4525 653 4574 γε
682 4509 772 4561 τὸν
818 4511 881 4561 ἐκ
923 4510 1054 4563 Θεοῦ
1084 4512 1254 4580 φύντα
1299 4514 1488 4581 Λόγον,
1528 4517 1575 4567 εί
1614 4517 1706 4568 καὶ

112 4599 302 4664 γέγονε
338 4598 469 4651 καθ’
506 4600 654 4667 ἡμᾶς
688 4601 900 4669 μορφὴν
931 4600 1114 4654 δούλου
1154 4602 1351 4656 λαϐών.
1391 4605 1508 4657 Ὅτι
1539 4605 1593 4657 δὲ
1638 4605 1703 4656 δι’

114 4690 272 4741 αὑτοῦ
307 4690 468 4751 θείας
518 4688 737 4757 φύσεως
783 4691 1209 4763 ἀποδεδείγμεθα
1239 4696 1503 4758 κοινωνοὶ,
1535 4697 1629 4747 καὶ
1656 4698 1704 4747 oi

114 4780 241 4830 ποτέ
299 4781 463 4840 ὄντες
522 4782 772 4850 μακρὰν,
832 4782 1133 4853 γεγόναμεν
1181 4786 1367 4852 ἐγγὺς,
1428 4786 1703 4855 ἐνούμενοι

115 4872 385 4936 σχετικῶς
427 4871 494 4922 δι’
529 4869 694 4922 αὑτοῦ
722 4871 800 4942 τῷ
841 4873 1034 4940 Πατρὶ,
1066 4874 1160 4925 καὶ
1200 4875 1305 4944 μὴν
1336 4876 1426 4927 καὶ
1458 4874 1705 4944 ἀλλήλοις

113 4964 189 5023 ὡς
238 4967 296 5014 ἐν
340 4963 530 5013 πίστει
581 4963 678 5031 μιᾷ
725 4962 817 5013 καί
858 4960 1125 5031 ὁμοψυχίᾳ
1174 4962 1261 5013 διὰ
1302 4962 1361 5014 τὸ
1412 4963 1528 5026 ἐνὸς
1576 4980 1703 5032 μετ-

116 5056 414 5123 εσχηκέναι
448 5053 782 5121 πνεύματος,
818 5048 975 5113 αὐτὸς
1009 5051 1548 5120 πιστώσεται,λέγων
1571 5054 1705 5122 πρὸς

192 5232 231 5262 λε
270 5231 456 5285 Galat.
504 5244 566 5294 ιι,
606 5228 671 5282 t9
703 5229 793 5281 at.
871 5228 915 5258 λε
948 5227 987 5279 ιι
1028 5229 1153 5283 Cor.
1185 5245 1235 5295 γ,
1280 5228 1360 5284 15.

1812 4515 2010 4569 factum
2052 4516 2191 4567 servi
2242 4514 2411 4567 forma
2444 4515 2739 4583 suscepta?
2774 4514 2905 4569 Esse
2927 4524 3115 4569 autem
3152 4529 3249 4568 nos
3277 4531 3374 4583 per

1814 4607 1988 4675 ipsum
2019 4605 2237 4659 cﬂ‘ectos
2268 4606 2459 4658 divinae
2483 4614 2690 4659 naturae
2724 4614 3002 4659 consortes
3029 4605 3094 4669 ³⁸,
3123 4615 3177 4658 et
3201 4605 3372 4660 factos

1813 4711 1979 4765 prope
2018 4699 2105 4763 qui
2147 4697 2301 4765 longe
2332 4696 2458 4749 olim
2507 4708 2743 4757 eramus,
2779 4696 2902 4747 dum
2935 4708 3029 4761 per
3061 4694 3233 4761 ipsum
3266 4692 3370 4745 Pa-

1814 4787 1878 4839 tri
1906 4802 2001 4855 per
2030 4787 2279 4841 affectum
2309 4796 2362 4839 et
2390 4785 2758 4841 habitudinem
2781 4822 2796 4847 ,
2829 4793 2988 4851 atque
3030 4785 3191 4837 etiam
3233 4784 3375 4837 inter

1812 4894 1908 4932 nos
1935 4894 2028 4946 per
2056 4893 2219 4932 unam
2250 4877 2407 4931 ﬁdem
2431 4886 2485 4930 et
2510 4875 2853 4929 concordiam
2878 4874 3114 4939 unimur,
3139 4889 3204 4928 eo
3229 4876 3371 4943 quod

1810 4984 1995 5022 sumus
2035 4970 2192 5021 unius
2222 4968 2443 5035 spiritus
2477 4965 2604 5018 facti
2636 4965 2941 5032 participes,
2972 4965 3084 5034 ipse
3107 4963 3263 5019 Iidem
3291 4963 3372 5018 fa-

1813 5059 1937 5122 ciet,
1963 5057 2149 5110 dicens
2181 5056 2244 5110 ad
2284 5056 2497 5110 Patrem
2537 5070 2601 5109 ac
2634 5054 2798 5107 Deum
2828 5054 2917 5121 qui
2960 5062 3045 5109 est
3087 5052 3141 5107 in
3174 5052 3323 5107 caelis
3354 5068 3367 5105 :

1430 5230 1472 5261 ³⁷
1514 5231 1669 5285 Rom.
1708 5248 1756 5283 v.
1793 5233 1880 5286 10.
1957 5232 1999 5262 ³⁸
2040 5231 2196 5287 Joan.
2227 5248 2336 5298 xiv,
2370 5232 2419 5285 ti.
2500 5232 2543 5263 δ’
2576 5229 2615 5285 Il
2657 5231 2797 5286 Petr.
2834 5247 2873 5297 ι,
2910 5231 2964 5288 ι.

1400 5382 1555 5437 ΛΝΤ.
1599 5383 1869 5438 AGELLII
1912 5382 2144 5437 ΝΟΤἉΕ.

195 5545 304 5609 (55}
342 5542 510 5594 Forte
558 5540 858 5609 ἐπίκλημα,
891 5538 992 5591 hoc
1033 5548 1116 5592 est
1168 5539 1394 5602 crimen;
1426 5540 1568 5592 haud
1613 5541 1694 5592 in-

1802 5542 2042 5616 castvtb;
2069 5542 2167 5611 τῆς
2202 5540 2471 5616 ἀληθείας
2494 5543 2889 5616 -κατειρηκόσι,
2921 5543 3231 5616 quibusdam
3271 5563 3366 5616 pro

127 5627 273 5665 sueta
306 5611 521 5665 auctori
554 5625 678 5673 vox,
709 5626 816 5678 qua
865 5610 1126 5682 υ-ιίψιχίιιΔ
1158 5609 1257 5682 hac
1300 5609 1696 5682 signiﬁcatione
1804 5614 2018 5666 crimine
2054 5609 2229 5682 objicit
2258 5609 2409 5681 quasi
2436 5609 2689 5666 adversus
2710 5609 2976 5669 ueritatem
3000 5614 3248 5670 dixerint.

129 5682 228 5735 hoc
262 5684 453 5737 eodem
504 5672 672 5747 libro,
706 5672 829 5749 pag.
884 5672 1001 5745 152,
1034 5676 1311 5749 ἐπίκλημα
1352 5672 1409 5731 δὲ
1466 5680 1693 5733 ποιεῖταί
