4040 6442
3807 312 3934 366 ἓ.ιό

649 355 753 408 215
1635 351 1692 399 3.
1733 344 2017 401 CYRILLI.
2048 341 2255 396 Αιειιι

2357 338 2516 394 DRINI
2554 335 2875 393 ΑΒΟΙΙΙΕΙ).

658 487 676 520 ι
718 466 832 521 Non
872 480 967 535 pro
1003 464 1089 519 liis
1132 470 1338 519 tantum
1390 478 1545 534 rogo,
1585 463 1676 517 sed
1715 462 1875 516 etiam
1897 475 1994 530 pro
2023 459 2091 514 iis
2135 457 2222 527 qui

2361 458 2418 511 bv
2439 460 2496 510 ἐν
2524 455 2775 525 οὐρανοῖς
2808 451 3029 521 Πατέρα
3055 449 3146 502 καὶ
3172 446 3305 501 Θεόν
3327 461 3338 472 ·
3377 460 3405 494 ι
3439 441 3512 494 Οὐ
3546 440 3674 510 περὶ
3702 436 3934 535 τούτων

652 559 1001 615 crediderunt
1041 564 1258 626 propter
1313 569 1617 610 sermonem
1666 567 1852 608 eorum
1898 552 1952 604 in
2005 565 2110 612 me,
2165 558 2223 603 ut

2357 549 2380 602 ἐ
2416 545 2603 618 ἐρωτῶ
2654 545 2833 614 μόνον,
2869 539 3003 595 ἀλλὰ
3036 537 3130 592 καὶ
3177 535 3304 606 περὶ
3347 529 3456 585 τῶν
3503 525 3936 626 πιστευσάντων

654 662 844 703 omnes
871 662 1036 710 unum
1069 646 1200 708 sint,
1237 644 1380 700 sicut
1412 653 1492 708 tu,
1528 644 1711 706 Pater,
1745 641 1798 695 in
1825 653 1936 706 me,
1968 647 2024 694 et
2042 652 2141 707 ego
2168 638 2221 692 in

2358 640 2415 694 ιὰ
2448 608 2553 690 ’τοῦ
2587 608 2744 703 λόγου
2789 631 2968 686 αὐτῶν
3012 629 3092 692 εἰς
3133 626 3253 697 ἐμὲ,
3291 624 3377 677 ἵνα
3426 623 3628 680 πάντες
3673 616 3731 669 ἐν
3785 608 3932 674 ὦσι,

658 749 731 802 te,
761 745 818 790 ut
854 739 1015 789 etiam
1052 735 1153 804 ipsi
1197 735 1249 788 in
1301 735 1455 788 nobis
1489 747 1653 786 unum
1699 705 1850 784 Vsint:
1898 705 1958 782 ut
1995 705 2225 782 mundus

2357 727 2511 791 ιαθὼς
2535 729 2621 790 σὺ,
2647 726 2851 794 Πάτερ,
2881 719 3102 791 ἐνζέμοὶ,
3126 715 3280 785 κὰγὼ
3310 716 3366 767 ἐν
3395 713 3496 767 σοιῖ⁸
3518 711 3604 764 ἵνα
3631 710 3728 762 καὶ
3755 705 3937 761 αὐτοὶ

657 829 868 899 credat,
902 826 1025 896 quia
1058 836 1110 879 tu
1144 839 1228 879 me
1261 823 1479 878 misisti.
1512 824 1577 878 Et
1605 837 1705 893 ego
1731 820 2029 876 claritatem
2065 833 2224 887 quam

2359 838 2386 873 ν
2423 822 2556 891 ἡμῖν
2589 817 2646 870 ἐν
2683 810 2836 878 ὦσιν,
2869 812 2957 865 ἵνα
2988 812 3015 864 ὁ
3047 809 3250 878 κόσμος
3283 802 3571 872 πιστεύσῃ.
3605 802 3687 854 ὃτι
3735 797 3802 851 σύ
3854 813 3939 866 με

658 889 1040 976 dedistirmibi.
1093 916 1218 971 dedi
1261 918 1362 982 eis,
1424 925 1480 973 ut
1537 889 1661 970 sint.
1699 928 1888 968 omum.
1942 912 2082 965 sicut
2131 922 2230 966 nos

2357 889 2689 972 [πέστειλαςο
2741 904 2896 973 κάγὼ
2938 904 3036 973 τὴν
3070 901 3227 966 δόξαν
3257 900 3325 969 ἣν
3370 894 3611 956 δέδωκάς
3661 889 3940 982 μοιμδέ-

661 1026 847 1075 unum,
886 1019 942 1064 et
967 1023 1065 1078 ego
1095 1007 1149 1062 in
1188 1006 1287 1063 eis.
1315 1015 1371 1060 et
1398 1017 1452 1057 tu
1488 1007 1542 1058 in
1578 1017 1682 1068 me,
1729 1013 1789 1057 ut
1823 1003 1934 1055 sint
1973 1013 2230 1053 consum-

660 1101 790 1153 mati
828 1101 883 1153 in
916 1113 1078 1151 unum
1103 1097 1169 1151 ⁸ο.
1217 1115 1235 1148 ι
1290 1094 1531 1163 lntellige
1568 1094 1730 1161 igitur
1764 1090 1906 1162 quod
1954 1090 2068 1159 ipse
2107 1087 2230 1156 qui-

661 1191 783 1244 dem
829 1191 885 1244 in
929 1202 1029 1243 suo
1077 1188 1239 1242 Patre
1283 1188 1352 1241 sit
1399 1185 1736 1251 naturaliter,
1795 1183 2059 1236 mediator
2106 1190 2234 1231 vero

663 1290 824 1348 atque
876 1279 1193 1334 conciliator
1241 1277 1584 1342 constitutus,
1637 1291 1702 1330 eo
1742 1275 1882 1344 quod
1935 1273 2110 1327 factus
2152 1278 2235 1325 est

664 1369 820 1424 nobis
851 1368 1063 1422 similis.
1099 1366 1155 1421 ln
1197 1367 1350 1421 nobis
1391 1373 1495 1433 est,
1543 1375 1653 1419 tum
1693 1380 1788 1433 per
1823 1376 1974 1418 suam
2016 1375 2232 1416 carnem

667 1475 789 1530 quae
822 1475 920 1514 nos
949 1459 1187 1514 vivificat
1218 1461 1268 1513 in
1328 1459 1538 1525 spiritu,
1589 1465 1701 1511 tum
1750 1470 1847 1524 per
1901 1452 2234 1509 consortium

667 1547 976 1605 sanctitatis
1028 1547 1166 1616 ejus,
1204 1546 1456 1600 nimirum
1509 1559 1627 1599 eam
1663 1559 1781 1612 qua:
1834 1557 1928 1610 per
1977 1541 2236 1609 Spiritum

667 1646 916 1690 sanctum
956 1635 1270 1708 acquiritur.
1307 1634 1546 1688 Postulat
1578 1641 1755 1687 autem
1781 1647 1810 1685 a
1850 1630 2010 1685 Patre
2057 1628 2238 1698 gloria:

669 1741 735 1781 ac
772 1726 981 1780 decoris
1008 1726 1144 1786 loco.
1177 1733 1235 1779 ut
1258 1741 1412 1780 suam
1439 1723 1597 1778 nobis
1623 1735 1872 1777 naturam
1898 1723 2236 1792 perspicuam

2330 1006 2478 1058 δωκα
2512 1001 2714 1062 αὐτοῖς,
2747 999 2833 1051 ἵνα
2864 989 2994 1049 ὣσιν
3030 993 3108 1055 ἓν,
3149 988 3332 1053 καθὼς
3363 988 3526 1058 ἡμεῖς
3560 984 3636 1048 ἓν,
3668 980 3833 1050 κάγὼ
3866 982 3940 1033 ἐν

2334 1097 2536 1157 αὐτοῖς.
2568 1092 2662 1145 καὶ
2693 1091 2755 1143 σὺ
2806 1090 2864 1140 ἐν
2909 1083 3189 1157 archiva.
3230 1074 3332 1134 ὦσι
3375 1073 3790 1142 τετελειωμένοι
3843 1071 3944 1131 εἰς

2334 1187 2412 1240 ἐν.
2455 1203 2473 1236 ι
2507 1182 2671 1239 Σύνες
2702 1175 2794 1233 οὖν
2827 1179 2994 1240 ὅπως,
3043 1173 3201 1236 αὐτὸς
3249 1170 3348 1242 μὲν
3398 1168 3510 1220 ἔστι
3563 1161 3811 1235 φυσικῶς
3864 1161 3941 1212 ὲν

2334 1277 2413 1347 τῷ
2449 1275 2562 1344 ἰδίῳ
2613 1270 2808 1342 “arpi,
2854 1267 3079 1338 μεσίτης
3120 1265 3178 1318 δὲ
3220 1261 3313 1315 καὶ
3352 1255 3678 1324 διαλλακτὴς
3721 1252 3944 1307 ἄποδα-

2335 1344 2615 1437 δε-ιγμένος
2639 1362 2728 1415 διὰ
2765 1359 2858 1418 τοῦ
2890 1358 3162 1428 γενέσθαι,
3183 1354 3301 1407 καθ’
3330 1351 3477 1420 ἡμᾶς
3499 1363 3511 1376 °
3530 1349 3590 1399 ἐν
3613 1346 3746 1415 ἡμῖν
3778 1344 3940 1437 ἐστι,

2336 1431 2515 1513 διά-τε
2546 1456 2644 1525 τῆς
2679 1453 2816 1515 ιδίας
2856 1449 3056 1521 σαρκὸς
3089 1443 3459 1512 ζωοποιούσης
3487 1438 3633 1509 ἡμᾶς
3661 1437 3719 1488 ἐν
3755 1431 3945 1525 πνεῦ-

2342 1566 2493 1620 ματι,
2525 1521 2619 1600 καῖ
2646 1544 2735 1599 διὰ
2779 1541 2872 1596 τοῦ
2916 1539 3236 1611 μταλαχεῖν
3271 1535 3374 1604 τῆς
3403 1521 3942 1620 ἁγιότητος-αὐτοῦ,

2339 1617 2495 1709 δῆλον
2527 1637 2584 1690 δὲ
2624 1637 2706 1690 ὅτι
2753 1631 2914 1688 πάλιν
2952 1632 3050 1701 τῆς
3093 1628 3180 1682 διὰ
3230 1627 3324 1679 τοῦ
3372 1623 3527 1691 ἁγίου
3579 1617 3945 1709 Πνεύματος.

2342 1705 2493 1785 Αίτεῖ
2525 1729 2580 1782 δι
2620 1727 2695 1789 ὡς
2727 1724 2884 1791 δόξαν
2915 1722 3063 1792 παρὰ
3113 1718 3325 1788 Πατρδς
3355 1715 3414 1768 τδ
3459 1711 3557 1782 τὴν
3603 1708 3738 1762 ιδιαν
3785 1705 3962 1775 ἡμῖν,

669 1813 858 1876 faciat,
892 1812 1034 1882 quod
1069 1812 1279 1868 scilicet
1330 1813 1397 1866 sit
1446 1813 1773 1877 vivificator,
1802 1821 1857 1865 et
1895 1811 2241 1879 corruptione

2357 1821 2547 1892 εναργῆ
2588 1815 2929 1885 καταστῆσαι.
2966 1812 3150 1882 φύσιν,
3181 1811 3262 1863 ὅτι
3300 1824 3359 1860 τε
3390 1807 3476 1875 εἴη
3512 1800 3796 1867 ξωοποιδς,
3831 1798 3947 1851 καὶ

671 1905 917 1974 superior
946 1913 1201 1973 tanquam
1236 1905 1395 1968 Deus,
1439 1905 1619 1973 itaque
1657 1918 1845 1958 rursus
1867 1902 2002 1957 dixit
2036 1920 2048 1954 :
2080 1921 2098 1954 ι
2131 1901 2241 1969 Ego

2357 1891 2547 1983 ρθορᾶς
2601 1907 2841 1979 ἀμείνων
2883 1905 2956 1969 ὡς
3003 1903 3156 1965 Θεός.
3215 1899 3326 1954 Καὶ
3375 1897 3510 1966 γοῦν
3557 1893 3680 1983 ἐφηᾼ
3721 1891 3940 1983 πάλιν·

672 2005 727 2051 te
749 1995 1038 2050 clarificavi
1069 2007 1232 2062 super
1272 2002 1494 2058 terram,
1527 1994 1688 2066 124
1714 2009 1848 2065 Opus
1871 1994 2240 2049 consummavi

2357 1979 2366 2057 ἑ
2415 1979 2556 2070 Ἓγώ
2586 2017 2646 2053 σε
2683 1998 2907 2061 ἐδόξασα
2929 1995 3020 2048 ἐπὶ
3048 1993 3148 2061 τῆς
3174 1993 3298 2061 γῆς.
3329 1988 3389 2041 τὸ
3419 1986 3578 2057 ἔργον
3609 1979 3942 2044 τελειώσας,

671 2087 816 2156 quod
843 2085 1042 2141 dedisti
1073 2085 1207 2142 milii
1249 2093 1306 2138 ut
1343 2085 1536 2140 faciam
1571 2104 1585 2140 :
1615 2096 1670 2140 et
1709 2101 1850 2139 nunc
1879 2085 2111 2140 clarifica
2160 2097 2245 2138 me

2357 2094 2371 2146 l
2399 2091 2637 2157 δέδωκάς
2679 2105 2769 2159 μοι
2802 2087 2889 2140 ἵνα
2935 2085 3180 2154 ποιήσω·
3231 2081 3326 2134 καὶ
3358 2077 3454 2130 νῦν
3480 2072 3702 2139 δόξασόν
3736 2089 3806 2142 με
3839 2070 3942 2131 σὺ,

673 2184 750 2238 ιιι,
787 2175 970 2242 Pater,
1010 2177 1151 2244 apud
1183 2175 1562 2243 temetipsum,
1603 2175 1846 2235 claritate
1888 2190 2048 2243 quam
2084 2174 2242 2228 habui

674 2277 966 2336 antequam
999 2268 1230 2321 mundus
1257 2266 1432 2331 ﬁeret,
1479 2267 1618 2336 apud
1652 2275 1700 2319 te
1728 2267 1793 2318 δ’.
1831 2285 1850 2319 ι
1885 2265 2034 2334 Opus
2065 2273 2246 2319 autem

675 2368 1110 2415 consummatum
1139 2371 1328 2412 sumus
1351 2371 1471 2421 nos,
1503 2365 1758 2425 tanquam
1783 2358 1833 2409 in
1859 2357 1972 2425 ipso
1995 2363 2049 2412 et
2071 2356 2246 2423 primo

677 2448 964 2504 vincentes
998 2448 1434 2517 corruptionem,
1469 2455 1526 2502 et
1551 2446 1825 2501 calcantes
1850 2447 2042 2500 mortis
2075 2445 2247 2514 impe-

679 2537 845 2603 rium,
893 2537 1092 2592 revixit
1144 2539 1288 2592 enim
1342 2552 1409 2592 ex
1457 2537 1709 2600 mortuis,
1748 2536 2027 2592 universos
2076 2535 2130 2589 in
2192 2547 2250 2588 se

679 2631 983 2684 continens.
1013 2627 1118 2684 Sed
1151 2637 1204 2683 tu
1233 2629 1348 2684 haec
1376 2631 1540 2684 verba
1578 2629 1631 2682 in
1659 2627 1816 2682 aliam
1843 2627 2071 2682 fortasse
2095 2625 2250 2680 intel-

681 2720 957 2789 ligentiam
993 2719 1344 2789 detorquens,
1388 2734 1492 2773 non
1524 2723 1590 2774 de
1616 2720 1724 2774 Deo
1753 2718 1929 2774 Verbo
1955 2718 2071 2772 hmc
2095 2716 2254 2770 intel-

681 2809 894 2881 ligenda
924 2825 1137 2877 censes,
1172 2812 1265 2866 sed
1294 2811 1364 2867 ab
1385 2810 1478 2865 illo
1507 2809 1784 2873 auferens,
1817 2819 1871 2864 et
1907 2807 2132 2864 seorsim
2167 2822 2254 2862 se—

682 2915 880 2971 parans
907 2914 1030 2955 cum
1062 2900 1154 2970 qui
1178 2910 1260 2956 est
1283 2901 1350 2955 de
1383 2907 1567 2956 sancta
1602 2899 1823 2970 Virgine
1854 2898 2097 2968 genitus,
2134 2903 2254 2950 tan-

683 3005 844 3060 quam
885 2989 1048 3050 alium
1079 2990 1271 3052 filium,
1301 2990 1376 3044 illi
1409 2991 1522 3045 haec
1565 2989 1690 3043 talia
1727 2989 2020 3044 convenire
2051 2996 2100 3040 et
2141 2987 2256 3055 ipse

685 3080 940 3145 aﬂirmas,
989 3089 1046 3134 et
1097 3081 1216 3134 aliis
1249 3088 1303 3134 et
1349 3080 1513 3135 etiam
1553 3079 1880 3148 persuadere
1925 3075 2173 3140 conaris,
2200 3083 2258 3128 ut

686 3169 875 3225 eadem
910 3177 1085 3223 tecum
1113 3177 1168 3221 et
1199 3167 1436 3223 sentiant
1469 3175 1528 3224 et
1551 3166 1860 3237 loquantur.
1888 3167 1965 3220 Ac
1994 3167 2150 3235 plane
2180 3163 2258 3216 di-

687 3272 800 3324 ces,
832 3259 1168 3327 unigenitum
1207 3257 1298 3314 Dei
1327 3255 1586 3322 Verbum,
1609 3273 1730 3313 cum
1766 3258 1838 3313 sit
1868 3258 2125 3312 Dominus
2146 3255 2261 3324 glo-

690 3349 804 3412 riae,
836 3364 1110 3418 nunquam
1141 3357 1394 3418 tanquam
1431 3349 1614 3419 gloriae
1646 3350 1883 3418 inopem,
1916 3347 2062 3401 illam
2096 3360 2127 3400 a
2161 3345 2260 3400 Pa-

690 3449 772 3500 tre
799 3440 966 3494 fuisse
998 3441 1317 3509 petiturum.
1355 3440 1556 3510 Accipe
1598 3441 1762 3509 igitur
1792 3440 1952 3495 etiam
1983 3454 2013 3492 a
2061 3439 2256 3493 nobis:

690 3529 735 3583 si
769 3545 873 3583 non
919 3530 1095 3599 ipsum
1127 3544 1252 3586 esse
1281 3529 1416 3590 dicis
1443 3530 1592 3586 illum
1619 3545 1686 3585 ex
1708 3529 1817 3586 Deo
1846 3530 2137 3587 secundum
2169 3543 2264 3582 na-

691 3631 866 3674 turam
889 3619 1084 3675 Filium
1113 3621 1470 3691 unigenitum,
1505 3622 1595 3691 qui
1627 3622 1680 3676 in
1721 3623 1806 3678 his
1830 3621 2010 3676 verbis
2037 3619 2262 3690 gloriam

691 3724 722 3766 a
751 3708 913 3765 Patre
943 3711 1196 3779 postulet,
1244 3711 1369 3780 quis
1420 3726 1550 3781 ergo
1595 3712 1682 3766 ille
1724 3721 1842 3766 erat
1868 3710 1960 3782 qui
2002 3710 2260 3764 dicebat:

696 3821 729 3862 ι
774 3801 1029 3857 Clariﬁca
1088 3816 1175 3857 me
1230 3803 1478 3858 claritate
1529 3816 1691 3869 quam
1752 3801 1914 3856 habui
1973 3811 2264 3870 antequam

698 3893 929 3948 mundus
961 3893 1136 3958 fleret,
1167 3893 1306 3962 apud
1345 3893 1442 3947 te?
1484 3911 1502 3944 ι
1534 3892 1632 3950 Dic
1663 3906 1793 3963 ergo
1823 3892 1956 3947 mihi
1977 3931 1993 3956 ,
2031 3906 2266 3960 quonam

693 3989 854 4058 modo
887 3988 977 4043 ille
1008 4002 1076 4042 ex
1100 3997 1286 4044 sancta
1304 3986 1547 4056 Virgine,
1575 3986 1758 4050 homo,
1790 3994 1849 4040 ut
1887 3995 1941 4039 tu
1976 3983 2228 4055 intelligis
2248 4023 2265 4049 ,

692 4082 923 4137 seorsim.
988 4082 1223 4150 positus,
1267 4089 1390 4134 ante
1439 4077 1698 4132 mundum
1746 4076 1907 4132 erat?
1954 4076 2144 4129 Annon
2191 4074 2267 4128 illi

693 4173 1008 4229 seculorum
1052 4171 1330 4226 conditori.
1362 4169 1614 4225 convenit
1660 4170 1860 4223 mundo
1906 4167 2265 4237 antiquiorem

693 4263 893 4319 habere
942 4261 1373 4324 subsistentiam,
1429 4268 1486 4314 et
1533 4258 1680 4312 Patri
1724 4260 2090 4315 coaeternam?
2122 4268 2269 4317 certe

693 4371 856 4412 nemo
901 4368 1068 4410 sanus
1114 4352 1394 4409 dubitarit.
1455 4349 1681 4415 Quando
1729 4365 1859 4420 ergo
1915 4350 2264 4419 semetipsum

2347 2185 2552 2254 Πάτερ,
2581 2181 2730 2250 παρὰ
2779 2176 2987 2244 σεαυτῷ
3018 2177 3082 2245 τῇ
3113 2171 3238 2242 δόξῃ
3374 2164 3520 2238 εἶχον
3565 2164 3672 2236 πρὸ
3700 2160 3796 2218 τοῦ
3822 2159 3949 2254 ⁸τὸν

2350 2249 2552 2343 κόσμον
2586 2249 2749 2333 εἶναι,
2786 2266 2938 2338 παρὰ
2972 2264 3074 2318 σοί.
3115 2281 3133 2316 ι
3179 2263 3381 2332 Ἔργον
3413 2259 3470 2310 δὲ
3507 2249 3947 2343 τετελειωμένον

2349 2338 2513 2431 ἐσμέν
2538 2360 2719 2430 ἡμεῖς,
2747 2356 2824 2419 ὡς
2855 2356 2913 2407 ἐν
2942 2351 3089 2422 αὑτῷ
3129 2350 3224 2404 καὶ
3255 2345 3456 2417 πρώτῳ
3492 2343 3756 2403 νικῶντες

2353 2426 2470 2522 ραν,
2513 2426 2609 2504 καὶ
2633 2449 2694 2501 τὸ
2730 2445 2825 2499 τοῦ
2865 2445 3100 2498 Θανάτου
3130 2437 3425 2500 πατοῦντες
3461 2437 3694 2506 κράτος·
3730 2426 3950 2484 ἀνεϐίω

2349 2519 2457 2611 γὰρ
2505 2541 2570 2592 ἐκ
2607 2536 2837 2607 νεκρῶν,
2866 2535 3076 2595 πάντας
3123 2530 3259 2599 ἔχων
3306 2529 3363 2580 ἐν
3409 2524 3610 2593 ἑαυτῷ.
3656 2519 3797 2573 Ἀλλ’
3843 2519 3946 2585 ἐφ’

2352 2631 2543 2702 ἐτέρας
2573 2630 2702 2690 ἴσως
2732 2627 2942 2688 ἐννοίας
2994 2619 3343 2691 ἁποκομίζων
3378 2617 3440 2671 τὸ
3473 2613 3782 2687 εἰρημένον,
3831 2612 3948 2702 οὐκ

2352 2700 2454 2778 ἐπί.
2488 2738 2550 2789 γε
2595 2718 2684 2772 τοῦ
2721 2716 2856 2771 Θεοῦ
2905 2715 3081 2782 Λόγου
3125 2712 3284 2766 ταυτὶ
3329 2709 3393 2780 δὴ
3450 2707 3646 2778 χρῆναι
3692 2700 3946 2758 νοεῖσθαι

2354 2811 2533 2883 φαμέν
2567 2809 2677 2881 [ῑσ.
2711 2807 2814 2878 φὴς
2841 2805 2994 2878 μένΓ
3028 2803 3319 2873 ἀποφέρων
3349 2801 3404 2853 δὲ
3449 2796 3614 2852 αὑτοῦ
3639 2797 3733 2850 καὶ
3761 2795 3948 2856 τιθεὶς

2354 2903 2456 2958 ἁνὰ
2485 2902 2647 2972 μέρος
2675 2900 2769 2952 τὸν
2817 2900 2882 2951 ἐκ
2905 2897 3003 2965 τῆς
3027 2895 3188 2962 ἁγίας
3217 2890 3498 2960 Παρθένου
3532 2886 3948 2957 γεγεννημένον

2355 2995 2431 3056 ὡς
2473 2993 2658 3061 ἓτερον
2686 2990 2822 3054 υἱδν,
2857 2984 3006 3056 αὑτῷ
3053 2983 3121 3038 τὰ
3168 2982 3347 3037 τοιάδε
3390 2981 3622 3053 πρέπειν
3663 2995 3724 3031 τε
3771 2975 3948 3038 αὐτὸς

2356 3083 2674 3146 διαϐεϐαιοῖ,
2711 3079 2805 3134 καὶ
2837 3078 2942 3150 μὴν
2971 3077 3064 3129 καὶ
3101 3075 3319 3145 ἑτέρους
3346 3071 3661 3127 ἀναπείθειν
3712 3066 3946 3138 ἐπείγῃ,

2359 3173 2534 3229 ταῦτά
2570 3173 2682 3244 [Ion
2729 3169 2925 3241 ταυτά]
2966 3186 3049 3222 σοι
3095 3167 3312 3239 φρονεῖν
3354 3163 3449 3217 καὶ
3494 3163 3698 3231 λέγειν.
3759 3158 3949 3228 Ἐρεῖς

2360 3267 2417 3321 δέ
2441 3283 2544 3320 που
2575 3264 2811 3326 πάντως,
2843 3261 2925 3314 ὅτι
2952 3260 3054 3331 τῆς
3077 3259 3233 3328 δόξης
3254 3255 3455 3326 Κύριος
3481 3254 3558 3307 ὢν
3587 3255 3616 3307 δ
3640 3247 3948 3322 μονογενὴς

2361 3358 2454 3412 τοῦ
2479 3355 2615 3410 Θεοῦ
2649 3354 2842 3422 Λόγος,
2871 3354 2972 3406 οὐκ
3011 3352 3078 3406 ἂν
3110 3351 3186 3414 ὡς
3212 3348 3368 3419 δόξης
3407 3346 3668 3418 ὑπάρχων
3687 3339 3944 3410 ἐπιδεὴς,

2363 3450 2594 3520 ἐζήτησε
2625 3446 2723 3519 τὴν
2753 3445 2905 3514 παρὰ
2946 3442 3181 3514 Πατρός.
3213 3442 3410 3494 Ἄκουε
3449 3438 3628 3491 τοίνυν
3667 3435 3758 3488 καὶ
3798 3429 3948 3520 προς

2362 3539 2548 3610 ἡμῶνο
2581 3537 2628 3589 εἰ
2662 3534 2737 3606 μὴ
2778 3533 2938 3588 αὑτὸν
2969 3527 3108 3586 εἶναι
3148 3530 3254 3601 φὴς
3282 3529 3373 3582 τὸν
3408 3529 3471 3579 ἐκ
3498 3523 3630 3578 Θεοῦ
3669 3521 3809 3575 κατὰ
3838 3519 3949 3588 φύς

2366 3649 2450 3685 σιν
2479 3630 2608 3682 Υίὺν
2646 3625 2928 3698 μονογενῆ,
2968 3621 3126 3689 δόξαν
3171 3623 3228 3674 ἐν
3255 3618 3463 3679 τούτοις
3498 3612 3752 3668 αἰτοῦντα
3785 3610 3948 3680 παρὰ

2363 3723 2458 3777 τοῦ
2488 3720 2736 3791 Πατρὸς,
2772 3716 2856 3779 τίς
2891 3712 2960 3786 ἦν
2993 3716 3022 3768 ό
3051 3714 3245 3782 λέγων,
3287 3730 3306 3763 ι
3342 3708 3574 3774 Δόξασόν
3615 3721 3681 3777 με
3713 3706 3776 3775 τῇ
3810 3703 3948 3776 δόξῃ

2367 3807 2401 3886 ᾗ
2425 3809 2569 3884 εἶχον
2596 3809 2702 3881 πρὸ
2725 3807 2821 3862 τοῦ
2857 3806 2949 3860 τὸν
2977 3805 3181 3874 κόσμον
3209 3799 3369 3867 εἶναι,
3415 3798 3565 3868 παρὰ
3604 3796 3719 3861 σοί;
3758 3793 3947 3886 »Πῶς

2366 3885 2479 3966 οὖν,
2512 3899 2632 3954 εἰπέ
2669 3915 2779 3970 μοι,
2805 3895 3142 3967 προκόσμιος
3166 3894 3194 3946 ό
3217 3895 3280 3947 ἐκ
3313 3893 3412 3961 τῆς
3456 3887 3617 3956 ἁγίας
3657 3885 3950 3955 Παρθένου

2368 3993 2508 4048 κατὰ
2537 3991 2596 4045 σέ
2623 3989 2912 4059 νοούμενος
2938 3985 3224 4054 ἄνθρωπος
3252 3981 3433 4045 ῑδικῶς
3456 3997 3472 4046 ;
3509 3977 3637 4047 Ἆρ’
3661 3975 3779 4045 οὐχὶ
3805 3974 3946 4045 πρέ-

2368 4099 2458 4136 ποι
2490 4081 2557 4135 ἂν
2587 4078 2665 4150 τῷ
2705 4077 2814 4132 τῶν
2846 4074 3056 4130 αἰώνων
3084 4069 3419 4142 δημιουργῷ,
3451 4067 3532 4133 τὸ,
3564 4063 3947 4138 πρεσϐυτέραν

2368 4171 2515 4240 ἔχειν
2559 4167 2651 4220 τοῦ
2699 4166 2908 4234 κόσμου
2955 4160 3054 4232 τὴν
3100 4158 3354 4230 ὓπαρξιν,
3406 4157 3501 4210 καὶ
3554 4152 3818 4207 συναῒδιον
3860 4151 3946 4220 τῷ

2368 4260 2573 4331 Πατρί;
2601 4256 2717 4312 ἁλλ’
2746 4255 2847 4309 οὐκ
2890 4253 2956 4306 ἂν
2986 4250 3278 4304 ἐνδοιάσειέ
3328 4265 3411 4312 τις
3455 4245 3563 4299 τῶν
3608 4241 3668 4298 εὖ
3725 4245 3946 4314 φρονεῖν

2369 4349 2660 4404 εἰωθότων.
2689 4346 2815 4400 Ὅτε
2840 4343 3018 4397 τοίνυν
3048 4340 3237 4396 ἑαυτὸν
3264 4337 3539 4396 κεκένωκε
3580 4334 3788 4406 μορφὴν
3815 4333 3941 4387 δούς-

694 4447 1014 4510 exinanivit,
1041 4445 1269 4502 formam
1308 4443 1445 4498 servi
1478 4441 1749 4511 accipiens
1766 4442 1851 4507 ",
1889 4450 1999 4495 tum
2038 4442 2255 4510 denique

2369 4443 2459 4495 λου
2497 4437 2700 4501 λαϐὼν,
2736 4437 2856 4490 τότε
2886 4434 2973 4505 δὴ,
3004 4433 3125 4487 τότε
3158 4431 3252 4488 καλ⁵
3286 4432 3366 4492 είς
3413 4428 3513 4499 τὴν
3540 4426 3763 4480 ἐνοῦσαν
3791 4423 3944 4496 αὐτῷ

698 4540 855 4594 etiam
890 4537 955 4592 ad
981 4551 1100 4590 eam
1135 4535 1360 4603 gloriam
1389 4548 1509 4602 qua:
1539 4533 1641 4591 sibi
1680 4533 1975 4589 secundum
2021 4540 2266 4584 naturam

695 4634 890 4694 inerat,
916 4644 1036 4686 cum
1070 4627 1219 4681 unita
1247 4627 1346 4681 sibi
1384 4639 1599 4694 quoque
1638 4637 1803 4679 carne
1847 4623 2026 4678 redire
2055 4620 2266 4683 volens,

692 4731 996 4790 opportune
1046 4718 1277 4773 dixitu
1319 4715 1567 4771 Claritica
1631 4729 1716 4769 me
1776 4722 1855 4778 tu,
1913 4711 2095 4776 Pater,
2128 4709 2267 4779 apud

695 4821 1019 4879 tenietpsum
1059 4807 1305 4861 claritate
1352 4820 1513 4874 quam
1559 4805 1723 4860 habui
1765 4805 2074 4873 priusquam
2109 4816 2267 4854 mun-

693 4910 794 4958 dus
826 4911 991 4964 esset,
1019 4900 1160 4970 apud
1189 4910 1268 4964 te;
1308 4907 1368 4952 ut
1407 4896 1641 4955 mundus
1690 4897 1876 4951 credat
1920 4895 2044 4964 quia
2095 4903 2149 4948 tu
2182 4908 2268 4947 me

694 4991 917 5044 misisti.
956 4988 1018 5042 Et
1046 5003 1145 5058 ego
1172 4987 1472 5042 claritatem
1505 5001 1670 5055 quam
1711 4985 1908 5042 dedisti
1951 4985 2108 5047 mibi,
2143 4981 2264 5036 dedi

693 5084 794 5145 eis,
831 5089 891 5134 ut
912 5081 1024 5136 sint
1052 5094 1239 5143 unum,
1277 5078 1417 5133 sicut
1450 5093 1547 5132 nos
1580 5091 1770 5132 unum.
1803 5075 1917 5144 Ego
1944 5075 1996 5128 in
2030 5074 2178 5142 ipsis,
2211 5083 2265 5127 et

696 5179 752 5221 tu
783 5171 836 5221 in
875 5183 998 5233 me;
1047 5176 1105 5220 ut
1144 5165 1255 5220 sint
1296 5165 1651 5220 consummati
1698 5165 1752 5218 in
1796 5180 1962 5219 unum
1990 5164 2052 5217 ⁸³.
2097 5179 2117 5214 ι
2164 5162 2268 5216 Per

698 5260 872 5327 ipsum
911 5259 1074 5326 igitur
1103 5256 1594 5312 reconciliationem
1636 5256 1982 5324 accepimus:
2019 5255 2091 5308 ita
2121 5253 2265 5308 enim

697 5365 832 5420 Opus
854 5349 1247 5405 consummavit
1283 5350 1424 5418 quod
1461 5349 1608 5404 dedit
1640 5348 1739 5418 ipsi
1791 5348 1855 5401 ad
1892 5360 2270 5403 consumman-

699 5444 824 5496 dum
862 5441 1040 5498 Pater.
1083 5443 1423 5496 Assertorem
1467 5454 1709 5494 meorum
1747 5439 2037 5493 verborum
2079 5451 2268 5492 rursus

700 5531 880 5588 citabo
911 5532 1123 5587 beatum
1149 5529 1373 5585 Paulum
1396 5531 1466 5585 ita
1495 5531 1823 5586 scribentem
1857 5530 1922 5583 ad
1953 5541 2172 5584 vocatos
2201 5543 2266 5583 ex

780 5707 820 5736 ‘°
859 5706 1016 5762 Joan.
1060 5721 1189 5771 xm,
1231 5705 1422 5763 20-25.
1501 5706 1542 5738 δι
1586 5707 1713 5762 ibid.
1746 5706 1860 5762 6-5.

2372 4530 2514 4588 κατὰ
2541 4529 2699 4597 φύσιν
2727 4525 3086 4595 ἁναφοιτῆσαι
3116 4520 3272 4585 δόξαν
3305 4518 3526 4581 ἐθέλων,
3559 4517 3651 4570 καὶ
3681 4515 3813 4586 μετὰ
3841 4515 3945 4584 τῆς

2371 4621 2661 4692 ἐνωθείσης
2690 4617 2836 4689 αὐτῷ
2863 4615 3061 4687 σαρκὸς
3103 4614 3192 4667 ἐπὶ
3219 4608 3411 4681 καιροῦ
3446 4625 3612 4679 φησι·
3647 4627 3666 4660 ι
3713 4606 3942 4673 Δόξασόν

2374 4730 2440 4783 με
2487 4713 2572 4774 σὺ,
2610 4712 2811 4780 Πάτερ,
2855 4707 3007 4777 παρὰ
3051 4703 3262 4773 σεαυτῷ
3292 4704 3358 4772 τῇ
3393 4700 3519 4772 δόξῃ
3645 4693 3788 4768 εἶχον
3833 4699 3944 4768 πρὸ

2369 4800 2460 4854 τοῦ
2497 4800 2584 4853 τὸν
2625 4799 2828 4867 κόσμον
2875 4790 3017 4848 εἶναι
3062 4791 3213 4862 παρὰ
3263 4791 3364 4854 σοὶ,
3397 4791 3484 4843 ἴνα
3531 4789 3561 4841 ὁ
3605 4786 3806 4854 κόσμος
3847 4802 3939 4838 πι-

2377 4892 2573 4960 στεύσῃ
2608 4890 2689 4942 ὃτι
2720 4887 2784 4940 σύ
2819 4901 2886 4956 με
2927 4871 3282 4944 ἀπέστειλας”
3320 4879 3474 4948 κάγὼ
3515 4878 3614 4948 τὴν
3659 4877 3814 4942 δόξαν
3857 4877 3922 4946 ἢν

2371 4983 2608 5044 δέδωκάς
2645 4997 2755 5049 μοι,
2806 4976 3013 5030 δέδωκα
3061 4973 3262 5037 αὐτοῖς,
3313 4972 3402 5026 ἵνα
3445 4964 3577 5024 ὦσιν
3628 4967 3706 5031 ἓν,
3757 4967 3942 5031 καθὼς.

2371 5073 2534 5144 ἡμεῖς
2565 5072 2657 5123 ἐν’
2707 5068 2817 5138 ἐγὼ
2853 5070 2912 5120 ἐν
2953 5065 3132 5127 αὐτοῖς
3176 5063 3271 5117 καὶ
3317 5063 3379 5115 σὺ
3433 5064 3490 5116 ἐν
3540 5061 3685 5130 ἐμοὶ,
3721 5059 3807 5112 ἵνα
3838 5053 3936 5111 ὦσι

2371 5159 2781 5230 τετελειωμένοι
2814 5159 2894 5220 είς
2925 5156 3003 5209 ἓν.
3035 5174 3052 5207 ι
3079 5155 3154 5207 Δι’
3183 5152 3346 5206 αὑτοῦ
3377 5151 3663 5221 τοιγαροῦν
3685 5149 3782 5218 τὴν
3811 5166 3936 5202 κατε

2372 5253 2611 5323 αλλαγὴν
2641 5251 2975 5321 ἐσχήκαμεν·
3006 5245 3322 5300 τετελείωκε
3354 5245 3464 5314 γάρ
3495 5243 3636 5296 οὕτω
3667 5241 3730 5294 τὸ
3759 5240 3933 5312 ἔργον,

2371 5347 2398 5404 ὃ
2423 5346 2650 5398 δέδωκεν
2679 5340 2828 5411 αὑτῷ
2857 5343 2936 5402 εἰς
2958 5339 3230 5392 τελείωσιν
3277 5339 3305 5390 ό
3349 5336 3557 5405 Πατήρ.
3591 5332 3934 5403 Συλλήπτορα

2371 5434 2428 5487 δὲ
2469 5435 2578 5486 τῶν
2608 5432 2757 5502 ἐμῶν
2786 5429 2960 5498 λόγων
2987 5430 3283 5499 ποιήσομαι
3332 5425 3492 5478 πάλιν
3530 5423 3620 5476 τὸν
3653 5421 3935 5492 ἱερώτατον

2372 5525 2604 5590 Παῦλον,
2636 5523 2731 5577 ὡδὶ
2757 5521 3069 5593 γεγραφότα
3099 5523 3206 5584 τοῖς
3245 5520 3302 5584 ἐξ
3352 5517 3521 5573 ἐθνῶν
3549 5515 3900 5592 κεκλημένοις
3921 5531 3932 5546 ·

1943 5708 1983 5739 ,θ’
2015 5705 2244 5775 Philipp.
2284 5720 2339 5770 η’
2381 5703 2432 5760 6.
2511 5704 2553 5735 t3
2580 5701 2736 5758 Joan.
2769 5713 2902 5765 xvu,
2934 5695 3183 5765 5,2135.
