  <div class='ocr_page' id='page_1' title='image "/cluster/home/n/w/nwhite01/storage/ocr_20150623/76/ien.35556001661040/120.png"; bbox 0 0 4040 6432; ppageno 0'>
   <div class='ocr_carea' id='block_1_1' title="bbox 126 342 211 397">
    <p class='ocr_par' dir='ltr' id='par_1_1' title="bbox 126 342 211 397">
     <span class='ocr_line' id='line_1_1' title="bbox 126 342 211 397; baseline -0.047 0"><span class='ocrx_word' id='word_1_1' title='bbox 126 342 211 397; x_wconf 75' lang='grc'><strong>217</strong></span> 
     </span>
    </p>
   </div>
   <div class='ocr_carea' id='block_1_2' title="bbox 1186 342 2283 401">
    <p class='ocr_par' dir='ltr' id='par_1_2' title="bbox 1186 342 2283 401">
     <span class='ocr_line' id='line_1_2' title="bbox 1186 342 2283 401; baseline 0 -4"><span class='ocrx_word' id='word_1_2' title='bbox 1186 342 1559 399; x_wconf 75' lang='lat' dir='ltr'><strong>ADVERSUS</strong></span> <span class='ocrx_word' id='word_1_3' title='bbox 1598 342 2019 401; x_wconf 72' lang='lat' dir='ltr'><strong>NESTORIUM-</strong></span> <span class='ocrx_word' id='word_1_4' title='bbox 2048 342 2175 398; x_wconf 87' lang='lat' dir='ltr'><strong>LlB.</strong></span> <span class='ocrx_word' id='word_1_5' title='bbox 2218 344 2283 397; x_wconf 80' lang='grc' dir='ltr'>ν.</span> 
     </span>
    </p>
   </div>
   <div class='ocr_carea' id='block_1_3' title="bbox 3283 340 3393 395">
    <p class='ocr_par' dir='ltr' id='par_1_3' title="bbox 3283 340 3393 395">
     <span class='ocr_line' id='line_1_3' title="bbox 3283 340 3393 395; baseline 0.009 -2"><span class='ocrx_word' id='word_1_6' title='bbox 3283 340 3393 395; x_wconf 62' lang='grc'><strong>’118</strong></span> 
     </span>
    </p>
   </div>
   <div class='ocr_carea' id='block_1_4' title="bbox 128 457 1705 536">
    <p class='ocr_par' dir='ltr' id='par_1_4' title="bbox 128 461 1705 536">
     <span class='ocr_line' id='line_1_4' title="bbox 128 461 1705 536; baseline 0.004 -24"><span class='ocrx_word' id='word_1_7' title='bbox 128 484 141 512; x_wconf 79' lang='grc' dir='ltr'><strong>ι</strong></span> <span class='ocrx_word' id='word_1_8' title='bbox 173 463 301 514; x_wconf 75' lang='grc' dir='ltr'>Νυνί</span> <span class='ocrx_word' id='word_1_9' title='bbox 330 462 389 513; x_wconf 80' lang='grc' dir='ltr'><strong>δὲ</strong></span> <span class='ocrx_word' id='word_1_10' title='bbox 420 463 483 514; x_wconf 82' lang='grc' dir='ltr'>ὲν</span> <span class='ocrx_word' id='word_1_11' title='bbox 515 462 746 532; x_wconf 83' lang='grc' dir='ltr'><strong>Χριστῷ</strong></span> <span class='ocrx_word' id='word_1_12' title='bbox 786 461 963 532; x_wconf 82' lang='grc' dir='ltr'><strong>Ἰησοῦ</strong></span> <span class='ocrx_word' id='word_1_13' title='bbox 1001 463 1159 533; x_wconf 81' lang='grc' dir='ltr'>ὑμεῖς</span> <span class='ocrx_word' id='word_1_14' title='bbox 1189 465 1239 516; x_wconf 82' lang='grc' dir='ltr'><strong>οἰ</strong></span> <span class='ocrx_word' id='word_1_15' title='bbox 1273 465 1401 519; x_wconf 77' lang='grc' dir='ltr'>ποτὲ</span> <span class='ocrx_word' id='word_1_16' title='bbox 1433 466 1582 529; x_wconf 72' lang='grc' dir='ltr'>ὄντες</span> <span class='ocrx_word' id='word_1_17' title='bbox 1615 483 1705 536; x_wconf 81' lang='grc' dir='ltr'>μα·</span> 
     </span>
    </p>
   </div>
   <div class='ocr_carea' id='block_1_5' title="bbox 1809 457 3390 536">
    <p class='ocr_par' dir='ltr' id='par_1_5' title="bbox 1819 457 3390 536">
     <span class='ocr_line' id='line_1_5' title="bbox 1819 457 3390 536; baseline -0.007 -15"><span class='ocrx_word' id='word_1_18' title='bbox 1819 468 2111 536; x_wconf 72' lang='lat' dir='ltr'><strong>gentibus:</strong></span> <span class='ocrx_word' id='word_1_19' title='bbox 2145 484 2164 517; x_wconf 76' lang='grc' dir='ltr'><strong>ι</strong></span> <span class='ocrx_word' id='word_1_20' title='bbox 2210 463 2363 519; x_wconf 88' lang='lat' dir='ltr'><strong>Nunc</strong></span> <span class='ocrx_word' id='word_1_21' title='bbox 2410 472 2589 518; x_wconf 86' lang='lat' dir='ltr'><strong>autem</strong></span> <span class='ocrx_word' id='word_1_22' title='bbox 2634 463 2686 517; x_wconf 91' lang='lat' dir='ltr'><strong>in</strong></span> <span class='ocrx_word' id='word_1_23' title='bbox 2737 462 2953 518; x_wconf 83' lang='lat' dir='ltr'><strong>Christo</strong></span> <span class='ocrx_word' id='word_1_24' title='bbox 2994 461 3120 515; x_wconf 76' lang='lat' dir='ltr'><strong>Jesu</strong></span> <span class='ocrx_word' id='word_1_25' title='bbox 3172 474 3263 515; x_wconf 81' lang='lat' dir='ltr'><strong>vos</strong></span> <span class='ocrx_word' id='word_1_26' title='bbox 3301 457 3390 528; x_wconf 85' lang='lat' dir='ltr'><strong>qui</strong></span> 
     </span>
    </p>
   </div>
   <div class='ocr_carea' id='block_1_6' title="bbox 123 551 1714 625">
    <p class='ocr_par' dir='ltr' id='par_1_6' title="bbox 123 551 1714 625">
     <span class='ocr_line' id='line_1_6' title="bbox 123 551 1714 625; baseline 0.004 -23"><span class='ocrx_word' id='word_1_27' title='bbox 123 553 263 619; x_wconf 70' lang='grc' dir='ltr'>κρὰν,</span> <span class='ocrx_word' id='word_1_28' title='bbox 306 551 629 621; x_wconf 69' lang='grc' dir='ltr'>ἐγενήθητε</span> <span class='ocrx_word' id='word_1_29' title='bbox 664 554 835 620; x_wconf 75' lang='grc' dir='ltr'>ἐγγὺς</span> <span class='ocrx_word' id='word_1_30' title='bbox 876 554 934 605; x_wconf 83' lang='grc' dir='ltr'>ὲν</span> <span class='ocrx_word' id='word_1_31' title='bbox 969 553 1050 622; x_wconf 81' lang='grc' dir='ltr'>τῷ</span> <span class='ocrx_word' id='word_1_32' title='bbox 1100 553 1293 623; x_wconf 79' lang='grc' dir='ltr'>αἵματι</span> <span class='ocrx_word' id='word_1_33' title='bbox 1324 555 1419 607; x_wconf 80' lang='grc' dir='ltr'><strong>τοῦ</strong></span> <span class='ocrx_word' id='word_1_34' title='bbox 1454 556 1714 625; x_wconf 81' lang='grc' dir='ltr'>Χριστοῦ.</span> 
     </span>
    </p>
   </div>
   <div class='ocr_carea' id='block_1_7' title="bbox 122 644 1719 716">
    <p class='ocr_par' dir='ltr' id='par_1_7' title="bbox 122 644 1719 716">
     <span class='ocr_line' id='line_1_7' title="bbox 122 644 1719 716; baseline 0.001 -19"><span class='ocrx_word' id='word_1_35' title='bbox 122 645 272 707; x_wconf 67' lang='grc' dir='ltr'>Αὐτὸς</span> <span class='ocrx_word' id='word_1_36' title='bbox 304 644 419 711; x_wconf 78' lang='grc' dir='ltr'>γάρ</span> <span class='ocrx_word' id='word_1_37' title='bbox 448 645 609 695; x_wconf 79' lang='grc' dir='ltr'>εστιν</span> <span class='ocrx_word' id='word_1_38' title='bbox 642 645 675 713; x_wconf 90' lang='grc' dir='ltr'><strong>ή</strong></span> <span class='ocrx_word' id='word_1_39' title='bbox 712 645 902 714; x_wconf 78' lang='grc' dir='ltr'><strong>εἰρήνη</strong></span> <span class='ocrx_word' id='word_1_40' title='bbox 947 644 1122 713; x_wconf 86' lang='grc' dir='ltr'>ήμῶν,</span> <span class='ocrx_word' id='word_1_41' title='bbox 1167 648 1194 698; x_wconf 89' lang='grc' dir='ltr'>ὁ</span> <span class='ocrx_word' id='word_1_42' title='bbox 1224 647 1454 715; x_wconf 78' lang='grc' dir='ltr'><strong>ποιήσας</strong></span> <span class='ocrx_word' id='word_1_43' title='bbox 1493 647 1563 700; x_wconf 78' lang='grc' dir='ltr'>τὰ</span> <span class='ocrx_word' id='word_1_44' title='bbox 1609 648 1719 716; x_wconf 85' lang='grc' dir='ltr'>ἀμ-</span> 
     </span>
    </p>
   </div>
   <div class='ocr_carea' id='block_1_8' title="bbox 121 736 1715 807">
    <p class='ocr_par' dir='ltr' id='par_1_8' title="bbox 121 736 1715 807">
     <span class='ocr_line' id='line_1_8' title="bbox 121 736 1715 807; baseline 0.003 -21"><span class='ocrx_word' id='word_1_45' title='bbox 121 737 306 804; x_wconf 69' lang='grc' dir='ltr'>φετερα</span> <span class='ocrx_word' id='word_1_46' title='bbox 349 736 453 787; x_wconf 77' lang='grc' dir='ltr'>ένο</span> <span class='ocrx_word' id='word_1_47' title='bbox 509 736 607 788; x_wconf 67' lang='grc' dir='ltr'>καὶ</span> <span class='ocrx_word' id='word_1_48' title='bbox 636 736 697 787; x_wconf 86' lang='grc' dir='ltr'><strong>τὸ</strong></span> <span class='ocrx_word' id='word_1_49' title='bbox 732 737 1048 807; x_wconf 78' lang='grc' dir='ltr'><strong>μεσότοιχον</strong></span> <span class='ocrx_word' id='word_1_50' title='bbox 1090 736 1182 789; x_wconf 80' lang='grc' dir='ltr'>τοῦ</span> <span class='ocrx_word' id='word_1_51' title='bbox 1230 738 1486 807; x_wconf 80' lang='grc' dir='ltr'>φραγμοῦ</span> <span class='ocrx_word' id='word_1_52' title='bbox 1529 738 1715 801; x_wconf 82' lang='grc' dir='ltr'><strong>λύσας,</strong></span> 
     </span>
    </p>
   </div>
   <div class='ocr_carea' id='block_1_9' title="bbox 118 826 1717 897">
    <p class='ocr_par' dir='ltr' id='par_1_9' title="bbox 118 826 1717 897">
     <span class='ocr_line' id='line_1_9' title="bbox 118 826 1717 897; baseline 0.003 -20"><span class='ocrx_word' id='word_1_53' title='bbox 118 827 201 894; x_wconf 65' lang='grc' dir='ltr'>τὴν</span> <span class='ocrx_word' id='word_1_54' title='bbox 241 826 459 897; x_wconf 77' lang='grc' dir='ltr'>ἔχθραν</span> <span class='ocrx_word' id='word_1_55' title='bbox 510 830 570 879; x_wconf 81' lang='grc' dir='ltr'>ὲν</span> <span class='ocrx_word' id='word_1_56' title='bbox 600 830 668 896; x_wconf 80' lang='grc' dir='ltr'>τῇ</span> <span class='ocrx_word' id='word_1_57' title='bbox 703 830 873 891; x_wconf 78' lang='grc' dir='ltr'>σαρκὶ</span> <span class='ocrx_word' id='word_1_58' title='bbox 919 828 1102 892; x_wconf 81' lang='grc' dir='ltr'>αὑτοῦ,</span> <span class='ocrx_word' id='word_1_59' title='bbox 1136 828 1228 881; x_wconf 87' lang='grc' dir='ltr'><strong>τὸν</strong></span> <span class='ocrx_word' id='word_1_60' title='bbox 1272 830 1437 897; x_wconf 75' lang='grc' dir='ltr'>νόμον</span> <span class='ocrx_word' id='word_1_61' title='bbox 1476 830 1584 882; x_wconf 88' lang='grc' dir='ltr'><strong>τῶν</strong></span> <span class='ocrx_word' id='word_1_62' title='bbox 1629 832 1717 882; x_wconf 79' lang='grc' dir='ltr'><strong>ἐν·</strong></span> 
     </span>
    </p>
   </div>
   <div class='ocr_carea' id='block_1_10' title="bbox 115 918 1715 992">
    <p class='ocr_par' dir='ltr' id='par_1_10' title="bbox 115 918 1715 992">
     <span class='ocr_line' id='line_1_10' title="bbox 115 918 1715 992; baseline 0.003 -24"><span class='ocrx_word' id='word_1_63' title='bbox 115 918 269 970; x_wconf 78' lang='grc' dir='ltr'>τολῶν</span> <span class='ocrx_word' id='word_1_64' title='bbox 302 919 365 969; x_wconf 74' lang='grc' dir='ltr'>ὲν</span> <span class='ocrx_word' id='word_1_65' title='bbox 420 918 668 987; x_wconf 81' lang='grc' dir='ltr'>δόγμασι</span> <span class='ocrx_word' id='word_1_66' title='bbox 715 922 1095 990; x_wconf 82' lang='grc' dir='ltr'><strong>καταργήσας,</strong></span> <span class='ocrx_word' id='word_1_67' title='bbox 1138 922 1222 972; x_wconf 81' lang='grc' dir='ltr'><strong>ἵνα</strong></span> <span class='ocrx_word' id='word_1_68' title='bbox 1257 920 1383 985; x_wconf 84' lang='grc' dir='ltr'>τοὺς</span> <span class='ocrx_word' id='word_1_69' title='bbox 1425 920 1519 973; x_wconf 88' lang='grc' dir='ltr'>δύο</span> <span class='ocrx_word' id='word_1_70' title='bbox 1558 921 1715 992; x_wconf 83' lang='grc' dir='ltr'>κτίσῃ</span> 
     </span>
    </p>
   </div>
   <div class='ocr_carea' id='block_1_11' title="bbox 115 1007 1712 1081">
    <p class='ocr_par' dir='ltr' id='par_1_11' title="bbox 115 1007 1712 1081">
     <span class='ocr_line' id='line_1_11' title="bbox 115 1007 1712 1081; baseline 0.002 -24"><span class='ocrx_word' id='word_1_71' title='bbox 115 1008 163 1057; x_wconf 79' lang='grc' dir='ltr'>ἐν</span> <span class='ocrx_word' id='word_1_72' title='bbox 200 1007 360 1077; x_wconf 77' lang='grc' dir='ltr'>αὐτῷ</span> <span class='ocrx_word' id='word_1_73' title='bbox 397 1010 484 1070; x_wconf 82' lang='grc' dir='ltr'><strong>εἰς</strong></span> <span class='ocrx_word' id='word_1_74' title='bbox 538 1010 638 1061; x_wconf 75' lang='grc' dir='ltr'>ἕνα</span> <span class='ocrx_word' id='word_1_75' title='bbox 686 1010 874 1061; x_wconf 82' lang='grc' dir='ltr'>καινὸν</span> <span class='ocrx_word' id='word_1_76' title='bbox 926 1010 1231 1078; x_wconf 80' lang='grc' dir='ltr'>ἄνθρωπον,</span> <span class='ocrx_word' id='word_1_77' title='bbox 1270 1012 1438 1064; x_wconf 88' lang='grc' dir='ltr'>ποιῶν</span> <span class='ocrx_word' id='word_1_78' title='bbox 1471 1014 1712 1081; x_wconf 77' lang='grc' dir='ltr'><strong>εἰρήνην,</strong></span> 
     </span>
    </p>
   </div>
   <div class='ocr_carea' id='block_1_12' title="bbox 114 1100 1716 1173">
    <p class='ocr_par' dir='ltr' id='par_1_12' title="bbox 114 1100 1716 1173">
     <span class='ocr_line' id='line_1_12' title="bbox 114 1100 1716 1173; baseline 0.004 -24"><span class='ocrx_word' id='word_1_79' title='bbox 114 1102 196 1149; x_wconf 73' lang='grc' dir='ltr'>καὶ</span> <span class='ocrx_word' id='word_1_80' title='bbox 230 1100 679 1171; x_wconf 78' lang='grc' dir='ltr'><strong>ἀποκαταλλάξῃ</strong></span> <span class='ocrx_word' id='word_1_81' title='bbox 732 1101 859 1164; x_wconf 83' lang='grc' dir='ltr'>τοὺς</span> <span class='ocrx_word' id='word_1_82' title='bbox 904 1102 1244 1172; x_wconf 78' lang='grc' dir='ltr'><strong>ἀμφοτέρους</strong></span> <span class='ocrx_word' id='word_1_83' title='bbox 1289 1105 1344 1154; x_wconf 82' lang='grc' dir='ltr'>ὲν</span> <span class='ocrx_word' id='word_1_84' title='bbox 1390 1103 1470 1154; x_wconf 77' lang='grc' dir='ltr'>ἑνὶ</span> <span class='ocrx_word' id='word_1_85' title='bbox 1503 1103 1716 1173; x_wconf 84' lang='grc' dir='ltr'>σώματι</span> 
     </span>
    </p>
   </div>
   <div class='ocr_carea' id='block_1_13' title="bbox 112 1189 1714 1264">
    <p class='ocr_par' dir='ltr' id='par_1_13' title="bbox 112 1189 1714 1264">
     <span class='ocr_line' id='line_1_13' title="bbox 112 1189 1714 1264; baseline 0.002 -25"><span class='ocrx_word' id='word_1_86' title='bbox 112 1190 180 1258; x_wconf 84' lang='grc' dir='ltr'><strong>τῷ</strong></span> <span class='ocrx_word' id='word_1_87' title='bbox 214 1189 336 1258; x_wconf 81' lang='grc' dir='ltr'><strong>Θεῷ</strong></span> <span class='ocrx_word' id='word_1_88' title='bbox 368 1190 465 1242; x_wconf 75' lang='grc' dir='ltr'>διὰ</span> <span class='ocrx_word' id='word_1_89' title='bbox 499 1192 598 1243; x_wconf 71' lang='grc' dir='ltr'>τοῦ</span> <span class='ocrx_word' id='word_1_90' title='bbox 651 1192 909 1261; x_wconf 77' lang='grc' dir='ltr'>σταυροῦ,</span> <span class='ocrx_word' id='word_1_91' title='bbox 946 1193 1272 1249; x_wconf 77' lang='grc' dir='ltr'><strong>ἀποκτείνας</strong></span> <span class='ocrx_word' id='word_1_92' title='bbox 1298 1192 1396 1264; x_wconf 79' lang='grc' dir='ltr'><strong>τὴν</strong></span> <span class='ocrx_word' id='word_1_93' title='bbox 1429 1192 1626 1264; x_wconf 78' lang='grc' dir='ltr'>ἔχθραν</span> <span class='ocrx_word' id='word_1_94' title='bbox 1657 1196 1714 1245; x_wconf 78' lang='grc' dir='ltr'>ὲν</span> 
     </span>
    </p>
   </div>
   <div class='ocr_carea' id='block_1_14' title="bbox 114 1282 1714 1354">
    <p class='ocr_par' dir='ltr' id='par_1_14' title="bbox 114 1282 1714 1354">
     <span class='ocr_line' id='line_1_14' title="bbox 114 1282 1714 1354; baseline -0.001 -19"><span class='ocrx_word' id='word_1_95' title='bbox 114 1282 269 1352; x_wconf 66' lang='grc' dir='ltr'>αὐτῷ.</span> <span class='ocrx_word' id='word_1_96' title='bbox 313 1283 437 1336; x_wconf 69' lang='grc' dir='ltr'><strong>Καὶ</strong></span> <span class='ocrx_word' id='word_1_97' title='bbox 496 1282 672 1335; x_wconf 83' lang='grc' dir='ltr'>ὲλθὼν</span> <span class='ocrx_word' id='word_1_98' title='bbox 727 1282 1120 1351; x_wconf 73' lang='grc' dir='ltr'><strong>εὐηγγελίσατο</strong></span> <span class='ocrx_word' id='word_1_99' title='bbox 1160 1284 1383 1354; x_wconf 81' lang='grc' dir='ltr'>εἰρήνην</span> <span class='ocrx_word' id='word_1_100' title='bbox 1429 1284 1555 1353; x_wconf 84' lang='grc' dir='ltr'>ύμῖν</span> <span class='ocrx_word' id='word_1_101' title='bbox 1603 1286 1714 1345; x_wconf 87' lang='grc' dir='ltr'>τοῖς</span> 
     </span>
    </p>
   </div>
   <div class='ocr_carea' id='block_1_15' title="bbox 117 1375 1711 1446">
    <p class='ocr_par' dir='ltr' id='par_1_15' title="bbox 117 1375 1711 1446">
     <span class='ocr_line' id='line_1_15' title="bbox 117 1375 1711 1446; baseline 0 -19"><span class='ocrx_word' id='word_1_102' title='bbox 117 1377 350 1444; x_wconf 69' lang='grc' dir='ltr'>μακρὰν,</span> <span class='ocrx_word' id='word_1_103' title='bbox 410 1376 516 1427; x_wconf 79' lang='grc' dir='ltr'><strong>καὶ</strong></span> <span class='ocrx_word' id='word_1_104' title='bbox 570 1378 685 1438; x_wconf 88' lang='grc' dir='ltr'><strong>τοίς</strong></span> <span class='ocrx_word' id='word_1_105' title='bbox 736 1375 930 1443; x_wconf 85' lang='grc' dir='ltr'>ὲγγύς.</span> <span class='ocrx_word' id='word_1_106' title='bbox 974 1395 993 1428; x_wconf 88' lang='grc'><strong>›</strong></span> <span class='ocrx_word' id='word_1_107' title='bbox 1029 1375 1135 1429; x_wconf 75' lang='grc' dir='ltr'>Καὶ</span> <span class='ocrx_word' id='word_1_108' title='bbox 1169 1377 1274 1446; x_wconf 85' lang='grc' dir='ltr'><strong>μὴν</strong></span> <span class='ocrx_word' id='word_1_109' title='bbox 1300 1376 1395 1428; x_wconf 70' lang='grc' dir='ltr'><strong>καὶ</strong></span> <span class='ocrx_word' id='word_1_110' title='bbox 1449 1375 1711 1445; x_wconf 82' lang='grc' dir='ltr'>ἑτέρωθι·</span> 
     </span>
    </p>
   </div>
   <div class='ocr_carea' id='block_1_16' title="bbox 118 1461 1710 1536">
    <p class='ocr_par' dir='ltr' id='par_1_16' title="bbox 118 1461 1710 1536">
     <span class='ocr_line' id='line_1_16' title="bbox 118 1461 1710 1536; baseline 0.003 -23"><span class='ocrx_word' id='word_1_111' title='bbox 118 1484 132 1513; x_wconf 84' lang='grc'><strong><em>‹</em></strong></span> <span class='ocrx_word' id='word_1_112' title='bbox 186 1464 603 1527; x_wconf 79' lang='grc' dir='ltr'>Δικαιωθέντες</span> <span class='ocrx_word' id='word_1_113' title='bbox 657 1461 750 1518; x_wconf 83' lang='grc' dir='ltr'>οὖν</span> <span class='ocrx_word' id='word_1_114' title='bbox 804 1466 873 1517; x_wconf 81' lang='grc' dir='ltr'>ὲκ</span> <span class='ocrx_word' id='word_1_115' title='bbox 921 1466 1188 1529; x_wconf 78' lang='grc' dir='ltr'>πίστεως,</span> <span class='ocrx_word' id='word_1_116' title='bbox 1240 1467 1466 1536; x_wconf 85' lang='grc' dir='ltr'>εἰρήνην</span> <span class='ocrx_word' id='word_1_117' title='bbox 1514 1465 1710 1535; x_wconf 71' lang='grc' dir='ltr'>ἔχομεν</span> 
     </span>
    </p>
   </div>
   <div class='ocr_carea' id='block_1_17' title="bbox 116 1556 1707 1627">
    <p class='ocr_par' dir='ltr' id='par_1_17' title="bbox 116 1556 1707 1627">
     <span class='ocr_line' id='line_1_17' title="bbox 116 1556 1707 1627; baseline -0.001 -19"><span class='ocrx_word' id='word_1_118' title='bbox 116 1557 239 1625; x_wconf 79' lang='grc' dir='ltr'>πρὸς</span> <span class='ocrx_word' id='word_1_119' title='bbox 289 1558 394 1610; x_wconf 85' lang='grc' dir='ltr'><strong>τὸν</strong></span> <span class='ocrx_word' id='word_1_120' title='bbox 449 1556 588 1610; x_wconf 83' lang='grc' dir='ltr'>Θεὸν</span> <span class='ocrx_word' id='word_1_121' title='bbox 638 1556 727 1608; x_wconf 82' lang='grc' dir='ltr'><strong>διὰ</strong></span> <span class='ocrx_word' id='word_1_122' title='bbox 757 1556 850 1609; x_wconf 80' lang='grc' dir='ltr'>τοῦ</span> <span class='ocrx_word' id='word_1_123' title='bbox 903 1557 1107 1626; x_wconf 79' lang='grc' dir='ltr'>Κυρίου</span> <span class='ocrx_word' id='word_1_124' title='bbox 1156 1557 1313 1627; x_wconf 85' lang='grc' dir='ltr'>ήμῶν</span> <span class='ocrx_word' id='word_1_125' title='bbox 1371 1556 1543 1626; x_wconf 87' lang='grc' dir='ltr'><strong>Ἰησοῦ</strong></span> <span class='ocrx_word' id='word_1_126' title='bbox 1576 1557 1707 1625; x_wconf 86' lang='grc' dir='ltr'>Χρι-</span> 
     </span>
    </p>
   </div>
   <div class='ocr_carea' id='block_1_18' title="bbox 114 1644 1709 1717">
    <p class='ocr_par' dir='ltr' id='par_1_18' title="bbox 114 1644 1709 1717">
     <span class='ocr_line' id='line_1_18' title="bbox 114 1644 1709 1717; baseline -0.003 -16"><span class='ocrx_word' id='word_1_127' title='bbox 114 1646 251 1701; x_wconf 76' lang='grc' dir='ltr'>στοῦ.</span> <span class='ocrx_word' id='word_1_128' title='bbox 298 1666 317 1696; x_wconf 74' lang='grc' dir='ltr'><strong>ι</strong></span> <span class='ocrx_word' id='word_1_129' title='bbox 358 1647 585 1700; x_wconf 72' lang='grc' dir='ltr'>Οὐκοῦν</span> <span class='ocrx_word' id='word_1_130' title='bbox 621 1647 1051 1717; x_wconf 85' lang='grc' dir='ltr'>κατηλλάγμεθα</span> <span class='ocrx_word' id='word_1_131' title='bbox 1100 1646 1177 1716; x_wconf 86' lang='grc' dir='ltr'>τῷ</span> <span class='ocrx_word' id='word_1_132' title='bbox 1225 1644 1344 1716; x_wconf 84' lang='grc' dir='ltr'>Θεῷ</span> <span class='ocrx_word' id='word_1_133' title='bbox 1393 1646 1487 1698; x_wconf 77' lang='grc' dir='ltr'>καὶ</span> <span class='ocrx_word' id='word_1_134' title='bbox 1534 1646 1709 1715; x_wconf 74' lang='grc' dir='ltr'>Πατρὶ</span> 
     </span>
    </p>
   </div>
   <div class='ocr_carea' id='block_1_19' title="bbox 110 1736 1707 1806">
    <p class='ocr_par' dir='ltr' id='par_1_19' title="bbox 110 1736 1707 1806">
     <span class='ocr_line' id='line_1_19' title="bbox 110 1736 1707 1806; baseline -0.004 -13"><span class='ocrx_word' id='word_1_135' title='bbox 110 1741 190 1793; x_wconf 73' lang='grc' dir='ltr'><strong>διὰ</strong></span> <span class='ocrx_word' id='word_1_136' title='bbox 236 1738 336 1791; x_wconf 80' lang='grc' dir='ltr'>τοῦ</span> <span class='ocrx_word' id='word_1_137' title='bbox 404 1738 647 1792; x_wconf 85' lang='grc' dir='ltr'>θανάτου</span> <span class='ocrx_word' id='word_1_138' title='bbox 680 1737 775 1789; x_wconf 79' lang='grc' dir='ltr'>τοῦ</span> <span class='ocrx_word' id='word_1_139' title='bbox 826 1736 958 1789; x_wconf 88' lang='grc' dir='ltr'>Υἰοῦ</span> <span class='ocrx_word' id='word_1_140' title='bbox 1012 1736 1198 1798; x_wconf 82' lang='grc' dir='ltr'>αὑτοῦ,</span> <span class='ocrx_word' id='word_1_141' title='bbox 1233 1737 1707 1806; x_wconf 61' lang='grc' dir='ltr'>καταργήσαντος,</span> 
     </span>
    </p>
   </div>
   <div class='ocr_carea' id='block_1_20' title="bbox 1824 549 3395 627">
    <p class='ocr_par' dir='ltr' id='par_1_20' title="bbox 1824 549 3395 627">
     <span class='ocr_line' id='line_1_20' title="bbox 1824 549 3395 627; baseline -0.005 -15"><span class='ocrx_word' id='word_1_142' title='bbox 1824 558 1991 612; x_wconf 90' lang='lat' dir='ltr'><strong>eratis</strong></span> <span class='ocrx_word' id='word_1_143' title='bbox 2038 559 2227 627; x_wconf 78' lang='lat' dir='ltr'><strong>longe,</strong></span> <span class='ocrx_word' id='word_1_144' title='bbox 2276 556 2403 610; x_wconf 76' lang='lat' dir='ltr'><strong>facti</strong></span> <span class='ocrx_word' id='word_1_145' title='bbox 2449 556 2581 610; x_wconf 91' lang='lat' dir='ltr'><strong>estis</strong></span> <span class='ocrx_word' id='word_1_146' title='bbox 2630 568 2795 623; x_wconf 83' lang='lat' dir='ltr'><strong>prope</strong></span> <span class='ocrx_word' id='word_1_147' title='bbox 2840 556 2891 607; x_wconf 92' lang='lat' dir='ltr'><strong>in</strong></span> <span class='ocrx_word' id='word_1_148' title='bbox 2931 553 3194 622; x_wconf 78' lang='lat' dir='ltr'><strong>sanguine</strong></span> <span class='ocrx_word' id='word_1_149' title='bbox 3230 549 3395 606; x_wconf 82' lang='lat' dir='ltr'><strong>Chri-</strong></span> 
     </span>
    </p>
   </div>
   <div class='ocr_carea' id='block_1_21' title="bbox 1823 644 3397 717">
    <p class='ocr_par' dir='ltr' id='par_1_21' title="bbox 1823 644 3397 717">
     <span class='ocr_line' id='line_1_21' title="bbox 1823 644 3397 717; baseline -0.005 -13"><span class='ocrx_word' id='word_1_150' title='bbox 1823 649 1913 704; x_wconf 88' lang='lat' dir='ltr'><strong>sti.</strong></span> <span class='ocrx_word' id='word_1_151' title='bbox 1976 650 2093 717; x_wconf 85' lang='lat' dir='ltr'><strong>Ipse</strong></span> <span class='ocrx_word' id='word_1_152' title='bbox 2145 658 2229 703; x_wconf 90' lang='lat' dir='ltr'><strong>est</strong></span> <span class='ocrx_word' id='word_1_153' title='bbox 2265 647 2407 702; x_wconf 89' lang='lat' dir='ltr'><strong>enim</strong></span> <span class='ocrx_word' id='word_1_154' title='bbox 2462 661 2563 715; x_wconf 84' lang='lat' dir='ltr'><strong>pax</strong></span> <span class='ocrx_word' id='word_1_155' title='bbox 2605 655 2810 710; x_wconf 79' lang='lat' dir='ltr'><strong>nostra,</strong></span> <span class='ocrx_word' id='word_1_156' title='bbox 2853 660 2947 713; x_wconf 74' lang='lat' dir='ltr'><strong>qui</strong></span> <span class='ocrx_word' id='word_1_157' title='bbox 2998 644 3123 698; x_wconf 79' lang='lat' dir='ltr'><strong>fecit</strong></span> <span class='ocrx_word' id='word_1_158' title='bbox 3168 653 3397 711; x_wconf 83' lang='lat' dir='ltr'><strong>utraque</strong></span> 
     </span>
    </p>
   </div>
   <div class='ocr_carea' id='block_1_22' title="bbox 1824 738 3393 809">
    <p class='ocr_par' dir='ltr' id='par_1_22' title="bbox 1824 738 3393 809">
     <span class='ocr_line' id='line_1_22' title="bbox 1824 738 3393 809; baseline -0.004 -13"><span class='ocrx_word' id='word_1_159' title='bbox 1824 758 2025 806; x_wconf 90' lang='lat' dir='ltr'><strong>unum;</strong></span> <span class='ocrx_word' id='word_1_160' title='bbox 2089 751 2143 795; x_wconf 92' lang='lat' dir='ltr'><strong>et</strong></span> <span class='ocrx_word' id='word_1_161' title='bbox 2203 741 2434 794; x_wconf 92' lang='lat' dir='ltr'><strong>medium</strong></span> <span class='ocrx_word' id='word_1_162' title='bbox 2502 739 2759 809; x_wconf 77' lang='lat' dir='ltr'><strong>parietem</strong></span> <span class='ocrx_word' id='word_1_163' title='bbox 2822 738 3070 791; x_wconf 67' lang='lat' dir='ltr'><strong>maceriae</strong></span> <span class='ocrx_word' id='word_1_164' title='bbox 3137 742 3393 799; x_wconf 78' lang='lat' dir='ltr'><strong>solvens,</strong></span> 
     </span>
    </p>
   </div>
   <div class='ocr_carea' id='block_1_23' title="bbox 1822 826 3394 896">
    <p class='ocr_par' dir='ltr' id='par_1_23' title="bbox 1822 826 3394 896">
     <span class='ocr_line' id='line_1_23' title="bbox 1822 826 3394 896; baseline -0.004 -13"><span class='ocrx_word' id='word_1_165' title='bbox 1822 830 2135 884; x_wconf 74' lang='lat' dir='ltr'><strong>inimicitias</strong></span> <span class='ocrx_word' id='word_1_166' title='bbox 2197 830 2249 883; x_wconf 91' lang='lat' dir='ltr'><strong>in</strong></span> <span class='ocrx_word' id='word_1_167' title='bbox 2326 842 2489 882; x_wconf 85' lang='lat' dir='ltr'><strong>carne</strong></span> <span class='ocrx_word' id='word_1_168' title='bbox 2562 842 2698 891; x_wconf 87' lang='lat' dir='ltr'><strong>sua,</strong></span> <span class='ocrx_word' id='word_1_169' title='bbox 2777 826 2945 896; x_wconf 81' lang='lat' dir='ltr'><strong>legem</strong></span> <span class='ocrx_word' id='word_1_170' title='bbox 3016 831 3394 881; x_wconf 85' lang='lat' dir='ltr'><strong>mandatorum</strong></span> 
     </span>
    </p>
   </div>
   <div class='ocr_carea' id='block_1_24' title="bbox 1821 917 3399 985">
    <p class='ocr_par' dir='ltr' id='par_1_24' title="bbox 1821 917 3399 985">
     <span class='ocr_line' id='line_1_24' title="bbox 1821 917 3399 985; baseline -0.004 -9"><span class='ocrx_word' id='word_1_171' title='bbox 1821 921 1876 976; x_wconf 92' lang='lat' dir='ltr'><strong>in</strong></span> <span class='ocrx_word' id='word_1_172' title='bbox 1939 921 2172 976; x_wconf 88' lang='lat' dir='ltr'><strong>decretis</strong></span> <span class='ocrx_word' id='word_1_173' title='bbox 2230 934 2534 985; x_wconf 85' lang='lat' dir='ltr'><strong>evacuans,</strong></span> <span class='ocrx_word' id='word_1_174' title='bbox 2594 927 2655 973; x_wconf 90' lang='lat' dir='ltr'><strong>ut</strong></span> <span class='ocrx_word' id='word_1_175' title='bbox 2709 922 2845 973; x_wconf 85' lang='lat' dir='ltr'><strong>duos</strong></span> <span class='ocrx_word' id='word_1_176' title='bbox 2906 920 3101 974; x_wconf 89' lang='lat' dir='ltr'><strong>condat</strong></span> <span class='ocrx_word' id='word_1_177' title='bbox 3158 918 3214 971; x_wconf 93' lang='lat' dir='ltr'><strong>in</strong></span> <span class='ocrx_word' id='word_1_178' title='bbox 3282 917 3399 985; x_wconf 88' lang='lat' dir='ltr'><strong>ipso</strong></span> 
     </span>
    </p>
   </div>
   <div class='ocr_carea' id='block_1_25' title="bbox 1820 1011 3400 1079">
    <p class='ocr_par' dir='ltr' id='par_1_25' title="bbox 1820 1011 3400 1079">
     <span class='ocr_line' id='line_1_25' title="bbox 1820 1011 3400 1079; baseline -0.001 -14"><span class='ocrx_word' id='word_1_179' title='bbox 1820 1012 1873 1066; x_wconf 92' lang='lat' dir='ltr'><strong>in</strong></span> <span class='ocrx_word' id='word_1_180' title='bbox 1906 1027 2069 1066; x_wconf 87' lang='lat' dir='ltr'><strong>unum</strong></span> <span class='ocrx_word' id='word_1_181' title='bbox 2105 1028 2298 1066; x_wconf 86' lang='lat' dir='ltr'><strong>novum</strong></span> <span class='ocrx_word' id='word_1_182' title='bbox 2347 1014 2642 1076; x_wconf 83' lang='lat' dir='ltr'><strong>hominem,</strong></span> <span class='ocrx_word' id='word_1_183' title='bbox 2692 1011 2895 1065; x_wconf 80' lang='lat' dir='ltr'><strong>iaciens</strong></span> <span class='ocrx_word' id='word_1_184' title='bbox 2947 1025 3157 1079; x_wconf 85' lang='lat' dir='ltr'><strong>pacem,</strong></span> <span class='ocrx_word' id='word_1_185' title='bbox 3219 1019 3273 1063; x_wconf 89' lang='lat' dir='ltr'><strong>et</strong></span> <span class='ocrx_word' id='word_1_186' title='bbox 3312 1023 3400 1063; x_wconf 86' lang='lat' dir='ltr'><strong>re-</strong></span> 
     </span>
    </p>
   </div>
   <div class='ocr_carea' id='block_1_26' title="bbox 1820 1102 3397 1174">
    <p class='ocr_par' dir='ltr' id='par_1_26' title="bbox 1820 1102 3397 1174">
     <span class='ocr_line' id='line_1_26' title="bbox 1820 1102 3397 1174; baseline -0.006 -15"><span class='ocrx_word' id='word_1_187' title='bbox 1820 1104 2070 1167; x_wconf 84' lang='lat' dir='ltr'><strong>conciliet</strong></span> <span class='ocrx_word' id='word_1_188' title='bbox 2111 1103 2267 1174; x_wconf 74' lang='lat'><strong>125</strong></span> <span class='ocrx_word' id='word_1_189' title='bbox 2296 1103 2484 1157; x_wconf 87' lang='lat' dir='ltr'><strong>ambos</strong></span> <span class='ocrx_word' id='word_1_190' title='bbox 2517 1102 2569 1156; x_wconf 93' lang='lat' dir='ltr'><strong>in</strong></span> <span class='ocrx_word' id='word_1_191' title='bbox 2598 1117 2703 1156; x_wconf 89' lang='lat' dir='ltr'><strong>uno</strong></span> <span class='ocrx_word' id='word_1_192' title='bbox 2728 1116 2955 1172; x_wconf 89' lang='lat' dir='ltr'><strong>corpore</strong></span> <span class='ocrx_word' id='word_1_193' title='bbox 2996 1103 3103 1155; x_wconf 90' lang='lat' dir='ltr'><strong>Deo</strong></span> <span class='ocrx_word' id='word_1_194' title='bbox 3137 1115 3234 1167; x_wconf 92' lang='lat' dir='ltr'><strong>per</strong></span> <span class='ocrx_word' id='word_1_195' title='bbox 3271 1115 3397 1153; x_wconf 80' lang='lat' dir='ltr'><strong>cru-</strong></span> 
     </span>
    </p>
   </div>
   <div class='ocr_carea' id='block_1_27' title="bbox 1819 1191 3396 1259">
    <p class='ocr_par' dir='ltr' id='par_1_27' title="bbox 1819 1191 3396 1259">
     <span class='ocr_line' id='line_1_27' title="bbox 1819 1191 3396 1259; baseline -0.006 -9"><span class='ocrx_word' id='word_1_196' title='bbox 1819 1211 1958 1259; x_wconf 87' lang='lat' dir='ltr'><strong>cem,</strong></span> <span class='ocrx_word' id='word_1_197' title='bbox 1995 1196 2329 1249; x_wconf 71' lang='lat' dir='ltr'><strong>interﬂuens</strong></span> <span class='ocrx_word' id='word_1_198' title='bbox 2375 1193 2683 1248; x_wconf 85' lang='lat' dir='ltr'><strong>inimicitias</strong></span> <span class='ocrx_word' id='word_1_199' title='bbox 2730 1196 2781 1246; x_wconf 91' lang='lat' dir='ltr'><strong>in</strong></span> <span class='ocrx_word' id='word_1_200' title='bbox 2822 1195 3131 1259; x_wconf 90' lang='lat' dir='ltr'><strong>semetipso.</strong></span> <span class='ocrx_word' id='word_1_201' title='bbox 3192 1191 3257 1244; x_wconf 87' lang='lat' dir='ltr'><strong>Et</strong></span> <span class='ocrx_word' id='word_1_202' title='bbox 3304 1204 3396 1241; x_wconf 83' lang='lat' dir='ltr'><strong>vo-</strong></span> 
     </span>
    </p>
   </div>
   <div class='ocr_carea' id='block_1_28' title="bbox 1818 1278 3397 1352">
    <p class='ocr_par' dir='ltr' id='par_1_28' title="bbox 1818 1278 3397 1352">
     <span class='ocr_line' id='line_1_28' title="bbox 1818 1278 3397 1352; baseline -0.005 -13"><span class='ocrx_word' id='word_1_203' title='bbox 1818 1288 1973 1340; x_wconf 87' lang='lat' dir='ltr'><strong>niens</strong></span> <span class='ocrx_word' id='word_1_204' title='bbox 2012 1284 2402 1352; x_wconf 75' lang='lat' dir='ltr'><strong>evangelizavit</strong></span> <span class='ocrx_word' id='word_1_205' title='bbox 2448 1298 2633 1351; x_wconf 90' lang='lat' dir='ltr'><strong>pacem</strong></span> <span class='ocrx_word' id='word_1_206' title='bbox 2682 1284 2834 1337; x_wconf 86' lang='lat' dir='ltr'><strong>vobis</strong></span> <span class='ocrx_word' id='word_1_207' title='bbox 2860 1284 2948 1350; x_wconf 85' lang='lat' dir='ltr'><strong>qui</strong></span> <span class='ocrx_word' id='word_1_208' title='bbox 2999 1281 3156 1349; x_wconf 75' lang='lat' dir='ltr'><strong>longe</strong></span> <span class='ocrx_word' id='word_1_209' title='bbox 3196 1278 3397 1342; x_wconf 80' lang='lat' dir='ltr'><strong>fuistis,</strong></span> 
     </span>
    </p>
   </div>
   <div class='ocr_carea' id='block_1_29' title="bbox 1814 1369 3397 1447">
    <p class='ocr_par' dir='ltr' id='par_1_29' title="bbox 1814 1369 3397 1447">
     <span class='ocr_line' id='line_1_29' title="bbox 1814 1369 3397 1447; baseline -0.006 -15"><span class='ocrx_word' id='word_1_210' title='bbox 1814 1388 1868 1432; x_wconf 89' lang='lat' dir='ltr'><strong>et</strong></span> <span class='ocrx_word' id='word_1_211' title='bbox 1907 1378 1996 1446; x_wconf 91' lang='lat' dir='ltr'><strong>qui</strong></span> <span class='ocrx_word' id='word_1_212' title='bbox 2034 1392 2200 1447; x_wconf 86' lang='lat' dir='ltr'><strong>prope</strong></span> <span class='ocrx_word' id='word_1_213' title='bbox 2231 1377 2293 1430; x_wconf 72' lang='grc' dir='ltr'><strong>δ’.</strong></span> <span class='ocrx_word' id='word_1_214' title='bbox 2328 1396 2345 1427; x_wconf 75' lang='grc' dir='ltr'><strong>ι</strong></span> <span class='ocrx_word' id='word_1_215' title='bbox 2369 1375 2671 1442; x_wconf 85' lang='lat' dir='ltr'><strong>Quinetiam</strong></span> <span class='ocrx_word' id='word_1_216' title='bbox 2710 1374 2835 1427; x_wconf 81' lang='lat' dir='ltr'><strong>alibi</strong></span> <span class='ocrx_word' id='word_1_217' title='bbox 2871 1390 2883 1426; x_wconf 94' lang='lat'>:</span> <span class='ocrx_word' id='word_1_218' title='bbox 2923 1392 2941 1424; x_wconf 74' lang='grc' dir='ltr'><strong>ι</strong></span> <span class='ocrx_word' id='word_1_219' title='bbox 2970 1372 3257 1426; x_wconf 81' lang='lat' dir='ltr'><strong>Justiticati</strong></span> <span class='ocrx_word' id='word_1_220' title='bbox 3291 1369 3397 1437; x_wconf 85' lang='lat' dir='ltr'><strong>igi-</strong></span> 
     </span>
    </p>
   </div>
   <div class='ocr_carea' id='block_1_30' title="bbox 1818 1463 3395 1537">
    <p class='ocr_par' dir='ltr' id='par_1_30' title="bbox 1818 1463 3395 1537">
     <span class='ocr_line' id='line_1_30' title="bbox 1818 1463 3395 1537; baseline -0.005 -15"><span class='ocrx_word' id='word_1_221' title='bbox 1818 1478 1903 1522; x_wconf 88' lang='lat' dir='ltr'><strong>tur</strong></span> <span class='ocrx_word' id='word_1_222' title='bbox 1927 1483 1991 1522; x_wconf 87' lang='lat' dir='ltr'><strong>ex</strong></span> <span class='ocrx_word' id='word_1_223' title='bbox 2017 1469 2140 1530; x_wconf 82' lang='lat' dir='ltr'><strong>lide,</strong></span> <span class='ocrx_word' id='word_1_224' title='bbox 2173 1483 2357 1537; x_wconf 89' lang='lat' dir='ltr'><strong>pacem</strong></span> <span class='ocrx_word' id='word_1_225' title='bbox 2395 1468 2655 1523; x_wconf 83' lang='lat' dir='ltr'><strong>habemus</strong></span> <span class='ocrx_word' id='word_1_226' title='bbox 2680 1467 2747 1521; x_wconf 88' lang='lat' dir='ltr'><strong>ad</strong></span> <span class='ocrx_word' id='word_1_227' title='bbox 2787 1466 2949 1521; x_wconf 89' lang='lat' dir='ltr'><strong>Deum</strong></span> <span class='ocrx_word' id='word_1_228' title='bbox 2989 1480 3083 1534; x_wconf 88' lang='lat' dir='ltr'><strong>per</strong></span> <span class='ocrx_word' id='word_1_229' title='bbox 3112 1463 3395 1517; x_wconf 88' lang='lat' dir='ltr'><strong>Dominum</strong></span> 
     </span>
    </p>
   </div>
   <div class='ocr_carea' id='block_1_31' title="bbox 1815 1553 3394 1627">
    <p class='ocr_par' dir='ltr' id='par_1_31' title="bbox 1815 1553 3394 1627">
     <span class='ocr_line' id='line_1_31' title="bbox 1815 1553 3394 1627; baseline -0.004 -15"><span class='ocrx_word' id='word_1_230' title='bbox 1815 1569 2059 1613; x_wconf 88' lang='lat' dir='ltr'><strong>nostrum</strong></span> <span class='ocrx_word' id='word_1_231' title='bbox 2114 1558 2295 1613; x_wconf 85' lang='lat' dir='ltr'><strong>Jesum</strong></span> <span class='ocrx_word' id='word_1_232' title='bbox 2346 1559 2623 1613; x_wconf 89' lang='lat' dir='ltr'><strong>Christum</strong></span> <span class='ocrx_word' id='word_1_233' title='bbox 2666 1558 2731 1610; x_wconf 78' lang='lat'><strong>“.</strong></span> <span class='ocrx_word' id='word_1_234' title='bbox 2772 1577 2791 1609; x_wconf 73' lang='grc' dir='ltr'><strong>ι</strong></span> <span class='ocrx_word' id='word_1_235' title='bbox 2841 1557 3011 1627; x_wconf 83' lang='lat' dir='ltr'><strong>Igitur</strong></span> <span class='ocrx_word' id='word_1_236' title='bbox 3057 1553 3394 1609; x_wconf 74' lang='lat' dir='ltr'><strong>reconciliati</strong></span> 
     </span>
    </p>
   </div>
   <div class='ocr_carea' id='block_1_32' title="bbox 1812 1647 3396 1719">
    <p class='ocr_par' dir='ltr' id='par_1_32' title="bbox 1812 1647 3396 1719">
     <span class='ocr_line' id='line_1_32' title="bbox 1812 1647 3396 1719; baseline -0.004 -13"><span class='ocrx_word' id='word_1_237' title='bbox 1812 1668 1999 1707; x_wconf 90' lang='lat' dir='ltr'><strong>sumus</strong></span> <span class='ocrx_word' id='word_1_238' title='bbox 2048 1652 2159 1705; x_wconf 91' lang='lat' dir='ltr'><strong>Deo</strong></span> <span class='ocrx_word' id='word_1_239' title='bbox 2194 1663 2250 1705; x_wconf 79' lang='lat' dir='ltr'><strong>et</strong></span> <span class='ocrx_word' id='word_1_240' title='bbox 2294 1652 2441 1705; x_wconf 87' lang='lat' dir='ltr'><strong>Patri</strong></span> <span class='ocrx_word' id='word_1_241' title='bbox 2491 1666 2585 1719; x_wconf 91' lang='lat' dir='ltr'><strong>per</strong></span> <span class='ocrx_word' id='word_1_242' title='bbox 2638 1660 2864 1704; x_wconf 87' lang='lat' dir='ltr'><strong>mortem</strong></span> <span class='ocrx_word' id='word_1_243' title='bbox 2920 1647 3039 1703; x_wconf 86' lang='lat' dir='ltr'><strong>Filii</strong></span> <span class='ocrx_word' id='word_1_244' title='bbox 3093 1648 3226 1714; x_wconf 87' lang='lat' dir='ltr'><strong>ejus,</strong></span> <span class='ocrx_word' id='word_1_245' title='bbox 3267 1662 3396 1699; x_wconf 80' lang='lat' dir='ltr'><strong>eva-</strong></span> 
     </span>
    </p>
   </div>
   <div class='ocr_carea' id='block_1_33' title="bbox 1813 1740 3392 1803">
    <p class='ocr_par' dir='ltr' id='par_1_33' title="bbox 1813 1740 3392 1803">
     <span class='ocr_line' id='line_1_33' title="bbox 1813 1740 3392 1803; baseline -0.006 -6"><span class='ocrx_word' id='word_1_246' title='bbox 1813 1752 2011 1797; x_wconf 77' lang='lat' dir='ltr'><strong>errante</strong></span> <span class='ocrx_word' id='word_1_247' title='bbox 2044 1756 2106 1797; x_wconf 89' lang='lat' dir='ltr'><strong>eo</strong></span> <span class='ocrx_word' id='word_1_248' title='bbox 2143 1743 2220 1795; x_wconf 88' lang='lat' dir='ltr'><strong>vel</strong></span> <span class='ocrx_word' id='word_1_249' title='bbox 2253 1742 2611 1796; x_wconf 80' lang='lat' dir='ltr'><strong>interlicientc</strong></span> <span class='ocrx_word' id='word_1_250' title='bbox 2645 1740 2955 1794; x_wconf 84' lang='lat' dir='ltr'><strong>inimicitias</strong></span> <span class='ocrx_word' id='word_1_251' title='bbox 2991 1740 3041 1792; x_wconf 93' lang='lat' dir='ltr'><strong>in</strong></span> <span class='ocrx_word' id='word_1_252' title='bbox 3070 1754 3232 1791; x_wconf 86' lang='lat' dir='ltr'><strong>carne</strong></span> <span class='ocrx_word' id='word_1_253' title='bbox 3274 1753 3392 1803; x_wconf 87' lang='lat' dir='ltr'><strong>sua,</strong></span> 
     </span>
    </p>
   </div>
   <div class='ocr_carea' id='block_1_34' title="bbox 110 1816 1705 1903">
    <p class='ocr_par' dir='ltr' id='par_1_34' title="bbox 110 1825 1705 1903">
     <span class='ocr_line' id='line_1_34' title="bbox 110 1825 1705 1903; baseline -0.004 -19"><span class='ocrx_word' id='word_1_254' title='bbox 110 1835 269 1903; x_wconf 68' lang='grc' dir='ltr'>ήγουν</span> <span class='ocrx_word' id='word_1_255' title='bbox 296 1830 739 1892; x_wconf 82' lang='grc' dir='ltr'>ἀποκτείναντος</span> <span class='ocrx_word' id='word_1_256' title='bbox 775 1828 874 1898; x_wconf 80' lang='grc' dir='ltr'><strong>τὴν</strong></span> <span class='ocrx_word' id='word_1_257' title='bbox 903 1827 1100 1897; x_wconf 77' lang='grc' dir='ltr'>ἔχθραν</span> <span class='ocrx_word' id='word_1_258' title='bbox 1131 1828 1187 1878; x_wconf 82' lang='grc' dir='ltr'>ὲν</span> <span class='ocrx_word' id='word_1_259' title='bbox 1218 1831 1281 1897; x_wconf 81' lang='grc' dir='ltr'>τῇ</span> <span class='ocrx_word' id='word_1_260' title='bbox 1318 1829 1481 1898; x_wconf 76' lang='grc' dir='ltr'>σαρκὶ</span> <span class='ocrx_word' id='word_1_261' title='bbox 1521 1825 1705 1891; x_wconf 82' lang='grc' dir='ltr'>αὑτοῦ,</span> 
     </span>
    </p>
   </div>
   <div class='ocr_carea' id='block_1_35' title="bbox 1809 1816 3394 1903">
    <p class='ocr_par' dir='ltr' id='par_1_35' title="bbox 1809 1830 3394 1903">
     <span class='ocr_line' id='line_1_35' title="bbox 1809 1830 3394 1903; baseline -0.004 -17"><span class='ocrx_word' id='word_1_262' title='bbox 1809 1834 1959 1903; x_wconf 75' lang='lat' dir='ltr'><strong>juxta</strong></span> <span class='ocrx_word' id='word_1_263' title='bbox 1995 1848 2271 1886; x_wconf 88' lang='lat' dir='ltr'><strong>sacrarum</strong></span> <span class='ocrx_word' id='word_1_264' title='bbox 2303 1833 2632 1885; x_wconf 86' lang='lat' dir='ltr'><strong>Litterarum</strong></span> <span class='ocrx_word' id='word_1_265' title='bbox 2666 1832 2845 1883; x_wconf 84' lang='lat' dir='ltr'><strong>iidem.</strong></span> <span class='ocrx_word' id='word_1_266' title='bbox 2887 1830 2965 1882; x_wconf 89' lang='lat' dir='ltr'><strong>Tu</strong></span> <span class='ocrx_word' id='word_1_267' title='bbox 3012 1844 3140 1882; x_wconf 90' lang='lat' dir='ltr'><strong>vero</strong></span> <span class='ocrx_word' id='word_1_268' title='bbox 3175 1830 3394 1896; x_wconf 80' lang='lat' dir='ltr'><strong>dispen-</strong></span> 
     </span>
    </p>
   </div>
   <div class='ocr_carea' id='block_1_36' title="bbox 110 1918 1708 1991">
    <p class='ocr_par' dir='ltr' id='par_1_36' title="bbox 110 1918 1708 1991">
     <span class='ocr_line' id='line_1_36' title="bbox 110 1918 1708 1991; baseline -0.006 -15"><span class='ocrx_word' id='word_1_269' title='bbox 110 1925 243 1977; x_wconf 66' lang='lat' dir='ltr'><strong>me</strong></span> <span class='ocrx_word' id='word_1_270' title='bbox 286 1939 359 1991; x_wconf 85' lang='grc' dir='ltr'><strong>γε</strong></span> <span class='ocrx_word' id='word_1_271' title='bbox 407 1921 512 1991; x_wconf 82' lang='grc' dir='ltr'><strong>τὴν</strong></span> <span class='ocrx_word' id='word_1_272' title='bbox 554 1922 741 1973; x_wconf 86' lang='grc' dir='ltr'>πίστιν</span> <span class='ocrx_word' id='word_1_273' title='bbox 778 1920 887 1973; x_wconf 87' lang='grc' dir='ltr'><strong>τῶν</strong></span> <span class='ocrx_word' id='word_1_274' title='bbox 938 1918 1098 1990; x_wconf 84' lang='grc' dir='ltr'>ἱερῶν</span> <span class='ocrx_word' id='word_1_275' title='bbox 1125 1918 1493 1988; x_wconf 86' lang='grc' dir='ltr'>Γραμμάτων.</span> <span class='ocrx_word' id='word_1_276' title='bbox 1530 1919 1708 1969; x_wconf 82' lang='grc' dir='ltr'>’Δναι-</span> 
     </span>
    </p>
   </div>
   <div class='ocr_carea' id='block_1_37' title="bbox 112 2008 1709 2085">
    <p class='ocr_par' dir='ltr' id='par_1_37' title="bbox 112 2008 1709 2085">
     <span class='ocr_line' id='line_1_37' title="bbox 112 2008 1709 2085; baseline -0.002 -22"><span class='ocrx_word' id='word_1_277' title='bbox 112 2015 218 2085; x_wconf 83' lang='grc' dir='ltr'>ρεῖς</span> <span class='ocrx_word' id='word_1_278' title='bbox 243 2015 301 2066; x_wconf 81' lang='grc' dir='ltr'><strong>δὲ</strong></span> <span class='ocrx_word' id='word_1_279' title='bbox 334 2014 479 2075; x_wconf 73' lang='grc' dir='ltr'>τοὺς</span> <span class='ocrx_word' id='word_1_280' title='bbox 508 2012 707 2078; x_wconf 81' lang='grc' dir='ltr'><strong>λόγους</strong></span> <span class='ocrx_word' id='word_1_281' title='bbox 747 2011 847 2079; x_wconf 77' lang='grc' dir='ltr'>τῆς</span> <span class='ocrx_word' id='word_1_282' title='bbox 880 2008 1191 2078; x_wconf 80' lang='grc' dir='ltr'>οἰκονομίας</span> <span class='ocrx_word' id='word_1_283' title='bbox 1240 2008 1421 2071; x_wconf 83' lang='grc' dir='ltr'>αὐτὸς,</span> <span class='ocrx_word' id='word_1_284' title='bbox 1451 2008 1544 2061; x_wconf 81' lang='grc' dir='ltr'>καὶ</span> <span class='ocrx_word' id='word_1_285' title='bbox 1576 2009 1709 2077; x_wconf 82' lang='grc' dir='ltr'>ὁμο-</span> 
     </span>
    </p>
   </div>
   <div class='ocr_carea' id='block_1_38' title="bbox 110 2098 1710 2173">
    <p class='ocr_par' dir='ltr' id='par_1_38' title="bbox 110 2098 1710 2173">
     <span class='ocr_line' id='line_1_38' title="bbox 110 2098 1710 2173; baseline -0.005 -16"><span class='ocrx_word' id='word_1_286' title='bbox 110 2107 276 2173; x_wconf 70' lang='grc' dir='ltr'>λογεῖν</span> <span class='ocrx_word' id='word_1_287' title='bbox 312 2105 428 2156; x_wconf 75' lang='grc' dir='ltr'>οὐκ</span> <span class='ocrx_word' id='word_1_288' title='bbox 469 2101 665 2165; x_wconf 78' lang='grc' dir='ltr'>ἀξιοῖς,</span> <span class='ocrx_word' id='word_1_289' title='bbox 700 2100 783 2152; x_wconf 87' lang='grc' dir='ltr'>ὅτι</span> <span class='ocrx_word' id='word_1_290' title='bbox 824 2100 991 2168; x_wconf 72' lang='grc' dir='ltr'>σαρκὶ</span> <span class='ocrx_word' id='word_1_291' title='bbox 1021 2099 1288 2151; x_wconf 79' lang='grc' dir='ltr'>πέπονθεν</span> <span class='ocrx_word' id='word_1_292' title='bbox 1324 2099 1464 2168; x_wconf 81' lang='grc' dir='ltr'>ὑπὲρ</span> <span class='ocrx_word' id='word_1_293' title='bbox 1494 2098 1651 2167; x_wconf 82' lang='grc' dir='ltr'>ἡμῶν</span> <span class='ocrx_word' id='word_1_294' title='bbox 1682 2099 1710 2149; x_wconf 87' lang='grc' dir='ltr'><strong>ὁ</strong></span> 
     </span>
    </p>
   </div>
   <div class='ocr_carea' id='block_1_39' title="bbox 108 2186 1710 2260">
    <p class='ocr_par' dir='ltr' id='par_1_39' title="bbox 108 2186 1710 2260">
     <span class='ocr_line' id='line_1_39' title="bbox 108 2186 1710 2260; baseline -0.007 -10"><span class='ocrx_word' id='word_1_295' title='bbox 108 2196 195 2250; x_wconf 79' lang='grc' dir='ltr'>τοῦ</span> <span class='ocrx_word' id='word_1_296' title='bbox 228 2193 375 2249; x_wconf 70' lang='grc' dir='ltr'>Θεοῦ</span> <span class='ocrx_word' id='word_1_297' title='bbox 416 2194 614 2259; x_wconf 83' lang='grc' dir='ltr'>Λόγος,</span> <span class='ocrx_word' id='word_1_298' title='bbox 652 2189 1046 2260; x_wconf 83' lang='grc' dir='ltr'>εὑρεσιλογίαις</span> <span class='ocrx_word' id='word_1_299' title='bbox 1079 2190 1219 2240; x_wconf 71' lang='grc' dir='ltr'>τισὶν</span> <span class='ocrx_word' id='word_1_300' title='bbox 1252 2189 1533 2251; x_wconf 88' lang='grc' dir='ltr'>ἀσυνέτοις</span> <span class='ocrx_word' id='word_1_301' title='bbox 1564 2186 1710 2257; x_wconf 85' lang='grc' dir='ltr'><strong>χρώ-</strong></span> 
     </span>
    </p>
   </div>
   <div class='ocr_carea' id='block_1_40' title="bbox 111 2278 1710 2355">
    <p class='ocr_par' dir='ltr' id='par_1_40' title="bbox 111 2278 1710 2355">
     <span class='ocr_line' id='line_1_40' title="bbox 111 2278 1710 2355; baseline -0.006 -16"><span class='ocrx_word' id='word_1_302' title='bbox 111 2302 296 2355; x_wconf 74' lang='grc' dir='ltr'>μενος·</span> <span class='ocrx_word' id='word_1_303' title='bbox 360 2283 554 2337; x_wconf 82' lang='grc' dir='ltr'>κοινὸν</span> <span class='ocrx_word' id='word_1_304' title='bbox 599 2282 708 2351; x_wconf 80' lang='grc' dir='ltr'>γὰρ</span> <span class='ocrx_word' id='word_1_305' title='bbox 753 2280 924 2350; x_wconf 76' lang='grc' dir='ltr'>ὄνομα</span> <span class='ocrx_word' id='word_1_306' title='bbox 968 2279 1073 2348; x_wconf 80' lang='grc' dir='ltr'>φὴς</span> <span class='ocrx_word' id='word_1_307' title='bbox 1118 2278 1195 2346; x_wconf 79' lang='grc' dir='ltr'><strong>τῷ</strong></span> <span class='ocrx_word' id='word_1_308' title='bbox 1247 2280 1311 2329; x_wconf 77' lang='grc' dir='ltr'><strong>ὲκ</strong></span> <span class='ocrx_word' id='word_1_309' title='bbox 1362 2278 1499 2330; x_wconf 84' lang='grc' dir='ltr'>Θεοῦ</span> <span class='ocrx_word' id='word_1_310' title='bbox 1552 2278 1710 2345; x_wconf 81' lang='grc' dir='ltr'>φύντι</span> 
     </span>
    </p>
   </div>
   <div class='ocr_carea' id='block_1_41' title="bbox 108 2365 1709 2449">
    <p class='ocr_par' dir='ltr' id='par_1_41' title="bbox 108 2365 1709 2449">
     <span class='ocr_line' id='line_1_41' title="bbox 108 2365 1709 2449; baseline -0.006 -18"><span class='ocrx_word' id='word_1_311' title='bbox 108 2381 278 2449; x_wconf 74' lang='grc' dir='ltr'>Λόγῳ,</span> <span class='ocrx_word' id='word_1_312' title='bbox 313 2379 423 2430; x_wconf 72' lang='grc' dir='ltr'><strong>καὶ</strong></span> <span class='ocrx_word' id='word_1_313' title='bbox 462 2377 597 2444; x_wconf 81' lang='grc' dir='ltr'>ἡμῖν</span> <span class='ocrx_word' id='word_1_314' title='bbox 623 2374 829 2436; x_wconf 75' lang='grc' dir='ltr'>αὐτοῖς,</span> <span class='ocrx_word' id='word_1_315' title='bbox 850 2372 931 2436; x_wconf 88' lang='grc' dir='ltr'><strong>τὸ,</strong></span> <span class='ocrx_word' id='word_1_316' title='bbox 964 2371 1112 2433; x_wconf 86' lang='grc' dir='ltr'>Υἰός.</span> <span class='ocrx_word' id='word_1_317' title='bbox 1148 2365 1282 2422; x_wconf 78' lang='grc' dir='ltr'>Εἶτα</span> <span class='ocrx_word' id='word_1_318' title='bbox 1314 2368 1419 2420; x_wconf 87' lang='grc' dir='ltr'><strong>τῶν</strong></span> <span class='ocrx_word' id='word_1_319' title='bbox 1453 2370 1533 2430; x_wconf 90' lang='grc' dir='ltr'><strong>εἰς</strong></span> <span class='ocrx_word' id='word_1_320' title='bbox 1562 2370 1709 2437; x_wconf 80' lang='grc' dir='ltr'>ἡμᾶς</span> 
     </span>
    </p>
   </div>
   <div class='ocr_carea' id='block_1_42' title="bbox 109 2454 1707 2535">
    <p class='ocr_par' dir='ltr' id='par_1_42' title="bbox 109 2454 1707 2535">
     <span class='ocr_line' id='line_1_42' title="bbox 109 2454 1707 2535; baseline -0.006 -16"><span class='ocrx_word' id='word_1_321' title='bbox 109 2468 422 2535; x_wconf 72' lang='grc' dir='ltr'>γεγονότων</span> <span class='ocrx_word' id='word_1_322' title='bbox 458 2462 707 2531; x_wconf 80' lang='grc' dir='ltr'>ἀγαθῶν,</span> <span class='ocrx_word' id='word_1_323' title='bbox 745 2462 919 2530; x_wconf 89' lang='grc' dir='ltr'>ἀεργῆ</span> <span class='ocrx_word' id='word_1_324' title='bbox 956 2461 1216 2522; x_wconf 85' lang='grc' dir='ltr'>καθιστὰς</span> <span class='ocrx_word' id='word_1_325' title='bbox 1260 2459 1371 2522; x_wconf 88' lang='grc' dir='ltr'>τὸν,</span> <span class='ocrx_word' id='word_1_326' title='bbox 1406 2458 1471 2511; x_wconf 86' lang='grc' dir='ltr'><strong>δι’</strong></span> <span class='ocrx_word' id='word_1_327' title='bbox 1516 2454 1577 2511; x_wconf 68' lang='grc' dir='ltr'><strong>οὗ</strong></span> <span class='ocrx_word' id='word_1_328' title='bbox 1621 2477 1707 2511; x_wconf 85' lang='grc' dir='ltr'>σε-</span> 
     </span>
    </p>
   </div>
   <div class='ocr_carea' id='block_1_43' title="bbox 112 2548 1711 2629">
    <p class='ocr_par' dir='ltr' id='par_1_43' title="bbox 112 2548 1711 2629">
     <span class='ocr_line' id='line_1_43' title="bbox 112 2548 1711 2629; baseline -0.008 -17"><span class='ocrx_word' id='word_1_329' title='bbox 112 2559 378 2629; x_wconf 68' lang='grc' dir='ltr'>σῴσμεθα</span> <span class='ocrx_word' id='word_1_330' title='bbox 427 2555 564 2608; x_wconf 89' lang='grc' dir='ltr'>Θεὸν</span> <span class='ocrx_word' id='word_1_331' title='bbox 594 2553 787 2621; x_wconf 84' lang='grc' dir='ltr'>Λόγον,</span> <span class='ocrx_word' id='word_1_332' title='bbox 817 2551 892 2613; x_wconf 81' lang='grc' dir='ltr'>ὡς</span> <span class='ocrx_word' id='word_1_333' title='bbox 942 2551 1111 2620; x_wconf 76' lang='grc' dir='ltr'>ἑτέρῳ</span> <span class='ocrx_word' id='word_1_334' title='bbox 1144 2550 1273 2620; x_wconf 85' lang='grc' dir='ltr'>παρ’</span> <span class='ocrx_word' id='word_1_335' title='bbox 1300 2548 1461 2602; x_wconf 78' lang='grc' dir='ltr'>αὐτὸν</span> <span class='ocrx_word' id='word_1_336' title='bbox 1496 2549 1591 2600; x_wconf 75' lang='grc' dir='ltr'><strong>καὶ</strong></span> <span class='ocrx_word' id='word_1_337' title='bbox 1619 2548 1711 2600; x_wconf 86' lang='grc' dir='ltr'>ἰδι-</span> 
     </span>
    </p>
   </div>
   <div class='ocr_carea' id='block_1_44' title="bbox 109 2635 1710 2717">
    <p class='ocr_par' dir='ltr' id='par_1_44' title="bbox 109 2635 1710 2717">
     <span class='ocr_line' id='line_1_44' title="bbox 109 2635 1710 2717; baseline -0.007 -16"><span class='ocrx_word' id='word_1_338' title='bbox 109 2650 207 2711; x_wconf 67' lang='lat' dir='ltr'><strong>ub;</strong></span> <span class='ocrx_word' id='word_1_339' title='bbox 241 2647 541 2717; x_wconf 80' lang='grc' dir='ltr'>νοουμένῳ</span> <span class='ocrx_word' id='word_1_340' title='bbox 566 2644 675 2698; x_wconf 88' lang='grc' dir='ltr'><strong>τῶν</strong></span> <span class='ocrx_word' id='word_1_341' title='bbox 705 2642 828 2695; x_wconf 86' lang='grc' dir='ltr'>καθ’</span> <span class='ocrx_word' id='word_1_342' title='bbox 860 2642 1006 2709; x_wconf 83' lang='grc' dir='ltr'>ἡμᾶς</span> <span class='ocrx_word' id='word_1_343' title='bbox 1036 2641 1135 2701; x_wconf 76' lang='grc' dir='ltr'>ἐνὶ,</span> <span class='ocrx_word' id='word_1_344' title='bbox 1166 2641 1235 2692; x_wconf 85' lang='grc' dir='ltr'>τὰ</span> <span class='ocrx_word' id='word_1_345' title='bbox 1263 2641 1345 2707; x_wconf 81' lang='grc' dir='ltr'><strong>ἐφ’</strong></span> <span class='ocrx_word' id='word_1_346' title='bbox 1380 2635 1460 2701; x_wconf 75' lang='grc' dir='ltr'>οἷς</span> <span class='ocrx_word' id='word_1_347' title='bbox 1496 2638 1710 2704; x_wconf 80' lang='grc' dir='ltr'>δοξάζε-</span> 
     </span>
    </p>
   </div>
   <div class='ocr_carea' id='block_1_45' title="bbox 107 2728 1711 2810">
    <p class='ocr_par' dir='ltr' id='par_1_45' title="bbox 107 2728 1711 2810">
     <span class='ocr_line' id='line_1_45' title="bbox 107 2728 1711 2810; baseline -0.007 -20"><span class='ocrx_word' id='word_1_348' title='bbox 107 2757 187 2793; x_wconf 76' lang='grc' dir='ltr'><strong>ται</strong></span> <span class='ocrx_word' id='word_1_349' title='bbox 218 2734 700 2810; x_wconf 78' lang='grc' dir='ltr'>προσνενεμηκὼς</span> <span class='ocrx_word' id='word_1_350' title='bbox 730 2732 915 2798; x_wconf 81' lang='grc' dir='ltr'>ἀλώσῃ</span> <span class='ocrx_word' id='word_1_351' title='bbox 964 2729 1169 2798; x_wconf 74' lang='grc' dir='ltr'>σαφῶς.</span> <span class='ocrx_word' id='word_1_352' title='bbox 1217 2729 1331 2781; x_wconf 80' lang='grc' dir='ltr'>Οἴει</span> <span class='ocrx_word' id='word_1_353' title='bbox 1359 2728 1415 2780; x_wconf 86' lang='grc' dir='ltr'><strong>δέ</strong></span> <span class='ocrx_word' id='word_1_354' title='bbox 1461 2745 1543 2781; x_wconf 90' lang='grc' dir='ltr'><strong>σοι</strong></span> <span class='ocrx_word' id='word_1_355' title='bbox 1576 2728 1711 2797; x_wconf 87' lang='grc' dir='ltr'>πρὸς</span> 
     </span>
    </p>
   </div>
   <div class='ocr_carea' id='block_1_46' title="bbox 106 2820 1703 2895">
    <p class='ocr_par' dir='ltr' id='par_1_46' title="bbox 106 2820 1703 2895">
     <span class='ocr_line' id='line_1_46' title="bbox 106 2820 1703 2895; baseline -0.007 -14"><span class='ocrx_word' id='word_1_356' title='bbox 106 2830 396 2894; x_wconf 71' lang='grc' dir='ltr'>ἀπόδειξιν</span> <span class='ocrx_word' id='word_1_357' title='bbox 424 2823 502 2879; x_wconf 82' lang='grc' dir='ltr'>ὧν</span> <span class='ocrx_word' id='word_1_358' title='bbox 539 2826 675 2894; x_wconf 80' lang='grc' dir='ltr'>ἔφην</span> <span class='ocrx_word' id='word_1_359' title='bbox 698 2824 808 2895; x_wconf 83' lang='grc' dir='ltr'><strong>[ἰσ.</strong></span> <span class='ocrx_word' id='word_1_360' title='bbox 834 2820 1018 2892; x_wconf 75' lang='grc' dir='ltr'>ἔφης],</span> <span class='ocrx_word' id='word_1_361' title='bbox 1042 2822 1137 2874; x_wconf 76' lang='grc' dir='ltr'><strong>καὶ</strong></span> <span class='ocrx_word' id='word_1_362' title='bbox 1169 2820 1274 2891; x_wconf 82' lang='grc' dir='ltr'>μὴν</span> <span class='ocrx_word' id='word_1_363' title='bbox 1302 2821 1396 2872; x_wconf 76' lang='grc' dir='ltr'>καὶ</span> <span class='ocrx_word' id='word_1_364' title='bbox 1428 2820 1703 2890; x_wconf 80' lang='grc' dir='ltr'>πεφρόνη-</span> 
     </span>
    </p>
   </div>
   <div class='ocr_carea' id='block_1_47' title="bbox 108 2909 1700 2986">
    <p class='ocr_par' dir='ltr' id='par_1_47' title="bbox 108 2909 1700 2986">
     <span class='ocr_line' id='line_1_47' title="bbox 108 2909 1700 2986; baseline -0.006 -17"><span class='ocrx_word' id='word_1_365' title='bbox 108 2937 201 2981; x_wconf 75' lang='grc' dir='ltr'><strong>κας</strong></span> <span class='ocrx_word' id='word_1_366' title='bbox 230 2920 339 2971; x_wconf 75' lang='grc' dir='ltr'><strong>οὐκ</strong></span> <span class='ocrx_word' id='word_1_367' title='bbox 364 2915 570 2986; x_wconf 77' lang='grc' dir='ltr'>ὀρθῶς,</span> <span class='ocrx_word' id='word_1_368' title='bbox 598 2914 934 2983; x_wconf 80' lang='grc' dir='ltr'>ἀποχρήσειν</span> <span class='ocrx_word' id='word_1_369' title='bbox 962 2909 1021 2965; x_wconf 82' lang='grc' dir='ltr'><strong>εὖ</strong></span> <span class='ocrx_word' id='word_1_370' title='bbox 1055 2912 1202 2982; x_wconf 86' lang='grc' dir='ltr'>μάλα</span> <span class='ocrx_word' id='word_1_371' title='bbox 1232 2911 1329 2982; x_wconf 81' lang='grc' dir='ltr'>τὴν</span> <span class='ocrx_word' id='word_1_372' title='bbox 1358 2912 1700 2982; x_wconf 73' lang='grc' dir='ltr'>ὁμωνυμίανο</span> 
     </span>
    </p>
   </div>
   <div class='ocr_carea' id='block_1_48' title="bbox 106 2997 1711 3071">
    <p class='ocr_par' dir='ltr' id='par_1_48' title="bbox 106 2997 1711 3071">
     <span class='ocr_line' id='line_1_48' title="bbox 106 2997 1711 3071; baseline -0.006 -10"><span class='ocrx_word' id='word_1_373' title='bbox 106 3010 195 3061; x_wconf 70' lang='grc' dir='ltr'>οὐκ</span> <span class='ocrx_word' id='word_1_374' title='bbox 224 3008 441 3060; x_wconf 81' lang='grc' dir='ltr'>ἐννοῶν</span> <span class='ocrx_word' id='word_1_375' title='bbox 468 3006 553 3057; x_wconf 82' lang='grc' dir='ltr'>ὅτι</span> <span class='ocrx_word' id='word_1_376' title='bbox 584 3002 690 3057; x_wconf 79' lang='grc' dir='ltr'><strong>κᾶν</strong></span> <span class='ocrx_word' id='word_1_377' title='bbox 723 3005 834 3065; x_wconf 83' lang='grc' dir='ltr'>τοῖς</span> <span class='ocrx_word' id='word_1_378' title='bbox 870 3003 1011 3054; x_wconf 80' lang='grc' dir='ltr'><strong>κατά</strong></span> <span class='ocrx_word' id='word_1_379' title='bbox 1055 3002 1214 3069; x_wconf 75' lang='grc' dir='ltr'>φύσιν</span> <span class='ocrx_word' id='word_1_380' title='bbox 1245 2997 1384 3054; x_wconf 75' lang='grc' dir='ltr'>εἶναι</span> <span class='ocrx_word' id='word_1_381' title='bbox 1417 3019 1471 3053; x_wconf 90' lang='grc' dir='ltr'><strong>τι</strong></span> <span class='ocrx_word' id='word_1_382' title='bbox 1514 2999 1711 3071; x_wconf 81' lang='grc' dir='ltr'>λαχοῦ-</span> 
     </span>
    </p>
   </div>
   <div class='ocr_carea' id='block_1_49' title="bbox 109 3088 1711 3167">
    <p class='ocr_par' dir='ltr' id='par_1_49' title="bbox 109 3088 1711 3167">
     <span class='ocr_line' id='line_1_49' title="bbox 109 3088 1711 3167; baseline -0.006 -18"><span class='ocrx_word' id='word_1_383' title='bbox 109 3115 203 3161; x_wconf 80' lang='grc' dir='ltr'>σιν,</span> <span class='ocrx_word' id='word_1_384' title='bbox 242 3095 572 3167; x_wconf 82' lang='grc' dir='ltr'>ὁμωνύμως</span> <span class='ocrx_word' id='word_1_385' title='bbox 603 3093 766 3162; x_wconf 73' lang='grc' dir='ltr'>ἔτερα</span> <span class='ocrx_word' id='word_1_386' title='bbox 795 3091 1023 3159; x_wconf 82' lang='grc' dir='ltr'>λέγηται</span> <span class='ocrx_word' id='word_1_387' title='bbox 1052 3089 1158 3141; x_wconf 89' lang='grc' dir='ltr'><strong>τῶν</strong></span> <span class='ocrx_word' id='word_1_388' title='bbox 1208 3088 1375 3142; x_wconf 77' lang='grc' dir='ltr'>όντων</span> <span class='ocrx_word' id='word_1_389' title='bbox 1403 3088 1547 3150; x_wconf 76' lang='grc' dir='ltr'>τινὰ,</span> <span class='ocrx_word' id='word_1_390' title='bbox 1588 3089 1711 3157; x_wconf 75' lang='grc' dir='ltr'>οὐχὶ</span> 
     </span>
    </p>
   </div>
   <div class='ocr_carea' id='block_1_50' title="bbox 105 3178 1700 3259">
    <p class='ocr_par' dir='ltr' id='par_1_50' title="bbox 105 3178 1700 3259">
     <span class='ocr_line' id='line_1_50' title="bbox 105 3178 1700 3259; baseline -0.006 -19"><span class='ocrx_word' id='word_1_391' title='bbox 105 3189 303 3259; x_wconf 81' lang='grc' dir='ltr'>ταύτης</span> <span class='ocrx_word' id='word_1_392' title='bbox 349 3189 522 3240; x_wconf 72' lang='grc' dir='ltr'>ἕνεκα</span> <span class='ocrx_word' id='word_1_393' title='bbox 566 3184 666 3254; x_wconf 80' lang='grc' dir='ltr'>τῆς</span> <span class='ocrx_word' id='word_1_394' title='bbox 702 3182 882 3244; x_wconf 79' lang='grc' dir='ltr'>αἰτίας</span> <span class='ocrx_word' id='word_1_395' title='bbox 928 3180 1191 3248; x_wconf 81' lang='grc' dir='ltr'>έξωστέον</span> <span class='ocrx_word' id='word_1_396' title='bbox 1223 3179 1291 3232; x_wconf 85' lang='grc' dir='ltr'><strong>τὰ</strong></span> <span class='ocrx_word' id='word_1_397' title='bbox 1341 3179 1485 3231; x_wconf 87' lang='grc' dir='ltr'>κατά</span> <span class='ocrx_word' id='word_1_398' title='bbox 1518 3178 1700 3247; x_wconf 89' lang='grc' dir='ltr'>φύσιν,</span> 
     </span>
    </p>
   </div>
   <div class='ocr_carea' id='block_1_51' title="bbox 106 3271 1705 3351">
    <p class='ocr_par' dir='ltr' id='par_1_51' title="bbox 106 3271 1705 3351">
     <span class='ocr_line' id='line_1_51' title="bbox 106 3271 1705 3351; baseline -0.005 -18"><span class='ocrx_word' id='word_1_399' title='bbox 106 3281 495 3351; x_wconf 75' lang='grc' dir='ltr'>περιτιθέντας</span> <span class='ocrx_word' id='word_1_400' title='bbox 521 3278 610 3330; x_wconf 70' lang='grc' dir='ltr'><strong>ἀεὶ</strong></span> <span class='ocrx_word' id='word_1_401' title='bbox 646 3276 714 3330; x_wconf 81' lang='grc' dir='ltr'>τὰ</span> <span class='ocrx_word' id='word_1_402' title='bbox 759 3274 957 3336; x_wconf 81' lang='grc' dir='ltr'>αὐτῶν,</span> <span class='ocrx_word' id='word_1_403' title='bbox 996 3276 1107 3336; x_wconf 83' lang='grc' dir='ltr'>τοῖς</span> <span class='ocrx_word' id='word_1_404' title='bbox 1141 3272 1282 3327; x_wconf 84' lang='grc' dir='ltr'><strong>κατὰ</strong></span> <span class='ocrx_word' id='word_1_405' title='bbox 1329 3272 1501 3337; x_wconf 85' lang='grc' dir='ltr'>θέσιν,</span> <span class='ocrx_word' id='word_1_406' title='bbox 1546 3271 1579 3343; x_wconf 80' lang='grc' dir='ltr'>ἢ</span> <span class='ocrx_word' id='word_1_407' title='bbox 1615 3273 1705 3343; x_wconf 86' lang='grc' dir='ltr'>μί-</span> 
     </span>
    </p>
   </div>
   <div class='ocr_carea' id='block_1_52' title="bbox 108 3362 1705 3442">
    <p class='ocr_par' dir='ltr' id='par_1_52' title="bbox 108 3362 1705 3442">
     <span class='ocr_line' id='line_1_52' title="bbox 108 3362 1705 3442; baseline -0.004 -17"><span class='ocrx_word' id='word_1_408' title='bbox 108 3390 289 3442; x_wconf 71' lang='grc' dir='ltr'>μησιν.</span> <span class='ocrx_word' id='word_1_409' title='bbox 330 3372 432 3422; x_wconf 79' lang='grc' dir='ltr'><strong>Δεῖ</strong></span> <span class='ocrx_word' id='word_1_410' title='bbox 463 3369 544 3431; x_wconf 79' lang='grc' dir='ltr'>δὲ,</span> <span class='ocrx_word' id='word_1_411' title='bbox 578 3362 759 3436; x_wconf 72' lang='grc' dir='ltr'>οἶμαι,</span> <span class='ocrx_word' id='word_1_412' title='bbox 792 3366 890 3428; x_wconf 80' lang='grc' dir='ltr'>τὰς</span> <span class='ocrx_word' id='word_1_413' title='bbox 913 3365 1019 3417; x_wconf 87' lang='grc' dir='ltr'><strong>τῶν</strong></span> <span class='ocrx_word' id='word_1_414' title='bbox 1037 3367 1330 3435; x_wconf 87' lang='grc' dir='ltr'>δρωμένων</span> <span class='ocrx_word' id='word_1_415' title='bbox 1362 3366 1450 3420; x_wconf 71' lang='grc' dir='ltr'>ἀεὶ</span> <span class='ocrx_word' id='word_1_416' title='bbox 1476 3366 1705 3436; x_wconf 82' lang='grc' dir='ltr'>δοκιμά-</span> 
     </span>
    </p>
   </div>
   <div class='ocr_carea' id='block_1_53' title="bbox 106 3452 1703 3528">
    <p class='ocr_par' dir='ltr' id='par_1_53' title="bbox 106 3452 1703 3528">
     <span class='ocr_line' id='line_1_53' title="bbox 106 3452 1703 3528; baseline -0.004 -13"><span class='ocrx_word' id='word_1_417' title='bbox 106 3463 288 3526; x_wconf 75' lang='grc' dir='ltr'>ζεσθαι</span> <span class='ocrx_word' id='word_1_418' title='bbox 342 3475 567 3528; x_wconf 79' lang='grc' dir='ltr'>φυσεις,</span> <span class='ocrx_word' id='word_1_419' title='bbox 604 3457 697 3510; x_wconf 77' lang='grc' dir='ltr'><strong>καὶ</strong></span> <span class='ocrx_word' id='word_1_420' title='bbox 735 3452 817 3519; x_wconf 76' lang='grc' dir='ltr'>οἷς</span> <span class='ocrx_word' id='word_1_421' title='bbox 869 3458 934 3509; x_wconf 88' lang='grc' dir='ltr'><strong>ἂν</strong></span> <span class='ocrx_word' id='word_1_422' title='bbox 968 3456 1202 3525; x_wconf 83' lang='grc' dir='ltr'>μάλιστα</span> <span class='ocrx_word' id='word_1_423' title='bbox 1237 3457 1436 3527; x_wconf 85' lang='grc' dir='ltr'>πρέποι</span> <span class='ocrx_word' id='word_1_424' title='bbox 1472 3456 1703 3526; x_wconf 86' lang='grc' dir='ltr'>προσνέ-</span> 
     </span>
    </p>
   </div>
   <div class='ocr_carea' id='block_1_54' title="bbox 109 3544 1707 3623">
    <p class='ocr_par' dir='ltr' id='par_1_54' title="bbox 109 3544 1707 3623">
     <span class='ocr_line' id='line_1_54' title="bbox 109 3544 1707 3623; baseline -0.006 -16"><span class='ocrx_word' id='word_1_425' title='bbox 109 3572 222 3623; x_wconf 80' lang='grc' dir='ltr'>μειν</span> <span class='ocrx_word' id='word_1_426' title='bbox 275 3553 448 3606; x_wconf 74' lang='grc' dir='ltr'>αὑτά.</span> <span class='ocrx_word' id='word_1_427' title='bbox 486 3544 635 3610; x_wconf 80' lang='grc' dir='ltr'>Οἷον,</span> <span class='ocrx_word' id='word_1_428' title='bbox 676 3547 809 3618; x_wconf 77' lang='grc' dir='ltr'>φέρε</span> <span class='ocrx_word' id='word_1_429' title='bbox 861 3548 1055 3607; x_wconf 84' lang='grc' dir='ltr'>εἰπεῖν,</span> <span class='ocrx_word' id='word_1_430' title='bbox 1095 3546 1227 3608; x_wconf 88' lang='grc' dir='ltr'>Θεὸς</span> <span class='ocrx_word' id='word_1_431' title='bbox 1259 3546 1569 3614; x_wconf 83' lang='grc' dir='ltr'>ὠνόμασται</span> <span class='ocrx_word' id='word_1_432' title='bbox 1613 3544 1707 3598; x_wconf 82' lang='grc' dir='ltr'>καὶ</span> 
     </span>
    </p>
   </div>
   <div class='ocr_carea' id='block_1_55' title="bbox 106 3636 1704 3711">
    <p class='ocr_par' dir='ltr' id='par_1_55' title="bbox 106 3636 1704 3711">
     <span class='ocr_line' id='line_1_55' title="bbox 106 3636 1704 3711; baseline -0.006 -12"><span class='ocrx_word' id='word_1_433' title='bbox 106 3648 213 3698; x_wconf 74' lang='grc' dir='ltr'>ἔστι</span> <span class='ocrx_word' id='word_1_434' title='bbox 259 3643 419 3698; x_wconf 80' lang='grc' dir='ltr'>κατὰ</span> <span class='ocrx_word' id='word_1_435' title='bbox 464 3642 725 3711; x_wconf 81' lang='grc' dir='ltr'>ἀλήθειαν</span> <span class='ocrx_word' id='word_1_436' title='bbox 775 3638 804 3689; x_wconf 84' lang='grc' dir='ltr'>ὁ</span> <span class='ocrx_word' id='word_1_437' title='bbox 848 3638 1071 3705; x_wconf 79' lang='grc' dir='ltr'>Πατήρ’</span> <span class='ocrx_word' id='word_1_438' title='bbox 1114 3656 1133 3687; x_wconf 71' lang='grc' dir='ltr'><strong>ε</strong></span> <span class='ocrx_word' id='word_1_439' title='bbox 1186 3637 1272 3703; x_wconf 83' lang='grc' dir='ltr'><strong>Ἐξ</strong></span> <span class='ocrx_word' id='word_1_440' title='bbox 1306 3636 1473 3692; x_wconf 74' lang='grc' dir='ltr'>αὑτοῦ</span> <span class='ocrx_word' id='word_1_441' title='bbox 1506 3637 1562 3689; x_wconf 80' lang='grc' dir='ltr'>δὲ</span> <span class='ocrx_word' id='word_1_442' title='bbox 1610 3637 1704 3689; x_wconf 78' lang='grc' dir='ltr'><strong>καὶ</strong></span> 
     </span>
    </p>
   </div>
   <div class='ocr_carea' id='block_1_56' title="bbox 107 3725 1703 3807">
    <p class='ocr_par' dir='ltr' id='par_1_56' title="bbox 107 3725 1703 3807">
     <span class='ocr_line' id='line_1_56' title="bbox 107 3725 1703 3807; baseline -0.008 -17"><span class='ocrx_word' id='word_1_443' title='bbox 107 3741 257 3792; x_wconf 75' lang='grc' dir='ltr'>πᾶσα</span> <span class='ocrx_word' id='word_1_444' title='bbox 290 3735 531 3807; x_wconf 79' lang='grc' dir='ltr'>πατριὰ,</span> <span class='ocrx_word' id='word_1_445' title='bbox 573 3733 630 3786; x_wconf 81' lang='grc' dir='ltr'>ἕν</span> <span class='ocrx_word' id='word_1_446' title='bbox 668 3748 729 3783; x_wconf 87' lang='grc' dir='ltr'><strong>τε</strong></span> <span class='ocrx_word' id='word_1_447' title='bbox 781 3728 996 3800; x_wconf 78' lang='grc' dir='ltr'>οὐρανῷ</span> <span class='ocrx_word' id='word_1_448' title='bbox 1044 3728 1138 3780; x_wconf 83' lang='grc' dir='ltr'>καὶ</span> <span class='ocrx_word' id='word_1_449' title='bbox 1183 3727 1276 3780; x_wconf 75' lang='grc' dir='ltr'>ἐπὶ</span> <span class='ocrx_word' id='word_1_450' title='bbox 1308 3728 1411 3797; x_wconf 84' lang='grc' dir='ltr'><strong>γῆς</strong></span> <span class='ocrx_word' id='word_1_451' title='bbox 1440 3725 1703 3794; x_wconf 76' lang='grc' dir='ltr'>ὀνομάζε-</span> 
     </span>
    </p>
   </div>
   <div class='ocr_carea' id='block_1_57' title="bbox 106 3818 1701 3894">
    <p class='ocr_par' dir='ltr' id='par_1_57' title="bbox 106 3818 1701 3894">
     <span class='ocr_line' id='line_1_57' title="bbox 106 3818 1701 3894; baseline -0.008 -13"><span class='ocrx_word' id='word_1_452' title='bbox 106 3848 209 3893; x_wconf 84' lang='grc' dir='ltr'>ται,</span> <span class='ocrx_word' id='word_1_453' title='bbox 249 3848 269 3881; x_wconf 75' lang='grc' dir='ltr'><strong>ι</strong></span> <span class='ocrx_word' id='word_1_454' title='bbox 316 3829 468 3882; x_wconf 84' lang='grc' dir='ltr'><strong>κατά</strong></span> <span class='ocrx_word' id='word_1_455' title='bbox 506 3825 567 3880; x_wconf 87' lang='grc' dir='ltr'><strong>τὸ</strong></span> <span class='ocrx_word' id='word_1_456' title='bbox 604 3820 1010 3894; x_wconf 81' lang='grc' dir='ltr'>γεγραμμένον.</span> <span class='ocrx_word' id='word_1_457' title='bbox 1063 3820 1201 3873; x_wconf 76' lang='grc' dir='ltr'>Ἀλλ’</span> <span class='ocrx_word' id='word_1_458' title='bbox 1237 3820 1347 3872; x_wconf 73' lang='grc' dir='ltr'><strong>εἰσί⁵</strong></span> <span class='ocrx_word' id='word_1_459' title='bbox 1398 3818 1492 3872; x_wconf 69' lang='grc' dir='ltr'>καὶ</span> <span class='ocrx_word' id='word_1_460' title='bbox 1521 3818 1701 3888; x_wconf 73' lang='grc' dir='ltr'>ἕτεροι</span> 
     </span>
    </p>
   </div>
   <div class='ocr_carea' id='block_1_58' title="bbox 109 3904 1696 3993">
    <p class='ocr_par' dir='ltr' id='par_1_58' title="bbox 109 3904 1696 3993">
     <span class='ocr_line' id='line_1_58' title="bbox 109 3904 1696 3993; baseline -0.007 -22"><span class='ocrx_word' id='word_1_461' title='bbox 109 3920 365 3993; x_wconf 75' lang='grc' dir='ltr'>σαρκικοί</span> <span class='ocrx_word' id='word_1_462' title='bbox 420 3934 482 3969; x_wconf 86' lang='grc' dir='ltr'><strong>τε</strong></span> <span class='ocrx_word' id='word_1_463' title='bbox 540 3913 816 3984; x_wconf 68' lang='grc' dir='ltr'>ἡμῖν-καὶ</span> <span class='ocrx_word' id='word_1_464' title='bbox 864 3914 1225 3981; x_wconf 75' lang='grc' dir='ltr'>πνευματικοὶ</span> <span class='ocrx_word' id='word_1_465' title='bbox 1275 3910 1528 3979; x_wconf 81' lang='grc' dir='ltr'>πατέρες.</span> <span class='ocrx_word' id='word_1_466' title='bbox 1568 3904 1696 3979; x_wconf 66' lang='grc' dir='ltr'><strong>Ἆρ’</strong></span> 
     </span>
    </p>
   </div>
   <div class='ocr_carea' id='block_1_59' title="bbox 105 3998 1698 4077">
    <p class='ocr_par' dir='ltr' id='par_1_59' title="bbox 105 3998 1698 4077">
     <span class='ocr_line' id='line_1_59' title="bbox 105 3998 1698 4077; baseline -0.01 -11"><span class='ocrx_word' id='word_1_467' title='bbox 105 4010 211 4075; x_wconf 66' lang='grc' dir='ltr'>οἷν,</span> <span class='ocrx_word' id='word_1_468' title='bbox 250 4014 305 4065; x_wconf 74' lang='grc' dir='ltr'>εἴ</span> <span class='ocrx_word' id='word_1_469' title='bbox 328 4029 387 4064; x_wconf 89' lang='grc' dir='ltr'><strong>τι</strong></span> <span class='ocrx_word' id='word_1_470' title='bbox 408 4009 625 4077; x_wconf 82' lang='grc' dir='ltr'>λέγοιτο</span> <span class='ocrx_word' id='word_1_471' title='bbox 652 4005 763 4058; x_wconf 85' lang='grc' dir='ltr'><strong>τῶν</strong></span> <span class='ocrx_word' id='word_1_472' title='bbox 795 4005 1282 4075; x_wconf 82' lang='grc' dir='ltr'>θεοπρεπεστάτων</span> <span class='ocrx_word' id='word_1_473' title='bbox 1311 4018 1375 4056; x_wconf 88' lang='grc' dir='ltr'><strong>πε</strong></span> <span class='ocrx_word' id='word_1_474' title='bbox 1384 4002 1438 4072; x_wconf 69' lang='grc' dir='ltr'>ρὶ</span> <span class='ocrx_word' id='word_1_475' title='bbox 1454 4000 1545 4052; x_wconf 78' lang='grc' dir='ltr'>τοῦ</span> <span class='ocrx_word' id='word_1_476' title='bbox 1562 3998 1698 4051; x_wconf 82' lang='grc' dir='ltr'>Θεοῦ</span> 
     </span>
    </p>
   </div>
   <div class='ocr_carea' id='block_1_60' title="bbox 108 4086 1700 4170">
    <p class='ocr_par' dir='ltr' id='par_1_60' title="bbox 108 4086 1700 4170">
     <span class='ocr_line' id='line_1_60' title="bbox 108 4086 1700 4170; baseline -0.01 -16"><span class='ocrx_word' id='word_1_477' title='bbox 108 4103 196 4155; x_wconf 71' lang='grc' dir='ltr'><strong>καὶ</strong></span> <span class='ocrx_word' id='word_1_478' title='bbox 243 4100 512 4170; x_wconf 77' lang='grc' dir='ltr'>Πατρὸς,</span> <span class='ocrx_word' id='word_1_479' title='bbox 572 4094 867 4165; x_wconf 81' lang='grc' dir='ltr'>ἀρμόσειεν</span> <span class='ocrx_word' id='word_1_480' title='bbox 906 4092 973 4144; x_wconf 82' lang='grc' dir='ltr'>ἂν</span> <span class='ocrx_word' id='word_1_481' title='bbox 1024 4092 1119 4144; x_wconf 75' lang='grc' dir='ltr'>καὶ</span> <span class='ocrx_word' id='word_1_482' title='bbox 1180 4092 1293 4153; x_wconf 75' lang='grc' dir='ltr'>τοῖς</span> <span class='ocrx_word' id='word_1_483' title='bbox 1346 4088 1490 4142; x_wconf 86' lang='grc' dir='ltr'><strong>κατά</strong></span> <span class='ocrx_word' id='word_1_484' title='bbox 1552 4086 1700 4139; x_wconf 87' lang='grc' dir='ltr'>θέσιν</span> 
     </span>
    </p>
   </div>
   <div class='ocr_carea' id='block_1_61' title="bbox 105 4178 1703 4263">
    <p class='ocr_par' dir='ltr' id='par_1_61' title="bbox 105 4178 1703 4263">
     <span class='ocr_line' id='line_1_61' title="bbox 105 4178 1703 4263; baseline -0.014 -16"><span class='ocrx_word' id='word_1_485' title='bbox 105 4196 198 4263; x_wconf 75' lang='grc' dir='ltr'><strong>τὴν</strong></span> <span class='ocrx_word' id='word_1_486' title='bbox 228 4192 409 4261; x_wconf 73' lang='grc' dir='ltr'>αὐτὴν</span> <span class='ocrx_word' id='word_1_487' title='bbox 457 4186 655 4256; x_wconf 78' lang='grc' dir='ltr'>ἐκείνῳ</span> <span class='ocrx_word' id='word_1_488' title='bbox 700 4182 925 4255; x_wconf 74' lang='grc' dir='ltr'>λαχοῦσι</span> <span class='ocrx_word' id='word_1_489' title='bbox 960 4181 1170 4249; x_wconf 81' lang='grc' dir='ltr'>κλῆσιν,</span> <span class='ocrx_word' id='word_1_490' title='bbox 1207 4182 1301 4234; x_wconf 72' lang='grc' dir='ltr'><strong>καὶ</strong></span> <span class='ocrx_word' id='word_1_491' title='bbox 1342 4180 1375 4234; x_wconf 77' lang='grc' dir='ltr'>ὁ</span> <span class='ocrx_word' id='word_1_492' title='bbox 1413 4178 1514 4247; x_wconf 81' lang='grc' dir='ltr'>τῆς</span> <span class='ocrx_word' id='word_1_493' title='bbox 1556 4180 1703 4246; x_wconf 77' lang='grc' dir='ltr'>ὀμω-</span> 
     </span>
    </p>
   </div>
   <div class='ocr_carea' id='block_1_62' title="bbox 106 4269 1699 4355">
    <p class='ocr_par' dir='ltr' id='par_1_62' title="bbox 106 4269 1699 4355">
     <span class='ocr_line' id='line_1_62' title="bbox 106 4269 1699 4355; baseline -0.011 -17"><span class='ocrx_word' id='word_1_494' title='bbox 106 4285 300 4355; x_wconf 77' lang='grc' dir='ltr'>νυμεας</span> <span class='ocrx_word' id='word_1_495' title='bbox 359 4282 566 4353; x_wconf 77' lang='grc' dir='ltr'>τρόπος</span> <span class='ocrx_word' id='word_1_496' title='bbox 610 4277 718 4331; x_wconf 86' lang='grc' dir='ltr'><strong>τῶν</strong></span> <span class='ocrx_word' id='word_1_497' title='bbox 758 4274 910 4344; x_wconf 81' lang='grc' dir='ltr'>αὐτῷ</span> <span class='ocrx_word' id='word_1_498' title='bbox 967 4274 1060 4327; x_wconf 74' lang='grc' dir='ltr'><strong>καὶ</strong></span> <span class='ocrx_word' id='word_1_499' title='bbox 1106 4274 1252 4343; x_wconf 88' lang='grc' dir='ltr'>μόνῳ</span> <span class='ocrx_word' id='word_1_500' title='bbox 1311 4269 1699 4342; x_wconf 87' lang='grc' dir='ltr'>πρεπωδεστά-</span> 
     </span>
    </p>
   </div>
   <div class='ocr_carea' id='block_1_63' title="bbox 104 4360 1699 4439">
    <p class='ocr_par' dir='ltr' id='par_1_63' title="bbox 104 4360 1699 4439">
     <span class='ocr_line' id='line_1_63' title="bbox 104 4360 1699 4439; baseline -0.009 -14"><span class='ocrx_word' id='word_1_501' title='bbox 104 4391 206 4428; x_wconf 80' lang='grc' dir='ltr'><strong>των</strong></span> <span class='ocrx_word' id='word_1_502' title='bbox 251 4371 516 4439; x_wconf 77' lang='grc' dir='ltr'>ὲξὼσειεν</span> <span class='ocrx_word' id='word_1_503' title='bbox 569 4367 635 4421; x_wconf 78' lang='grc' dir='ltr'>ἂν</span> <span class='ocrx_word' id='word_1_504' title='bbox 686 4365 886 4430; x_wconf 83' lang='grc' dir='ltr'>αὑτόν;</span> <span class='ocrx_word' id='word_1_505' title='bbox 937 4364 1132 4417; x_wconf 84' lang='grc' dir='ltr'>Καίτοι</span> <span class='ocrx_word' id='word_1_506' title='bbox 1180 4361 1297 4424; x_wconf 89' lang='grc' dir='ltr'><strong>πῶς</strong></span> <span class='ocrx_word' id='word_1_507' title='bbox 1347 4362 1445 4430; x_wconf 82' lang='grc' dir='ltr'><strong>οὐχ</strong></span> <span class='ocrx_word' id='word_1_508' title='bbox 1496 4360 1699 4413; x_wconf 76' lang='grc' dir='ltr'>ἅπασιν</span> 
     </span>
    </p>
   </div>
   <div class='ocr_carea' id='block_1_64' title="bbox 1812 1919 3395 1985">
    <p class='ocr_par' dir='ltr' id='par_1_64' title="bbox 1812 1919 3395 1985">
     <span class='ocr_line' id='line_1_64' title="bbox 1812 1919 3395 1985; baseline -0.004 -8"><span class='ocrx_word' id='word_1_509' title='bbox 1812 1925 2036 1979; x_wconf 87' lang='lat' dir='ltr'><strong>sationis</strong></span> <span class='ocrx_word' id='word_1_510' title='bbox 2069 1924 2311 1977; x_wconf 84' lang='lat' dir='ltr'><strong>rationes</strong></span> <span class='ocrx_word' id='word_1_511' title='bbox 2360 1924 2591 1985; x_wconf 85' lang='lat' dir='ltr'><strong>evertis,</strong></span> <span class='ocrx_word' id='word_1_512' title='bbox 2640 1931 2695 1975; x_wconf 90' lang='lat' dir='ltr'><strong>et</strong></span> <span class='ocrx_word' id='word_1_513' title='bbox 2747 1936 2965 1975; x_wconf 89' lang='lat' dir='ltr'><strong>recusas</strong></span> <span class='ocrx_word' id='word_1_514' title='bbox 3014 1920 3266 1975; x_wconf 84' lang='lat' dir='ltr'><strong>conﬁteri</strong></span> <span class='ocrx_word' id='word_1_515' title='bbox 3304 1919 3395 1972; x_wconf 86' lang='lat' dir='ltr'><strong>Dei</strong></span> 
     </span>
    </p>
   </div>
   <div class='ocr_carea' id='block_1_65' title="bbox 1812 2011 3392 2084">
    <p class='ocr_par' dir='ltr' id='par_1_65' title="bbox 1812 2011 3392 2084">
     <span class='ocr_line' id='line_1_65' title="bbox 1812 2011 3392 2084; baseline -0.004 -14"><span class='ocrx_word' id='word_1_516' title='bbox 1812 2015 2045 2070; x_wconf 77' lang='lat' dir='ltr'><strong>Verbum</strong></span> <span class='ocrx_word' id='word_1_517' title='bbox 2090 2030 2189 2084; x_wconf 92' lang='lat' dir='ltr'><strong>pro</strong></span> <span class='ocrx_word' id='word_1_518' title='bbox 2227 2013 2383 2068; x_wconf 89' lang='lat' dir='ltr'><strong>nobis</strong></span> <span class='ocrx_word' id='word_1_519' title='bbox 2416 2029 2578 2067; x_wconf 87' lang='lat' dir='ltr'><strong>carne</strong></span> <span class='ocrx_word' id='word_1_520' title='bbox 2617 2028 2855 2079; x_wconf 86' lang='lat' dir='ltr'><strong>passum,</strong></span> <span class='ocrx_word' id='word_1_521' title='bbox 2899 2012 3221 2066; x_wconf 81' lang='lat' dir='ltr'><strong>commentis</strong></span> <span class='ocrx_word' id='word_1_522' title='bbox 3268 2011 3392 2078; x_wconf 75' lang='lat' dir='ltr'><strong>qni~</strong></span> 
     </span>
    </p>
   </div>
   <div class='ocr_carea' id='block_1_66' title="bbox 1811 2101 3395 2175">
    <p class='ocr_par' dir='ltr' id='par_1_66' title="bbox 1811 2101 3395 2175">
     <span class='ocr_line' id='line_1_66' title="bbox 1811 2101 3395 2175; baseline -0.004 -14"><span class='ocrx_word' id='word_1_523' title='bbox 1811 2108 2040 2162; x_wconf 86' lang='lat' dir='ltr'><strong>busdam</strong></span> <span class='ocrx_word' id='word_1_524' title='bbox 2079 2107 2504 2175; x_wconf 74' lang='lat' dir='ltr'><strong>imperitisusus</strong></span> <span class='ocrx_word' id='word_1_525' title='bbox 2533 2123 2545 2157; x_wconf 90' lang='lat'><strong>:</strong></span> <span class='ocrx_word' id='word_1_526' title='bbox 2574 2120 2768 2158; x_wconf 89' lang='lat' dir='ltr'><strong>nomen</strong></span> <span class='ocrx_word' id='word_1_527' title='bbox 2794 2104 2935 2157; x_wconf 91' lang='lat' dir='ltr'><strong>enim</strong></span> <span class='ocrx_word' id='word_1_528' title='bbox 2969 2101 3296 2165; x_wconf 83' lang='lat' dir='ltr'><strong>Filii,Verho</strong></span> <span class='ocrx_word' id='word_1_529' title='bbox 3326 2117 3395 2156; x_wconf 89' lang='lat' dir='ltr'><strong>ex</strong></span> 
     </span>
    </p>
   </div>
   <div class='ocr_carea' id='block_1_67' title="bbox 1814 2195 3387 2265">
    <p class='ocr_par' dir='ltr' id='par_1_67' title="bbox 1814 2195 3387 2265">
     <span class='ocr_line' id='line_1_67' title="bbox 1814 2195 3387 2265; baseline -0.001 -14"><span class='ocrx_word' id='word_1_530' title='bbox 1814 2197 1924 2251; x_wconf 87' lang='lat' dir='ltr'><strong>Deo</strong></span> <span class='ocrx_word' id='word_1_531' title='bbox 1957 2197 2140 2265; x_wconf 77' lang='lat' dir='ltr'><strong>genito</strong></span> <span class='ocrx_word' id='word_1_532' title='bbox 2192 2211 2255 2249; x_wconf 90' lang='lat' dir='ltr'><strong>ac</strong></span> <span class='ocrx_word' id='word_1_533' title='bbox 2292 2198 2446 2248; x_wconf 86' lang='lat' dir='ltr'><strong>nobis</strong></span> <span class='ocrx_word' id='word_1_534' title='bbox 2502 2196 2629 2264; x_wconf 81' lang='lat' dir='ltr'><strong>ipsis</strong></span> <span class='ocrx_word' id='word_1_535' title='bbox 2685 2209 2974 2249; x_wconf 89' lang='lat' dir='ltr'><strong>commune</strong></span> <span class='ocrx_word' id='word_1_536' title='bbox 3027 2207 3148 2248; x_wconf 87' lang='lat' dir='ltr'><strong>esse</strong></span> <span class='ocrx_word' id='word_1_537' title='bbox 3201 2195 3387 2249; x_wconf 86' lang='lat' dir='ltr'><strong>dicis:</strong></span> 
     </span>
    </p>
   </div>
   <div class='ocr_carea' id='block_1_68' title="bbox 1814 2285 3391 2342">
    <p class='ocr_par' dir='ltr' id='par_1_68' title="bbox 1814 2285 3391 2342">
     <span class='ocr_line' id='line_1_68' title="bbox 1814 2285 3391 2342; baseline -0.003 -1"><span class='ocrx_word' id='word_1_538' title='bbox 1814 2287 2010 2342; x_wconf 87' lang='lat' dir='ltr'><strong>deinde</strong></span> <span class='ocrx_word' id='word_1_539' title='bbox 2038 2289 2302 2341; x_wconf 89' lang='lat' dir='ltr'><strong>bonorum</strong></span> <span class='ocrx_word' id='word_1_540' title='bbox 2343 2287 2393 2339; x_wconf 92' lang='lat' dir='ltr'><strong>in</strong></span> <span class='ocrx_word' id='word_1_541' title='bbox 2433 2301 2532 2340; x_wconf 86' lang='lat' dir='ltr'><strong>nos</strong></span> <span class='ocrx_word' id='word_1_542' title='bbox 2579 2286 2898 2339; x_wconf 87' lang='lat' dir='ltr'><strong>collatorum</strong></span> <span class='ocrx_word' id='word_1_543' title='bbox 2932 2285 3078 2338; x_wconf 89' lang='lat' dir='ltr'><strong>illum</strong></span> <span class='ocrx_word' id='word_1_544' title='bbox 3130 2300 3251 2339; x_wconf 88' lang='lat' dir='ltr'><strong>esse</strong></span> <span class='ocrx_word' id='word_1_545' title='bbox 3292 2300 3391 2338; x_wconf 82' lang='lat' dir='ltr'><strong>au-</strong></span> 
     </span>
    </p>
   </div>
   <div class='ocr_carea' id='block_1_69' title="bbox 1813 2374 3392 2445">
    <p class='ocr_par' dir='ltr' id='par_1_69' title="bbox 1813 2374 3392 2445">
     <span class='ocr_line' id='line_1_69' title="bbox 1813 2374 3392 2445; baseline -0.002 -14"><span class='ocrx_word' id='word_1_546' title='bbox 1813 2388 2019 2431; x_wconf 88' lang='lat' dir='ltr'><strong>ctorem</strong></span> <span class='ocrx_word' id='word_1_547' title='bbox 2077 2391 2298 2445; x_wconf 83' lang='lat' dir='ltr'><strong>negans,</strong></span> <span class='ocrx_word' id='word_1_548' title='bbox 2356 2391 2452 2444; x_wconf 92' lang='lat' dir='ltr'><strong>per</strong></span> <span class='ocrx_word' id='word_1_549' title='bbox 2511 2390 2670 2444; x_wconf 87' lang='lat' dir='ltr'><strong>quem</strong></span> <span class='ocrx_word' id='word_1_550' title='bbox 2711 2374 2903 2427; x_wconf 88' lang='lat' dir='ltr'><strong>salvati</strong></span> <span class='ocrx_word' id='word_1_551' title='bbox 2961 2389 3171 2439; x_wconf 82' lang='lat' dir='ltr'><strong>sumus,</strong></span> <span class='ocrx_word' id='word_1_552' title='bbox 3228 2375 3392 2428; x_wconf 90' lang='lat' dir='ltr'><strong>Deum</strong></span> 
     </span>
    </p>
   </div>
   <div class='ocr_carea' id='block_1_70' title="bbox 1817 2467 3396 2536">
    <p class='ocr_par' dir='ltr' id='par_1_70' title="bbox 1817 2467 3396 2536">
     <span class='ocr_line' id='line_1_70' title="bbox 1817 2467 3396 2536; baseline -0.001 -14"><span class='ocrx_word' id='word_1_553' title='bbox 1817 2469 2073 2531; x_wconf 82' lang='lat' dir='ltr'><strong>Verbum,</strong></span> <span class='ocrx_word' id='word_1_554' title='bbox 2106 2476 2360 2536; x_wconf 88' lang='lat' dir='ltr'><strong>tanquam</strong></span> <span class='ocrx_word' id='word_1_555' title='bbox 2383 2467 2538 2519; x_wconf 86' lang='lat' dir='ltr'><strong>alteri</strong></span> <span class='ocrx_word' id='word_1_556' title='bbox 2571 2467 2640 2518; x_wconf 91' lang='lat' dir='ltr'><strong>ab</strong></span> <span class='ocrx_word' id='word_1_557' title='bbox 2665 2467 2754 2519; x_wconf 92' lang='lat' dir='ltr'><strong>illo</strong></span> <span class='ocrx_word' id='word_1_558' title='bbox 2778 2478 2830 2519; x_wconf 92' lang='lat' dir='ltr'><strong>et</strong></span> <span class='ocrx_word' id='word_1_559' title='bbox 2861 2469 3088 2520; x_wconf 85' lang='lat' dir='ltr'><strong>seorsim</strong></span> <span class='ocrx_word' id='word_1_560' title='bbox 3118 2467 3396 2521; x_wconf 82' lang='lat' dir='ltr'><strong>intellecto</strong></span> 
     </span>
    </p>
   </div>
   <div class='ocr_carea' id='block_1_71' title="bbox 1816 2558 3390 2626">
    <p class='ocr_par' dir='ltr' id='par_1_71' title="bbox 1816 2558 3390 2626">
     <span class='ocr_line' id='line_1_71' title="bbox 1816 2558 3390 2626; baseline -0.002 -14"><span class='ocrx_word' id='word_1_561' title='bbox 1816 2561 1904 2612; x_wconf 90' lang='lat' dir='ltr'><strong>uni</strong></span> <span class='ocrx_word' id='word_1_562' title='bbox 1940 2574 2003 2613; x_wconf 82' lang='lat' dir='ltr'><strong>ex</strong></span> <span class='ocrx_word' id='word_1_563' title='bbox 2034 2568 2223 2613; x_wconf 90' lang='lat' dir='ltr'><strong>nostro</strong></span> <span class='ocrx_word' id='word_1_564' title='bbox 2255 2573 2498 2621; x_wconf 88' lang='lat' dir='ltr'><strong>numero,</strong></span> <span class='ocrx_word' id='word_1_565' title='bbox 2530 2572 2591 2611; x_wconf 89' lang='lat' dir='ltr'><strong>ea</strong></span> <span class='ocrx_word' id='word_1_566' title='bbox 2635 2566 2855 2626; x_wconf 84' lang='lat' dir='ltr'><strong>propter</strong></span> <span class='ocrx_word' id='word_1_567' title='bbox 2887 2573 3005 2625; x_wconf 74' lang='lat' dir='ltr'><strong>qua:</strong></span> <span class='ocrx_word' id='word_1_568' title='bbox 3038 2558 3390 2625; x_wconf 74' lang='lat' dir='ltr'><strong>gloriﬁcatur,</strong></span> 
     </span>
    </p>
   </div>
   <div class='ocr_carea' id='block_1_72' title="bbox 1816 2649 3392 2720">
    <p class='ocr_par' dir='ltr' id='par_1_72' title="bbox 1816 2649 3392 2720">
     <span class='ocr_line' id='line_1_72' title="bbox 1816 2649 3392 2720; baseline -0.002 -16"><span class='ocrx_word' id='word_1_569' title='bbox 1816 2652 2056 2705; x_wconf 82' lang='lat' dir='ltr'><strong>tribuere</strong></span> <span class='ocrx_word' id='word_1_570' title='bbox 2094 2661 2281 2720; x_wconf 88' lang='lat' dir='ltr'><strong>aperte</strong></span> <span class='ocrx_word' id='word_1_571' title='bbox 2311 2649 2731 2717; x_wconf 82' lang='lat' dir='ltr'><strong>deprehenderis</strong></span> <span class='ocrx_word' id='word_1_572' title='bbox 2759 2668 2771 2703; x_wconf 91' lang='lat'>:</span> <span class='ocrx_word' id='word_1_573' title='bbox 2806 2664 2868 2703; x_wconf 84' lang='lat' dir='ltr'><strong>ac</strong></span> <span class='ocrx_word' id='word_1_574' title='bbox 2892 2660 3051 2719; x_wconf 83' lang='lat' dir='ltr'><strong>putas</strong></span> <span class='ocrx_word' id='word_1_575' title='bbox 3080 2651 3143 2702; x_wconf 89' lang='lat' dir='ltr'><strong>ad</strong></span> <span class='ocrx_word' id='word_1_576' title='bbox 3172 2663 3237 2702; x_wconf 84' lang='lat' dir='ltr'><strong>ea</strong></span> <span class='ocrx_word' id='word_1_577' title='bbox 3259 2664 3392 2703; x_wconf 90' lang='lat' dir='ltr'><strong>con-</strong></span> 
     </span>
    </p>
   </div>
   <div class='ocr_carea' id='block_1_73' title="bbox 1816 2740 3389 2809">
    <p class='ocr_par' dir='ltr' id='par_1_73' title="bbox 1816 2740 3389 2809">
     <span class='ocr_line' id='line_1_73' title="bbox 1816 2740 3389 2809; baseline -0.002 -13"><span class='ocrx_word' id='word_1_578' title='bbox 1816 2743 2074 2796; x_wconf 81' lang='lat' dir='ltr'><strong>ﬁrmanda</strong></span> <span class='ocrx_word' id='word_1_579' title='bbox 2104 2757 2223 2809; x_wconf 72' lang='lat' dir='ltr'><strong>qua:</strong></span> <span class='ocrx_word' id='word_1_580' title='bbox 2250 2741 2455 2804; x_wconf 77' lang='lat' dir='ltr'><strong>dixisti,</strong></span> <span class='ocrx_word' id='word_1_581' title='bbox 2486 2751 2539 2794; x_wconf 81' lang='lat' dir='ltr'><strong>et</strong></span> <span class='ocrx_word' id='word_1_582' title='bbox 2578 2755 2697 2808; x_wconf 69' lang='lat' dir='ltr'><strong>quae</strong></span> <span class='ocrx_word' id='word_1_583' title='bbox 2739 2754 2846 2793; x_wconf 89' lang='lat' dir='ltr'><strong>non</strong></span> <span class='ocrx_word' id='word_1_584' title='bbox 2879 2749 3027 2794; x_wconf 87' lang='lat' dir='ltr'><strong>recte</strong></span> <span class='ocrx_word' id='word_1_585' title='bbox 3070 2740 3260 2803; x_wconf 88' lang='lat' dir='ltr'><strong>sentis,</strong></span> <span class='ocrx_word' id='word_1_586' title='bbox 3297 2740 3389 2794; x_wconf 90' lang='lat' dir='ltr'><strong>tibi</strong></span> 
     </span>
    </p>
   </div>
   <div class='ocr_carea' id='block_1_74' title="bbox 1814 2831 3392 2901">
    <p class='ocr_par' dir='ltr' id='par_1_74' title="bbox 1814 2831 3392 2901">
     <span class='ocr_line' id='line_1_74' title="bbox 1814 2831 3392 2901; baseline -0.001 -16"><span class='ocrx_word' id='word_1_587' title='bbox 1814 2833 1949 2887; x_wconf 87' lang='lat' dir='ltr'><strong>satis</strong></span> <span class='ocrx_word' id='word_1_588' title='bbox 1992 2846 2265 2900; x_wconf 85' lang='lat' dir='ltr'><strong>superque</strong></span> <span class='ocrx_word' id='word_1_589' title='bbox 2318 2831 2555 2884; x_wconf 76' lang='lat' dir='ltr'><strong>futuram</strong></span> <span class='ocrx_word' id='word_1_590' title='bbox 2599 2832 2770 2897; x_wconf 88' lang='lat' dir='ltr'><strong>ipsam</strong></span> <span class='ocrx_word' id='word_1_591' title='bbox 2810 2831 3237 2901; x_wconf 80' lang='lat' dir='ltr'><strong>homonymiam;</strong></span> <span class='ocrx_word' id='word_1_592' title='bbox 3285 2846 3392 2884; x_wconf 91' lang='lat' dir='ltr'><strong>non</strong></span> 
     </span>
    </p>
   </div>
   <div class='ocr_carea' id='block_1_75' title="bbox 1814 2921 3390 2989">
    <p class='ocr_par' dir='ltr' id='par_1_75' title="bbox 1814 2921 3390 2989">
     <span class='ocr_line' id='line_1_75' title="bbox 1814 2921 3390 2989; baseline -0.003 -11"><span class='ocrx_word' id='word_1_593' title='bbox 1814 2925 2103 2980; x_wconf 81' lang='lat' dir='ltr'><strong>advertens</strong></span> <span class='ocrx_word' id='word_1_594' title='bbox 2132 2923 2300 2977; x_wconf 88' lang='lat' dir='ltr'><strong>etiam</strong></span> <span class='ocrx_word' id='word_1_595' title='bbox 2336 2922 2378 2976; x_wconf 92' lang='lat' dir='ltr'><strong>si</strong></span> <span class='ocrx_word' id='word_1_596' title='bbox 2420 2936 2541 2974; x_wconf 91' lang='lat' dir='ltr'><strong>cum</strong></span> <span class='ocrx_word' id='word_1_597' title='bbox 2574 2921 2639 2974; x_wconf 91' lang='lat' dir='ltr'><strong>iis</strong></span> <span class='ocrx_word' id='word_1_598' title='bbox 2670 2936 2788 2989; x_wconf 67' lang='lat' dir='ltr'><strong>qum</strong></span> <span class='ocrx_word' id='word_1_599' title='bbox 2818 2922 3112 2975; x_wconf 88' lang='lat' dir='ltr'><strong>secunduru</strong></span> <span class='ocrx_word' id='word_1_600' title='bbox 3145 2931 3390 2975; x_wconf 80' lang='lat' dir='ltr'><strong>naturam</strong></span> 
     </span>
    </p>
   </div>
   <div class='ocr_carea' id='block_1_76' title="bbox 1815 3012 3391 3082">
    <p class='ocr_par' dir='ltr' id='par_1_76' title="bbox 1815 3012 3391 3082">
     <span class='ocr_line' id='line_1_76' title="bbox 1815 3012 3391 3082; baseline -0.003 -11"><span class='ocrx_word' id='word_1_601' title='bbox 1815 3018 2015 3071; x_wconf 81' lang='lat' dir='ltr'><strong>habent</strong></span> <span class='ocrx_word' id='word_1_602' title='bbox 2064 3022 2120 3069; x_wconf 93' lang='lat' dir='ltr'><strong>ut</strong></span> <span class='ocrx_word' id='word_1_603' title='bbox 2153 3015 2263 3068; x_wconf 88' lang='lat' dir='ltr'><strong>sint</strong></span> <span class='ocrx_word' id='word_1_604' title='bbox 2297 3012 2521 3082; x_wconf 84' lang='lat' dir='ltr'><strong>aliquid,</strong></span> <span class='ocrx_word' id='word_1_605' title='bbox 2578 3012 2844 3065; x_wconf 72' lang='lat' dir='ltr'><strong>nonnullze</strong></span> <span class='ocrx_word' id='word_1_606' title='bbox 2888 3012 3008 3064; x_wconf 70' lang='lat' dir='ltr'><strong>alia:</strong></span> <span class='ocrx_word' id='word_1_607' title='bbox 3062 3026 3149 3065; x_wconf 87' lang='lat' dir='ltr'><strong>res</strong></span> <span class='ocrx_word' id='word_1_608' title='bbox 3200 3013 3391 3066; x_wconf 89' lang='lat' dir='ltr'><strong>eodem</strong></span> 
     </span>
    </p>
   </div>
   <div class='ocr_carea' id='block_1_77' title="bbox 1814 3102 3392 3171">
    <p class='ocr_par' dir='ltr' id='par_1_77' title="bbox 1814 3102 3392 3171">
     <span class='ocr_line' id='line_1_77' title="bbox 1814 3102 3392 3171; baseline -0.001 -13"><span class='ocrx_word' id='word_1_609' title='bbox 1814 3106 2034 3158; x_wconf 91' lang='lat' dir='ltr'><strong>nomine</strong></span> <span class='ocrx_word' id='word_1_610' title='bbox 2069 3115 2350 3166; x_wconf 85' lang='lat' dir='ltr'><strong>vocentur,</strong></span> <span class='ocrx_word' id='word_1_611' title='bbox 2389 3119 2496 3156; x_wconf 87' lang='lat' dir='ltr'><strong>non</strong></span> <span class='ocrx_word' id='word_1_612' title='bbox 2540 3118 2603 3156; x_wconf 91' lang='lat' dir='ltr'><strong>ea</strong></span> <span class='ocrx_word' id='word_1_613' title='bbox 2650 3104 2716 3156; x_wconf 90' lang='lat' dir='ltr'><strong>de</strong></span> <span class='ocrx_word' id='word_1_614' title='bbox 2758 3118 2922 3157; x_wconf 89' lang='lat' dir='ltr'><strong>causa</strong></span> <span class='ocrx_word' id='word_1_615' title='bbox 2964 3102 3049 3156; x_wconf 89' lang='lat' dir='ltr'><strong>illa</strong></span> <span class='ocrx_word' id='word_1_616' title='bbox 3078 3104 3392 3171; x_wconf 86' lang='lat' dir='ltr'><strong>expellenda</strong></span> 
     </span>
    </p>
   </div>
   <div class='ocr_carea' id='block_1_78' title="bbox 1813 3192 3390 3263">
    <p class='ocr_par' dir='ltr' id='par_1_78' title="bbox 1813 3192 3390 3263">
     <span class='ocr_line' id='line_1_78' title="bbox 1813 3192 3390 3263; baseline -0.003 -14"><span class='ocrx_word' id='word_1_617' title='bbox 1813 3209 1933 3249; x_wconf 85' lang='lat' dir='ltr'><strong>esse</strong></span> <span class='ocrx_word' id='word_1_618' title='bbox 1974 3210 2094 3263; x_wconf 72' lang='lat' dir='ltr'><strong>qua:</strong></span> <span class='ocrx_word' id='word_1_619' title='bbox 2131 3203 2258 3247; x_wconf 86' lang='lat' dir='ltr'><strong>sunt</strong></span> <span class='ocrx_word' id='word_1_620' title='bbox 2295 3196 2589 3247; x_wconf 88' lang='lat' dir='ltr'><strong>secundum</strong></span> <span class='ocrx_word' id='word_1_621' title='bbox 2624 3202 2869 3246; x_wconf 85' lang='lat' dir='ltr'><strong>naturam</strong></span> <span class='ocrx_word' id='word_1_622' title='bbox 2912 3192 3121 3246; x_wconf 83' lang='lat' dir='ltr'><strong>illorum</strong></span> <span class='ocrx_word' id='word_1_623' title='bbox 3149 3194 3390 3261; x_wconf 87' lang='lat' dir='ltr'><strong>propria,</strong></span> 
     </span>
    </p>
   </div>
   <div class='ocr_carea' id='block_1_79' title="bbox 1814 3282 3391 3353">
    <p class='ocr_par' dir='ltr' id='par_1_79' title="bbox 1814 3282 3391 3353">
     <span class='ocr_line' id='line_1_79' title="bbox 1814 3282 3391 3353; baseline -0.002 -14"><span class='ocrx_word' id='word_1_624' title='bbox 1814 3285 1881 3339; x_wconf 90' lang='lat' dir='ltr'><strong>iis</strong></span> <span class='ocrx_word' id='word_1_625' title='bbox 1913 3298 2126 3353; x_wconf 87' lang='lat' dir='ltr'><strong>semper</strong></span> <span class='ocrx_word' id='word_1_626' title='bbox 2170 3284 2456 3338; x_wconf 91' lang='lat' dir='ltr'><strong>tribuendo</strong></span> <span class='ocrx_word' id='word_1_627' title='bbox 2487 3297 2609 3351; x_wconf 66' lang='lat' dir='ltr'><strong>qua:</strong></span> <span class='ocrx_word' id='word_1_628' title='bbox 2650 3298 2715 3337; x_wconf 87' lang='lat' dir='ltr'><strong>ex</strong></span> <span class='ocrx_word' id='word_1_629' title='bbox 2747 3282 3015 3352; x_wconf 83' lang='lat' dir='ltr'><strong>positione</strong></span> <span class='ocrx_word' id='word_1_630' title='bbox 3048 3292 3141 3336; x_wconf 90' lang='lat' dir='ltr'><strong>aut</strong></span> <span class='ocrx_word' id='word_1_631' title='bbox 3168 3298 3233 3337; x_wconf 91' lang='lat' dir='ltr'><strong>ex</strong></span> <span class='ocrx_word' id='word_1_632' title='bbox 3268 3283 3391 3337; x_wconf 90' lang='lat' dir='ltr'><strong>imi-</strong></span> 
     </span>
    </p>
   </div>
   <div class='ocr_carea' id='block_1_80' title="bbox 1814 3374 3391 3444">
    <p class='ocr_par' dir='ltr' id='par_1_80' title="bbox 1814 3374 3391 3444">
     <span class='ocr_line' id='line_1_80' title="bbox 1814 3374 3391 3444; baseline -0.001 -14"><span class='ocrx_word' id='word_1_633' title='bbox 1814 3377 2016 3430; x_wconf 89' lang='lat' dir='ltr'><strong>tatione</strong></span> <span class='ocrx_word' id='word_1_634' title='bbox 2063 3375 2318 3430; x_wconf 87' lang='lat' dir='ltr'><strong>dicuntur</strong></span> <span class='ocrx_word' id='word_1_635' title='bbox 2360 3394 2372 3429; x_wconf 93' lang='lat'><strong>:</strong></span> <span class='ocrx_word' id='word_1_636' title='bbox 2422 3374 2515 3428; x_wconf 88' lang='lat' dir='ltr'><strong>sed</strong></span> <span class='ocrx_word' id='word_1_637' title='bbox 2549 3383 2783 3444; x_wconf 88' lang='lat' dir='ltr'><strong>oportet,</strong></span> <span class='ocrx_word' id='word_1_638' title='bbox 2832 3384 2891 3427; x_wconf 93' lang='lat' dir='ltr'><strong>ut</strong></span> <span class='ocrx_word' id='word_1_639' title='bbox 2941 3376 3152 3443; x_wconf 87' lang='lat' dir='ltr'><strong>opinor,</strong></span> <span class='ocrx_word' id='word_1_640' title='bbox 3199 3390 3391 3429; x_wconf 85' lang='lat' dir='ltr'><strong>eorum</strong></span> 
     </span>
    </p>
   </div>
   <div class='ocr_carea' id='block_1_81' title="bbox 1812 3464 3392 3532">
    <p class='ocr_par' dir='ltr' id='par_1_81' title="bbox 1812 3464 3392 3532">
     <span class='ocr_line' id='line_1_81' title="bbox 1812 3464 3392 3532; baseline 0 -16"><span class='ocrx_word' id='word_1_641' title='bbox 1812 3468 1930 3532; x_wconf 72' lang='lat' dir='ltr'><strong>qua:</strong></span> <span class='ocrx_word' id='word_1_642' title='bbox 1958 3473 2221 3532; x_wconf 74' lang='lat' dir='ltr'><strong>geruntur</strong></span> <span class='ocrx_word' id='word_1_643' title='bbox 2252 3464 2461 3532; x_wconf 80' lang='lat' dir='ltr'><strong>exquiri</strong></span> <span class='ocrx_word' id='word_1_644' title='bbox 2490 3474 2737 3529; x_wconf 87' lang='lat' dir='ltr'><strong>naturas,</strong></span> <span class='ocrx_word' id='word_1_645' title='bbox 2767 3471 2817 3518; x_wconf 85' lang='lat' dir='ltr'><strong>et</strong></span> <span class='ocrx_word' id='word_1_646' title='bbox 2844 3478 2904 3517; x_wconf 86' lang='lat' dir='ltr'><strong>ea</strong></span> <span class='ocrx_word' id='word_1_647' title='bbox 2933 3464 3131 3531; x_wconf 82' lang='lat' dir='ltr'><strong>quibus</strong></span> <span class='ocrx_word' id='word_1_648' title='bbox 3159 3464 3392 3518; x_wconf 84' lang='lat' dir='ltr'><strong>maxime</strong></span> 
     </span>
    </p>
   </div>
   <div class='ocr_carea' id='block_1_82' title="bbox 1811 3553 3391 3623">
    <p class='ocr_par' dir='ltr' id='par_1_82' title="bbox 1811 3553 3391 3623">
     <span class='ocr_line' id='line_1_82' title="bbox 1811 3553 3391 3623; baseline 0 -15"><span class='ocrx_word' id='word_1_649' title='bbox 1811 3553 2086 3616; x_wconf 85' lang='lat' dir='ltr'><strong>convenit,</strong></span> <span class='ocrx_word' id='word_1_650' title='bbox 2121 3553 2437 3608; x_wconf 88' lang='lat' dir='ltr'><strong>attribuere.</strong></span> <span class='ocrx_word' id='word_1_651' title='bbox 2472 3554 2634 3608; x_wconf 81' lang='lat' dir='ltr'><strong>Verbi</strong></span> <span class='ocrx_word' id='word_1_652' title='bbox 2671 3554 2867 3619; x_wconf 82' lang='lat' dir='ltr'><strong>gratia,</strong></span> <span class='ocrx_word' id='word_1_653' title='bbox 2895 3553 3055 3607; x_wconf 86' lang='lat' dir='ltr'><strong>Pater</strong></span> <span class='ocrx_word' id='word_1_654' title='bbox 3090 3555 3205 3623; x_wconf 90' lang='lat' dir='ltr'><strong>ipse</strong></span> <span class='ocrx_word' id='word_1_655' title='bbox 3230 3565 3313 3609; x_wconf 85' lang='lat' dir='ltr'><strong>est</strong></span> <span class='ocrx_word' id='word_1_656' title='bbox 3336 3563 3391 3608; x_wconf 84' lang='lat' dir='ltr'><strong>et</strong></span> 
     </span>
    </p>
   </div>
   <div class='ocr_carea' id='block_1_83' title="bbox 1811 3643 3391 3713">
    <p class='ocr_par' dir='ltr' id='par_1_83' title="bbox 1811 3643 3391 3713">
     <span class='ocr_line' id='line_1_83' title="bbox 1811 3643 3391 3713; baseline 0.001 -16"><span class='ocrx_word' id='word_1_657' title='bbox 1811 3645 2117 3713; x_wconf 87' lang='lat' dir='ltr'><strong>appellatur</strong></span> <span class='ocrx_word' id='word_1_658' title='bbox 2150 3643 2328 3698; x_wconf 86' lang='lat' dir='ltr'><strong>Deus:</strong></span> <span class='ocrx_word' id='word_1_659' title='bbox 2365 3663 2382 3694; x_wconf 82' lang='grc' dir='ltr'><strong>ι</strong></span> <span class='ocrx_word' id='word_1_660' title='bbox 2414 3643 2490 3697; x_wconf 82' lang='lat' dir='ltr'><strong>Ex</strong></span> <span class='ocrx_word' id='word_1_661' title='bbox 2530 3644 2643 3713; x_wconf 89' lang='lat' dir='ltr'><strong>ipso</strong></span> <span class='ocrx_word' id='word_1_662' title='bbox 2675 3654 2853 3697; x_wconf 89' lang='lat' dir='ltr'><strong>autem</strong></span> <span class='ocrx_word' id='word_1_663' title='bbox 2883 3646 3045 3697; x_wconf 89' lang='lat' dir='ltr'><strong>etiam</strong></span> <span class='ocrx_word' id='word_1_664' title='bbox 3076 3645 3252 3707; x_wconf 83' lang='lat' dir='ltr'><strong>omnis</strong></span> <span class='ocrx_word' id='word_1_665' title='bbox 3293 3661 3391 3712; x_wconf 70' lang='lat' dir='ltr'><strong>pao</strong></span> 
     </span>
    </p>
   </div>
   <div class='ocr_carea' id='block_1_84' title="bbox 1811 3732 3389 3802">
    <p class='ocr_par' dir='ltr' id='par_1_84' title="bbox 1811 3732 3389 3802">
     <span class='ocr_line' id='line_1_84' title="bbox 1811 3732 3389 3802; baseline 0.002 -17"><span class='ocrx_word' id='word_1_666' title='bbox 1811 3734 2038 3786; x_wconf 91' lang='lat' dir='ltr'><strong>ternitas</strong></span> <span class='ocrx_word' id='word_1_667' title='bbox 2065 3732 2115 3785; x_wconf 94' lang='lat' dir='ltr'><strong>in</strong></span> <span class='ocrx_word' id='word_1_668' title='bbox 2144 3734 2278 3786; x_wconf 76' lang='lat' dir='ltr'><strong>cmlo</strong></span> <span class='ocrx_word' id='word_1_669' title='bbox 2301 3740 2356 3785; x_wconf 88' lang='lat' dir='ltr'><strong>et</strong></span> <span class='ocrx_word' id='word_1_670' title='bbox 2387 3734 2436 3785; x_wconf 93' lang='lat' dir='ltr'><strong>in</strong></span> <span class='ocrx_word' id='word_1_671' title='bbox 2474 3742 2612 3785; x_wconf 90' lang='lat' dir='ltr'><strong>terra</strong></span> <span class='ocrx_word' id='word_1_672' title='bbox 2641 3734 2971 3798; x_wconf 89' lang='lat' dir='ltr'><strong>nominatur,</strong></span> <span class='ocrx_word' id='word_1_673' title='bbox 3002 3754 3021 3787; x_wconf 70' lang='grc' dir='ltr'><strong>ι</strong></span> <span class='ocrx_word' id='word_1_674' title='bbox 3052 3744 3110 3787; x_wconf 83' lang='grc' dir='ltr'><strong>ιιι</strong></span> <span class='ocrx_word' id='word_1_675' title='bbox 3130 3736 3389 3802; x_wconf 88' lang='lat' dir='ltr'><strong>scriptum</strong></span> 
     </span>
    </p>
   </div>
   <div class='ocr_carea' id='block_1_85' title="bbox 1809 3822 3388 3892">
    <p class='ocr_par' dir='ltr' id='par_1_85' title="bbox 1809 3822 3388 3892">
     <span class='ocr_line' id='line_1_85' title="bbox 1809 3822 3388 3892; baseline 0.003 -15"><span class='ocrx_word' id='word_1_676' title='bbox 1809 3832 1893 3878; x_wconf 87' lang='lat' dir='ltr'><strong>est</strong></span> <span class='ocrx_word' id='word_1_677' title='bbox 1918 3822 2007 3876; x_wconf 68' lang='grc' dir='ltr'><strong>δ”.</strong></span> <span class='ocrx_word' id='word_1_678' title='bbox 2047 3822 2336 3875; x_wconf 85' lang='lat' dir='ltr'><strong>Sunt&#39;vero</strong></span> <span class='ocrx_word' id='word_1_679' title='bbox 2362 3824 2521 3877; x_wconf 86' lang='lat' dir='ltr'><strong>nobis</strong></span> <span class='ocrx_word' id='word_1_680' title='bbox 2555 3823 2644 3876; x_wconf 85' lang='lat' dir='ltr'><strong>alii</strong></span> <span class='ocrx_word' id='word_1_681' title='bbox 2671 3832 2726 3877; x_wconf 89' lang='lat' dir='ltr'><strong>et</strong></span> <span class='ocrx_word' id='word_1_682' title='bbox 2759 3825 3003 3879; x_wconf 86' lang='lat' dir='ltr'><strong>carnales</strong></span> <span class='ocrx_word' id='word_1_683' title='bbox 3032 3835 3085 3879; x_wconf 92' lang='lat' dir='ltr'><strong>et</strong></span> <span class='ocrx_word' id='word_1_684' title='bbox 3117 3826 3388 3892; x_wconf 86' lang='lat' dir='ltr'><strong>spiritales</strong></span> 
     </span>
    </p>
   </div>
   <div class='ocr_carea' id='block_1_86' title="bbox 1809 3911 3387 3983">
    <p class='ocr_par' dir='ltr' id='par_1_86' title="bbox 1809 3911 3387 3983">
     <span class='ocr_line' id='line_1_86' title="bbox 1809 3911 3387 3983; baseline 0.003 -19"><span class='ocrx_word' id='word_1_685' title='bbox 1809 3924 2011 3983; x_wconf 87' lang='lat' dir='ltr'><strong>patres.</strong></span> <span class='ocrx_word' id='word_1_686' title='bbox 2038 3911 2179 3965; x_wconf 85' lang='lat' dir='ltr'><strong>Num</strong></span> <span class='ocrx_word' id='word_1_687' title='bbox 2204 3913 2367 3983; x_wconf 76' lang='lat' dir='ltr'><strong>igitur</strong></span> <span class='ocrx_word' id='word_1_688' title='bbox 2396 3913 2440 3967; x_wconf 93' lang='lat' dir='ltr'><strong>si</strong></span> <span class='ocrx_word' id='word_1_689' title='bbox 2467 3913 2595 3982; x_wconf 84' lang='lat' dir='ltr'><strong>quid</strong></span> <span class='ocrx_word' id='word_1_690' title='bbox 2626 3928 2689 3967; x_wconf 80' lang='lat' dir='ltr'><strong>ex</strong></span> <span class='ocrx_word' id='word_1_691' title='bbox 2717 3915 2797 3968; x_wconf 91' lang='lat' dir='ltr'><strong>his</strong></span> <span class='ocrx_word' id='word_1_692' title='bbox 2826 3930 2944 3983; x_wconf 72' lang='lat' dir='ltr'><strong>qua:</strong></span> <span class='ocrx_word' id='word_1_693' title='bbox 2970 3916 3200 3970; x_wconf 79' lang='lat' dir='ltr'><strong>maxime</strong></span> <span class='ocrx_word' id='word_1_694' title='bbox 3222 3915 3387 3970; x_wconf 89' lang='lat' dir='ltr'><strong>Deum</strong></span> 
     </span>
    </p>
   </div>
   <div class='ocr_carea' id='block_1_87' title="bbox 1808 4002 3395 4072">
    <p class='ocr_par' dir='ltr' id='par_1_87' title="bbox 1808 4002 3395 4072">
     <span class='ocr_line' id='line_1_87' title="bbox 1808 4002 3395 4072; baseline 0.003 -15"><span class='ocrx_word' id='word_1_695' title='bbox 1808 4004 2021 4069; x_wconf 82' lang='lat' dir='ltr'><strong>decent,</strong></span> <span class='ocrx_word' id='word_1_696' title='bbox 2059 4004 2126 4057; x_wconf 92' lang='lat' dir='ltr'><strong>de</strong></span> <span class='ocrx_word' id='word_1_697' title='bbox 2161 4004 2273 4057; x_wconf 89' lang='lat' dir='ltr'><strong>Deo</strong></span> <span class='ocrx_word' id='word_1_698' title='bbox 2319 4018 2382 4057; x_wconf 90' lang='lat' dir='ltr'><strong>ac</strong></span> <span class='ocrx_word' id='word_1_699' title='bbox 2432 4002 2589 4059; x_wconf 82' lang='lat' dir='ltr'><strong>Patre</strong></span> <span class='ocrx_word' id='word_1_700' title='bbox 2632 4007 2868 4072; x_wconf 89' lang='lat' dir='ltr'><strong>dicatur,</strong></span> <span class='ocrx_word' id='word_1_701' title='bbox 2919 4008 3057 4061; x_wconf 92' lang='lat' dir='ltr'><strong>idem</strong></span> <span class='ocrx_word' id='word_1_702' title='bbox 3106 4010 3395 4064; x_wconf 82' lang='lat' dir='ltr'><strong>conveniet</strong></span> 
     </span>
    </p>
   </div>
   <div class='ocr_carea' id='block_1_88' title="bbox 1808 4095 3392 4164">
    <p class='ocr_par' dir='ltr' id='par_1_88' title="bbox 1808 4095 3392 4164">
     <span class='ocr_line' id='line_1_88' title="bbox 1808 4095 3392 4164; baseline 0.003 -15"><span class='ocrx_word' id='word_1_703' title='bbox 1808 4096 1872 4149; x_wconf 89' lang='lat' dir='ltr'><strong>iis</strong></span> <span class='ocrx_word' id='word_1_704' title='bbox 1912 4096 2002 4164; x_wconf 92' lang='lat' dir='ltr'><strong>qui</strong></span> <span class='ocrx_word' id='word_1_705' title='bbox 2044 4096 2339 4150; x_wconf 88' lang='lat' dir='ltr'><strong>secundum</strong></span> <span class='ocrx_word' id='word_1_706' title='bbox 2380 4095 2703 4164; x_wconf 87' lang='lat' dir='ltr'><strong>positionem</strong></span> <span class='ocrx_word' id='word_1_707' title='bbox 2741 4098 2985 4151; x_wconf 90' lang='lat' dir='ltr'><strong>eamdem</strong></span> <span class='ocrx_word' id='word_1_708' title='bbox 3015 4112 3135 4151; x_wconf 88' lang='lat' dir='ltr'><strong>cum</strong></span> <span class='ocrx_word' id='word_1_709' title='bbox 3162 4099 3250 4152; x_wconf 87' lang='lat' dir='ltr'><strong>illo</strong></span> <span class='ocrx_word' id='word_1_710' title='bbox 3273 4113 3392 4154; x_wconf 84' lang='lat' dir='ltr'><strong>sor-</strong></span> 
     </span>
    </p>
   </div>
   <div class='ocr_carea' id='block_1_89' title="bbox 1806 4186 3385 4258">
    <p class='ocr_par' dir='ltr' id='par_1_89' title="bbox 1806 4186 3385 4258">
     <span class='ocr_line' id='line_1_89' title="bbox 1806 4186 3385 4258; baseline 0.001 -17"><span class='ocrx_word' id='word_1_711' title='bbox 1806 4187 1891 4241; x_wconf 84' lang='lat' dir='ltr'><strong>titi</strong></span> <span class='ocrx_word' id='word_1_712' title='bbox 1920 4194 2047 4240; x_wconf 87' lang='lat' dir='ltr'><strong>sunt</strong></span> <span class='ocrx_word' id='word_1_713' title='bbox 2072 4186 2506 4255; x_wconf 86' lang='lat' dir='ltr'><strong>appellationem,</strong></span> <span class='ocrx_word' id='word_1_714' title='bbox 2540 4196 2593 4239; x_wconf 90' lang='lat' dir='ltr'><strong>et</strong></span> <span class='ocrx_word' id='word_1_715' title='bbox 2621 4188 2979 4258; x_wconf 69' lang='lat' dir='ltr'><strong>homooymia:</strong></span> <span class='ocrx_word' id='word_1_716' title='bbox 3008 4198 3191 4256; x_wconf 89' lang='lat' dir='ltr'><strong>tropus</strong></span> <span class='ocrx_word' id='word_1_717' title='bbox 3213 4191 3385 4257; x_wconf 92' lang='lat' dir='ltr'><strong>ipsum</strong></span> 
     </span>
    </p>
   </div>
   <div class='ocr_carea' id='block_1_90' title="bbox 1808 4276 3388 4347">
    <p class='ocr_par' dir='ltr' id='par_1_90' title="bbox 1808 4276 3388 4347">
     <span class='ocr_line' id='line_1_90' title="bbox 1808 4276 3388 4347; baseline 0.002 -16"><span class='ocrx_word' id='word_1_718' title='bbox 1808 4279 1875 4333; x_wconf 89' lang='lat' dir='ltr'><strong>iis</strong></span> <span class='ocrx_word' id='word_1_719' title='bbox 1904 4277 2157 4347; x_wconf 83' lang='lat' dir='ltr'><strong>spoliabit</strong></span> <span class='ocrx_word' id='word_1_720' title='bbox 2201 4292 2320 4345; x_wconf 69' lang='lat' dir='ltr'><strong>quae</strong></span> <span class='ocrx_word' id='word_1_721' title='bbox 2367 4276 2441 4330; x_wconf 90' lang='lat' dir='ltr'><strong>illi</strong></span> <span class='ocrx_word' id='word_1_722' title='bbox 2491 4285 2543 4330; x_wconf 92' lang='lat' dir='ltr'><strong>et</strong></span> <span class='ocrx_word' id='word_1_723' title='bbox 2590 4277 2689 4330; x_wconf 84' lang='lat' dir='ltr'><strong>soli</strong></span> <span class='ocrx_word' id='word_1_724' title='bbox 2742 4279 2977 4333; x_wconf 88' lang='lat' dir='ltr'><strong>maxime</strong></span> <span class='ocrx_word' id='word_1_725' title='bbox 3020 4280 3388 4335; x_wconf 80' lang='lat' dir='ltr'><strong>conveniunt?</strong></span> 
     </span>
    </p>
   </div>
   <div class='ocr_carea' id='block_1_91' title="bbox 1805 4367 3387 4439">
    <p class='ocr_par' dir='ltr' id='par_1_91' title="bbox 1805 4367 3387 4439">
     <span class='ocr_line' id='line_1_91' title="bbox 1805 4367 3387 4439; baseline 0.003 -17"><span class='ocrx_word' id='word_1_726' title='bbox 1805 4369 1965 4437; x_wconf 90' lang='lat' dir='ltr'><strong>Atqui</strong></span> <span class='ocrx_word' id='word_1_727' title='bbox 2002 4367 2275 4437; x_wconf 90' lang='lat' dir='ltr'><strong>quomodo</strong></span> <span class='ocrx_word' id='word_1_728' title='bbox 2310 4382 2417 4420; x_wconf 92' lang='lat' dir='ltr'><strong>non</strong></span> <span class='ocrx_word' id='word_1_729' title='bbox 2472 4367 2543 4421; x_wconf 89' lang='lat' dir='ltr'><strong>sit</strong></span> <span class='ocrx_word' id='word_1_730' title='bbox 2592 4368 2843 4423; x_wconf 90' lang='lat' dir='ltr'><strong>omnibus</strong></span> <span class='ocrx_word' id='word_1_731' title='bbox 2877 4372 3243 4439; x_wconf 90' lang='lat' dir='ltr'><strong>perspicuum,</strong></span> <span class='ocrx_word' id='word_1_732' title='bbox 3291 4374 3387 4427; x_wconf 85' lang='lat' dir='ltr'><strong>ab-</strong></span> 
     </span>
    </p>
   </div>
   <div class='ocr_carea' id='block_1_92' title="bbox 106 4445 1705 4534">
    <p class='ocr_par' dir='ltr' id='par_1_92' title="bbox 106 4445 1699 4533">
     <span class='ocr_line' id='line_1_92' title="bbox 106 4445 1699 4533; baseline -0.01 -16"><span class='ocrx_word' id='word_1_733' title='bbox 106 4464 358 4533; x_wconf 77' lang='grc' dir='ltr'>ὲναργὲς,</span> <span class='ocrx_word' id='word_1_734' title='bbox 394 4462 472 4523; x_wconf 82' lang='grc' dir='ltr'>ὡς</span> <span class='ocrx_word' id='word_1_735' title='bbox 512 4456 741 4511; x_wconf 74' lang='grc' dir='ltr'>ἔκτοπόν</span> <span class='ocrx_word' id='word_1_736' title='bbox 790 4472 851 4507; x_wconf 85' lang='grc' dir='ltr'><strong>τε</strong></span> <span class='ocrx_word' id='word_1_737' title='bbox 898 4454 990 4507; x_wconf 69' lang='grc' dir='ltr'>καὶ</span> <span class='ocrx_word' id='word_1_738' title='bbox 1035 4452 1243 4523; x_wconf 82' lang='grc' dir='ltr'>ἀπηχὲς</span> <span class='ocrx_word' id='word_1_739' title='bbox 1287 4451 1369 4515; x_wconf 88' lang='grc' dir='ltr'><strong>τὸ,</strong></span> <span class='ocrx_word' id='word_1_740' title='bbox 1401 4445 1505 4503; x_wconf 86' lang='grc' dir='ltr'><strong>ὧδέ</strong></span> <span class='ocrx_word' id='word_1_741' title='bbox 1547 4467 1699 4509; x_wconf 87' lang='grc' dir='ltr'>τινας</span> 
     </span>
    </p>
   </div>
   <div class='ocr_carea' id='block_1_93' title="bbox 1809 4445 3387 4534">
    <p class='ocr_par' dir='ltr' id='par_1_93' title="bbox 1809 4457 3387 4528">
     <span class='ocr_line' id='line_1_93' title="bbox 1809 4457 3387 4528; baseline 0.005 -16"><span class='ocrx_word' id='word_1_742' title='bbox 1809 4459 2027 4513; x_wconf 87' lang='lat' dir='ltr'><strong>surdum</strong></span> <span class='ocrx_word' id='word_1_743' title='bbox 2060 4472 2183 4528; x_wconf 86' lang='lat' dir='ltr'><strong>esse</strong></span> <span class='ocrx_word' id='word_1_744' title='bbox 2206 4467 2260 4511; x_wconf 85' lang='lat' dir='ltr'><strong>et</strong></span> <span class='ocrx_word' id='word_1_745' title='bbox 2282 4457 2543 4511; x_wconf 89' lang='lat' dir='ltr'><strong>absonum</strong></span> <span class='ocrx_word' id='word_1_746' title='bbox 2571 4460 2781 4527; x_wconf 82' lang='lat' dir='ltr'><strong>aliquos</strong></span> <span class='ocrx_word' id='word_1_747' title='bbox 2805 4475 2834 4514; x_wconf 94' lang='lat' dir='ltr'><strong>e</strong></span> <span class='ocrx_word' id='word_1_748' title='bbox 2865 4464 3066 4516; x_wconf 89' lang='lat' dir='ltr'><strong>nostris</strong></span> <span class='ocrx_word' id='word_1_749' title='bbox 3086 4464 3162 4519; x_wconf 89' lang='lat' dir='ltr'><strong>sic</strong></span> <span class='ocrx_word' id='word_1_750' title='bbox 3186 4466 3387 4519; x_wconf 88' lang='lat' dir='ltr'><strong>sentire</strong></span> 
     </span>
    </p>
   </div>
   <div class='ocr_carea' id='block_1_94' title="bbox 104 4542 1696 4621">
    <p class='ocr_par' dir='ltr' id='par_1_94' title="bbox 104 4542 1696 4621">
     <span class='ocr_line' id='line_1_94' title="bbox 104 4542 1696 4621; baseline -0.008 -16"><span class='ocrx_word' id='word_1_751' title='bbox 104 4554 206 4607; x_wconf 85' lang='grc' dir='ltr'><strong>τῶν</strong></span> <span class='ocrx_word' id='word_1_752' title='bbox 257 4555 318 4607; x_wconf 71' lang='grc' dir='ltr'><strong>ἒν</strong></span> <span class='ocrx_word' id='word_1_753' title='bbox 370 4553 506 4621; x_wconf 78' lang='grc' dir='ltr'>ἡμῖν</span> <span class='ocrx_word' id='word_1_754' title='bbox 543 4547 761 4601; x_wconf 78' lang='grc' dir='ltr'>ἑλέσθαι</span> <span class='ocrx_word' id='word_1_755' title='bbox 794 4546 1031 4617; x_wconf 85' lang='grc' dir='ltr'>φρονεῖν,</span> <span class='ocrx_word' id='word_1_756' title='bbox 1078 4544 1112 4614; x_wconf 81' lang='grc' dir='ltr'>ἢ</span> <span class='ocrx_word' id='word_1_757' title='bbox 1151 4542 1368 4609; x_wconf 56' lang='lat' dir='ltr'><strong>Myer»;</strong></span> <span class='ocrx_word' id='word_1_758' title='bbox 1403 4542 1467 4594; x_wconf 89' lang='grc' dir='ltr'>Τί</span> <span class='ocrx_word' id='word_1_759' title='bbox 1513 4542 1696 4594; x_wconf 77' lang='grc' dir='ltr'>τοίνυν</span> 
     </span>
    </p>
   </div>
   <div class='ocr_carea' id='block_1_95' title="bbox 105 4632 1695 4716">
    <p class='ocr_par' dir='ltr' id='par_1_95' title="bbox 105 4632 1695 4716">
     <span class='ocr_line' id='line_1_95' title="bbox 105 4632 1695 4716; baseline -0.009 -17"><span class='ocrx_word' id='word_1_760' title='bbox 105 4649 231 4716; x_wconf 77' lang='grc' dir='ltr'>ἡμῖν</span> <span class='ocrx_word' id='word_1_761' title='bbox 283 4646 387 4715; x_wconf 78' lang='grc' dir='ltr'>τὴν</span> <span class='ocrx_word' id='word_1_762' title='bbox 437 4640 760 4712; x_wconf 81' lang='grc' dir='ltr'>ὁμωνυμίαν</span> <span class='ocrx_word' id='word_1_763' title='bbox 810 4634 1090 4704; x_wconf 87' lang='grc' dir='ltr'>ἀειλογῶν,</span> <span class='ocrx_word' id='word_1_764' title='bbox 1142 4634 1234 4687; x_wconf 89' lang='grc' dir='ltr'><strong>τὸν</strong></span> <span class='ocrx_word' id='word_1_765' title='bbox 1280 4633 1440 4702; x_wconf 84' lang='grc' dir='ltr'>φύσει</span> <span class='ocrx_word' id='word_1_766' title='bbox 1486 4650 1545 4685; x_wconf 84' lang='grc' dir='ltr'><strong>τε</strong></span> <span class='ocrx_word' id='word_1_767' title='bbox 1600 4632 1695 4687; x_wconf 73' lang='grc' dir='ltr'>καὶ</span> 
     </span>
    </p>
   </div>
   <div class='ocr_carea' id='block_1_96' title="bbox 106 4724 1691 4805">
    <p class='ocr_par' dir='ltr' id='par_1_96' title="bbox 106 4724 1691 4805">
     <span class='ocr_line' id='line_1_96' title="bbox 106 4724 1691 4805; baseline -0.01 -15"><span class='ocrx_word' id='word_1_768' title='bbox 106 4737 321 4805; x_wconf 73' lang='grc' dir='ltr'>ἀληθῶς</span> <span class='ocrx_word' id='word_1_769' title='bbox 360 4732 653 4803; x_wconf 76' lang='grc' dir='ltr'>ἀτιμάζεις</span> <span class='ocrx_word' id='word_1_770' title='bbox 687 4728 851 4794; x_wconf 87' lang='grc' dir='ltr'>Υἱόν;</span> <span class='ocrx_word' id='word_1_771' title='bbox 883 4728 990 4780; x_wconf 88' lang='grc' dir='ltr'><strong>τῶν</strong></span> <span class='ocrx_word' id='word_1_772' title='bbox 1022 4728 1100 4789; x_wconf 87' lang='grc' dir='ltr'><strong>εἰς</strong></span> <span class='ocrx_word' id='word_1_773' title='bbox 1131 4728 1282 4796; x_wconf 80' lang='grc' dir='ltr'>ἡμᾶς</span> <span class='ocrx_word' id='word_1_774' title='bbox 1315 4724 1691 4795; x_wconf 76' lang='grc' dir='ltr'>εὐεργετημάο</span> 
     </span>
    </p>
   </div>
   <div class='ocr_carea' id='block_1_97' title="bbox 104 4815 1691 4891">
    <p class='ocr_par' dir='ltr' id='par_1_97' title="bbox 104 4815 1691 4891">
     <span class='ocr_line' id='line_1_97' title="bbox 104 4815 1691 4891; baseline -0.01 -10"><span class='ocrx_word' id='word_1_775' title='bbox 104 4829 207 4881; x_wconf 83' lang='grc' dir='ltr'><strong>τῶν</strong></span> <span class='ocrx_word' id='word_1_776' title='bbox 236 4828 345 4891; x_wconf 75' lang='grc' dir='ltr'><strong>ἔξω</strong></span> <span class='ocrx_word' id='word_1_777' title='bbox 376 4842 436 4877; x_wconf 90' lang='grc' dir='ltr'><strong>τε</strong></span> <span class='ocrx_word' id='word_1_778' title='bbox 464 4824 656 4887; x_wconf 78' lang='grc' dir='ltr'>τιθεὶς,</span> <span class='ocrx_word' id='word_1_779' title='bbox 691 4821 787 4874; x_wconf 79' lang='grc' dir='ltr'><strong>καὶ</strong></span> <span class='ocrx_word' id='word_1_780' title='bbox 817 4818 1093 4887; x_wconf 80' lang='grc' dir='ltr'>ἀλλότριον</span> <span class='ocrx_word' id='word_1_781' title='bbox 1133 4815 1449 4884; x_wconf 87' lang='grc' dir='ltr'>ἀποφαίνων</span> <span class='ocrx_word' id='word_1_782' title='bbox 1470 4833 1482 4845; x_wconf 89' lang='grc'><strong>·</strong></span> <span class='ocrx_word' id='word_1_783' title='bbox 1513 4816 1691 4867; x_wconf 84' lang='grc' dir='ltr'>καίτοι</span> 
     </span>
    </p>
   </div>
   <div class='ocr_carea' id='block_1_98' title="bbox 103 4905 1691 4981">
    <p class='ocr_par' dir='ltr' id='par_1_98' title="bbox 103 4905 1691 4981">
     <span class='ocr_line' id='line_1_98' title="bbox 103 4905 1691 4981; baseline -0.009 -10"><span class='ocrx_word' id='word_1_784' title='bbox 103 4919 217 4971; x_wconf 70' lang='grc' dir='ltr'>δέον</span> <span class='ocrx_word' id='word_1_785' title='bbox 262 4916 546 4981; x_wconf 85' lang='grc' dir='ltr'>συλλέγειν</span> <span class='ocrx_word' id='word_1_786' title='bbox 581 4914 658 4975; x_wconf 90' lang='grc' dir='ltr'><strong>εἰς</strong></span> <span class='ocrx_word' id='word_1_787' title='bbox 685 4911 881 4963; x_wconf 72' lang='grc' dir='ltr'>ἕνωσιν</span> <span class='ocrx_word' id='word_1_788' title='bbox 915 4908 950 4962; x_wconf 77' lang='grc' dir='ltr'>ἃ</span> <span class='ocrx_word' id='word_1_789' title='bbox 988 4907 1196 4977; x_wconf 80' lang='grc' dir='ltr'>διιστᾷν</span> <span class='ocrx_word' id='word_1_790' title='bbox 1238 4905 1544 4974; x_wconf 84' lang='grc' dir='ltr'>ὁλοτρόπως</span> <span class='ocrx_word' id='word_1_791' title='bbox 1590 4905 1691 4957; x_wconf 76' lang='grc' dir='ltr'>οὐκ</span> 
     </span>
    </p>
   </div>
   <div class='ocr_carea' id='block_1_99' title="bbox 106 4995 1692 5080">
    <p class='ocr_par' dir='ltr' id='par_1_99' title="bbox 106 4995 1692 5080">
     <span class='ocr_line' id='line_1_99' title="bbox 106 4995 1692 5080; baseline -0.01 -18"><span class='ocrx_word' id='word_1_792' title='bbox 106 5010 385 5080; x_wconf 77' lang='grc' dir='ltr'>ἐρυθριᾷς,</span> <span class='ocrx_word' id='word_1_793' title='bbox 420 5008 517 5059; x_wconf 72' lang='grc' dir='ltr'>ἕνα</span> <span class='ocrx_word' id='word_1_794' title='bbox 546 5020 604 5056; x_wconf 88' lang='grc' dir='ltr'><strong>τε</strong></span> <span class='ocrx_word' id='word_1_795' title='bbox 635 5004 777 5058; x_wconf 84' lang='grc' dir='ltr'>νοεῖν</span> <span class='ocrx_word' id='word_1_796' title='bbox 825 5000 962 5070; x_wconf 86' lang='grc' dir='ltr'><strong>μετά</strong></span> <span class='ocrx_word' id='word_1_797' title='bbox 988 4998 1087 5067; x_wconf 81' lang='grc' dir='ltr'><strong>τῆς</strong></span> <span class='ocrx_word' id='word_1_798' title='bbox 1130 4998 1267 5060; x_wconf 84' lang='grc' dir='ltr'>ἰδίας</span> <span class='ocrx_word' id='word_1_799' title='bbox 1294 4996 1457 5049; x_wconf 80' lang='grc' dir='ltr'>αὑτοῦ</span> <span class='ocrx_word' id='word_1_800' title='bbox 1491 4995 1692 5064; x_wconf 85' lang='grc' dir='ltr'>σαρκὸς</span> 
     </span>
    </p>
   </div>
   <div class='ocr_carea' id='block_1_100' title="bbox 108 5084 1690 5164">
    <p class='ocr_par' dir='ltr' id='par_1_100' title="bbox 108 5084 1690 5164">
     <span class='ocr_line' id='line_1_100' title="bbox 108 5084 1690 5164; baseline -0.011 -11"><span class='ocrx_word' id='word_1_801' title='bbox 108 5105 189 5156; x_wconf 69' lang='grc' dir='ltr'><strong>τὸν</strong></span> <span class='ocrx_word' id='word_1_802' title='bbox 224 5105 290 5154; x_wconf 82' lang='grc' dir='ltr'><strong>ὲκ</strong></span> <span class='ocrx_word' id='word_1_803' title='bbox 318 5098 457 5153; x_wconf 76' lang='grc' dir='ltr'>Θεοῦ</span> <span class='ocrx_word' id='word_1_804' title='bbox 493 5095 706 5164; x_wconf 87' lang='grc' dir='ltr'>Πατρὸς</span> <span class='ocrx_word' id='word_1_805' title='bbox 740 5092 932 5160; x_wconf 87' lang='grc' dir='ltr'>Λόγον.</span> <span class='ocrx_word' id='word_1_806' title='bbox 979 5088 1222 5161; x_wconf 85' lang='grc' dir='ltr'>Ἱδρῶτος</span> <span class='ocrx_word' id='word_1_807' title='bbox 1255 5088 1364 5158; x_wconf 78' lang='grc' dir='ltr'><strong>γὰρ</strong></span> <span class='ocrx_word' id='word_1_808' title='bbox 1407 5084 1550 5139; x_wconf 81' lang='grc' dir='ltr'>οὕτω</span> <span class='ocrx_word' id='word_1_809' title='bbox 1586 5102 1690 5154; x_wconf 86' lang='grc' dir='ltr'>μα-</span> 
     </span>
    </p>
   </div>
   <div class='ocr_carea' id='block_1_101' title="bbox 106 5177 1688 5264">
    <p class='ocr_par' dir='ltr' id='par_1_101' title="bbox 106 5177 1688 5264">
     <span class='ocr_line' id='line_1_101' title="bbox 106 5177 1688 5264; baseline -0.013 -15"><span class='ocrx_word' id='word_1_810' title='bbox 106 5196 232 5264; x_wconf 76' lang='grc' dir='ltr'>κροῦ</span> <span class='ocrx_word' id='word_1_811' title='bbox 266 5193 466 5245; x_wconf 86' lang='grc' dir='ltr'>σαυτὸν</span> <span class='ocrx_word' id='word_1_812' title='bbox 494 5184 847 5252; x_wconf 78' lang='grc' dir='ltr'>ἀπαλλάξεις,</span> <span class='ocrx_word' id='word_1_813' title='bbox 878 5182 1013 5254; x_wconf 84' lang='grc' dir='ltr'>ὀρθά</span> <span class='ocrx_word' id='word_1_814' title='bbox 1039 5199 1097 5233; x_wconf 87' lang='grc' dir='ltr'><strong>τε</strong></span> <span class='ocrx_word' id='word_1_815' title='bbox 1123 5177 1501 5249; x_wconf 81' lang='grc' dir='ltr'>πεφρονηκὼς,</span> <span class='ocrx_word' id='word_1_816' title='bbox 1534 5177 1688 5229; x_wconf 77' lang='grc' dir='ltr'>ἐπαι-</span> 
     </span>
    </p>
   </div>
   <div class='ocr_carea' id='block_1_102' title="bbox 107 5270 1683 5357">
    <p class='ocr_par' dir='ltr' id='par_1_102' title="bbox 107 5270 1683 5357">
     <span class='ocr_line' id='line_1_102' title="bbox 107 5270 1683 5357; baseline -0.011 -20"><span class='ocrx_word' id='word_1_817' title='bbox 107 5286 303 5357; x_wconf 48' lang='lat' dir='ltr'><strong>nam,</strong></span> <span class='ocrx_word' id='word_1_818' title='bbox 334 5282 524 5336; x_wconf 76' lang='grc' dir='ltr'>λοιπόν</span> <span class='ocrx_word' id='word_1_819' title='bbox 548 5296 563 5311; x_wconf 72' lang='grc' dir='ltr'><strong><em>ο</em></strong></span> <span class='ocrx_word' id='word_1_820' title='bbox 598 5281 693 5334; x_wconf 72' lang='grc' dir='ltr'><strong>καὶ</strong></span> <span class='ocrx_word' id='word_1_821' title='bbox 723 5278 922 5345; x_wconf 80' lang='grc' dir='ltr'>ἥκιστα</span> <span class='ocrx_word' id='word_1_822' title='bbox 969 5275 1065 5344; x_wconf 86' lang='grc' dir='ltr'><strong>μὲν</strong></span> <span class='ocrx_word' id='word_1_823' title='bbox 1112 5272 1360 5341; x_wconf 69' lang='grc' dir='ltr'>παθητὴν</span> <span class='ocrx_word' id='word_1_824' title='bbox 1390 5272 1534 5338; x_wconf 82' lang='grc' dir='ltr'><strong>ὲρεῖς</strong></span> <span class='ocrx_word' id='word_1_825' title='bbox 1583 5270 1683 5338; x_wconf 84' lang='grc' dir='ltr'>τὴν</span> 
     </span>
    </p>
   </div>
   <div class='ocr_carea' id='block_1_103' title="bbox 109 5359 1683 5445">
    <p class='ocr_par' dir='ltr' id='par_1_103' title="bbox 109 5359 1683 5445">
     <span class='ocr_line' id='line_1_103' title="bbox 109 5359 1683 5445; baseline -0.013 -17"><span class='ocrx_word' id='word_1_826' title='bbox 109 5376 329 5445; x_wconf 84' lang='grc' dir='ltr'>θεότητα</span> <span class='ocrx_word' id='word_1_827' title='bbox 361 5372 455 5427; x_wconf 83' lang='grc' dir='ltr'><strong>τοῦ</strong></span> <span class='ocrx_word' id='word_1_828' title='bbox 502 5365 849 5435; x_wconf 76' lang='grc' dir='ltr'>Μονογενοῦς</span> <span class='ocrx_word' id='word_1_829' title='bbox 875 5381 887 5395; x_wconf 80' lang='grc'>⁶</span> <span class='ocrx_word' id='word_1_830' title='bbox 933 5364 1288 5435; x_wconf 84' lang='grc' dir='ltr'>ὁμολογήσεις</span> <span class='ocrx_word' id='word_1_831' title='bbox 1332 5360 1389 5411; x_wconf 79' lang='grc' dir='ltr'>δὲ</span> <span class='ocrx_word' id='word_1_832' title='bbox 1422 5361 1516 5411; x_wconf 75' lang='grc' dir='ltr'><strong>σὺν</strong></span> <span class='ocrx_word' id='word_1_833' title='bbox 1552 5359 1683 5428; x_wconf 79' lang='grc' dir='ltr'>ἡμῖν</span> 
     </span>
    </p>
   </div>
   <div class='ocr_carea' id='block_1_104' title="bbox 107 5451 1683 5537">
    <p class='ocr_par' dir='ltr' id='par_1_104' title="bbox 107 5451 1683 5537">
     <span class='ocr_line' id='line_1_104' title="bbox 107 5451 1683 5537; baseline -0.011 -19"><span class='ocrx_word' id='word_1_834' title='bbox 107 5468 182 5519; x_wconf 77' lang='grc' dir='ltr'>ὃτι</span> <span class='ocrx_word' id='word_1_835' title='bbox 216 5470 327 5537; x_wconf 79' lang='grc' dir='ltr'><strong>ζωὴ</strong></span> <span class='ocrx_word' id='word_1_836' title='bbox 352 5468 447 5520; x_wconf 78' lang='grc' dir='ltr'>καὶ</span> <span class='ocrx_word' id='word_1_837' title='bbox 482 5462 745 5529; x_wconf 83' lang='grc' dir='ltr'>ζωοποιὸς</span> <span class='ocrx_word' id='word_1_838' title='bbox 782 5458 921 5512; x_wconf 80' lang='grc' dir='ltr'><strong>κατά</strong></span> <span class='ocrx_word' id='word_1_839' title='bbox 954 5458 1115 5525; x_wconf 88' lang='grc' dir='ltr'>φύσιν</span> <span class='ocrx_word' id='word_1_840' title='bbox 1151 5455 1289 5519; x_wconf 71' lang='grc' dir='ltr'>ἐστὶ,</span> <span class='ocrx_word' id='word_1_841' title='bbox 1323 5452 1417 5505; x_wconf 70' lang='grc' dir='ltr'>καὶ</span> <span class='ocrx_word' id='word_1_842' title='bbox 1454 5451 1559 5520; x_wconf 85' lang='grc' dir='ltr'>μὴν</span> <span class='ocrx_word' id='word_1_843' title='bbox 1589 5451 1683 5502; x_wconf 82' lang='grc' dir='ltr'>καὶ</span> 
     </span>
    </p>
   </div>
   <div class='ocr_carea' id='block_1_105' title="bbox 112 5545 1679 5619">
    <p class='ocr_par' dir='ltr' id='par_1_105' title="bbox 112 5545 1679 5619">
     <span class='ocr_line' id='line_1_105' title="bbox 112 5545 1679 5619; baseline -0.009 -10"><span class='ocrx_word' id='word_1_844' title='bbox 112 5557 302 5619; x_wconf 69' lang='grc' dir='ltr'>παντὸς</span> <span class='ocrx_word' id='word_1_845' title='bbox 342 5556 602 5609; x_wconf 76' lang='grc' dir='ltr'>ἐπέκεινα</span> <span class='ocrx_word' id='word_1_846' title='bbox 642 5550 870 5612; x_wconf 71' lang='grc' dir='ltr'>πάθους.</span> <span class='ocrx_word' id='word_1_847' title='bbox 917 5545 1047 5602; x_wconf 84' lang='grc' dir='ltr'>Εἶτα</span> <span class='ocrx_word' id='word_1_848' title='bbox 1089 5546 1361 5616; x_wconf 79' lang='grc' dir='ltr'>παθούσης</span> <span class='ocrx_word' id='word_1_849' title='bbox 1414 5546 1508 5615; x_wconf 87' lang='grc' dir='ltr'><strong>τῆς</strong></span> <span class='ocrx_word' id='word_1_850' title='bbox 1546 5546 1679 5597; x_wconf 78' lang='grc' dir='ltr'>ἑνω-</span> 
     </span>
    </p>
   </div>
   <div class='ocr_carea' id='block_1_106' title="bbox 1800 4547 3383 4623">
    <p class='ocr_par' dir='ltr' id='par_1_106' title="bbox 1800 4547 3383 4623">
     <span class='ocr_line' id='line_1_106' title="bbox 1800 4547 3383 4623; baseline 0.007 -23"><span class='ocrx_word' id='word_1_851' title='bbox 1800 4564 1865 4603; x_wconf 87' lang='lat' dir='ltr'><strong>ac</strong></span> <span class='ocrx_word' id='word_1_852' title='bbox 1898 4549 2042 4617; x_wconf 91' lang='lat' dir='ltr'><strong>loqui</strong></span> <span class='ocrx_word' id='word_1_853' title='bbox 2075 4548 2211 4602; x_wconf 88' lang='lat' dir='ltr'><strong>velle</strong></span> <span class='ocrx_word' id='word_1_854' title='bbox 2232 4547 2257 4599; x_wconf 61' lang='grc' dir='ltr'>ἓ</span> <span class='ocrx_word' id='word_1_855' title='bbox 2285 4547 2396 4601; x_wconf 88' lang='lat' dir='ltr'><strong>Cur</strong></span> <span class='ocrx_word' id='word_1_856' title='bbox 2432 4549 2595 4619; x_wconf 79' lang='lat' dir='ltr'><strong>igitur</strong></span> <span class='ocrx_word' id='word_1_857' title='bbox 2623 4551 2779 4605; x_wconf 88' lang='lat' dir='ltr'><strong>nobis</strong></span> <span class='ocrx_word' id='word_1_858' title='bbox 2807 4552 3207 4623; x_wconf 81' lang='lat' dir='ltr'><strong>homonymiam</strong></span> <span class='ocrx_word' id='word_1_859' title='bbox 3242 4547 3383 4611; x_wconf 45' lang='lat' dir='ltr'><strong>assii</strong></span> 
     </span>
    </p>
   </div>
   <div class='ocr_carea' id='block_1_107' title="bbox 1798 4626 3383 4713">
    <p class='ocr_par' dir='ltr' id='par_1_107' title="bbox 1798 4626 3383 4713">
     <span class='ocr_line' id='line_1_107' title="bbox 1798 4626 3383 4713; baseline 0.006 -21"><span class='ocrx_word' id='word_1_860' title='bbox 1798 4641 1902 4693; x_wconf 84' lang='lat' dir='ltr'><strong>duo</strong></span> <span class='ocrx_word' id='word_1_861' title='bbox 1930 4647 2205 4707; x_wconf 87' lang='lat' dir='ltr'><strong>repetens,</strong></span> <span class='ocrx_word' id='word_1_862' title='bbox 2239 4637 2387 4693; x_wconf 90' lang='lat' dir='ltr'><strong>illum</strong></span> <span class='ocrx_word' id='word_1_863' title='bbox 2413 4655 2478 4693; x_wconf 86' lang='lat' dir='ltr'><strong>ex</strong></span> <span class='ocrx_word' id='word_1_864' title='bbox 2504 4652 2697 4695; x_wconf 89' lang='lat' dir='ltr'><strong>natura</strong></span> <span class='ocrx_word' id='word_1_865' title='bbox 2734 4626 3193 4713; x_wconf 38' lang='lat' dir='ltr'><strong>vereque&#39;Filium</strong></span> <span class='ocrx_word' id='word_1_866' title='bbox 3220 4647 3383 4701; x_wconf 81' lang='lat' dir='ltr'><strong>dede-</strong></span> 
     </span>
    </p>
   </div>
   <div class='ocr_carea' id='block_1_108' title="bbox 1796 4727 3382 4793">
    <p class='ocr_par' dir='ltr' id='par_1_108' title="bbox 1796 4727 3382 4793">
     <span class='ocr_line' id='line_1_108' title="bbox 1796 4727 3382 4793; baseline 0.007 -11"><span class='ocrx_word' id='word_1_867' title='bbox 1796 4744 1975 4793; x_wconf 89' lang='lat' dir='ltr'><strong>coras,</strong></span> <span class='ocrx_word' id='word_1_868' title='bbox 2002 4736 2059 4780; x_wconf 91' lang='lat' dir='ltr'><strong>ut</strong></span> <span class='ocrx_word' id='word_1_869' title='bbox 2086 4727 2473 4782; x_wconf 78' lang='lat' dir='ltr'><strong>beneficiorum</strong></span> <span class='ocrx_word' id='word_1_870' title='bbox 2506 4730 2557 4783; x_wconf 92' lang='lat' dir='ltr'><strong>in</strong></span> <span class='ocrx_word' id='word_1_871' title='bbox 2587 4746 2685 4785; x_wconf 90' lang='lat' dir='ltr'><strong>nos</strong></span> <span class='ocrx_word' id='word_1_872' title='bbox 2722 4730 3044 4787; x_wconf 87' lang='lat' dir='ltr'><strong>collatorum</strong></span> <span class='ocrx_word' id='word_1_873' title='bbox 3076 4750 3182 4789; x_wconf 92' lang='lat' dir='ltr'><strong>non</strong></span> <span class='ocrx_word' id='word_1_874' title='bbox 3215 4737 3382 4793; x_wconf 82' lang='lat' dir='ltr'><strong>fuisse</strong></span> 
     </span>
    </p>
   </div>
   <div class='ocr_carea' id='block_1_109' title="bbox 1797 4819 3377 4893">
    <p class='ocr_par' dir='ltr' id='par_1_109' title="bbox 1797 4819 3377 4893">
     <span class='ocr_line' id='line_1_109' title="bbox 1797 4819 3377 4893; baseline 0.006 -21"><span class='ocrx_word' id='word_1_875' title='bbox 1797 4819 1948 4872; x_wconf 91' lang='lat' dir='ltr'><strong>illum</strong></span> <span class='ocrx_word' id='word_1_876' title='bbox 1978 4828 2255 4874; x_wconf 84' lang='lat' dir='ltr'><strong>auctorem</strong></span> <span class='ocrx_word' id='word_1_877' title='bbox 2274 4834 2511 4887; x_wconf 86' lang='lat' dir='ltr'><strong>asseras,</strong></span> <span class='ocrx_word' id='word_1_878' title='bbox 2547 4830 2600 4874; x_wconf 90' lang='lat' dir='ltr'><strong>et</strong></span> <span class='ocrx_word' id='word_1_879' title='bbox 2633 4822 2865 4876; x_wconf 89' lang='lat' dir='ltr'><strong>alienum</strong></span> <span class='ocrx_word' id='word_1_880' title='bbox 2888 4828 3223 4893; x_wconf 89' lang='lat' dir='ltr'><strong>pronunties,</strong></span> <span class='ocrx_word' id='word_1_881' title='bbox 3253 4844 3377 4882; x_wconf 90' lang='lat' dir='ltr'><strong>cum</strong></span> 
     </span>
    </p>
   </div>
   <div class='ocr_carea' id='block_1_110' title="bbox 1797 4910 3388 4986">
    <p class='ocr_par' dir='ltr' id='par_1_110' title="bbox 1797 4910 3388 4986">
     <span class='ocr_line' id='line_1_110' title="bbox 1797 4910 3388 4986; baseline 0.008 -22"><span class='ocrx_word' id='word_1_882' title='bbox 1797 4910 2052 4981; x_wconf 72' lang='lat' dir='ltr'><strong>colligere</strong></span> <span class='ocrx_word' id='word_1_883' title='bbox 2084 4910 2135 4964; x_wconf 93' lang='lat' dir='ltr'><strong>in</strong></span> <span class='ocrx_word' id='word_1_884' title='bbox 2173 4912 2426 4965; x_wconf 91' lang='lat' dir='ltr'><strong>unionem</strong></span> <span class='ocrx_word' id='word_1_885' title='bbox 2461 4913 2707 4977; x_wconf 84' lang='lat' dir='ltr'><strong>deberes,</strong></span> <span class='ocrx_word' id='word_1_886' title='bbox 2738 4929 2857 4986; x_wconf 66' lang='lat' dir='ltr'><strong>qua:</strong></span> <span class='ocrx_word' id='word_1_887' title='bbox 2890 4918 3113 4972; x_wconf 89' lang='lat' dir='ltr'><strong>omnino</strong></span> <span class='ocrx_word' id='word_1_888' title='bbox 3138 4920 3388 4976; x_wconf 81' lang='lat' dir='ltr'><strong>dividere</strong></span> 
     </span>
    </p>
   </div>
   <div class='ocr_carea' id='block_1_111' title="bbox 1800 5001 3376 5079">
    <p class='ocr_par' dir='ltr' id='par_1_111' title="bbox 1800 5001 3376 5079">
     <span class='ocr_line' id='line_1_111' title="bbox 1800 5001 3376 5079; baseline 0.007 -25"><span class='ocrx_word' id='word_1_889' title='bbox 1800 5016 1903 5055; x_wconf 93' lang='lat' dir='ltr'><strong>non</strong></span> <span class='ocrx_word' id='word_1_890' title='bbox 1945 5001 2246 5066; x_wconf 87' lang='lat' dir='ltr'><strong>erubescis,</strong></span> <span class='ocrx_word' id='word_1_891' title='bbox 2276 5012 2335 5055; x_wconf 53' lang='lat' dir='ltr'><strong>et»</strong></span> <span class='ocrx_word' id='word_1_892' title='bbox 2363 5018 2525 5056; x_wconf 89' lang='lat' dir='ltr'><strong>unum</strong></span> <span class='ocrx_word' id='word_1_893' title='bbox 2560 5002 2858 5073; x_wconf 81' lang='lat' dir='ltr'><strong>intelligere</strong></span> <span class='ocrx_word' id='word_1_894' title='bbox 2885 5022 3006 5059; x_wconf 92' lang='lat' dir='ltr'><strong>cum</strong></span> <span class='ocrx_word' id='word_1_895' title='bbox 3041 5009 3210 5077; x_wconf 87' lang='lat' dir='ltr'><strong>ipsius</strong></span> <span class='ocrx_word' id='word_1_896' title='bbox 3253 5026 3376 5079; x_wconf 92' lang='lat' dir='ltr'><strong>pro-</strong></span> 
     </span>
    </p>
   </div>
   <div class='ocr_carea' id='block_1_112' title="bbox 1799 5092 3375 5159">
    <p class='ocr_par' dir='ltr' id='par_1_112' title="bbox 1799 5092 3375 5159">
     <span class='ocr_line' id='line_1_112' title="bbox 1799 5092 3375 5159; baseline 0.007 -15"><span class='ocrx_word' id='word_1_897' title='bbox 1799 5092 1919 5159; x_wconf 88' lang='lat' dir='ltr'><strong>pria</strong></span> <span class='ocrx_word' id='word_1_898' title='bbox 1953 5108 2120 5145; x_wconf 87' lang='lat' dir='ltr'><strong>carne</strong></span> <span class='ocrx_word' id='word_1_899' title='bbox 2155 5092 2329 5159; x_wconf 88' lang='lat' dir='ltr'><strong>ipsum</strong></span> <span class='ocrx_word' id='word_1_900' title='bbox 2365 5108 2428 5148; x_wconf 88' lang='lat' dir='ltr'><strong>ex</strong></span> <span class='ocrx_word' id='word_1_901' title='bbox 2460 5095 2567 5149; x_wconf 88' lang='lat' dir='ltr'><strong>Deo</strong></span> <span class='ocrx_word' id='word_1_902' title='bbox 2600 5095 2759 5149; x_wconf 83' lang='lat' dir='ltr'><strong>Patre</strong></span> <span class='ocrx_word' id='word_1_903' title='bbox 2783 5096 3052 5152; x_wconf 82' lang='lat' dir='ltr'><strong>Verbum?</strong></span> <span class='ocrx_word' id='word_1_904' title='bbox 3082 5099 3191 5154; x_wconf 90' lang='lat' dir='ltr'><strong>Hoc</strong></span> <span class='ocrx_word' id='word_1_905' title='bbox 3222 5117 3375 5155; x_wconf 88' lang='lat' dir='ltr'><strong>nam-</strong></span> 
     </span>
    </p>
   </div>
   <div class='ocr_carea' id='block_1_113' title="bbox 1795 5183 3383 5256">
    <p class='ocr_par' dir='ltr' id='par_1_113' title="bbox 1795 5183 3383 5256">
     <span class='ocr_line' id='line_1_113' title="bbox 1795 5183 3383 5256; baseline 0.009 -23"><span class='ocrx_word' id='word_1_906' title='bbox 1795 5198 1899 5253; x_wconf 89' lang='lat' dir='ltr'><strong>que</strong></span> <span class='ocrx_word' id='word_1_907' title='bbox 1950 5183 1993 5237; x_wconf 93' lang='lat' dir='ltr'><strong>si</strong></span> <span class='ocrx_word' id='word_1_908' title='bbox 2044 5183 2229 5247; x_wconf 77' lang='lat' dir='ltr'><strong>facies,</strong></span> <span class='ocrx_word' id='word_1_909' title='bbox 2276 5193 2325 5237; x_wconf 90' lang='lat' dir='ltr'><strong>te</strong></span> <span class='ocrx_word' id='word_1_910' title='bbox 2360 5185 2533 5253; x_wconf 91' lang='lat' dir='ltr'><strong>ipsum</strong></span> <span class='ocrx_word' id='word_1_911' title='bbox 2583 5186 2750 5241; x_wconf 92' lang='lat' dir='ltr'><strong>multo</strong></span> <span class='ocrx_word' id='word_1_912' title='bbox 2796 5188 2977 5243; x_wconf 87' lang='lat' dir='ltr'><strong>lahore</strong></span> <span class='ocrx_word' id='word_1_913' title='bbox 3017 5190 3289 5256; x_wconf 82' lang='lat' dir='ltr'><strong>liberabis,</strong></span> <span class='ocrx_word' id='word_1_914' title='bbox 3320 5205 3383 5255; x_wconf 67' lang='lat' dir='ltr'><strong>et</strong></span> 
     </span>
    </p>
   </div>
   <div class='ocr_carea' id='block_1_114' title="bbox 1787 5276 3380 5351">
    <p class='ocr_par' dir='ltr' id='par_1_114' title="bbox 1787 5276 3380 5351">
     <span class='ocr_line' id='line_1_114' title="bbox 1787 5276 3380 5351; baseline 0.007 -23"><span class='ocrx_word' id='word_1_915' title='bbox 1787 5276 2013 5343; x_wconf 89' lang='lat' dir='ltr'><strong>posthac</strong></span> <span class='ocrx_word' id='word_1_916' title='bbox 2053 5285 2197 5329; x_wconf 86' lang='lat' dir='ltr'><strong>recte</strong></span> <span class='ocrx_word' id='word_1_917' title='bbox 2230 5278 2471 5330; x_wconf 88' lang='lat' dir='ltr'><strong>sentiens</strong></span> <span class='ocrx_word' id='word_1_918' title='bbox 2504 5277 2828 5343; x_wconf 83' lang='lat' dir='ltr'><strong>laudaberis,</strong></span> <span class='ocrx_word' id='word_1_919' title='bbox 2868 5297 3041 5349; x_wconf 82' lang='lat' dir='ltr'><strong>neque</strong></span> <span class='ocrx_word' id='word_1_920' title='bbox 3076 5284 3182 5337; x_wconf 86' lang='lat' dir='ltr'><strong>nilo</strong></span> <span class='ocrx_word' id='word_1_921' title='bbox 3212 5290 3380 5351; x_wconf 82' lang='lat' dir='ltr'><strong>mon</strong></span> 
     </span>
    </p>
   </div>
   <div class='ocr_carea' id='block_1_115' title="bbox 1786 5366 3375 5445">
    <p class='ocr_par' dir='ltr' id='par_1_115' title="bbox 1786 5366 3375 5445">
     <span class='ocr_line' id='line_1_115' title="bbox 1786 5366 3375 5445; baseline 0.01 -28"><span class='ocrx_word' id='word_1_922' title='bbox 1786 5366 2124 5419; x_wconf 88' lang='lat' dir='ltr'><strong>divinitatem</strong></span> <span class='ocrx_word' id='word_1_923' title='bbox 2171 5368 2329 5437; x_wconf 76' lang='lat'><strong>126</strong></span> <span class='ocrx_word' id='word_1_924' title='bbox 2377 5367 2648 5437; x_wconf 80' lang='lat' dir='ltr'><strong>Uuigeniti</strong></span> <span class='ocrx_word' id='word_1_925' title='bbox 2694 5373 2999 5438; x_wconf 88' lang='lat' dir='ltr'><strong>passibilem</strong></span> <span class='ocrx_word' id='word_1_926' title='bbox 3050 5376 3219 5441; x_wconf 82' lang='lat' dir='ltr'><strong>dices,</strong></span> <span class='ocrx_word' id='word_1_927' title='bbox 3275 5380 3375 5445; x_wconf 65' lang='lat' dir='ltr'><strong>sed</strong></span> 
     </span>
    </p>
   </div>
   <div class='ocr_carea' id='block_1_116' title="bbox 1786 5457 3370 5533">
    <p class='ocr_par' dir='ltr' id='par_1_116' title="bbox 1786 5457 3370 5533">
     <span class='ocr_line' id='line_1_116' title="bbox 1786 5457 3370 5533; baseline 0.008 -22"><span class='ocrx_word' id='word_1_928' title='bbox 1786 5458 2063 5511; x_wconf 87' lang='lat' dir='ltr'><strong>nobiscum</strong></span> <span class='ocrx_word' id='word_1_929' title='bbox 2118 5457 2372 5514; x_wconf 79' lang='lat' dir='ltr'><strong>fateberis</strong></span> <span class='ocrx_word' id='word_1_930' title='bbox 2404 5460 2551 5513; x_wconf 88' lang='lat' dir='ltr'><strong>illum</strong></span> <span class='ocrx_word' id='word_1_931' title='bbox 2594 5472 2649 5515; x_wconf 91' lang='lat' dir='ltr'><strong>et</strong></span> <span class='ocrx_word' id='word_1_932' title='bbox 2700 5463 2860 5517; x_wconf 76' lang='lat' dir='ltr'><strong>vitam</strong></span> <span class='ocrx_word' id='word_1_933' title='bbox 2902 5477 2956 5520; x_wconf 90' lang='lat' dir='ltr'><strong>et</strong></span> <span class='ocrx_word' id='word_1_934' title='bbox 3001 5468 3370 5533; x_wconf 81' lang='lat' dir='ltr'><strong>viviﬁcantem</strong></span> 
     </span>
    </p>
   </div>
   <div class='ocr_carea' id='block_1_117' title="bbox 1785 5551 3370 5626">
    <p class='ocr_par' dir='ltr' id='par_1_117' title="bbox 1785 5551 3370 5626">
     <span class='ocr_line' id='line_1_117' title="bbox 1785 5551 3370 5626; baseline 0.007 -27"><span class='ocrx_word' id='word_1_935' title='bbox 1785 5562 1848 5599; x_wconf 81' lang='lat' dir='ltr'><strong>ex</strong></span> <span class='ocrx_word' id='word_1_936' title='bbox 1898 5556 2087 5601; x_wconf 81' lang='lat' dir='ltr'><strong>natura</strong></span> <span class='ocrx_word' id='word_1_937' title='bbox 2114 5561 2253 5613; x_wconf 87' lang='lat' dir='ltr'><strong>esse,</strong></span> <span class='ocrx_word' id='word_1_938' title='bbox 2288 5559 2444 5618; x_wconf 84' lang='lat' dir='ltr'><strong>atque</strong></span> <span class='ocrx_word' id='word_1_939' title='bbox 2468 5551 2632 5604; x_wconf 75' lang='lat' dir='ltr'><strong>etiam</strong></span> <span class='ocrx_word' id='word_1_940' title='bbox 2664 5551 2818 5619; x_wconf 72' lang='lat' dir='ltr'><strong>longe</strong></span> <span class='ocrx_word' id='word_1_941' title='bbox 2848 5554 2913 5608; x_wconf 83' lang='lat' dir='ltr'><strong>ab</strong></span> <span class='ocrx_word' id='word_1_942' title='bbox 2941 5559 3084 5610; x_wconf 88' lang='lat' dir='ltr'><strong>omni</strong></span> <span class='ocrx_word' id='word_1_943' title='bbox 3111 5559 3370 5626; x_wconf 83' lang='lat' dir='ltr'><strong>passione.</strong></span> 
     </span>
    </p>
   </div>
   <div class='ocr_carea' id='block_1_118' title="bbox 175 5724 1840 5805">
    <p class='ocr_par' dir='ltr' id='par_1_118' title="bbox 175 5724 1840 5805">
     <span class='ocr_line' id='line_1_118' title="bbox 175 5724 1840 5805; baseline -0.008 -16"><span class='ocrx_word' id='word_1_944' title='bbox 175 5736 220 5767; x_wconf 76' lang='lat'><strong>“</strong></span> <span class='ocrx_word' id='word_1_945' title='bbox 238 5731 430 5805; x_wconf 79' lang='lat' dir='ltr'><strong>Ephes.</strong></span> <span class='ocrx_word' id='word_1_946' title='bbox 470 5752 506 5790; x_wconf 92' lang='lat' dir='ltr'><strong>ll</strong></span> <span class='ocrx_word' id='word_1_947' title='bbox 550 5734 735 5788; x_wconf 75' lang='lat' dir='ltr'><strong>l5-l7.</strong></span> <span class='ocrx_word' id='word_1_948' title='bbox 816 5733 861 5763; x_wconf 78' lang='lat'>&quot;‘</span> <span class='ocrx_word' id='word_1_949' title='bbox 898 5730 1053 5785; x_wconf 82' lang='lat' dir='ltr'><strong>Rom.</strong></span> <span class='ocrx_word' id='word_1_950' title='bbox 1089 5745 1140 5787; x_wconf 71' lang='grc' dir='ltr'><strong>ι’.</strong></span> <span class='ocrx_word' id='word_1_951' title='bbox 1172 5728 1218 5780; x_wconf 84' lang='lat' dir='ltr'><strong>l.</strong></span> <span class='ocrx_word' id='word_1_952' title='bbox 1292 5726 1359 5755; x_wconf 83' lang='grc'><strong>¹⁸¹⁹</strong></span> <span class='ocrx_word' id='word_1_953' title='bbox 1396 5725 1591 5795; x_wconf 80' lang='lat' dir='ltr'><strong>Ephcs.</strong></span> <span class='ocrx_word' id='word_1_954' title='bbox 1634 5739 1717 5783; x_wconf 75' lang='grc' dir='ltr'>ιιι,</span> <span class='ocrx_word' id='word_1_955' title='bbox 1752 5724 1840 5784; x_wconf 64' lang='grc'><strong>15,</strong></span> 
     </span>
    </p>
   </div>
  </div>
