4040 6430
669 323 776 378 219

1703 321 1761 377 S.
1805 322 2078 379 CYRILLI
2118 323 2585 379 ALEXANDRINI
2625 323 2943 378 ARCHIEP.

3819 313 3925 366 29.0

671 446 959 492 remotum.
1002 436 1207 492 Deinde
1251 452 1372 491 cum
1411 451 1564 504 passa
1600 450 1746 491 esset
1775 440 1871 507 ipsi
1907 442 2051 494 unita
2099 456 2250 505 caro,

2360 441 2540 510 θείσης
2571 439 2718 508 αὐτῷ
2750 439 2970 509 σαρκὸς,
3007 436 3187 506 χάριτι
3217 434 3375 498 Θεοῦ,
3421 433 3560 487 κατὰ
3593 430 3653 483 τὸ
3680 446 3929 500 γεγραμ-

669 529 840 596 gratia
871 529 987 593 Dei,
1007 530 1151 582 .sicut
1181 527 1441 596 scriptum
1470 537 1571 590 est,
1599 543 1697 597 pro
1725 530 1976 585 omnibus
2013 534 2248 601 gustavit

670 632 897 676 mortem
927 622 972 652 “
1004 640 1016 675 :
1055 631 1111 674 ut
1145 637 1265 675 cum
1301 619 1558 688 tetnplum
1593 635 1748 674 suum
1777 632 1950 675 morte
1975 639 2094 691 qua:
2134 639 2247 676 om-

668 726 764 764 nes
791 712 880 778 qui
916 711 966 764 in
1003 711 1160 764 terris
1201 720 1327 764 sunt
1370 711 1596 774 vicerat,
1638 710 1833 766 fortius
1873 727 1937 766 ac
1979 714 2246 780 potentius

668 801 1013 864 reddidisset,
1057 801 1309 870 primitiae
1343 801 1724 854 dormientium
1748 812 1893 856 esset
1918 801 2008 868 “‘,
2037 814 2088 858 et
2133 806 2246 872 pri-

669 892 973 959 ntogenitus
1014 907 1079 945 ex
1119 891 1346 944 mortuis
1371 893 1456 956 ‘7;
1511 893 1928 947 transmittendo
1971 903 2148 947 autem
2194 895 2245 948 in

668 995 765 1032 nos
816 992 1030 1048 quoque
1074 996 1191 1035 eam
1243 981 1472 1048 gratiam
1522 992 1778 1046 tanquam
1829 998 1964 1036 unus
2006 999 2070 1038 ac
2102 984 2247 1038 solus

667 1065 836 1122 Filius
860 1078 914 1122 et
938 1080 1228 1138 antequam
1254 1080 1399 1124 esset
1426 1071 1583 1124 homo
1607 1070 1802 1134 factus,
1824 1082 1876 1126 et
1898 1083 2247 1142 posteaquam

667 1167 751 1209 εει
792 1158 986 1222 factus,
1029 1157 1278 1212 Salvator
1323 1159 1711 1227 appellaretur,
1762 1169 1817 1215 et
1874 1163 2246 1217 universorum

668 1247 930 1302 liberator
973 1268 986 1303 :
1023 1265 1254 1319 cumque
1300 1267 1328 1304 a
1376 1259 1630 1320 peccato,
1671 1260 1728 1304 ut
1774 1252 1905 1318 dixi,
1961 1253 2249 1309 liberasset

667 1353 857 1394 omnes
879 1341 970 1408 qui
997 1342 1048 1394 in
1073 1355 1195 1394 eum
1223 1342 1531 1407 crederent,
1557 1357 1662 1411 pax
1689 1343 1838 1396 ﬁeret
1864 1343 1931 1396 iis
1950 1345 2038 1412 qui
2071 1343 2248 1412 longe,

667 1437 723 1481 et
753 1429 817 1482 iis
841 1431 931 1499 qui
972 1446 1159 1500 prope,
1208 1432 1571 1487 reconciliatis
1605 1447 1702 1501 per
1734 1447 1793 1487 se
1823 1433 1998 1500 ipsum
2044 1434 2154 1489 Deo
2185 1450 2249 1488 ac

667 1518 813 1571 Patri
843 1519 909 1574 iis
941 1521 1032 1589 qui
1068 1521 1196 1574 olim
1230 1531 1501 1576 creatura:
1541 1524 1865 1586 servierant,
1907 1534 1959 1577 et
1999 1538 2093 1593 per
2121 1539 2253 1593 pec-

667 1621 847 1663 catum
887 1611 994 1664 Deo
1017 1612 1259 1664 omnium
1293 1613 1498 1680 Optimo
1523 1620 1677 1666 erant
1704 1612 2014 1667 inimici.At
2043 1629 2170 1668 vero
2193 1615 2245 1668 in

668 1699 803 1752 duos
835 1699 1030 1755 iterum
1079 1700 1217 1755 ﬁlios
1250 1701 1496 1754 dividens
1529 1717 1692 1753 unum
1743 1701 2027 1756 Dominum
2061 1700 2246 1759 Iesum

669 1789 968 1854 Christum,
1001 1791 1083 1845 sic
1117 1791 1230 1845 fere
1259 1790 1391 1845 dicit
1422 1810 1438 1846 :

739 1899 977 1954 Νεετοιι.
1011 1903 1182 1971 [Audi
1214 1903 1373 1956 etiam
1399 1901 1541 1956 aliud
1567 1901 1806 1969 ipsorum
1840 1903 2246 1958 testimonium:

673 2007 692 2040 ι
727 1988 783 2043 Si
817 1991 959 2044 enim
998 1993 1392 2060 cognovissent,
1432 2011 1703 2064 nunquam
1735 1997 2024 2050 Dominum
2065 1999 2251 2068 gloria:

667 2081 1065 2136 cruciﬁxissent
1087 2083 1154 2136 ".
1186 2103 1204 2134 ι
1239 2084 1376 2138 Ecce
1409 2085 1696 2139 Dominum
1734 2086 1917 2155 gloria:
1948 2089 2095 2142 dicit.
2130 2089 2250 2144 Non

667 2173 748 2226 sic
785 2173 1020 2243 appellat
1047 2174 1460 2242 immanitatem,
1487 2178 1580 2229 sed
1617 2178 1972 2231 divinitatem.
2011 2179 2122 2234 Hoc
2155 2195 2253 2233 au-

667 2273 774 2319 tem
801 2275 884 2318 est
923 2265 1201 2319 hominum
1237 2281 1500 2320 summam
1536 2266 1679 2320 illam
1704 2268 2105 2335 copulationcm
2140 2271 2251 2325 dis-

670 2353 1020 2408 trahentium.
1065 2355 1198 2408 Cum
1243 2356 1384 2409 enim
1424 2354 1579 2418 dicis,
1616 2354 1759 2408 hunc
1786 2369 1890 2408 non
1918 2370 2039 2409 esse
2069 2354 2252 2410 Domi-

668 2460 818 2511 num,
846 2445 993 2499 illum
1016 2459 1161 2508 esse,
1184 2454 1236 2497 tu
1263 2445 1462 2498 nudum
1494 2444 1767 2499 hominem
1796 2444 1929 2499 facis
1952 2445 2247 2501 Christum.

669 2537 806 2602 Quid
833 2549 961 2604 ergo
979 2537 1079 2591 sub
1095 2535 1468 2589 ecclesiastica
1500 2550 1730 2604 persona
1763 2535 1919 2597 dicis,
1958 2536 2250 2590 haeretice?

669 2625 1004 2680 Dominusne
1043 2635 1125 2680 est
1154 2625 1321 2680 etiam
1355 2626 1472 2694 ipse
1503 2628 1687 2691 homo,
1724 2639 1791 2679 an
1829 2626 2032 2679 secus?
2055 2627 2101 2679 si
2131 2627 2252 2694 qui-

670 2721 792 2774 dem
823 2718 1101 2785 Dominns,
1135 2718 1544 2774 communicant
1574 2718 1716 2772 inter
1730 2732 1788 2772 se
1817 2733 1938 2788 quae
1957 2719 2246 2785 dicuntur;

673 2812 756 2864 sin
787 2811 987 2876 minus,
1021 2809 1128 2863 noli
1162 2820 1215 2862 tu
1248 2825 1370 2864 cum
1419 2813 1616 2864 nudum
1656 2825 1720 2864 ac
1745 2809 2045 2880 simplicem
2077 2811 2246 2864 homi-

673 2915 796 2952 nem
824 2896 1097 2954 Christum
1131 2898 1317 2964 facias,
1358 2899 1488 2953 mihi
1523 2901 1622 2954 hoc
1649 2901 2246 2971 prohrumimpingere.

674 2990 879 3044 Deinde
905 2991 1034 3044 dicit
1063 3010 1076 3045 :
1105 2991 1400 3044 Audiamus
1427 2991 1643 3044 beatum
1668 2990 1896 3045 Paulum
1931 3001 2116 3061 aperte
2141 2993 2250 3047 cla-

2353 531 2529 600 μένον,
2557 531 2691 602 ὑπὲρ
2718 529 2916 590 παντὸς
2940 527 3198 595 ἐγεύσατο
3230 526 3460 580 Θανάτου
3481 542 3493 554 ·
3521 525 3628 588 ἵνα,
3659 519 3751 574 τοῦ
3789 519 3928 572 πάν-

2348 639 2443 683 τας
2495 620 2832 686 νενικηκότος
2874 620 3000 680 τοὺς
3044 619 3136 670 ἐπὶ
3163 619 3260 687 τῆς
3309 617 3412 684 γῆς
3444 615 3534 667 τὸν
3579 612 3771 666 ἐαυτοῦ
3796 611 3929 664 ναὸν

2349 714 2630 781 ἀποφήνας
2685 710 2990 781 κρείττονα,
3043 707 3356 780 χρηματίσῃ
3410 706 3508 775 μὲν
3557 703 3776 774 ἀπαρχὴ
3816 703 3930 753 τῶν

2350 802 2782 872 κεκοιμημένων,
2798 801 2890 852 καὶ
2923 798 3262 868 πρωτότοκος
3285 798 3348 848 ἐκ
3377 795 3613 861 νεκρῶν⁸
3637 791 3934 862 παραπὲμο

2350 912 2465 947 πων
2490 893 2547 946 δέ
2572 892 2665 944 καὶ
2703 893 2782 954 εἰς
2805 892 2950 960 ἡμᾶς
2984 889 3081 960 τὴν
3115 889 3297 958 χάριν,
3338 884 3412 948 ὡς
3434 879 3514 946 εἷς
3547 901 3606 936 τε
3635 883 3728 936 καὶ
3765 881 3931 951 μόνος

2351 985 2608 1054 ὑπάρχων
2631 983 2757 1045 Υἱὸς
2786 982 2878 1034 καὶ
2912 981 3017 1051 πρὸ
3050 980 3145 1048 τῆς
3174 977 3654 1047 ἐνανθρωπήσεως,
3685 974 3777 1027 καὶ
3805 973 3928 1042 μετ’

2357 1077 2525 1144 αὐτὴν
2575 1075 2653 1127 ἐτι
2699 1073 2888 1145 Σωτὴρ
2942 1071 3305 1142 ὀνομάζηται,
3354 1069 3446 1122 καὶ
3494 1065 3767 1137 λυτρωτὴς
3816 1065 3931 1116 τῶν

2348 1169 2485 1220 ὅλων
2505 1183 2517 1196 ο
2545 1161 2665 1219 εἶτα
2688 1167 2784 1235 τῆς
2820 1164 3109 1235 ἁμαρτίας,
3139 1164 3213 1226 ὡς
3255 1162 3410 1230 ἔφην,
3435 1157 3732 1226 ἐλευθερῶν
3753 1156 3934 1209 ἃπαν-

2347 1275 2446 1321 τας
2492 1259 2615 1320 τοὺς
2663 1259 2744 1320 εἰς
2797 1255 2958 1309 αὐτὸν
3015 1254 3388 1315 πιστεύοντας.
3449 1251 3638 1320 εἰρήνη
3696 1249 3932 1316 γένηται

2348 1353 2458 1413 τοῖς
2498 1347 2732 1419 μακρὰν,
2770 1347 3004 1409 καὶτοῖς
3050 1346 3237 1413 ἐγγὺς,
3275 1341 3652 1396 καταλλάττων
3686 1339 3750 1391 δι’
3796 1338 3934 1390 ἐαυο

2347 1443 2440 1495 τοῦ
2487 1442 2565 1511 τῷ
2596 1441 2713 1511 Θεῴ
2757 1442 2850 1494 καὶ
2886 1441 3061 1510 Πατρὶ
3099 1440 3228 1502 τοὺς
3270 1438 3437 1491 πάλαι
3473 1437 3541 1504 τῇ
3571 1433 3746 1486 κτίσει
3769 1431 3935 1484 λελαεέ

2348 1534 2663 1602 τρευκότας,
2715 1534 2808 1585 καὶ
2857 1531 2944 1584 διὰ
2993 1532 3093 1599 τῆς
3131 1529 3399 1598 ἁμαρτίας
3449 1525 3798 1596 ἐχθρεύοντας
3846 1522 3935 1590 τῷ

2350 1623 2649 1692 παναγάθῳ
2691 1623 2836 1692 Θεῷ.
2896 1621 3036 1673 Ἀλλ’
3075 1622 3154 1683 είς
3193 1619 3358 1672 δυάδα
3404 1617 3565 1670 πάλιν
3599 1614 3727 1667 υίῶν
3756 1630 3935 1667 κατα-

2354 1712 2590 1784 μερίζων
2620 1715 2710 1766 τὸν
2747 1713 2844 1766 Eva
2889 1712 3092 1782 Κύριον
3143 1709 3351 1780 Ἰησοῦν
3385 1707 3639 1780 Χριστὸν,
3676 1700 3776 1759 ὧδέ
3820 1705 3938 1757 πού

2353 1821 2516 1874 φησιν
2537 1822 2552 1836 ο

2424 1914 2711 1986 [Ἄκουσον
2755 1915 2849 1968 καὶ
2889 1915 2988 1984 τὴν
3021 1912 3189 1983 ἄλλην
3220 1911 3399 1964 αὐτῶν
3448 1908 3768 1980 μαρτυρίαν.
3807 1927 3826 1959 ι
3864 1909 3938 1961 Εἰ

2352 2007 2459 2078 γὰρ
2495 2005 2755 2074 ἔγνωσαν,
2797 2006 2896 2058 ούκ
2934 2003 2999 2057 ἂν
3035 2003 3124 2057 τὸν
3174 1995 3377 2072 Κύριον
3408 2005 3505 2071 τῆς
3535 1999 3688 2068 δόξης
3728 1999 3934 2054 ἐσταύ-

2354 2114 2557 2171 ρωσαν.
2599 2116 2616 2147 ι
2657 2097 2787 2150 Ἰδοὺ
2813 2094 3016 2164 Κύριον
3041 2095 3139 2164 τῆς
3165 2092 3320 2162 δόξης
3345 2092 3512 2171 λέγει.
3547 2091 3620 2144 Οὐ
3649 2091 3804 2143 καλεῖ
3830 2090 3937 2158 τὴν

2353 2187 2770 2257 ἀνθρωπότητα,
2806 2185 2941 2239 ἀλλὰ
2975 2185 3074 2254 τὴν
3123 2183 3372 2251 θεότητα.
3404 2181 3573 2236 Τοῦτο
3601 2182 3657 2234 δέ
3688 2183 3801 2234 ἐστι
3833 2183 3940 2233 καὶ

2351 2277 2704 2330 διασπώντων
2751 2277 2849 2347 τὴν
2899 2276 3195 2344 συνάφειαν
3242 2273 3340 2345 τὴν
3378 2273 3613 2343 ἀκρι6ἦ’
3662 2274 3789 2325 ὅταν
3819 2274 3942 2341 γὰρ

2351 2369 2528 2437 λέγεις
2572 2369 2652 2421 ὅτι
2697 2362 2848 2429 οὗτος
2890 2366 2988 2435 μὲν
3035 2366 3137 2417 οὐκ
3184 2363 3299 2415 ἔστι
3351 2363 3574 2434 Κύριος,
3624 2363 3829 2424 ἐκεῖνος
3873 2361 3943 2413 δὲ

2351 2458 2577 2527 Κύριος,
2615 2460 2679 2512 σὺ
2723 2457 2878 2527 ψιλὸν
2907 2455 3193 2526 ἄνθρωπον
3223 2455 3395 2517 ποιεῖς
3438 2453 3527 2507 τὸν
3563 2452 3812 2522 Χριστόν.
3867 2451 3945 2502 Τί

2350 2543 2443 2601 οὖν
2477 2548 2654 2616 λέγεις
2693 2550 2751 2600 ἐν
2795 2543 3230 2615 ἐκκλησιαστικῷ
3270 2542 3619 2613 προσωπείῳ,
3657 2537 3942 2608 αἱρετικέ;

2351 2637 2554 2711 Κύριος
2585 2639 2680 2692 καὶ
2709 2639 2737 2690 6
2779 2636 3084 2707 ἄνθρωπος,
3122 2633 3155 2704 ἢ
3187 2631 3289 2698 οῦ;
3341 2633 3401 2684 El
3451 2630 3550 2700 μὲν
3587 2624 3677 2683 οὖν
3707 2627 3943 2697 Κύριος,

2352 2731 2599 2782 κοινωνεί
2632 2728 2699 2781 τὰ
2728 2727 2996 2797 λεγόμενα
3028 2725 3140 2796 ('56)
3163 2741 3174 2752 '
3217 2727 3265 2776 εί
3305 2723 3378 2776 δέ.
3402 2723 3462 2775 ού
3496 2721 3718 2792 Κύριος,
3759 2719 3832 2790 μὴ
3870 2720 3946 2770 σὺ

2351 2820 2504 2888 ψιλὸν
2531 2819 2814 2888 ἄνθρωπον
2842 2818 2932 2870 τὸν
2965 2817 3199 2888 Χριστὸν
3234 2814 3423 2877 ποιῶν,
3467 2815 3590 2883 ἐμοὶ
3635 2809 3946 2882 πρόστριϐε

2349 2915 2440 2966 τὸν
2471 2909 2793 2981 ὀνειδισμόν.
2825 2904 2961 2961 Εἶτά
3004 2923 3169 2976 φησιν
3194 2921 3208 2936 ο
3250 2906 3593 2974 ’Ᾱκούσωμεν
3620 2901 3712 2954 τοῦ
3755 2917 3947 2972 μακα-

2355 3005 2469 3075 ρίου
2497 3003 2712 3056 Παύλου
2743 2997 2994 3071 φανερῶς
3026 2998 3380 3072 κεκραγότος,
3417 2996 3499 3057 τίς
3538 2995 3684 3046 ἐστιν
3709 2992 3737 3042 6
3771 3008 3950 3043 σταυ-

676 3092 933 3147 mantem,
985 3083 1229 3150 quisnam
1277 3082 1348 3136 sit
1394 3082 1486 3136 ille
1539 3082 1850 3138 cruciﬁxus.
1904 3085 2042 3138 Audi
2090 3084 2252 3153 igitur

2360 3077 2571 3166 ρωθείξ.
2630 3095 2894 3146 ’Λκουσον
2945 3091 3126 3144 τοίνυν
3177 3085 3530 3158 φανερώτατα
3574 3085 3675 3150 τῆς
3719 3083 3948 3151 φωνῆς’

676 3173 1019 3241 apertissime
1047 3173 1162 3242 ejus
1193 3188 1379 3228 vocem
1412 3194 1424 3229 :
1457 3191 1476 3224 ι
1511 3173 1723 3227 Etenim
1756 3173 2050 3228 cruciﬁxus
2089 3182 2255 3227 estex

677 3264 1015 3327 inﬁrmitate,
1049 3265 1142 3319 sed
1179 3264 1309 3318 vivit
1354 3280 1422 3318 ex
1469 3267 1672 3317 virtute
1716 3264 1807 3318 Dei
1835 3264 1902 3318 ³³.
1939 3283 1956 3314 ι
1997 3263 2052 3317 Si
2083 3265 2257 3318 cruci-

677 3354 818 3409 ﬁxus
841 3365 924 3409 est
942 3372 1005 3410 ex
1027 3356 1359 3419 inﬁrmitate,
1378 3357 1502 3425 quis
1523 3355 1827 3410 inﬁrmatus
1849 3365 1949 3420 est,
1975 3354 2259 3409 htzeretice?

679 3447 839 3502 illene
869 3446 1011 3503 Deus
1044 3447 1273 3503 Verbum
1294 3447 1351 3520 ?]

1342 3628 1492 3684 CAP.
1535 3629 1597 3686 ll.

750 3782 947 3839 Fertur
978 3783 1032 3839 in
1069 3783 1334 3839 absurdas
1382 3785 1704 3848 sententias,
1752 3791 1806 3838 ct
1844 3784 1910 3838 .in
1959 3784 2261 3855 improbum

681 3889 920 3941 sensum,
967 3876 1075 3929 vim
1127 3875 1371 3945 mysterii
1423 3874 1570 3928 nullo
1625 3878 1783 3929 modo
1835 3875 2160 3946 intelligens,
2207 3886 2265 3930 ut

681 3966 812 4020 mihi
841 3966 1074 4029 videtur.
1109 3967 1201 4020 sed
1231 3980 1326 4020 sua
1355 3975 1661 4020 commenta
1694 3966 1890 4034 ubique
1922 3981 2175 4035 sequens,
2204 3981 2265 4021 ac

683 4055 911 4113 fortasse
966 4067 1233 4124 metuens,
1287 4072 1356 4112 ne
1403 4058 1677 4128 quidpiam
1731 4059 1871 4128 quod
1918 4068 2122 4114 rectum
2169 4069 2264 4113 aut

682 4163 869 4202 verum
901 4148 992 4212 sit,
1028 4149 1107 4203 vel
1140 4148 1362 4208 sentire.
1397 4149 1479 4201 vel
1507 4149 1684 4217 eloqui
1715 4151 2086 4206 convincatur.
2121 4149 2267 4220 Obji-

682 4239 753 4290 cit
785 4238 929 4292 enim
954 4239 1080 4301 sibi,
1100 4249 1157 4291 ut
1187 4237 1302 4307 ipse
1334 4237 1509 4307 ﬁngit,
1529 4239 1958 4294 orthodoxorum
1988 4241 2265 4294 hominum

683 4345 843 4384 voces
885 4344 900 4382 :
946 4330 1041 4384 sed
1089 4333 1269 4384 denuo
1318 4329 1407 4383 illa
1451 4345 1651 4398 ponere
1691 4332 2112 4399 deprehenditur
2149 4347 2266 4399 qurc

2364 3203 2384 3236 α
2419 3186 2529 3238 Καὶ
2557 3185 2666 3256 γὰρ
2691 3183 3030 3254 ἐσταυρώθη,
3061 3185 3247 3252 φησιν,
3280 3182 3336 3248 ἐξ
3369 3179 3672 3240 ἀσθενείας,
3707 3173 3846 3229 ἀλλὰ
3873 3172 3951 3245 ζῇ

2358 3278 2422 3329 ἐκ
2465 3278 2745 3344 δυνάμεως
2791 3275 2948 3329 Θεοῦ.
2994 3294 3010 3324 ι
3057 3276 3119 3327 Et
3160 3271 3481 3342 ἐσταυρώθη
3531 3271 3590 3336 ἐξ
3632 3267 3952 3335 ἀσθενείας,

2357 3367 2441 3430 τίς
2473 3365 2789 3437 ἠσθένησεν,
2823 3367 3100 3423 αίοετικέ;
3135 3367 3162 3418 6
3195 3365 3324 3428 Θεὸς
3354 3363 3522 3433 Λόγος
3543 3361 3584 3435 ;]

2972 3629 3222 3682 ΚΕΦΑΛ.
3267 3629 3333 3683 Β’.

2447 3784 2867 3856 Ἀποκομίζεται
2930 3785 3009 3845 είς
3071 3781 3277 3844 ἐννοίας
3346 3780 3644 3844 ἐκτύπους,
3711 3779 3805 3833 καὶ
3865 3781 3963 3843 είς

2364 3878 2617 3947 ἀδόκιμον
2673 3876 2820 3941 νοῦν,
2879 3874 2978 3943 τὴν
3029 3871 3121 3925 τοῦ
3188 3872 3484 3942 μυστηρίου
3544 3871 3774 3941 δύναμιν
3824 3875 3956 3925 κατ’

2364 3969 2553 4022 οὐδένα
2590 3967 2789 4038 τρόπον
2830 3967 3053 4029 συνιεὶς,
3113 3963 3187 4026 ὣς
3230 3980 3294 4030 γε
3352 3980 3442 4032 μοι
3483 3964 3754 4030 φαίνεται,
3805 3964 3958 4029 μᾶλ-

2365 4060 2453 4112 λον
2501 4059 2558 4111 δέ
2604 4075 2686 4110 τοι
2745 4057 2892 4119 ίδίοις
2947 4054 3259 4124 σκέμμασιν
3327 4052 3592 4121 ἑπόμενος
3643 4051 3958 4121 πανταχοῦ,

2365 4151 2458 4203 καὶ
2506 4148 2644 4217 τάχα
2696 4165 2795 4200 που
2851 4146 3057 4207 δεδιὼς,
3120 4144 3193 4213 μὴ
3246 4144 3354 4210 ἄρα
3407 4161 3459 4195 τι
3508 4143 3616 4194 τῶν
3667 4143 3745 4206 είς
3789 4142 3963 4212 ὀρθό-

2367 4257 2534 4308 τητα,
2581 4239 2614 4308 ἢ
2658 4236 2934 4307 ἀλήθειαν,
2981 4235 3013 4304 ἢ
3063 4234 3442 4304 πεφρονηκὼς,
3492 4232 3523 4300 ἦ
3566 4232 3758 4298 λέγων,
3812 4232 3961 4302 ἁλῷ.

2381 4328 2756 4397 Ἀντανίστησι
2811 4329 2908 4396 μὲν
2950 4326 3059 4396 γὰρ
3107 4325 3302 4395 ἐαυτῷ,
3345 4323 3594 4392 καθάπερ
3629 4318 3723 4374 οὖν
3754 4320 3962 4385 οἴεται,

686 4436 844 4474 nemo
880 4430 1023 4475 recte
1073 4421 1217 4474 circa
1272 4421 1430 4476 ﬁdem
1468 4421 1775 4486 ingrediens
1823 4424 2049 4474 alterum
2084 4423 2255 4476 dicere

2366 4417 2463 4480 τὰς
2519 4415 2626 4468 τῶν
2674 4416 2971 4487 ὀρθοδόξων
3023 4413 3228 4482 φωνὰς,
3289 4412 3678 4480 καταφιιιρᾶται
3731 4410 3789 4462 δέ
3842 4411 3963 4462 πά-

686 4519 980 4579 pateretur.
1028 4510 1164 4565 Nam
1199 4512 1483 4565 Dominum
1519 4513 1703 4581 gloriae
1749 4513 1906 4582 127
1953 4512 2100 4566 illum
2140 4528 2265 4566 cru-

686 4603 907 4655 ciﬁ-xum
936 4614 1056 4655 esse
1097 4601 1347 4664 dicimus,
1379 4611 1435 4655 et
1470 4611 1552 4655 est
1587 4605 1881 4655 secundum
1915 4603 2197 4656 veritatem
2248 4619 2262 4655 :

687 4692 782 4746 sed
810 4706 931 4744 cum
964 4690 1298 4744 individuum
1341 4701 1393 4745 et
1425 4707 1591 4746 unum
1625 4706 1746 4745 cum
1783 4693 1929 4744 unita
1974 4693 2073 4746 sibi
2102 4707 2268 4746 carne

687 4781 868 4834 anima
909 4781 1154 4835 rationali
1198 4782 1420 4850 praedita
1455 4783 1632 4851 ipsum
1683 4783 1773 4836 Dei
1820 4783 2054 4836 Verbum
2102 4798 2272 4850 agno-

690 4886 943 4937 scamus,
983 4871 1154 4940 ipsum
1197 4885 1317 4925 esse
1364 4871 1591 4925 dicimus
1634 4873 1724 4939 qui
1779 4874 1979 4942 proprii
2028 4873 2269 4940 corporis

694 4970 951 5029 tanquam
997 4961 1403 5014 immaculatum
1460 4961 1809 5023 sacriﬁcium,
1858 4971 1913 5016 et
1956 4962 2271 5015 odoratissi-

694 5064 837 5102 mam
877 5048 1110 5102 hostiam
1142 5061 1200 5101 se
1236 5047 1412 5117 ipsum
1460 5050 1569 5102 Deo
1600 5057 1653 5103 et
1691 5048 1836 5101 Patri
1866 5049 2080 5111 obtulit,
2113 5065 2176 5103 ac
2215 5049 2273 5101 li-

699 5157 802 5211 gno
829 5140 967 5211 quod
998 5140 1280 5193 adversum
1307 5155 1403 5193 nos
1425 5148 1540 5193 erat
1566 5139 1984 5215 chirographum
2019 5139 2270 5195 aﬂixit".

698 5235 858 5289 Certe
887 5246 982 5301 per
1012 5244 1198 5286 vocem
1233 5231 1401 5286 David
1434 5245 1555 5285 eum
1592 5232 1858 5285 dicentem
1888 5233 2073 5285 audire
2103 5231 2226 5284 licet
2254 5249 2268 5284 :

2367 4507 2451 4572 λιν
2496 4508 2682 4559 ἐκεῖνα
2731 4505 2924 4571 τιθεὶς,
2978 4505 3013 4558 ἃ
3064 4505 3253 4576 μηδεὶς
3301 4502 3520 4556 πώποτε
3569 4502 3676 4554 τῶν
3721 4499 3966 4570 ὀρθοπο-

2370 4600 2477 4652 δεῖν
2526 4597 2792 4651 εἰωθότων
2852 4598 2980 4668 περὶ
3022 4597 3122 4668 τὴν
3179 4595 3382 4660 πίστιν,
3434 4593 3535 4648 κᾶν
3577 4593 3704 4661 γοῦν
3762 4593 3966 4660 ἐτέρου

2371 4690 2618 4758 λέγοντος
2652 4688 2942 4757 ἀνάσχοιτο
2985 4687 3070 4740 ἄν.
3125 4686 3328 4756 Κύριον
3382 4685 3480 4754 μὲν
3511 4685 3616 4754 γὰρ
3651 4686 3751 4753 τῆς
3794 4682 3969 4752 δόξης

2370 4780 2462 4832 τὸν
2506 4779 2922 4848 ἐσταυρωμένον
2964 4774 3101 4829 εἶναί
3130 4793 3330 4844 φαμεν,
3363 4776 3455 4832 καὶ
3490 4774 3606 4827 ἔστι
3647 4773 3791 4825 κατὰ
3821 4773 3967 4842 ἀλή-

2376 4871 2554 4923 θειαν’
2603 4869 2911 4939 ἀδιαίρετον
2954 4867 3010 4919 δέ
3046 4868 3137 4919 καὶ
3181 4867 3276 4919 ἕνα
3325 4848 3465 4935 μετὰ
3511 4865 3610 4933 τῆς
3655 4862 3968 4932 ἑνωθείσης

2378 4959 2526 5029 αὺτῷ
2557 4959 2758 5030 σαρκὸς
2801 4958 2980 5028 ψυχὴν
3020 4957 3250 5027 ἐχούσης
3302 4957 3400 5026 τὴν
3445 4955 3670 5024 λογικὴν
3716 4954 3809 5006 τὸν
3861 4955 3966 5007 τοῦ

2378 5050 2513 5102 Θεοῦ
2560 5050 2731 5117 Λόγον
2759 5047 3241 5116 ἐπιγινώσκοντες,
3282 5047 3444 5098 αὐτὸν
3477 5040 3615 5098 εἷναί
3644 5062 3832 5114 φαμεν
3868 5046 3969 5098 τὸν

2377 5140 2468 5193 τοῦ
2513 5141 2642 5193 ιδίου
2669 5138 2919 5210 σώματος
2953 5139 3028 5202 ὡς
3060 5139 3289 5207 ἄμωμον
3322 5139 3537 5208 ἱερεῖον,
3576 5137 3670 5189 καὶ
3707 5136 3971 5206 εὐοσμώ-

2379 5248 2540 5284 τατον
2567 5230 2736 5300 θῦμα,
2757 5229 3205 5301 προσκομίσαντα
3237 5228 3334 5298 μὲν
3369 5227 3581 5291 ἐαυτὸν,
3604 5227 3682 5298 τῷ
3709 5224 3835 5296 Θεῷ
3869 5231 3972 5281 καὶ

740 5385 788 5416 ⁸⁸
829 5385 994 5440 Hebr.
1021 5401 1082 5452 ιι,
1116 5385 1171 5441 9.
1250 5386 1316 5416 ⁸⁸·
1349 5385 1366 5440 l
1398 5385 1522 5440 Cor.
1553 5399 1642 5451 xv,
1670 5383 1760 5440 20.
1833 5385 1876 5416 ⁸⁷
1910 5385 2116 5440 Coloss.
2160 5401 2199 5452 ι,
2243 5385 2255 5437 l

2403 5383 2486 5437 “'l
2518 5383 2641 5438 Cor.
2675 5398 2738 5448 ιι,
2766 5383 2818 5437 8.
2896 5382 2938 5415 δ’
2973 5383 3014 5438 11
3041 5383 3164 5439 Cor.
3193 5381 3386 5450 ιιιιι,4.
3462 5381 3510 5414 ⁸⁸
3535 5381 3747 5437 Coloss.
3781 5396 3846 5446 ιι,
3876 5380 3967 5437 Η.

1967 5537 2126 5591 ΑΝΤ.
2172 5535 2444 5594 AGELLII
2484 5536 2719 5591 ΝΟΤΑΞ.

789 5696 898 5765 (δῦ)
941 5695 1161 5750 Inferius
1209 5710 1328 5765 pag.
1385 5693 1484 5751 l°£9
1533 5693 1686 5759 dixit,
1743 5695 1952 5765 συνᾴδει
2010 5693 2076 5747 τὰ
2127 5693 2251 5763 λεγό

2361 5713 2416 5761 α,
2439 5694 2770 5750 consentiunt
2802 5709 2914 5764 qua:
2945 5693 3215 5747 dicuntur.
