4040 6432
138 342 222 394 εει
1208 342 1594 399 ADVEREUS
1634 342 2040 400 NESTORIUM
2081 346 2210 403 LIB.
2257 348 2318 402 V.

141 449 305 518 Πατρί
331 465 344 477 ·

139 542 536 609 χειρόγραφον.
568 540 728 592 Ἐστι
770 540 901 608 γοῦν
939 543 1166 595 ἀκοῦσαι
1207 543 1457 610 λέγοντος
1496 544 1585 596 διὰ
1620 562 1731 611 φω-

137 631 225 698 νῆς
254 631 358 682 τοῦ
397 631 572 684 Δαϐίδ
592 648 606 662 ο
652 651 670 683 t
699 633 903 686 Θυσίαν
932 635 1026 686 καὶ
1060 634 1372 704 προσφορὰν
1405 636 1504 688 οὑκ
1533 635 1730 704 ἠθέλη-

139 737 247 782 σας,
291 721 465 791 σῶμα
498 723 560 774 δὲ
614 724 937 793 κατηρτίσω
990 741 1110 794 μοι·
1157 725 1588 794 ὁλοκαυτώματα
1635 725 1730 778 καὶ

137 812 254 882 περὶ
321 815 620 884 ἁμαρτίας
664 816 766 867 οὑκ
813 816 1144 884 ηὑδόκησας,
1184 818 1306 870 τότε
1347 813 1532 870 εἷπον·
1591 817 1725 870 Ἰδοὺ

134 905 278 969 ἥκω·
313 906 377 954 ἐν
407 905 668 971 κεφαλίδι
700 904 906 973 βιὸλίου
939 905 1245 975 γέγραπται
1273 906 1404 976 περὶ
1447 905 1602 974 ἐμοῦ,
1634 905 1728 959 τοῦ

135 995 390 1062 ποιῆσαι,
415 998 445 1048 6
469 997 629 1059 Θεὸς,
671 997 732 1048 τὸ
763 995 978 1066 θέλημά
1009 1014 1155 1048 σου.»
1179 997 1596 1068 Ἀπρακτοὺσης
1626 997 1729 1067 ήδη

133 1084 228 1151 τῆς
271 1087 427 1138 κατὰ
463 1085 636 1152 νόμον
671 1085 911 1154 ἐντολῆς,
953 1087 1048 1138 καὶ
1090 1086 1401 1156 τελειούσης
1431 1085 1602 1148 οὐδὲν,
1636 1085 1731 1137 καὶ

135 1175 508 1245 ἀνεθελήτους
562 1176 778 1246 ἔχοντος
822 1175 916 1229 τοῦ
959 1176 1094 1228 Θεοῦ
1142 1177 1234 1229 καὶ
1269 1177 1483 1246 Πατρὸς
1521 1175 1620 1238 τάς
1663 1175 1730 1228 δι’

136 1267 396 1334 αἱμάτων
427 1267 663 1332 Θυσίας,
702 1267 863 1338 σῶμα
906 1267 1266 1338 κατηρτίσθαι
1323 1267 1485 1335 φησὶν
1531 1266 1727 1335 ἐαυτῷ,

136 1357 221 1407 ἵνα
260 1357 372 1423 τῆς
431 1358 696 1410 ἀπάντων
728 1358 1001 1426 σωτηρίας
1051 1358 1145 1410 καὶ
1179 1359 1324 1427 ζωῆς
1372 1357 1730 1425 ἀντάλλαγμα

133 1448 253 1509 δοὺς
284 1445 470 1515 αὑτῷ,
509 1448 721 1509 πάντας
772 1447 1042 1516 ἐξέληται,
1073 1449 1165 1500 καὶ
1204 1447 1434 1500 θανάτου
1465 1447 1560 1500 καὶ
1603 1447 1731 1516 φθο-

136 1539 254 1606 ράς,
300 1537 404 1590 καὶ
458 1539 600 1608 πρός
630 1555 694 1604 γε
741 1539 917 1608 τούτῳ
946 1538 1039 1590 καὶ
1072 1538 1386 1611 ἁμαρτιῶν..
1421 1538 1594 1591 Αὑτὸν
1636 1536 1728 1591 οῦν

133 1631 239 1700 ἄρα
277 1632 471 1699 ψαμὲν
504 1631 596 1683 τὸν
628 1633 691 1683 ἐκ
722 1630 859 1683 Θεοῦ
895 1630 1108 1700 Πατρὸς
1157 1631 1326 1699 Λόγον
1373 1629 1589 1683 ἑλέσθαι
1635 1632 1729 1683 καὶ

135 1721 331 1774 παθεῖν
376 1721 531 1790 ὑπὲρ
557 1719 714 1791 ἡμῶν
746 1721 930 1791 σαρκὶ,
967 1721 1110 1773 κατά
1138 1720 1238 1783 τὰς
1263 1722 1510 1790 Γραφάς.·
1538 1720 1726 1785 Οὕτως

133 1816 278 1882 ἡμᾶς
317 1832 390 1883 με
402 1813 847 1882 μυσταγώγηκεν
879 1815 906 1865 6
937 1811 1224 1881 ἱερώτατος
1247 1811 1477 1874 Παῦλος·
1500 1829 1518 1862 ‹
1548 1811 1644 1874 ’ος
1671 1813 1728 1864 ὲν

136 1890 317 1976 pop-{sig
377 1905 525 1957 Θεοῦ
581 1905 865 1975 ὑπάρχων,
900 1906 1002 1958 οὑκ
1041 1904 1333 1974 ἁρπαγμὸν
1385 1905 1631 1975 ἡγήσατο
1668 1904 1729 1957 τὸ

131 1993 266 2050 εἶναι
311 1995 416 2050 ῐσα
442 1996 600 2064 Θεῷ”
633 1995 749 2048 ἀλλ’
789 1997 980 2049 ἑαυτὸν
1015 1996 1271 2063 ὲκένωσε,
1307 1996 1522 2066 μορφὴν
1544 1995 1728 2049 δούλου

131 2089 336 2156 λαϐὼν,
372 2092 434 2143 ὲν
464 2089 778 2160 ὁμοιώματι
810 2089 1112 2161 ἀνθρώπων
1137 2090 1452 2159 γενόμενος,
1479 2090 1572 2141 καὶ
1601 2090 1727 2158 σχή-

135 2198 264 2249 ματι
317 2181 577 2250 εὑρεθεὶς
611 2181 687 2244 ὠς
741 2181 1048 2252 ἄνθρωπος.
1100 2181 1491 2234 Ἐταπείνωσεν
1540 2181 1729 2234 ἑαυτὸν

131 2273 438 2341 γενόμενος
472 2273 718 2342 ὑπήκοος
746 2274 908 2344 μέχρι
937 2275 1191 2337 θανάτου,
1223 2274 1454 2328 θανάτου
1481 2275 1537 2326 δὲ
1569 2292 1729 2327 σταυ-

132 2363 224 2432 ροῦ
251 2379 266 2392 ·
292 2363 384 2415 διὸ
407 2364 507 2416 καὶ
535 2365 563 2415 6
593 2363 727 2427 Θεὸς
750 2365 914 2418 αὑτὸν
944 2365 1325 2434 ὑπερύψωσεν.
1363 2383 1381 2415 ι
1419 2365 1609 2435 Ἀθρει
1641 2365 1725 2435 δὴ,

131 2457 277 2518 ὅπως
303 2457 333 2507 6
377 2457 438 2507 ὲν
473 2457 658 2526 μορφῇ
685 2455 779 2507 τοῦ
812 2455 948 2507 Θεοῦ
980 2455 1074 2507 καὶ
1109 2455 1322 2526 Πατρὸς
1357 2456 1620 2527 ὑπάρχων
1652 2457 1728 2520 ώς

129 2547 281 2608 Θεὸς,
321 2549 352 2599 6
400 2546 693 2615 χαρακτὴρ
728 2546 827 2613 τῆς
861 2545 1211 2608 ὑποστάσεως
1247 2544 1433 2609 αὑτοῦ,
1473 2548 1564 2599 καὶ
1606 2547 1726 2599 κατ’

128 2639 322 2691 εὑδένα
358 2639 573 2704 τρόπον
599 2635 1103 2706 μειονεκτοὺμενος,
1133 2638 1339 2709 ἰσότητι
1360 2641 1426 2709 τῇ
1448 2639 1589 2692 κατά
1620 2641 1728 2692 πᾶν

129 2728 330 2792 ὁτιοῦν,
364 2727 636 2796 ὑπάρχων
670 2742 731 2778 τε
776 2726 871 2778 καὶ
906 2725 1216 2796 νοούμενος,
1247 2729 1558 2781 κεκένωκεν
1598 2729 1728 2780 ἑαυ-

128 2821 236 2879 τὸν,
269 2819 378 2871 καὶ
425 2816 671 2885 καθῆκεν
705 2818 896 2871 ἑαυτὸν
936 2817 1078 2870 ἑκὼν
1105 2820 1184 2880 εἰς
1214 2818 1561 2871 ταπείνωσιν.
1594 2815 1728 2873 Εἶτα

129 2910 206 2970 τίς
239 2909 311 2961 ἂν
343 2907 437 2977 εἴη
471 2909 681 2978 φράσον
722 2910 751 2961 ὁ
781 2911 882 2978 τῆς
912 2911 1194 2971 κενώσεως
1227 2909 1448 2978 τρόπος,
1475 2909 1728 2962 τεταπεί-

128 3017 295 3052 νωται
343 2999 409 3050 δὲ
447 3001 619 3062 ὅπως,
676 3000 894 3068 μορφὴν
939 2999 1127 3051 δούλου
1161 2998 1364 3064 λαϐὼν,
1420 3000 1515 3052 καὶ
1566 3000 1726 3071 μέχρι

3309 348 3416 404 222

394 449 844 520 προσηλώσαντα
896 452 953 503 δὲ
989 453 1065 520 τῷ
1096 451 1269 521 ξύλῳ,
1318 455 1378 506 τὸ
1409 454 1530 506 καθ’
1576 454 1724 523 ἡμῶν

1841 476 1860 506 ‹
1899 457 2237 514 Sacriﬁcium
2276 470 2330 516 et
2362 461 2686 518 oblationem
2735 464 2978 529 noluisti,
3011 477 3204 532 corpus
3235 474 3414 519 autem

1834 549 2108 618 perfecisti
2162 553 2293 606 mihi
2352 572 2365 607 :
2417 555 2726 609 holocausta
2773 567 2827 611 et
2884 571 2981 625 pro
3028 566 3250 625 peccato
3309 571 3415 610 non

1831 641 2146 709 placuerunt
2191 644 2307 706 tibi,
2346 655 2472 700 tunc
2515 647 2624 699 dixi
2669 663 2684 700 :
2728 648 2865 700 Ecce
2915 648 3095 710 venio,
3135 647 3187 700 in
3241 647 3416 713 capite

1831 730 1949 784 libri
1977 732 2238 800 scriptum
2264 743 2347 787 est
2371 737 2434 788 de
2454 751 2557 799 me,
2576 747 2629 787 ut
2661 735 2874 799 faciam,
2896 736 3059 800 Deus,
3085 735 3413 789 voluntatem

1836 829 1976 874 tuam
2005 824 2073 875 δι.
2115 841 2133 874 ›
2171 821 2313 876 Nihil
2348 837 2542 893 agente
2579 824 2688 892 jam
2749 824 2880 894 legis
2920 825 3176 878 mandato
3205 834 3257 879 et
3282 802 3416 878 nihil

1833 912 2166 980 perﬁciente,
2205 925 2259 966 et
2302 914 2408 967 Deo
2441 930 2502 967 ac
2537 913 2698 968 Patre
2739 915 2848 983 jam
2895 915 3108 968 nolente
3157 923 3415 967 cruentas

1833 1001 2057 1066 hostias,
2108 1017 2302 1070 corpus
2349 1004 2449 1056 sibi
2486 1003 2787 1069 perfectum
2825 1004 2977 1067 dicit,
3022 1014 3102 1069 ut,
3136 1004 3315 1072 seipse
3361 1005 3413 1057 in

1830 1092 2068 1160 pretium
2104 1091 2295 1146 salutis
2327 1106 2390 1147 ac
2437 1095 2558 1146 vita:
2607 1093 2984 1148 universorum
3029 1095 3176 1157 dato,
3221 1107 3411 1148 omnes

1831 1193 1887 1237 et
1912 1198 1942 1236 a
1979 1184 2167 1238 mortis
2195 1185 2567 1253 corruptione,
2619 1193 2672 1239 et
2709 1185 2933 1252 insuper
2967 1200 2994 1237 a
3027 1185 3265 1253 peccatis
3299 1185 3410 1238 eri-

1832 1283 2004 1341 peret.
2052 1272 2230 1341 Ipsum
2266 1272 2430 1341 igitur
2460 1273 2693 1327 dicimus
2735 1287 2803 1326 ex
2845 1272 2954 1326 Deo
2987 1270 3146 1325 Patre
3181 1270 3412 1325 Verbum

1834 1365 2068 1418 voluisse
2095 1365 2253 1418 etiam
2280 1379 2375 1432 pro
2406 1364 2560 1419 nobis
2584 1379 2747 1418 carne
2769 1365 2904 1432 pati,
2931 1364 3232 1418 secundum
3261 1362 3412 1416 Scri-

1831 1465 2017 1523 pturas
2044 1456 2110 1509 ⁸¹.
2143 1455 2234 1510 Sic
2291 1470 2388 1510 nos
2414 1454 2604 1508 imbuit
2632 1453 2974 1508 beatissimus
2994 1454 3190 1508 Paulus
3223 1471 3235 1506 :
3261 1471 3279 1503 ι
3305 1452 3408 1518 Qui

1832 1559 1953 1598 cum
1989 1544 2044 1597 in
2091 1543 2261 1597 forma
2300 1544 2389 1598 Dei
2437 1553 2602 1606 esset,
2650 1557 2756 1596 non
2807 1543 3049 1613 rapinam
3105 1542 3407 1596 arbitratus

1831 1646 1913 1690 est
1946 1651 2064 1690 esse
2091 1651 2150 1691 se
2189 1635 2450 1704 aequalem
2489 1636 2598 1689 Deo
2639 1652 2652 1688 :
2700 1635 2793 1689 sed
2831 1634 3180 1702 semetipsum
3224 1633 3411 1688 exina-

1833 1728 1990 1792 nivit,
2022 1726 2248 1780 formam
2279 1729 2418 1781 servi
2452 1728 2747 1796 accipiens,
2784 1727 2836 1780 in
2870 1725 3276 1779 similitudinem
3309 1723 3407 1776 ho-

1762 1799 1801 1852 Β
1831 1820 2037 1872 minum
2072 1818 2265 1880 factus,
2299 1828 2353 1872 et
2390 1819 2574 1872 habitu
2619 1820 2869 1872 inventus
2911 1826 2967 1870 ut
3000 1818 3178 1871 homo.
3222 1814 3412 1870 Humi-

1834 1907 1982 1961 liavit
2004 1907 2352 1976 semetipsum
2381 1907 2554 1963 factus
2581 1909 2838 1964 obediens
2865 1923 3034 1976 usque
3061 1907 3125 1960 ad
3153 1916 3407 1969 mortem,

1835 2009 2064 2053 mortem
2098 2009 2274 2053 autem
2307 2001 2502 2054 crucis.
2534 1999 2762 2067 Propter
2785 1999 2926 2069 quod
2958 2009 3012 2052 et
3038 1996 3180 2051 Deus
3205 1996 3412 2051 exalta-

1833 2092 1910 2144 vit
1937 2091 2086 2143 illum
2109 2090 2177 2144 ³³.
2216 2109 2234 2142 ›
2265 2090 2560 2145 Considera
2580 2091 2763 2158 igitur,
2784 2091 2903 2144 utis
2922 2091 3010 2157 qui
3039 2089 3091 2142 in
3116 2087 3284 2142 forma
3314 2087 3409 2142 Dei

1832 2191 1886 2234 et
1919 2179 2094 2234 Patris
2117 2189 2239 2234 erat
2266 2188 2448 2248 utpote
2477 2179 2638 2244 Dens,
2670 2179 2757 2232 ille
2789 2181 3073 2231 character
3107 2192 3201 2230 seu
3241 2175 3412 2246 ﬁgura

1831 2271 2148 2325 substantize
2193 2272 2308 2340 ejus
2349 2272 2418 2334 5",
2455 2279 2508 2324 et
2549 2270 2638 2338 qui
2683 2269 2826 2323 nullo
2868 2269 3028 2323 modo
3062 2270 3237 2323 minor
3272 2281 3412 2333 erat,

1830 2377 1952 2416 cum
1994 2376 2091 2430 per
2118 2363 2296 2415 omnia
2333 2363 2402 2415 sit
2434 2372 2486 2416 et
2524 2362 2858 2429 intelligatur
2888 2360 3134 2429 atqualis,
3163 2360 3410 2413 exinani-

1830 2452 1966 2506 verit
1996 2453 2365 2521 semetipsum,
2395 2461 2447 2505 et
2481 2452 2534 2505 in
2569 2451 2931 2504 humilitatem
2961 2447 3151 2519 sponte
3171 2451 3407 2506 demise-

1830 2546 1924 2598 rit.
1953 2542 2071 2598 Jatn
2109 2544 2356 2612 quisnam
2398 2545 2469 2597 sit
2511 2543 2898 2596 exinanilionis
2934 2542 3146 2605 modus,
3175 2557 3408 2610 expone,

1830 2637 2098 2706 quomodo
2126 2636 2289 2688 etiam
2339 2635 2408 2689 sit
2452 2635 2765 2688 humiliatus
2813 2633 3044 2686 formam
3080 2635 3221 2688 servi
3267 2636 3412 2688 acci-

1828 2732 2001 2796 piens,
2029 2735 2083 2780 et
2116 2740 2287 2793 usque
2314 2725 2378 2778 ad
2414 2735 2642 2778 mortem
2676 2724 2853 2777 factus
2873 2723 3148 2786 obediens,
3181 2733 3409 2777 mortem

1829 2829 2007 2872 autem
2048 2817 2244 2871 crucis.
2283 2816 2472 2869 Annon
2534 2824 2621 2869 est
2661 2814 2911 2867 omnibus
2942 2815 3185 2879 evidens,
3231 2814 3282 2868 id
3313 2813 3413 2868 htt-

1828 2911 2025 2964 miliari
2061 2909 2203 2979 quod
2247 2908 2479 2962 sublime
2521 2907 2612 2972 sit,
2661 2922 2764 2962 non
2801 2907 2943 2974 quod
2983 2907 3311 2960 intrinsecus
3355 2915 3412 2961 et

1827 3017 1892 3056 ex
1926 3010 2118 3054 natura
2142 3001 2471 3053 submissum
2501 3007 2555 3051 et
2597 2998 2799 3052 humile
2818 2999 2938 3060 ‘l-id,
2973 2997 3073 3050 nisi
3107 2997 3281 3062 fallor,
3316 3012 3410 3051 ex-

129 3090 370 3142 θανάτου
413 3087 655 3154 γεγονὼς
689 3089 930 3158 ὑπήκοος
955 3129 968 3151 ,
1008 3089 1238 3142 θανάτου
1273 3089 1330 3141 δὲ
1371 3089 1628 3158 σταυροῦ.
1655 3091 1724 3142 Ἢ

1828 3079 2046 3154 inaniri,
2084 3092 2225 3159 quod
2271 3092 2484 3158 plenum
2529 3090 2616 3154 sit,
2671 3099 2723 3144 et
2769 3090 2966 3142 nullius
3009 3089 3083 3141 rei
3134 3088 3414 3158 indigeat?

127 3181 221 3250 οὐχ
256 3181 481 3233 ἅπασιν
519 3180 765 3249 ἐναργὲς,
801 3180 882 3232 ὅτι
915 3180 1267 3233 ταπεινοῦται
1299 3180 1359 3231 τὸ
1398 3179 1620 3248 ὑψηλὸν,
1661 3181 1719 3232 οὑ

129 3270 184 3320 τὸ
208 3268 442 3321 οἴκοθέν
493 3283 552 3318 τε
603 3269 698 3320 καὶ
735 3271 982 3336 φυσικῶς
1032 3271 1089 3320 ὲν
1146 3270 1335 3337 ὑφέσει
1370 3285 1427 3321 τε
1481 3269 1723 3337 ὑπάρχον

127 3363 217 3414 καὶ
239 3360 734 3429 τεταπεινωμένον
759 3377 774 3426 ;
802 3359 1054 3413 κενοῦται
1099 3361 1176 3424 δὲ,
1212 3355 1387 3430 οἶμαι,
1419 3360 1479 3412 τὸ
1519 3359 1723 3429 πλῆρες

129 3454 410 3524 ὑπάρχον,
444 3453 540 3504 καὶ
569 3443 893 3521 δεδεημένον
922 3452 1072 3504 οὐδέν
1099 3468 1111 3480 °
1153 3451 1368 3520 δέχεται
1402 3452 1494 3503 καὶ
1537 3451 1722 3503 δούλου

132 3546 382 3616 μορφὴν,
416 3542 479 3594 τὸ
519 3543 622 3610 πρὸ
649 3542 822 3608 αὐτῆς
857 3541 1137 3609 ἐλεύθερον
1163 3542 1305 3593 κατά
1346 3541 1540 3608 φύσιν·
1577 3541 1725 3611 εὑρί-

131 3655 325 3690 σκεται
367 3635 427 3688 δὲ
476 3634 572 3686 καὶ
604 3633 890 3702 ἄνθρωπος
925 3634 953 3684 6
990 3633 1062 3702 μὴ
1095 3633 1253 3685 τοῦτο
1297 3633 1557 3703 ὑπάρχων
1593 3635 1723 3703 πρὶν

129 3734 211 3782 ὅτε
246 3731 356 3782 οὑκ
390 3724 457 3798 ἦν
480 3724 745 3796 εὑρεθείς.
765 3724 861 3787 Τίς
883 3720 975 3777 οὖν
1004 3725 1109 3795 ἄρα
1131 3725 1274 3778 ἐστὶν
1297 3727 1324 3778 6
1352 3724 1552 3794 ὑψηλὸς
1580 3724 1723 3778 κατά

131 3823 291 3889 φύσιν
344 3820 446 3872 καὶ
500 3818 690 3880 καθεὶς
734 3817 925 3869 ἑαυτὸν
958 3819 1038 3878 εἰς
1079 3817 1448 3879 ταπείνωσιν;
1481 3817 1564 3879 τίς
1605 3816 1663 3869 δὲ
1696 3818 1724 3869 6

131 3915 375 3983 πλήρης,
407 3911 496 3962 ἵνα
518 3908 706 3978 νοῆται
740 3908 1111 3977 κεκενωμένος
1135 3926 1147 3974 ;
1175 3908 1258 3970 τίς
1288 3910 1316 3960 6
1345 3907 1454 3960 τῶν
1483 3909 1582 3979 τῆς
1602 3907 1723 3960 δου-

133 4008 278 4068 λείας
311 4005 584 4056 ἐπέκεινα
619 4002 855 4070 μέτρων,
893 4002 978 4053 ἵνα
1012 4001 1237 4071 λέγηται
1285 4002 1500 4072 μορφὴν
1534 4002 1721 4054 δούλου

131 4097 349 4159 ).α6εῖν;
398 4096 484 4157 τίς
531 4096 633 4146 οὑκ
664 4093 740 4145 ὢν
763 4093 1053 4163 πρότερον,
1097 4093 1220 4145 καθ’
1263 4094 1410 4163 ἡμᾶς
1439 4093 1722 4163 ἄνθρωπος

131 4189 287 4240 τοῦτο
331 4186 604 4258 εὑρῆσθαι
629 4185 884 4252 λέγεται;
919 4177 1074 4236 ταυτὶ
1117 4183 1224 4253 γὰρ
1250 4179 1408 4254 οἶμαι
1453 4183 1560 4236 τῶν
1599 4184 1722 4237 καθ’

135 4279 280 4345 ἡμᾶς
315 4277 402 4328 ἑνὶ
423 4275 518 4326 καὶ
540 4272 812 4344 ἀνθρώπῳ
833 4272 997 4342 κοινῷ
1032 4272 1357 4343 προσνέμειν
1386 4274 1719 4344 ἀποτολμᾷν,

136 4367 332 4436 εὖηθες
374 4367 440 4418 ἂν
488 4363 595 4434 εἴη,
624 4363 850 4431 καὶτῆς
895 4364 1120 4416 ἀπασῶν
1169 4364 1405 4434 ἐσχάτης
1435 4366 1724 4426 ἀσυνεσίας

1830 3182 1958 3237 illud
1989 3181 2152 3235 etiam
2191 3181 2437 3247 accipere
2466 3181 2605 3232 servi
2645 3179 2895 3243 formam,
2926 3181 3069 3248 quod
3101 3188 3226 3233 ante
3264 3180 3408 3233 illam

1829 3277 1993 3330 fuerit
2023 3275 2318 3330 secundum
2356 3283 2604 3328 naturam
2635 3275 2906 3329 liberum?
2931 3276 3080 3328 illum
3110 3276 3272 3329 etiam
3312 3276 3412 3329 ho-

1829 3363 2026 3415 minem
2078 3362 2327 3420 inveniri.
2365 3363 2454 3430 qui
2507 3362 2559 3416 id
2607 3378 2713 3418 non
2747 3372 2863 3419 erat
2908 3363 3219 3433 priusquam
3266 3372 3410 3420 esset

1829 3452 2118 3506 inventus?
2144 3452 2275 3518 Quis
2302 3467 2431 3523 ergo
2467 3453 2557 3507 ille
2585 3462 2667 3508 est
2700 3454 2994 3508 secundum
3037 3465 3286 3508 naturam
3319 3472 3409 3510 su-

1829 3545 2028 3606 blimis,
2063 3544 2152 3613 qui
2195 3559 2252 3598 se
2300 3545 2472 3614 ipsum
2510 3545 2576 3598 ad
2621 3545 2984 3600 humilitatem
3023 3545 3256 3612 deiecit?
3287 3547 3408 3615 quis

1826 3634 1988 3687 etiam
2042 3635 2250 3701 plenus,
2283 3641 2339 3686 ut
2369 3635 2675 3688 exinanitus
2728 3649 2846 3688 esse
2882 3634 3252 3704 intelligatur?
3287 3636 3409 3703 quis

1830 3725 1969 3778 ultra
2010 3725 2288 3778 servitutis
2328 3725 2489 3793 128
2539 3739 2846 3787 mensuras,
2897 3734 2954 3777 ut
3006 3726 3216 3778 dicatur
3263 3725 3404 3778 servi

1829 3816 2056 3869 formam
2090 3815 2403 3883 accepisse?
2430 3815 2554 3883 quis
2588 3830 2707 3868 cum
2743 3814 2902 3866 homo
2938 3814 3086 3882 prius
3121 3814 3289 3867 nostri
3329 3813 3406 3867 si-

1831 3907 1974 3960 milis
2006 3920 2110 3959 non
2141 3914 2306 3971 esset,
2344 3906 2395 3959 id
2425 3907 2675 3959 inventus
2705 3919 2825 3959 esse
2860 3904 3096 3967 dicitur?
3123 3906 3237 3958 haec
3261 3905 3404 3958 enim

1832 4000 1920 4053 nni
1956 4015 2022 4054 ex
2058 4009 2246 4053 nostro
2274 4013 2500 4053 numero
2529 4010 2580 4053 et
2612 4001 2816 4067 vulgari
2853 4000 3052 4052 homini
3089 3999 3286 4052 audere
3309 4001 3407 4052 tri-

1831 4093 2015 4154 buere,
2069 4095 2292 4145 stultum
2346 4093 2435 4152 sit.
2475 4100 2828 4147 et.extrem2e
2866 4091 3104 4145 omnium
3157 4092 3407 4144 amentia:

1829 4199 2018 4238 revera
2069 4184 2282 4252 plenum
2330 4202 2342 4237 :
2391 4184 2711 4237 convenient
2755 4192 2933 4236 autem
2990 4183 3268 4251 aptissime
3329 4183 3404 4236 illi

1830 4290 2096 4343 suprema:
2134 4283 2358 4328 naturae.
2403 4274 2507 4328 Sed
2543 4274 2672 4328 illud
2706 4273 2797 4329 Dei
2832 4275 3069 4329 Verbum
3117 4289 3181 4329 ex
3236 4275 3406 4330 nimia

1831 4381 1958 4435 erga
2010 4381 2106 4419 nos
2156 4366 2488 4433 benignitate
2519 4375 2681 4434 atque
2734 4366 3019 4421 clementia
3068 4367 3266 4421 obtulit
3293 4371 3405 4439 'pro

135 4460 437 4529 ἐπίμεστον
477 4456 725 4525 ἀληθῶς
758 4456 991 4524 ἁρμόσει
1017 4457 1060 4507 δ’
1098 4457 1162 4508 ἂν
1201 4458 1293 4508 καὶ
1321 4457 1464 4525 μάλα
1501 4457 1724 4518 εἰκότως

1832 4457 1984 4509 nobis
2025 4456 2298 4525 proprium
2332 4470 2552 4523 corpus,
2588 4464 2643 4510 et
2684 4466 2903 4526 accepta
2945 4457 3083 4510 servi
3120 4458 3292 4510 forma
3327 4458 3406 4512 fa-

134 4554 195 4619 τῆ
225 4549 528 4619 ὑπερτάτῳ
565 4545 748 4612 φύσει.
792 4545 931 4597 Ἀλλ’
956 4548 983 4598 6
1022 4548 1118 4615 μὲν
1142 4545 1234 4597 τοῦ
1260 4546 1391 4597 Θεοῦ
1427 4546 1616 4612 Λόγος,
1656 4546 1721 4597 ἐκ

137 4642 338 4710 πολλῆς
369 4642 512 4707 ἄγαν
535 4639 634 4704 τῆς
657 4640 737 4700 είς
764 4639 913 4706 ἡμᾶς
936 4638 1271 4706 ἡμερότητος
1292 4637 1387 4689 καὶ
1413 4636 1603 4703 φιλανθ
1614 4654 1719 4706 ρω-

137 4736 262 4795 πίας
297 4731 749 4802 προσκεκομικεν
779 4728 918 4800 ὑπὲρ
952 4729 1110 4800 ἡμῶν
1142 4730 1202 4781 τὸ
1238 4728 1366 4782 ἴδιον
1400 4729 1555 4797 σῶμα
1577 4771 1591 4793 ,
1629 4729 1722 4782 καὶ

141 4827 355 4895 μορερὴν
397 4822 590 4876 ὣὺλου
620 4820 823 4885 λαϐὼν,
860 4821 1080 4888 γέγονεν
1113 4821 1350 4890 ὑπήκοος
1371 4820 1446 4890 τῷ
1473 4819 1591 4889 Θεῴ
1629 4820 1720 4872 καὶ

137 4917 310 4986 Πατρὶ
349 4914 516 4984 μέχρι
552 4911 810 4975 θανάτου,
839 4911 932 4962 καὶ
961 4911 1060 4962 οὑκ
1090 4910 1395 4979 ἀπόϐλητον
1423 4910 1719 4977 ἐποιήσατο

136 5007 195 5058 τὸ
221 5005 422 5057 παθεῖν
459 5001 680 5054 ἑλέσθαι
717 5000 900 5070 σαρκὶ,
935 5000 1110 5052 καίτοι
1151 4998 1247 5068 τὴν
1275 4997 1435 5066 φύσιν
1459 4999 1719 5066 ὑπάρχων

137 5101 354 5169 ἀπαθὴς
379 5098 455 5158 ὼς
491 5096 624 5157 Θεός
650 5109 664 5124 ο
691 5093 992 5162 ὲπερυθριᾷ
1017 5108 1080 5158 γε
1112 5090 1215 5161 μὴν
1242 5089 1513 5151 ἀσυνέτως
1537 5089 1720 5140 οὑτοσὶ

138 5194 241 5253 τοῖς
275 5190 421 5256 ὑπὲρ
477 5185 639 5256 ἡμῶν
684 5183 1174 5251 θεοπρεπεστάτοις
1205 5179 1368 5233 αὑτοῦ
1410 5179 1714 5248 σκέμμασι,

139 5284 226 5333 καὶ
261 5283 433 5350 τιμᾷν
469 5279 748 5345 οἰόμενος,
784 5273 986 5326 ἀδικεῖ’
1036 5273 1300 5343 ἀποφέρει
1341 5271 1438 5337 μὲν
1467 5269 1576 5339 γὰρ
1624 5268 1716 5320 τοῦ

140 5373 326 5426 παθεῖν
357 5370 544 5432 αὑτὸν,
575 5368 752 5420 καίτοι
780 5364 1005 5434 μηδενὸς
1033 5365 1219 5435 ἐτέρου
1246 5363 1436 5415 παθεῖν
1465 5350 1717 5428 λέγοντος

141 5468 209 5527 εἰς
245 5466 385 5516 ἰδίαν
423 5461 588 5528 φύσιν
611 5474 623 5486 ·
668 5458 768 5510 οὑκ
817 5456 1126 5509 αἰσθάνεται
1152 5456 1208 5507 δὲ
1248 5456 1329 5507 ὅτι
1363 5454 1588 5522 Σωτῆρα
1624 5452 1716 5503 καὶ

143 5558 244 5606 Au:
255 5554 434 5624 ρωτην
463 5551 564 5603 οὐκ
589 5550 809 5619 ἐφίησιν
835 5547 996 5600 αὑτὸν
1024 5543 1404 5616 ὁμολογεῖσθαι·
1426 5543 1532 5596 τῶν
1555 5542 1712 5606 ὅλων,

233 5732 272 5762 ⁸³
304 5728 450 5785 Psal.
481 5743 674 5792 χχιιι,
711 5726 812 5778 7-9
841 5743 854 5791 ;
883 5723 1043 5778 llclir.
1089 5738 1141 5786 χ,
1180 5722 1290 5775 3-7.

1389 5721 1432 5748 ⁸⁸
1468 5718 1654 5774 ll‘ctr.
1694 5732 1769 5779 tv.
1809 5717 1854 5771 l.

1829 4557 1946 4601 ctus
1979 4556 2061 4600 est
2106 4547 2214 4599 Deo
2244 4557 2297 4599 et
2345 4546 2487 4600 Patri
2520 4546 2778 4601 obediens
2813 4562 2983 4614 usque
3022 4547 3087 4600 ad
3130 4558 3354 4602 mortem
3386 4566 3401 4602 :

1829 4651 1927 4690 nec
1961 4635 2332 4702 refugiendnm
2365 4634 2576 4688 censuit
2603 4635 2891 4703 quominus
2923 4648 3083 4687 carne
3115 4649 3210 4702 pro
3247 4635 3405 4688 nobis

1830 4727 1936 4794 pati
1995 4725 2172 4788 vellet,
2207 4724 2453 4791 quamvis
2480 4732 2538 4776 ut
2574 4724 2714 4776 Deus
2744 4731 2887 4777 esset
2918 4722 3214 4776 secundum
3244 4731 3403 4776 natu-

1831 4831 1943 4869 ram
1984 4813 2348 4882 impassibilis.
2407 4813 2513 4866 Iste
2561 4826 2688 4866 vero
2721 4811 2886 4865 stulte
2931 4811 2995 4864 de
3042 4811 3241 4865 divinis
3286 4810 3403 4878 ejus

1827 4918 2046 4978 propter
2091 4921 2188 4959 nos
2221 4903 2461 4958 consiliis
2490 4903 2779 4968 erubescit,
2833 4909 2886 4955 et
2929 4915 3088 4968 quem
3136 4900 3404 4954 honorare

1823 5015 1884 5053 se
1908 4997 2209 5060 existimat,
2246 4993 2409 5048 allicit
2458 4993 2653 5063 injuria
2689 5011 2702 5046 :
2738 5008 2859 5045 nam
2893 5007 2920 5044 a
2955 4991 3205 5059 passione
3252 4992 3399 5045 illum

1825 5090 2034 5153 eximit,
2072 5085 2283 5140 tametsi
2337 5099 2496 5138 nemo
2545 5084 2692 5136 illum
2731 5084 2780 5136 in
2818 5097 2914 5137 sua
2950 5094 3141 5134 natura
3179 5096 3396 5150 passum

1827 5183 2004 5236 dicat:
2038 5194 2138 5233 nec
2170 5178 2332 5231 sentit
2369 5190 2428 5229 se
2462 5175 2746 5242 prohibere
2781 5188 2848 5226 ne
2879 5172 3027 5225 illum
3060 5171 3396 5225 Salvatorem

1826 5285 1879 5327 et
1907 5271 2316 5336 Redemptorem
2344 5267 2712 5318 universorum
2749 5264 3123 5326 conliteamur,
3150 5261 3193 5313 si
3234 5262 3278 5314 is
3305 5275 3401 5327 per

1827 5378 1986 5431 quem
2022 5359 2232 5423 salvati,
2265 5368 2318 5412 et
2349 5370 2442 5424 per
2473 5358 2625 5422 cujus
2654 5351 3016 5407 venerandam
3060 5365 3273 5404 crucem
3315 5364 3397 5402 re-

1825 5452 2023 5522 dempti
2070 5465 2275 5513 sumns,
2308 5449 2444 5502 alter
2477 5447 2543 5500 ab
2576 5445 2665 5499 illo
2703 5445 2773 5498 sit
2810 5443 3026 5512 proprie
3053 5456 3115 5496 ac
3166 5439 3395 5495 seorsim

1825 5542 1991 5597 Filius
2026 5550 2080 5596 et
2107 5540 2382 5595 Dominus.
2416 5537 2493 5593 Ac
2516 5537 2559 5591 si
2589 5545 2669 5590 cst
2699 5538 2858 5589 homo
2902 5533 3151 5603 simplex,
3185 5540 3239 5586 et
3282 5546 3396 5586 non

1932 5716 1976 5749 ⁵³
2003 5714 2235 5778 Ριιὶιίιὶο.
2269 5731 2333 5779 u,
2364 5714 2479 5770 6-9.
2559 5713 2603 5745 ⁸³
2637 5709 2798 5767 llcbr.
2835 5725 2871 5771 ι,
2905 5711 2962 5763 3.
