4040 6438
634 329 741 386 2%

1636 325 1692 380 S.
1728 326 2005 383 CYRILLI
2043 322 2513 380 ALEXANDRINI
2547 325 2876 382 ARCHIEI‘.

3801 323 3908 377 2⁸21

635 444 690 499 in
727 443 958 499 humana
991 444 1163 499 forma
1198 443 1373 512 ipsum
1406 456 1470 496 ex
1508 440 1614 494 Deo
1651 441 1812 497 Patre
1849 440 2080 496 Verbum
2113 455 2196 510 ap.

2316 440 2473 510 εἴπερ
2506 442 2656 493 ἐστὶν
2679 442 2870 511 ἔτερος
2892 439 3024 510 παρ’
3053 438 3216 492 αὑτὸν
3250 436 3451 500 ἱδικῶς,
3487 435 3579 488 καὶ
3605 435 3709 488 ἀνά
3739 437 3911 505 μέρος

633 536 834 604 paruit,
863 536 1108 604 prodeat,
1145 531 1394 588 ostendat
1420 540 1477 586 et
1514 531 1568 584 in
1596 532 1768 586 forma
1801 533 1974 600 ipsum
2007 544 2127 585 esse
2161 542 2216 586 et

632 627 943 694 aequalitate
971 624 1150 680 Patris
1173 624 1190 694 (
1213 638 1318 677 non
1350 623 1493 677 enim
1520 623 1764 692 rapinam
1798 621 2094 677 arbitratus
2129 632 2215 676 est

629 733 756 774 esse
798 735 858 773 se
890 717 1151 787 aqualem
1197 713 1366 784 Deo),
1395 722 1446 767 et
1503 724 1763 780 praeterea
1813 713 1950 766 servi
1986 711 2213 764 formam

630 811 927 879 accepisse,
953 821 1208 880 tanquam
1239 808 1343 860 neu
1387 804 1638 859 habuerit
1681 803 1994 870 aliquando,
2044 813 2096 856 et
2121 818 2215 856 ex-

629 900 897 953 inanitum
962 899 1152 961 fuisse,
1187 907 1245 950 ut
1292 896 1380 964 qui
1434 895 1488 948 in
1528 894 1744 962 propria
1785 902 1974 946 natura
2039 892 2212 958 pleni-

631 991 871 1044 tudinem
920 990 1193 1044 habuerit.
1238 986 1371 1041 Nam
1407 987 1597 1040 beatus
1633 984 1830 1038 Paulus
1859 984 2006 1036 illum
2041 983 2128 1051 qui
2160 983 2210 1036 in

628 1078 799 1133 forma
839 1091 891 1134 et
921 1081 972 1133 in
1021 1080 1334 1147 aequalitate
1386 1077 1561 1130 Patris
1597 1085 1736 1142 erat,
1786 1074 1987 1130 factum
2045 1074 2214 1128 fuisse

627 1171 701 1227 illi
738 1171 1076 1224 obedientem
1111 1171 1240 1224 dicit
1269 1171 1432 1224 etiam
1477 1183 1645 1235 usque
1676 1169 1741 1221 ad
1776 1174 2022 1230 mortem,
2065 1183 2211 1219 mor-

629 1273 735 1317 tem
767 1270 946 1316 autem
983 1262 1182 1315 crucis.
1217 1263 1297 1313 An
1343 1274 1447 1313 non
1491 1258 1770 1327 perspicua
1805 1267 1884 1309 est
1918 1257 2213 1310 sententia-

626 1370 744 1407 rum
771 1354 887 1422 ejus
913 1351 1264 1406 absurditas?
1289 1350 1420 1405 Cum
1445 1365 1572 1403 vero
1599 1350 1788 1402 beatus
1813 1347 2008 1402 Paulus
2035 1349 2210 1416 ipsum

625 1445 944 1497 crucifixum
967 1443 1152 1512 gloria:
1189 1441 1470 1496 Dominum
1499 1437 1810 1508 appellet”,
1842 1451 1997 1491 nemo
2028 1437 2212 1504 utique

624 1542 849 1596 asseret,
886 1548 993 1586 non
1029 1531 1179 1585 illum
1217 1531 1401 1583 dicere
1430 1527 1847 1588 humanitatem,
1885 1527 1981 1580 sed
2007 1526 2208 1578 divini-

626 1631 810 1678 tatem.
842 1622 1018 1677 Unum
1043 1622 1186 1676 enim
1220 1621 1453 1675 fatemur
1485 1620 1782 1684 Christum,
1815 1629 1868 1672 et
1897 1616 2115 1682 Filium,
2157 1625 2212 1672 et

629 1715 915 1769 Dominum
944 1713 1130 1782 gloria:
1161 1712 1332 1779 ipsum
1366 1727 1434 1765 ex
1468 1712 1576 1764 Deo
1619 1710 1776 1764 Patre
1806 1709 2042 1764 Verbum
2083 1725 2209 1777 pro-

625 1815 742 1874 pter
767 1821 864 1859 nos
889 1803 1162 1858 hominem
1192 1803 1416 1868 factum,
1452 1810 1504 1856 et
1528 1815 1688 1856 carne
1712 1811 1931 1871 propter
1964 1817 2061 1856 nos
2086 1817 2209 1866 pas-

622 1910 765 1962 sum,
814 1894 1110 1948 secundum
1153 1891 1484 1961 Scripturas.
1525 1893 1920 1946 Verumtamen
1950 1892 2091 1944 haud
2133 1891 2209 1945 le—

623 1984 762 2037 viter
793 1984 1118 2037 criminatus
1153 1996 1249 2038 eos
1295 1983 1384 2052 qui
1442 1984 1548 2036 Deo
1596 1982 1775 2035 Verbo
1824 1981 2205 2036 dominationis

624 2085 833 2125 nomen
858 2071 1122 2134 tribuunt,
1153 2081 1206 2124 et
1231 2072 1297 2125 ab
1330 2072 1667 2125 humanitate
1691 2072 2123 2134 illudtauferunt,
2149 2081 2204 2125 ttt

623 2164 714 2230 qui
743 2179 1032 2230 summam,
1072 2175 1132 2219 ut
1155 2164 1268 2232 ipse
1306 2164 1456 2227 dicit,
1481 2163 1875 2233 copulationem
1901 2163 2203 2216 distrahere

623 2252 817 2316 velint;
843 2252 995 2319 quasi
1021 2266 1206 2306 eorum
1237 2266 1357 2320 qua:
1378 2249 1749 2315 dixitoblitus,
1775 2248 1925 2301 illum
1949 2264 2112 2303 unum
2149 2249 2200 2302 in

620 2344 726 2397 duo
759 2344 1061 2397 distrahere
1103 2343 1527 2412 deprehenditur
1561 2343 1724 2395 etiam
1767 2342 1833 2396 de
1871 2341 1956 2396 illa
1991 2357 2200 2397 summa

625 2433 784 2504 129
816 2434 1174 2499 c0pu|atione,
1205 2445 1256 2487 ut
1286 2435 1398 2502 ipse
1427 2434 1578 2496 dicit,
1615 2448 1802 2502 parum
1842 2449 2047 2487 curare.
2065 2433 2199 2487 Nam

621 2525 870 2592 imperite
901 2536 1052 2591 rogat
1079 2544 1091 2579 :
1120 2526 1453 2579 Dominusne
1504 2533 1588 2578 est
1613 2524 1771 2578 etiam
1798 2524 1977 2588 homo,
2011 2539 2078 2576 an
2109 2539 2195 2578 se-

621 2616 762 2669 cus?
786 2617 828 2670 si
857 2617 1074 2684 quidem
1111 2628 1191 2672 est
1221 2617 1498 2680 Dominus,
1532 2631 1650 2685 quae
1681 2616 1934 2669 dicuntur
1965 2631 2198 2670 consen-

626 2701 786 2754 tiunt.
812 2702 951 2770 Ergo
976 2701 1043 2766 si,
1083 2714 1139 2756 ut
1175 2713 1263 2757 tua
1297 2705 1458 2759 habet
1493 2703 1683 2758 inscita
1743 2706 2061 2768 sciscitatio,
2092 2706 2198 2760 Do-

620 2791 800 2846 minus
825 2801 909 2847 est
935 2793 1105 2861 ipsum
1132 2793 1366 2848 Verbum
1393 2795 1623 2848 seorsim
1667 2810 1730 2848 ac
1749 2798 1985 2864 proprie,
2014 2795 2197 2851 Domi-

619 2898 720 2937 nus
743 2885 904 2939 etiam
937 2885 1050 2953 ipse
1083 2885 1373 2949 homo,duo
1399 2886 1585 2953 procul
1613 2886 1774 2939 dubio
1799 2895 1961 2938 erunt
1991 2887 2192 2942 domini

619 2990 682 3028 ac
703 2975 816 3029 filii.
845 2975 1000 3030 Nullo
1026 2992 1153 3046 ergo
1176 2978 1332 3031 modo
1363 2979 1441 3030 vis
1471 2987 1576 3031 tuae
1621 2979 1781 3032 istius
1839 2993 2065 3032 summa!
2101 2993 2193 3033 co-

618 3064 912 3130 pulationis
955 3063 1300 3118 credentibus
1331 3065 1573 3134 proderit
1612 3075 1762 3120 certe
1793 3068 1856 3119 ad
1888 3065 2192 3136 intelligen-

623 3157 750 3209 dum
784 3171 948 3209 unum
1005 3154 1278 3210 Christum
1341 3167 1396 3210 et
1453 3158 1738 3212 Dominum
1772 3168 1826 3213 et
1859 3159 2049 3213 Filium
2073 3176 2193 3214 cum

618 3247 768 3300 unita
795 3246 896 3300 sibi
928 3261 1110 3301 carne.
1147 3245 1429 3316 Proposita
1487 3263 1717 3317 namque
1778 3259 1833 3303 et
1871 3249 1921 3302 in
1960 3251 2193 3304 medium

617 3336 828 3406 prolatu
858 3335 1230 3391 Emmanuelis
1283 3353 1537 3405 persona,
1610 3339 1724 3394 sive
1755 3341 1877 3407 quis
1917 3341 2192 3395 hominem

619 3429 783 3494 dicat,
819 3429 994 3497 ipsum
1030 3442 1094 3483 ex
1127 3427 1232 3481 Deo
1280 3428 1441 3483 Patre
1471 3428 1705 3483 Verbum
1765 3429 1992 3485 formam
2055 3433 2194 3487 servi

619 3519 921 3586 sumpsisse
948 3518 1386 3586 intelligimtts,et
1410 3534 1474 3572 ex
1511 3523 1784 3575 mensuris
1810 3522 2196 3577 exinanitionis

617 3609 886 3664 declarari
918 3609 1180 3673 dicimus;
1218 3610 1331 3664 sive
1381 3611 1544 3664 etiam
1604 3612 1769 3665 Deum
1833 3612 2192 3680 unigenitum,

616 3702 866 3755 eumdem
897 3716 1020 3755 esse
1045 3702 1318 3755 credimus
1338 3702 1608 3754 hominem
1637 3703 1746 3770 jam
1789 3703 1988 3757 factum
2029 3715 2081 3757 et
2107 3705 2190 3757 iu-

615 3799 920 3844 carnatum.
955 3789 1061 3844 Sed
1098 3791 1264 3855 enim,
1295 3791 1509 3858 utdixi,
1548 3792 1637 3844 uni
1688 3807 1752 3846 ac
1807 3794 1904 3847 soli
1963 3795 2191 3858 homini,

617 3890 671 3935 et
706 3879 975 3934 intellecto
997 3881 1218 3935 seorsim
1252 3883 1319 3934 ab
1354 3881 1442 3935 illo
1459 3896 1522 3934 ex
1543 3881 1704 3937 Patre
1732 3881 1908 3937 Verbo
1947 3885 2193 3941 tribuens

617 3969 757 4024 illius
784 3984 904 4024 cum
924 3984 1089 4025 carne
1136 3971 1553 4041 dispensationis
1577 3988 1764 4041 opera,
1819 3984 1870 4029 et
1903 3976 2074 4045 ipsum
2098 3992 2192 4031 su-

615 4062 876 4117 stinuisse
905 4077 1002 4131 pro
1058 4064 1213 4117 nobis
1268 4078 1484 4119 crucem
1513 4067 1725 4129 asserit,
1773 4077 1826 4120 et
1855 4083 1976 4123 esse
2009 4069 2193 4138 glorias

617 4153 898 4207 Dominum
923 4152 1182 4230 .aflirmat,
1207 4162 1262 4206 et
1293 4168 1557 4223 supremae
1588 4156 1827 4210 omnium
1863 4167 2069 4211 natura:
2101 4175 2191 4213 or-

614 4252 864 4296 namenta
909 4244 1066 4298 nuda:
1120 4253 1387 4297 creatura:
1435 4243 1816 4312 circumponit.
1870 4248 1957 4300 Ait
2007 4251 2184 4304 enim:

613 4329 933 4402 [Audiamus
1008 4334 1222 4388 beatum
1287 4331 1510 4386 Paulum
1590 4345 1772 4402 aperte
1839 4337 2188 4403 clamantem,

2324 533 2446 594 Υίὸς
2469 533 2562 585 καὶ
2588 531 2811 600 Κύριος,
2835 535 2862 585 6
2881 531 2948 584 δι’
2982 523 3042 583 οῦ
3073 528 3410 600 σεσώσμεθα,
3443 528 3537 580 καὶ
3563 526 3911 597 ὲκλελυτρώ-

2321 623 2459 692 μεθα
2494 624 2582 676 διὰ
2627 623 2724 675 τοῦ
2757 623 2944 691 τιμίου
2982 618 3242 689 σταυροῦ.
3281 605 3392 670 Kal.
3437 619 3594 687 εἴπερ
3628 619 3777 670 ἐστὶν
3810 616 3911 671 ἄν·

2318 715 2536 785 θρωπος
2570 714 2777 776 ἁπλῶς,
2820 714 2914 766 καὶ
2964 714 3082 782 ούχὶ
3130 711 3192 781 δὴ
3239 710 3438 779 μᾶλλον
3485 711 3542 761 ὲν
3585 708 3912 780 ἀνθρωπεία

2320 807 2498 875 μορφῇ
2543 804 2802 874 πεφηνὼς
2839 807 2866 857 6
2917 806 2981 857 ὲκ
3024 801 3159 855 Θεοῦ
3210 801 3423 870 Πατρὸς
3469 801 3661 869 Λόγος,
3694 800 3906 870 ἡκέτω,

2314 895 2597 959 δεικνύτω,
2629 896 2724 947 καὶ
2759 896 2830 946 ὲνι
2851 895 3030 964 μορφῇ
3069 891 3164 944 τοῦ
3201 891 3414 962 Πατρὸς
3454 890 3766 958 ὑπάρχοντα
3797 890 3906 941 αὒ-

2313 985 2423 1047 τὸν,
2474 986 2564 1037 καὶ
2610 987 2792 1054 μέντοι
2845 987 2938 1037 καὶ
2989 985 3046 1034 ὲν
3081 981 3286 1050 ίσότητι
3313 997 3326 1011 '
3361 981 3422 1032 οὐ
3460 979 3568 1049 γὰρ
3602 979 3910 1048 ἀρπαγμδν

2313 1078 2559 1146 ἡγήσατο
2594 1078 2656 1129 τὺ
2690 1073 2829 1128 εἶναι
2862 1073 2956 1128 ῐσα
3003 1074 3122 1144 Θεῷ
3143 1091 3157 1106 ·
3187 1074 3282 1126 καὶ
3331 1071 3558 1142 προσέτι
3592 1071 3767 1141 τούτῳ
3799 1069 3910 1141 τὴν

2312 1167 2407 1219 τοῦ
2435 1166 2624 1220 δούλου
2651 1166 2884 1220 λαϐόντα
2909 1164 3142 1235 μορφὴν,
3163 1162 3239 1225 ὡς
3260 1163 3360 1215 οὐκ
3385 1162 3580 1231 ἔχοντά
3609 1179 3741 1215 ποτε
3761 1179 3776 1192 ο
3803 1163 3909 1214 καὶ

2315 1262 2372 1313 ὲν
2397 1259 2623 1312 κενώσει
2649 1257 3038 1327 γεγενημένον,
3065 1256 3140 1320 ὡς
3171 1256 3229 1308 ὲν
3257 1255 3362 1325 ἰδίᾳ
3390 1253 3548 1322 φύσει
3573 1255 3808 1325 λαχόντα
3836 1254 3909 1307 τὸ

2313 1350 2538 1420 πλῆρες.
2579 1350 2635 1402 '0
2664 1351 2856 1418 γάρτοι
2902 1347 3195 1408 θεσπέσιος
3225 1346 3460 1409 Παῦλος,
3504 1347 3596 1400 τὸν
3627 1349 3684 1399 ὲν
3710 1347 3904 1416 μορφῇ

2313 1441 2406 1494 καὶ
2436 1440 2640 1508 ἰσότητι
2687 1439 2782 1493 τοῦ
2836 1438 2973 1491 Θεοῦ
3041 1439 3136 1491 καὶ
3173 1438 3406 1510 Πατρός,
3435 1437 3686 1506 γενέσθαι
3728 1435 3907 1505 φησὶν

2313 1533 2552 1603 ὑπήκοον
2581 1531 2728 1602 αὐτῷ
2762 1531 2856 1584 καὶ
2892 1531 3054 1600 μέχρι
3087 1529 3340 1593 θανάτου,
3372 1529 3606 1582 θανάτου
3638 1527 3694 1580 δὲ
3729 1543 3906 1581 σταυ-

2313 1624 2427 1694 ροῦ.
2461 1619 2585 1693 'Ap’
2633 1624 2732 1675 οὐκ
2767 1621 2999 1691 ἐναργὴς
3035 1623 3066 1688 ἡ
3104 1621 3212 1675 τῶν
3260 1619 3480 1675 ἐννοιῶν
3512 1619 3747 1683 ἀτοπίας
3781 1618 3903 1672 Κύ-

2313 1731 2425 1784 ριον
2464 1713 2519 1766 δὲ
2558 1714 2656 1783 τῆς
2683 1714 2842 1782 δόξης
2896 1712 3257 1781 ὀνομάζοντος
3287 1713 3421 1782 ἡμῖν
3471 1710 3572 1764 τοῦ
3617 1710 3903 1780 μακαρίευ

2312 1805 2524 1859 Παύλου
2563 1806 2655 1858 τὸν
2683 1804 3120 1874 ἐσταυρωμένον,
3148 1801 3282 1872 φαίη
3315 1802 3381 1856 ἂν
3407 1801 3602 1863 οὐδείς’
3634 1801 3708 1854 Οὐ
3740 1799 3904 1869 λέγει

2309 1898 2408 1967 τὴν
2439 1897 2852 1966 ἀνθρωπότητα,
2881 1895 3016 1948 ἀλλά
3039 1894 3136 1963 τὴν
3161 1894 3409 1962 θεότητα.
3444 1893 3581 1945 Ἕνα
3607 1890 3718 1960 γὰρ
3753 1891 3899 1960 ὁμο-

2309 1988 2575 2057 λογοῦμεν
2625 1986 2862 2056 Χριστὸν
2901 1987 2996 2040 καὶ
3032 1985 3183 2049 Υίὸν,
3216 1986 3312 2038 καὶ
3348 1986 3448 2054 τῆς
3479 1983 3638 2051 δόξης
3684 1980 3902 2053 Κύριον

2307 2079 2397 2134 τὸν
2419 2082 2480 2132 ὲκ
2497 2078 2631 2131 Θεοῦ
2664 2078 2874 2148 Πατρὸς
2896 2079 3065 2145 Λόγον
3092 2075 3416 2145 ὲνανθρωπή
3428 2092 3596 2128 σαντα
3624 2073 3691 2126 δι’
3717 2075 3898 2145 ἡμᾶς,

2308 2168 2547 2222 παθόντα
2569 2184 2627 2220 τε
2658 2167 2798 2238 ὑπὲρ
2821 2167 2976 2237 ἡμῶν
3002 2166 3097 2220 καὶ
3121 2166 3308 2237 σαρκὶ,
3341 2165 3481 2218 κατά
3511 2164 3611 2228 τὰς
3642 2164 3897 2235 Γραφάς.

2306 2260 2450 2330 Πλὴν
2480 2260 2540 2312 ού
2573 2259 2805 2330 μετρίως
2827 2257 3281 2327 καταιτιώμενος,
3312 2256 3384 2319 ὠς
3410 2254 3508 2324 τὴν
3539 2253 3738 2325 ἀκριϐῆ
3767 2265 3904 2306 συν-

2304 2353 2516 2417 άφειαν,
2551 2348 2698 2401 καθά.
2724 2365 2889 2417 φησιν
2919 2346 3106 2409 αὐτὸς,
3145 2346 3377 2414 διασπᾷν
3422 2343 3723 2405 ἐθέλοντας.
3759 2343 3901 2404 τοὺς

2303 2439 2677 2510 ἀπονέμοντας
2714 2439 2811 2508 μὲν
2843 2437 2923 2506 τῷ
2967 2435 3087 2506 Θεῷ
3131 2437 3294 2504 Λόγῳ
3321 2435 3380 2487 τδ
3417 2435 3516 2504 τῆς
3563 2432 3900 2504 κυριότητος

2303 2530 2492 2599 ὄνομα,
2518 2530 2617 2598 τῆς
2641 2546 2704 2596 γε
2740 2527 2845 2598 μὴν
2878 2526 3295 2597 ἀνθρωπότητος
3325 2524 3699 2595 ἀποφέροντας
3734 2523 3896 2592 αὺτῷ

2304 2620 2411 2692 [Ion
2440 2618 2617 2690 αύτὸ],
2660 2618 2913 2687 καθάπερ
2939 2619 3018 2680 εἰς
3065 2615 3236 2686 λήθην
3266 2607 3341 2668 ὧν
3384 2614 3489 2684 ἔφη
3518 2613 3720 2679 πεσὼν,
3762 2612 3854 2666 δια
3875 2643 3894 2655 ο

2305 2713 2445 2782 σπᾷν
2473 2714 2553 2774 είς
2584 2709 2678 2762 δύο
2705 2709 3100 2779 καταφωρᾶται
3126 2707 3216 2759 τὸν
3245 2708 3360 2772 Eva,
3385 2706 3598 2774 καὶτῆς
3620 2703 3896 2773 ἀκριϐοῦς

2302 2806 2420 2857 κατ’
2469 2803 2630 2856 αὐτὸν
2671 2802 2964 2874 συναφείας
3017 2800 3170 2868 ὀλίγα
3221 2798 3620 2871 πεφροντικώς.
3675 2797 3900 2867 Ἑρωτᾷ

2303 2894 2410 2964 γὰρ
2440 2892 2696 2962 ἀμαθῶς·
2735 2875 2938 2962 Κύριος
2973 2892 3067 2944 καὶ
3102 2893 3131 2945 6
3161 2889 3467 2961 ἅνθρωπος,
3503 2889 3534 2956 ἦ
3565 2885 3660 2952 οὓς
3698 2886 3746 2938 εἰ
3786 2885 3898 2954 μὲν

2300 2979 2392 3035 οῦν
2419 2983 2643 3051 Κύριος,
2687 2981 2903 3051 συνᾴδει
2955 2979 3024 3032 τὰ
3065 2979 3356 3048 λεγόμενα.
3393 2974 3623 3040 Οὐκοῦν,
3659 2978 3709 3028 εί
3742 2975 3897 3028 κατὰ

2300 3069 2398 3140 τὴν
2422 3069 2519 3140 σὴν
2545 3068 2801 3122 ἀσύνετον
2825 3066 3040 3133 πεῦσιν,
3065 3066 3266 3137 Κύριος
3301 3066 3398 3136 μὲν
3425 3065 3454 3118 6
3476 3064 3644 3128 Λόγος
3677 3062 3894 3126 ίδικῶς,

2299 3161 2503 3232 Κύριος
2536 3160 2591 3212 δὲ
2634 3160 2728 3212 καὶ
2760 3160 2787 3212 6
2820 3157 3127 3229 ἄνθρωπος,
3156 3156 3248 3209 δύο
3279 3173 3380 3208 που
3423 3155 3640 3217 πάντως
3679 3152 3730 3206 οἱ
3782 3151 3893 3206 κύ-

2302 3268 2426 3320 ριοι,
2458 3250 2550 3300 καὶ
2579 3248 2704 3300 υἱοί.
2737 3248 2949 3315 Ὀνήσει
2976 3246 3040 3316 δὴ
3069 3241 3161 3298 οῦν
3184 3245 3284 3314 τῆς
3303 3242 3565 3314 ἀκριϐοῦς
3588 3241 3894 3311 συναφείας

2297 3338 2329 3407 ἡ
2361 3335 2586 3404 δύναμις
2620 3337 2740 3386 κατ’
2777 3335 2968 3387 οὐδένα
3013 3334 3212 3403 τρόπον
3256 3333 3383 3394 τοὺς
3424 3331 3891 3395 πεπιστευκότας,

2298 3429 2376 3490 εἴς
2403 3443 2464 3494 γε
2494 3427 2554 3478 τὸ
2591 3425 2791 3496 χρῆναι
2819 3428 2958 3478 νοεῖν
3001 3425 3097 3478 ἕνα
3144 3422 3379 3494 Χριστὸν
3415 3423 3509 3476 καὶ
3539 3421 3746 3493 Κύριον
3788 3425 3894 3478 καὶ

2299 3518 2425 3572 Υἱδν
2453 3517 2588 3586 μετά
2614 3518 2714 3586 τῆς
2744 3515 3038 3586 ένωθείσης
3074 3514 3222 3584 αύτῴ
3253 3514 3474 3585 σαρκός.
3509 3514 3890 3584 Προκειμένου

2297 3608 2404 3680 γὰρ
2431 3609 2525 3661 καὶ
2554 3605 2980 3676 παρενεχθέντος
3018 3607 3098 3667 εἰς
3134 3606 3296 3676 μέσον
3328 3604 3423 3658 τοῦ
3462 3603 3754 3674 προσώπου
3786 3606 3887 3658 τοῦ

2309 3699 2676 3771 Ἐμμανουὴλ,
2701 3698 2803 3751 κᾶν
2833 3699 2885 3750 εἴ
2904 3715 2984 3760 τις
3024 3697 3312 3768 ἄνθρωπον
3341 3696 3510 3764 λέγοι,
3537 3695 3628 3748 τὸν
3652 3697 3713 3748 ὲκ
3742 3693 3888 3749 Θεοῦ

2297 3793 2511 3863 Πατρὺς
2538 3792 2709 3861 Λόγον
2755 3789 2968 3861 μορφὴν
3015 3787 3203 3841 δούλου
3238 3787 3473 3841 λαϐόντα
3506 3785 3753 3856 νοοῦμεν,
3786 3789 3890 3841 καὶ

2295 3889 2358 3942 ὲκ
2386 3888 2494 3940 τῶν
2535 3887 2632 3955 τῆς
2660 3882 2944 3946 κενώσεως
2977 3882 3193 3953 μέτρων
3235 3880 3525 3950 δηλοῦσθαι
3576 3897 3759 3950 φαμεν
3781 3896 3797 3908 ·
3831 3883 3889 3935 εί

2294 3977 2351 4030 δὲ
2383 3977 2445 4048 δὴ
2464 3975 2556 4028 καὶ
2585 3974 2716 4028 Θεὸν
2746 3972 3029 4042 μονογενῆ,
3058 3971 3148 4023 τὸν
3177 3970 3339 4024 αὐτὸν
3358 3965 3497 4023 εἶναι
3530 3968 3888 4034 πιστεύοντες

2295 4069 2404 4141 [ἵσ.
2436 4063 2785 4136 πιστεύομεν]
2823 4063 3286 4135 ὲνηνθρωπηκότα
3328 4079 3389 4114 τε
3419 4061 3520 4132 ήδη
3556 4060 3652 4114 καὶ
3681 4076 3889 4133 σεσαρ-

2294 4160 2560 4229 κωμένον.
2601 4157 2761 4210 Ἀλλά
2791 4157 2919 4228 γὰρ,
2953 4156 3030 4219 ὡς
3063 4155 3220 4224 ἔφην,
3245 4154 3325 4207 ἐνὶ
3351 4152 3414 4221 δὴ
3445 4152 3538 4205 καὶ
3573 4153 3738 4222 μόνῳ,
3782 4155 3887 4208 καὶ

2297 4249 2479 4312 ἰδικῶς
2513 4247 2791 4317 νοουμένῳ
2821 4245 2972 4316 παρά
2997 4238 3087 4297 τὸν
3130 4246 3193 4296 ὲκ
3220 4242 3432 4314 Πατρδς
3465 4243 3636 4309 Λόγον
3668 4240 3885 4313 ἀνθρώ-

2295 4359 2401 4411 πῳ,
2429 4338 2753 4409 προσνέμων
2787 4337 2888 4406 τῆς
2923 4337 3060 4405 μετά
3091 4333 3292 4404 σαρκὸς
3316 4332 3627 4402 οἰκονομίας
3650 4331 3717 4385 τὰ
3744 4349 3887 4388 κατ-

612 4424 862 4491 quisnam
891 4424 961 4476 sit
992 4423 1079 4478 ille
1103 4423 1396 4478 crucifixus
1428 4443 1441 4478 :
1497 4425 1709 4479 Etenim
1756 4430 2045 4497 crucifixus
2101 4444 2186 4486 est

2301 4434 2607 4505 ορθώματα,
2657 4431 2752 4484 καὶ
2799 4430 2960 4483 αὐτὸν
2999 4429 3140 4498 ὑπὲρ
3191 4427 3347 4497 ἡμῶν
3398 4426 3688 4495 ὑπομεῖναί
3738 4442 3881 4497 φησι

609 4526 673 4567 ex
699 4512 1031 4577 infirmitate,
1055 4514 1147 4567 sed
1180 4514 1311 4566 vivit
1336 4528 1400 4567 ex
1436 4514 1636 4569 virtute
1672 4515 1812 4589 Dei.]
1863 4519 1995 4585 Quis
2031 4523 2181 4576 infir-

609 4612 785 4658 matus
819 4614 921 4667 est,
956 4604 1246 4660 literetice?
1289 4605 1451 4660 illene
1520 4607 1664 4662 Deus
1721 4608 1957 4664 Verbum
1986 4613 2182 4668 ilufir-

607 4695 814 4749 unitatis
841 4694 1057 4763 quidem
1092 4695 1268 4751 omnis
1305 4712 1525 4764 prorsus
1555 4713 1749 4768 expers
1777 4716 1805 4753 a
1863 4704 2017 4759 nobis
2059 4721 2177 4761 cre-

607 4785 752 4838 ditur
779 4785 904 4838 illud
941 4799 1004 4839 ex
1041 4785 1150 4840 Deo
1194 4786 1352 4842 Patre
1403 4787 1666 4844 Verbum.
1734 4792 1854 4860 Ipse
1899 4806 1982 4850 est
2035 4799 2180 4852 enim

609 4876 866 4934 Dominus
880 4877 1168 4932 Virtutum.
1195 4876 1299 4931 Sed
1324 4887 1501 4932 tamen
1526 4880 1654 4935 illud
1684 4897 1924 4952 expone;
1956 4891 2181 4944 metuis-

607 4980 673 5019 ne
705 4967 770 5020 de
797 4983 862 5022 eo
895 4969 1227 5023 infirmitatis
1249 4984 1444 5024 nomen
1476 4973 1746 5040 accipere?
1765 4990 1925 5044 quam
1953 4979 2024 5032 ob
2049 4996 2180 5034 cau-

584 5058 756 5111 “sam?
795 5073 915 5112 cum
954 5059 1040 5113 illa
1067 5073 1161 5128 per
1192 5074 1410 5114 carnem
1449 5061 1955 5130 dispensatioillum
1977 5070 2180 5126 eximat

609 5148 678 5210 ab,
711 5150 924 5219 injuria,
959 5152 1170 5205 etiamsi
1229 5152 1502 5221 quidpiam
1527 5169 1715 5222 passus
1741 5171 1860 5212 esse
1879 5159 2089 5214 dicatur
2111 5179 2178 5217 ex

610 5241 694 5294 his
716 5255 835 5311 quae
858 5256 886 5294 a
921 5250 1110 5295 natura
1137 5242 1305 5312 ipsius
1336 5252 1388 5297 et
1411 5243 1580 5312 gloria
1630 5255 1755 5300 sunt
1795 5247 2008 5303 aliena?
2042 5251 2176 5306 Nam

609 5332 651 5384 si
677 5346 796 5384 cmn
823 5333 969 5386 dives
1014 5342 1178 5396 esset,
1224 5348 1428 5403 pauper
1462 5334 1632 5389 factus
1664 5347 1747 5390 est
1783 5338 1864 5404 ",
1924 5350 1978 5394 et
2006 5341 2176 5400 factus

612 5429 693 5475 est
720 5421 892 5476 nostri
918 5422 1111 5476 similis
1146 5421 1318 5476 forma
1353 5423 1491 5476 servi
1515 5434 1782 5492 suscepta,
1837 5429 2046 5483 etiamsi
2098 5433 2179 5485 di-

613 5513 1082 5569 caturinflrmatus
1115 5528 1179 5569 ex
1220 5512 1577 5580 humanitate,
1629 5517 1760 5572 nihil
1801 5519 2016 5577 absurdi
2075 5533 2176 5590 est,

686 5695 730 5725 ⁸³
762 5694 926 5750 lCor.
967 5710 1028 5762 Il,
1073 5696 1124 5750 8.
1200 5697 1244 5728 "
1275 5695 1316 5751 ll
1358 5695 1481 5751 Cor.
1514 5713 1630 5763 t'ttt,
1665 5700 1715 5754 9.

2291 4526 2541 4596 σταυρδν,
2562 4520 2698 4575 εἷναί
2737 4538 2794 4574 τε
2824 4522 2920 4591 τῆς
2952 4519 3109 4587 δόξης
3136 4515 3575 4571 διαϐεϐαιοῦνται
3606 4514 3716 4588 [ῑσ.
3751 4516 3876 4570 δια-

2289 4616 2603 4672 ϐεϐαιοῦται
2636 4614 2653 4685 ]
2682 4612 2911 4683 Κύριον,
2939 4609 3132 4680 γυμνῷ
3159 4609 3416 4677 κτίσματι
3446 4607 3743 4678 περιτιθεὶς
3774 4609 3880 4681 τῆς

2288 4709 2548 4765 ἀνωτάτω
2576 4705 2789 4774 φύσεως
2819 4702 2890 4756 τά
2913 4699 3382 4773 αὐχήματα.Φησὶ
3400 4699 3527 4769 γάρ·
3559 4697 3879 4770 [Ἃκούσω-

2292 4817 2391 4869 μεν
2417 4796 2509 4852 τοῦ
2558 4795 2828 4866 μακαρίου
2863 4793 3087 4855 Παύλου,
3115 4791 3368 4861 φανερῶς
3403 4790 3757 4858 κεκραγότος,
3790 4791 3879 4855 τίς

2286 4895 2431 4944 ἐστιν
2468 4891 2496 4942 ὁ
2527 4885 2960 4957 ἐσταυρωμένος·
2995 4885 3104 4937 Καὶ
3138 4883 3247 4954 γὰρ
3275 4881 3595 4952 ἐσταυρώθη
3627 4880 3686 4947 ἐξ
3713 4881 3878 4938 ἀσθε-

2285 4981 2452 5043 νείας,
2489 4978 2624 5033 ἀλλά
2663 4979 2728 5048 ζῇ
2769 4979 2833 5030 ὲκ
2867 4975 3150 5046 δυνάμεως
3185 4972 3372 5046 Θεοῦ]
3406 4973 3500 5036 Τίς
3525 4972 3873 5044 ἡσθένητεν;

2282 5074 2310 5125 6
2337 5071 2468 5134 Θεὸς
2498 5068 2990 5138 Λόγος,αἱρετικέ;
3031 5066 3342 5128 Ἀσθενείαι,
3398 5063 3495 5134 μὲν
3528 5059 3622 5118 οῦν
3650 5065 3872 5137 ἁπάσης

2283 5165 2549 5234 ἀμέτοχος
2598 5161 2876 5224 παντελῶς
2909 5163 2938 5214 6
2980 5161 3045 5213 ἐκ
3092 5157 3227 5211 Θεοῦ
3271 5156 3486 5228 Πατρὸς
3515 5156 3690 5224 Λόγος
3732 5157 3872 5228 πρὸς

2284 5255 2442 5326 ἡμῶν
2475 5251 2614 5308 εἶναι
2643 5253 2975 5308 πιστεύεται.
3004 5251 3175 5312 Αὐτὸς
3203 5251 3312 5318 γάρ
3341 5252 3488 5303 ἐστιν
3520 5251 3548 5302 6
3570 5248 3676 5317 τῶν
3707 5249 3870 5304 δυνά-

2291 5357 2436 5414 μεων
2465 5344 2688 5415 Κύριος.
2722 5343 2867 5414 Πλὴν
2891 5345 3065 5396 ἐκεῖνο
3107 5341 3342 5411 φράσον·
3373 5339 3548 5403 δέδιας
3580 5339 3669 5392 ἐπ’
3698 5339 3866 5394 αὑτοῦ

2286 5437 2345 5487 τὸ
2387 5436 2486 5504 τῆς
2521 5434 2802 5497 ἀσθενείας
2843 5435 3013 5503 ὄνομα
3041 5433 3256 5498 λαϐεῖν;
3291 5431 3379 5484 διὰ
3431 5430 3590 5484 ποίαν
3641 5431 3862 5496 αίτίανς

2289 5528 2464 5580 καίτοι
2512 5529 2610 5596 τῆς
2646 5528 2782 5597 μετά
2818 5525 3018 5598 σαρκὸς
3055 5524 3369 5594 οἰκονομίας
3407 5538 3498 5575 του
3531 5521 3863 5593 κατεψέχθαι
