4040 6424
126 348 220 400 225

1202 349 1573 405 ADVERSUS
1610 348 2020 404 NESTORIUM
2065 348 2190 404 LIB.
2238 349 2301 401 V.

3297 349 3403 402 226

127 468 225 518 δεῖν
250 466 364 529 ἔξω
389 466 636 535 τιθείσης
668 466 852 531 αὑτὸν,
880 466 979 519 κᾶν
1006 468 1053 519 εί
1085 468 1294 536 λέγοιτό
1318 488 1369 522 τι
1401 471 1590 522 παθεῖν
1616 470 1718 521 τῶν

1827 480 1881 522 ut
1909 469 2051 520 illum
2083 469 2170 536 qui
2203 468 2348 521 dives
2371 478 2507 533 erat,
2529 480 2814 536 pauperem
2839 467 3035 522 factum
3062 467 3399 530 consideres,

125 559 217 607 ὅσα
248 557 381 607 ἐστὶ
410 556 569 625 παρά
616 573 681 624 γε
720 556 820 627 τὴν
858 556 1021 609 αὑτοῦ
1059 557 1221 625 φύσιν
1250 576 1306 611 τε
1332 561 1421 612 καὶ
1457 559 1645 625 δόξαν·
1677 561 1724 610 εἰ

125 649 226 717 γὰρ
256 648 535 708 πλούσιος
578 648 655 700 ῶν
688 648 1024 717 ἐπτώχευσε,
1067 653 1157 702 καὶ
1191 652 1379 719 γέγονε
1425 653 1544 706 καθ’
1578 653 1725 721 ἡμᾶς

126 741 344 808 μορφὴν
376 740 570 791 δούλου
600 740 807 801 λαϐὼν,
836 740 937 792 κᾶν
958 743 1005 793 εί
1029 741 1323 811 ἀσθενῆσαι
1349 743 1559 810 λέγοιτο
1589 742 1727 794 κατά

122 831 175 882 τὸ
205 831 597 899 ἀνθρώπινον,
633 832 695 883 τὸ
744 833 972 894 ἀπεικὸς
1006 834 1180 895 οὐδὲν,
1213 835 1297 886 ἵνα
1341 833 1727 903 πτωχεύσαντα

122 921 339 992 θεωρῇς
370 924 465 974 τὸν
518 923 797 989 πλούσιον,
842 925 900 977 ἐν
929 924 1257 976 ταπεινώσει
1292 926 1384 977 τὸν
1415 925 1638 993 ὑψηλὸν,
1669 926 1725 976 ὲν

120 1016 179 1081 τῇ
212 1013 347 1063 καθ’
394 1014 545 1081 ἡμᾶς
597 1014 857 1083 ἀσθενείᾳ
896 1014 986 1067 τὸν
1018 1015 1128 1067 τῶν
1159 1017 1442 1084 δυνάμεων
1496 1014 1717 1084 Κύριον.

122 1103 533 1171 Τεθαύμασται
563 1104 620 1156 δὲ
654 1105 749 1157 καὶ
772 1106 861 1157 διά
892 1106 1048 1158 τοῦτο
1077 1108 1138 1159 τὸ
1166 1107 1294 1176 περὶ
1320 1105 1484 1158 αὑτοῦ
1515 1106 1721 1175 μυστή-

122 1207 258 1258 ριον.
298 1192 438 1254 Πῶς
485 1193 595 1263 γὰρ
628 1195 721 1245 καὶ
776 1195 1029 1256 πεινῆσαι
1074 1195 1310 1261 λέγεται,
1359 1196 1535 1248 καίτοι
1580 1194 1724 1263 ζωῆς

120 1284 285 1351 ἄρτος
316 1284 598 1353 ὑπάρχων
641 1285 825 1349 αὐτὸς,
856 1286 950 1338 καὶ
985 1286 1049 1338 ἐκ
1082 1285 1175 1338 τοῦ
1206 1286 1435 1355 ούρανοῦ
1459 1284 1722 1348 καταϐάς,

122 1375 209 1425 καὶ
247 1374 408 1445 ζωὴν
438 1375 619 1437 διδοὺς
644 1376 721 1445 τῷ
756 1379 980 1446 κόσμῳ;
1014 1377 1136 1429 τίνα
1167 1376 1367 1447 τρόπον
1398 1376 1725 1430 κεκοπίακεν

1831 562 1977 613 illum
2017 561 2299 613 sublimem
2334 560 2385 612 in
2421 560 2743 625 lmmilitate,
2794 560 2944 614 illum
2994 559 3252 614 virtutum
3292 560 3400 614 Do-

1836 654 2115 705 ntinumin
2153 663 2341 706 nostra
2380 652 2710 707 inﬁrmitate.
2774 650 2947 707 Habet
3001 659 3178 707 autem
3238 652 3402 704 etiam

1830 746 1930 797 hac
1955 758 2021 796 ex
2074 752 2225 809 parte
2267 742 2678 798 admirationem
2724 742 2842 812 ejus
2891 744 3227 813 mysterium.
3270 740 3404 794 Nam

1830 834 2100 902 quomodo
2130 835 2338 888 esurire
2372 835 2584 897 dicitur,
2616 851 2735 889 cum
2773 837 2883 904 ipse
2943 836 3012 889 sit
3068 834 3222 902 panis
3258 834 3400 895 vitae,

1829 934 1929 979 ete
1956 924 2092 978 cmlo
2123 925 2486 988 descenderit,
2519 933 2573 977 et
2608 925 2770 978 vitam
2805 926 2894 978 det
2922 924 3119 976 mundo
3150 920 3239 973 ’7?
3273 936 3405 988 quo-

1831 1012 1989 1066 modo
2016 1011 2271 1081 fatigatus
2304 1021 2471 1067 estex
2497 1013 2711 1079 itinere,
2744 1016 2835 1083 qui
2890 1027 2988 1066 suo
3025 1011 3229 1080 Spiritu
3277 1009 3405 1065 soli-

1831 1102 1925 1156 dat
1954 1103 2122 1157 caelos
2151 1104 2199 1135 ⁸⁸
2226 1103 2247 1156 2
2276 1103 2380 1157 Sed
2406 1119 2512 1158 non
2567 1104 2730 1167 feres.
2786 1114 2843 1157 ut
2880 1103 3170 1157 verisimile
3223 1109 3326 1165 est,
3359 1101 3404 1154 si

1833 1193 1944 1248 haec
1975 1195 2038 1248 de
2071 1194 2185 1263 ipso
2216 1193 2507 1264 Uuigenito
2562 1196 2832 1250 dicantur.
2883 1194 3041 1263 130
3104 1191 3267 1260 Atqui
3314 1202 3403 1244 tua

1831 1285 1995 1338 verba
2019 1286 2287 1341 curiosius
2309 1287 2590 1355 inquirens
2614 1289 2849 1355 reperio,
2907 1289 2957 1339 in
2991 1285 3186 1355 quibus
3214 1293 3401 1353 aperte

1831 1376 1986 1438 dicis,
2023 1387 2275 1447 tanquam
2307 1393 2371 1432 ex
2408 1395 2635 1448 persona
2674 1378 2978 1449 Unigeniti;

121 1469 182 1518 ex
203 1468 307 1536 τῆς
346 1468 683 1540 ὁδοιπορίας,
717 1471 745 1520 6
769 1470 845 1539 τῷ
893 1471 1006 1540 ίδίῳ
1040 1472 1320 1540 Πνεύματι
1358 1472 1594 1541 στερεῶν
1653 1470 1948 1539 ούρανούς;
1986 1471 2123 1523 Ἀλλ’
2162 1474 2262 1525 οὐκ
2290 1474 2451 1543 ἀνέξῃ
2488 1474 2629 1529 κατά
2653 1475 2713 1527 τὸ
2777 1476 2942 1539 είκδς,
2975 1477 3023 1528 εί
3083 1474 3213 1545 περὶ
3237 1473 3401 1528 αὐτοῦ

120 1562 339 1627 λέγοιτο
364 1564 528 1614 ταυτὶ
551 1564 647 1616 τοῦ
673 1565 1034 1632 Μονογενοῦς,
1060 1565 1237 1620 καίτοι
1256 1568 1381 1630 τοὺς
1450 1568 1574 1629 σοὺς
1642 1566 2173 1638 πολυπραγμονήσαῖ
2212 1569 2403 1637 λόγους
2427 1571 2666 1640 εὑρίσκω
2692 1571 2953 1639 λέγοντας
2980 1572 3185 1642 σαφῶς»
3218 1572 3293 1635 ὡς
3337 1572 3402 1623 ἐκ

121 1652 429 1723 προσώπου
466 1652 561 1705 τοῦ
596 1655 953 1721 Μονογενοῦς⁸

191 1748 352 1819 [”Οτι
396 1747 583 1817 μορφὴ
608 1748 744 1800 Θεοῦ
771 1750 1057 1819 ὑπάρχων,
1086 1751 1299 1821 μορφὴν
1325 1751 1722 1823 περιϐέϐλημαι

1896 1746 2138 1801 Νεετοιι.
2164 1746 2361 1817 [Quod,
2392 1763 2513 1802 cum
2536 1750 2637 1802 sim
2669 1749 2759 1803 Dei
2780 1750 2976 1816 forma,
3007 1754 3146 1807 servi
3175 1753 3399 1810 formam

119 1839 310 1894 δούλου
336 1855 349 1867 ·
391 1841 476 1892 ὅτι
503 1839 638 1902 Θεὸς
668 1841 841 1909 Λόγος
872 1839 967 1908 ῶν,
996 1844 1053 1895 ἐν
1088 1843 1252 1914 σαρκὶ
1276 1843 1619 1915 καθορῶμαιο
1643 1845 1722 1897 ὅτι

118 1931 412 1995 δεσπόζων
445 1930 544 1984 τοῦ
588 1932 813 1998 παντὸς,
864 1932 1239 2003 πτωχεύοντος
1278 1933 1344 1986 δι’
1375 1936 1523 2003 ἡμᾶς
1570 1950 1724 2003 περι-

118 2021 409 2091 ϐέϐλημαι
462 2023 789 2094 πρόσωπονο
827 2026 913 2078 ὅτι
966 2024 1166 2077 πεινῶν
1217 2026 1463 2096 ὁρατῶς,
1506 2025 1723 2098 χορηγῶ

118 2116 231 2175 τοῖς
266 2131 336 2166 πε
349 2114 512 2166 ινῶσι
542 2115 799 2186 τροφήν].

748 2253 1003 2308 ΚΕΦΑΛ.
1047 2255 1120 2307 Γ’.

187 2392 323 2455 Πῶς
354 2387 475 2453 οὖν,
507 2391 649 2454 εἰπὲ,
679 2390 741 2443 τὸ
772 2392 870 2459 τῆς
901 2388 1183 2451 ἀσθενείας
1205 2388 1375 2458 ὄνομα
1400 2387 1605 2449 δεδιὼς,
1631 2388 1723 2440 καὶ

120 2482 493 2551 ἀποκομίζων
525 2481 714 2543 αὑτοῦ,
748 2482 851 2533 κᾶν
879 2485 906 2533 6
931 2482 1033 2549 τῆς
1070 2480 1383 2549 οἰκονομίας
1417 2479 1490 2549 μὴ
1529 2478 1715 2547 βούλη-

119 2592 207 2627 ται
248 2576 443 2644 λόγος,
487 2574 651 2627 αὐτὸν
698 2574 834 2641 ἔφης
886 2576 1073 2642 πεινῇν
1124 2573 1222 2641 μὲν
1279 2571 1511 2641 ὁρατῶς,
1557 2571 1723 2639 ἤγουν

120 2667 523 2736 ἀνθρωπίνως,
571 2665 830 2734 χορηγεῖν
874 2662 929 2713 δὲ
963 2660 1159 2722 θεῖκῶς
1197 2663 1309 2722 τοῖς
1340 2659 1563 2711 πεινῶσι
1597 2665 1721 2729 ἐρον

120 2760 258 2829 φήνς
319 2755 456 2827 'Ap'
510 2757 611 2809 οὑκ
661 2752 946 2815 ἀσθενείας
982 2752 1181 2821 τρόπον
1228 2746 1367 2801 εἶναι
1405 2751 1509 2818 φὴς
1541 2749 1626 2811 τὸ,
1666 2751 1722 2799 ἐν

120 2850 302 2920 ἐνδείᾳ
339 2847 606 2916 γενέσθαι
629 2849 860 2915 τροφῆς,
899 2845 989 2896 καὶ
1031 2842 1285 2911 πεινῆσαι
1315 2839 1568 2907 λέγεσθαι
1602 2839 1721 2892 καθ’

118 2945 301 3011 fuit;
357 2940 526 2992 Ἀλλά
562 2941 674 3001 τοῖς
730 2938 971 2988 ἐθέλουσι
1022 2934 1334 3004 φιλοψογεῖν
1381 2931 1722 2995 ἀντιτάξεται

119 3034 366 3102 γενικῶς
407 3033 519 3085 r10'.
546 3028 832 3099 γεννικῶς]
867 3029 965 3097 τῆς
1001 3027 1353 3094 οίκονομίαςὸ
1378 3026 1595 3094 τρόπος.
1634 3025 1724 3075 Δεῖ

1826 1839 1974 1892 indui
2008 1856 2023 1890 :
2061 1840 2226 1907 quod,
2257 1855 2377 1893 cum
2415 1840 2514 1895 sim
2535 1840 2675 1895 Deus
2702 1839 2955 1905 Verbum,
2987 1843 3040 1896 in
3075 1859 3237 1899 carne
3270 1862 3401 1900 con-

1824 1929 2062 1996 spicior:
2094 1930 2259 1998 quod,
2292 1944 2412 1982 cum
2446 1930 2817 1984 universitatis
2839 1932 2937 1984 sim
2971 1932 3400 2003 Dominus.per-

1823 2034 2008 2073 sonam
2036 2020 2285 2087 pauperis
2302 2029 2521 2089 propter
2552 2035 2648 2075 vos
2690 2021 2838 2075 indui
2864 2035 2879 2074 :
2916 2023 3079 2092 quod,
3135 2039 3253 2078 cum
3279 2041 3403 2079 esu-

1824 2111 1959 2165 riam
2007 2110 2314 2177 visibiliter,
2357 2112 2722 2168 esurientibus
2762 2113 2943 2167 cibum
2997 2112 3397 2188 subministr0.]

2459 2248 2608 2302 CAP.
2668 2250 2751 2303 ill.

1894 2382 2173 2447 Quomodo
2211 2384 2385 2453 igitur,
2428 2399 2633 2452 quaeso,
2668 2401 2789 2440 cum
2828 2387 3159 2445 inﬁrmitatis
3198 2405 3394 2446 nomen

1824 2482 2055 2539 metuas,
2088 2484 2143 2527 et
2200 2477 2265 2528 ab
2301 2490 2365 2529 eo
2421 2476 2671 2541 auferas,
2722 2479 2932 2533 etiamsi
2985 2480 3402 2549 dispensationis

1825 2564 1961 2617 ratio
1994 2573 2274 2633 repugnet,
2303 2566 2473 2634 ipsum
2507 2566 2643 2621 dicis
2688 2569 2895 2623 esurire
2953 2571 3237 2626 visibiliter
3303 2588 3398 2628 seu

1825 2657 2155 2721 humanitus,
2208 2658 2622 2713 subministrare
2676 2669 2855 2714 tamen
2912 2662 3172 2718 divinitus
3221 2665 3397 2719 cibum

1824 2747 2222 2802 esurientibus?
2250 2750 2328 2802 An
2360 2764 2488 2803 vero
2518 2751 2848 2805 inﬁrmitatis
2881 2769 3048 2822 genus
3074 2770 3193 2809 esse
3237 2774 3401 2826 negas

1825 2839 1966 2904 quod
2000 2839 2119 2892 cibo
2150 2839 2398 2908 indiguit,
2456 2842 2677 2907 etquod
2722 2844 2931 2897 esurire
2974 2845 3170 2899 dicitur
3216 2859 3401 2903 nostro

1827 2929 2013 2981 more?
2042 2930 2145 2983 Sed
2176 2932 2483 2998 vituperare
2524 2933 2827 2987 volentibus
2852 2936 2959 3002 ipse
2984 2937 3401 3004 dispensationis

1826 3021 2015 3073 modus
2038 3019 2249 3073 fortiter
2280 3023 2522 3075 obsistet.
2557 3023 2811 3091 Cogimur
2841 3040 2969 3093 ergo
3020 3027 3100 3080 vel
3157 3029 3200 3081 si
3252 3030 3400 3082 illum

119 3130 302 3180 τοίνυν
340 3128 518 3197 ἡμᾶς,
556 3124 588 3195 ἢ
640 3122 859 3175 πάντων
908 3120 1070 3171 αὑτὸν
1102 3118 1208 3169 τῶν
1263 3116 1614 3184 ἀνθρωπίνως
1660 3131 1717 3165 τε

1827 3113 1891 3165 ab
1908 3114 2156 3166 omnibus
2186 3128 2302 3180 qua:
2333 3130 2396 3166 ex
2435 3112 2668 3168 humana
2704 3117 3014 3171 conditione
3042 3128 3097 3171 et
3119 3120 3404 3175 humiliter

119 3220 208 3271 καὶ
256 3214 710 3287 σμικροπρεπῶς
765 3210 1072 3281 εἰρημένων
1114 3208 1583 3277 ἁποκομίζοντας,
1630 3206 1721 3257 ἀν-

120 3311 333 3380 θρώπῳ
389 3308 532 3377 ψιλῷ
588 3304 927 3375 περιτιθέναι
978 3300 1048 3354 τὰ
1104 3300 1279 3353 τοιάδε
1333 3298 1442 3351 τῶν
1499 3295 1717 3349 παθῶνσ

120 3402 289 3469 ἤγουν
321 3397 741 3464 ἐννενοηκότας,
779 3397 861 3447 ὅτι
890 3394 1019 3454 Θεὸς
1051 3390 1145 3451 ῶν,
1178 3391 1368 3459 γέγονε
1398 3388 1519 3441 καθ’
1552 3389 1718 3458 ἡμᾶς,

120 3493 315 3561 ἁπαθῆ
356 3492 458 3559 μὲν
505 3488 771 3557 ὑπάρχειν
812 3484 975 3538 αὐτὸν
1004 3484 1308 3553 ὁμολογεῖν,
1343 3481 1486 3533 κατά
1531 3496 1593 3547 γε
1627 3478 1721 3548 τὴν

119 3586 216 3655 τῆς
254 3583 526 3651 θεότητος
560 3578 758 3648 φύσινο
802 3576 995 3628 παθεῖν
1040 3576 1095 3626 δὲ
1137 3574 1271 3644 πρὸς
1316 3572 1491 3641 τούτῳ
1521 3571 1718 3637 λέγειν,

121 3676 216 3745 τὴν
258 3673 414 3743 ὑπὲρ
446 3672 607 3741 ἡμῶν
638 3668 947 3731 ἀσθένειαν,
980 3668 1120 3719 κατὰ
1151 3665 1211 3717 τὸ
1241 3664 1601 3733 ἀνθρώπινον,
1629 3667 1722 3717 καὶ⁷

122 3766 267 3818 κατά
325 3782 392 3831 γε
448 3762 546 3832 τὴν
584 3762 766 3831 σάρκα
813 3758 974 3828 φημί.
1032 3757 1185 3809 Ἐπεὶ
1227 3756 1432 3826 φράσον
1477 3756 1723 3826 ἐρομένῳ

124 3858 316 3919 πάλιν,
349 3852 741 3923 ἐσταυρῶσθαί
779 3867 941 3921 φησιν
987 3849 1148 3903 αὐτὸν
1179 3848 1236 3913 ἐξ
1270 3847 1556 3907 ἀσθενείας
1580 3850 1606 3899 6
1637 3846 1724 3899 65-

126 3948 356 4009 σπέσιος
392 3944 607 4005 Παῦλος
629 3958 641 3969 ·
677 3941 947 4010 ἀποφέρει
977 3940 1031 3992 δὲ
1060 3939 1218 4000 αὐτὸς
1250 3937 1343 3989 τοῦ
1388 3937 1520 3990 Θεοῦ
1549 3938 1721 4003 Λόγου

130 4040 187 4089 τὸ
214 4038 437 4107 χρῆμα,
463 4034 684 4105 μικρὸν,
710 4028 865 4101 οἶμαί
904 4048 1028 4093 που,
1058 4031 1150 4083 καὶ
1179 4030 1435 4091 δυσκλεὲς
1467 4026 1603 4081 εἶναι
1635 4030 1721 4081 λέ-

124 4146 256 4194 γων,
295 4129 393 4180 καὶ
426 4128 530 4177 οὐκ
557 4124 707 4187 ἄξιον
746 4122 911 4174 αὑτοῦ
936 4138 948 4150 θ
995 4122 1182 4191 ’ἐτερος
1217 4116 1309 4171 οῦν
1346 4121 1471 4188 παρ’
1507 4120 1668 4171 αὑτὸν
1698 4122 1725 4170 6

126 4217 577 4288 ἐσταυρωμένος,
610 4214 667 4265 ὃν
699 4213 791 4265 καὶ
821 4213 915 4280 τῆς
954 4211 1110 4279 δόξης
1134 4209 1339 4278 Κύριον
1367 4210 1394 4260 ό
1426 4209 1564 4271 θεῖος
1594 4210 1723 4278 ἡμῖν

130 4310 501 4380 μυσταγωγὸς
553 4305 856 4366 ἀποκαλεῖ,
902 4303 1111 4371 λέγων·
1146 4321 1162 4351 ι
1209 4300 1268 4353 Εἰ
1311 4300 1418 4371 γὰρ
1457 4301 1721 4368 ἔγνωσαν,

126 4405 224 4455 οὐκ
259 4402 328 4453 Ξιν
356 4399 449 4451 τὸν
480 4397 688 4465 Κύριον
714 4395 813 4463 τῆς
844 4393 1000 4460 δόξης
1030 4391 1403 4461 ἐσταύρωσαν.
1432 4410 1449 4441 ι
1474 4388 1541 4441 τΑ
1555 4393 1601 4460 ρ’
1631 4387 1724 4443 οὖν

132 4496 417 4563 μεμένηκε
462 4490 563 4558 τῆς
598 4486 755 4554 δόξης
798 4486 1004 4553 Κύριος
1040 4486 1067 4535 ὁ
1098 4482 1365 4552 ἠθετικὼς
1416 4482 1524 4550 [Ion
1562 4482 1724 4550 ἡσθε-

129 4584 360 4657 νηκὼς],
394 4582 493 4636 καὶ
522 4582 583 4631 τὸ
608 4577 865 4639 δυσκλεὲς
888 4576 949 4644 δὴ
979 4574 1159 4637 τοῦτο,
1188 4574 1281 4626 καὶ
1314 4575 1723 4643 σμικροπρεπές

131 4676 436 4746 ὑπομείνας
471 4671 689 4733 πάθος;
734 4670 796 4720 Εἰ
850 4668 947 4735 μὲν
982 4662 1073 4719 οὖν
1108 4666 1434 4735 μεμένηκεν,
1468 4665 1722 4734 οὐδεμίαν

131 4769 240 4838 ἔχει
271 4766 367 4817 τοῦ
396 4758 747 4817 ἀσθενείσθαι
777 4755 999 4825 ζημίαν.
1032 4754 1156 4816 Πῶς
1186 4749 1277 4807 οὖν
1310 4752 1486 4812 δέδιας
1513 4753 1602 4805 τὸν
1628 4753 1721 4805 τοῦ

130 4859 264 4912 Θεοῦ
298 4858 475 4923 Λόγον
506 4856 561 4904 ἐν
591 4850 803 4911 τούτοις
842 4848 1097 4914 γενέσθαι
1122 4847 1302 4914 λέγειν
1326 4846 1719 4914 οἰκονομικῶς;

135 4952 192 5001 Ei
226 4950 287 5002 δὲ
321 4942 640 5000 ἀπώλισθεν
668 4940 885 5010 ἀληθῶς
911 4938 1002 4990 τοῦ
1032 4937 1298 5007 ὑπάρχειν
1334 4936 1413 4988 ἔτι
1438 4937 1537 5005 τῆς
1566 4936 1723 5006 δόξης

134 5044 362 5112 Κύριος,
396 5032 503 5091 ὧδέ
541 5051 601 5087 τε
640 5034 785 5101 ἔχειν
815 5032 971 5083 τοῦτο
1020 5029 1420 5084 διαϐεϐαιοῦται
1463 5047 1564 5091 τις,
1593 5028 1721 5081 δυσ-

137 5134 355 5193 σεϐείας
396 5131 497 5197 τῆς
544 5127 811 5179 ἀνωτάτω
856 5124 949 5176 καὶ
984 5122 1127 5192 μάλα
1188 5123 1412 5185 εἰκότως
1462 5122 1724 5189 ὑπομενεί

135 5230 229 5297 τὴν
256 5227 481 5297 γραφήν
498 5242 509 5253 ·
543 5220 833 5288 «Κάμπτει
862 5218 967 5287 γὰρ
989 5216 1136 5285 αύτῷ
1158 5218 1264 5267 πᾶν
1282 5215 1427 5282 γόνυ,
1457 5215 1548 5265 καὶ
1575 5214 1723 5264 πᾶσα

138 5321 361 5387 γλῶσσα
414 5315 895 5385 ἐξομολογήσεται,
945 5310 1027 5361 ὅτι
1079 5307 1279 5377 Κύριος
1346 5306 1550 5376 Ἰησοῦς
1592 5305 1726 5373 Χρι-

142 5414 261 5474 στὸς
312 5413 390 5473 είς
435 5408 599 5472 δόξαν
639 5403 776 5457 Θεοῦ
813 5402 1045 5473 Πατρός.
1084 5419 1103 5451 ι
1159 5398 1565 5469 Κατευρύνεται
1618 5395 1725 5464 γάρ

144 5505 357 5572 ἁπάσης
406 5505 508 5571 τῆς
561 5500 655 5551 ὑπ’
692 5494 921 5566 οὐρανὸν
970 5494 1002 5563 ἡ
1050 5491 1175 5556 δόξα
1224 5490 1481 5561 Χριστοῦ,
1529 5489 1726 5541 παθόν-

143 5614 227 5657 τος
276 5596 416 5664 ὑπὲρ
468 5591 626 5661 ἡμῶν
665 5588 863 5659 σαρκὶ,
923 5584 1066 5638 καθά
1123 5582 1439 5643 πλειστάκις
1495 5581 1725 5649 εἰρήκα-

215 5775 257 5805 ⁸’
283 5771 439 5829 Joau.
466 5787 538 5837 νι,
572 5768 763 5823 35-51.
869 5766 911 5798 ⁵⁸
935 5763 1036 5820 Job
1064 5779 1210 5830 sxw,
1256 5764 1338 5815 15.

1417 5762 1461 5794 ⁵³
1494 5758 1533 5811 ll
1560 5759 1685 5815 Cor.
1722 5774 1840 5826 xm,
1870 5759 1921 5813 4.
1979 5759 2069 5813 "1
2105 5760 2230 5815 Cor.
2262 5776 2321 5825 ιι,
2346 5760 2396 5814 8.

1824 3205 1964 3257 dicta
1992 3216 2135 3268 sunt,
2159 3208 2399 3261 eximere
2420 3207 2691 3273 volumus,
2712 3209 2853 3263 nudo
2880 3210 3082 3264 homini
3115 3212 3212 3266 has
3270 3229 3397 3281 pas-

1823 3296 2002 3349 siones
2034 3298 2308 3351 tribuere:
2337 3299 2419 3352 vel
2452 3301 2494 3352 si
2522 3301 2826 3368 cogitamus
2880 3301 3053 3363 illum,
3090 3318 3211 3357 cum
3265 3303 3405 3359 Deus

1822 3388 2192 3450 esset,factum
2224 3404 2342 3443 esse
2367 3392 2534 3444 nostri
2566 3392 2822 3453 similem,
2852 3392 3102 3447 conﬁteri
3128 3410 3248 3449 esse
3277 3397 3400 3465 qui-

1824 3481 1944 3533 dem
1976 3481 2328 3547 impatibilem
2352 3496 2417 3534 ex
2438 3492 2627 3537 natura
2660 3484 2982 3549 divinitatis,
3025 3486 3116 3539 sed
3140 3497 3401 3553 praeterea

1825 3571 2007 3625 dicere
2041 3586 2255 3639 passum
2278 3587 2397 3626 esse
2425 3587 2522 3641 pro
2553 3574 2707 3627 nobis
2761 3574 3134 3631 inﬁrmitatem
3183 3594 3245 3631 ex
3304 3579 3403 3631 hu—

1825 3676 1982 3714 mana
2017 3672 2235 3725 natura,
2266 3663 2517 3716 nimirum
2538 3676 2601 3716 ex
2626 3664 2935 3719 conditione
2962 3670 3159 3722 carnis.
3182 3669 3395 3737 Alioqui

1825 3768 2033 3821 expone
2062 3755 2293 3821 roganti,
2321 3755 2362 3806 si
2385 3754 2578 3821 placet.
2638 3754 2971 3809 Crucilixum
3014 3757 3163 3810 illum
3202 3774 3268 3812 ex
3321 3762 3405 3812 in-

1827 3842 2079 3897 ﬁrmitate
2107 3844 2233 3895 dicit
2261 3845 2462 3898 beatus.
2478 3842 2677 3897 Paulus
2704 3845 2782 3907 ";
2818 3856 3037 3899 amovet
3072 3857 3253 3901 autem
3288 3848 3404 3917 ipse

1826 3936 1961 3989 hanc
1996 3951 2105 3989 rem
2132 3950 2160 3988 a
2187 3935 2295 3989 Deo
2331 3936 2529 4000 Verbo,
2559 3936 2699 4004 quod
2722 3937 2967 4005 exiguam
3002 3952 3121 3991 esse
3162 3950 3217 3991 et
3241 3940 3398 3992 vilem

1826 4027 1991 4091 dicat,
2024 4037 2159 4081 eteo
2190 4029 2485 4095 indignam.
2506 4030 2655 4082 Alius
2687 4045 2816 4099 ergo
2843 4032 2946 4085 erit
2976 4033 3042 4086 ab
3067 4046 3132 4086 eo
3169 4034 3257 4086 ille
3278 4049 3404 4087 cru-

1826 4116 2039 4178 ciﬁxus,
2072 4132 2229 4185 quem
2259 4120 2422 4171 etiam
2451 4118 2635 4188 gloriae
2692 4119 2980 4173 Dominum
3036 4123 3249 4176 divinus
3316 4123 3406 4177 ille

1827 4211 2087 4276 magister
2113 4210 2367 4277 appellat,
2403 4212 2622 4267 dicens:
2659 4230 2677 4262 ι
2717 4210 2771 4265 Si
2801 4212 2945 4266 enim
2996 4216 3402 4283 cognovissent,

1829 4313 2097 4366 nunquam
2132 4300 2417 4352 Dominum
2450 4299 2634 4368 gloriae
2662 4304 3069 4357 cruciﬁxissent
3098 4305 3163 4358 ⁸⁸.
3208 4324 3227 4357 ι
3265 4305 3401 4362 Num

1827 4404 1957 4458 ergo
1976 4392 2172 4442 mansit
2206 4390 2464 4446 Dominus
2486 4392 2669 4459 gloriae
2729 4394 2819 4461 qui
2863 4394 3167 4450 inﬁrmatus
3198 4408 3298 4463 est,
3352 4409 3406 4453 et

1831 4482 1919 4549 qui
1949 4482 2437 4536 adeoindeccntem
2491 4493 2542 4536 et
2571 4484 2826 4537 humilem
2884 4486 3193 4551 passionem
3241 4492 3406 4544 susti—

1832 4573 1988 4624 nuit?
2018 4571 2072 4625 Si
2107 4574 2321 4635 mansit,
2358 4572 2555 4625 nullam
2586 4590 2648 4626 ex
2680 4590 2742 4628 eo
2769 4577 2909 4643 quod
2950 4576 3252 4631 inﬁrmatus
3299 4590 3402 4643 est,

1825 4662 2091 4729 jacturam
2120 4662 2265 4715 fecit.
2301 4663 2410 4715 Cur
2440 4678 2566 4731 ergo
2598 4664 2789 4717 metuis
2822 4664 3024 4728 dicere,
3050 4665 3141 4721 Dei
3171 4666 3404 4723 Verbum

1830 4755 1895 4807 ad
1928 4754 2040 4807 haec
2070 4754 2461 4822 dispensatoria
2484 4754 2694 4806 ratione
2744 4755 3129 4810 descendisse?
3176 4758 3270 4811 Sin
3318 4777 3403 4813 rc—

1830 4860 1955 4899 vera
1993 4847 2225 4913 perdidit
2262 4862 2326 4899 ne
2362 4856 2505 4899 esset
2544 4846 2679 4899 ultra
2706 4860 2794 4897 rex
2839 4845 3042 4913 gloriae,
3075 4857 3127 4901 et
3182 4850 3259 4902 sic
3290 4867 3402 4903 rem

1830 4954 1889 4993 se
1946 4940 2145 4991 habere
2202 4939 2469 5005 quispiam
2531 4938 2760 5000 asserit,
2826 4953 3051 4993 summa
3112 4941 3403 5005 impietatis

1830 5032 2031 5085 crimen
2063 5032 2255 5084 merito
2285 5032 2595 5083 sustinebit.
2639 5049 2656 5080 ι
2691 5029 2951 5083 Flectitur
2983 5030 3127 5082 enim
3155 5030 3253 5099 ipsi
3287 5049 3398 5083 Olli-

1832 5136 2086 5192 ne-genu,
2120 5132 2174 5175 et
2198 5123 2383 5175 omnis
2409 5122 2587 5187 lingua
2642 5121 2988 5175 conﬁtebitur
3035 5123 3158 5189 quia
3219 5124 3395 5175 Domi-

1836 5229 1937 5267 nus
1971 5212 2128 5267 Jesus
2156 5212 2426 5278 Christus,
2471 5213 2521 5265 in
2560 5212 2783 5280 gloriam
2825 5213 2916 5265 Dei
2943 5210 3116 5264 Patris
3140 5212 3203 5265 “.
3248 5232 3267 5263 ι
3304 5212 3403 5265 Per

1830 5306 2143 5359 universum
2174 5307 2316 5358 enim
2358 5306 2541 5358 orbem
2602 5314 2867 5357 terrarum
2934 5302 3192 5357 dilatatur
3232 5304 3400 5371 gloria

1830 5396 2163 5464 Christi,qui
2199 5412 2384 5464 passus
2413 5406 2496 5451 est
2550 5412 2647 5464 pro
2706 5397 2861 5449 nobis
2922 5411 3103 5458 carne,
3164 5407 3218 5450 ut
3261 5413 3401 5465 saepe

1832 5488 2082 5542 diximus.
2111 5490 2242 5541 Cum
2282 5489 2441 5557 igitur
2476 5490 2630 5541 audis
2659 5489 2930 5541 hominem
2976 5489 3177 5557 Spiritu
3212 5501 3400 5541 sancto

1834 5579 2281 5648 plenumdicere:
2322 5601 2338 5631 ι
2380 5581 2685 5635 Crucilixus
2719 5591 2801 5635 est
2834 5597 2895 5635 ex
2927 5581 3267 5647 inﬁrmitate,
3305 5581 3398 5635 sed

2475 5763 2515 5792 ⁶¹
2552 5760 2781 5829 Philipp.
2827 5776 2887 5828 ιι,
2920 5762 3004 5815 10.
