4040 6426
662 343 768 398 227

1653 341 1708 394 S.
1751 335 2027 394 CYlilLLl
2066 329 2536 391 ALEXANDRINI
2577 324 2902 385 ARCIIIEP.

3818 319 3933 372 228

663 457 798 512 vivit
819 472 884 511 ex
912 456 1107 510 virtute
1142 454 1231 509 Dei
1255 473 1270 522 ;
1305 471 1324 506 ο
1356 453 1441 524 pie
1462 451 1665 508 dictum
1690 449 2100 522 iutellige.Nam
2120 463 2243 518 pas-

2355 462 2467 515 μεν.
2521 443 2688 496 Ὅταν
2741 435 2834 493 οῦν
2875 435 3115 507 ἀκούσῃς
3169 433 3261 487 τοῦ
3327 431 3778 503 Πνευματοφόρου
3837 429 3935 482 λέ-

665 564 786 604 sum
818 549 951 603 dicit
975 549 1307 613 humanitus,
1337 546 1588 616 quamvis
1619 555 1868 600 naturam
1893 543 2046 614 131
2074 543 2240 598 habe-

664 650 746 695 ret
776 656 999 710 prorsus
1022 655 1053 695 a
1073 639 1332 710 patiendo
1363 648 1649 693 remotam.
1683 637 1929 706 Cumque
1953 638 2033 691 sic
2062 651 2120 690 se
2145 636 2241 689 ha-

663 732 836 795 beret,
863 732 1127 785 inﬁrmari
1158 745 1377 785 carnem
1396 729 1673 793 sustinuit,
1695 739 1748 782 et
1776 727 2238 782 humanitusmori

662 841 784 878 cum
817 825 1192 887 sustinuisset,
1229 824 1490 877 divinitus
1540 822 1758 882 revixit,
1777 835 1897 872 cum
1917 818 2032 886 ipse
2084 832 2240 872 suum

664 915 991 969 viviﬁcasset
1017 916 1296 984 templum,
1322 925 1506 983 utpote
1535 913 1707 966 virtus
1751 910 1950 964 Patris.
1981 910 2138 963 Certe
2162 909 2244 962 in-

663 1016 843 1061 stante
859 1005 971 1073 jam
1009 1016 1252 1074 tempore
1269 1021 1379 1075 quo
1407 1019 1622 1058 crucem
1651 1019 1749 1073 pro
1779 1001 1935 1077 nobis
1968 1010 2083 1055 erat
2114 1001 2242 1054 sub.

668 1099 865 1164 iturus,
897 1099 1087 1154 abiens
1126 1099 1327 1163 oravit,
1369 1099 1590 1152 dicens:
1630 1115 1647 1148 ι
1678 1095 1857 1161 Pater,
1894 1095 1938 1149 si
1981 1093 2240 1162 possibile

665 1199 768 1255 est,
798 1199 1040 1244 transeat
1079 1205 1108 1243 a
1150 1205 1236 1244 me
1289 1187 1428 1242 calix
1456 1189 1578 1241 iste.
1616 1204 1635 1237 ι
1675 1184 1888 1253 Adjecit
1909 1185 2073 1238 etiam
2113 1183 2244 1236 illud

666 1282 733 1334 ad
767 1282 924 1335 tinem
955 1282 1223 1335 orationis
1258 1298 1272 1333 :
1320 1298 1338 1331 ι
1379 1279 1768 1332 Verumtamen
1813 1290 1917 1329 non
1951 1275 2094 1330 sicut
2143 1289 2243 1340 ego

667 1371 809 1432 volo,
836 1370 930 1424 sed
962 1371 1102 1425 sicut
1137 1380 1188 1424 tu
1215 1372 1282 1423 °'.
1315 1387 1335 1422 ι
1372 1367 1636 1434 Quoniam
1661 1381 1791 1421 vero
1819 1365 2008 1430 semel,
2052 1378 2244 1433 quam—

665 1463 746 1516 vis
788 1463 1133 1530 omnipotens
1169 1460 1399 1516 Verbum
1435 1475 1498 1515 ac
1529 1461 1668 1513 Deus
1695 1466 1857 1522 esset,
1891 1467 2129 1510 nostram
2158 1456 2242 1509 in-

667 1553 982 1608 ﬁrmitatem
1016 1553 1200 1608 subire
1223 1553 1430 1618 statuit,
1462 1551 1587 1605 facti
1630 1564 1852 1605 causam
1880 1558 1935 1601 ut
1971 1548 2238 1609 redderet,

665 1661 878 1700 summo
910 1644 1330 1715 dispensationis
1359 1642 1583 1696 consilio
1614 1641 1688 1694 ait
1721 1658 1734 1693 :
1797 1659 1812 1690 ι
1850 1639 2085 1706 Spiritus
2123 1636 2243 1705 qui-

666 1741 787 1793 dem
821 1747 1120 1808 promptus,
1149 1753 1274 1792 caro
1306 1744 1484 1790 autem
1524 1735 1734 1789 inﬁrma
1760 1733 1824 1785 ”.
1867 1753 1885 1784 ι
1946 1731 2239 1786 Considera

666 1833 832 1901 igitur
861 1841 918 1884 ut
941 1831 1073 1884 nihil
1109 1831 1220 1900 ipse
1250 1828 1514 1896 deiectus,
1551 1842 1733 1894 neque
1779 1825 1940 1879 etiam
2008 1823 2240 1876 inﬁrmi-

668 1933 833 1978 tatem
863 1924 915 1978 in
949 1939 1099 1978 suam
1133 1933 1380 1976 naturam
1406 1920 1724 1989 suscipiens,
1762 1917 2030 1972 concessit
2090 1917 2240 1970 carni

666 2027 765 2082 per
798 2028 923 2066 suas
955 2013 1199 2082 proprias
1229 2011 1369 2080 leges
1403 2023 1664 2078 pergere:
1722 2017 1776 2061 et
1830 2007 1999 2074 ipsius
2041 2019 2101 2059 ea
2161 2019 2244 2057 res

661 2103 886 2171 dicitur,
931 2113 1213 2174 propterea
1242 2101 1382 2170 quod
1420 2101 1696 2170 proprium
1725 2107 1808 2153 est
1853 2099 1969 2168 ejus
2023 2111 2240 2164 corpus.

666 2195 835 2265 Igitur
862 2196 1133 2250 hominem
1164 2195 1379 2264 quidem
1413 2195 1588 2262 ipsum
1635 2191 1788 2246 nobis
1843 2189 2081 2245 ostendit
2128 2189 2243 2257 ipsa

666 2284 849 2338 carnis
887 2284 1198 2348 inﬁrmitas,
1247 2282 1338 2337 sed
1373 2283 1540 2335 Deum
1604 2280 1938 2336 inﬁrmitatis
1999 2281 2242 2349 ignarum

668 2375 983 2444 agnovimus
1016 2376 1066 2428 in
1095 2391 1159 2430 eo
1184 2376 1325 2443 quod
1353 2382 1578 2429 mortem
1613 2372 1756 2426 haud
1817 2380 1898 2426 est
1933 2384 2242 2440 perpessus,

668 2475 779 2521 eta
826 2466 1044 2535 proprio
1097 2480 1324 2534 corpore
1366 2464 1766 2533 corruptionem
1851 2462 2064 2531 repulit.
2126 2459 2244 2514 Vita

669 2569 904 2624 namque
921 2564 1004 2609 est
1039 2562 1094 2608 et
1118 2556 1294 2608 virtus
1315 2553 1516 2608 Patris.
1551 2552 1685 2606 Nam
1719 2553 1861 2620 quod
1893 2552 2034 2605 illam
2077 2551 2131 2604 iu
2162 2550 2246 2604 his

671 2649 834 2702 rebus
868 2647 1242 2701 inﬁrmitatem
1274 2648 1539 2701 insuetam
1568 2645 1671 2700 sibi
1699 2653 1754 2700 et
1806 2644 2243 2706 involuntariam,

671 2735 865 2791 fecerit
898 2736 1261 2790 voluntariam
1302 2738 1352 2790 in
1384 2734 1474 2789 Dei
1505 2744 1560 2789 et
1583 2734 1758 2788 Patris
1780 2733 2138 2801 beneplacito,
2185 2740 2246 2784 ut

671 2828 877 2884 salvum
901 2825 1102 2882 faceret
1131 2827 1317 2882 orbem
1357 2836 1645 2889 terrarum,
1706 2824 1923 2879 docebit
1961 2824 2075 2892 ipse
2123 2838 2244 2878 cum

672 2919 803 2973 dicit
838 2935 855 2979 ξ
884 2937 902 2970 ι
941 2917 1073 2985 Quia
1114 2917 1365 2972 descendi
1391 2919 1456 2972 de
1488 2917 1648 2982 caelo,
1687 2933 1792 2971 non
1825 2927 1882 2969 ut
1911 2916 2101 2969 faciam
2150 2930 2247 2967 vo-

673 3008 939 3062 luntatem
997 3022 1196 3073 meam,
1254 3009 1349 3062 sed
1413 3007 1743 3061 voluntatem
1804 3007 1922 3074 ejus
1963 3005 2053 3074 qui
2103 3004 2249 3058 misit

674 3117 761 3157 me
795 3121 808 3157 :
842 3112 900 3156 ut
922 3116 1082 3157 omne
1104 3102 1244 3171 quod
1265 3101 1457 3156 dedisti
1486 3101 1640 3166 mihi,
1681 3114 1788 3154 non
1820 3099 2038 3168 perdam
2067 3112 2130 3152 ex
2159 3114 2243 3161 eo,

675 3195 768 3250 sed
794 3197 1109 3250 resuscitem
1138 3194 1270 3247 illud
1319 3194 1371 3247 in
1421 3192 1716 3246 novissimo
1778 3189 1866 3244 die
1911 3189 1977 3246 “.
2019 3209 2037 3241 ι
2081 3190 2245 3258 Atqui

675 3302 913 3356 quonam
946 3287 1128 3352 modo,
1160 3286 1202 3340 si
1235 3286 1452 3355 quidem
1484 3285 1621 3339 bona
1659 3293 1743 3337 est
1774 3281 1955 3336 Patris
1977 3283 2248 3344 voluntas,

676 3378 902 3432 alteram
933 3387 1108 3430 tamen
1134 3373 1518 3444 proculdubio
1541 3375 1737 3428 bimam
1771 3372 2043 3441 propriam
2065 3385 2121 3424 se
2154 3371 2244 3424 ha-

676 3469 809 3524 bere
831 3470 899 3523 ab
947 3468 1037 3522 illa
1065 3469 1334 3522 diversam
1361 3467 1693 3519 voluntatem
1721 3465 1852 3518 dicit
1885 3462 2055 3517 Filius
2076 3462 2098 3515 ?
2119 3462 2252 3516 Nam

677 3560 722 3612 si
754 3560 934 3613 minus
963 3568 1044 3613 est
1073 3559 1267 3621 bonus,
1312 3556 1587 3626 quomodo
1631 3556 1806 3622 imago
1851 3556 1962 3624 jam
1995 3565 2046 3608 et
2085 3553 2255 3623 ﬁgura

678 3648 792 3718 ejus
809 3648 1092 3705 creditur?
1122 3647 1389 3717 quomodo
1427 3646 1552 3699 item
1587 3659 1715 3699 vere
1751 3644 1892 3698 dicet
1924 3660 1937 3695 :
1994 3661 2011 3693 ι
2058 3643 2168 3712 Ego
2204 3653 2256 3696 et

682 3742 843 3796 l’ater
873 3757 1035 3794 unum
1061 3754 1249 3794 sumus
1267 3737 1353 3792 "‘i
1383 3756 1401 3789 ι
1431 3746 1485 3790 et
1515 3755 1529 3791 :
1573 3757 1588 3786 ι
1636 3737 1734 3800 Qui
1792 3736 1928 3789 vidit
1973 3750 2088 3801 me,
2124 3735 2258 3788 vidit

678 3843 734 3888 et
761 3831 974 3887 Patrem
1011 3831 1094 3884 "i
1134 3850 1152 3881 ι
1189 3830 1374 3899 Neque
1400 3830 1540 3885 enim
1571 3830 1854 3898 quisquam
1892 3829 1943 3880 in
1999 3827 2140 3880 haud
2163 3829 2256 3881 bo-

679 3937 751 3976 no
781 3922 958 3975 videat
989 3937 1110 3974 eum
1145 3921 1240 3989 qui
1265 3936 1328 3974 ex
1358 3928 1550 3972 natura
1581 3920 1652 3972 sit
1679 3919 1870 3970 benus.
1901 3916 2064 3984 Atqui
2090 3917 2261 3970 bonus

679 4013 722 4068 F
728 4013 850 4067 ilius
870 4027 939 4066 ex
970 4013 1111 4067 bono
1145 4019 1367 4065 exortus
1399 4020 1484 4064 est
1507 4007 1689 4071 Patre,
1720 4019 1911 4077 estque
1943 4006 2059 4074 ejus
2080 4005 2260 4074 imago

682 4103 828 4157 nulla
859 4103 914 4156 in
948 4117 1004 4157 re
1034 4102 1102 4154 ab
1123 4116 1187 4155 eo
1215 4101 1459 4154 varians.
1482 4099 1727 4165 Quanam
1766 4099 1927 4167 igitur
1982 4096 2261 4150 voluntate

679 4195 866 4249 relicta
903 4210 1062 4264 quam
1098 4209 1248 4247 suam
1279 4209 1401 4249 esse
1437 4193 1657 4258 fatetur,
1709 4191 1886 4245 Patris
1917 4190 2252 4242 voluntatem

681 4302 740 4341 se
769 4286 962 4341 fecisse
1000 4286 1164 4340 dicit?
1196 4285 1434 4354 Proprize
1489 4283 1670 4339 carnis
1724 4290 1900 4338 morte
1935 4280 2262 4334 liberaturus

681 4391 799 4433 erat
825 4395 946 4433 mox
976 4393 1071 4433 eos
1115 4393 1144 4430 a
1173 4389 1348 4432 morte
1376 4378 1469 4446 qui
1504 4375 1580 4430 illi
1609 4383 1764 4430 erant
1797 4372 2039 4435 obnoxii,
2077 4369 2128 4422 id
2178 4378 2261 4422 est

683 4485 800 4525 nos.
846 4470 952 4525 Sed
985 4472 1085 4524 hoc
1112 4470 1286 4538 ipsum
1316 4468 1452 4522 mori
1476 4481 1643 4522 carne
1691 4474 1847 4533 turpe
1875 4472 2015 4525 erat,
2049 4472 2103 4514 et
2132 4462 2256 4527 sibi,
2291 4487 2338 4547 υ

682 4559 866 4628 utjatn
898 4562 1030 4626 dixi,
1057 4561 1325 4615 insuetum
1365 4569 1421 4613 et
1474 4558 1887 4628 refugientium:
1935 4555 1984 4608 id
2046 4568 2259 4624 quoque

682 4664 865 4707 nostra
899 4668 1061 4708 causa
1093 4651 1349 4706 sustinuit
1407 4651 1459 4704 in
1500 4648 1836 4717 beneplacito
1868 4646 2064 4700 Patris.
2103 4644 2257 4712 132

683 4745 914 4798 Noverat
945 4745 1087 4798 enim
1116 4745 1323 4812 optime
1353 4744 1398 4796 si
1427 4750 1649 4811 propter
1685 4739 1867 4795 carnis
1917 4752 2028 4792 suae
2056 4739 2259 4803 passio-

685 4854 781 4893 nes
816 4838 1087 4893 modieum
1123 4833 1617 4903 fuissetinglorius,
1647 4845 1709 4885 se
1751 4842 1936 4883 omnes
1965 4827 2033 4879 ad
2058 4835 2256 4880 statqu

687 4931 842 4997 longe
869 4930 1299 4999 praestantiorem
1340 4923 2120 4980 transferendoliberaturum.
2145 4937 2162 4968 ι
2203 4917 2258 4970 Si

686 5024 807 5091 quis
835 5023 978 5077 enim
1006 5022 1056 5074 in
1089 5020 1329 5083 Christo,
1365 5031 1499 5071 nova
1528 5025 1774 5068 creatura
1802 5034 1816 5066 :
1851 5019 2030 5064 vetera
2077 5019 2261 5062 trans-

687 5116 887 5181 ierunt,
956 5128 1082 5167 ecce
1111 5112 1249 5166 facta
1270 5119 1396 5163 sunt
1440 5107 1621 5162 omnia
1675 5120 1832 5169 nova,
1865 5122 1891 5154 ,ι
1938 5104 2074 5156 sicut
2122 5101 2264 5153 scri-

691 5217 840 5276 ptum
870 5215 954 5262 est
985 5206 1052 5258 '7.
1115 5198 1379 5257 Divinitns
1438 5199 1602 5266 igitur
1639 5197 1911 5265 inSpirata:
1972 5191 2266 5260 Scriptura:

690 5298 966 5354 Christum
994 5311 1161 5348 unum
1191 5303 1244 5347 et
1277 5291 1473 5344 Filium
1500 5299 1554 5341 et
1581 5288 1868 5342 Dominum
1905 5283 2102 5336 mundo
2125 5296 2263 5350 pra:-

692 5389 898 5452 dicant,
940 5399 993 5440 et
1019 5388 1190 5454 ipsum
1225 5397 1345 5437 esse
1367 5389 1613 5432 asserunt
1651 5376 1800 5429 illum
1856 5374 2038 5443 gloriae
2092 5370 2267 5424 Domi-

695 5497 857 5547 num;
890 5482 1148 5546 illumque
1173 5484 1392 5545 pr0ptcr
1428 5486 1526 5523 nos
1554 5485 1583 5523 a
1617 5467 1815 5522 Judmis
1839 5467 2013 5518 illatas
2045 5463 2251 5530 injuria:

2378 5460 2553 5511 πάντα
2601 5456 2784 5520 καινὰ,
2828 5473 2846 5504 ι
2890 5451 3031 5504 καθά
3063 5449 3390 5517 γέγραπται.

696 5574 1000 5630 voluntarie
1028 5569 1367 5632 sustinuisse,
1397 5572 1732 5630 mortemque
1766 5561 1818 5613 in
1871 5559 2017 5627 ligno
2053 5556 2267 5622 dispen-

769 5758 815 5790 "
847 5754 1039 5810 Matth.
1072 5767 1220 5818 xxvi,
1253 5750 1342 5804 '59.
1419 5743 1464 5780 ⁸³
1492 5742 1619 5800 ibid.
1643 5742 1731 5796 41..

2277 1793 2315 1846 Β

2279 3145 2320 3201 C

1838 5740 1882 5771 ⁸⁸
1907 5736 2057 5794 Joau.
2093 5751 2164 5802 v1,
2192 5732 2379 5790 58-59.

2343 548 2564 602 γοντοςο
2615 552 2631 583 ι
2670 526 3024 597 Ἐσταυρώθη
3080 523 3140 587 ἐξ
3191 522 3518 586 ἀσθενείας,
3559 520 3695 573 ἀλλά
3747 519 3814 588 ζῇ
3865 519 3937 570 ὲκ

2342 627 2623 696 δυνάμεως
2667 623 2823 686 Θεοῦ,
2867 641 2885 674 ι
2929 619 3086 681 σύνες
3124 616 3383 678 εὐσεϐῶς.
3427 612 3765 667 Πεπονθέναι
3819 611 3936 680 γάρ

2344 717 2702 788 ἀνθρωπίνως
2752 713 2916 783 φησὶν
2974 709 3156 773 αὑτὸν,
3188 708 3365 761 καίτοι
3417 706 3515 777 τὴν
3573 704 3734 773 φύσιν
3773 702 3938 772 έχον-

2342 826 2413 862 τα
2458 807 2552 861 τοῦ
2603 805 2796 858 παθεῖν
2844 802 3100 855 ἐπέκεινα
3159 797 3461 861 παντελῶς.
3505 798 3684 866 Ἐχων
3722 795 3780 847 δὲ
3838 795 3939 845 οὖ-

2343 912 2471 960 τως,
2503 891 2836 961 ἀσθενούσης
2886 890 3144 961 ⁴ἠνέσχετο
3186 889 3286 957 τῆς
3337 885 3560 956 σαρκὸς,
3601 885 3693 937 καὶ
3742 882 3939 935 παθὼν

2343 982 2700 1052 ἀνθρωπίνως
2735 979 2796 1031 τὸ
2825 978 3137 1039 ἀποθανεῖν,
3171 975 3373 1029 ἀνεϐίω
3407 973 3627 1036 θεῖκῶς,
3656 972 3940 1039 ζωοποιή-

2346 1091 2444 1136 σας
2472 1073 2564 1125 τὸν
2608 1069 2803 1123 ἑαυτοῦ
2835 1067 2961 1121 ναὸν
2991 1066 3174 1129 αὐτὸς,
3205 1065 3281 1127 ώς
3309 1064 3539 1132 δύναμις
3563 1063 3658 1114 τοῦ
3688 1063 3938 1131 Πατρός.

2345 1165 2456 1218 Καὶ
2485 1162 2614 1229 γοῦν
2661 1158 3012 1227 ἐνεστηκότος
3055 1156 3156 1225 ήδη
3201 1153 3294 1206 τοῦ
3331 1151 3549 1224 καιροῦ,
3582 1151 3704 1204 καθ’
3731 1151 3790 1203 ὃν
3825 1151 3942 1202 ἔδει

2343 1257 2438 1309 τὸν
2483 1255 2624 1325 ὑπὲρ
2655 1253 2812 1323 ἡμῶν
2862 1252 3152 1319 ὑπομεῖναι
3195 1246 3446 1318 σταυρὸν,
3487 1242 3736 1298 ἀπελθὼν
3765 1258 3943 1313 προσ-

2344 1349 2584 1419 ηύξατο,
2631 1346 2801 1413 λέγων
2829 1351 2851 1372 ·“
2899 1360 2918 1393 t
2969 1341 3184 1409 Πάτερ,
3226 1341 3274 1392 εἰ
3321 1337 3566 1404 δυνατὸν,
3615 1333 3943 1405 παρελθέτω

2345 1442 2439 1494 ἀπ’
2467 1439 2600 1510 ἐμοῦ
2631 1438 2693 1490 τὸ
2723 1437 2977 1505 ποτήριον
3003 1434 3180 1488 τοῦτο.
3222 1450 3238 1482 ›
3280 1429 3596 1501 Προσετίθει
3631 1428 3686 1480 δὲ
3717 1425 3942 1487 τούτοις

2343 1531 2437 1584 ἐπὶ
2463 1530 2607 1584 τέλει
2632 1528 2731 1598 τῆς
2766 1527 3110 1597 προσευχῆςο
3150 1543 3167 1576 ι
3210 1523 3357 1592 Πλὴν
3389 1521 3488 1591 ούχ
3513 1521 3587 1584 ὡς
3632 1518 3743 1587 ἐγὼ
3759 1518 3937 1581 θέλω,

2343 1625 2460 1678 ἀλλ’
2491 1625 2565 1687 ὼς
2609 1623 2696 1676 σύ.
2733 1641 2751 1673 ι
2800 1621 3020 1689 Ἐπειδὴ
3055 1620 3111 1674 δὲ
3146 1617 3312 1682 ἅπαξ,
3337 1616 3513 1668 καίτοι
3547 1612 3829 1681 παναλκὴς
3859 1611 3946 1663 ὢν

2345 1717 2518 1785 Λόγος
2552 1716 2646 1770 καὶ
2692 1713 2847 1776 Θεὸς,
2879 1712 2976 1766 και
3016 1714 3073 1764 tv
3102 1714 3167 1780 τῇ
3199 1709 3319 1760 καθ’
3351 1710 3499 1776 ἡμᾶς
3533 1704 3789 1774 ἀσθενείᾳ
3840 1720 3946 1770 γε-

2347 1808 2534 1862 νέσθαι
2560 1806 2894 1875 νενόμισται,
2918 1802 3017 1874 τὴν
3047 1801 3141 1854 τοῦ
3171 1801 3492 1870 πράγματος
3526 1798 3699 1850 αἰτίαν
3743 1796 3946 1850 ἀποδι-

2348 1898 2493 1961 δοὺς,
2522 1893 2993 1965 οἰκονομικώτατά
3026 1909 3158 1962 φησι
3180 1909 3195 1923 ο
3247 1910 3265 1941 ι
3303 1890 3375 1941 Τὸ
3411 1890 3510 1958 μὲν
3545 1887 3761 1956 πνεῦμα
3792 1886 3943 1956 πρό-

2351 1988 2541 2058 θυμον,
2578 1989 2611 2056 ἡ
2654 1987 2711 2038 δὲ
2764 1984 2900 2054 σάρξ
2941 1982 3192 2052 ἀσθενής.
3233 1999 3252 2032 ι
3305 1978 3492 2050 ’Δθρει
3534 1977 3598 2047 δὴ
3647 1972 3739 2032 οὖν
3784 1978 3946 2041 ὅπως

2349 2080 2500 2134 οὐδὲν
2533 2077 2798 2146 καθυφεὶς
2844 2076 3029 2140 αὐτὸς,
3062 2074 3184 2128 οῦτε
3235 2072 3342 2144 μὴν
3377 2073 3458 2134 εἰς
3502 2070 3637 2125 ἰδίαν
3685 2069 3847 2138 φύσιν
3875 2070 3951 2121 τὸ

2351 2170 2649 2238 ἀσθενῆσαι
2697 2165 2907 2228 παθὼν,
2955 2163 3348 2233 συγκεχώρηκε
3391 2164 3457 2232 τῇ
3501 2161 3664 2232 σαρκὶ
3710 2161 3804 2212 καὶ
3847 2159 3949 2212 διὰ

2350 2264 2458 2316 τῶν
2482 2261 2699 2316 οἰκείων
2727 2259 2838 2331 [ῖσ.
2874 2255 3042 2328 ἰδίων]
3086 2255 3220 2307 ἰέναι
3253 2254 3468 2323 νόμωνο
3519 2253 3612 2305 καὶ
3658 2250 3822 2304 αὑτοῦ
3874 2250 3950 2305 τὸ

2351 2356 2542 2427 χρῆμα
2575 2353 2816 2420 λέγεται,
2845 2348 3014 2402 διάτοι
3044 2347 3103 2400 τὸ
3135 2346 3263 2399 tam
3295 2340 3434 2397 εῖναι
3460 2344 3520 2396 τὸ
3549 2342 3708 2412 σῶμα
3742 2340 3945 2395 αὑτοῦ.

2352 2445 2561 2499 υὺκοῦν
2624 2442 2909 2512 ἄνθρωπον
2964 2439 3063 2509 μὲν
3120 2439 3253 2507 ἡμῖν
3315 2435 3597 2507 ἀπέφηνεν
3644 2433 3807 2487 αὑτὸν
3875 2431 3951 2484 τὺ

2351 2537 2650 2608 ἀσθενῆσαι
2697 2533 2838 2587 κατὰ
2871 2532 2969 2602 τὴν
3011 2528 3379 2600 σάρκα,·Θεόν
3424 2544 3488 2595 γε
3540 2526 3664 2595 μὴν
3689 2523 3948 2577 ἀσθενεῖν

2352 2630 2451 2682 οὑκ
2493 2627 2671 2679 εἰδότα
2708 2625 2767 2677 τὸ
2805 2623 2880 2693 μὴ
2919 2618 3252 2693 ἀνασχέσθαι
3290 2618 3548 2680 θανάτου,
3601 2616 3696 2670 καὶ
3730 2616 3948 2667 ἀποσο-

2354 2720 2518 2790 ϐῆσαι
2549 2719 2649 2789 τὴν
2681 2716 2889 2786 φθορὰν
2917 2713 3010 2766 τοῦ
3041 2711 3170 2765 ἰδίου
3204 2711 3476 2780 σώματος.
3514 2708 3636 2779 Ζωὴ
3667 2706 3773 2776 γάρ
3817 2708 3946 2758 ἐστι

2354 2812 2448 2864 καὶ
2488 2810 2718 2878 δύναμις
2762 2807 2856 2859 τοῦ
2885 2803 3118 2873 Πατρός.
3148 2802 3269 2854 Ὅτι
3306 2803 3413 2871 γάρ
3457 2800 3702 2870 ἀσυνήθη
3748 2814 3806 2849 τε
3841 2797 3947 2850 καὶ

2353 2901 2673 2971 ἀνεθέλητον
2714 2895 2879 2952 οὖσαν
2909 2895 3059 2966 αὑτῷ
3085 2894 3183 2965 τὴν
3209 2894 3264 2947 ἐν
3294 2911 3354 2961 γε
3389 2892 3599 2954 τούτοις
3626 2889 3944 2952 ἀσθένειαν,

2354 2993 2656 3062 ἐποιήσατο
2715 2988 2946 3059 θελητὴν
2994 2988 3051 3039 tv
3100 2985 3319 3056 εὐδοκία
3374 2983 3468 3037 τοῦ
3520 2982 3654 3036 Θεοῦ
3698 2981 3790 3034 καὶ
3825 2981 3948 3032 Πα-

2354 3085 2502 3153 τρδς,
2531 3085 2616 3154 {va
2650 3082 2799 3153 σώσῃ
2829 3084 2928 3151 τὴν
2963 3083 3053 3134 ὑπ’
3093 3080 3342 3150 οὐρανὸν,
3391 3076 3595 3141 διδάξει
3632 3073 3806 3140 λέγων
3833 3073 3944 3123 αύ-

2353 3177 2473 3239 τός·
2513 3193 2532 3226 t
2574 3177 2698 3228 Ὀτι
2750 3173 3103 3244 καταϐέϐηκα
3148 3172 3214 3223 ὲκ
3255 3168 3350 3222 τοῦ
3391 3164 3656 3238 ούρανοῦ,
3705 3163 3801 3232 οὐχ
3851 3164 3948 3215 ἵνα

2354 3268 2492 3320 ποιῶ
2521 3267 2581 3319 τὸ
2614 3266 2823 3335 θέλημα
2855 3265 2915 3317 τὸ
2945 3264 3098 3334 ἐμὸν,
3132 3261 3270 3316 ἀλλά
3312 3261 3372 3312 τὸ
3424 3258 3635 3328 θέλημα
3671 3254 3766 3308 τοῦ
3796 3254 3949 3324 πέμ-

2351 3357 2552 3426 ψαντός
2589 3372 2688 3427 με’
2723 3355 2807 3408 ἴνα
2853 3355 2960 3407 πᾶν
2995 3353 3024 3406 δ
3053 3350 3291 3414 δέδωκάς
3339 3366 3429 3420 μοι
3478 3346 3553 3417 μὴ
3593 3344 3840 3399 ἀπολέσω
3881 3343 3949 3407 ἐξ

2355 3447 2541 3512 αὑτοῦ,
2572 3447 2707 3500 ἀλλά
2748 3447 3035 3515 ἀναστήσω
3070 3443 3204 3496 αὐτὸ
3239 3444 3296 3494 tv
3330 3443 3395 3510 τῇ
3426 3439 3629 3508 ἐσχάτῃ
3669 3435 3872 3506 ἡμέρᾳ.
3919 3453 3940 3483 ι

2355 3538 2548 3593 Καίτοι
2603 3536 2752 3599 πῶς,
2807 3537 2963 3606 εἴπερ
3015 3536 3163 3587 ἐστὶν
3211 3532 3416 3600 ἀγαθὸν
3465 3529 3526 3581 τὸ
3579 3528 3792 3596 θέλημα
3844 3525 3947 3577 τοῦ

2356 3631 2591 3700 Πατρός,
2640 3629 2841 3696 ἀγαθὸν
2885 3628 2941 3680 δὲ
2988 3627 3206 3688 πάντως
3248 3624 3378 3675 ἴδιον
3424 3620 3568 3691 ἔχειν
3609 3619 3713 3699 καὶ.⁶
3750 3617 3950 3685 ἕτερον

2357 3693 2509 3791 παρά
2541 3693 2700 3771 τοῦτο
2748 3715 2961 3787 θέλημά
3007 3731 3172 3785 φησιν
3222 3711 3413 3766 ἑαυτὸν
3457 3712 3485 3763 ό
3532 3693 3799 3773 Υίός;Ἐί
3831 3705 3951 3773 γὰρ

2362 3813 2437 3883 μὴ
2469 3812 2616 3864 ἐστιν
2645 3809 2870 3877 ἀγαθὸς,
2905 3807 3021 3870 πῶς
3049 3805 3210 3858 εἰκὼν
3240 3804 3320 3858 ἔτι
3346 3803 3439 3856 καὶ
3463 3798 3749 3872 χαρακτὴρ
3774 3796 3950 3849 αὑτοῦ

2359 3905 2706 3968 πιστεύεται;
2743 3901 2860 3964 πῶς
2888 3899 2944 3953 δὲ
2978 3897 3265 3968 ἀληθεύσει
3305 3893 3508 3961 λέγων·
3557 3910 3575 3942 ε
3626 3887 3766 3956 Ἐγὼ
3792 3886 3888 3938 καὶ
3919 3887 3952 3936 ὁ

2360 3997 2551 4068 Πατὴρ
2582 3997 2642 4047 ἓν
2669 3996 2868 4063 ὲσμεν;
2907 4011 2924 4041 ι
2956 3989 3083 4044 καίο
3119 4006 3137 4039 t
3185 3988 3242 4040 '0
3271 3982 3530 4053 ἑωρακὼς
3566 3980 3686 4052 ἐμὲ,
3729 3977 3953 4049 ἑώρακε

2358 4089 2453 4142 τὸν
2500 4087 2754 4156 Πατέρα;
2795 4104 2814 4136 ι
2850 4084 2924 4136 Οὐ
2972 4082 3082 4153 γὰρ
3113 4080 3169 4133 ἐν
3210 4096 3274 4147 γε
3318 4076 3395 4146 τῷ
3431 4076 3506 4147 μὴ
3537 4071 3750 4143 ἀγαθῷ,
3804 4087 3952 4123 κατ-

2362 4180 2599 4250 αθρήσαι
2622 4194 2705 4238 τις
2740 4175 2806 4230 ἂν
2848 4174 2939 4226 τὸν
2971 4171 3173 4240 ἀγαθὸν
3221 4167 3363 4222 κατὰ
3395 4168 3573 4235 φύσιν.
3633 4161 3792 4216 Ἀλλά
3837 4161 3954 4231 μὴν

2362 4271 2562 4340 ἀγαθὸς
2594 4271 2622 4321 ὁ
2646 4268 2793 4331 Υἱὸς,
2831 4265 2888 4329 ἐξ
2933 4262 3140 4332 ἀγαθοῦ
3191 4262 3398 4330 πέφηνε
3431 4257 3524 4310 τοῦ
3574 4254 3808 4324 Πατρός,
3850 4253 3952 4305 καὶ

2363 4363 2510 4416 ἔστιν
2553 4360 2716 4414 εἰκὼν
2743 4356 3165 4427 ἀπαράλλακτος
3212 4351 3374 4406 αὐτοῦ
3418 4347 3559 4401 κατά
3591 4348 3698 4400 πᾶν
3742 4344 3954 4401 ὁτιοῦν,

2363 4458 2521 4510 Ποῖον
2572 4448 2664 4506 οὖν
2713 4451 2821 4520 ἀρα
2875 4448 3086 4518 θέλημα
3136 4443 3352 4514 παρεὶς,
3409 4441 3545 4509 ὅπερ
3592 4434 3732 4490 εἷναί
3782 4452 3955 4504 φησιν

2369 4544 2587 4606 ἑαυτοῦ,
2620 4541 2960 4612 πεπραχέναι
2997 4537 3131 4607 φησί
3162 4536 3223 4588 τὸ
3269 4533 3362 4586 τοῦ
3410 4530 3659 4599 Πατρός;
3713 4525 3955 4595 Ἔμελλε

2366 4638 2444 4708 τῷ
2485 4635 2705 4704 θανάτῳ
2732 4634 2830 4702 τῆς
2879 4631 3012 4692 ἰδίας
3055 4626 3256 4698 σαρκὸς
3303 4623 3669 4678 ἀπαλλάττειν
3713 4617 3954 4670 θανάτου

2366 4704 2490 4792 τοὺς
2519 4727 2610 4780 ὑπ’
2640 4723 2804 4779 αὑτοῦ
2841 4720 3153 4790 γεγονότας,
3182 4715 3459 4769 τουτέστιν
3491 4713 3657 4781 ἡμᾶς.
3707 4708 3847 4760 Ἀλλ’
3883 4704 3959 4777 ἦν

2367 4821 2428 4873 τὸ
2458 4819 2710 4871 τεθνάναι
2745 4812 2909 4882 σαρκὶ
2958 4808 3238 4870 δυσκλεὲς,
3269 4803 3538 4875 ἀσύνηθές
3567 4819 3648 4864 τε,
3681 4801 3756 4862 ώς
3785 4800 3967 4874 ἔφην,

2368 4913 2463 4966 καὶ
2494 4907 2879 4979 ἀπηχθημένον
2914 4903 3079 4972 αὐτῷ.
3132 4898 3552 4969 ’Υπομεμένηκε
3580 4894 3638 4946 δὲ
3678 4889 3960 4944 καὶτοῦτο

2368 5004 2433 5056 δι’
2465 5003 2610 5073 ἡμᾶς
2645 5001 2700 5051 tv
2735 4996 2951 5066 εὐδοκία
2977 4992 3070 5046 τοῦ
3102 4989 3514 5061 Πατρός.ξ”ῌδει
3549 4985 3680 5054 γὰρ,
3704 4982 3820 5073 ᾔδει
3861 4983 3962 5033 καὶ

2375 5070 2520 5165 μάλα
2551 5090 2757 5158 σαφῶς,
2798 5088 2880 5140 ὃτι
2919 5085 3027 5138 τῶν
3057 5083 3157 5152 τῆς
3194 5081 3394 5152 σαρκὸς
3425 5079 3587 5130 ἕνεκα
3620 5072 3808 5126 παθῶν
3841 5070 3963 5122 ἀδο-

2373 5162 2544 5256 ξήσας
2577 5183 2773 5253 βραχὺ,
2809 5176 3064 5231 διασώσει
3093 5174 3437 5243 σύμπαντας,
3470 5168 3561 5220 ἐπὶ
3588 5166 3648 5218 τὸ
3680 5162 3959 5230 ἀσυγκρί-

2373 5254 2479 5338 τως
2530 5276 2748 5344 ἄμεινον
2802 5269 3080 5338 μεθιστὰς.
3124 5286 3140 5317 ‹
3188 5267 3252 5316 El’
3297 5280 3380 5324 τις
3431 5260 3540 5327 γάρ
3599 5259 3655 5309 tv
3706 5254 3961 5324 Χριστῷ,

2374 5368 2534 5438 καινὴ
2571 5367 2778 5427 κτίσις·
2812 5362 2880 5414 τά
2926 5361 3126 5430 ἀρχαῖα
3156 5353 3456 5426 παρῆλθεν,
3496 5349 3601 5402 ἰδοὺ
3648 5347 3854 5438 γέγονε-
3890 5345 3965 5396 τὰ

3429 5443 3491 5493 Αἱ
3550 5439 3647 5509 μὲν
3691 5432 3783 5489 οὖν
3834 5435 3964 5486 θεό-

2378 5566 2631 5602 πνευστοι
2661 5545 2894 5614 Γραφαὶ,
2929 5539 3160 5611 Χριστὸν
3193 5539 3287 5590 ἕνα
3316 5535 3410 5587 καὶ
3441 5532 3565 5586 Υίὸν
3614 5529 3707 5582 καὶ
3753 5525 3964 5595 Κύριον

3453 5713 3493 5744 ⁸⁷
3531 5709 3572 5764 ll
3610 5709 3735 5764 Cor.
3778 5721 3830 5770 v,
3870 5703 3960 5756 Π,

2489 5730 2532 5761 ⁸⁸
2568 5726 2700 5782 Joan
2735 5740 2848 5791 xw,
2879 5722 2966 5779 50.
3056 5720 3106 5756 -⁶⁶
3139 5717 3269 5774 ibid.
3297 5717 3349 5772 9.
