4040 6426
137 355 229 411 229
1208 353 1581 410 ADVERSUS
1618 352 2021 410 NESTORIUM
2063 354 2195 409 LIB.
2240 354 2300 408 V.

3296 358 3401 411 230

136 468 202 537 τῷ
238 469 440 540 κόσμῳ
491 470 940 541 διακηρύττουσι,
973 469 1064 522 καὶ
1096 470 1257 523 αὑτὸν
1301 466 1442 524 εἶναι
1476 489 1608 540 φασι
1634 471 1716 525 τὸν

1832 474 2039 527 satorie
2071 472 2379 541 pertulisse,
2410 484 2514 525 non
2538 476 2593 523 ut
2621 470 2895 523 nobiscum
2931 476 3234 525 remaneret
3259 487 3402 525 mor-

132 558 222 625 τῆς
249 559 418 629 δόξης
454 560 663 630 Κύριον
688 578 702 592 ⁸
730 561 823 612 καὶ
858 560 955 623 τὰς
990 560 1052 612 ἐκ
1080 560 1187 612 τῶν
1235 560 1503 614 Ἰουδαίων
1529 580 1723 631 παροιο

134 652 243 712 νίας
287 651 540 705 ἐθελοντὶ
568 654 858 721 ὑπομεῖναι
901 652 969 704 δι’
1000 653 1141 722 ἡμᾶς
1164 668 1176 681 ⁸
1211 652 1503 722 ἀνατλῆναι
1533 670 1590 704 τε
1631 653 1721 703 τὸν

133 744 217 793 ἐπὶ
254 743 422 806 ξύλου
460 744 695 797 θάνατον
734 742 1111 812 οἰκονομικῶς,
1149 743 1245 812 οὐχ
1278 744 1362 795 ἵνα
1407 744 1524 812 μεθ’
1565 742 1721 812 ἡμῶν

1825 568 1970 621 tuus,
1991 562 2109 623 sed,
2131 570 2188 613 nt
2212 574 2402 613 everso
2435 559 2527 613 illo
2554 559 2802 612 omnibus
2827 558 3223 627 inexpugnabili
3252 576 3397 613 mon

1823 653 1889 704 tis
1910 653 2161 718 imperio,
2198 662 2445 707 naturam
2474 653 2708 707 hominis
2731 654 2795 705 ad
2819 652 3277 720 incorruptionem
3312 669 3398 707 re-

1821 753 2063 796 vocaret.
2097 743 2239 798 Deus
2274 744 2414 798 enim
2442 752 2559 796 erat
2598 744 2650 795 in
2674 756 2857 797 carne.
2893 742 2998 795 lste
3022 756 3149 796 vero
3182 758 3393 796 rursum

1829 835 2147 889 occasiones
2174 852 2334 888 unum
2365 836 2418 888 in
2450 836 2553 888 duo
2580 833 2848 887 dividendi
2875 833 3107 899 undique
3155 833 3256 886 sibi
3281 831 3393 886 col-

1830 925 1995 990 ligere
2031 925 2283 988 moliens,
2316 925 2515 979 frustra
2553 924 2637 978 his
2668 924 3041 993 repugnatqui
3081 923 3211 977 nulli
3241 935 3391 985 sunt,

1830 1016 2091 1083 quosdam
2123 1016 2286 1069 etiam
2320 1017 2643 1069 criminatur
2673 1016 2828 1083 quasi
2886 1017 3145 1069 adversus
3197 1019 3397 1069 verita-

1832 1116 1936 1158 tem
1962 1107 2217 1172 dixerim,
2251 1116 2305 1159 et
2333 1106 2535 1163 Christi
2569 1106 2811 1161 mvsterii
2834 1108 3099 1160 rationem
3128 1106 3398 1160 adultera-

1832 1197 1957 1259 riut,
1992 1195 2173 1266 Itaque
2197 1199 2324 1252 dicit
2356 1212 2369 1248 :

1832 1287 2067 1341 ποιεῖταί
2115 1305 2257 1341 τισιν
2300 1289 2375 1352 ὡς
2414 1288 2513 1359 τῆς
2561 1289 2822 1361 ἀληθείας
2871 1292 3243 1362 κατειρηκόσι,
3298 1287 3393 1344 καὶ

132 832 403 901 ἁπομείνῃ
447 834 663 903 νεκρὸς,
717 832 835 885 ἀλλ’
869 823 955 884 ἵνα
998 832 1057 883 τὸ
1090 833 1224 883 πᾶσι
1254 832 1586 901 δυσάντητον
1629 829 1725 883 τοῦ

132 924 366 975 θανάτου
401 924 722 985 καταλύσας
754 922 977 992 κράτος,
1014 921 1323 992 ἁνακομίσῃ
1350 922 1485 991 πρὸς
1511 921 1724 990 ἀφθαρ-

134 1014 246 1065 σίαν
294 1014 402 1081 τὴν
443 1013 740 1083 ἀνθρώπου
780 1013 962 1080 φύσιν.
1011 1012 1141 1074 Θεὸς
1184 1012 1293 1080 γὰρ
1323 1008 1391 1082 ἦν
1440 1016 1495 1064 ἐν
1542 1012 1723 1080 σαρκί.

131 1103 328 1153 Οὑτοσὶ
372 1104 432 1156 δὲ
476 1104 640 1156 πάλιν
673 1102 928 1171 ἀφορμὰς
978 1101 1071 1154 τοῦ
1118 1103 1371 1172 διορίζειν
1403 1105 1481 1164 είς
1514 1103 1605 1155 δύο
1633 1103 1726 1155 τὸν

128 1193 216 1243 ἕνα
256 1194 610 1264 πανταχόθεν
641 1193 821 1262 ἐαυτῷ
855 1192 1197 1264 συναγείρειν
1236 1194 1547 1263 ἐπιχειρῶν,
1576 1195 1725 1245 ἀντι-

130 1283 357 1353 φέρεται
414 1286 517 1353 μὲν
548 1284 672 1353 είκῆ
704 1286 817 1347 τοῖς
858 1284 956 1335 οὐκ
986 1280 1135 1336 οὖσιν
1168 1283 1323 1348 ὅλως,
1394 1285 1671 1356 ἐπίκλημα
1699 1285 1757 1338 δὲ

129 1376 579 1443 παρασημαίνειν
613 1374 856 1426 ἐθέλουσι
894 1374 986 1426 τοῦ
1024 1374 1323 1444 μυστηρίου
1358 1374 1448 1428 τὸν
1494 1378 1713 1446 τρόπον,
1753 1377 1845 1430 καί
1876 1393 2061 1447 φησιν·

197 1466 447 1535 [Ἡδέως
478 1466 545 1517 ἂν
576 1465 811 1519 ἐνταῦθα
839 1465 946 1521 τῶν
970 1466 1260 1537 αἱρετικῶν
1288 1466 1589 1537 ἐπυθόμην,
1611 1466 1719 1520 τῶν

129 1562 219 1629 τὴν
246 1560 349 1629 τῆς
404 1559 679 1626 θεότητος,
718 1559 812 1609 καὶ
838 1560 937 1625 τῆς
980 1557 1395 1628 ἀνθρωπότητος
1425 1558 1605 1626 φύσιν,
1642 1560 1721 1620 είς

132 1651 253 1717 μίαν
305 1647 775 1718 κατακιρνὼντων
812 1647 1019 1715 οὐσίαν,
1082 1648 1165 1711 τίς
1215 1649 1362 1702 ἐστιν
1416 1648 1646 1702 ἐνταῦθα
1694 1649 1721 1699 6

1894 1468 2128 1523 Nssron.
2164 1469 2444 1540 [Libenter
2469 1471 2572 1526 hoc
2612 1470 2729 1526 loco
2766 1472 3391 1544 haereticosinterrogem

1821 1558 1911 1626 qui
1950 1560 2248 1614 divinitatis
2288 1559 2749 1630 humanitatisque
2782 1573 3032 1616 naturain
3102 1563 3153 1616 in
3228 1581 3391 1618 unam

1820 1650 2173 1705 commiscent
2194 1652 2506 1715 essentiam,
2535 1653 2782 1720 quisnam
2812 1653 2882 1707 sit
2912 1654 3003 1722 qui
3040 1669 3181 1709 nunc
3210 1670 3237 1707 a
3264 1671 3392 1725 pro-

128 1742 275 1810 παρὰ
329 1740 433 1793 τοῦ
484 1740 747 1812 προδότου
768 1743 881 1803 τοῖς
944 1740 1219 1802 Ἰουδαίοις
1261 1740 1715 1810 ιπταραδιδόμενος⁸

1822 1738 1995 1791 ditore
2032 1737 2231 1793 Judmis
2274 1741 2521 1794 traditur.
2561 1740 2619 1793 Si
2652 1742 2797 1793 enim
2830 1743 3110 1797 amborum
3138 1752 3219 1797 est
3255 1743 3391 1796 facta

127 1833 170 1882 εξ
193 1832 305 1901 γὰρ
336 1833 544 1901 κρᾶσις
576 1831 899 1900 ἀμφοτέρων
922 1830 1234 1897 γεγένηται,
1262 1830 1546 1898 ἀμφότερα
1569 1829 1717 1898 παρά

125 1920 229 1971 τῶν
283 1921 571 1972 Ἰουδαίων
602 1919 1030 1988 συγκατεσχέθη,
1060 1919 1155 1971 καὶ
1191 1920 1218 1970 6
1246 1918 1374 1981 Θεὸς
1410 1918 1600 1986 Λόγος,
1627 1921 1719 1973 καὶ

126 2012 155 2080 ἡ
188 2012 288 2079 τῆς
333 2010 766 2079 ἀνθρωπότητος
808 2012 992 2079 φύσις.
1032 2011 1127 2074 Τίς
1164 2010 1221 2064 δέ
1252 2012 1398 2063 ἐστιν
1438 2014 1465 2064 6
1497 2013 1589 2065 καὶ
1620 2012 1718 2082 τὴν

126 2102 344 2171 σφαγὴν
374 2102 714 2170 ὑπομείνας;
768 2102 1174 2172 Ἀναγκάζομαι
1202 2102 1507 2172 χρήσασθαι
1537 2120 1719 2157 κατω-

123 2172 302 2261 τὲροις
335 2191 544 2258 λόγοις,
580 2191 657 2253 ὡς
692 2193 826 2244 πᾶσι
856 2192 1107 2260 γενέσθαι
1136 2192 1197 2245 τὸ
1224 2192 1513 2262 λεγόμενον
1541 2193 1715 2264 δῆλον.

124 2285 257 2353 Περὶ
289 2283 420 2334 τίνα
468 2282 538 2334 τά
581 2283 680 2351 τῆς
710 2282 981 2353 πράξεως,
1027 2284 1150 2337 εἰπέ
1196 2302 1306 2353 μοι,
1343 2285 1715 2355 συμϐέϐηκεν;

122 2374 181 2426 ΕΞ
216 2374 320 2442 μὲν
367 2372 482 2442 γὰρ
535 2373 662 2443 περὶ
688 2373 785 2443 τὴν
816 2375 915 2441 τῆς
949 2374 1200 2445 θεότητος
1245 2375 1425 2443 φύσιν,
1455 2375 1570 2439 πῶς
1610 2378 1715 2447 dp.-

124 2462 332 2530 ςότερα
387 2462 688 2530 συγκιρνᾷν
739 2461 1105 2532 κατατολμᾷς.
1148 2462 1258 2514 Καὶ
1301 2461 1409 2532 [τον.
1444 2462 1514 2534 εἰ]
1550 2463 1719 2533 μεμέ-

122 2568 288 2620 νηκεν
325 2550 538 2625 ὁ,Θεὸς
572 2551 945 2620 ἀκατάσχετος
985 2553 1098 2615 τοῖς
1155 2552 1448 2619 Ἰουδαίοις,
1499 2555 1719 2624 καὶτῆς

125 2642 347 2709 σφαγῆς
385 2642 447 2692 οὐ
500 2641 866 2710 κεκοινώνηκε
899 2645 965 2713 τῇ
1010 2644 1192 2713 σαρκὶ,
1235 2643 1415 2709 πόθεν,
1464 2645 1583 2697 είπέ
1629 2663 1719 2716 μοι

123 2733 496 2800 παρεισάγεις
529 2732 628 2803 τὴν
668 2734 867 2803 κρᾶσιν
891 2732 930 2804 ;]

750 2903 1001 2960 ΚΕΦΑΛ.
1044 2909 1117 2961 Δ’.

186 2992 250 3045 Εἰ
284 2994 393 3062 μὲν
424 2988 518 3046 οῦν
544 2994 688 3056 τινές
718 2996 923 3046 εἰσινοὶ
952 2997 1049 3064 τὴν
1083 2997 1191 3049 τῶν
1214 2998 1427 3066 φύσεων
1447 3001 1525 3064 είς
1554 3002 1719 3074 ἀλλή-

1821 1829 2142 1892 commistio,
2179 1830 2339 1885 ambo
2363 1831 2574 1883 simula
2624 1830 2825 1885 Judaeis
2851 1834 3064 1885 detenta
3120 1842 3266 1898 sunt,
3341 1845 3393 1887 et

1824 1920 1961 1974 Deus
1990 1919 2245 1986 Verbum,
2268 1931 2321 1974 et
2354 1923 2705 1977 humanitatis
2737 1933 2946 1976 natura.
2977 1922 3110 1988 Quis
3146 1940 3275 1978 vero
3308 1935 3393 1979 est

1821 2011 2018 2065 caedem
2051 2012 2283 2080 passus?
2305 2011 2481 2082 Cogor
2548 2013 2929 2069 humilioribus
2967 2015 3151 2069 verbis
3179 2017 3277 2079 uti,
3336 2026 3394 2069 ut

1820 2102 2067 2156 omnibus
2097 2104 2238 2171 quod
2297 2104 2524 2158 dicimus
2548 2104 2891 2174 perspicuum
2925 2105 3037 2159 fiat.
3086 2106 3142 2159 In
3205 2123 3389 2175 quem,

1820 2209 1949 2262 rogo
1970 2204 2041 2257 te,
2078 2194 2245 2263 ipsius
2276 2203 2440 2263 gestae
2470 2194 2553 2247 rei
2596 2194 2793 2247 cecidit
2826 2195 3002 2250 actio?
3054 2194 3110 2249 Si
3146 2197 3195 2250 in
3225 2198 3390 2265 ipsam

1820 2285 2113 2339 divinitatis
2171 2295 2437 2344 naturam.
2494 2286 2762 2354 quomodo
2812 2295 3104 2354 utrumque
3161 2288 3390 2341 commi-

1819 2389 1969 2428 scere
2000 2377 2200 2430 audes?
2230 2378 2284 2430 Si
2327 2377 2680 2431 mansitDens
2714 2379 2784 2430 ita
2817 2385 2929 2430 uta
2984 2375 3183 2432 Iudaeis
3219 2381 3388 2434 teneri

1819 2480 1926 2519 non
1960 2475 2162 2535 posset,
2190 2477 2245 2520 et
2278 2466 2330 2520 in
2355 2468 2516 2522 caedis
2557 2468 2905 2537 perpessione
2956 2470 3152 2521 nullam
3205 2470 3393 2523 habuit

1818 2574 1939 2614 cum
1966 2574 2129 2615 carne
2144 2561 2476 2625 societatem,
2499 2561 3390 2631 undenam,rogo,commistionem

1820 2651 2030 2706 inducis
2046 2650 2088 2722 ?]

2476 2876 2624 2932 CAP.
2662 2875 2752 2933 IV.

1893 3006 1948 3062 Si
1986 3008 2077 3078 qui
2121 3016 2245 3062 sunt
2277 3009 2366 3077 qui
2398 3018 2712 3063 naturarum
2749 3008 2949 3065 factum
2987 3009 3125 3065 inter
3159 3026 3219 3066 se
3256 3028 3389 3067 con-

122 3083 212 3147 λας
243 3086 523 3155 ἀνάχυσιν
545 3086 876 3154 γεγενῆσθαι
908 3088 1179 3155 λέγοντες,
1206 3092 1298 3144 καὶ
1318 3093 1408 3145 τὸν
1432 3094 1716 3163 ἀνέφικτον

1825 3097 2094 3152 fusionem
2135 3100 2337 3163 dicant,
2373 3100 2641 3169 Verbique
2692 3111 2943 3156 naturam
2995 3104 3387 3172 impossibilent

123 3177 425 3245 ὑπομεῖναι
477 3176 713 3245 φυρμὸν,
759 3176 853 3228 καὶ
893 3177 991 3246 τὴν
1027 3181 1107 3241 είς
1142 3179 1319 3249 σάρκα
1354 3182 1559 3251 τροπὴν
1608 3200 1711 3236 πα-

122 3266 230 3318 θεῖν
268 3266 542 3319 δύνασθαι
595 3267 983 3336 διατεινόμενοι
1034 3268 1133 3338 τὴν
1173 3270 1266 3322 τοῦ
1315 3271 1489 3338 Λόγου
1528 3273 1709 3341 φύσιν,

120 3358 287 3427 ἧγουν
318 3359 406 3418 είς
439 3356 671 3427 θεότητα
707 3358 1096 3429 μταχωρῆσαί
1135 3377 1265 3412 ποτε
1298 3362 1395 3431 τὴν
1428 3363 1714 3416 ἐνωθείσαν

121 3447 267 3515 αὖτῷ
323 3446 535 3517 σάρκα,
586 3448 995 3520 διημαρτήκασι
1042 3450 1329 3520 τάληθοῦς,
1372 3454 1466 3506 καὶ
1522 3456 1715 3525 φρενὸς

121 3536 221 3600 ἐξω
265 3537 564 3605 γεγονότες
595 3538 785 3607 ὀρθῆς,
825 3538 1025 3608 μᾶλλον
1065 3540 1119 3591 δὲ
1154 3539 1249 3610 τὴν
1291 3542 1515 3594 ἀπασῶν
1550 3544 1712 3611 ἐσχά-

118 3641 213 3695 την
240 3625 539 3688 νοσοῦντες
570 3626 992 3696 ἐμϐροντησίαν,
1018 3627 1338 3680 ἀκούσονται
1361 3630 1496 3699 πρὸς
1524 3632 1675 3699 ἡμῶν
1696 3647 1709 3661 ·

124 3734 140 3766 ι
178 3717 475 3771 Πλανᾶσθε
514 3716 590 3785 μὴ
627 3716 827 3778 ειδότες
854 3717 953 3777 τὰς
983 3718 1221 3787 Γραφὰς,
1257 3719 1389 3788 μηδὲ
1416 3720 1512 3789 τὴν
1555 3721 1711 3773 δῦναι

123 3825 210 3876 μιν
236 3808 340 3861 τοῦ
375 3805 536 3859 Θεοῦ.
579 3825 597 3856 ι
643 3806 1002 3877 Ἀκράδαντος
1029 3806 1137 3878 γὰρ
1181 3810 1213 3876 ή
1246 3808 1339 3861 τοῦ
1370 3809 1504 3863 Θεοῦ
1539 3811 1710 3878 Λόγου

120 3899 303 3962 φύσις,
344 3898 443 3949 καὶ
490 3895 700 3965 τροπῆς
750 3897 853 3949 οὑκ
897 3892 1035 3949 οἶδεν
1088 3899 1442 3968 ἀποσκίασμα
1486 3901 1706 3954 παθεῖν’

122 3987 282 4055 σαρκὶ
312 3984 377 4036 δέ
408 3985 505 4035 καὶ
536 3984 728 4053 αἵματι
761 3986 1195 4055 κεκοινωνηκὼς,
1233 3988 1327 4040 καὶ
1360 3989 1710 4059 μετεσχηκὼς

119 4080 321 4148 ὁμοίως
346 4080 487 4147 ἡμῖν
514 4076 623 4130 τῶν
648 4077 847 4140 αὐτῶν,
877 4076 1021 4129 καθὰ
1048 4077 1375 4147 γέγραπται,
1405 4081 1710 4148 μεμένηκεν

118 4172 143 4222 ὁ
164 4170 354 4231 αὑτός.
380 4170 441 4222 Εἰ
466 4169 525 4221 δὲ
558 4168 805 4223 ἀπασοῦν
828 4184 913 4230 τις
940 4167 1047 4220 τῶν
1074 4172 1183 4232 τοῖς
1215 4171 1377 4239 ἱεροῖς
1409 4171 1709 4241 ἐντεθραμ-

123 4260 296 4327 μένων
338 4260 677 4329 Γράμμασιν
716 4258 1121 4328 ἀπηχθημένων
1152 4260 1262 4331 lla’.
1298 4260 1707 4331 ἀπηχθημένον]

120 4354 358 4406 ποιεῖται
376 4352 459 4416 τὸ,
484 4352 589 4403 κᾶν
620 4349 751 4418 γοῦν
769 4350 998 4403 ἀκοῦσαι
1028 4351 1207 4418 μόνον,
1241 4352 1333 4403 ἐπὶ
1353 4351 1445 4405 τοῦ
1470 4353 1709 4419 Μονογε-

119 4441 239 4506 νοῦς
267 4441 598 4514 πεπρᾶχθαι
626 4442 724 4512 τὴν
744 4442 973 4512 τροπὴν,
1003 4442 1143 4494 τίτὰ
1160 4441 1332 4505 οὕτως
1362 4444 1582 4513 αίσχρὰ,
1617 4444 1709 4498 καὶ
1740 4423 1785 4477 D

123 4537 215 4605 μιᾷ
237 4538 307 4605 τῇ
354 4534 508 4604 παρά
530 4533 747 4586 πάντων
790 4533 956 4603 ψήφῳ
992 4534 1433 4603 κατεγνωσμένοι,
1458 4537 1548 4588 καὶ
1574 4536 1708 4589 ἀπό-

120 4624 290 4694 ὄλητα
322 4623 633 4689 παντελῶς,
664 4625 741 4686 ὼς
767 4624 942 4694 ἀληθῆ
984 4626 1078 4677 καὶ
1108 4626 1370 4695 εἰρημένα
1399 4627 1704 4697 δεχόμενοςν

120 4718 283 4785 πειρᾷ
311 4716 631 4784 διατέμνειν
660 4716 749 4767 τὸν
774 4715 1093 4786 ἀμέριστον,
1129 4716 1218 4768 καὶ
1249 4716 1407 4769 τοῦτο
1447 4719 1585 4787 μετὰ
1611 4719 1707 4789 τὴν

120 4806 349 4871 ἒνωσιν;
386 4808 450 4859 Et
481 4806 589 4875 γὰρ
611 4806 674 4875 δὴ
710 4806 851 4859 κατά
881 4807 1140 4877 ἀλήθειαν
1165 4806 1305 4860 ἕλοιο
1339 4808 1527 4877 μαθεῖν
1552 4810 1635 4872 τίς
1684 4811 1711 4861 6

123 4898 266 4965 παρά
308 4897 407 4950 τοῦ
447 4898 709 4967 προδότου
762 4901 873 4961 τοῖς
932 4880 1203 4961 ’Ἰουδαίοις
1260 4901 1707 4971 παραδιδόμενος,

122 4990 209 5038 καὶ
241 4990 345 5057 τὴν
390 4986 606 5056 σφαγὴν
641 4988 957 5057 ὑπομείνας,
1000 4989 1211 5062 ἀκούσῃ
1258 4992 1477 5057 σαφῶς⁸
1528 4993 1584 5045 Ὀ
1627 4987 1706 5054 εἷς

122 5078 211 5128 καὶ
244 5080 413 5147 μόνος
448 5076 705 5147 Χριστὸς,
740 5079 834 5130 καὶ
862 5078 1010 5140 Υἱὸς,
1046 5080 1140 5131 καὶ⁵
1183 5079 1405 5149 Κύριος,
1438 5082 1705 5147 τουτέστι,

126 5170 334 5239 μορφὴν
362 5169 554 5221 δούλου
582 5167 763 5220 λαϐὼν
796 5170 823 5221 6
855 5170 917 5221 ἐκ
955 5168 1089 5221 Θεοῦ
1124 5170 1314 5239 Λόγος,
1352 5172 1705 5243 ἐνανθρωπή-

126 5275 215 5321 σας
247 5277 309 5312 τε
364 5260 460 5312 καὶ
504 5258 947 5328 σεσαρκωμένος.
991 5261 1245 5331 Πέπρατο
1282 5262 1379 5331 μὲν
1409 5262 1517 5332 γὰρ
1556 5264 1707 5333 παρά

123 5348 209 5399 τοῦ
256 5349 526 5419 προδότου
558 5352 670 5411 τοῖς
728 5350 998 5403 Ἰουδαίων
1044 5350 1412 5421 καθηγηταῖς·
1446 5352 1539 5405 καὶ
1566 5370 1706 5420 ,κατ-

124 5439 293 5508 εἶχετο
334 5440 433 5509 μὲν
478 5439 856 5511 ἀνθρωπίνως,
910 5441 991 5492 ὅτι
1018 5442 1110 5495 καὶ
1148 5443 1432 5512 ἄνθρωπος
1465 5439 1531 5513 ἦν
1564 5444 1702 5512 μετά

124 5531 207 5582 τοῦ
238 5535 421 5601 μεῖναι
452 5532 614 5596 Θεός·
653 5532 855 5601 ἤλεγχε
882 5532 936 5584 δὲ
984 5532 1181 5596 θεῖκῶς
1209 5534 1315 5585 τῶν
1361 5535 1697 5602 κατεχόντων

191 5704 450 5762 “Matth.
492 5721 631 5774 xxii,
666 5705 758 5772 29,
838 5706 881 5737 "
910 5704 1025 5760 Jac.
1062 5725 1099 5771 ι,
1134 5706 1217 5760 l7.
1297 5710 1340 5739 ⁷ο
1378 5708 1540 5763 Hebr.
1573 5725 1634 5773 ti,
1678 5708 1763 5763 Η.

1817 3188 2140 3241 sustinuisse
2162 3188 2490 3253 mistionem,
2523 3201 2576 3244 et
2618 3193 2670 3244 in
2730 3207 2946 3246 carnem
2996 3195 3259 3249 demutari
3288 3214 3388 3267 po-

1819 3276 1984 3329 tuisse
2002 3276 2349 3342 contendant,
2384 3278 2463 3332 vel
2495 3280 2698 3332 unitam
2729 3281 2802 3333 illi
2837 3297 3053 3335 carnem
3091 3287 3304 3339 tandem
3337 3288 3388 3341 in

1817 3369 2149 3422 divinitatem
2233 3371 2513 3435 transisse,
2581 3372 2614 3425 ii
2668 3373 2926 3427 aberrant
2998 3389 3026 3427 a
3079 3389 3228 3439 vero,
3261 3386 3317 3430 et
3359 3392 3387 3429 a

1817 3471 1965 3512 recto
2006 3472 2163 3513 sensu
2217 3460 2373 3529 longe
2409 3462 2621 3526 remoti,
2675 3463 2783 3517 imo
2830 3478 2955 3516 vero
3020 3474 3259 3518 extrema
3295 3467 3390 3520 de-

1816 3550 2015 3602 mentia
2065 3549 2393 3615 laborantes,
2452 3551 2675 3605 audiant
2740 3568 2768 3605 a
2814 3554 3016 3607 nobis:
3082 3574 3099 3605 ι
3141 3556 3377 3623 Erratis,

1815 3638 2116 3692 nescientes
2164 3638 2499 3708 Scripturas,
2574 3656 2747 3709 neque
2797 3643 3048 3697 virtutem
3110 3645 3203 3699 Dei
3243 3646 3308 3700 ⁸⁸.
3365 3667 3383 3699 ι

1815 3722 2134 3780 Inconcussa
2203 3736 2284 3781 est
2342 3729 2485 3781 enim
2545 3729 2635 3782 illa
2695 3730 2788 3786 Dei
2856 3730 3019 3787 Verbi
3077 3744 3290 3801 natura,
3335 3749 3389 3792 et

1814 3816 2202 3871 vicissitudinis
2245 3819 2715 3875 ohumbrationem
2790 3824 2897 3893 pati
2954 3827 3128 3880 nescit
3179 3827 3262 3878 "z
3294 3831 3391 3884 sed

1818 3908 1971 3976 133
2022 3923 2140 3961 cum
2199 3910 2347 3962 carni
2401 3919 2455 3963 et
2502 3914 2748 3981 sanguini
2807 3917 3293 3984 communicasset,
3334 3931 3392 3974 et

1813 3999 2126 4053 eorumdem
2162 3999 2417 4054 similiter
2443 4016 2508 4055 ac
2539 4017 2637 4056 nos
2667 4006 2937 4073 particeps
2968 4018 3112 4062 esset
3139 4008 3383 4072 effectus.

1813 4097 1873 4141 ut
1901 4088 2158 4155 scriptum
2199 4100 2280 4143 est
2307 4090 2377 4154 ⁷ο,
2420 4092 2618 4145 mansit
2653 4094 2816 4146 idem.
2868 4095 3019 4161 Quod
3062 4098 3109 4151 si
3159 4100 3385 4169 quisque

1813 4180 1865 4230 in
1897 4177 2068 4231 sacris
2114 4177 2333 4233 Litteris
2371 4180 2629 4235 educatus
2660 4184 2812 4238 nefas
2854 4196 3005 4253 putat
3040 4187 3124 4241 vel
3163 4191 3384 4245 auribus

1814 4275 2020 4321 tantum
2066 4269 2331 4337 accipere,
2384 4271 2434 4324 in
2478 4272 2565 4325 illo
2624 4273 2908 4344 Unigenito
2968 4277 3130 4330 ullam
3183 4278 3380 4334 factam

1812 4374 1933 4413 esse
1985 4363 2358 4427 mutationem,
2416 4379 2513 4417 cur
2567 4374 2671 4418 tam
2730 4378 2911 4435 turpes
2967 4373 3287 4437 sententias,
3328 4385 3383 4427 et

1815 4450 1974 4504 unico
2013 4451 2079 4502 ab
2120 4452 2373 4506 omnibus
2429 4454 2687 4525 suffragio
2734 4457 3017 4512 damnatas
3061 4471 3108 4512 et
3162 4465 3384 4518 omnino

1816 4538 2069 4606 rejectas,
2108 4551 2359 4611 tanquam
2408 4559 2561 4599 veras
2594 4561 2655 4600 ac
2704 4547 2939 4614 prolatas
2988 4553 3288 4620 accipiens,
3326 4558 3385 4607 il-

1813 4629 1924 4683 lum
1976 4631 2354 4697 impartibilem
2413 4635 2652 4691 dividere
2715 4639 2876 4690 etiam
2935 4651 3057 4708 post
3135 4644 3383 4698 unionem

1815 4721 2072 4774 conaris?
2120 4721 2247 4776 Nam
2293 4725 2336 4777 si
2386 4740 2514 4779 vere
2568 4727 2780 4781 discere
2831 4731 3017 4797 cupias
3051 4734 3301 4799 quisnam
3354 4752 3381 4787 a

1814 4810 2089 4877 proditore
2116 4810 2317 4868 Iudaeis
2369 4817 2597 4869 traditus
2643 4816 2824 4883 fuerit,
2872 4829 2927 4872 et
2972 4823 3172 4875 eadem
3220 4826 3384 4879 susti-

1815 4901 2016 4963 nuerit,
2049 4899 2196 4956 clare
2228 4905 2449 4957 audies:
2478 4904 2570 4959 Ille
2598 4922 2735 4959 unus
2766 4919 2817 4961 et
2851 4908 2998 4962 solus
3032 4908 3301 4979 Christus,
3329 4926 3382 4968 et

1812 4989 2000 5053 Filius,
2035 5002 2090 5045 et
2121 4992 2400 5061 Dominus,
2440 4997 2542 5050 hoc
2579 5006 2698 5062 est,
2735 4998 2861 5051 illud
2906 5015 2971 5052 ex
3011 5000 3117 5054 Deo
3147 5001 3378 5058 Verbum

1812 5082 1953 5147 quod
1983 5083 2124 5135 servi
2157 5083 2381 5137 formam
2432 5088 2661 5153 accepit,
2700 5098 2753 5141 et
2788 5089 2945 5143 homo
2977 5091 3172 5145 factum
3220 5104 3302 5147 est
3329 5108 3384 5149 ct

1816 5171 2174 5225 incarnatutn.
2208 5173 2465 5230 Venditus
2492 5189 2573 5230 est
2618 5179 2761 5231 enim
2791 5194 2820 5232 a
2852 5182 3124 5249 proditore
3153 5187 3380 5241 ducibus

1810 5260 2115 5317 Judzeorum
2147 5275 2199 5317 et
2228 5267 2458 5320 humana
2496 5268 2801 5323 conditione
2831 5273 3112 5325 tenebatur
3138 5276 3375 5343 quidem,

1812 5370 1933 5407 nam
1962 5364 2016 5409 et
2046 5355 2206 5409 homo
2242 5369 2356 5411 erat
2396 5358 2467 5411 ita
2502 5367 2560 5412 ut
2598 5360 2752 5413 simul
2788 5373 3029 5417 maneret
3065 5362 3205 5420 Deus
3238 5385 3252 5421 :
3282 5372 3376 5422 sed

1812 5454 1986 5498 tamen
2017 5460 2081 5499 ex
2131 5448 2307 5502 divina
2353 5449 2665 5504 conditione
2703 5456 2948 5519 coarguit
2989 5470 3175 5509 eorum
3223 5457 3374 5510 inlir-

1807 5536 2046 5591 niitatcm
2080 5552 2109 5591 a
2160 5539 2352 5607 quibus
2407 5541 2707 5595 tenebatur.
2760 5542 2923 5612 quue
2973 5546 3125 5601 nobis
3165 5550 3372 5620 perspi-
