4040 6434
601 343 699 400 2M

1633 342 1690 394 S.
1732 336 2009 394 CYRILLI
2050 337 2517 394 ALEXANDIHNI
2559 337 2877 394 ARCHIEP.

3758 342 3877 398 232

601 472 764 512 cuum
799 455 927 510 facit
975 457 1165 510 beatus
1193 456 1527 527 evangelista
1559 455 1796 512 Joannes
1827 457 1920 526 qui
1956 456 2010 511 in
2045 457 2194 510 hunc

2298 457 2453 513 αὑτὸν
2500 456 2598 529 τὴν
2649 457 2950 511 ἀσθένειαν.
3008 456 3117 510 Καὶ
3159 455 3317 509 τοῦτο
3369 457 3499 528 ἡμῖν
3547 456 3882 528 καθίστησιν

603 551 821 605 modum
865 548 1122 616 scripsit:
1167 567 1185 599 ι
1220 545 1386 602 Judas
1427 565 1556 619 ergo
1584 565 1706 603 cum
1752 549 2052 617 accepisset
2093 562 2182 601 co-

603 643 839 701 hortem.
881 649 934 695 et
986 654 1014 692 a
1064 641 1412 708 pontiﬁcibus
1455 651 1509 696 et
1555 641 1842 695 Phariszeis
1887 640 2185 702 ministros,

605 732 751 786 venit
789 730 916 784 illuc
945 745 1068 784 cum
1102 730 1324 785 laternis
1373 740 1426 784 et
1475 731 1683 785 facibus
1716 741 1768 784 et
1803 732 1990 784 armis.
2034 730 2189 784 Jesus

603 833 734 888 ergo
779 821 956 873 sciens
989 821 1167 872 omnia
1201 835 1319 888 qua:
1361 830 1584 873 ventura
1619 829 1780 874 erant
1833 835 1994 888 super
2031 834 2186 883 eum,

607 912 870 978 processit
917 919 971 964 et
1011 911 1146 962 dixit
1191 912 1309 963 eis:
1355 910 1527 976 Quem
1569 911 1852 978 quarritis?
1898 911 2190 978 respOnde-

609 1009 734 1052 runt
770 1001 816 1050 ei
851 1014 864 1049 :
899 998 1082 1052 Jesum
1131 997 1495 1054 Nazarenam.
1545 999 1687 1054 Dicit
1724 1002 1802 1055 eis
1831 999 2026 1054 Jesus:
2078 1000 2189 1070 Ego

608 1102 751 1144 aunt.
789 1087 978 1146 Stabat
1012 1100 1066 1145 et
1093 1088 1264 1144 Judas
1297 1091 1387 1159 qui
1423 1092 1668 1145 tradebat
1699 1107 1842 1156 eum,
1884 1106 2004 1146 cum
2032 1093 2185 1160 ipsis.

609 1179 681 1236 Ut
705 1197 834 1250 ergo
872 1181 1009 1235 dixit
1039 1182 1140 1241 eis,
1177 1180 1284 1249 Ego
1321 1196 1461 1245 sum,
1499 1184 1748 1236 abierunt
1780 1193 2101 1246 retrorsum,
2135 1190 2190 1234 et

607 1272 924 1328 ceciderunt
955 1271 1009 1325 ln
1051 1280 1252 1326 terram
1276 1271 1344 1329 ".
1382 1290 1401 1323 ι
1431 1274 1600 1326 Audis
1632 1281 1692 1327 ut
1729 1273 1983 1327 collectos
2013 1288 2043 1326 a
2074 1287 2190 1341 pro-

606 1362 783 1416 ditore
833 1361 1033 1416 milites
1069 1363 1332 1418 adversus
1374 1377 1525 1416 suam
1580 1363 1806 1430 gloriam
1853 1364 2035 1418 extolli
2083 1379 2188 1417 non

609 1454 774 1508 sinat.
804 1451 938 1507 Nam
969 1469 1028 1509 se
1063 1453 1234 1524 ipsum
1263 1454 1477 1518 obtulit,
1507 1455 1694 1510 dicens
1727 1472 1741 1508 :
1781 1471 1799 1505 ι
1845 1455 1952 1524 Εεο
1981 1470 2131 1520 sum;
2165 1472 2186 1507 ν

609 1545 690 1600 illi
721 1559 851 1599 vero
884 1546 952 1599 ad
983 1545 1151 1600 solam
1192 1545 1309 1614 ejus
1343 1561 1532 1602 vocem
1577 1546 1764 1602 fractis
1800 1547 2007 1602 viribus
2036 1548 2188 1602 abie-

610 1646 738 1691 runt
780 1649 1102 1692 retrorsum.
1144 1636 1259 1691 Non
1307 1637 1473 1693 fuisse
1519 1649 1698 1692 autem
1751 1653 1934 1693 eorum
1983 1639 2189 1693 viribus

610 1726 860 1782 effectum
891 1739 948 1782 ut
977 1743 1100 1782 eum
1133 1738 1398 1792 tenerent,
1439 1733 1533 1783 sed
1565 1745 1685 1784 cum
1722 1737 1929 1798 tempus
1963 1738 2017 1783 et
2051 1744 2186 1799 opus

2286 549 2513 617 ἐναργὲς
2563 552 2591 600 6
2639 548 2924 610 θεσπέσιος
2991 547 3383 618 εύαγγελιστὴς
3451 547 3721 618 Ἰωάννης,
3772 549 3885 602 ὡδὶ

2287 637 2578 707 γεγραφώς
2604 655 2617 667 ·
2659 657 2677 689 ι
2726 639 2784 690 '0
2809 633 2901 690 οὖν
2933 637 3131 706 Ἰούδας
3154 637 3336 690 λαϐὼν
3362 637 3460 708 τὴν
3494 641 3742 709 σπεῖραν,
3775 641 3884 692 καὶ⁸

2289 730 2354 780 ὲκ
2378 727 2487 780 τῶν
2516 729 2838 798 ἀρχιερέων,
2874 729 2969 781 καὶ
3008 731 3071 794 ὲκ
3099 727 3206 781 τῶν
3231 727 3539 800 Φαρισαίων
3566 731 3880 801 ὑπηρέτας,

2289 819 2511 888 ἔρχεται
2537 819 2656 870 ἐκεῖ
2691 819 2830 888 μετά
2860 818 3045 886 φανῶν
3080 820 3172 871 καὶ
3201 818 3502 888 λαμπάδων
3537 821 3630 873 καὶ
3667 821 3880 873 ὃπλων.

2300 907 2511 977 Ἰησοῦς
2540 907 2763 969 δὲείδὼς
2785 909 2964 960 πάντα
2995 908 3064 960 τὰ
3097 908 3370 978 ἐρχόμενα
3424 911 3511 962 ἐπ’
3560 910 3744 973 αὑτὸν,
3777 909 3884 974 ἒξ·-

2286 994 2636 1057 ελθὼν,εῖπεν
2651 998 2850 1062 αὐτοῖς·
2869 997 3002 1051 Τίνα
3023 999 3234 1069 ζητεῖτε
3253 1016 3266 1063 ;
3286 999 3689 1071 Ἀπεκρίθησαν
3701 1000 3882 1070 αὐτῷ·

2302 1090 2508 1160 Ἰησοῦν
2528 1091 2618 1144 τὸν
2644 1090 2982 1162 Ναζωραῖον.
3010 1092 3172 1159 Λέγει
3209 1095 3387 1153 ιδτοῖς
3422 1091 3696 1162 δ’ῐησοῦς’
3729 1091 3886 1160 Ἐγώ

2287 1182 2423 1250 εἰμι.
2461 1182 2719 1251 Εἱστήκει
2762 1182 2855 1235 καὶ
2902 1180 3098 1245 Ἰούδας
3131 1185 3159 1235 ό
3203 1181 3526 1251 παραδιδοὺς
3553 1181 3715 1236 αὑτὸν
3754 1182 3885 1250 μετ’

2288 1269 2490 1324 αὐτῶν.
2525 1271 2611 1333 Ὠς
2645 1266 2737 1323 οὖν
2767 1265 2921 1323 εἶπεν
2947 1271 3150 1335 αὐτοῖς,
3178 1271 3258 1324 ὅτι
3285 1269 3428 1338 Ἐγώ
3459 1273 3594 1341 είμι,
3629 1271 3886 1341 ἀπῆλθον

2289 1362 2368 1422 είς
2401 1360 2468 1412 τά
2519 1361 2712 1424 ὀπίσω,
2757 1362 2850 1413 καὶ
2889 1360 3082 1413 ἔπεσον
3126 1361 3318 1431 χαμαί.
3359 1379 3381 1413 ι
3428 1361 3690 1424 ’Δκούεις,
3723 1364 3886 1426 ὅπως

2289 1451 2824 1522 κατασοϐαρεύεσθαι
2880 1451 2977 1521 μὲν
3019 1451 3123 1520 τῆς
3165 1451 3298 1522 παρ’
3351 1451 3499 1521 αὐτῷ
3549 1451 3728 1522 δόξης,
3771 1453 3887 1505 οὐκ

2290 1544 2353 1612 ὲᾷ
2377 1542 2501 1605 τοὺς
2529 1543 2678 1614 παρά
2704 1542 2797 1595 τοῦ
2831 1542 3090 1610 προδότου
3125 1542 3572 1609 συνειλεγμένους
3595 1559 3610 1572 ο
3641 1559 3890 1614 προσκεο

2290 1631 2487 1699 κόμικε
2539 1631 2638 1699 μὲν
2684 1631 2790 1702 γάρ
2822 1630 3034 1692 ἑαυτὸν,
3070 1630 3151 1694 τὸ,
3190 1649 3208 1680 ι
3263 1629 3402 1698 Ἐγώ
3431 1632 3546 1700 είμι
3593 1649 3612 1682 ι
3656 1631 3839 1698 λέγων
3864 1648 3883 1663 ·

2291 1721 2340 1773 οί
2366 1720 2422 1772 δὲ
2451 1721 2544 1773 καὶ
2580 1720 2716 1789 πρὸς
2747 1721 2913 1791 μόνην
2943 1721 3302 1788 ἀτονήσαντες
3333 1720 3431 1790 τὴν
3459 1721 3661 1792 φωνὴν,
3695 1723 3886 1794 ἀπῆλ-

610 1818 714 1871 fuit
743 1828 970 1872 mortem
1003 1829 1195 1887 sponte
1227 1833 1324 1888 pro
1365 1821 1525 1875 nobis
1561 1821 1866 1883 admisisse,
1898 1819 2190 1874 continua-

2298 1811 2381 1863 θον
2418 1811 2497 1872 είς
2540 1809 2608 1862 τὰ
2636 1811 2830 1865 ὀπίσω.
2873 1829 2892 1861 ι
2930 1811 3052 1863 Ὅτι
3090 1811 3147 1863 δὲ
3179 1811 3300 1880 οὐχὶ
3335 1810 3437 1881 τῆς
3469 1813 3646 1868 αὐτῶν
3688 1793 3886 1884 ίσχύος

611 1906 690 1959 vit
727 1907 956 1960 dicens:
1018 1923 1037 1956 ι
1079 1906 1361 1976 Tanquam
1410 1908 1475 1960 ad
1523 1907 1785 1960 latronem
1833 1907 2022 1960 existis
2067 1920 2190 1957 cum

611 1996 804 2064 gladiis
841 2005 896 2051 et
965 1995 1200 2051 fustibus
1247 1997 1705 2066 comprehendere
1755 2009 1885 2049 me:
1955 1994 2193 2062 qumidie

613 2089 667 2140 in
699 2087 895 2156 templo
947 2087 1198 2142 sedebam
1247 2087 1471 2149 docens,
1515 2097 1571 2141 et
1618 2101 1723 2140 non
1782 2101 1868 2141 me
1919 2086 2189 2142 tenuistis.

615 2179 728 2234 Hoc
760 2189 938 2232 autem
974 2189 1144 2232 totum
1186 2178 1385 2232 factum
1430 2187 1512 2234 est
1543 2187 1602 2232 ut
1651 2178 2003 2248 implerentur
2044 2177 2194 2233 Scri-

611 2277 784 2338 ptura:
812 2270 1199 2339 prophetarum
1227 2270 1292 2322 ".
1334 2288 1354 2322 ι
1395 2269 1544 2336 Quod
1572 2270 1713 2323 enim
1765 2268 1888 2322 olim
1928 2268 2192 2338 praedixe-

616 2369 702 2413 rat
734 2374 828 2428 per
859 2359 1156 2428 prOphetas
1187 2368 1403 2413 sanctos
1426 2399 1441 2424 ,
1477 2361 1578 2412 hoc
1614 2359 1850 2426 implevit
1883 2373 2004 2412 cum
2035 2371 2094 2411 se
2127 2356 2190 2410 ad

613 2449 1036 2503 exinanitionem
1067 2447 1262 2517 dejecit
1295 2449 1382 2502 ille
1405 2449 1496 2516 qui
1539 2462 1702 2516 supra
1731 2462 1944 2500 onmem
1982 2455 2194 2500 creatu-

616 2555 733 2595 ram
769 2549 911 2601 erat,
947 2549 1001 2593 et
1034 2539 1220 2594 habitu
1255 2539 1505 2593 inventus
1539 2549 1624 2592 est
1657 2546 1714 2591 ut
1759 2538 1940 2603 homo,
1970 2535 2059 2589 ille
2101 2535 2192 2604 qui

615 2630 672 2686 in
702 2629 872 2683 forma
904 2639 1025 2682 erat
1052 2639 1105 2683 et
1139 2629 1449 2698 aequalitate
1479 2627 1657 2681 Patris
1677 2627 1742 2680 ⁷³.
1774 2625 1886 2681 Cur
1912 2638 2042 2696 ergo
2071 2626 2196 2678 sim-

617 2720 903 2790 plicior-um
939 2717 1098 2789 134
1133 2720 1356 2772 auribus
1382 2718 1652 2772 mistionis
1687 2731 1881 2771 nomen
1904 2716 2195 2770 obtrudere

619 2809 868 2871 moliens,
921 2807 1240 2861 miraculum
1299 2806 1469 2860 violas
1529 2807 1672 2861 illius
1711 2822 1830 2859 cum
1868 2820 2031 2859 carne
2077 2807 2189 2860 dis-

621 2897 995 2970 pensationis?
1037 2913 1214 2966 neque
1261 2897 1404 2951 enim
1449 2898 1639 2950 attinet
1671 2898 1864 2950 acerbe
1910 2905 1964 2949 et
2008 2911 2198 2965 aspere

618 2993 674 3047 in
726 2991 959 3046 medium
1014 2991 1396 3058 irrumpentem
1473 2988 1675 3050 dicere,
1715 2985 1853 3040 Num
1887 2986 2060 3056 ipsum
2106 2987 2193 3040 Dei

622 3085 857 3139 Verbum
896 3083 1172 3136 detentum
1207 3080 1331 3134 est?
1380 3095 1504 3133 num
1550 3079 1748 3132 caedem
1781 3092 2033 3146 perpessa
2080 3078 2192 3146 ipsa

619 3173 919 3229 divinitatis
944 3170 1178 3225 natura?
1212 3169 1498 3224 Enimvero
1547 3182 1651 3222 non
1682 3183 1746 3221 ex
1779 3168 1946 3220 nimia
1982 3167 2195 3234 imperi-

622 3266 694 3321 tia
721 3276 771 3321 te
806 3267 919 3319 haec
953 3264 1158 3329 dicere,
1185 3263 1311 3315 hinc
1335 3260 1532 3326 disces,
1596 3269 1650 3313 et
1673 3261 1888 3328 quidem
1919 3258 2192 3312 facillime.

621 3357 1034 3411 Consummatos
1063 3366 1182 3406 esse
1213 3352 1440 3406 dicimus
1473 3361 1688 3404 sanctos
1720 3361 2004 3420 martyres,
2041 3364 2197 3418 para-

624 3461 709 3505 tos
733 3449 912 3503 omnia
955 3447 1134 3516 potius
1182 3445 1409 3514 perpeti,
1441 3455 1499 3498 ut
1537 3447 1736 3500 bonum
1767 3453 2040 3499 certamen
2077 3457 2196 3497 cer-

624 3550 833 3603 tantes,
879 3551 1094 3591 cursum
1149 3544 1626 3600 consummantes,
1688 3534 1847 3587 ﬁdem
1889 3541 2194 3595 servantes.

623 3633 856 3688 debitam
909 3633 1132 3685 sincera:
1188 3631 1240 3683 in
1292 3628 1570 3683 Christum
1616 3627 1888 3682 dilectioni
1939 3641 2196 3681 coronam

623 3733 1083 3792 consequerentur
1112 3723 1177 3774 ".
1215 3721 1268 3773 Si
1298 3721 1419 3790 quis
1447 3721 1608 3788 igitur
1643 3721 1866 3788 prodeat
1903 3729 1956 3774 et
1994 3727 2147 3788 roget
2181 3734 2194 3770 :

623 3815 759 3869 Cum
806 3825 1115 3868 sanctorum
1176 3825 1400 3880 corpora
1457 3810 1598 3863 ferro
1653 3810 2050 3874 lacerabantur,
2107 3817 2200 3862 aut

622 3905 1081 3959 consumebantur
1117 3903 1245 3971 igni,
1278 3911 1374 3953 aut
1409 3916 1529 3953 cum
1568 3900 1800 3969 primum
1847 3899 2200 3953 tradebantur

624 3997 680 4050 in
701 4009 998 4058 carcerem,
1044 4008 1168 4046 num
1207 3992 1368 4046 simul
1415 4006 1539 4045 cum
1581 3990 1896 4058 corporibus
1929 3990 2201 4043 constrin-

627 4088 894 4156 gebantur
945 4084 1184 4138 animm?
1235 4099 1358 4136 num
1408 4085 1571 4136 etiam
1625 4082 1728 4135 illa:
1779 4081 1887 4150 igni
1943 4095 2005 4135 ac
2056 4079 2201 4134 ferro

623 4176 1096 4232 conficiebantur?
1158 4188 1306 4229 certe
1359 4175 1591 4229 dicimus
1637 4187 1731 4228 eas
1789 4189 1819 4226 ιι
1881 4174 2202 4241 corporibus

627 4269 830 4323 alienas
876 4268 1065 4333 fuisse,
1117 4278 1240 4321 eum
1287 4267 1422 4321 nihil
1469 4265 1734 4335 ejuSmodi
1795 4266 2111 4335 injuriarnm
2148 4266 2202 4320 in

626 4378 779 4420 suam
811 4362 1148 4431 susciperent
1193 4359 1619 4414 naturam.Num
1654 4359 1835 4427 igitur,
1865 4373 2070 4425 qumso,
2103 4359 2203 4412 hac

2292 1904 2451 1974 ἔργον
2479 1899 2547 1974 ἦν
2570 1904 2631 1956 τὺ
2679 1907 2974 1973 κατασχεῖν
3004 1904 3186 1969 αὑτὸν,
3216 1904 3332 1957 ἀλλ’
3361 1905 3438 1969 ὡς
3483 1907 3542 1958 ὲν
3568 1908 3744 1979 καιρῷ
3777 1907 3888 1961 καὶ

2291 1995 2452 2064 χρεία
2482 1995 2574 2047 τὸν
2607 1994 2748 2064 ὑπὲρ
2787 1993 2940 2065 ἡμῶν
2986 1994 3214 2049 θάνατον
3243 1996 3480 2049 ἐποιεῖτο
3509 1996 3883 2067 παραδεκτδν,

2293 2085 2750 2156 πεπληροφόρηκε
2781 2085 2986 2153 λέγων·
3034 2105 3052 2138 ι
3113 2085 3201 2150 Ὠς
3249 2087 3341 2138 ἐπὶ
3383 2086 3584 2160 λῃστὴν
3618 2086 3885 2157 ἐξήλθετε

2296 2174 2434 2244 μετὰ
2467 2174 2750 2245 μαχαιρῶν
2795 2177 2889 2228 καὶ
2923 2175 3092 2239 ξύλων
3124 2175 3402 2230 συλλαϐεῖν
3436 2195 3503 2247 με
3523 2193 3538 2208 ·
3583 2177 3704 2230 καθ’
3735 2180 3889 2249 ὴμέ-

2297 2277 2394 2332 ραν
2425 2264 2482 2314 ἐν
2517 2263 2592 2332 τῷ
2621 2263 2750 2334 ἱερῷ
2777 2264 3117 2336 ἐκαθεζόμην
3139 2265 3424 2332 διδάσκων,
3456 2268 3551 2321 καὶ
3578 2267 3677 2320 οὐκ
3705 2269 3888 2338 ἐκρα-

2292 2355 2492 2425 τήσατέ
2530 2372 2618 2424 με.
2672 2352 2842 2408 Τοῦτο
2878 2356 2936 2409 δὲ
2976 2357 3096 2410 ὅλον
3130 2358 3350 2426 γέγονεν
3382 2359 3468 2412 ῖνα
3510 2357 3887 2430 πληρωθῶσιν

2293 2449 2349 2498 αἱ
2393 2447 2606 2517 Γραφαί⁵
2642 2448 2750 2501 τῶν
2803 2450 3111 2518 προφητῶν.
3150 2469 3168 2500 ι
3216 2450 3281 2503 Ὃ
3325 2451 3434 2518 γὰρ
3473 2451 3639 2503 πάλαι
3685 2451 3887 2520 προεί-

2298 2553 2430 2606 ρηκε
2466 2537 2554 2588 διὰ
2584 2540 2877 2608 προφητῶν
2909 2540 3099 2608 ἁγίων,
3135 2540 3294 2594 τοῦτο
3323 2541 3652 2612 πεπλήρωκε
3682 2541 3888 2606 καθεὶς

2295 2626 2483 2678 ἑαυτὸν
2533 2629 2612 2688 είς
2656 2628 2886 2682 κένωσιν
2933 2632 2962 2682 6
3009 2630 3150 2700 ὑπὲρ
3187 2632 3366 2686 πᾶσαν
3399 2632 3498 2702 τὴν
3533 2630 3728 2696 κτίσιν,
3779 2633 3887 2684 καὶ

2299 2719 2538 2785 σχήματι
2590 2719 2831 2789 εὑρεθεὶς
2882 2721 2958 2784 ὡς
3007 2721 3312 2791 ἄνθρωπος,
3362 2724 3391 2776 ό
3427 2725 3484 2776 ὲν
3538 2727 3717 2794 μορςιῇ
3780 2726 3888 2776 καὶ

2301 2805 2506 2874 ίσότητι
2567 2806 2660 2858 τοῦ
2702 2809 2933 2878 Πατρός.
3021 2809 3269 2864 Ἀνθότου
3329 2811 3393 2881 δὴ
3447 2808 3540 2864 οὖν
3592 2816 3711 2875 ταῖς
3763 2811 3887 2866 τῶν

2297 2896 2680 2968 ἁπλουστέρων
2705 2899 2916 2962 ἀκοαῖς,
2950 2901 3011 2952 τὸ
3043 2903 3142 2971 τῆς
3174 2903 3422 2973 κράσεως
3453 2903 3620 2974 δνομα
3648 2921 3889 2976 παρεισ-

2300 2987 2504 3055 κρίνειν
2562 2990 2893 3059 ἐπιχειρῶν,
2951 2991 3049 3060 τῆς
3110 2995 3244 3062 μετὰ
3299 2995 3499 3062 σαρκὸς
3567 2996 3891 3065 οἰκονομίας

2299 3078 2502 3140 ἀδικεῖς
2544 3080 2606 3131 τὸ
2647 3079 2865 3150 θαῦμα;
2907 3084 2964 3134 ού
2997 3085 3106 3153 γάρ
3137 3100 3218 3136 τοι
3267 3087 3535 3156 προσήκει
3571 3087 3780 3157 πικρῶς
3816 3105 3889 3141 τε

2300 3171 2396 3223 καὶ
2429 3171 2652 3240 ἀπηνῶς
2685 3173 2764 3234 εἰς
2811 3175 2972 3242 μέσον
3013 3177 3148 3227 ἰέναι
3197 3176 3424 3243 λέγοντα
3445 3193 3459 3206 ο
3494 3173 3642 3248 Ἀρα
3685 3178 3712 3228 ὁ
3742 3177 3890 3244 Θεὸς

2298 3261 2467 3328 Λόγος
2497 3261 2796 3330 κατεσχέθη
2823 3280 2836 3328 ;
2871 3259 2980 3329 ἄρα
3011 3265 3109 3333 τὴν
3143 3266 3359 3336 σφαγὴν
3393 3266 3686 3336 ὑπέμεινεν
3713 3271 3747 3340 η
3777 3271 3890 3340 τῆς

2299 3350 2552 3419 θεότητος
2601 3352 2796 3419 φύσις;
2851 3354 2974 3405 Ὀτι
3034 3356 3133 3407 οὐκ
3187 3355 3296 3425 [Ion
3333 3357 3454 3409 ’Ότι
3505 3357 3583 3428 δὲ]
3622 3359 3679 3425 ἐξ
3714 3360 3890 3431 ἀκρι-

2299 3439 2426 3503 ϐοῦς
2460 3440 2696 3510 ἀμαθίας
2732 3443 2798 3495 τὰ
2829 3444 3004 3496 τοιάδε
3044 3447 3170 3514 φὴς,
3209 3447 3455 3500 ἐντεῦθεν
3491 3450 3613 3519 εἴσῃ
3649 3467 3730 3502 τοι
3781 3455 3890 3505 καὶ

2303 3529 2447 3598 μάλα
2469 3530 2682 3600 ῥᾳδίως.
2717 3532 3109 3587 Τετελειῶσθαί
3142 3553 3320 3605 φαμεν
3350 3540 3475 3602 τοὺς
3505 3541 3696 3607 ἁγίους
3726 3541 3892 3613 μάρ-

2299 3637 2502 3691 τυρας,
2569 3623 2743 3676 πάντα
2796 3625 2986 3678 παθεῖν
3036 3627 3363 3697 ἑλομένους,
3421 3631 3507 3683 ἵνα
3559 3633 3648 3685 τὸν
3713 3635 3893 3688 καλὸν

2301 3712 2488 3780 ἀγῶνα
2533 3715 2953 3784 ἀγωνισάμενοι,
3003 3718 3094 3769 τὸν
3147 3720 3346 3788 δρόμον
3388 3721 3724 3786 τελέσαντες,
3781 3725 3892 3792 τὴν

2302 3805 2480 3856 πίστιν
2506 3809 2864 3876 τηρήσαντες,
2895 3809 2988 3863 τὸν
3018 3810 3118 3878 τῆς
3153 3813 3232 3875 εἰς
3270 3814 3502 3883 Χριστὸν
3524 3816 3891 3886 γνησιότητος

2301 3896 2670 3967 ἀναδήσωνται
2704 3899 2984 3969 στέφανον.
3022 3898 3146 3973 Ἆρ’
3179 3901 3272 3958 οὖν
3306 3905 3358 3957 εἰ
3386 3923 3469 3968 τις
3503 3907 3677 3976 ἔροιτο
3706 3924 3893 3978 προσν

2308 3989 2401 4042 ιών
2427 4006 2442 4021 ο
2481 3992 2607 4044 Ὅτε
2654 3993 2723 4044 τά
2770 3993 2878 4046 τῶν
2925 3994 3096 4062 ἁγίων
3131 3996 3358 4067 σώματα
3394 3997 3594 4070 σιδήρῳ
3627 4001 3894 4065 κατεξαί-

2303 4095 2473 4146 νοντο,
2512 4083 2678 4151 ἤγουν
2720 4084 3082 4154 δεδαπάνηντο
3116 4090 3266 4156 πυρὶ,
3311 4087 3343 4157 ἦ
3379 4090 3470 4141 καὶ
3508 4091 3588 4142 ὅτι
3625 4087 3733 4159 [ῖσ.
3767 4091 3891 4163 ὅτε]

2303 4177 2401 4246 τὴν
2445 4176 2618 4245 ἀρχὴν
2668 4175 2943 4245 δεσμῶται
2985 4177 3290 4245 γεγόνασιν,
3339 4175 3449 4250 ἆρα
3497 4183 3610 4242 τοῖς
3662 4185 3892 4251 σώμασι

2307 4265 2811 4336 συγκατείρχθησαν
2842 4267 2897 4319 αί
2935 4266 3137 4336 ψυχαί;
3171 4265 3280 4339 ἆρα
3309 4271 3562 4337 γεγόνασι
3597 4274 3691 4324 καὶ
3720 4268 3893 4328 αὗται

2307 4357 2474 4427 πυρὸς
2503 4357 2661 4427 ἔργον
2695 4359 2788 4410 καὶ
2822 4358 3038 4426 ξίφους;
3083 4361 3259 4414 καίτοι
3293 4363 3470 4432 φαμὲν
3502 4365 3670 4428 αύτάς
3701 4365 3892 4420 ἀπαλ-

626 4457 690 4510 de
717 4469 877 4509 causa
918 4463 1167 4520 expertes
1199 4463 1359 4504 erunt
1383 4462 1724 4511 coronarum,
1757 4449 1880 4514 quia
1909 4463 2194 4516 corporum

2305 4448 2592 4502 λάττεσθαι
2627 4451 2734 4500 τῶν
2768 4453 3054 4520 σωμάτων,
3080 4453 3189 4504 τῶν
3218 4453 3474 4507 τοιούτων
3503 4456 3694 4509 αίκιῶν
3727 4457 3894 4510 οὐδὲν

622 4549 886 4616 supplicia
920 4560 1026 4600 non
1064 4555 1191 4597 sunt
1217 4541 1529 4612 perpessa)?
1561 4541 1721 4609 Atqui
1754 4541 2061 4609 przedicatio
2100 4555 2186 4593 ve-

628 4641 804 4695 ritatis
835 4654 939 4693 non
978 4653 1075 4691 eas
1106 4636 1343 4690 exclinlit
1388 4649 1416 4687 a
1449 4634 1716 4702 passione,
1749 4649 1872 4687 cum
1919 4648 2012 4687 sua
2052 4634 2200 4701 ipso-

625 4749 744 4787 rum
782 4743 1006 4797 corpora
1040 4730 1150 4781 sint
1188 4741 1368 4793 passa,
1404 4740 1506 4779 non
1551 4725 1799 4778 aliorum.
1858 4725 2090 4777 Stultum
2119 4733 2204 4778 est

628 4819 790 4887 igitur
829 4815 1070 4869 studiose
1113 4812 1444 4881 percontari,
1485 4828 1609 4865 num
1662 4811 1964 4865 divinitatis
2011 4822 2201 4864 natura

631 4925 729 4962 sua
761 4923 881 4961 cum
921 4919 1084 4959 carne
1126 4904 1200 4957 sit
1239 4903 1458 4967 tradita,
1491 4911 1583 4955 aut
1618 4903 1794 4956 vincta
1836 4903 2061 4956 nexibus
2108 4899 2202 4954 Ju-

627 5003 888 5062 itzt'orum,
938 5007 1032 5049 aut
1070 4999 1273 5049 caedem
1323 4993 1490 5063 ipsam
1538 5007 1840 5062 perpessa:
1878 4993 1972 5047 sed
2021 4995 2204 5062 pietati

629 5091 808 5158 potius
858 5093 1115 5143 convenit
1159 5088 1430 5155 cogitare,
1478 5086 1713 5141 Verbum
1773 5087 1947 5155 ipsum
1985 5087 2207 5139 omnino

630 5182 733 5236 sibi
760 5183 976 5250 quidem
1031 5190 1285 5248 tanquam
1334 5180 1576 5247 proprias
1617 5179 1894 5231 vindicare
1929 5180 2206 5246 passiones

631 5287 752 5340 quae
785 5273 934 5324 carni
973 5273 1307 5333 acciderunt,
1338 5271 1432 5322 sed
1474 5269 1736 5323 mansisse
1782 5280 1961 5323 tamen
2005 5271 2206 5338 impas-

630 5365 785 5420 sibile
820 5374 1074 5432 tanquam
1113 5366 1300 5428 Deum,
1345 5373 1594 5416 caeterum
1636 5363 1774 5416 haud
1823 5365 1939 5416 sine
1970 5364 2208 5432 patiente

629 5471 878 5523 corpore.
911 5455 1007 5508 Hic
1040 5470 1167 5509 vero
1210 5455 1371 5507 rebus
1425 5463 1574 5506 tanta
1626 5469 1745 5506 cum
1803 5455 2206 5523 dispensatione

631 5547 817 5616 gestis,
876 5547 1227 5600 absurditatis
1295 5546 1499 5600 crimen
1558 5547 1818 5608 inurens,
1877 5554 1928 5596 et
1985 5560 2202 5597 sursum

709 5730 750 5761 ⁷⁸
780 5728 940 5785 Joan.
969 5743 1121 5792 xvur,
1150 5727 1261 5782 5-6.
1340 5729 1384 5759 τ’
1417 5727 1601 5784 Matth.
1639 5743 1785 5796 xxvi,
1811 5728 1999 5783 55-56.
2081 5727 2124 5759 ⁷³
2160 5725 2390 5796 Philipp.
2431 5743 2491 5794 ιι,
2525 5728 2638 5782 6-8.

2301 4545 2381 4605 είς
2430 4541 2564 4596 ἰδίαν
2615 4543 2990 4611 ὑπομενούσας
3026 4545 3206 4612 φύσιν.
3257 4540 3381 4615 'Ap’
3427 4543 3541 4613 οὖν,
3595 4548 3715 4599 εἰπέ
3766 4565 3889 4618 μοι,

2303 4631 2506 4700 ταύτης
2555 4631 2716 4684 ἓνεκα
2763 4634 2860 4703 τῆς
2910 4634 3087 4696 αἰτίας
3137 4634 3392 4703 ἀμέτοχοι
3439 4635 3548 4688 τῶν
3599 4638 3888 4704 capiamur

2305 4722 2412 4777 εἷεν
2462 4723 2547 4788 ἂν,
2579 4725 2660 4776 ὅτι
2711 4725 2783 4794 μὴ
2838 4726 3136 4780 πεπόνθασι
3178 4727 3244 4779 τὰ
3277 4727 3505 4797 σώματα
3535 4727 3644 4799 [Ῑσ.
3690 4729 3886 4798 σώμα-

2305 4813 2449 4885 τος];
2492 4814 2632 4866 Ἀλλ’
2658 4815 2687 4866 ὅ
2717 4829 2780 4882 γε
2806 4815 2903 4884 τῆς
2928 4815 3184 4883 ἀληθείας
3209 4816 3383 4884 λόγος,
3415 4818 3511 4870 οὐκ
3546 4818 3650 4883 ἔξω
3694 4819 3887 4888 τίθησι

2304 4903 2398 4956 τοῦ
2433 4902 2622 4956 παθεῖν
2671 4903 2866 4965 αὐτούς
2897 4903 3012 4974 [ισ.
3053 4904 3277 4977 «azm-
3318 4906 3618 4959 πεπόνθασι
3649 4907 3755 4976 γάρ
3815 4909 3894 4963 τὰ

2306 4993 2508 5074 αὐτῶν,
2554 4995 2647 5046 καὶ
2695 4993 2756 5045 ού
2805 4994 2872 5046 τὰ
2921 4995 3122 5065 ἑτέρων
3157 4996 3424 5064 σωμάτων
3460 4994 3568 5067 [τσ.
3608 4995 3888 5070 σώματα].

2321 5084 2552 5154 ’Δμαθὲς
2575 5081 2665 5138 οὖν
2696 5085 2802 5155 ἄρα
2832 5086 2892 5138 τὸ
2917 5085 3370 5140 διαπυνθάνεσθαι
3402 5087 3597 5155 φιλεῖν,
3631 5089 3678 5139 εἰ
3707 5103 3894 5158 παρα-

2309 5178 2515 5230 δέδοται
2572 5178 2712 5247 μετά
2757 5178 2856 5246 τῆς
2911 5179 3111 5249 σαρκὸς
3162 5180 3195 5249 ἡ
3253 5180 3352 5249 τῆς
3401 5179 3652 5251 θεότητος
3700 5180 3892 5250 φύσις,

2308 5271 2476 5340 ἧγουν
2507 5269 2764 5339 ἐνεσχέθη
2794 5273 2904 5333 τοῖς
2947 5271 3212 5324 Ἰουδαίων
3245 5271 3477 5342 βρόχοις,
3510 5274 3542 5342 ἢ
3577 5274 3672 5330 καὶ
3716 5275 3892 5341 αὐτὴν

2309 5361 2566 5430 ὑπέμεινε
2596 5361 2694 5429 τὴν
2735 5363 2988 5431 σφαγήν·
3043 5363 3262 5425 εὐσεϐὲς
3314 5364 3373 5416 δὲ
3411 5365 3610 5435 μᾶλλον
3662 5367 3888 5428 ἐννοεῖν,

2307 5455 2385 5506 ὅτι
2418 5455 2654 5522 πάντητε
2691 5458 2782 5508 καὶ
2815 5459 3031 5520 πάντως
3065 5459 3403 5512 οἰκειώσεται
3437 5462 3535 5529 μὲν
3564 5461 3589 5511 ό
3619 5461 3790 5529 Λόγος
3821 5464 3890 5514 τὰ

2307 5550 2372 5614 τῇ
2432 5546 2535 5616 lvii;
2601 5550 2760 5616 σαρκὶ
2818 5549 3200 5619 συμϐεϐηκότα.
3256 5550 3440 5619 πάθη’
3498 5551 3775 5622 μεμένηκε
3833 5551 3895 5606 δὲ

2717 5731 2759 5760 ⁷³
2790 5733 2828 5784 11
2868 5729 3105 5786 Timoth.
3147 5747 3215 5798 iv,
3256 5731 3307 5802 7,
3353 5733 3403 5787 8.
