4040 6430
133 349 226 402 235
1215 345 1580 401 ADVERSUS
1619 342 2020 401 NESTORIUM
2065 346 2194 398 Llll.
2233 347 2299 401 V.

3283 349 3393 406 23‘

133 457 346 526 ἀπαθὴς
379 458 460 520 ὡς
508 456 662 522 Θεὸς,
694 457 835 528 πλὴν
862 458 960 510 οὐκ
999 456 1105 523 ἐξω
1148 456 1242 510 τοῦ
1272 458 1568 528 πάσχοντος
1609 455 1703 509 σὼ·

1823 457 2072 511 deorsum
2108 457 2408 524 inculcans,
2443 472 2545 512 non
2577 472 2698 513 esse
2731 473 2760 511 a
2781 472 3046 527 quoquam
3079 461 3388 523 dicendum.

133 565 316 615 ματος.
359 548 541 611 Αὐτὸς
569 548 625 600 δέ
653 548 722 601 τὰ
748 547 923 611 οὕτως
949 548 1304 618 οἰκονομικῶς
1351 546 1713 617 πεπραγμένα

126 639 231 698 τοῖς
282 637 395 705 τῆς
449 638 686 700 ἀτοπίας
740 638 1081 708 ἐγκλήμασιν
1125 638 1307 700 ἐνιεὶς,
1360 636 1472 689 άνω
1513 653 1573 688 τε
1623 637 1717 690 καὶ

127 728 272 780 κάτω
313 727 530 794 λέγων,
567 728 643 799 μὴ
680 727 746 797 δὴ
777 729 976 798 χρῆναι
1008 727 1141 796 πρός
1165 743 1309 788 τινος
1338 727 1436 796 τὴν
1464 726 1563 795 τῆς
1589 725 1718 778 Θεό-

1825 546 2126 602 divinitatis
2180 554 2430 602 naturam
2477 563 2598 603 esse
2647 553 2847 606 caedem
2895 564 3226 620 perpessam,
3283 553 3390 606 vim

1823 637 1957 691 tanti
2006 636 2250 707 mysterii
2311 638 2365 692 in
2423 637 2694 694 hominem
2769 641 2995 697 seorsim
3058 656 3122 697 ac
3175 645 3392 713 proprie

1819 742 2029 782 summa
2059 743 2182 784 cum
2216 729 2492 799 impietate
2535 731 2762 802 redigit,
2798 734 3082 804 ipsumque
3107 734 3240 789 dicit
3269 749 3390 790 esse

124 832 280 884 τητος
316 815 493 883 φύσιν
531 817 821 885 ὑπομεῖναι
852 817 1105 886 λέγεσθαι
1142 816 1240 886 τὴν
1286 816 1516 886 σφαγὴν,
1568 832 1703 886 περι

1820 817 2160 886 crucillxum,
2192 829 2247 874 et
2266 819 2356 890 qui
2388 827 2616 875 mortem
2641 836 2738 890 pro
2768 823 2953 876 mundi
3005 823 3116 876 vita.
3156 822 3388 892 pertule-

124 907 342 976 ίστησιν
402 906 638 969 ἀνοσίως
674 909 755 970 εἰς
802 908 1087 978 ἄνθρωπον
1140 906 1322 969 ἰδικῶς
1367 907 1460 958 τοῦ
1516 923 1715 976 μυστη-

1822 907 1912 962 rit.
1941 909 2120 964 Audio
2149 925 2386 981 namque
2419 911 2566 965 illum
2606 926 2792 966 rursus
2822 912 2876 967 in
2913 912 3017 967 alia
3050 912 3390 982 expositione

121 995 233 1067 ρίου
269 994 381 1064 τὴν
428 995 698 1064 δὺναμινο
732 997 828 1050 καὶ
853 997 1012 1050 αὑτὸν
1046 991 1186 1048 εἰναί
1233 1011 1364 1066 φησι
1392 995 1482 1048 τὸν
1527 997 1721 1047 ἐσταυ-
1820 997 2038 1053 dicere:

119 1089 401 1159 ρωμένον,
430 1091 529 1143 καὶ
560 1092 652 1143 τὸν
687 1090 828 1161 ὑπὲρ
850 1091 951 1161 τῆς
991 1091 1084 1144 τοῦ
1113 1091 1322 1161 κόσμου
1358 1091 1505 1160 ζωῆς
1533 1088 1838 1142 ἀνατλάντα
1867 1089 2110 1148 θάνατον.
2157 1095 2364 1149 ’Δκούω
2400 1095 2508 1167 γὰρ
2544 1096 2815 1164 λέγοντος,
2849 1095 2908 1146 ἐν
2933 1095 3190 1166 ἐξηγήσει
3226 1094 3389 1149 πάλιν

118 1182 285 1234 ἐτέοα
302 1201 320 1213 σ

184 1200 203 1234 ε
302 1201 320 1213 .

184 1200 396 1348 [gi-cog
458 1280 489 1330 ὁ
536 1279 628 1330 τὸν
677 1278 967 1332 ἀκάνθινον
1011 1279 1366 1350 περιθέμενος
1415 1280 1714 1348 στέφανον·

115 1361 266 1431 οὗτος
294 1371 327 1421 ὁ
357 1369 546 1438 λέγων
569 1387 583 1400 ·
629 1388 646 1418 ι
683 1367 786 1422 Θεέ
825 1387 952 1438 μου,
977 1369 1079 1422 Θεέ
1113 1387 1236 1439 μου,
1285 1371 1371 1423 ἵνα
1418 1370 1468 1422 τί
1514 1387 1579 1438 με
1624 1373 1718 1436 ἐγ·-

116 1460 453 1525 κατέλιπεςς
517 1477 537 1509 ι
602 1455 757 1523 οὗτος
820 1463 848 1513 ὁ
903 1462 1202 1532 τριήμερον
1275 1461 1530 1528 τελευτὴν
1587 1461 1717 1512 ὑπο-

117 1549 356 1622 μείνας-1

733 1686 983 1739 ΚΕΦΑΛ.
1034 1686 1111 1741 E'.

1889 1273 2126 1333 Nesron.
2155 1276 2279 1349 [Hic
2308 1277 2430 1344 ille,
2456 1278 2540 1334 cui
2570 1278 2755 1348 spinea
2781 1291 2980 1334 corona
3007 1275 3385 1344 circumposita

1820 1366 1941 1429 fuit,
1978 1367 2064 1422 hic
2095 1368 2183 1422 ille
2223 1369 2312 1437 qni
2359 1368 2533 1423 dixit:
2574 1388 2592 1420 ι
2643 1370 2782 1424 Deus
2818 1383 3006 1432 meus,
3038 1367 3179 1422 Deus
3212 1381 3384 1426 meus,

1819 1466 1881 1508 ut
1915 1458 2040 1525 quid
2070 1473 2154 1512 me
2183 1458 2652 1528 dereliquisti?"i
2688 1461 2776 1514 hic
2805 1460 2895 1514 ille
2912 1459 3006 1529 qui
3039 1464 3266 1512 mortem
3295 1455 3390 1508 tri-

1820 1552 2057 1600 duanam
2084 1546 2383 1620 sustinuit.]

2471 1679 2623 1735 CAP.
2668 1682 2735 1737 γ.

189 1812 512 1883 Ἐπόμενος
571 1816 671 1884 μὲν
724 1811 818 1870 οὖν
870 1817 1031 1880 αὐτὸς
1078 1817 1158 1887 τῷ
1212 1818 1326 1888 ἰδίῳ
1377 1822 1597 1888 σκοπῷ,
1646 1826 1703 1876 τά

1886 1808 2004 1879 lpse
2029 1812 2243 1880 quidem
2285 1827 2438 1867 suum
2477 1822 2693 1869 secutus
2724 1815 3054 1884 propositum
3083 1814 3197 1870 haec
3221 1814 3384 1878 dicit;

109 1904 286 1956 τοιάδε
354 1906 568 1971 φησίν
635 1907 797 1974 ἡμεῖς
847 1906 903 1957 δὲ
953 1905 1100 1973 αὐτῷ
1151 1908 1456 1978 σοφώτερόν
1506 1928 1563 1961 τε
1623 1915 1713 1964 καὶ

108 1993 488 2062 ἀληθέστερον
563 1993 906 2064 ἐπιδείξομεν
974 1995 1070 2047 τὸν
1164 1998 1546 2071 Ἐμμανουήλ.
1623 2004 1714 2054 τὸν

108 2081 198 2133 τοῦ
250 2084 472 2150 κόσμου
524 2083 730 2147 παντὸς
780 2085 1000 2154 σωτῆρα
1039 2086 1131 2139 καὶ
1167 2087 1467 2158 λυτρωτὴν.
1514 2091 1710 2159 Γέγονε

107 2173 238 2242 γὰρ,
261 2174 342 2234 ὡς
367 2173 475 2241 ἤδη
504 2173 825 2236 πλειστάκις
855 2176 1098 2245 εἴπομεν,
1123 2177 1259 2248 σὰρξ
1287 2180 1314 2230 ὀ
1341 2180 1533 2246 Λόγος,
1555 2182 1713 2250 σῶμα

109 2259 237 2333 ire]
269 2262 411 2314 ἴδιον
480 2262 890 2330 ποιησάμενος,
938 2263 998 2314 τὸ
1047 2263 1272 2332 πάσχειν
1327 2265 1487 2328 εἰδὸς,
1524 2268 1709 2328 αἰκίας

107 2366 161 2401 τε
192 2353 291 2403 καὶ
328 2351 594 2414 Θάνατον,
628 2350 860 2404 δέδωκεν
891 2353 1028 2422 ὑπὲρ
1058 2353 1214 2421 ἡμῶν
1235 2353 1387 2418 αὐτὸ,
1423 2355 1536 2418 καὶ,
1566 2355 1709 2408 καθὰ

109 2460 279 2512 φησιν
311 2443 343 2494 ὁ
376 2441 672 2505 θεσπέσιος
697 2441 929 2504 Παῦλος,
965 2443 1226 2512 ὑπέμεινε
1256 2443 1489 2512 σταυρὸν
1521 2444 1709 2514 αἰσχύ-

109 2550 204 2601 νης
242 2533 711 2602 καταφρονήσας.
740 2532 810 2583 Ἦ
842 2531 950 2599 γὰρ
983 2531 1083 2584 οὐκ
1121 2532 1374 2602 αἰσχύνη,
1407 2535 1502 2586 καὶ
1545 2535 1706 2587 οἱονεί

108 2640 187 2684 τις
221 2621 482 2692 ἐντροπὴ
516 2619 596 2689 τῷ
630 2620 924 2673 πανσθενεῖ
950 2623 1044 2675 καὶ
1078 2621 1361 2693 ζωοποιῷ,
1394 2627 1487 2677 καὶ
1520 2627 1708 2680 παθῶν

111 2715 381 2766 ἐπέκεινα
417 2713 643 2781 λαχόντι
665 2711 763 2781 τὴν
795 2712 976 2779 φύσιν,
1000 2713 1062 2766 τὸ
1089 2715 1146 2780 ἐξ
1179 2715 1526 2788 ἀνθρωπίνης
1549 2718 1706 2771 ἀσθε-

108 2807 258 2868 νείας
289 2802 697 2872 σταυρωθῆναι
737 2803 934 2866 δοκεῖν,
968 2807 1064 2858 καὶ
1107 2807 1164 2857 ἐν
1205 2806 1421 2875 θανάτῳ
1451 2808 1705 2874 γενέσθαι

110 2896 252 2949 κατά
297 2894 408 2962 τὴν
445 2893 658 2963 σάρκα;
715 2895 826 2946 Καὶ
878 2895 1006 2962 γοῦν
1047 2895 1076 2945 ὁ
1109 2897 1271 2959 αὑτός
1304 2897 1406 2949 πού
1442 2916 1575 2966 φησι
1615 2899 1704 2952 διὰ

109 2988 297 3056 φωνῆς
340 2986 579 3038 Ἡσαΐου
598 3002 613 3014 ο
654 3005 670 3032 ι
707 2985 810 3037 Τὸν
841 2985 1008 3037 νῶτόν
1039 3002 1142 3053 μου
1172 2986 1379 3039 δέδωκα
1408 2991 1488 3050 εἰς
1511 2989 1704 3057 μάστι-

106 3089 246 3140 γας,
279 3073 393 3135 τὰς
441 3072 502 3124 δὲ
556 3071 815 3138 σιαγόνας
865 3090 966 3140 μου
1007 3074 1086 3132 εἰς
1143 3075 1490 3143 ῥαπίσματα·
1544 3076 1604 3127 τὸ
1655 3077 1705 3129 δέ

1814 1908 1871 1951 at
1943 1915 2040 1954 nos
2101 1901 2175 1954 illi
2239 1903 2540 1969 sapientius
2600 1919 2664 1958 ac
2734 1906 2914 1959 verius
2979 1904 3386 1959 Emmanuelem

1815 1993 2181 2057 ostendemus,
2216 1993 2398 2046 mundi
2429 1993 2592 2047 totius
2621 1993 2943 2049 salvatorem
2983 2009 3046 2050 ac
3079 1996 3386 2065 redempto-

1817 2097 1952 2136 rem.
1983 2082 2219 2137 Verbum
2268 2082 2424 2153 135
2464 2085 2644 2147 enim,
2693 2093 2751 2138 ut
2789 2083 2903 2152 jam
2949 2100 3090 2154 saepe
3126 2087 3382 2150 diximus,

1815 2185 1942 2225 caro
1981 2171 2180 2225 factum
2211 2183 2314 2236 est,
2348 2187 2582 2241 cumque
2633 2187 2831 2242 corpus
2861 2177 3138 2246 proprium
3171 2175 3384 2232 ell'ecis-

1815 2270 1895 2314 set
1925 2261 2066 2328 quod
2099 2271 2280 2329 posset
2310 2260 2538 2330 injurias
2572 2278 2635 2316 ac
2673 2273 2900 2318 mortem
2946 2267 3076 2332 pati,
3122 2265 3251 2320 illud
3285 2281 3384 2337 pro

1814 2350 1968 2403 nobis
1998 2351 2165 2416 dedit,
2195 2361 2270 2418 et,
2298 2360 2355 2405 ut
2381 2352 2456 2405 ait
2478 2353 2667 2406 beatus
2701 2351 2918 2419 Paulus,
2953 2369 3170 2411 crucem
3215 2359 3382 2412 susti-

1813 2438 1931 2492 nuit
1963 2437 2277 2494 confusione
2305 2449 2609 2510 contempta
2631 2442 2696 2496 ⁷⁸.
2725 2443 2860 2507 Quid
2885 2444 3027 2497 enim
3048 2446 3070 2498 ?
3092 2461 3198 2500 non
3223 2447 3383 2501 dede-

1812 2543 1906 2582 cus
1936 2537 2038 2593 est,
2073 2538 2129 2584 et
2159 2531 2400 2599 qumdam
2436 2546 2604 2601 prope
2633 2532 2882 2588 confusio
2915 2534 2991 2589 illi
3026 2537 3380 2605 omnipotenti

1811 2630 1864 2672 et
1892 2619 2205 2684 viviﬁcanti,
2242 2627 2297 2674 et
2334 2628 2582 2674 naturam
2629 2622 2852 2676 habenti
2887 2633 3145 2678 remotam
3187 2640 3217 2677 a
3260 2641 3384 2694 pas-

1810 2711 2073 2776 sionibus,
2114 2725 2178 2764 ex
2209 2711 2444 2763 humana
2480 2711 2795 2766 inﬁrmitate
2831 2715 3005 2781 putari
3041 2714 3380 2774 crucifixum.

1808 2810 1862 2854 et
1911 2810 2138 2854 mortem
2179 2803 2475 2855 secundum
2523 2818 2738 2858 carnem
2798 2806 3153 2874 perpessum?
3197 2804 3383 2876 Itaque

1809 2891 1921 2958 ipse
1948 2890 2104 2959 plane
2131 2890 2259 2945 dicit
2287 2906 2381 2960 per
2425 2907 2607 2946 vocem
2642 2894 2795 2948 Isaiae
2824 2911 2836 2944 :
2879 2912 2898 2944 ι
2933 2895 3158 2949 Dorsum
3199 2910 3379 2948 meum

1810 2980 1930 3032 dedi
1963 2981 2014 3032 in
2040 2977 2275 3048 ﬂagella,
2306 2987 2357 3032 et
2378 2981 2628 3035 maxillas
2665 2996 2812 3035 meas
2840 2980 2905 3034 ad
2931 2980 3112 3049 alapas
3141 2998 3153 3034 :
3185 2980 3378 3034 faciem

1810 3079 1986 3122 autem
2012 3083 2187 3122 meam
2218 3082 2323 3121 non
2353 3069 2522 3122 averti
2547 3085 2576 3123 a
2606 3069 2917 3125 confusione
2946 3079 3224 3139 sputorum
3250 3068 3320 3122 ".
3353 3087 3372 3118 ι

107 3163 414 3233 πρόσωπόν
453 3177 556 3229 μου
605 3161 705 3212 οὐκ
754 3163 1087 3232 ἁπέστρεψα
1133 3164 1239 3215 άπὸ
1289 3165 1549 3233 αἰσχύνης
1603 3168 1700 3233 ἐμ-

1811 3159 1875 3212 Et
1904 3159 2094 3212 iterum
2123 3173 2136 3208 :
2176 3176 2196 3208 ι
2236 3158 2359 3213 ldco
2393 3175 2496 3213 non
2529 3175 2646 3214 sum
2677 3160 2966 3225 confusus,
2998 3161 3090 3215 sed
3117 3162 3267 3230 posui
3299 3161 3378 3215 fa-

105 3254 482 3322 τττυσμάτων.
513 3269 530 3299 ι
555 3251 661 3302 Καὶ
689 3250 870 3303 πάλιν’
904 3271 920 3302 ι
947 3254 1042 3305 Διὰ
1071 3252 1222 3306 τοῦτο
1249 3255 1348 3306 οὐκ
1378 3255 1701 3323 ἐνετράπην,

107 3342 220 3393 αλλ’
271 3340 456 3408 ἔθηκα
509 3338 570 3389 τὸ
614 3339 911 3408 πρόσωπόν
967 3329 1068 3407 μου
1101 3340 1176 3402 ὡς
1211 3341 1436 3409 στερεὰν
1471 3343 1700 3412 πέτραν,

107 3435 199 3483 καὶ
251 3430 434 3497 ἔγνων
480 3429 562 3481 ὅτι
606 3431 666 3482 οὐ
718 3429 793 3501 μὴ
841 3431 1258 3499 καταισχυνθῶ,
1312 3433 1392 3486 ὅτι
1431 3433 1639 3500 ἐγγίζει
1677 3436 1703 3486 ό

104 3521 420 3584 δικαιώσας
480 3539 568 3590 με.
609 3539 626 3572 ι
665 3521 832 3574 Ὅσον
881 3523 980 3590 μὲν
1023 3523 1129 3591 γὰρ
1179 3517 1314 3593 ἧκεν
1371 3525 1450 3586 εἷς
1497 3541 1560 3590 γε
1607 3523 1704 3586 τὰς

116 3613 422 3684 Ἐὶὶήνωεδ
448 3612 543 3663 καὶ
566 3611 754 3680 μέντοι
793 3612 885 3663 καὶ
921 3613 1189 3663 Ἰουδαίων
1220 3613 1442 3676 ἀνοσίας
1479 3615 1700 3682 ἀγέλας,

108 3703 418 3756 σκάνδαλόν
444 3719 504 3754 τε
525 3701 660 3772 ὁμοῦ
700 3703 792 3754 καὶ
828 3701 1007 3772 μωρία
1040 3703 1348 3771 νενόμισται
1378 3703 1438 3756 τὸ
1464 3703 1701 3775 Χριστοῦ

109 3797 427 3865 μυστήριον
449 3809 462 3822 ο
501 3792 901 3863 καταμειδιῶσι
924 3792 1032 3862 γὰρ
1060 3793 1108 3844 οἱ
1134 3793 1363 3855 τάλανες
1391 3791 1485 3846 τοῦ
1519 3794 1700 3863 τιμίου

107 3889 391 3958 σταυροῦ·
441 3885 714 3953 ἐκϐέϐηκε
761 3885 818 3937 δέ
863 3884 962 3953 τῆς
1006 3884 1269 3953 δοκούσης
1308 3885 1492 3947 αὐτοῖς
1540 3887 1701 3938 ἀσθε-

105 3981 253 4041 νείας
301 3978 374 4028 τὸ
410 3975 592 4045 πέρας
626 3979 708 4038 εἰς
753 3975 1003 4037 εὐκλείας
1055 3975 1283 4043 δύναμιν
1337 3975 1437 4046 τῆς
1486 3975 1702 4045 ἀληθῶς

106 4067 624 4138 θεοπρεπεστέιτης.
658 4065 1098 4136 Μεμαρτύρηται
1135 4067 1242 4137 γάρ
1279 4066 1368 4119 διὰ
1398 4067 1496 4136 τῆς
1522 4069 1585 4120 ἑκ
1614 4087 1700 4120 νε-

104 4165 253 4234 κρῶν
303 4163 670 4223 ἀναστάσεως
698 4201 713 4225 ,
747 4162 830 4212 ὅτι
860 4177 919 4212 τε
959 4162 1042 4230 εἴη
1075 4161 1228 4223 Θεὸς,
1270 4161 1362 4213 καὶ
1392 4160 1524 4213 Θεοῦ
1559 4162 1699 4214 κατὰ

105 4254 374 4323 ἀλήθειαν
421 4253 590 4312 Υἱὸς,
640 4252 716 4312 ὡς
766 4251 999 4303 θανάτου
1049 4252 1310 4318 κρείττων
1346 4252 1438 4304 καὶ
1472 4253 1696 4323 φθορᾶς,

103 4349 196 4397 καὶ
244 4343 390 4412 ὁμοῦ
424 4342 504 4411 τῷ
554 4342 914 4410 Γεγεννηκότι
944 4345 1332 4411 προσκυνεῖται
1376 4343 1526 4412 παρὰ
1565 4343 1699 4394 πάν-

105 4455 228 4488 των.
265 4437 478 4487 Ἀκουε
531 4433 586 4483 δὲ
640 4433 1066 4500 διακεκραγὸτος
1099 4435 1230 4501 ἡμῖν
1281 4431 1412 4484 αὐτὸ
1445 4432 1508 4501 δὴ
1539 4431 1696 4483 τοῦτο

107 4534 446 4601 Γράμματος
477 4527 625 4598 ἱεροῦ
647 4544 660 4559 ·
706 4547 725 4580 ι
757 4528 911 4582 Οὕτω
942 4527 1089 4594 λέγει
1131 4526 1362 4597 Κύριος·
1402 4528 1694 4593 ’Λγιάσατε

102 4627 190 4675 τὸν
221 4621 564 4690 φαυλίζοντα
590 4620 690 4688 τὴν
716 4618 895 4686 ψυχὴν
928 4617 1114 4679 αὑτοῦ,
1152 4616 1241 4668 τὸν
1275 4616 1695 4686 βδελυσσόμενον

104 4715 207 4767 ὑπὸ
255 4712 374 4765 τῶν
425 4709 622 4772 ἐθνῶν,
675 4708 784 4759 τῶν
822 4706 1045 4771 δούλων,
1081 4706 1190 4758 τῶν
1235 4706 1507 4776 ἀρχόντων
1560 4708 1692 4775 (57).

105 4806 356 4866 Βασιλεῖς
384 4802 614 4871 ὅψονται
654 4799 837 4862 αὑτὸν,
875 4799 968 4851 καὶ
1011 4799 1404 4866 ἀναστήσονται
1439 4797 1699 4866 ἄρχοντες

104 4901 197 4951 καὶ
243 4897 730 4968 προσκυνήσουσιν
777 4888 943 4958 αὐτῷ.
992 4909 1009 4940 ι
1070 4888 1456 4956 ὐμολογείτε,
1507 4888 1692 4958 φησιν,

106 4991 256 5056 ᾶγιον
299 4983 447 5042 εἶναι
480 4983 625 5036 κατά
663 4982 826 5049 φύσιν
854 4979 929 5043 ὡς
968 4979 1131 5032 Θεόν⁶
1172 4979 1263 5030 τὸν
1297 4978 1395 5046 τὴν
1435 4976 1566 5030 ἰδίαν
1591 4977 1693 5045 ψυ-

108 5083 203 5151 χὴν
236 5075 665 5146 ὲκφαυλίζοντα,
717 5071 986 5136 τουτέστι,
1037 5071 1127 5123 τὸν
1160 5071 1256 5139 τῆς
1290 5069 1484 5123 ἐαυτοῦ
1525 5087 1693 5123 καταο

110 5176 459 5240 φρονήσαντα
510 5167 711 5236 ψυχῆς.
761 5163 983 5216 Τέθεικε
1030 5163 1137 5233 γὰρ
1179 5161 1347 5230 αὐτὴν
1395 5163 1533 5230 ὑπὲρ
1581 5163 1688 5213 τῶν

186 5329 233 5358 ’⁸
266 5325 465 5380 Matth.
498 5339 665 5382 xxvlt.
697 5320 789 5374 46.

869 5321 912 5347 τ’
955 5317 1116 5372 Hebr.
1152 5333 1248 5377 xu.
1284 5317 1336 5368 ἓ.
1415 5318 1458 5348 ⁷⁷
1487 5317 1587 5370 isa.
1621 5332 1692 5379 LI,
1726 5317 1777 5369 6.
1856 5316 1900 5346 "
1934 5316 2061 5371 ibid.
2099 5317 2205 5368 7-8.

1807 3250 1944 3302 ciem
1977 3264 2148 3302 meam
2182 3259 2237 3301 ut
2269 3251 2455 3302 duram
2501 3259 2731 3317 petram,
2757 3261 2811 3305 et
2839 3251 3062 3319 cognovi
3093 3253 3234 3320 quod
3269 3266 3377 3305 non

1808 3343 2127 3408 cnnfnndar,
2183 3343 2305 3412 quia
2352 3357 2517 3412 prope
2569 3352 2652 3398 est
2694 3344 2783 3413 qui
2823 3342 3081 3411 jnstilicat
3131 3346 3297 3400 me".
3353 3364 3372 3395 ι

1807 3434 1937 3487 Nam
1964 3436 2104 3503 quod
2140 3437 2334 3487 attinet
2364 3435 2430 3487 ad
2467 3436 2744 3502 gentilium
2781 3436 3132 3504 atquc'etiam
3166 3434 3377 3490 Judaeu-

1810 3542 1924 3579 rum
1979 3527 2194 3594 impiam
2241 3527 2472 3590 turbam,
2509 3528 2821 3582 scandalum
2861 3529 3020 3582 simul
3065 3537 3118 3583 et
3150 3529 3376 3582 stultitia

1806 3615 2172 3669 existimatum
2207 3627 2289 3669 est
2316 3616 2521 3670 Christi
2556 3620 2894 3686 mysterium.
2940 3616 3195 3672 Derident
3221 3633 3374 3671 nam-

1806 3718 1910 3772 que
1945 3703 2125 3758 miseri
2155 3705 2515 3758 venerandam
2554 3720 2808 3770 crucem;
2850 3706 2942 3759 sed
2982 3705 3097 3774 ejus
3141 3704 3371 3758 inﬁrmi-

1805 3795 1960 3862 tatis,
1998 3806 2054 3848 ut
2088 3796 2188 3864 ipsi
2225 3796 2535 3862 opinantur,
2573 3796 2694 3848 linis
2733 3796 2906 3850 evasit
2950 3798 3015 3850 ad
3052 3798 3373 3867 magnitudi-

1806 3904 1925 3942 nem
1953 3888 2137 3956 εισι-ἷξε
2167 3902 2352 3941 revera
2402 3889 2617 3942 divinae.
2668 3885 2801 3940 Nam
2840 3889 3246 3956 comprobatum
3290 3898 3376 3943 est

1805 3995 1900 4049 per
1929 3981 2389 4034 resurrectionem
2413 3992 2477 4032 ex
2510 3981 2737 4034 mortuis
2763 3990 2816 4033 et
2852 3980 2999 4032 illum
3035 3993 3151 4034 esse
3184 3978 3372 4043 Deum,

1802 4081 1857 4126 et
1881 4070 1973 4125 Dei
2003 4084 2190 4124 revera
2218 4068 2439 4133 Filium,
2470 4078 2528 4123 ut
2558 4070 2650 4137 qui
2691 4071 2876 4124 mortis
2905 4070 3375 4140 corruptionisqnc

1802 4160 1974 4213 victor
2009 4159 2189 4223 fuerit,
2219 4170 2274 4214 et
2315 4159 2472 4213 simul
2501 4174 2634 4212 'cum
2676 4157 2833 4212 Patre
2873 4160 2940 4213 ab
2971 4161 3219 4214 omnibus
3279 4163 3372 4214 ad-

1801 4259 2005 4305 oretur.
2047 4251 2186 4304 Audi
2213 4261 2389 4303 autem
2410 4264 2592 4304 sacras
2627 4248 2858 4302 Litteras
2885 4250 2985 4304 hoc
3012 4251 3183 4317 ipsum
3220 4253 3374 4307 nobis

1801 4342 2195 4411 proclamantes
2231 4358 2242 4393 :
2285 4359 2303 4391 ι
2333 4341 2421 4395 Sic
2462 4341 2593 4394 dicit
2656 4339 2911 4394 Dominus
2960 4359 2973 4394 :
3028 4340 3374 4395 Sanctiﬁcate

1803 4433 2183 4502 despicientem
2221 4433 2454 4485 animam
2510 4446 2683 4494 suam,
2737 4440 3075 4484 exsecratum
3127 4445 3154 4483 a
3199 4432 3372 4499 genti-

1805 4528 1922 4591 bus,
1981 4528 2174 4590 servis,
2231 4523 2585 4593 principibus.
2634 4521 2808 4589 Reges
2836 4521 3091 4574 videbunt
3137 4535 3282 4583 eum,
3318 4531 3375 4572 et

1805 4617 2136 4683 consurgent
2161 4614 2451 4683 principes,
2478 4622 2533 4666 et
2559 4612 2855 4665 adorabunt
2881 4626 3002 4664 eum
3026 4611 3089 4663 "’.
3135 4629 3152 4660 ι
3191 4609 3372 4673 Conﬁ-

1806 4705 2012 4768 temini,
2059 4705 2253 4772 inquit,
2303 4713 2550 4757 sanctum
2591 4715 2712 4755 esse
2754 4701 2898 4754 illum
2942 4708 3127 4769 utpote
3160 4699 3368 4754 Deum:

1805 4796 1954 4848 illum
1990 4795 2079 4864 qui
2114 4809 2263 4848 suam
2300 4794 2533 4846 animam
2562 4794 2809 4860 despicit,
2847 4793 2944 4845 hoc
2970 4802 3074 4856 est,
3099 4792 3186 4860 qui
3217 4807 3368 4846 suam

1801 4887 2032 4940 animam
2062 4886 2376 4939 contemnit.
2419 4885 2551 4938 Nam
2605 4884 2747 4937 illam
2801 4898 2895 4952 pro
2934 4883 3123 4936 ovibus
3171 4885 3368 4951 posuit,

1800 4990 1855 5034 ut
1890 4987 2077 5048 pastor
2114 4978 2288 5032 bonus
2317 4979 2360 5008 ⁸ο
2392 4997 2404 5030 ;
2445 4990 2602 5045 quem
2655 4985 2948 5030 exsecrata:
2985 4976 3201 5044 quidem
3246 4987 3371 5029 sunt

1800 5080 2005 5138 gentes,
2055 5077 2110 5120 et
2154 5067 2293 5122 servi
2328 5078 2381 5121 ct
2433 5068 2662 5121 ministri
2705 5066 2872 5134 alapis
2919 5067 3364 5126 delioneslarunt,

1799 5177 1920 5213 cum
1953 5160 2349 5215 Pharisaeorum
2389 5159 2540 5214 turba
2572 5159 2645 5213 illi
2681 5159 2842 5228 impie
2883 5157 3182 5212 insultaret.
3213 5156 3364 5211 Hunc

2298 5319 2341 5347 "’
2374 5318 2473 5370 lsa.
2510 5333 2654 5381 XLIX,
2689 5315 2739 5368 7.
2826 5315 2871 5345 ’°
2902 5314 3130 5380 Joan.x,
3167 5317 3252 5370 Il.

1374 5470 1532 5527 ΛΝΤ.
1576 5467 1845 5523 AGELLII
1889 5467 2119 5523 ΝΟΤᾹΖ.

178 5646 285 5710 (37)
322 5641 624 5697 Peculiaris
661 5646 746 5692 est
779 5637 894 5689 haec
940 5635 1098 5710 lectio
1127 5631 1351 5710 Cyrilin,
1384 5643 1504 5710 cum
1549 5625 1683 5710 ιεχρι

113 5697 362 5769 iubeant.
406 5724 457 5764 nt
492 5711 603 5763 fere
637 5710 689 5762 in
741 5719 928 5759 eorum
961 5705 1119 5757 codd.
1167 5697 1381 5771 legitur,
1436 5697 1523 5750 τὸν
1563 5697 1684 5746 δοῦ-

424 5805 701 5862 Ριτιιοιη
745 5800 863 5857 Gn.
912 5797 1180 5859 LXXVI.

1802 5624 1890 5675 λον
1925 5625 2029 5676 τῶν
2063 5624 2358 5694 ἀρχόντων,
2404 5644 2602 5681 servum
2644 5630 2990 5691 dominorum,
3026 5635 3084 5680 ul.
3121 5626 3281 5681 etiam
3313 5623 3371 5682 in

1806 5694 2041 5746 “t‘ill‘tl'is
2073 5695 2284 5761 legitur.

2982 5788 3014 5844 8
