  <div class='ocr_page' id='page_1' title='image "/cluster/home/n/w/nwhite01/storage/ocr_20150623/76/ien.35556001661040/129.png"; bbox 0 0 4040 6436; ppageno 0'>
   <div class='ocr_carea' id='block_1_1' title="bbox 664 343 769 399">
    <p class='ocr_par' dir='ltr' id='par_1_1' title="bbox 664 343 769 399">
     <span class='ocr_line' id='line_1_1' title="bbox 664 343 769 399; baseline -0.029 0"><span class='ocrx_word' id='word_1_1' title='bbox 664 343 769 399; x_wconf 75' lang='grc'><strong>255</strong></span> 
     </span>
    </p>
   </div>
   <div class='ocr_carea' id='block_1_2' title="bbox 1691 322 2932 385">
    <p class='ocr_par' dir='ltr' id='par_1_2' title="bbox 1691 322 2932 385">
     <span class='ocr_line' id='line_1_2' title="bbox 1691 322 2932 385; baseline -0.006 -1"><span class='ocrx_word' id='word_1_2' title='bbox 1691 331 1746 385; x_wconf 86' lang='lat' dir='ltr'><strong>S.</strong></span> <span class='ocrx_word' id='word_1_3' title='bbox 1789 337 1828 385; x_wconf 80' lang='lat' dir='ltr'><strong>C</strong></span> <span class='ocrx_word' id='word_1_4' title='bbox 1853 327 2066 384; x_wconf 78' lang='lat' dir='ltr'><strong>fllILLl</strong></span> <span class='ocrx_word' id='word_1_5' title='bbox 2104 323 2575 381; x_wconf 78' lang='lat' dir='ltr'><strong>ALEXANDRINI</strong></span> <span class='ocrx_word' id='word_1_6' title='bbox 2613 322 2932 380; x_wconf 74' lang='lat' dir='ltr'><strong>ARCIIIEP.</strong></span> 
     </span>
    </p>
   </div>
   <div class='ocr_carea' id='block_1_3' title="bbox 3818 313 3943 370">
    <p class='ocr_par' dir='ltr' id='par_1_3' title="bbox 3818 313 3943 370">
     <span class='ocr_line' id='line_1_3' title="bbox 3818 313 3943 370; baseline 0 -1"><span class='ocrx_word' id='word_1_7' title='bbox 3818 313 3943 370; x_wconf 77' lang='lat'><strong>236</strong></span> 
     </span>
    </p>
   </div>
   <div class='ocr_carea' id='block_1_4' title="bbox 667 435 2256 522">
    <p class='ocr_par' dir='ltr' id='par_1_4' title="bbox 667 446 2242 522">
     <span class='ocr_line' id='line_1_4' title="bbox 667 446 2242 522; baseline -0.005 -14"><span class='ocrx_word' id='word_1_8' title='bbox 667 455 922 509; x_wconf 77' lang='lat' dir='ltr'><strong>videbunt</strong></span> <span class='ocrx_word' id='word_1_9' title='bbox 977 467 1133 522; x_wconf 78' lang='lat' dir='ltr'><strong>reges</strong></span> <span class='ocrx_word' id='word_1_10' title='bbox 1192 460 1245 505; x_wconf 89' lang='lat' dir='ltr'><strong>et</strong></span> <span class='ocrx_word' id='word_1_11' title='bbox 1303 454 1678 516; x_wconf 76' lang='lat' dir='ltr'><strong>consurgent:</strong></span> <span class='ocrx_word' id='word_1_12' title='bbox 1727 447 1890 502; x_wconf 46' lang='lat' dir='ltr'><strong>hunc‘</strong></span> <span class='ocrx_word' id='word_1_13' title='bbox 1940 446 2242 502; x_wconf 89' lang='lat' dir='ltr'><strong>adorabunt</strong></span> 
     </span>
    </p>
   </div>
   <div class='ocr_carea' id='block_1_5' title="bbox 2360 435 3942 522">
    <p class='ocr_par' dir='ltr' id='par_1_5' title="bbox 2360 435 3942 518">
     <span class='ocr_line' id='line_1_5' title="bbox 2360 435 3942 518; baseline -0.009 -20"><span class='ocrx_word' id='word_1_14' title='bbox 2360 446 2657 518; x_wconf 74' lang='grc' dir='ltr'>προϐάτων,</span> <span class='ocrx_word' id='word_1_15' title='bbox 2686 446 2762 508; x_wconf 83' lang='grc' dir='ltr'>ῶς</span> <span class='ocrx_word' id='word_1_16' title='bbox 2807 442 3013 514; x_wconf 81' lang='grc' dir='ltr'>ποιμὴν</span> <span class='ocrx_word' id='word_1_17' title='bbox 3047 441 3278 509; x_wconf 85' lang='grc' dir='ltr'>ἀγαθός·</span> <span class='ocrx_word' id='word_1_18' title='bbox 3326 440 3384 491; x_wconf 79' lang='grc' dir='ltr'>ὃν</span> <span class='ocrx_word' id='word_1_19' title='bbox 3437 436 3788 501; x_wconf 80' lang='grc' dir='ltr'>ἐδδελύξαντο</span> <span class='ocrx_word' id='word_1_20' title='bbox 3827 435 3942 503; x_wconf 82' lang='grc' dir='ltr'>μὲν</span> 
     </span>
    </p>
   </div>
   <div class='ocr_carea' id='block_1_6' title="bbox 665 536 2242 616">
    <p class='ocr_par' dir='ltr' id='par_1_6' title="bbox 665 536 2242 616">
     <span class='ocr_line' id='line_1_6' title="bbox 665 536 2242 616; baseline -0.006 -16"><span class='ocrx_word' id='word_1_21' title='bbox 665 546 940 616; x_wconf 86' lang='lat' dir='ltr'><strong>principes</strong></span> <span class='ocrx_word' id='word_1_22' title='bbox 991 555 1244 613; x_wconf 94' lang='lat' dir='ltr'><strong>tanquam</strong></span> <span class='ocrx_word' id='word_1_23' title='bbox 1294 542 1489 606; x_wconf 90' lang='lat' dir='ltr'><strong>Deum,</strong></span> <span class='ocrx_word' id='word_1_24' title='bbox 1524 539 1732 596; x_wconf 79' lang='lat' dir='ltr'><strong>scilicet</strong></span> <span class='ocrx_word' id='word_1_25' title='bbox 1757 537 1848 608; x_wconf 91' lang='lat' dir='ltr'><strong>qui</strong></span> <span class='ocrx_word' id='word_1_26' title='bbox 1892 537 1958 592; x_wconf 91' lang='lat' dir='ltr'><strong>ad</strong></span> <span class='ocrx_word' id='word_1_27' title='bbox 1991 536 2242 592; x_wconf 79' lang='lat' dir='ltr'><strong>exinani-</strong></span> 
     </span>
    </p>
   </div>
   <div class='ocr_carea' id='block_1_7' title="bbox 667 635 2244 703">
    <p class='ocr_par' dir='ltr' id='par_1_7' title="bbox 667 635 2244 703">
     <span class='ocr_line' id='line_1_7' title="bbox 667 635 2244 703; baseline -0.004 -13"><span class='ocrx_word' id='word_1_28' title='bbox 667 638 869 693; x_wconf 85' lang='lat' dir='ltr'><strong>tionem</strong></span> <span class='ocrx_word' id='word_1_29' title='bbox 908 651 966 690; x_wconf 90' lang='lat' dir='ltr'><strong>se</strong></span> <span class='ocrx_word' id='word_1_30' title='bbox 1003 635 1288 703; x_wconf 77' lang='lat' dir='ltr'><strong>deiecerit,</strong></span> <span class='ocrx_word' id='word_1_31' title='bbox 1321 641 1380 688; x_wconf 89' lang='lat' dir='ltr'><strong>ut</strong></span> <span class='ocrx_word' id='word_1_32' title='bbox 1423 646 1614 703; x_wconf 82' lang='lat' dir='ltr'><strong>passus</strong></span> <span class='ocrx_word' id='word_1_33' title='bbox 1660 643 1823 686; x_wconf 89' lang='lat' dir='ltr'><strong>carne</strong></span> <span class='ocrx_word' id='word_1_34' title='bbox 1857 638 2099 684; x_wconf 87' lang='lat' dir='ltr'><strong>servaret</strong></span> <span class='ocrx_word' id='word_1_35' title='bbox 2149 643 2244 684; x_wconf 88' lang='lat' dir='ltr'><strong>or-</strong></span> 
     </span>
    </p>
   </div>
   <div class='ocr_carea' id='block_1_8' title="bbox 666 720 2245 791">
    <p class='ocr_par' dir='ltr' id='par_1_8' title="bbox 666 720 2245 791">
     <span class='ocr_line' id='line_1_8' title="bbox 666 720 2245 791; baseline -0.006 -9"><span class='ocrx_word' id='word_1_36' title='bbox 666 729 789 782; x_wconf 90' lang='lat' dir='ltr'><strong>bem</strong></span> <span class='ocrx_word' id='word_1_37' title='bbox 817 738 1105 783; x_wconf 89' lang='lat' dir='ltr'><strong>terrarum.</strong></span> <span class='ocrx_word' id='word_1_38' title='bbox 1142 725 1242 780; x_wconf 90' lang='lat' dir='ltr'><strong>llic</strong></span> <span class='ocrx_word' id='word_1_39' title='bbox 1276 724 1366 779; x_wconf 84' lang='lat' dir='ltr'><strong>ille</strong></span> <span class='ocrx_word' id='word_1_40' title='bbox 1398 733 1480 777; x_wconf 87' lang='lat' dir='ltr'><strong>est</strong></span> <span class='ocrx_word' id='word_1_41' title='bbox 1515 722 1600 778; x_wconf 76' lang='lat' dir='ltr'><strong>cui</strong></span> <span class='ocrx_word' id='word_1_42' title='bbox 1637 736 1736 791; x_wconf 92' lang='lat' dir='ltr'><strong>pro</strong></span> <span class='ocrx_word' id='word_1_43' title='bbox 1760 720 1915 775; x_wconf 91' lang='lat' dir='ltr'><strong>nobis</strong></span> <span class='ocrx_word' id='word_1_44' title='bbox 1937 721 2124 790; x_wconf 87' lang='lat' dir='ltr'><strong>spinea</strong></span> <span class='ocrx_word' id='word_1_45' title='bbox 2151 733 2245 774; x_wconf 89' lang='lat' dir='ltr'><strong>co-</strong></span> 
     </span>
    </p>
   </div>
   <div class='ocr_carea' id='block_1_9' title="bbox 669 810 2248 886">
    <p class='ocr_par' dir='ltr' id='par_1_9' title="bbox 669 810 2248 886">
     <span class='ocr_line' id='line_1_9' title="bbox 669 810 2248 886; baseline -0.007 -12"><span class='ocrx_word' id='word_1_46' title='bbox 669 834 802 874; x_wconf 89' lang='lat' dir='ltr'><strong>rona</strong></span> <span class='ocrx_word' id='word_1_47' title='bbox 833 818 932 872; x_wconf 90' lang='lat' dir='ltr'><strong>fuit</strong></span> <span class='ocrx_word' id='word_1_48' title='bbox 969 817 1355 886; x_wconf 91' lang='lat' dir='ltr'><strong>circumposita</strong></span> <span class='ocrx_word' id='word_1_49' title='bbox 1385 833 1398 868; x_wconf 89' lang='lat'><strong>:</strong></span> <span class='ocrx_word' id='word_1_50' title='bbox 1427 815 1514 869; x_wconf 89' lang='lat' dir='ltr'><strong>hic</strong></span> <span class='ocrx_word' id='word_1_51' title='bbox 1543 827 1649 868; x_wconf 91' lang='lat' dir='ltr'><strong>non</strong></span> <span class='ocrx_word' id='word_1_52' title='bbox 1678 813 1815 867; x_wconf 90' lang='lat' dir='ltr'><strong>alius</strong></span> <span class='ocrx_word' id='word_1_53' title='bbox 1837 811 1927 881; x_wconf 87' lang='lat' dir='ltr'><strong>qui</strong></span> <span class='ocrx_word' id='word_1_54' title='bbox 1961 827 2026 865; x_wconf 79' lang='lat' dir='ltr'><strong>ex</strong></span> <span class='ocrx_word' id='word_1_55' title='bbox 2061 810 2248 864; x_wconf 86' lang='lat' dir='ltr'><strong>Imma-</strong></span> 
     </span>
    </p>
   </div>
   <div class='ocr_carea' id='block_1_10' title="bbox 669 901 2244 979">
    <p class='ocr_par' dir='ltr' id='par_1_10' title="bbox 669 901 2244 979">
     <span class='ocr_line' id='line_1_10' title="bbox 669 901 2244 979; baseline -0.009 -12"><span class='ocrx_word' id='word_1_56' title='bbox 669 912 841 967; x_wconf 88' lang='lat' dir='ltr'><strong>nitate</strong></span> <span class='ocrx_word' id='word_1_57' title='bbox 870 909 1089 979; x_wconf 88' lang='lat' dir='ltr'><strong>quidem</strong></span> <span class='ocrx_word' id='word_1_58' title='bbox 1120 908 1412 963; x_wconf 85' lang='lat' dir='ltr'><strong>crucilixus</strong></span> <span class='ocrx_word' id='word_1_59' title='bbox 1439 914 1543 969; x_wconf 85' lang='lat' dir='ltr'><strong>est,</strong></span> <span class='ocrx_word' id='word_1_60' title='bbox 1571 912 1623 959; x_wconf 91' lang='lat' dir='ltr'><strong>et</strong></span> <span class='ocrx_word' id='word_1_61' title='bbox 1645 904 1778 958; x_wconf 90' lang='lat' dir='ltr'><strong>dixit</strong></span> <span class='ocrx_word' id='word_1_62' title='bbox 1805 919 1818 955; x_wconf 91' lang='lat'>:</span> <span class='ocrx_word' id='word_1_63' title='bbox 1850 922 1868 954; x_wconf 86' lang='grc'><strong><em>‹</em></strong></span> <span class='ocrx_word' id='word_1_64' title='bbox 1908 901 2047 956; x_wconf 88' lang='lat' dir='ltr'><strong>Deus</strong></span> <span class='ocrx_word' id='word_1_65' title='bbox 2071 917 2244 966; x_wconf 89' lang='lat' dir='ltr'><strong>meus,</strong></span> 
     </span>
    </p>
   </div>
   <div class='ocr_carea' id='block_1_11' title="bbox 669 992 2248 1069">
    <p class='ocr_par' dir='ltr' id='par_1_11' title="bbox 669 992 2248 1069">
     <span class='ocr_line' id='line_1_11' title="bbox 669 992 2248 1069; baseline -0.008 -12"><span class='ocrx_word' id='word_1_66' title='bbox 669 1002 811 1057; x_wconf 88' lang='lat' dir='ltr'><strong>Deus</strong></span> <span class='ocrx_word' id='word_1_67' title='bbox 855 1016 1029 1064; x_wconf 89' lang='lat' dir='ltr'><strong>meus,</strong></span> <span class='ocrx_word' id='word_1_68' title='bbox 1063 1000 1250 1069; x_wconf 77' lang='lat' dir='ltr'><strong>utquid</strong></span> <span class='ocrx_word' id='word_1_69' title='bbox 1296 1014 1381 1052; x_wconf 90' lang='lat' dir='ltr'><strong>me</strong></span> <span class='ocrx_word' id='word_1_70' title='bbox 1421 995 1752 1066; x_wconf 87' lang='lat' dir='ltr'><strong>dereliquisti</strong></span> <span class='ocrx_word' id='word_1_71' title='bbox 1776 995 1860 1047; x_wconf 62' lang='lat'><strong>5&#39;?</strong></span> <span class='ocrx_word' id='word_1_72' title='bbox 1892 1013 1910 1046; x_wconf 81' lang='grc' dir='ltr'><strong>ι</strong></span> <span class='ocrx_word' id='word_1_73' title='bbox 1943 993 2038 1048; x_wconf 86' lang='lat' dir='ltr'><strong>sed</strong></span> <span class='ocrx_word' id='word_1_74' title='bbox 2071 1008 2135 1046; x_wconf 87' lang='lat' dir='ltr'><strong>ex</strong></span> <span class='ocrx_word' id='word_1_75' title='bbox 2163 992 2248 1046; x_wconf 80' lang='lat' dir='ltr'><strong>di-</strong></span> 
     </span>
    </p>
   </div>
   <div class='ocr_carea' id='block_1_12' title="bbox 668 1083 2248 1150">
    <p class='ocr_par' dir='ltr' id='par_1_12' title="bbox 668 1083 2248 1150">
     <span class='ocr_line' id='line_1_12' title="bbox 668 1083 2248 1150; baseline -0.005 -5"><span class='ocrx_word' id='word_1_76' title='bbox 668 1094 892 1149; x_wconf 87' lang='lat' dir='ltr'><strong>vinitate</strong></span> <span class='ocrx_word' id='word_1_77' title='bbox 920 1093 1163 1147; x_wconf 75' lang='lat' dir='ltr'><strong>cohibuit</strong></span> <span class='ocrx_word' id='word_1_78' title='bbox 1199 1089 1330 1146; x_wconf 90' lang='lat' dir='ltr'><strong>solis</strong></span> <span class='ocrx_word' id='word_1_79' title='bbox 1373 1089 1574 1150; x_wconf 91' lang='lat' dir='ltr'><strong>lumen,</strong></span> <span class='ocrx_word' id='word_1_80' title='bbox 1609 1097 1664 1142; x_wconf 89' lang='lat' dir='ltr'><strong>et</strong></span> <span class='ocrx_word' id='word_1_81' title='bbox 1715 1087 1767 1140; x_wconf 91' lang='lat' dir='ltr'><strong>in</strong></span> <span class='ocrx_word' id='word_1_82' title='bbox 1807 1087 1894 1140; x_wconf 89' lang='lat' dir='ltr'><strong>die</strong></span> <span class='ocrx_word' id='word_1_83' title='bbox 1939 1083 2113 1139; x_wconf 88' lang='lat' dir='ltr'><strong>media</strong></span> <span class='ocrx_word' id='word_1_84' title='bbox 2152 1098 2248 1138; x_wconf 85' lang='lat' dir='ltr'><strong>no-</strong></span> 
     </span>
    </p>
   </div>
   <div class='ocr_carea' id='block_1_13' title="bbox 670 1176 2247 1254">
    <p class='ocr_par' dir='ltr' id='par_1_13' title="bbox 670 1176 2247 1254">
     <span class='ocr_line' id='line_1_13' title="bbox 670 1176 2247 1254; baseline -0.007 -16"><span class='ocrx_word' id='word_1_85' title='bbox 670 1194 807 1239; x_wconf 89' lang='lat' dir='ltr'><strong>ctetn</strong></span> <span class='ocrx_word' id='word_1_86' title='bbox 836 1184 1037 1254; x_wconf 84' lang='lat' dir='ltr'><strong>posuit,</strong></span> <span class='ocrx_word' id='word_1_87' title='bbox 1061 1197 1130 1238; x_wconf 92' lang='lat' dir='ltr'><strong>ne</strong></span> <span class='ocrx_word' id='word_1_88' title='bbox 1169 1181 1318 1235; x_wconf 91' lang='lat' dir='ltr'><strong>illum</strong></span> <span class='ocrx_word' id='word_1_89' title='bbox 1343 1178 1645 1247; x_wconf 86' lang='lat' dir='ltr'><strong>simplicem</strong></span> <span class='ocrx_word' id='word_1_90' title='bbox 1685 1177 1982 1240; x_wconf 82' lang='lat' dir='ltr'><strong>hominem,</strong></span> <span class='ocrx_word' id='word_1_91' title='bbox 2006 1176 2167 1242; x_wconf 89' lang='lat' dir='ltr'><strong>nuda,</strong></span> <span class='ocrx_word' id='word_1_92' title='bbox 2189 1183 2247 1228; x_wconf 92' lang='lat' dir='ltr'><strong>ut</strong></span> 
     </span>
    </p>
   </div>
   <div class='ocr_carea' id='block_1_14' title="bbox 671 1268 2249 1343">
    <p class='ocr_par' dir='ltr' id='par_1_14' title="bbox 671 1268 2249 1343">
     <span class='ocr_line' id='line_1_14' title="bbox 671 1268 2249 1343; baseline -0.008 -12"><span class='ocrx_word' id='word_1_93' title='bbox 671 1288 726 1331; x_wconf 92' lang='lat' dir='ltr'><strong>tu</strong></span> <span class='ocrx_word' id='word_1_94' title='bbox 749 1273 1355 1343; x_wconf 85' lang='lat' dir='ltr'><strong>asseris,conjunctione</strong></span> <span class='ocrx_word' id='word_1_95' title='bbox 1376 1270 1534 1341; x_wconf 74' lang='lat'><strong>136</strong></span> <span class='ocrx_word' id='word_1_96' title='bbox 1551 1268 1912 1332; x_wconf 87' lang='lat' dir='ltr'><strong>nobilitatum,</strong></span> <span class='ocrx_word' id='word_1_97' title='bbox 1933 1281 2036 1334; x_wconf 87' lang='lat' dir='ltr'><strong>qua</strong></span> <span class='ocrx_word' id='word_1_98' title='bbox 2060 1278 2249 1334; x_wconf 87' lang='lat' dir='ltr'><strong>nempe</strong></span> 
     </span>
    </p>
   </div>
   <div class='ocr_carea' id='block_1_15' title="bbox 670 1358 2246 1434">
    <p class='ocr_par' dir='ltr' id='par_1_15' title="bbox 670 1358 2246 1434">
     <span class='ocr_line' id='line_1_15' title="bbox 670 1358 2246 1434; baseline -0.011 -10"><span class='ocrx_word' id='word_1_99' title='bbox 670 1385 792 1424; x_wconf 85' lang='lat' dir='ltr'><strong>eum</strong></span> <span class='ocrx_word' id='word_1_100' title='bbox 839 1369 930 1422; x_wconf 90' lang='lat' dir='ltr'><strong>illo</strong></span> <span class='ocrx_word' id='word_1_101' title='bbox 959 1383 1024 1422; x_wconf 82' lang='lat' dir='ltr'><strong>ex</strong></span> <span class='ocrx_word' id='word_1_102' title='bbox 1052 1366 1164 1421; x_wconf 91' lang='lat' dir='ltr'><strong>Deo</strong></span> <span class='ocrx_word' id='word_1_103' title='bbox 1182 1365 1377 1434; x_wconf 75' lang='lat' dir='ltr'><strong>,Verbo</strong></span> <span class='ocrx_word' id='word_1_104' title='bbox 1405 1365 1476 1417; x_wconf 88' lang='lat' dir='ltr'><strong>sit</strong></span> <span class='ocrx_word' id='word_1_105' title='bbox 1504 1361 1787 1431; x_wconf 85' lang='lat' dir='ltr'><strong>copulatus</strong></span> <span class='ocrx_word' id='word_1_106' title='bbox 1807 1398 1823 1424; x_wconf 96' lang='lat'><strong>,</strong></span> <span class='ocrx_word' id='word_1_107' title='bbox 1869 1358 2246 1420; x_wconf 67' lang='lat' dir='ltr'><strong>confiteantur,</strong></span> 
     </span>
    </p>
   </div>
   <div class='ocr_carea' id='block_1_16' title="bbox 673 1441 2248 1514">
    <p class='ocr_par' dir='ltr' id='par_1_16' title="bbox 673 1441 2248 1514">
     <span class='ocr_line' id='line_1_16' title="bbox 673 1441 2248 1514; baseline -0.012 -1"><span class='ocrx_word' id='word_1_108' title='bbox 673 1459 766 1514; x_wconf 85' lang='lat' dir='ltr'><strong>sed</strong></span> <span class='ocrx_word' id='word_1_109' title='bbox 803 1458 969 1513; x_wconf 92' lang='lat' dir='ltr'><strong>Deum</strong></span> <span class='ocrx_word' id='word_1_110' title='bbox 1014 1467 1135 1511; x_wconf 88' lang='lat' dir='ltr'><strong>esse</strong></span> <span class='ocrx_word' id='word_1_111' title='bbox 1181 1454 1491 1514; x_wconf 85' lang='lat' dir='ltr'><strong>credamus,</strong></span> <span class='ocrx_word' id='word_1_112' title='bbox 1534 1449 1589 1502; x_wconf 92' lang='lat' dir='ltr'><strong>in</strong></span> <span class='ocrx_word' id='word_1_113' title='bbox 1622 1455 1804 1501; x_wconf 88' lang='lat' dir='ltr'><strong>nostra</strong></span> <span class='ocrx_word' id='word_1_114' title='bbox 1841 1445 2052 1514; x_wconf 87' lang='lat' dir='ltr'><strong>specie,</strong></span> <span class='ocrx_word' id='word_1_115' title='bbox 2098 1451 2152 1505; x_wconf 84' lang='lat' dir='ltr'><strong>et</strong></span> <span class='ocrx_word' id='word_1_116' title='bbox 2193 1441 2248 1494; x_wconf 90' lang='lat' dir='ltr'><strong>in</strong></span> 
     </span>
    </p>
   </div>
   <div class='ocr_carea' id='block_1_17' title="bbox 671 1531 2252 1610">
    <p class='ocr_par' dir='ltr' id='par_1_17' title="bbox 671 1531 2252 1610">
     <span class='ocr_line' id='line_1_17' title="bbox 671 1531 2252 1610; baseline -0.012 -9"><span class='ocrx_word' id='word_1_117' title='bbox 671 1546 846 1602; x_wconf 90' lang='lat' dir='ltr'><strong>forma</strong></span> <span class='ocrx_word' id='word_1_118' title='bbox 873 1545 1036 1610; x_wconf 82' lang='lat' dir='ltr'><strong>servi,</strong></span> <span class='ocrx_word' id='word_1_119' title='bbox 1061 1555 1332 1598; x_wconf 82' lang='lat' dir='ltr'><strong>memores</strong></span> <span class='ocrx_word' id='word_1_120' title='bbox 1358 1540 1505 1593; x_wconf 91' lang='lat' dir='ltr'><strong>illum</strong></span> <span class='ocrx_word' id='word_1_121' title='bbox 1529 1553 1627 1608; x_wconf 88' lang='lat' dir='ltr'><strong>per</strong></span> <span class='ocrx_word' id='word_1_122' title='bbox 1661 1550 1847 1591; x_wconf 90' lang='lat' dir='ltr'><strong>vocem</strong></span> <span class='ocrx_word' id='word_1_123' title='bbox 1873 1534 2147 1605; x_wconf 69' lang='lat' dir='ltr'><strong>prOpheta:</strong></span> <span class='ocrx_word' id='word_1_124' title='bbox 2170 1531 2252 1586; x_wconf 91' lang='lat' dir='ltr'><strong>di-</strong></span> 
     </span>
    </p>
   </div>
   <div class='ocr_carea' id='block_1_18' title="bbox 672 1628 2252 1693">
    <p class='ocr_par' dir='ltr' id='par_1_18' title="bbox 672 1628 2252 1693">
     <span class='ocr_line' id='line_1_18' title="bbox 672 1628 2252 1693; baseline -0.012 0"><span class='ocrx_word' id='word_1_125' title='bbox 672 1640 862 1693; x_wconf 82' lang='lat' dir='ltr'><strong>xisse:</strong></span> <span class='ocrx_word' id='word_1_126' title='bbox 903 1654 922 1688; x_wconf 78' lang='grc' dir='ltr'><strong>ι</strong></span> <span class='ocrx_word' id='word_1_127' title='bbox 963 1635 1028 1689; x_wconf 87' lang='grc' dir='ltr'>Ει</span> <span class='ocrx_word' id='word_1_128' title='bbox 1062 1635 1283 1688; x_wconf 88' lang='lat' dir='ltr'><strong>induam</strong></span> <span class='ocrx_word' id='word_1_129' title='bbox 1329 1631 1528 1685; x_wconf 75' lang='lat' dir='ltr'><strong>ctelum</strong></span> <span class='ocrx_word' id='word_1_130' title='bbox 1575 1628 1845 1691; x_wconf 88' lang='lat' dir='ltr'><strong>tenebris,</strong></span> <span class='ocrx_word' id='word_1_131' title='bbox 1884 1634 1938 1678; x_wconf 90' lang='lat' dir='ltr'><strong>et</strong></span> <span class='ocrx_word' id='word_1_132' title='bbox 1969 1638 2162 1693; x_wconf 87' lang='lat' dir='ltr'><strong>ponam</strong></span> <span class='ocrx_word' id='word_1_133' title='bbox 2193 1629 2252 1675; x_wconf 93' lang='lat' dir='ltr'><strong>ut</strong></span> 
     </span>
    </p>
   </div>
   <div class='ocr_carea' id='block_1_19' title="bbox 671 1714 2252 1788">
    <p class='ocr_par' dir='ltr' id='par_1_19' title="bbox 671 1714 2252 1788">
     <span class='ocr_line' id='line_1_19' title="bbox 671 1714 2252 1788; baseline -0.012 -4"><span class='ocrx_word' id='word_1_134' title='bbox 671 1742 890 1784; x_wconf 85' lang='lat' dir='ltr'><strong>saccum</strong></span> <span class='ocrx_word' id='word_1_135' title='bbox 921 1724 1301 1780; x_wconf 82' lang='lat' dir='ltr'><strong>vestimentum</strong></span> <span class='ocrx_word' id='word_1_136' title='bbox 1333 1722 1450 1788; x_wconf 88' lang='lat' dir='ltr'><strong>ejus</strong></span> <span class='ocrx_word' id='word_1_137' title='bbox 1471 1721 1538 1772; x_wconf 71' lang='grc' dir='ltr'><strong>ε’.</strong></span> <span class='ocrx_word' id='word_1_138' title='bbox 1573 1739 1591 1771; x_wconf 79' lang='grc' dir='ltr'><strong>ι</strong></span> <span class='ocrx_word' id='word_1_139' title='bbox 1627 1719 1745 1787; x_wconf 84' lang='lat' dir='ltr'><strong>Ipse</strong></span> <span class='ocrx_word' id='word_1_140' title='bbox 1779 1717 1923 1771; x_wconf 93' lang='lat' dir='ltr'><strong>enim</strong></span> <span class='ocrx_word' id='word_1_141' title='bbox 1951 1717 2042 1783; x_wconf 91' lang='lat' dir='ltr'><strong>qui</strong></span> <span class='ocrx_word' id='word_1_142' title='bbox 2075 1714 2252 1782; x_wconf 92' lang='lat' dir='ltr'><strong>loque-</strong></span> 
     </span>
    </p>
   </div>
   <div class='ocr_carea' id='block_1_20' title="bbox 2343 524 3940 609">
    <p class='ocr_par' dir='ltr' id='par_1_20' title="bbox 2343 524 3940 609">
     <span class='ocr_line' id='line_1_20' title="bbox 2343 524 3940 609; baseline -0.009 -19"><span class='ocrx_word' id='word_1_143' title='bbox 2343 538 2413 591; x_wconf 91' lang='grc' dir='ltr'><strong>τά</strong></span> <span class='ocrx_word' id='word_1_144' title='bbox 2456 537 2607 609; x_wconf 73' lang='grc' dir='ltr'>ἔθνη,</span> <span class='ocrx_word' id='word_1_145' title='bbox 2640 535 2816 590; x_wconf 89' lang='grc' dir='ltr'>δοῦλοι</span> <span class='ocrx_word' id='word_1_146' title='bbox 2847 535 2904 589; x_wconf 79' lang='grc' dir='ltr'>δὲ</span> <span class='ocrx_word' id='word_1_147' title='bbox 2948 533 3044 588; x_wconf 64' lang='grc' dir='ltr'>καὶ</span> <span class='ocrx_word' id='word_1_148' title='bbox 3074 532 3348 602; x_wconf 74' lang='grc' dir='ltr'><strong>ὑπηρέται</strong></span> <span class='ocrx_word' id='word_1_149' title='bbox 3380 529 3721 600; x_wconf 71' lang='grc' dir='ltr'><strong>ῥαπίσμασιν</strong></span> <span class='ocrx_word' id='word_1_150' title='bbox 3767 524 3940 594; x_wconf 76' lang='grc' dir='ltr'>’ὑδρι-</span> 
     </span>
    </p>
   </div>
   <div class='ocr_carea' id='block_1_21' title="bbox 2347 618 3941 699">
    <p class='ocr_par' dir='ltr' id='par_1_21' title="bbox 2347 618 3941 699">
     <span class='ocr_line' id='line_1_21' title="bbox 2347 618 3941 699; baseline -0.009 -17"><span class='ocrx_word' id='word_1_151' title='bbox 2347 645 2447 682; x_wconf 88' lang='grc' dir='ltr'><strong>σαν</strong></span> <span class='ocrx_word' id='word_1_152' title='bbox 2473 666 2489 692; x_wconf 86' lang='grc'><strong>,</strong></span> <span class='ocrx_word' id='word_1_153' title='bbox 2521 629 2622 699; x_wconf 89' lang='grc' dir='ltr'><strong>τῆς</strong></span> <span class='ocrx_word' id='word_1_154' title='bbox 2657 629 2768 681; x_wconf 87' lang='grc' dir='ltr'><strong>τῶν</strong></span> <span class='ocrx_word' id='word_1_155' title='bbox 2809 626 3117 696; x_wconf 80' lang='grc' dir='ltr'><strong>Φαρισαίων</strong></span> <span class='ocrx_word' id='word_1_156' title='bbox 3156 621 3397 693; x_wconf 83' lang='grc' dir='ltr'><strong>πληθύος</strong></span> <span class='ocrx_word' id='word_1_157' title='bbox 3449 619 3677 680; x_wconf 77' lang='grc' dir='ltr'><strong>ἀνοσίως</strong></span> <span class='ocrx_word' id='word_1_158' title='bbox 3707 618 3941 686; x_wconf 80' lang='grc' dir='ltr'>ἐμπαρ-</span> 
     </span>
    </p>
   </div>
   <div class='ocr_carea' id='block_1_22' title="bbox 2345 709 3945 790">
    <p class='ocr_par' dir='ltr' id='par_1_22' title="bbox 2345 709 3945 790">
     <span class='ocr_line' id='line_1_22' title="bbox 2345 709 3945 790; baseline -0.01 -16"><span class='ocrx_word' id='word_1_159' title='bbox 2345 719 2600 790; x_wconf 86' lang='grc' dir='ltr'>οινούσης</span> <span class='ocrx_word' id='word_1_160' title='bbox 2625 719 2795 790; x_wconf 80' lang='grc' dir='ltr'>αὐτῷ.</span> <span class='ocrx_word' id='word_1_161' title='bbox 2824 718 3024 771; x_wconf 87' lang='grc' dir='ltr'>Τοῦτον</span> <span class='ocrx_word' id='word_1_162' title='bbox 3048 717 3270 786; x_wconf 72' lang='grc' dir='ltr'>ὄψονται</span> <span class='ocrx_word' id='word_1_163' title='bbox 3297 712 3537 783; x_wconf 79' lang='grc' dir='ltr'>βασιλεῖς</span> <span class='ocrx_word' id='word_1_164' title='bbox 3565 709 3661 764; x_wconf 75' lang='grc' dir='ltr'>καὶ</span> <span class='ocrx_word' id='word_1_165' title='bbox 3693 709 3945 776; x_wconf 84' lang='grc' dir='ltr'>ἀναστή-</span> 
     </span>
    </p>
   </div>
   <div class='ocr_carea' id='block_1_23' title="bbox 2349 800 3946 882">
    <p class='ocr_par' dir='ltr' id='par_1_23' title="bbox 2349 800 3946 882">
     <span class='ocr_line' id='line_1_23' title="bbox 2349 800 3946 882; baseline -0.008 -15"><span class='ocrx_word' id='word_1_166' title='bbox 2349 829 2562 867; x_wconf 89' lang='grc' dir='ltr'>σονται·</span> <span class='ocrx_word' id='word_1_167' title='bbox 2617 818 2794 882; x_wconf 84' lang='grc' dir='ltr'>τούτῳ</span> <span class='ocrx_word' id='word_1_168' title='bbox 2839 813 3313 882; x_wconf 76' lang='grc' dir='ltr'>προσκυνήσουσιν</span> <span class='ocrx_word' id='word_1_169' title='bbox 3359 809 3650 878; x_wconf 78' lang='grc' dir='ltr'>ἄρχοντες,</span> <span class='ocrx_word' id='word_1_170' title='bbox 3699 804 3776 865; x_wconf 84' lang='grc' dir='ltr'><strong>ὡς</strong></span> <span class='ocrx_word' id='word_1_171' title='bbox 3807 800 3946 872; x_wconf 76' lang='grc' dir='ltr'><strong>Θεῷ</strong></span> 
     </span>
    </p>
   </div>
   <div class='ocr_carea' id='block_1_24' title="bbox 2346 895 3941 975">
    <p class='ocr_par' dir='ltr' id='par_1_24' title="bbox 2346 895 3941 975">
     <span class='ocr_line' id='line_1_24' title="bbox 2346 895 3941 975; baseline -0.007 -18"><span class='ocrx_word' id='word_1_172' title='bbox 2346 904 2590 975; x_wconf 85' lang='grc' dir='ltr'>δηλονότι</span> <span class='ocrx_word' id='word_1_173' title='bbox 2623 902 2940 972; x_wconf 82' lang='grc' dir='ltr'>καθιγμένῳ</span> <span class='ocrx_word' id='word_1_174' title='bbox 2962 901 3098 970; x_wconf 78' lang='grc' dir='ltr'>πρὸς</span> <span class='ocrx_word' id='word_1_175' title='bbox 3122 901 3377 964; x_wconf 88' lang='grc' dir='ltr'>κένωσιν,</span> <span class='ocrx_word' id='word_1_176' title='bbox 3405 899 3492 953; x_wconf 85' lang='grc' dir='ltr'>ἵνα</span> <span class='ocrx_word' id='word_1_177' title='bbox 3522 895 3710 950; x_wconf 88' lang='grc' dir='ltr'>παθὼν</span> <span class='ocrx_word' id='word_1_178' title='bbox 3738 896 3941 965; x_wconf 70' lang='grc' dir='ltr'>σαρκὶ,</span> 
     </span>
    </p>
   </div>
   <div class='ocr_carea' id='block_1_25' title="bbox 2346 985 3946 1067">
    <p class='ocr_par' dir='ltr' id='par_1_25' title="bbox 2346 985 3946 1067">
     <span class='ocr_line' id='line_1_25' title="bbox 2346 985 3946 1067; baseline -0.008 -17"><span class='ocrx_word' id='word_1_179' title='bbox 2346 996 2584 1067; x_wconf 81' lang='grc' dir='ltr'>διασώσῃ</span> <span class='ocrx_word' id='word_1_180' title='bbox 2629 997 2727 1065; x_wconf 80' lang='grc' dir='ltr'>τὴν</span> <span class='ocrx_word' id='word_1_181' title='bbox 2769 997 2861 1048; x_wconf 87' lang='grc' dir='ltr'><strong>ὑπ’</strong></span> <span class='ocrx_word' id='word_1_182' title='bbox 2896 993 3144 1064; x_wconf 80' lang='grc' dir='ltr'>οὐρανόν.</span> <span class='ocrx_word' id='word_1_183' title='bbox 3183 985 3353 1054; x_wconf 76' lang='grc' dir='ltr'>Οὗτος</span> <span class='ocrx_word' id='word_1_184' title='bbox 3394 994 3422 1044; x_wconf 99' lang='lat'><strong>6</strong></span> <span class='ocrx_word' id='word_1_185' title='bbox 3453 990 3608 1058; x_wconf 74' lang='grc' dir='ltr'>ὑπὲρ</span> <span class='ocrx_word' id='word_1_186' title='bbox 3639 987 3801 1058; x_wconf 77' lang='grc' dir='ltr'>ἡμῶν</span> <span class='ocrx_word' id='word_1_187' title='bbox 3838 986 3946 1039; x_wconf 84' lang='grc' dir='ltr'><strong>τὸν</strong></span> 
     </span>
    </p>
   </div>
   <div class='ocr_carea' id='block_1_26' title="bbox 2347 1074 3944 1158">
    <p class='ocr_par' dir='ltr' id='par_1_26' title="bbox 2347 1074 3944 1158">
     <span class='ocr_line' id='line_1_26' title="bbox 2347 1074 3944 1158; baseline -0.007 -15"><span class='ocrx_word' id='word_1_188' title='bbox 2347 1090 2638 1144; x_wconf 84' lang='grc' dir='ltr'>ἀκάνθινον</span> <span class='ocrx_word' id='word_1_189' title='bbox 2671 1087 3054 1158; x_wconf 89' lang='grc' dir='ltr'>περικείμενος</span> <span class='ocrx_word' id='word_1_190' title='bbox 3090 1085 3352 1154; x_wconf 75' lang='grc' dir='ltr'>στέφανον</span> <span class='ocrx_word' id='word_1_191' title='bbox 3371 1099 3386 1114; x_wconf 74' lang='grc' dir='ltr'><strong>ο</strong></span> <span class='ocrx_word' id='word_1_192' title='bbox 3413 1074 3588 1146; x_wconf 75' lang='grc' dir='ltr'>οὗτος,</span> <span class='ocrx_word' id='word_1_193' title='bbox 3620 1081 3720 1134; x_wconf 82' lang='grc' dir='ltr'>οὐκ</span> <span class='ocrx_word' id='word_1_194' title='bbox 3747 1079 3944 1141; x_wconf 77' lang='grc' dir='ltr'>ἄλλος,</span> 
     </span>
    </p>
   </div>
   <div class='ocr_carea' id='block_1_27' title="bbox 2347 1166 3949 1250">
    <p class='ocr_par' dir='ltr' id='par_1_27' title="bbox 2347 1166 3949 1250">
     <span class='ocr_line' id='line_1_27' title="bbox 2347 1166 3949 1250; baseline -0.007 -16"><span class='ocrx_word' id='word_1_195' title='bbox 2347 1184 2375 1234; x_wconf 95' lang='lat'><strong>6</strong></span> <span class='ocrx_word' id='word_1_196' title='bbox 2425 1180 2829 1250; x_wconf 88' lang='grc' dir='ltr'>σταυρούμενος</span> <span class='ocrx_word' id='word_1_197' title='bbox 2865 1180 2964 1248; x_wconf 85' lang='grc' dir='ltr'>μὲν</span> <span class='ocrx_word' id='word_1_198' title='bbox 2995 1177 3356 1248; x_wconf 80' lang='grc' dir='ltr'>ἀνθρωπίνως</span> <span class='ocrx_word' id='word_1_199' title='bbox 3402 1175 3497 1229; x_wconf 75' lang='grc' dir='ltr'><strong>καὶ</strong></span> <span class='ocrx_word' id='word_1_200' title='bbox 3526 1173 3698 1241; x_wconf 85' lang='grc' dir='ltr'>λέγων</span> <span class='ocrx_word' id='word_1_201' title='bbox 3721 1188 3734 1202; x_wconf 85' lang='lat'><strong><em>°</em></strong></span> <span class='ocrx_word' id='word_1_202' title='bbox 3776 1189 3795 1224; x_wconf 75' lang='grc' dir='ltr'><strong>ι</strong></span> <span class='ocrx_word' id='word_1_203' title='bbox 3830 1166 3949 1224; x_wconf 78' lang='grc' dir='ltr'>Θέέ</span> 
     </span>
    </p>
   </div>
   <div class='ocr_carea' id='block_1_28' title="bbox 2353 1261 3951 1342">
    <p class='ocr_par' dir='ltr' id='par_1_28' title="bbox 2353 1261 3951 1342">
     <span class='ocr_line' id='line_1_28' title="bbox 2353 1261 3951 1342; baseline -0.007 -18"><span class='ocrx_word' id='word_1_204' title='bbox 2353 1289 2478 1342; x_wconf 86' lang='grc' dir='ltr'>μου,</span> <span class='ocrx_word' id='word_1_205' title='bbox 2512 1271 2612 1323; x_wconf 91' lang='grc' dir='ltr'><strong>Θεέ</strong></span> <span class='ocrx_word' id='word_1_206' title='bbox 2651 1287 2777 1339; x_wconf 86' lang='grc' dir='ltr'>μου,</span> <span class='ocrx_word' id='word_1_207' title='bbox 2823 1269 2913 1321; x_wconf 85' lang='grc' dir='ltr'><strong>ἴνα</strong></span> <span class='ocrx_word' id='word_1_208' title='bbox 2944 1268 2996 1320; x_wconf 88' lang='grc' dir='ltr'><strong>τί</strong></span> <span class='ocrx_word' id='word_1_209' title='bbox 3028 1283 3094 1337; x_wconf 83' lang='grc' dir='ltr'><strong>με</strong></span> <span class='ocrx_word' id='word_1_210' title='bbox 3125 1265 3522 1334; x_wconf 84' lang='grc' dir='ltr'>ἐγκατέλιπες;</span> <span class='ocrx_word' id='word_1_211' title='bbox 3563 1282 3582 1313; x_wconf 77' lang='grc' dir='ltr'><strong>ι</strong></span> <span class='ocrx_word' id='word_1_212' title='bbox 3625 1261 3951 1315; x_wconf 72' lang='grc' dir='ltr'>συστέλλων</span> 
     </span>
    </p>
   </div>
   <div class='ocr_carea' id='block_1_29' title="bbox 2349 1355 3951 1429">
    <p class='ocr_par' dir='ltr' id='par_1_29' title="bbox 2349 1355 3951 1429">
     <span class='ocr_line' id='line_1_29' title="bbox 2349 1355 3951 1429; baseline -0.006 -15"><span class='ocrx_word' id='word_1_213' title='bbox 2349 1363 2406 1414; x_wconf 84' lang='grc' dir='ltr'>δὲ</span> <span class='ocrx_word' id='word_1_214' title='bbox 2456 1361 2655 1424; x_wconf 87' lang='grc' dir='ltr'>θεῖκῶς</span> <span class='ocrx_word' id='word_1_215' title='bbox 2702 1360 2794 1413; x_wconf 91' lang='grc' dir='ltr'><strong>τοῦ</strong></span> <span class='ocrx_word' id='word_1_216' title='bbox 2842 1359 2996 1429; x_wconf 81' lang='grc' dir='ltr'>ἡλίου</span> <span class='ocrx_word' id='word_1_217' title='bbox 3047 1356 3107 1410; x_wconf 74' lang='lat'><strong>16</strong></span> <span class='ocrx_word' id='word_1_218' title='bbox 3154 1357 3289 1426; x_wconf 77' lang='grc' dir='ltr'>φῶς,</span> <span class='ocrx_word' id='word_1_219' title='bbox 3322 1359 3416 1409; x_wconf 78' lang='grc' dir='ltr'>καὶ</span> <span class='ocrx_word' id='word_1_220' title='bbox 3449 1358 3507 1408; x_wconf 87' lang='grc' dir='ltr'>ὲν</span> <span class='ocrx_word' id='word_1_221' title='bbox 3555 1357 3738 1426; x_wconf 74' lang='grc' dir='ltr'>ἡμέρᾳ</span> <span class='ocrx_word' id='word_1_222' title='bbox 3792 1355 3951 1424; x_wconf 81' lang='grc' dir='ltr'>μέσῃ</span> 
     </span>
    </p>
   </div>
   <div class='ocr_carea' id='block_1_30' title="bbox 2349 1447 3952 1521">
    <p class='ocr_par' dir='ltr' id='par_1_30' title="bbox 2349 1447 3952 1521">
     <span class='ocr_line' id='line_1_30' title="bbox 2349 1447 3952 1521; baseline -0.005 -14"><span class='ocrx_word' id='word_1_223' title='bbox 2349 1453 2521 1508; x_wconf 81' lang='grc' dir='ltr'>νύκτα</span> <span class='ocrx_word' id='word_1_224' title='bbox 2567 1453 2739 1515; x_wconf 79' lang='grc' dir='ltr'>τιθεὶς</span> <span class='ocrx_word' id='word_1_225' title='bbox 2761 1492 2776 1518; x_wconf 95' lang='grc'><strong>,</strong></span> <span class='ocrx_word' id='word_1_226' title='bbox 2811 1451 2901 1505; x_wconf 83' lang='grc' dir='ltr'>ἵνα</span> <span class='ocrx_word' id='word_1_227' title='bbox 2935 1451 3009 1521; x_wconf 80' lang='grc' dir='ltr'>μὴ</span> <span class='ocrx_word' id='word_1_228' title='bbox 3035 1450 3321 1521; x_wconf 77' lang='grc' dir='ltr'>ἄνθρωπον</span> <span class='ocrx_word' id='word_1_229' title='bbox 3351 1447 3540 1511; x_wconf 86' lang='grc' dir='ltr'>ἁπλῶς</span> <span class='ocrx_word' id='word_1_230' title='bbox 3583 1447 3715 1518; x_wconf 77' lang='grc' dir='ltr'>ψιλῇ</span> <span class='ocrx_word' id='word_1_231' title='bbox 3742 1488 3757 1513; x_wconf 95' lang='grc'><strong>,</strong></span> <span class='ocrx_word' id='word_1_232' title='bbox 3790 1448 3952 1499; x_wconf 80' lang='grc' dir='ltr'>κατὰ</span> 
     </span>
    </p>
   </div>
   <div class='ocr_carea' id='block_1_31' title="bbox 2354 1539 3951 1616">
    <p class='ocr_par' dir='ltr' id='par_1_31' title="bbox 2354 1539 3951 1616">
     <span class='ocr_line' id='line_1_31' title="bbox 2354 1539 3951 1616; baseline -0.007 -16"><span class='ocrx_word' id='word_1_233' title='bbox 2354 1547 2434 1609; x_wconf 87' lang='grc' dir='ltr'><strong>σέ,</strong></span> <span class='ocrx_word' id='word_1_234' title='bbox 2466 1546 2730 1616; x_wconf 82' lang='grc' dir='ltr'>συναφείᾳ</span> <span class='ocrx_word' id='word_1_235' title='bbox 2757 1543 3143 1614; x_wconf 82' lang='grc' dir='ltr'>τετιμημένον,</span> <span class='ocrx_word' id='word_1_236' title='bbox 3166 1544 3231 1612; x_wconf 82' lang='grc' dir='ltr'>τῇ</span> <span class='ocrx_word' id='word_1_237' title='bbox 3265 1541 3402 1611; x_wconf 91' lang='grc' dir='ltr'>πρός</span> <span class='ocrx_word' id='word_1_238' title='bbox 3440 1556 3532 1608; x_wconf 82' lang='grc' dir='ltr'><strong>γε,</strong></span> <span class='ocrx_word' id='word_1_239' title='bbox 3560 1540 3723 1608; x_wconf 68' lang='grc' dir='ltr'>φημὶ,</span> <span class='ocrx_word' id='word_1_240' title='bbox 3745 1539 3840 1591; x_wconf 82' lang='grc' dir='ltr'>τὸν</span> <span class='ocrx_word' id='word_1_241' title='bbox 3875 1541 3951 1590; x_wconf 85' lang='grc' dir='ltr'><strong>ἐκ</strong></span> 
     </span>
    </p>
   </div>
   <div class='ocr_carea' id='block_1_32' title="bbox 2351 1626 3953 1705">
    <p class='ocr_par' dir='ltr' id='par_1_32' title="bbox 2351 1626 3953 1705">
     <span class='ocr_line' id='line_1_32' title="bbox 2351 1626 3953 1705; baseline -0.005 -15"><span class='ocrx_word' id='word_1_242' title='bbox 2351 1638 2486 1690; x_wconf 92' lang='grc' dir='ltr'>Θεοῦ</span> <span class='ocrx_word' id='word_1_243' title='bbox 2507 1637 2698 1705; x_wconf 86' lang='grc' dir='ltr'>Λόγον,</span> <span class='ocrx_word' id='word_1_244' title='bbox 2729 1634 3085 1705; x_wconf 81' lang='grc' dir='ltr'><strong>ὁμολογῶμεν</strong></span> <span class='ocrx_word' id='word_1_245' title='bbox 3116 1633 3279 1686; x_wconf 80' lang='grc' dir='ltr'>αὐτόν</span> <span class='ocrx_word' id='word_1_246' title='bbox 3296 1650 3308 1662; x_wconf 92' lang='grc'><strong>·</strong></span> <span class='ocrx_word' id='word_1_247' title='bbox 3325 1632 3456 1685; x_wconf 82' lang='grc' dir='ltr'>Θεὸν</span> <span class='ocrx_word' id='word_1_248' title='bbox 3477 1631 3534 1684; x_wconf 85' lang='grc' dir='ltr'>δὲ</span> <span class='ocrx_word' id='word_1_249' title='bbox 3557 1631 3760 1701; x_wconf 79' lang='grc' dir='ltr'>μᾶλλον</span> <span class='ocrx_word' id='word_1_250' title='bbox 3790 1626 3953 1682; x_wconf 79' lang='grc' dir='ltr'>εἶναι</span> 
     </span>
    </p>
   </div>
   <div class='ocr_carea' id='block_1_33' title="bbox 2355 1722 3952 1796">
    <p class='ocr_par' dir='ltr' id='par_1_33' title="bbox 2355 1722 3952 1796">
     <span class='ocr_line' id='line_1_33' title="bbox 2355 1722 3952 1796; baseline -0.005 -14"><span class='ocrx_word' id='word_1_251' title='bbox 2355 1729 2758 1796; x_wconf 85' lang='grc' dir='ltr'>πιστεύσωμεν,</span> <span class='ocrx_word' id='word_1_252' title='bbox 2787 1729 2849 1782; x_wconf 87' lang='grc' dir='ltr'>ὲν</span> <span class='ocrx_word' id='word_1_253' title='bbox 2877 1726 3008 1778; x_wconf 86' lang='grc' dir='ltr'>εῐδει</span> <span class='ocrx_word' id='word_1_254' title='bbox 3040 1724 3118 1794; x_wconf 83' lang='grc' dir='ltr'>τῷ</span> <span class='ocrx_word' id='word_1_255' title='bbox 3151 1725 3272 1778; x_wconf 86' lang='grc' dir='ltr'>καθ’</span> <span class='ocrx_word' id='word_1_256' title='bbox 3308 1725 3479 1794; x_wconf 77' lang='grc' dir='ltr'>ἡμᾶς,</span> <span class='ocrx_word' id='word_1_257' title='bbox 3516 1724 3613 1776; x_wconf 75' lang='grc' dir='ltr'>καὶ</span> <span class='ocrx_word' id='word_1_258' title='bbox 3641 1725 3700 1776; x_wconf 84' lang='grc' dir='ltr'><strong>ἐν</strong></span> <span class='ocrx_word' id='word_1_259' title='bbox 3726 1725 3794 1792; x_wconf 83' lang='grc' dir='ltr'><strong>τῇ</strong></span> <span class='ocrx_word' id='word_1_260' title='bbox 3840 1722 3952 1774; x_wconf 86' lang='grc' dir='ltr'><strong>τοῦ</strong></span> 
     </span>
    </p>
   </div>
   <div class='ocr_carea' id='block_1_34' title="bbox 671 1801 2256 1888">
    <p class='ocr_par' dir='ltr' id='par_1_34' title="bbox 671 1804 2250 1884">
     <span class='ocr_line' id='line_1_34' title="bbox 671 1804 2250 1884; baseline -0.012 -9"><span class='ocrx_word' id='word_1_261' title='bbox 671 1822 834 1876; x_wconf 89' lang='lat' dir='ltr'><strong>batur</strong></span> <span class='ocrx_word' id='word_1_262' title='bbox 864 1818 1038 1883; x_wconf 88' lang='lat' dir='ltr'><strong>adest,</strong></span> <span class='ocrx_word' id='word_1_263' title='bbox 1063 1825 1118 1870; x_wconf 91' lang='lat' dir='ltr'><strong>et</strong></span> <span class='ocrx_word' id='word_1_264' title='bbox 1142 1815 1283 1884; x_wconf 91' lang='lat' dir='ltr'><strong>quod</strong></span> <span class='ocrx_word' id='word_1_265' title='bbox 1306 1814 1434 1868; x_wconf 92' lang='lat' dir='ltr'><strong>olim</strong></span> <span class='ocrx_word' id='word_1_266' title='bbox 1459 1821 1518 1864; x_wconf 94' lang='lat' dir='ltr'><strong>ut</strong></span> <span class='ocrx_word' id='word_1_267' title='bbox 1541 1811 1678 1866; x_wconf 89' lang='lat' dir='ltr'><strong>Deus</strong></span> <span class='ocrx_word' id='word_1_268' title='bbox 1704 1808 1819 1862; x_wconf 88' lang='lat' dir='ltr'><strong>fore</strong></span> <span class='ocrx_word' id='word_1_269' title='bbox 1846 1804 2250 1875; x_wconf 66' lang='lat' dir='ltr'><strong>prmnuntiavit,</strong></span> 
     </span>
    </p>
   </div>
   <div class='ocr_carea' id='block_1_35' title="bbox 2360 1801 3955 1888">
    <p class='ocr_par' dir='ltr' id='par_1_35' title="bbox 2360 1810 3955 1888">
     <span class='ocr_line' id='line_1_35' title="bbox 2360 1810 3955 1888; baseline -0.008 -14"><span class='ocrx_word' id='word_1_270' title='bbox 2360 1819 2540 1874; x_wconf 84' lang='grc' dir='ltr'>δούλου</span> <span class='ocrx_word' id='word_1_271' title='bbox 2594 1820 2801 1888; x_wconf 79' lang='grc' dir='ltr'>μορφῇ,</span> <span class='ocrx_word' id='word_1_272' title='bbox 2849 1815 3191 1886; x_wconf 80' lang='grc' dir='ltr'>μεμνημένοι</span> <span class='ocrx_word' id='word_1_273' title='bbox 3219 1814 3308 1867; x_wconf 77' lang='grc' dir='ltr'><strong>διὰ</strong></span> <span class='ocrx_word' id='word_1_274' title='bbox 3343 1814 3527 1883; x_wconf 81' lang='grc' dir='ltr'>φωνῆς</span> <span class='ocrx_word' id='word_1_275' title='bbox 3551 1812 3712 1880; x_wconf 80' lang='grc' dir='ltr'>ἁγίου</span> <span class='ocrx_word' id='word_1_276' title='bbox 3744 1810 3955 1878; x_wconf 79' lang='grc' dir='ltr'>λέγον-</span> 
     </span>
    </p>
   </div>
   <div class='ocr_carea' id='block_1_36' title="bbox 672 1896 2250 1978">
    <p class='ocr_par' dir='ltr' id='par_1_36' title="bbox 672 1896 2250 1978">
     <span class='ocr_line' id='line_1_36' title="bbox 672 1896 2250 1978; baseline -0.013 -12"><span class='ocrx_word' id='word_1_277' title='bbox 672 1925 773 1966; x_wconf 90' lang='lat' dir='ltr'><strong>suo</strong></span> <span class='ocrx_word' id='word_1_278' title='bbox 799 1919 1042 1978; x_wconf 90' lang='lat' dir='ltr'><strong>tempore</strong></span> <span class='ocrx_word' id='word_1_279' title='bbox 1071 1905 1331 1974; x_wconf 87' lang='lat' dir='ltr'><strong>implevit,</strong></span> <span class='ocrx_word' id='word_1_280' title='bbox 1371 1901 1663 1957; x_wconf 83' lang='lat' dir='ltr'><strong>cruciﬁxus</strong></span> <span class='ocrx_word' id='word_1_281' title='bbox 1685 1899 2018 1953; x_wconf 86' lang='lat' dir='ltr'><strong>humanitus.</strong></span> <span class='ocrx_word' id='word_1_282' title='bbox 2039 1896 2250 1949; x_wconf 65' lang='lat' dir='ltr'><strong>Caelum</strong></span> 
     </span>
    </p>
   </div>
   <div class='ocr_carea' id='block_1_37' title="bbox 671 1983 2251 2069">
    <p class='ocr_par' dir='ltr' id='par_1_37' title="bbox 671 1983 2251 2069">
     <span class='ocr_line' id='line_1_37' title="bbox 671 1983 2251 2069; baseline -0.012 -14"><span class='ocrx_word' id='word_1_283' title='bbox 671 2013 908 2069; x_wconf 86' lang='lat' dir='ltr'><strong>namque</strong></span> <span class='ocrx_word' id='word_1_284' title='bbox 967 1995 1354 2065; x_wconf 86' lang='lat' dir='ltr'><strong>propemodum</strong></span> <span class='ocrx_word' id='word_1_285' title='bbox 1419 1991 1656 2046; x_wconf 88' lang='lat' dir='ltr'><strong>tenebris</strong></span> <span class='ocrx_word' id='word_1_286' title='bbox 1722 2000 1971 2056; x_wconf 89' lang='lat' dir='ltr'><strong>tanquam</strong></span> <span class='ocrx_word' id='word_1_287' title='bbox 2041 1983 2251 2052; x_wconf 74' lang='lat' dir='ltr'><strong>lugubri</strong></span> 
     </span>
    </p>
   </div>
   <div class='ocr_carea' id='block_1_38' title="bbox 671 2081 2250 2151">
    <p class='ocr_par' dir='ltr' id='par_1_38' title="bbox 671 2081 2250 2151">
     <span class='ocr_line' id='line_1_38' title="bbox 671 2081 2250 2151; baseline -0.011 -6"><span class='ocrx_word' id='word_1_288' title='bbox 671 2100 823 2147; x_wconf 90' lang='lat' dir='ltr'><strong>veste</strong></span> <span class='ocrx_word' id='word_1_289' title='bbox 867 2103 927 2145; x_wconf 88' lang='lat' dir='ltr'><strong>se</strong></span> <span class='ocrx_word' id='word_1_290' title='bbox 959 2088 1129 2143; x_wconf 87' lang='lat' dir='ltr'><strong>induit</strong></span> <span class='ocrx_word' id='word_1_291' title='bbox 1158 2103 1174 2151; x_wconf 84' lang='lat'><strong>;</strong></span> <span class='ocrx_word' id='word_1_292' title='bbox 1204 2087 1283 2140; x_wconf 89' lang='lat' dir='ltr'><strong>sol</strong></span> <span class='ocrx_word' id='word_1_293' title='bbox 1317 2086 1506 2147; x_wconf 91' lang='lat' dir='ltr'><strong>etiam,</strong></span> <span class='ocrx_word' id='word_1_294' title='bbox 1538 2097 1660 2135; x_wconf 89' lang='lat' dir='ltr'><strong>cum</strong></span> <span class='ocrx_word' id='word_1_295' title='bbox 1714 2081 1989 2134; x_wconf 86' lang='lat' dir='ltr'><strong>radiorum</strong></span> <span class='ocrx_word' id='word_1_296' title='bbox 2031 2091 2250 2132; x_wconf 88' lang='lat' dir='ltr'><strong>suorum</strong></span> 
     </span>
    </p>
   </div>
   <div class='ocr_carea' id='block_1_39' title="bbox 675 2169 2254 2250">
    <p class='ocr_par' dir='ltr' id='par_1_39' title="bbox 675 2169 2254 2250">
     <span class='ocr_line' id='line_1_39' title="bbox 675 2169 2254 2250; baseline -0.01 -15"><span class='ocrx_word' id='word_1_297' title='bbox 675 2182 937 2250; x_wconf 76' lang='lat' dir='ltr'><strong>fulgorem</strong></span> <span class='ocrx_word' id='word_1_298' title='bbox 971 2192 1078 2232; x_wconf 92' lang='lat' dir='ltr'><strong>non</strong></span> <span class='ocrx_word' id='word_1_299' title='bbox 1118 2177 1257 2230; x_wconf 89' lang='lat' dir='ltr'><strong>ultra</strong></span> <span class='ocrx_word' id='word_1_300' title='bbox 1293 2175 1359 2229; x_wconf 92' lang='lat' dir='ltr'><strong>iis</strong></span> <span class='ocrx_word' id='word_1_301' title='bbox 1393 2175 1566 2239; x_wconf 92' lang='lat' dir='ltr'><strong>daret,</strong></span> <span class='ocrx_word' id='word_1_302' title='bbox 1607 2172 1696 2240; x_wconf 92' lang='lat' dir='ltr'><strong>qni</strong></span> <span class='ocrx_word' id='word_1_303' title='bbox 1734 2172 1991 2224; x_wconf 85' lang='lat' dir='ltr'><strong>adversus</strong></span> <span class='ocrx_word' id='word_1_304' title='bbox 2037 2169 2254 2221; x_wconf 88' lang='lat' dir='ltr'><strong>univer-</strong></span> 
     </span>
    </p>
   </div>
   <div class='ocr_carea' id='block_1_40' title="bbox 673 2257 2251 2331">
    <p class='ocr_par' dir='ltr' id='par_1_40' title="bbox 673 2257 2251 2331">
     <span class='ocr_line' id='line_1_40' title="bbox 673 2257 2251 2331; baseline -0.011 -4"><span class='ocrx_word' id='word_1_305' title='bbox 673 2287 858 2326; x_wconf 89' lang='lat' dir='ltr'><strong>sorum</strong></span> <span class='ocrx_word' id='word_1_306' title='bbox 887 2270 1171 2324; x_wconf 91' lang='lat' dir='ltr'><strong>Dominum</strong></span> <span class='ocrx_word' id='word_1_307' title='bbox 1202 2281 1264 2319; x_wconf 89' lang='lat' dir='ltr'><strong>ac</strong></span> <span class='ocrx_word' id='word_1_308' title='bbox 1294 2267 1457 2319; x_wconf 90' lang='lat' dir='ltr'><strong>Deum</strong></span> <span class='ocrx_word' id='word_1_309' title='bbox 1497 2264 1807 2331; x_wconf 81' lang='lat' dir='ltr'><strong>petulanter</strong></span> <span class='ocrx_word' id='word_1_310' title='bbox 1835 2259 2096 2314; x_wconf 88' lang='lat' dir='ltr'><strong>insultare</strong></span> <span class='ocrx_word' id='word_1_311' title='bbox 2132 2257 2251 2311; x_wconf 86' lang='lat' dir='ltr'><strong>ausi</strong></span> 
     </span>
    </p>
   </div>
   <div class='ocr_carea' id='block_1_41' title="bbox 674 2348 2254 2423">
    <p class='ocr_par' dir='ltr' id='par_1_41' title="bbox 674 2348 2254 2423">
     <span class='ocr_line' id='line_1_41' title="bbox 674 2348 2254 2423; baseline -0.008 -10"><span class='ocrx_word' id='word_1_312' title='bbox 674 2362 909 2423; x_wconf 78' lang='lat' dir='ltr'><strong>fuerant,</strong></span> <span class='ocrx_word' id='word_1_313' title='bbox 945 2357 1198 2412; x_wconf 87' lang='lat' dir='ltr'><strong>tenebras</strong></span> <span class='ocrx_word' id='word_1_314' title='bbox 1247 2356 1429 2406; x_wconf 88' lang='lat' dir='ltr'><strong>animo</strong></span> <span class='ocrx_word' id='word_1_315' title='bbox 1475 2353 1688 2405; x_wconf 91' lang='lat' dir='ltr'><strong>illorum</strong></span> <span class='ocrx_word' id='word_1_316' title='bbox 1745 2365 1810 2404; x_wconf 90' lang='lat' dir='ltr'><strong>ac</strong></span> <span class='ocrx_word' id='word_1_317' title='bbox 1863 2350 2030 2404; x_wconf 89' lang='lat' dir='ltr'><strong>menti</strong></span> <span class='ocrx_word' id='word_1_318' title='bbox 2075 2348 2254 2402; x_wconf 81' lang='lat' dir='ltr'><strong>oﬂ&#39;un-</strong></span> 
     </span>
    </p>
   </div>
   <div class='ocr_carea' id='block_1_42' title="bbox 674 2441 2252 2519">
    <p class='ocr_par' dir='ltr' id='par_1_42' title="bbox 674 2441 2252 2519">
     <span class='ocr_line' id='line_1_42' title="bbox 674 2441 2252 2519; baseline -0.009 -12"><span class='ocrx_word' id='word_1_319' title='bbox 674 2452 882 2507; x_wconf 88' lang='lat' dir='ltr'><strong>dendas</strong></span> <span class='ocrx_word' id='word_1_320' title='bbox 909 2447 1312 2519; x_wconf 71' lang='lat' dir='ltr'><strong>praenuntiavit.</strong></span> <span class='ocrx_word' id='word_1_321' title='bbox 1348 2445 1536 2498; x_wconf 87' lang='lat' dir='ltr'><strong>Psallit</strong></span> <span class='ocrx_word' id='word_1_322' title='bbox 1563 2444 1708 2496; x_wconf 91' lang='lat' dir='ltr'><strong>enim</strong></span> <span class='ocrx_word' id='word_1_323' title='bbox 1740 2444 1805 2496; x_wconf 90' lang='lat' dir='ltr'><strong>de</strong></span> <span class='ocrx_word' id='word_1_324' title='bbox 1836 2442 1967 2509; x_wconf 89' lang='lat' dir='ltr'><strong>ipsis</strong></span> <span class='ocrx_word' id='word_1_325' title='bbox 1997 2441 2252 2495; x_wconf 82' lang='lat' dir='ltr'><strong>nimirum</strong></span> 
     </span>
    </p>
   </div>
   <div class='ocr_carea' id='block_1_43' title="bbox 675 2533 2256 2598">
    <p class='ocr_par' dir='ltr' id='par_1_43' title="bbox 675 2533 2256 2598">
     <span class='ocr_line' id='line_1_43' title="bbox 675 2533 2256 2598; baseline -0.006 -1"><span class='ocrx_word' id='word_1_326' title='bbox 675 2545 838 2598; x_wconf 90' lang='lat' dir='ltr'><strong>etiam</strong></span> <span class='ocrx_word' id='word_1_327' title='bbox 865 2542 1054 2596; x_wconf 92' lang='lat' dir='ltr'><strong>beatus</strong></span> <span class='ocrx_word' id='word_1_328' title='bbox 1085 2538 1293 2592; x_wconf 84' lang='lat' dir='ltr'><strong>David:</strong></span> <span class='ocrx_word' id='word_1_329' title='bbox 1333 2556 1350 2587; x_wconf 86' lang='grc'>‹</span> <span class='ocrx_word' id='word_1_330' title='bbox 1398 2534 1770 2590; x_wconf 89' lang='lat' dir='ltr'><strong>Obscurentur</strong></span> <span class='ocrx_word' id='word_1_331' title='bbox 1797 2533 1941 2587; x_wconf 92' lang='lat' dir='ltr'><strong>oculi</strong></span> <span class='ocrx_word' id='word_1_332' title='bbox 1966 2547 2152 2588; x_wconf 91' lang='lat' dir='ltr'><strong>eorum</strong></span> <span class='ocrx_word' id='word_1_333' title='bbox 2190 2548 2256 2587; x_wconf 92' lang='lat' dir='ltr'><strong>ne</strong></span> 
     </span>
    </p>
   </div>
   <div class='ocr_carea' id='block_1_44' title="bbox 673 2623 2253 2697">
    <p class='ocr_par' dir='ltr' id='par_1_44' title="bbox 673 2623 2253 2697">
     <span class='ocr_line' id='line_1_44' title="bbox 673 2623 2253 2697; baseline -0.006 -11"><span class='ocrx_word' id='word_1_334' title='bbox 673 2636 912 2697; x_wconf 87' lang='lat' dir='ltr'><strong>videant,</strong></span> <span class='ocrx_word' id='word_1_335' title='bbox 942 2641 996 2686; x_wconf 90' lang='lat' dir='ltr'><strong>et</strong></span> <span class='ocrx_word' id='word_1_336' title='bbox 1018 2633 1234 2685; x_wconf 89' lang='lat' dir='ltr'><strong>dorsum</strong></span> <span class='ocrx_word' id='word_1_337' title='bbox 1267 2643 1453 2682; x_wconf 91' lang='lat' dir='ltr'><strong>eorum</strong></span> <span class='ocrx_word' id='word_1_338' title='bbox 1490 2641 1706 2693; x_wconf 86' lang='lat' dir='ltr'><strong>semper</strong></span> <span class='ocrx_word' id='word_1_339' title='bbox 1751 2627 1973 2680; x_wconf 82' lang='lat' dir='ltr'><strong>incurva</strong></span> <span class='ocrx_word' id='word_1_340' title='bbox 1996 2625 2062 2678; x_wconf 85' lang='grc'><strong>⁸³.</strong></span> <span class='ocrx_word' id='word_1_341' title='bbox 2095 2645 2114 2675; x_wconf 75' lang='grc' dir='ltr'><strong>ι</strong></span> <span class='ocrx_word' id='word_1_342' title='bbox 2161 2623 2253 2677; x_wconf 81' lang='lat' dir='ltr'><strong>Di-</strong></span> 
     </span>
    </p>
   </div>
   <div class='ocr_carea' id='block_1_45' title="bbox 677 2715 2256 2796">
    <p class='ocr_par' dir='ltr' id='par_1_45' title="bbox 677 2715 2256 2796">
     <span class='ocr_line' id='line_1_45' title="bbox 677 2715 2256 2796; baseline -0.008 -16"><span class='ocrx_word' id='word_1_343' title='bbox 677 2735 892 2796; x_wconf 89' lang='lat' dir='ltr'><strong>ruptum</strong></span> <span class='ocrx_word' id='word_1_344' title='bbox 929 2732 1012 2777; x_wconf 88' lang='lat' dir='ltr'><strong>est</strong></span> <span class='ocrx_word' id='word_1_345' title='bbox 1035 2723 1196 2776; x_wconf 89' lang='lat' dir='ltr'><strong>etiam</strong></span> <span class='ocrx_word' id='word_1_346' title='bbox 1227 2720 1403 2774; x_wconf 82' lang='lat' dir='ltr'><strong>velum</strong></span> <span class='ocrx_word' id='word_1_347' title='bbox 1455 2719 1662 2786; x_wconf 87' lang='lat' dir='ltr'><strong>templi,</strong></span> <span class='ocrx_word' id='word_1_348' title='bbox 1704 2726 1762 2770; x_wconf 90' lang='lat' dir='ltr'><strong>ut</strong></span> <span class='ocrx_word' id='word_1_349' title='bbox 1794 2717 1846 2771; x_wconf 91' lang='lat' dir='ltr'><strong>in</strong></span> <span class='ocrx_word' id='word_1_350' title='bbox 1879 2731 2001 2771; x_wconf 93' lang='lat' dir='ltr'><strong>eum</strong></span> <span class='ocrx_word' id='word_1_351' title='bbox 2032 2715 2256 2770; x_wconf 86' lang='lat' dir='ltr'><strong>creden-</strong></span> 
     </span>
    </p>
   </div>
   <div class='ocr_carea' id='block_1_46' title="bbox 676 2807 2256 2885">
    <p class='ocr_par' dir='ltr' id='par_1_46' title="bbox 676 2807 2256 2885">
     <span class='ocr_line' id='line_1_46' title="bbox 676 2807 2256 2885; baseline -0.008 -14"><span class='ocrx_word' id='word_1_352' title='bbox 676 2820 822 2873; x_wconf 88' lang='lat' dir='ltr'><strong>tibus</strong></span> <span class='ocrx_word' id='word_1_353' title='bbox 848 2818 1122 2885; x_wconf 81' lang='lat' dir='ltr'><strong>detegeret</strong></span> <span class='ocrx_word' id='word_1_354' title='bbox 1162 2813 1274 2881; x_wconf 83' lang='lat' dir='ltr'><strong>jam</strong></span> <span class='ocrx_word' id='word_1_355' title='bbox 1324 2811 1522 2864; x_wconf 89' lang='lat' dir='ltr'><strong>Sancta</strong></span> <span class='ocrx_word' id='word_1_356' title='bbox 1556 2820 1904 2876; x_wconf 88' lang='lat' dir='ltr'><strong>sanctorum,</strong></span> <span class='ocrx_word' id='word_1_357' title='bbox 1960 2818 2012 2862; x_wconf 88' lang='lat' dir='ltr'><strong>et</strong></span> <span class='ocrx_word' id='word_1_358' title='bbox 2067 2807 2256 2861; x_wconf 89' lang='lat' dir='ltr'><strong>intima</strong></span> 
     </span>
    </p>
   </div>
   <div class='ocr_carea' id='block_1_47' title="bbox 677 2899 2258 2980">
    <p class='ocr_par' dir='ltr' id='par_1_47' title="bbox 677 2899 2258 2980">
     <span class='ocr_line' id='line_1_47' title="bbox 677 2899 2258 2980; baseline -0.009 -13"><span class='ocrx_word' id='word_1_359' title='bbox 677 2912 768 2968; x_wconf 90' lang='lat' dir='ltr'><strong>illa</strong></span> <span class='ocrx_word' id='word_1_360' title='bbox 794 2908 1094 2980; x_wconf 86' lang='lat' dir='ltr'><strong>penetralia</strong></span> <span class='ocrx_word' id='word_1_361' title='bbox 1129 2907 1527 2960; x_wconf 89' lang='lat' dir='ltr'><strong>demonstraret</strong></span> <span class='ocrx_word' id='word_1_362' title='bbox 1563 2918 1575 2953; x_wconf 90' lang='lat'><strong>:</strong></span> <span class='ocrx_word' id='word_1_363' title='bbox 1625 2910 1882 2968; x_wconf 89' lang='lat' dir='ltr'><strong>tanquam</strong></span> <span class='ocrx_word' id='word_1_364' title='bbox 1919 2913 2024 2952; x_wconf 92' lang='lat' dir='ltr'><strong>non</strong></span> <span class='ocrx_word' id='word_1_365' title='bbox 2081 2899 2258 2952; x_wconf 88' lang='lat' dir='ltr'><strong>adhuc</strong></span> 
     </span>
    </p>
   </div>
   <div class='ocr_carea' id='block_1_48' title="bbox 676 2988 2257 3063">
    <p class='ocr_par' dir='ltr' id='par_1_48' title="bbox 676 2988 2257 3063">
     <span class='ocr_line' id='line_1_48' title="bbox 676 2988 2257 3063; baseline -0.009 -7"><span class='ocrx_word' id='word_1_366' title='bbox 676 3002 913 3056; x_wconf 88' lang='lat' dir='ltr'><strong>habente</strong></span> <span class='ocrx_word' id='word_1_367' title='bbox 945 3006 1144 3052; x_wconf 90' lang='lat' dir='ltr'><strong>statum</strong></span> <span class='ocrx_word' id='word_1_368' title='bbox 1178 2995 1359 3063; x_wconf 91' lang='lat' dir='ltr'><strong>priore</strong></span> <span class='ocrx_word' id='word_1_369' title='bbox 1387 2993 1475 3046; x_wconf 91' lang='lat' dir='ltr'><strong>illo</strong></span> <span class='ocrx_word' id='word_1_370' title='bbox 1509 2991 1878 3054; x_wconf 88' lang='lat' dir='ltr'><strong>tabernaculo,</strong></span> <span class='ocrx_word' id='word_1_371' title='bbox 1904 2989 1999 3043; x_wconf 91' lang='lat' dir='ltr'><strong>sed</strong></span> <span class='ocrx_word' id='word_1_372' title='bbox 2027 2988 2139 3057; x_wconf 91' lang='lat' dir='ltr'><strong>jam</strong></span> <span class='ocrx_word' id='word_1_373' title='bbox 2174 3004 2257 3043; x_wconf 91' lang='lat' dir='ltr'><strong>re-</strong></span> 
     </span>
    </p>
   </div>
   <div class='ocr_carea' id='block_1_49' title="bbox 675 3083 2255 3152">
    <p class='ocr_par' dir='ltr' id='par_1_49' title="bbox 675 3083 2255 3152">
     <span class='ocr_line' id='line_1_49' title="bbox 675 3083 2255 3152; baseline -0.007 -6"><span class='ocrx_word' id='word_1_374' title='bbox 675 3093 851 3148; x_wconf 82' lang='lat' dir='ltr'><strong>velata</strong></span> <span class='ocrx_word' id='word_1_375' title='bbox 881 3099 1190 3145; x_wconf 86' lang='lat' dir='ltr'><strong>sanctorum</strong></span> <span class='ocrx_word' id='word_1_376' title='bbox 1225 3089 1308 3141; x_wconf 89' lang='lat' dir='ltr'><strong>via</strong></span> <span class='ocrx_word' id='word_1_377' title='bbox 1334 3087 1398 3151; x_wconf 76' lang='lat'><strong>“,</strong></span> <span class='ocrx_word' id='word_1_378' title='bbox 1443 3086 1698 3140; x_wconf 90' lang='lat' dir='ltr'><strong>nimirum</strong></span> <span class='ocrx_word' id='word_1_379' title='bbox 1736 3084 1824 3136; x_wconf 91' lang='lat' dir='ltr'><strong>illa</strong></span> <span class='ocrx_word' id='word_1_380' title='bbox 1867 3098 1987 3152; x_wconf 86' lang='lat' dir='ltr'><strong>quae</strong></span> <span class='ocrx_word' id='word_1_381' title='bbox 2019 3083 2167 3137; x_wconf 91' lang='lat' dir='ltr'><strong>ducit</strong></span> <span class='ocrx_word' id='word_1_382' title='bbox 2203 3084 2255 3136; x_wconf 89' lang='lat' dir='ltr'><strong>in</strong></span> 
     </span>
    </p>
   </div>
   <div class='ocr_carea' id='block_1_50' title="bbox 680 3171 2259 3243">
    <p class='ocr_par' dir='ltr' id='par_1_50' title="bbox 680 3171 2259 3243">
     <span class='ocr_line' id='line_1_50' title="bbox 680 3171 2259 3243; baseline -0.008 -6"><span class='ocrx_word' id='word_1_383' title='bbox 680 3184 880 3237; x_wconf 85' lang='lat' dir='ltr'><strong>Sancta</strong></span> <span class='ocrx_word' id='word_1_384' title='bbox 917 3189 1248 3236; x_wconf 86' lang='lat' dir='ltr'><strong>sanctorum.</strong></span> <span class='ocrx_word' id='word_1_385' title='bbox 1300 3176 1498 3231; x_wconf 88' lang='lat' dir='ltr'><strong>Sancta</strong></span> <span class='ocrx_word' id='word_1_386' title='bbox 1538 3175 1682 3230; x_wconf 90' lang='lat' dir='ltr'><strong>enim</strong></span> <span class='ocrx_word' id='word_1_387' title='bbox 1715 3183 1833 3228; x_wconf 89' lang='lat' dir='ltr'><strong>erat</strong></span> <span class='ocrx_word' id='word_1_388' title='bbox 1863 3172 2051 3243; x_wconf 89' lang='lat' dir='ltr'><strong>procul</strong></span> <span class='ocrx_word' id='word_1_389' title='bbox 2095 3171 2259 3226; x_wconf 90' lang='lat' dir='ltr'><strong>dubio</strong></span> 
     </span>
    </p>
   </div>
   <div class='ocr_carea' id='block_1_51' title="bbox 679 3264 2258 3343">
    <p class='ocr_par' dir='ltr' id='par_1_51' title="bbox 679 3264 2258 3343">
     <span class='ocr_line' id='line_1_51' title="bbox 679 3264 2258 3343; baseline -0.009 -14"><span class='ocrx_word' id='word_1_390' title='bbox 679 3277 796 3343; x_wconf 88' lang='lat' dir='ltr'><strong>ipsa</strong></span> <span class='ocrx_word' id='word_1_391' title='bbox 829 3274 911 3328; x_wconf 85' lang='lat' dir='ltr'><strong>lex</strong></span> <span class='ocrx_word' id='word_1_392' title='bbox 938 3285 1175 3341; x_wconf 88' lang='lat' dir='ltr'><strong>quoque,</strong></span> <span class='ocrx_word' id='word_1_393' title='bbox 1217 3269 1414 3339; x_wconf 88' lang='lat' dir='ltr'><strong>quippe</strong></span> <span class='ocrx_word' id='word_1_394' title='bbox 1449 3265 1814 3336; x_wconf 71' lang='lat' dir='ltr'><strong>qutejustitiae</strong></span> <span class='ocrx_word' id='word_1_395' title='bbox 1865 3275 1981 3319; x_wconf 89' lang='lat' dir='ltr'><strong>erat</strong></span> <span class='ocrx_word' id='word_1_396' title='bbox 2033 3264 2258 3327; x_wconf 88' lang='lat' dir='ltr'><strong>arbitra,</strong></span> 
     </span>
    </p>
   </div>
   <div class='ocr_carea' id='block_1_52' title="bbox 678 3355 2262 3433">
    <p class='ocr_par' dir='ltr' id='par_1_52' title="bbox 678 3355 2262 3433">
     <span class='ocr_line' id='line_1_52' title="bbox 678 3355 2262 3433; baseline -0.008 -14"><span class='ocrx_word' id='word_1_397' title='bbox 678 3377 736 3419; x_wconf 84' lang='lat' dir='ltr'><strong>et</strong></span> <span class='ocrx_word' id='word_1_398' title='bbox 770 3366 1088 3433; x_wconf 64' lang='lat' dir='ltr'><strong>paedagogus</strong></span> <span class='ocrx_word' id='word_1_399' title='bbox 1128 3362 1194 3416; x_wconf 92' lang='lat' dir='ltr'><strong>ad</strong></span> <span class='ocrx_word' id='word_1_400' title='bbox 1247 3362 1520 3415; x_wconf 80' lang='lat' dir='ltr'><strong>Christum</strong></span> <span class='ocrx_word' id='word_1_401' title='bbox 1547 3357 1637 3410; x_wconf 78' lang='grc' dir='ltr'><strong>⁸⁵ε</strong></span> <span class='ocrx_word' id='word_1_402' title='bbox 1686 3358 1780 3411; x_wconf 90' lang='lat' dir='ltr'><strong>sed</strong></span> <span class='ocrx_word' id='word_1_403' title='bbox 1826 3356 1979 3425; x_wconf 80' lang='lat' dir='ltr'><strong>longe</strong></span> <span class='ocrx_word' id='word_1_404' title='bbox 2022 3355 2262 3409; x_wconf 88' lang='lat' dir='ltr'><strong>sanctior</strong></span> 
     </span>
    </p>
   </div>
   <div class='ocr_carea' id='block_1_53' title="bbox 680 3447 2262 3525">
    <p class='ocr_par' dir='ltr' id='par_1_53' title="bbox 680 3447 2262 3525">
     <span class='ocr_line' id='line_1_53' title="bbox 680 3447 2262 3525; baseline -0.008 -14"><span class='ocrx_word' id='word_1_405' title='bbox 680 3456 1003 3525; x_wconf 82' lang='lat' dir='ltr'><strong>intelligitur</strong></span> <span class='ocrx_word' id='word_1_406' title='bbox 1038 3454 1124 3507; x_wconf 88' lang='lat' dir='ltr'><strong>illa</strong></span> <span class='ocrx_word' id='word_1_407' title='bbox 1160 3455 1210 3506; x_wconf 90' lang='lat' dir='ltr'><strong>in</strong></span> <span class='ocrx_word' id='word_1_408' title='bbox 1257 3452 1473 3506; x_wconf 78' lang='lat' dir='ltr'><strong>Christo</strong></span> <span class='ocrx_word' id='word_1_409' title='bbox 1505 3452 1635 3514; x_wconf 83' lang='lat' dir='ltr'><strong>vita,</strong></span> <span class='ocrx_word' id='word_1_410' title='bbox 1667 3459 1722 3503; x_wconf 91' lang='lat' dir='ltr'><strong>et</strong></span> <span class='ocrx_word' id='word_1_411' title='bbox 1754 3449 1845 3504; x_wconf 88' lang='lat' dir='ltr'><strong>illo</strong></span> <span class='ocrx_word' id='word_1_412' title='bbox 1871 3449 1938 3517; x_wconf 75' lang='grc' dir='ltr'><strong>⁸ἰιι</strong></span> <span class='ocrx_word' id='word_1_413' title='bbox 1971 3447 2178 3500; x_wconf 89' lang='lat' dir='ltr'><strong>umbris</strong></span> <span class='ocrx_word' id='word_1_414' title='bbox 2209 3455 2262 3499; x_wconf 88' lang='lat' dir='ltr'><strong>et</strong></span> 
     </span>
    </p>
   </div>
   <div class='ocr_carea' id='block_1_54' title="bbox 679 3538 2259 3614">
    <p class='ocr_par' dir='ltr' id='par_1_54' title="bbox 679 3538 2259 3614">
     <span class='ocr_line' id='line_1_54' title="bbox 679 3538 2259 3614; baseline -0.007 -13"><span class='ocrx_word' id='word_1_415' title='bbox 679 3547 866 3614; x_wconf 77' lang='lat' dir='ltr'><strong>figuris</strong></span> <span class='ocrx_word' id='word_1_416' title='bbox 892 3547 1034 3600; x_wconf 89' lang='lat' dir='ltr'><strong>cultu</strong></span> <span class='ocrx_word' id='word_1_417' title='bbox 1061 3544 1402 3613; x_wconf 69' lang='lat' dir='ltr'><strong>prmstantior</strong></span> <span class='ocrx_word' id='word_1_418' title='bbox 1432 3557 1496 3596; x_wconf 88' lang='lat' dir='ltr'><strong>ac</strong></span> <span class='ocrx_word' id='word_1_419' title='bbox 1526 3541 1716 3594; x_wconf 87' lang='lat' dir='ltr'><strong>melior</strong></span> <span class='ocrx_word' id='word_1_420' title='bbox 1744 3540 1788 3593; x_wconf 92' lang='lat' dir='ltr'><strong>is</strong></span> <span class='ocrx_word' id='word_1_421' title='bbox 1822 3539 1914 3609; x_wconf 90' lang='lat' dir='ltr'><strong>qui</strong></span> <span class='ocrx_word' id='word_1_422' title='bbox 1955 3539 2007 3592; x_wconf 90' lang='lat' dir='ltr'><strong>in</strong></span> <span class='ocrx_word' id='word_1_423' title='bbox 2064 3538 2259 3607; x_wconf 89' lang='lat' dir='ltr'><strong>spiritu</strong></span> 
     </span>
    </p>
   </div>
   <div class='ocr_carea' id='block_1_55' title="bbox 680 3631 2260 3698">
    <p class='ocr_par' dir='ltr' id='par_1_55' title="bbox 680 3631 2260 3698">
     <span class='ocr_line' id='line_1_55' title="bbox 680 3631 2260 3698; baseline -0.006 -6"><span class='ocrx_word' id='word_1_424' title='bbox 680 3650 734 3692; x_wconf 90' lang='lat' dir='ltr'><strong>et</strong></span> <span class='ocrx_word' id='word_1_425' title='bbox 768 3638 994 3691; x_wconf 86' lang='lat' dir='ltr'><strong>veritate</strong></span> <span class='ocrx_word' id='word_1_426' title='bbox 1023 3635 1329 3689; x_wconf 74' lang='lat' dir='ltr'><strong>exhibetur.</strong></span> <span class='ocrx_word' id='word_1_427' title='bbox 1366 3634 1447 3686; x_wconf 85' lang='lat' dir='ltr'><strong>An</strong></span> <span class='ocrx_word' id='word_1_428' title='bbox 1487 3647 1616 3687; x_wconf 88' lang='lat' dir='ltr'><strong>vero</strong></span> <span class='ocrx_word' id='word_1_429' title='bbox 1647 3645 1755 3685; x_wconf 88' lang='lat' dir='ltr'><strong>non</strong></span> <span class='ocrx_word' id='word_1_430' title='bbox 1793 3631 1973 3685; x_wconf 87' lang='lat' dir='ltr'><strong>divina</strong></span> <span class='ocrx_word' id='word_1_431' title='bbox 2009 3639 2064 3684; x_wconf 91' lang='lat' dir='ltr'><strong>et</strong></span> <span class='ocrx_word' id='word_1_432' title='bbox 2097 3644 2260 3698; x_wconf 85' lang='lat' dir='ltr'><strong>supra</strong></span> 
     </span>
    </p>
   </div>
   <div class='ocr_carea' id='block_1_56' title="bbox 679 3722 2262 3794">
    <p class='ocr_par' dir='ltr' id='par_1_56' title="bbox 679 3722 2262 3794">
     <span class='ocr_line' id='line_1_56' title="bbox 679 3722 2262 3794; baseline -0.007 -10"><span class='ocrx_word' id='word_1_433' title='bbox 679 3729 914 3784; x_wconf 89' lang='lat' dir='ltr'><strong>hominis</strong></span> <span class='ocrx_word' id='word_1_434' title='bbox 975 3737 1220 3780; x_wconf 86' lang='lat' dir='ltr'><strong>naturam</strong></span> <span class='ocrx_word' id='word_1_435' title='bbox 1251 3723 1514 3794; x_wconf 85' lang='lat' dir='ltr'><strong>ejusmodi</strong></span> <span class='ocrx_word' id='word_1_436' title='bbox 1553 3730 1679 3777; x_wconf 89' lang='lat' dir='ltr'><strong>sunt</strong></span> <span class='ocrx_word' id='word_1_437' title='bbox 1711 3722 1920 3790; x_wconf 85' lang='lat' dir='ltr'><strong>opera?</strong></span> <span class='ocrx_word' id='word_1_438' title='bbox 1950 3736 2128 3776; x_wconf 87' lang='lat' dir='ltr'><strong>nonne</strong></span> <span class='ocrx_word' id='word_1_439' title='bbox 2170 3736 2262 3774; x_wconf 88' lang='lat' dir='ltr'><strong>sa-</strong></span> 
     </span>
    </p>
   </div>
   <div class='ocr_carea' id='block_1_57' title="bbox 679 3813 2262 3888">
    <p class='ocr_par' dir='ltr' id='par_1_57' title="bbox 679 3813 2262 3888">
     <span class='ocr_line' id='line_1_57' title="bbox 679 3813 2262 3888; baseline -0.005 -14"><span class='ocrx_word' id='word_1_440' title='bbox 679 3822 874 3876; x_wconf 85' lang='lat' dir='ltr'><strong>lutaris</strong></span> <span class='ocrx_word' id='word_1_441' title='bbox 915 3818 1002 3872; x_wconf 91' lang='lat' dir='ltr'><strong>illa</strong></span> <span class='ocrx_word' id='word_1_442' title='bbox 1049 3818 1231 3888; x_wconf 88' lang='lat' dir='ltr'><strong>passio</strong></span> <span class='ocrx_word' id='word_1_443' title='bbox 1274 3815 1583 3871; x_wconf 88' lang='lat' dir='ltr'><strong>versatilem</strong></span> <span class='ocrx_word' id='word_1_444' title='bbox 1636 3814 1784 3868; x_wconf 87' lang='lat' dir='ltr'><strong>illum</strong></span> <span class='ocrx_word' id='word_1_445' title='bbox 1821 3813 2057 3883; x_wconf 79' lang='lat' dir='ltr'><strong>gladium</strong></span> <span class='ocrx_word' id='word_1_446' title='bbox 2106 3813 2262 3866; x_wconf 89' lang='lat' dir='ltr'><strong>cohi-</strong></span> 
     </span>
    </p>
   </div>
   <div class='ocr_carea' id='block_1_58' title="bbox 678 3905 2262 3979">
    <p class='ocr_par' dir='ltr' id='par_1_58' title="bbox 678 3905 2262 3979">
     <span class='ocr_line' id='line_1_58' title="bbox 678 3905 2262 3979; baseline -0.007 -10"><span class='ocrx_word' id='word_1_447' title='bbox 678 3915 817 3979; x_wconf 85' lang='lat' dir='ltr'><strong>buit,</strong></span> <span class='ocrx_word' id='word_1_448' title='bbox 867 3925 921 3966; x_wconf 94' lang='lat' dir='ltr'><strong>et</strong></span> <span class='ocrx_word' id='word_1_449' title='bbox 977 3913 1249 3966; x_wconf 89' lang='lat' dir='ltr'><strong>hominem</strong></span> <span class='ocrx_word' id='word_1_450' title='bbox 1303 3924 1493 3963; x_wconf 89' lang='lat' dir='ltr'><strong>rursus</strong></span> <span class='ocrx_word' id='word_1_451' title='bbox 1540 3909 1591 3961; x_wconf 89' lang='lat' dir='ltr'><strong>in</strong></span> <span class='ocrx_word' id='word_1_452' title='bbox 1646 3907 1954 3976; x_wconf 89' lang='lat' dir='ltr'><strong>paradisum</strong></span> <span class='ocrx_word' id='word_1_453' title='bbox 2008 3905 2262 3960; x_wconf 83' lang='lat' dir='ltr'><strong>induxit?</strong></span> 
     </span>
    </p>
   </div>
   <div class='ocr_carea' id='block_1_59' title="bbox 682 3995 2264 4067">
    <p class='ocr_par' dir='ltr' id='par_1_59' title="bbox 682 3995 2264 4067">
     <span class='ocr_line' id='line_1_59' title="bbox 682 3995 2264 4067; baseline -0.008 -7"><span class='ocrx_word' id='word_1_454' title='bbox 682 4006 826 4060; x_wconf 83' lang='lat' dir='ltr'><strong>Dixit</strong></span> <span class='ocrx_word' id='word_1_455' title='bbox 858 4005 1000 4059; x_wconf 89' lang='lat' dir='ltr'><strong>enim</strong></span> <span class='ocrx_word' id='word_1_456' title='bbox 1054 4002 1306 4057; x_wconf 85' lang='lat' dir='ltr'><strong>Christus</strong></span> <span class='ocrx_word' id='word_1_457' title='bbox 1335 4000 1493 4054; x_wconf 86' lang='lat' dir='ltr'><strong>simul</strong></span> <span class='ocrx_word' id='word_1_458' title='bbox 1525 4013 1786 4067; x_wconf 91' lang='lat' dir='ltr'><strong>suspenso</strong></span> <span class='ocrx_word' id='word_1_459' title='bbox 1831 3998 2023 4050; x_wconf 90' lang='lat' dir='ltr'><strong>latroni</strong></span> <span class='ocrx_word' id='word_1_460' title='bbox 2061 4015 2074 4049; x_wconf 85' lang='lat'><strong>:</strong></span> <span class='ocrx_word' id='word_1_461' title='bbox 2107 4015 2124 4046; x_wconf 73' lang='grc' dir='ltr'><strong>ι</strong></span> <span class='ocrx_word' id='word_1_462' title='bbox 2157 3995 2264 4048; x_wconf 87' lang='lat' dir='ltr'><strong>Ho-</strong></span> 
     </span>
    </p>
   </div>
   <div class='ocr_carea' id='block_1_60' title="bbox 683 4086 2264 4160">
    <p class='ocr_par' dir='ltr' id='par_1_60' title="bbox 683 4086 2264 4160">
     <span class='ocr_line' id='line_1_60' title="bbox 683 4086 2264 4160; baseline -0.007 -10"><span class='ocrx_word' id='word_1_463' title='bbox 683 4099 769 4152; x_wconf 90' lang='lat' dir='ltr'><strong>die</strong></span> <span class='ocrx_word' id='word_1_464' title='bbox 802 4110 1011 4149; x_wconf 89' lang='lat' dir='ltr'><strong>tnecum</strong></span> <span class='ocrx_word' id='word_1_465' title='bbox 1047 4094 1156 4146; x_wconf 90' lang='lat' dir='ltr'><strong>eris</strong></span> <span class='ocrx_word' id='word_1_466' title='bbox 1189 4092 1243 4145; x_wconf 89' lang='lat' dir='ltr'><strong>in</strong></span> <span class='ocrx_word' id='word_1_467' title='bbox 1283 4091 1534 4160; x_wconf 78' lang='lat' dir='ltr'><strong>paradiso</strong></span> <span class='ocrx_word' id='word_1_468' title='bbox 1559 4089 1624 4142; x_wconf 77' lang='grc'><strong>⁸⁸.</strong></span> <span class='ocrx_word' id='word_1_469' title='bbox 1666 4107 1685 4140; x_wconf 75' lang='grc' dir='ltr'><strong>ι</strong></span> <span class='ocrx_word' id='word_1_470' title='bbox 1724 4086 1914 4142; x_wconf 84' lang='lat' dir='ltr'><strong>Nonne</strong></span> <span class='ocrx_word' id='word_1_471' title='bbox 1945 4086 2146 4141; x_wconf 73' lang='lat' dir='ltr'><strong>affulsit</strong></span> <span class='ocrx_word' id='word_1_472' title='bbox 2181 4087 2264 4140; x_wconf 90' lang='lat' dir='ltr'><strong>his</strong></span> 
     </span>
    </p>
   </div>
   <div class='ocr_carea' id='block_1_61' title="bbox 682 4177 2264 4255">
    <p class='ocr_par' dir='ltr' id='par_1_61' title="bbox 682 4177 2264 4255">
     <span class='ocr_line' id='line_1_61' title="bbox 682 4177 2264 4255; baseline -0.005 -16"><span class='ocrx_word' id='word_1_473' title='bbox 682 4187 773 4255; x_wconf 87' lang='lat' dir='ltr'><strong>qui</strong></span> <span class='ocrx_word' id='word_1_474' title='bbox 801 4187 854 4240; x_wconf 88' lang='lat' dir='ltr'><strong>in</strong></span> <span class='ocrx_word' id='word_1_475' title='bbox 884 4184 1125 4240; x_wconf 88' lang='lat' dir='ltr'><strong>tenebris</strong></span> <span class='ocrx_word' id='word_1_476' title='bbox 1150 4192 1330 4244; x_wconf 85' lang='lat' dir='ltr'><strong>erant,</strong></span> <span class='ocrx_word' id='word_1_477' title='bbox 1361 4197 1480 4235; x_wconf 91' lang='lat' dir='ltr'><strong>cum</strong></span> <span class='ocrx_word' id='word_1_478' title='bbox 1508 4189 1776 4250; x_wconf 83' lang='lat' dir='ltr'><strong>potestate</strong></span> <span class='ocrx_word' id='word_1_479' title='bbox 1809 4180 2128 4243; x_wconf 84' lang='lat' dir='ltr'><strong>inclamans,</strong></span> <span class='ocrx_word' id='word_1_480' title='bbox 2159 4177 2264 4231; x_wconf 68' lang='lat' dir='ltr'><strong>lie-</strong></span> 
     </span>
    </p>
   </div>
   <div class='ocr_carea' id='block_1_62' title="bbox 682 4270 2266 4334">
    <p class='ocr_par' dir='ltr' id='par_1_62' title="bbox 682 4270 2266 4334">
     <span class='ocr_line' id='line_1_62' title="bbox 682 4270 2266 4334; baseline -0.004 -5"><span class='ocrx_word' id='word_1_481' title='bbox 682 4275 1048 4331; x_wconf 81' lang='lat' dir='ltr'><strong>velamini&quot;?</strong></span> <span class='ocrx_word' id='word_1_482' title='bbox 1093 4273 1385 4327; x_wconf 79' lang='lat' dir='ltr'><strong>Evacuavit</strong></span> <span class='ocrx_word' id='word_1_483' title='bbox 1439 4273 1583 4327; x_wconf 90' lang='lat' dir='ltr'><strong>enim</strong></span> <span class='ocrx_word' id='word_1_484' title='bbox 1637 4271 1844 4326; x_wconf 87' lang='lat' dir='ltr'><strong>inferos</strong></span> <span class='ocrx_word' id='word_1_485' title='bbox 1897 4280 1954 4323; x_wconf 91' lang='lat' dir='ltr'><strong>ut</strong></span> <span class='ocrx_word' id='word_1_486' title='bbox 2010 4270 2169 4334; x_wconf 80' lang='lat' dir='ltr'><strong>Deus,</strong></span> <span class='ocrx_word' id='word_1_487' title='bbox 2213 4278 2266 4323; x_wconf 86' lang='lat' dir='ltr'><strong>ct</strong></span> 
     </span>
    </p>
   </div>
   <div class='ocr_carea' id='block_1_63' title="bbox 683 4362 2266 4437">
    <p class='ocr_par' dir='ltr' id='par_1_63' title="bbox 683 4362 2266 4437">
     <span class='ocr_line' id='line_1_63' title="bbox 683 4362 2266 4437; baseline -0.005 -13"><span class='ocrx_word' id='word_1_488' title='bbox 683 4383 800 4435; x_wconf 88' lang='lat' dir='ltr'><strong>eos,</strong></span> <span class='ocrx_word' id='word_1_489' title='bbox 846 4369 934 4437; x_wconf 88' lang='lat' dir='ltr'><strong>qui</strong></span> <span class='ocrx_word' id='word_1_490' title='bbox 965 4368 1035 4421; x_wconf 88' lang='lat' dir='ltr'><strong>ibi</strong></span> <span class='ocrx_word' id='word_1_491' title='bbox 1067 4375 1245 4429; x_wconf 89' lang='lat' dir='ltr'><strong>erant,</strong></span> <span class='ocrx_word' id='word_1_492' title='bbox 1296 4381 1325 4418; x_wconf 88' lang='lat' dir='ltr'><strong>a</strong></span> <span class='ocrx_word' id='word_1_493' title='bbox 1379 4363 1610 4418; x_wconf 76' lang='lat' dir='ltr'><strong>vinculis</strong></span> <span class='ocrx_word' id='word_1_494' title='bbox 1652 4363 1912 4417; x_wconf 80' lang='lat' dir='ltr'><strong>relaxavit</strong></span> <span class='ocrx_word' id='word_1_495' title='bbox 1939 4362 2004 4415; x_wconf 82' lang='grc'><strong>⁸⁸.</strong></span> <span class='ocrx_word' id='word_1_496' title='bbox 2039 4362 2107 4415; x_wconf 90' lang='grc' dir='ltr'><strong>Ει</strong></span> <span class='ocrx_word' id='word_1_497' title='bbox 2152 4362 2266 4430; x_wconf 88' lang='lat' dir='ltr'><strong>ipse</strong></span> 
     </span>
    </p>
   </div>
   <div class='ocr_carea' id='block_1_64' title="bbox 2353 1903 3956 1977">
    <p class='ocr_par' dir='ltr' id='par_1_64' title="bbox 2353 1903 3956 1977">
     <span class='ocr_line' id='line_1_64' title="bbox 2353 1903 3956 1977; baseline -0.005 -14"><span class='ocrx_word' id='word_1_498' title='bbox 2353 1929 2444 1974; x_wconf 88' lang='grc' dir='ltr'><strong>τος</strong></span> <span class='ocrx_word' id='word_1_499' title='bbox 2467 1927 2480 1940; x_wconf 83' lang='lat'><strong><em>°</em></strong></span> <span class='ocrx_word' id='word_1_500' title='bbox 2520 1929 2539 1962; x_wconf 82' lang='grc' dir='ltr'><strong>ι</strong></span> <span class='ocrx_word' id='word_1_501' title='bbox 2577 1909 2688 1963; x_wconf 74' lang='grc' dir='ltr'><strong>Καὶ</strong></span> <span class='ocrx_word' id='word_1_502' title='bbox 2717 1909 2922 1961; x_wconf 91' lang='grc' dir='ltr'>ἐνδύσω</span> <span class='ocrx_word' id='word_1_503' title='bbox 2950 1907 3040 1960; x_wconf 85' lang='grc' dir='ltr'>τὸν</span> <span class='ocrx_word' id='word_1_504' title='bbox 3071 1907 3298 1977; x_wconf 82' lang='grc' dir='ltr'>οὐρανὸν</span> <span class='ocrx_word' id='word_1_505' title='bbox 3321 1905 3534 1969; x_wconf 88' lang='grc' dir='ltr'>σκότος,</span> <span class='ocrx_word' id='word_1_506' title='bbox 3559 1905 3653 1957; x_wconf 80' lang='grc' dir='ltr'>καὶ</span> <span class='ocrx_word' id='word_1_507' title='bbox 3683 1903 3838 1974; x_wconf 85' lang='grc' dir='ltr'>θήσω</span> <span class='ocrx_word' id='word_1_508' title='bbox 3864 1903 3956 1967; x_wconf 79' lang='grc' dir='ltr'>ὡς</span> 
     </span>
    </p>
   </div>
   <div class='ocr_carea' id='block_1_65' title="bbox 2356 1994 3955 2070">
    <p class='ocr_par' dir='ltr' id='par_1_65' title="bbox 2356 1994 3955 2070">
     <span class='ocr_line' id='line_1_65' title="bbox 2356 1994 3955 2070; baseline -0.006 -14"><span class='ocrx_word' id='word_1_509' title='bbox 2356 2003 2560 2056; x_wconf 84' lang='grc' dir='ltr'>σάκκον</span> <span class='ocrx_word' id='word_1_510' title='bbox 2586 2001 2647 2054; x_wconf 72' lang='grc' dir='ltr'>τὸ</span> <span class='ocrx_word' id='word_1_511' title='bbox 2678 1998 3028 2070; x_wconf 77' lang='grc' dir='ltr'>περιϐόλαιον</span> <span class='ocrx_word' id='word_1_512' title='bbox 3075 1997 3262 2052; x_wconf 84' lang='grc' dir='ltr'>αὐτοῦ.</span> <span class='ocrx_word' id='word_1_513' title='bbox 3303 2015 3321 2048; x_wconf 74' lang='grc' dir='ltr'><strong>ι</strong></span> <span class='ocrx_word' id='word_1_514' title='bbox 3360 1995 3533 2057; x_wconf 81' lang='grc' dir='ltr'>Αὐτὸς</span> <span class='ocrx_word' id='word_1_515' title='bbox 3566 1996 3674 2064; x_wconf 82' lang='grc' dir='ltr'>γὰρ</span> <span class='ocrx_word' id='word_1_516' title='bbox 3705 1995 3733 2046; x_wconf 91' lang='lat'><strong>6</strong></span> <span class='ocrx_word' id='word_1_517' title='bbox 3757 1994 3955 2047; x_wconf 80' lang='grc' dir='ltr'><strong>λάλῶν</strong></span> 
     </span>
    </p>
   </div>
   <div class='ocr_carea' id='block_1_66' title="bbox 2355 2084 3956 2162">
    <p class='ocr_par' dir='ltr' id='par_1_66' title="bbox 2355 2084 3956 2162">
     <span class='ocr_line' id='line_1_66' title="bbox 2355 2084 3956 2162; baseline -0.006 -16"><span class='ocrx_word' id='word_1_518' title='bbox 2355 2093 2609 2162; x_wconf 84' lang='grc' dir='ltr'>πάρεστι,</span> <span class='ocrx_word' id='word_1_519' title='bbox 2659 2091 2755 2142; x_wconf 76' lang='grc' dir='ltr'>καὶ</span> <span class='ocrx_word' id='word_1_520' title='bbox 2802 2090 2829 2141; x_wconf 84' lang='grc' dir='ltr'><strong>ὃ</strong></span> <span class='ocrx_word' id='word_1_521' title='bbox 2871 2089 3041 2142; x_wconf 75' lang='grc' dir='ltr'>πάλαι</span> <span class='ocrx_word' id='word_1_522' title='bbox 3092 2086 3520 2157; x_wconf 83' lang='grc' dir='ltr'>προμεμήνυκεν</span> <span class='ocrx_word' id='word_1_523' title='bbox 3561 2085 3822 2152; x_wconf 77' lang='grc' dir='ltr'>ἐσόμενον</span> <span class='ocrx_word' id='word_1_524' title='bbox 3864 2084 3956 2146; x_wconf 80' lang='grc' dir='ltr'><strong>ὡς</strong></span> 
     </span>
    </p>
   </div>
   <div class='ocr_carea' id='block_1_67' title="bbox 2354 2175 3957 2250">
    <p class='ocr_par' dir='ltr' id='par_1_67' title="bbox 2354 2175 3957 2250">
     <span class='ocr_line' id='line_1_67' title="bbox 2354 2175 3957 2250; baseline -0.004 -16"><span class='ocrx_word' id='word_1_525' title='bbox 2354 2183 2508 2246; x_wconf 81' lang='grc' dir='ltr'>Θεὸς,</span> <span class='ocrx_word' id='word_1_526' title='bbox 2543 2181 2830 2250; x_wconf 79' lang='grc' dir='ltr'>ἐπλήρωσε</span> <span class='ocrx_word' id='word_1_527' title='bbox 2855 2179 2998 2232; x_wconf 79' lang='grc' dir='ltr'>κατὰ</span> <span class='ocrx_word' id='word_1_528' title='bbox 3027 2179 3256 2248; x_wconf 81' lang='grc' dir='ltr'>καιροὺς</span> <span class='ocrx_word' id='word_1_529' title='bbox 3285 2176 3642 2246; x_wconf 85' lang='grc' dir='ltr'>ἀνθρωπίνως</span> <span class='ocrx_word' id='word_1_530' title='bbox 3670 2175 3957 2245; x_wconf 78' lang='grc' dir='ltr'>σταυροῦ-</span> 
     </span>
    </p>
   </div>
   <div class='ocr_carea' id='block_1_68' title="bbox 2358 2266 3955 2343">
    <p class='ocr_par' dir='ltr' id='par_1_68' title="bbox 2358 2266 3955 2343">
     <span class='ocr_line' id='line_1_68' title="bbox 2358 2266 3955 2343; baseline -0.004 -19"><span class='ocrx_word' id='word_1_531' title='bbox 2358 2289 2537 2343; x_wconf 79' lang='grc' dir='ltr'>μενος.</span> <span class='ocrx_word' id='word_1_532' title='bbox 2583 2271 2885 2340; x_wconf 77' lang='grc' dir='ltr'>Μονονουχὶ</span> <span class='ocrx_word' id='word_1_533' title='bbox 2929 2269 3038 2339; x_wconf 87' lang='grc' dir='ltr'><strong>γὰρ</strong></span> <span class='ocrx_word' id='word_1_534' title='bbox 3090 2267 3346 2321; x_wconf 85' lang='grc' dir='ltr'>πενθικὸν</span> <span class='ocrx_word' id='word_1_535' title='bbox 3396 2267 3610 2335; x_wconf 78' lang='grc' dir='ltr'>ἱμάτιον</span> <span class='ocrx_word' id='word_1_536' title='bbox 3644 2269 3672 2320; x_wconf 92' lang='lat'><strong>6</strong></span> <span class='ocrx_word' id='word_1_537' title='bbox 3705 2266 3955 2336; x_wconf 78' lang='grc' dir='ltr'>οὐρανὸς</span> 
     </span>
    </p>
   </div>
   <div class='ocr_carea' id='block_1_69' title="bbox 2354 2355 3956 2432">
    <p class='ocr_par' dir='ltr' id='par_1_69' title="bbox 2354 2355 3956 2432">
     <span class='ocr_line' id='line_1_69' title="bbox 2354 2355 3956 2432; baseline -0.006 -15"><span class='ocrx_word' id='word_1_538' title='bbox 2354 2365 2446 2417; x_wconf 75' lang='grc' dir='ltr'>τὸν</span> <span class='ocrx_word' id='word_1_539' title='bbox 2479 2364 2669 2416; x_wconf 88' lang='grc' dir='ltr'>σκότον</span> <span class='ocrx_word' id='word_1_540' title='bbox 2704 2362 2973 2432; x_wconf 83' lang='grc' dir='ltr'>ὑπέσχετο</span> <span class='ocrx_word' id='word_1_541' title='bbox 2993 2375 3004 2387; x_wconf 90' lang='grc'><strong>·</strong></span> <span class='ocrx_word' id='word_1_542' title='bbox 3039 2362 3066 2412; x_wconf 94' lang='lat'><strong>6</strong></span> <span class='ocrx_word' id='word_1_543' title='bbox 3095 2360 3247 2428; x_wconf 79' lang='grc' dir='ltr'>ἥλιος</span> <span class='ocrx_word' id='word_1_544' title='bbox 3275 2358 3332 2411; x_wconf 82' lang='grc' dir='ltr'>δὲ</span> <span class='ocrx_word' id='word_1_545' title='bbox 3358 2357 3469 2409; x_wconf 79' lang='grc' dir='ltr'><strong>τῶν</strong></span> <span class='ocrx_word' id='word_1_546' title='bbox 3494 2356 3725 2410; x_wconf 87' lang='grc' dir='ltr'>ἀκτίνων</span> <span class='ocrx_word' id='word_1_547' title='bbox 3752 2355 3818 2410; x_wconf 82' lang='grc' dir='ltr'><strong>τὺ</strong></span> <span class='ocrx_word' id='word_1_548' title='bbox 3849 2357 3956 2409; x_wconf 81' lang='grc' dir='ltr'>σέ·-</span> 
     </span>
    </p>
   </div>
   <div class='ocr_carea' id='block_1_70' title="bbox 2355 2445 3956 2519">
    <p class='ocr_par' dir='ltr' id='par_1_70' title="bbox 2355 2445 3956 2519">
     <span class='ocr_line' id='line_1_70' title="bbox 2355 2445 3956 2519; baseline -0.008 -10"><span class='ocrx_word' id='word_1_549' title='bbox 2355 2456 2452 2518; x_wconf 91' lang='grc' dir='ltr'><strong>λας</strong></span> <span class='ocrx_word' id='word_1_550' title='bbox 2478 2456 2660 2508; x_wconf 73' lang='grc' dir='ltr'>οὐκέτι</span> <span class='ocrx_word' id='word_1_551' title='bbox 2699 2453 2873 2515; x_wconf 84' lang='grc' dir='ltr'>διδοὺς</span> <span class='ocrx_word' id='word_1_552' title='bbox 2900 2454 3010 2513; x_wconf 88' lang='grc' dir='ltr'>τοῖς</span> <span class='ocrx_word' id='word_1_553' title='bbox 3039 2449 3440 2519; x_wconf 89' lang='grc' dir='ltr'>ἐμπαροινῆσαι</span> <span class='ocrx_word' id='word_1_554' title='bbox 3468 2447 3831 2516; x_wconf 86' lang='grc' dir='ltr'>τετολμηκόσι</span> <span class='ocrx_word' id='word_1_555' title='bbox 3861 2445 3956 2515; x_wconf 78' lang='grc' dir='ltr'>τῷ</span> 
     </span>
    </p>
   </div>
   <div class='ocr_carea' id='block_1_71' title="bbox 2357 2539 3956 2616">
    <p class='ocr_par' dir='ltr' id='par_1_71' title="bbox 2357 2539 3956 2616">
     <span class='ocr_line' id='line_1_71' title="bbox 2357 2539 3956 2616; baseline -0.006 -15"><span class='ocrx_word' id='word_1_556' title='bbox 2357 2549 2463 2601; x_wconf 81' lang='grc' dir='ltr'><strong>τῶν</strong></span> <span class='ocrx_word' id='word_1_557' title='bbox 2493 2548 2629 2600; x_wconf 82' lang='grc' dir='ltr'>ὂλων</span> <span class='ocrx_word' id='word_1_558' title='bbox 2653 2547 2900 2616; x_wconf 89' lang='grc' dir='ltr'>Δεσπότῃ</span> <span class='ocrx_word' id='word_1_559' title='bbox 2928 2544 3022 2598; x_wconf 70' lang='grc' dir='ltr'>καὶ</span> <span class='ocrx_word' id='word_1_560' title='bbox 3048 2542 3188 2613; x_wconf 83' lang='grc' dir='ltr'>Θεῷ,</span> <span class='ocrx_word' id='word_1_561' title='bbox 3206 2541 3298 2594; x_wconf 82' lang='grc' dir='ltr'>τὸν</span> <span class='ocrx_word' id='word_1_562' title='bbox 3327 2544 3406 2604; x_wconf 82' lang='grc' dir='ltr'><strong>είς</strong></span> <span class='ocrx_word' id='word_1_563' title='bbox 3438 2539 3562 2593; x_wconf 88' lang='grc' dir='ltr'>νοῦν</span> <span class='ocrx_word' id='word_1_564' title='bbox 3593 2539 3687 2593; x_wconf 64' lang='grc' dir='ltr'><strong>καὶ⁴</strong></span> <span class='ocrx_word' id='word_1_565' title='bbox 3707 2539 3956 2609; x_wconf 84' lang='grc' dir='ltr'>καρδίαν</span> 
     </span>
    </p>
   </div>
   <div class='ocr_carea' id='block_1_72' title="bbox 2359 2632 3955 2710">
    <p class='ocr_par' dir='ltr' id='par_1_72' title="bbox 2359 2632 3955 2710">
     <span class='ocr_line' id='line_1_72' title="bbox 2359 2632 3955 2710; baseline -0.006 -16"><span class='ocrx_word' id='word_1_566' title='bbox 2359 2643 2618 2710; x_wconf 89' lang='grc' dir='ltr'>ἐσόμενον</span> <span class='ocrx_word' id='word_1_567' title='bbox 2663 2641 2846 2702; x_wconf 81' lang='grc' dir='ltr'>αὐτοῖς</span> <span class='ocrx_word' id='word_1_568' title='bbox 2891 2639 3435 2708; x_wconf 79' lang='grc' dir='ltr'>προκαταμεμήνυκε</span> <span class='ocrx_word' id='word_1_569' title='bbox 3469 2634 3677 2687; x_wconf 88' lang='grc' dir='ltr'>σκότον.</span> <span class='ocrx_word' id='word_1_570' title='bbox 3731 2632 3955 2688; x_wconf 76' lang='grc' dir='ltr'>Ψάλλει</span> 
     </span>
    </p>
   </div>
   <div class='ocr_carea' id='block_1_73' title="bbox 2358 2723 3957 2802">
    <p class='ocr_par' dir='ltr' id='par_1_73' title="bbox 2358 2723 3957 2802">
     <span class='ocr_line' id='line_1_73' title="bbox 2358 2723 3957 2802; baseline -0.006 -18"><span class='ocrx_word' id='word_1_571' title='bbox 2358 2735 2467 2802; x_wconf 85' lang='grc' dir='ltr'>γάρ</span> <span class='ocrx_word' id='word_1_572' title='bbox 2497 2749 2598 2783; x_wconf 92' lang='grc' dir='ltr'><strong>που</strong></span> <span class='ocrx_word' id='word_1_573' title='bbox 2623 2731 2716 2784; x_wconf 72' lang='grc' dir='ltr'>καὶ</span> <span class='ocrx_word' id='word_1_574' title='bbox 2741 2733 2769 2783; x_wconf 93' lang='lat'><strong>6</strong></span> <span class='ocrx_word' id='word_1_575' title='bbox 2803 2730 3072 2799; x_wconf 76' lang='grc' dir='ltr'>μακάριος</span> <span class='ocrx_word' id='word_1_576' title='bbox 3097 2728 3263 2780; x_wconf 70' lang='grc' dir='ltr'>Δαϐὶδ</span> <span class='ocrx_word' id='word_1_577' title='bbox 3297 2726 3428 2795; x_wconf 78' lang='grc' dir='ltr'>περὶ</span> <span class='ocrx_word' id='word_1_578' title='bbox 3462 2724 3674 2778; x_wconf 68' lang='grc' dir='ltr'>αὐτῶνθ</span> <span class='ocrx_word' id='word_1_579' title='bbox 3705 2741 3723 2774; x_wconf 82' lang='grc' dir='ltr'><strong>ι</strong></span> <span class='ocrx_word' id='word_1_580' title='bbox 3747 2723 3957 2775; x_wconf 84' lang='grc' dir='ltr'>Σκοτι-</span> 
     </span>
    </p>
   </div>
   <div class='ocr_carea' id='block_1_74' title="bbox 2361 2813 3957 2891">
    <p class='ocr_par' dir='ltr' id='par_1_74' title="bbox 2361 2813 3957 2891">
     <span class='ocr_line' id='line_1_74' title="bbox 2361 2813 3957 2891; baseline -0.007 -16"><span class='ocrx_word' id='word_1_581' title='bbox 2361 2823 2643 2891; x_wconf 83' lang='grc' dir='ltr'>σθήτωσαν</span> <span class='ocrx_word' id='word_1_582' title='bbox 2675 2822 2725 2873; x_wconf 91' lang='grc' dir='ltr'>οἱ</span> <span class='ocrx_word' id='word_1_583' title='bbox 2771 2819 3041 2888; x_wconf 69' lang='grc' dir='ltr'>ὀφθαλμοὶ</span> <span class='ocrx_word' id='word_1_584' title='bbox 3071 2817 3270 2881; x_wconf 70' lang='grc' dir='ltr'>αὐτῶν,</span> <span class='ocrx_word' id='word_1_585' title='bbox 3304 2814 3396 2868; x_wconf 90' lang='grc' dir='ltr'><strong>τοῦ</strong></span> <span class='ocrx_word' id='word_1_586' title='bbox 3442 2815 3515 2885; x_wconf 84' lang='grc' dir='ltr'>μὴ</span> <span class='ocrx_word' id='word_1_587' title='bbox 3549 2813 3791 2883; x_wconf 76' lang='grc' dir='ltr'>βλέπειν,</span> <span class='ocrx_word' id='word_1_588' title='bbox 3841 2814 3957 2865; x_wconf 76' lang='grc' dir='ltr'>καὶ</span> 
     </span>
    </p>
   </div>
   <div class='ocr_carea' id='block_1_75' title="bbox 2357 2907 3955 2976">
    <p class='ocr_par' dir='ltr' id='par_1_75' title="bbox 2357 2907 3955 2976">
     <span class='ocr_line' id='line_1_75' title="bbox 2357 2907 3955 2976; baseline -0.004 -11"><span class='ocrx_word' id='word_1_589' title='bbox 2357 2913 2449 2965; x_wconf 75' lang='grc' dir='ltr'>τὸν</span> <span class='ocrx_word' id='word_1_590' title='bbox 2497 2912 2664 2966; x_wconf 86' lang='grc' dir='ltr'>νῶτον</span> <span class='ocrx_word' id='word_1_591' title='bbox 2705 2910 2883 2963; x_wconf 78' lang='grc' dir='ltr'>αὐτῶν</span> <span class='ocrx_word' id='word_1_592' title='bbox 2929 2909 3222 2970; x_wconf 83' lang='grc' dir='ltr'>διαπαντὸς</span> <span class='ocrx_word' id='word_1_593' title='bbox 3258 2907 3604 2976; x_wconf 72' lang='grc' dir='ltr'>σύγκαμψον.</span> <span class='ocrx_word' id='word_1_594' title='bbox 3639 2925 3656 2956; x_wconf 78' lang='grc' dir='ltr'><strong>ι</strong></span> <span class='ocrx_word' id='word_1_595' title='bbox 3701 2907 3955 2976; x_wconf 75' lang='grc' dir='ltr'>Διερρή-</span> 
     </span>
    </p>
   </div>
   <div class='ocr_carea' id='block_1_76' title="bbox 2359 2997 3959 3071">
    <p class='ocr_par' dir='ltr' id='par_1_76' title="bbox 2359 2997 3959 3071">
     <span class='ocr_line' id='line_1_76' title="bbox 2359 2997 3959 3071; baseline -0.004 -16"><span class='ocrx_word' id='word_1_596' title='bbox 2359 3019 2522 3071; x_wconf 91' lang='grc' dir='ltr'>γνυτο</span> <span class='ocrx_word' id='word_1_597' title='bbox 2570 3003 2627 3055; x_wconf 78' lang='grc' dir='ltr'>δὲ</span> <span class='ocrx_word' id='word_1_598' title='bbox 2674 3002 2769 3054; x_wconf 78' lang='grc' dir='ltr'>καὶ</span> <span class='ocrx_word' id='word_1_599' title='bbox 2814 3003 2875 3053; x_wconf 80' lang='grc' dir='ltr'>τὸ</span> <span class='ocrx_word' id='word_1_600' title='bbox 2909 3001 3316 3068; x_wconf 83' lang='grc' dir='ltr'>καταπέτασμα</span> <span class='ocrx_word' id='word_1_601' title='bbox 3361 2999 3455 3051; x_wconf 90' lang='grc' dir='ltr'><strong>τοῦ</strong></span> <span class='ocrx_word' id='word_1_602' title='bbox 3505 2997 3660 3062; x_wconf 89' lang='grc' dir='ltr'>ναοῦ,</span> <span class='ocrx_word' id='word_1_603' title='bbox 3707 3000 3822 3061; x_wconf 84' lang='grc' dir='ltr'>τοῖς</span> <span class='ocrx_word' id='word_1_604' title='bbox 3863 3001 3959 3062; x_wconf 79' lang='grc' dir='ltr'>εἰς</span> 
     </span>
    </p>
   </div>
   <div class='ocr_carea' id='block_1_77' title="bbox 2361 3090 3960 3161">
    <p class='ocr_par' dir='ltr' id='par_1_77' title="bbox 2361 3090 3960 3161">
     <span class='ocr_line' id='line_1_77' title="bbox 2361 3090 3960 3161; baseline -0.003 -14"><span class='ocrx_word' id='word_1_605' title='bbox 2361 3095 2524 3147; x_wconf 82' lang='grc' dir='ltr'>αὑτὸν</span> <span class='ocrx_word' id='word_1_606' title='bbox 2582 3095 2930 3147; x_wconf 86' lang='grc' dir='ltr'>πιστεύουσιν</span> <span class='ocrx_word' id='word_1_607' title='bbox 2969 3091 3306 3145; x_wconf 82' lang='grc' dir='ltr'>ἐκκαλύπτον</span> <span class='ocrx_word' id='word_1_608' title='bbox 3353 3091 3454 3161; x_wconf 75' lang='grc' dir='ltr'>ἥδη</span> <span class='ocrx_word' id='word_1_609' title='bbox 3502 3090 3571 3143; x_wconf 73' lang='grc' dir='ltr'>τὰ</span> <span class='ocrx_word' id='word_1_610' title='bbox 3607 3092 3780 3158; x_wconf 82' lang='grc' dir='ltr'>Ἀγια</span> <span class='ocrx_word' id='word_1_611' title='bbox 3831 3090 3960 3144; x_wconf 85' lang='grc' dir='ltr'><strong>τῶν</strong></span> 
     </span>
    </p>
   </div>
   <div class='ocr_carea' id='block_1_78' title="bbox 2365 3181 3960 3253">
    <p class='ocr_par' dir='ltr' id='par_1_78' title="bbox 2365 3181 3960 3253">
     <span class='ocr_line' id='line_1_78' title="bbox 2365 3181 3960 3253; baseline -0.002 -14"><span class='ocrx_word' id='word_1_612' title='bbox 2365 3187 2556 3253; x_wconf 84' lang='grc' dir='ltr'>ἁγίων,</span> <span class='ocrx_word' id='word_1_613' title='bbox 2602 3185 2697 3237; x_wconf 74' lang='grc' dir='ltr'>καὶ</span> <span class='ocrx_word' id='word_1_614' title='bbox 2737 3186 2805 3238; x_wconf 85' lang='grc' dir='ltr'><strong>τὰ</strong></span> <span class='ocrx_word' id='word_1_615' title='bbox 2847 3185 3102 3238; x_wconf 81' lang='grc' dir='ltr'>ἐσωτάτω</span> <span class='ocrx_word' id='word_1_616' title='bbox 3149 3182 3428 3237; x_wconf 85' lang='grc' dir='ltr'>δεικνύον·</span> <span class='ocrx_word' id='word_1_617' title='bbox 3484 3183 3560 3245; x_wconf 88' lang='grc' dir='ltr'>ώς</span> <span class='ocrx_word' id='word_1_618' title='bbox 3605 3181 3790 3235; x_wconf 80' lang='grc' dir='ltr'>οὐκέτι</span> <span class='ocrx_word' id='word_1_619' title='bbox 3845 3184 3960 3251; x_wconf 82' lang='grc' dir='ltr'>μὲν</span> 
     </span>
    </p>
   </div>
   <div class='ocr_carea' id='block_1_79' title="bbox 2363 3273 3959 3346">
    <p class='ocr_par' dir='ltr' id='par_1_79' title="bbox 2363 3273 3959 3346">
     <span class='ocr_line' id='line_1_79' title="bbox 2363 3273 3959 3346; baseline -0.001 -18"><span class='ocrx_word' id='word_1_620' title='bbox 2363 3276 2593 3346; x_wconf 90' lang='grc' dir='ltr'>ἐχούσης</span> <span class='ocrx_word' id='word_1_621' title='bbox 2628 3275 2813 3329; x_wconf 85' lang='grc' dir='ltr'>στάσιν</span> <span class='ocrx_word' id='word_1_622' title='bbox 2836 3277 2932 3344; x_wconf 89' lang='grc' dir='ltr'><strong>τῆς</strong></span> <span class='ocrx_word' id='word_1_623' title='bbox 2965 3275 3189 3346; x_wconf 82' lang='grc' dir='ltr'>πρώτης</span> <span class='ocrx_word' id='word_1_624' title='bbox 3219 3274 3444 3344; x_wconf 80' lang='grc' dir='ltr'>σκηνῆς,</span> <span class='ocrx_word' id='word_1_625' title='bbox 3474 3273 3959 3344; x_wconf 72' lang='grc' dir='ltr'>πεφανερωμένης</span> 
     </span>
    </p>
   </div>
   <div class='ocr_carea' id='block_1_80' title="bbox 2362 3365 3964 3438">
    <p class='ocr_par' dir='ltr' id='par_1_80' title="bbox 2362 3365 3964 3438">
     <span class='ocr_line' id='line_1_80' title="bbox 2362 3365 3964 3438; baseline -0.001 -19"><span class='ocrx_word' id='word_1_626' title='bbox 2362 3368 2417 3420; x_wconf 83' lang='grc' dir='ltr'>δὲ</span> <span class='ocrx_word' id='word_1_627' title='bbox 2455 3368 2555 3438; x_wconf 69' lang='grc' dir='ltr'>ἤδη</span> <span class='ocrx_word' id='word_1_628' title='bbox 2583 3368 2679 3436; x_wconf 90' lang='grc' dir='ltr'><strong>τῆς</strong></span> <span class='ocrx_word' id='word_1_629' title='bbox 2713 3367 2819 3418; x_wconf 84' lang='grc' dir='ltr'>τῶν</span> <span class='ocrx_word' id='word_1_630' title='bbox 2856 3367 3024 3433; x_wconf 84' lang='grc' dir='ltr'>ἁγίων</span> <span class='ocrx_word' id='word_1_631' title='bbox 3056 3366 3198 3428; x_wconf 80' lang='grc' dir='ltr'>ὀδοῦ,</span> <span class='ocrx_word' id='word_1_632' title='bbox 3228 3365 3387 3433; x_wconf 83' lang='grc' dir='ltr'>δῆλον</span> <span class='ocrx_word' id='word_1_633' title='bbox 3425 3365 3480 3416; x_wconf 86' lang='grc' dir='ltr'>δὲ</span> <span class='ocrx_word' id='word_1_634' title='bbox 3512 3366 3592 3416; x_wconf 82' lang='grc' dir='ltr'>ὅτι</span> <span class='ocrx_word' id='word_1_635' title='bbox 3627 3365 3726 3434; x_wconf 86' lang='grc' dir='ltr'><strong>τῆς</strong></span> <span class='ocrx_word' id='word_1_636' title='bbox 3758 3367 3841 3426; x_wconf 85' lang='grc' dir='ltr'><strong>είς</strong></span> <span class='ocrx_word' id='word_1_637' title='bbox 3879 3366 3964 3417; x_wconf 75' lang='grc' dir='ltr'><strong>τὰ</strong></span> 
     </span>
    </p>
   </div>
   <div class='ocr_carea' id='block_1_81' title="bbox 2367 3453 3963 3526">
    <p class='ocr_par' dir='ltr' id='par_1_81' title="bbox 2367 3453 3963 3526">
     <span class='ocr_line' id='line_1_81' title="bbox 2367 3453 3963 3526; baseline -0.001 -16"><span class='ocrx_word' id='word_1_638' title='bbox 2367 3459 2533 3525; x_wconf 76' lang='grc' dir='ltr'>’Ἅγια</span> <span class='ocrx_word' id='word_1_639' title='bbox 2567 3458 2676 3510; x_wconf 83' lang='grc' dir='ltr'>τῶν</span> <span class='ocrx_word' id='word_1_640' title='bbox 2704 3457 2895 3524; x_wconf 74' lang='grc' dir='ltr'>ἁγίωψ</span> <span class='ocrx_word' id='word_1_641' title='bbox 2930 3457 3085 3522; x_wconf 81' lang='grc' dir='ltr'>ἆγιος</span> <span class='ocrx_word' id='word_1_642' title='bbox 3114 3456 3211 3524; x_wconf 84' lang='grc' dir='ltr'>μὲν</span> <span class='ocrx_word' id='word_1_643' title='bbox 3244 3456 3353 3526; x_wconf 83' lang='grc' dir='ltr'>γὰρ</span> <span class='ocrx_word' id='word_1_644' title='bbox 3383 3453 3830 3524; x_wconf 81' lang='grc' dir='ltr'>ὁμολογουμένως</span> <span class='ocrx_word' id='word_1_645' title='bbox 3853 3456 3963 3508; x_wconf 78' lang='grc' dir='ltr'>καὶ</span> 
     </span>
    </p>
   </div>
   <div class='ocr_carea' id='block_1_82' title="bbox 2365 3544 3962 3618">
    <p class='ocr_par' dir='ltr' id='par_1_82' title="bbox 2365 3544 3962 3618">
     <span class='ocr_line' id='line_1_82' title="bbox 2365 3544 3962 3618; baseline -0.001 -18"><span class='ocrx_word' id='word_1_646' title='bbox 2365 3551 2392 3600; x_wconf 89' lang='grc' dir='ltr'>ὀ</span> <span class='ocrx_word' id='word_1_647' title='bbox 2421 3549 2580 3618; x_wconf 90' lang='grc' dir='ltr'>νόμος</span> <span class='ocrx_word' id='word_1_648' title='bbox 2614 3544 2701 3618; x_wconf 75' lang='grc' dir='ltr'>ἦν,</span> <span class='ocrx_word' id='word_1_649' title='bbox 2738 3549 2818 3600; x_wconf 84' lang='grc' dir='ltr'>ὅτι</span> <span class='ocrx_word' id='word_1_650' title='bbox 2854 3549 2945 3600; x_wconf 74' lang='grc' dir='ltr'>καὶ</span> <span class='ocrx_word' id='word_1_651' title='bbox 2969 3546 3314 3616; x_wconf 81' lang='grc' dir='ltr'>δικαιοσύνης</span> <span class='ocrx_word' id='word_1_652' title='bbox 3341 3546 3626 3616; x_wconf 84' lang='grc' dir='ltr'>πρύτανις,</span> <span class='ocrx_word' id='word_1_653' title='bbox 3664 3545 3861 3612; x_wconf 85' lang='grc' dir='ltr'>γέγονε</span> <span class='ocrx_word' id='word_1_654' title='bbox 3896 3547 3962 3598; x_wconf 80' lang='grc' dir='ltr'>δὲ</span> 
     </span>
    </p>
   </div>
   <div class='ocr_carea' id='block_1_83' title="bbox 2365 3637 3965 3708">
    <p class='ocr_par' dir='ltr' id='par_1_83' title="bbox 2365 3637 3965 3708">
     <span class='ocr_line' id='line_1_83' title="bbox 2365 3637 3965 3708; baseline -0.003 -14"><span class='ocrx_word' id='word_1_655' title='bbox 2365 3642 2460 3695; x_wconf 75' lang='grc' dir='ltr'>καὶ</span> <span class='ocrx_word' id='word_1_656' title='bbox 2520 3640 2867 3707; x_wconf 81' lang='grc' dir='ltr'>παιδαγωγὸς</span> <span class='ocrx_word' id='word_1_657' title='bbox 2927 3641 3006 3702; x_wconf 74' lang='grc' dir='ltr'>εἰς</span> <span class='ocrx_word' id='word_1_658' title='bbox 3057 3639 3324 3708; x_wconf 76' lang='grc' dir='ltr'>Χριστὸνο</span> <span class='ocrx_word' id='word_1_659' title='bbox 3383 3639 3658 3708; x_wconf 81' lang='grc' dir='ltr'>ἀγιωτέρα</span> <span class='ocrx_word' id='word_1_660' title='bbox 3714 3654 3778 3705; x_wconf 88' lang='grc' dir='ltr'><strong>γε</strong></span> <span class='ocrx_word' id='word_1_661' title='bbox 3841 3637 3965 3708; x_wconf 80' lang='grc' dir='ltr'>μὴν</span> 
     </span>
    </p>
   </div>
   <div class='ocr_carea' id='block_1_84' title="bbox 2364 3727 3964 3801">
    <p class='ocr_par' dir='ltr' id='par_1_84' title="bbox 2364 3727 3964 3801">
     <span class='ocr_line' id='line_1_84' title="bbox 2364 3727 3964 3801; baseline -0.002 -16"><span class='ocrx_word' id='word_1_662' title='bbox 2364 3733 2711 3801; x_wconf 81' lang='grc' dir='ltr'>ἀσυγκρίτως</span> <span class='ocrx_word' id='word_1_663' title='bbox 2757 3733 2789 3800; x_wconf 84' lang='grc' dir='ltr'>ἡ</span> <span class='ocrx_word' id='word_1_664' title='bbox 2826 3733 2881 3782; x_wconf 85' lang='grc' dir='ltr'><strong>ἐν</strong></span> <span class='ocrx_word' id='word_1_665' title='bbox 2915 3731 3136 3799; x_wconf 78' lang='grc' dir='ltr'>Χριστῷ</span> <span class='ocrx_word' id='word_1_666' title='bbox 3185 3732 3384 3782; x_wconf 82' lang='grc' dir='ltr'>νοεῖται</span> <span class='ocrx_word' id='word_1_667' title='bbox 3434 3730 3547 3800; x_wconf 79' lang='grc' dir='ltr'><strong>ζωὴ</strong></span> <span class='ocrx_word' id='word_1_668' title='bbox 3578 3771 3589 3791; x_wconf 93' lang='grc'><strong>,</strong></span> <span class='ocrx_word' id='word_1_669' title='bbox 3622 3728 3717 3781; x_wconf 72' lang='grc' dir='ltr'>καὶ</span> <span class='ocrx_word' id='word_1_670' title='bbox 3749 3727 3854 3796; x_wconf 82' lang='grc' dir='ltr'><strong>τῆς</strong></span> <span class='ocrx_word' id='word_1_671' title='bbox 3895 3732 3964 3782; x_wconf 84' lang='grc' dir='ltr'><strong>ἐν</strong></span> 
     </span>
    </p>
   </div>
   <div class='ocr_carea' id='block_1_85' title="bbox 2367 3821 3966 3895">
    <p class='ocr_par' dir='ltr' id='par_1_85' title="bbox 2367 3821 3966 3895">
     <span class='ocr_line' id='line_1_85' title="bbox 2367 3821 3966 3895; baseline -0.002 -19"><span class='ocrx_word' id='word_1_672' title='bbox 2367 3826 2594 3895; x_wconf 85' lang='grc' dir='ltr'>σκηναῖς</span> <span class='ocrx_word' id='word_1_673' title='bbox 2625 3823 2642 3894; x_wconf 74' lang='grc' dir='ltr'>Ῐ</span> <span class='ocrx_word' id='word_1_674' title='bbox 2668 3825 2753 3876; x_wconf 87' lang='grc' dir='ltr'><strong>ἵσ.</strong></span> <span class='ocrx_word' id='word_1_675' title='bbox 2792 3825 2972 3886; x_wconf 82' lang='grc' dir='ltr'>σκιαῖς</span> <span class='ocrx_word' id='word_1_676' title='bbox 2995 3821 3014 3893; x_wconf 83' lang='grc'>]</span> <span class='ocrx_word' id='word_1_677' title='bbox 3044 3823 3138 3875; x_wconf 73' lang='grc' dir='ltr'>καλ.</span> <span class='ocrx_word' id='word_1_678' title='bbox 3165 3823 3353 3887; x_wconf 86' lang='grc' dir='ltr'>τύποις</span> <span class='ocrx_word' id='word_1_679' title='bbox 3380 3821 3636 3891; x_wconf 87' lang='grc' dir='ltr'>λατρείας</span> <span class='ocrx_word' id='word_1_680' title='bbox 3673 3838 3966 3893; x_wconf 73' lang='grc' dir='ltr'>προφερε-</span> 
     </span>
    </p>
   </div>
   <div class='ocr_carea' id='block_1_86' title="bbox 2368 3911 3966 3984">
    <p class='ocr_par' dir='ltr' id='par_1_86' title="bbox 2368 3911 3966 3984">
     <span class='ocr_line' id='line_1_86' title="bbox 2368 3911 3966 3984; baseline -0.001 -16"><span class='ocrx_word' id='word_1_681' title='bbox 2368 3916 2535 3984; x_wconf 85' lang='grc' dir='ltr'>στέρα</span> <span class='ocrx_word' id='word_1_682' title='bbox 2577 3930 2637 3964; x_wconf 87' lang='grc' dir='ltr'><strong>τε</strong></span> <span class='ocrx_word' id='word_1_683' title='bbox 2684 3912 2778 3964; x_wconf 73' lang='grc' dir='ltr'>καὶ</span> <span class='ocrx_word' id='word_1_684' title='bbox 2825 3913 2881 3963; x_wconf 82' lang='grc' dir='ltr'><strong>ἐν</strong></span> <span class='ocrx_word' id='word_1_685' title='bbox 2932 3912 3212 3982; x_wconf 86' lang='grc' dir='ltr'>ἀμείνοσιν</span> <span class='ocrx_word' id='word_1_686' title='bbox 3336 3913 3392 3963; x_wconf 87' lang='grc' dir='ltr'><strong>ἐν</strong></span> <span class='ocrx_word' id='word_1_687' title='bbox 3432 3911 3705 3980; x_wconf 85' lang='grc' dir='ltr'>πνεύματί</span> <span class='ocrx_word' id='word_1_688' title='bbox 3745 3928 3805 3963; x_wconf 81' lang='grc' dir='ltr'><strong>τε</strong></span> <span class='ocrx_word' id='word_1_689' title='bbox 3859 3915 3966 3966; x_wconf 70' lang='grc' dir='ltr'>καὶ</span> 
     </span>
    </p>
   </div>
   <div class='ocr_carea' id='block_1_87' title="bbox 2365 4003 3965 4078">
    <p class='ocr_par' dir='ltr' id='par_1_87' title="bbox 2365 4003 3965 4078">
     <span class='ocr_line' id='line_1_87' title="bbox 2365 4003 3965 4078; baseline -0.002 -18"><span class='ocrx_word' id='word_1_690' title='bbox 2365 4007 2615 4078; x_wconf 66' lang='grc' dir='ltr'>ἀληθείᾳ.</span> <span class='ocrx_word' id='word_1_691' title='bbox 2647 4003 2794 4075; x_wconf 62' lang='grc' dir='ltr'>*Αρα</span> <span class='ocrx_word' id='word_1_692' title='bbox 2839 4005 2960 4074; x_wconf 79' lang='grc' dir='ltr'>οὐχί</span> <span class='ocrx_word' id='word_1_693' title='bbox 3006 4005 3320 4075; x_wconf 85' lang='grc' dir='ltr'>θεοπρεπῆ,</span> <span class='ocrx_word' id='word_1_694' title='bbox 3357 4003 3456 4058; x_wconf 72' lang='grc' dir='ltr'><strong>καὶ</strong></span> <span class='ocrx_word' id='word_1_695' title='bbox 3491 4005 3631 4075; x_wconf 81' lang='grc' dir='ltr'>ὑπὲρ</span> <span class='ocrx_word' id='word_1_696' title='bbox 3657 4003 3965 4074; x_wconf 84' lang='grc' dir='ltr'>ἀνθρώπου</span> 
     </span>
    </p>
   </div>
   <div class='ocr_carea' id='block_1_88' title="bbox 2366 4077 3967 4165">
    <p class='ocr_par' dir='ltr' id='par_1_88' title="bbox 2366 4091 3967 4165">
     <span class='ocr_line' id='line_1_88' title="bbox 2366 4091 3967 4165; baseline -0.001 -15"><span class='ocrx_word' id='word_1_697' title='bbox 2366 4098 2528 4165; x_wconf 74' lang='grc' dir='ltr'>φύσιν</span> <span class='ocrx_word' id='word_1_698' title='bbox 2575 4096 2644 4148; x_wconf 79' lang='grc' dir='ltr'>τὰ</span> <span class='ocrx_word' id='word_1_699' title='bbox 2672 4096 2850 4149; x_wconf 77' lang='grc' dir='ltr'>τοιάδε</span> <span class='ocrx_word' id='word_1_700' title='bbox 2895 4095 3000 4147; x_wconf 84' lang='grc' dir='ltr'>τῶν</span> <span class='ocrx_word' id='word_1_701' title='bbox 3036 4095 3478 4164; x_wconf 84' lang='grc' dir='ltr'>κατορθωμάτων</span> <span class='ocrx_word' id='word_1_702' title='bbox 3505 4091 3614 4146; x_wconf 83' lang='grc' dir='ltr'>εἷεν</span> <span class='ocrx_word' id='word_1_703' title='bbox 3643 4095 3742 4157; x_wconf 81' lang='grc' dir='ltr'><strong>ἆν;</strong></span> <span class='ocrx_word' id='word_1_704' title='bbox 3774 4095 3851 4146; x_wconf 80' lang='grc' dir='ltr'><strong>Οὐ</strong></span> <span class='ocrx_word' id='word_1_705' title='bbox 3892 4097 3967 4148; x_wconf 86' lang='grc' dir='ltr'>τὸ</span> 
     </span>
    </p>
   </div>
   <div class='ocr_carea' id='block_1_89' title="bbox 2370 4183 3967 4255">
    <p class='ocr_par' dir='ltr' id='par_1_89' title="bbox 2370 4183 3967 4255">
     <span class='ocr_line' id='line_1_89' title="bbox 2370 4183 3967 4255; baseline 0 -17"><span class='ocrx_word' id='word_1_706' title='bbox 2370 4189 2633 4255; x_wconf 85' lang='grc' dir='ltr'>σωτήριον</span> <span class='ocrx_word' id='word_1_707' title='bbox 2665 4186 2834 4247; x_wconf 84' lang='grc' dir='ltr'>πάθος</span> <span class='ocrx_word' id='word_1_708' title='bbox 2886 4184 3238 4254; x_wconf 86' lang='grc' dir='ltr'>δεδυσώπηκε</span> <span class='ocrx_word' id='word_1_709' title='bbox 3289 4185 3386 4254; x_wconf 86' lang='grc' dir='ltr'>μὲν</span> <span class='ocrx_word' id='word_1_710' title='bbox 3424 4185 3523 4254; x_wconf 86' lang='grc' dir='ltr'>τὴν</span> <span class='ocrx_word' id='word_1_711' title='bbox 3569 4183 3967 4254; x_wconf 79' lang='grc' dir='ltr'>στρεφομένην</span> 
     </span>
    </p>
   </div>
   <div class='ocr_carea' id='block_1_90' title="bbox 2372 4275 3968 4347">
    <p class='ocr_par' dir='ltr' id='par_1_90' title="bbox 2372 4275 3968 4347">
     <span class='ocr_line' id='line_1_90' title="bbox 2372 4275 3968 4347; baseline 0.001 -20"><span class='ocrx_word' id='word_1_712' title='bbox 2372 4277 2665 4346; x_wconf 72' lang='grc' dir='ltr'>ῥομφαίαν,</span> <span class='ocrx_word' id='word_1_713' title='bbox 2701 4277 3051 4343; x_wconf 78' lang='grc' dir='ltr'>είσκεκόμικε</span> <span class='ocrx_word' id='word_1_714' title='bbox 3087 4276 3142 4328; x_wconf 82' lang='grc' dir='ltr'>δὲ</span> <span class='ocrx_word' id='word_1_715' title='bbox 3184 4277 3348 4329; x_wconf 80' lang='grc' dir='ltr'>πάλιν</span> <span class='ocrx_word' id='word_1_716' title='bbox 3398 4277 3455 4328; x_wconf 80' lang='grc' dir='ltr'><strong>ἐν</strong></span> <span class='ocrx_word' id='word_1_717' title='bbox 3504 4275 3581 4345; x_wconf 83' lang='grc' dir='ltr'><strong>τῷ</strong></span> <span class='ocrx_word' id='word_1_718' title='bbox 3637 4275 3968 4347; x_wconf 80' lang='grc' dir='ltr'>παραδείσῳ</span> 
     </span>
    </p>
   </div>
   <div class='ocr_carea' id='block_1_91' title="bbox 2367 4367 3965 4439">
    <p class='ocr_par' dir='ltr' id='par_1_91' title="bbox 2367 4367 3965 4439">
     <span class='ocr_line' id='line_1_91' title="bbox 2367 4367 3965 4439; baseline -0.001 -19"><span class='ocrx_word' id='word_1_719' title='bbox 2367 4367 2459 4421; x_wconf 76' lang='grc' dir='ltr'>τὸν</span> <span class='ocrx_word' id='word_1_720' title='bbox 2511 4368 2828 4439; x_wconf 84' lang='grc' dir='ltr'>ἄνθρωπον;</span> <span class='ocrx_word' id='word_1_721' title='bbox 2868 4369 3012 4437; x_wconf 82' lang='grc' dir='ltr'>Ἔφη</span> <span class='ocrx_word' id='word_1_722' title='bbox 3049 4367 3157 4438; x_wconf 83' lang='grc' dir='ltr'>γὰρ</span> <span class='ocrx_word' id='word_1_723' title='bbox 3187 4369 3214 4419; x_wconf 88' lang='lat'><strong>6</strong></span> <span class='ocrx_word' id='word_1_724' title='bbox 3242 4368 3475 4437; x_wconf 87' lang='grc' dir='ltr'>Χριστὸς</span> <span class='ocrx_word' id='word_1_725' title='bbox 3523 4367 3601 4436; x_wconf 79' lang='grc' dir='ltr'>τῷ</span> <span class='ocrx_word' id='word_1_726' title='bbox 3633 4383 3965 4436; x_wconf 85' lang='grc' dir='ltr'>συγκρεμα-</span> 
     </span>
    </p>
   </div>
   <div class='ocr_carea' id='block_1_92' title="bbox 683 4452 2256 4546">
    <p class='ocr_par' dir='ltr' id='par_1_92' title="bbox 683 4452 2256 4529">
     <span class='ocr_line' id='line_1_92' title="bbox 683 4452 2256 4529; baseline -0.005 -15"><span class='ocrx_word' id='word_1_727' title='bbox 683 4470 800 4514; x_wconf 83' lang='lat' dir='ltr'><strong>erat</strong></span> <span class='ocrx_word' id='word_1_728' title='bbox 839 4459 930 4529; x_wconf 89' lang='lat' dir='ltr'><strong>qui</strong></span> <span class='ocrx_word' id='word_1_729' title='bbox 990 4458 1117 4512; x_wconf 90' lang='lat' dir='ltr'><strong>olim</strong></span> <span class='ocrx_word' id='word_1_730' title='bbox 1179 4457 1242 4510; x_wconf 90' lang='lat' dir='ltr'><strong>ad</strong></span> <span class='ocrx_word' id='word_1_731' title='bbox 1300 4454 1753 4524; x_wconf 84' lang='lat' dir='ltr'><strong>patientissimum</strong></span> <span class='ocrx_word' id='word_1_732' title='bbox 1807 4452 1908 4506; x_wconf 89' lang='lat' dir='ltr'><strong>Job</strong></span> <span class='ocrx_word' id='word_1_733' title='bbox 1965 4453 2256 4506; x_wconf 85' lang='lat' dir='ltr'><strong>clamavit:</strong></span> 
     </span>
    </p>
   </div>
   <div class='ocr_carea' id='block_1_93' title="bbox 2360 4452 3969 4546">
    <p class='ocr_par' dir='ltr' id='par_1_93' title="bbox 2375 4457 3969 4528">
     <span class='ocr_line' id='line_1_93' title="bbox 2375 4457 3969 4528; baseline 0.001 -19"><span class='ocrx_word' id='word_1_734' title='bbox 2375 4458 2520 4527; x_wconf 83' lang='grc' dir='ltr'>μένῳ</span> <span class='ocrx_word' id='word_1_735' title='bbox 2549 4459 2747 4527; x_wconf 82' lang='grc' dir='ltr'>λῃστῇ·</span> <span class='ocrx_word' id='word_1_736' title='bbox 2786 4477 2803 4508; x_wconf 79' lang='grc' dir='ltr'><strong>ι</strong></span> <span class='ocrx_word' id='word_1_737' title='bbox 2840 4459 3089 4527; x_wconf 79' lang='grc' dir='ltr'>Σήμερον</span> <span class='ocrx_word' id='word_1_738' title='bbox 3121 4459 3236 4528; x_wconf 84' lang='grc' dir='ltr'>μετ’</span> <span class='ocrx_word' id='word_1_739' title='bbox 3268 4457 3403 4528; x_wconf 85' lang='grc' dir='ltr'>ἐμοῦ</span> <span class='ocrx_word' id='word_1_740' title='bbox 3439 4459 3537 4528; x_wconf 83' lang='grc' dir='ltr'>ἔσῃ</span> <span class='ocrx_word' id='word_1_741' title='bbox 3571 4461 3628 4511; x_wconf 82' lang='grc' dir='ltr'><strong>ἐν</strong></span> <span class='ocrx_word' id='word_1_742' title='bbox 3659 4457 3736 4528; x_wconf 78' lang='grc' dir='ltr'>τῷ</span> <span class='ocrx_word' id='word_1_743' title='bbox 3771 4473 3969 4528; x_wconf 81' lang='grc' dir='ltr'>παρα-</span> 
     </span>
    </p>
   </div>
   <div class='ocr_carea' id='block_1_94' title="bbox 689 4545 2262 4613">
    <p class='ocr_par' dir='ltr' id='par_1_94' title="bbox 689 4545 2262 4613">
     <span class='ocr_line' id='line_1_94' title="bbox 689 4545 2262 4613; baseline -0.003 -11"><span class='ocrx_word' id='word_1_744' title='bbox 689 4572 706 4602; x_wconf 78' lang='grc' dir='ltr'><strong>ι</strong></span> <span class='ocrx_word' id='word_1_745' title='bbox 748 4549 955 4604; x_wconf 76' lang='lat' dir='ltr'><strong>Venisti</strong></span> <span class='ocrx_word' id='word_1_746' title='bbox 987 4549 1055 4603; x_wconf 90' lang='lat' dir='ltr'><strong>ad</strong></span> <span class='ocrx_word' id='word_1_747' title='bbox 1089 4546 1313 4602; x_wconf 83' lang='lat' dir='ltr'><strong>fundum</strong></span> <span class='ocrx_word' id='word_1_748' title='bbox 1357 4547 1544 4611; x_wconf 87' lang='lat' dir='ltr'><strong>maris,</strong></span> <span class='ocrx_word' id='word_1_749' title='bbox 1584 4555 1639 4599; x_wconf 90' lang='lat' dir='ltr'><strong>et</strong></span> <span class='ocrx_word' id='word_1_750' title='bbox 1675 4546 1728 4598; x_wconf 91' lang='lat' dir='ltr'><strong>in</strong></span> <span class='ocrx_word' id='word_1_751' title='bbox 1772 4545 2052 4613; x_wconf 85' lang='lat' dir='ltr'><strong>profundis</strong></span> <span class='ocrx_word' id='word_1_752' title='bbox 2079 4545 2262 4613; x_wconf 79' lang='lat' dir='ltr'><strong>abyssi</strong></span> 
     </span>
    </p>
   </div>
   <div class='ocr_carea' id='block_1_95' title="bbox 683 4635 2262 4706">
    <p class='ocr_par' dir='ltr' id='par_1_95' title="bbox 683 4635 2262 4706">
     <span class='ocr_line' id='line_1_95' title="bbox 683 4635 2262 4706; baseline -0.005 -11"><span class='ocrx_word' id='word_1_753' title='bbox 683 4638 1082 4695; x_wconf 85' lang='lat' dir='ltr'><strong>deatnbulasti?</strong></span> <span class='ocrx_word' id='word_1_754' title='bbox 1115 4638 1519 4706; x_wconf 87' lang='lat' dir='ltr'><strong>Aperiunturne</strong></span> <span class='ocrx_word' id='word_1_755' title='bbox 1569 4635 1666 4689; x_wconf 86' lang='lat' dir='ltr'><strong>tibi</strong></span> <span class='ocrx_word' id='word_1_756' title='bbox 1711 4644 1858 4688; x_wconf 89' lang='lat' dir='ltr'><strong>metu</strong></span> <span class='ocrx_word' id='word_1_757' title='bbox 1903 4645 2072 4703; x_wconf 74' lang='lat' dir='ltr'><strong>porta:</strong></span> <span class='ocrx_word' id='word_1_758' title='bbox 2115 4651 2262 4687; x_wconf 90' lang='lat' dir='ltr'><strong>tnor-</strong></span> 
     </span>
    </p>
   </div>
   <div class='ocr_carea' id='block_1_96' title="bbox 685 4725 2265 4797">
    <p class='ocr_par' dir='ltr' id='par_1_96' title="bbox 685 4725 2265 4797">
     <span class='ocr_line' id='line_1_96' title="bbox 685 4725 2265 4797; baseline -0.004 -11"><span class='ocrx_word' id='word_1_759' title='bbox 685 4734 793 4794; x_wconf 89' lang='lat' dir='ltr'><strong>tis,</strong></span> <span class='ocrx_word' id='word_1_760' title='bbox 850 4742 902 4785; x_wconf 90' lang='lat' dir='ltr'><strong>et</strong></span> <span class='ocrx_word' id='word_1_761' title='bbox 955 4730 1220 4797; x_wconf 85' lang='lat' dir='ltr'><strong>janitores</strong></span> <span class='ocrx_word' id='word_1_762' title='bbox 1267 4725 1488 4793; x_wconf 85' lang='lat' dir='ltr'><strong>inferni,</strong></span> <span class='ocrx_word' id='word_1_763' title='bbox 1525 4736 1575 4781; x_wconf 92' lang='lat' dir='ltr'><strong>te</strong></span> <span class='ocrx_word' id='word_1_764' title='bbox 1622 4736 1936 4795; x_wconf 88' lang='lat' dir='ltr'><strong>conspecto,</strong></span> <span class='ocrx_word' id='word_1_765' title='bbox 1975 4737 2099 4780; x_wconf 93' lang='lat' dir='ltr'><strong>sunt</strong></span> <span class='ocrx_word' id='word_1_766' title='bbox 2158 4735 2265 4780; x_wconf 83' lang='lat' dir='ltr'><strong>ter-</strong></span> 
     </span>
    </p>
   </div>
   <div class='ocr_carea' id='block_1_97' title="bbox 684 4819 2262 4887">
    <p class='ocr_par' dir='ltr' id='par_1_97' title="bbox 684 4819 2262 4887">
     <span class='ocr_line' id='line_1_97' title="bbox 684 4819 2262 4887; baseline -0.003 -10"><span class='ocrx_word' id='word_1_767' title='bbox 684 4821 869 4878; x_wconf 74' lang='lat' dir='ltr'><strong>riti”?</strong></span> <span class='ocrx_word' id='word_1_768' title='bbox 928 4839 946 4871; x_wconf 76' lang='grc' dir='ltr'><strong>ι</strong></span> <span class='ocrx_word' id='word_1_769' title='bbox 981 4821 1088 4874; x_wconf 90' lang='lat' dir='ltr'><strong>Cur</strong></span> <span class='ocrx_word' id='word_1_770' title='bbox 1133 4820 1296 4887; x_wconf 71' lang='lat' dir='ltr'><strong>igitur</strong></span> <span class='ocrx_word' id='word_1_771' title='bbox 1341 4833 1428 4872; x_wconf 88' lang='lat' dir='ltr'><strong>res</strong></span> <span class='ocrx_word' id='word_1_772' title='bbox 1472 4820 1607 4872; x_wconf 89' lang='lat' dir='ltr'><strong>adeo</strong></span> <span class='ocrx_word' id='word_1_773' title='bbox 1658 4819 1869 4872; x_wconf 88' lang='lat' dir='ltr'><strong>divinas</strong></span> <span class='ocrx_word' id='word_1_774' title='bbox 1908 4820 1997 4870; x_wconf 91' lang='lat' dir='ltr'><strong>uni</strong></span> <span class='ocrx_word' id='word_1_775' title='bbox 2043 4833 2110 4872; x_wconf 89' lang='lat' dir='ltr'><strong>ex</strong></span> <span class='ocrx_word' id='word_1_776' title='bbox 2162 4833 2262 4872; x_wconf 95' lang='lat' dir='ltr'><strong>no-</strong></span> 
     </span>
    </p>
   </div>
   <div class='ocr_carea' id='block_1_98' title="bbox 683 4909 2264 4969">
    <p class='ocr_par' dir='ltr' id='par_1_98' title="bbox 683 4909 2264 4969">
     <span class='ocr_line' id='line_1_98' title="bbox 683 4909 2264 4969; baseline -0.003 0"><span class='ocrx_word' id='word_1_777' title='bbox 683 4925 797 4969; x_wconf 87' lang='lat' dir='ltr'><strong>stro</strong></span> <span class='ocrx_word' id='word_1_778' title='bbox 832 4928 1059 4968; x_wconf 90' lang='lat' dir='ltr'><strong>numero</strong></span> <span class='ocrx_word' id='word_1_779' title='bbox 1091 4921 1140 4965; x_wconf 91' lang='lat' dir='ltr'><strong>et</strong></span> <span class='ocrx_word' id='word_1_780' title='bbox 1176 4911 1376 4964; x_wconf 88' lang='lat' dir='ltr'><strong>homini</strong></span> <span class='ocrx_word' id='word_1_781' title='bbox 1427 4909 1599 4964; x_wconf 91' lang='lat' dir='ltr'><strong>solum</strong></span> <span class='ocrx_word' id='word_1_782' title='bbox 1634 4910 1870 4965; x_wconf 91' lang='lat' dir='ltr'><strong>tribuere</strong></span> <span class='ocrx_word' id='word_1_783' title='bbox 1913 4925 2020 4964; x_wconf 91' lang='lat' dir='ltr'><strong>non</strong></span> <span class='ocrx_word' id='word_1_784' title='bbox 2071 4911 2264 4964; x_wconf 87' lang='lat' dir='ltr'><strong>erube-</strong></span> 
     </span>
    </p>
   </div>
   <div class='ocr_carea' id='block_1_99' title="bbox 686 5001 2260 5073">
    <p class='ocr_par' dir='ltr' id='par_1_99' title="bbox 686 5001 2260 5073">
     <span class='ocr_line' id='line_1_99' title="bbox 686 5001 2260 5073; baseline -0.004 -12"><span class='ocrx_word' id='word_1_785' title='bbox 686 5005 838 5061; x_wconf 86' lang='lat' dir='ltr'><strong>scis?</strong></span> <span class='ocrx_word' id='word_1_786' title='bbox 892 5002 1065 5073; x_wconf 87' lang='lat' dir='ltr'><strong>lpsum</strong></span> <span class='ocrx_word' id='word_1_787' title='bbox 1119 5017 1351 5071; x_wconf 88' lang='lat' dir='ltr'><strong>namque</strong></span> <span class='ocrx_word' id='word_1_788' title='bbox 1410 5002 1500 5054; x_wconf 83' lang='lat' dir='ltr'><strong>Dei</strong></span> <span class='ocrx_word' id='word_1_789' title='bbox 1534 5001 1792 5066; x_wconf 73' lang='lat' dir='ltr'><strong>Verbum,</strong></span> <span class='ocrx_word' id='word_1_790' title='bbox 1845 5013 2065 5070; x_wconf 87' lang='lat' dir='ltr'><strong>accepta</strong></span> <span class='ocrx_word' id='word_1_791' title='bbox 2117 5003 2260 5055; x_wconf 86' lang='lat' dir='ltr'><strong>servi</strong></span> 
     </span>
    </p>
   </div>
   <div class='ocr_carea' id='block_1_100' title="bbox 688 5095 2260 5163">
    <p class='ocr_par' dir='ltr' id='par_1_100' title="bbox 688 5095 2260 5163">
     <span class='ocr_line' id='line_1_100' title="bbox 688 5095 2260 5163; baseline -0.001 -13"><span class='ocrx_word' id='word_1_792' title='bbox 688 5100 882 5163; x_wconf 85' lang='lat' dir='ltr'><strong>forma,</strong></span> <span class='ocrx_word' id='word_1_793' title='bbox 912 5095 1215 5149; x_wconf 67' lang='lat' dir='ltr'><strong>cum-carni</strong></span> <span class='ocrx_word' id='word_1_794' title='bbox 1248 5102 1303 5148; x_wconf 90' lang='lat' dir='ltr'><strong>et</strong></span> <span class='ocrx_word' id='word_1_795' title='bbox 1333 5095 1580 5162; x_wconf 85' lang='lat' dir='ltr'><strong>sanguini</strong></span> <span class='ocrx_word' id='word_1_796' title='bbox 1625 5096 2101 5160; x_wconf 86' lang='lat' dir='ltr'><strong>communicasset,</strong></span> <span class='ocrx_word' id='word_1_797' title='bbox 2132 5111 2260 5163; x_wconf 83' lang='lat' dir='ltr'><strong>pro-</strong></span> 
     </span>
    </p>
   </div>
   <div class='ocr_carea' id='block_1_101' title="bbox 687 5187 2266 5260">
    <p class='ocr_par' dir='ltr' id='par_1_101' title="bbox 687 5187 2266 5260">
     <span class='ocr_line' id='line_1_101' title="bbox 687 5187 2266 5260; baseline -0.002 -16"><span class='ocrx_word' id='word_1_798' title='bbox 687 5191 866 5260; x_wconf 87' lang='lat' dir='ltr'><strong>prium</strong></span> <span class='ocrx_word' id='word_1_799' title='bbox 893 5203 1088 5256; x_wconf 89' lang='lat' dir='ltr'><strong>corpus</strong></span> <span class='ocrx_word' id='word_1_800' title='bbox 1105 5197 1322 5256; x_wconf 86' lang='lat' dir='ltr'><strong>propter</strong></span> <span class='ocrx_word' id='word_1_801' title='bbox 1341 5203 1437 5241; x_wconf 87' lang='lat' dir='ltr'><strong>nos</strong></span> <span class='ocrx_word' id='word_1_802' title='bbox 1458 5188 1614 5241; x_wconf 88' lang='lat' dir='ltr'><strong>morti</strong></span> <span class='ocrx_word' id='word_1_803' title='bbox 1635 5189 1764 5242; x_wconf 86' lang='lat' dir='ltr'><strong>dare</strong></span> <span class='ocrx_word' id='word_1_804' title='bbox 1783 5204 1886 5240; x_wconf 90' lang='lat' dir='ltr'><strong>non</strong></span> <span class='ocrx_word' id='word_1_805' title='bbox 1911 5187 2192 5257; x_wconf 79' lang='lat' dir='ltr'><strong>refugisse,</strong></span> <span class='ocrx_word' id='word_1_806' title='bbox 2214 5199 2266 5242; x_wconf 90' lang='lat' dir='ltr'><strong>et</strong></span> 
     </span>
    </p>
   </div>
   <div class='ocr_carea' id='block_1_102' title="bbox 690 5283 2265 5351">
    <p class='ocr_par' dir='ltr' id='par_1_102' title="bbox 690 5283 2265 5351">
     <span class='ocr_line' id='line_1_102' title="bbox 690 5283 2265 5351; baseline -0.001 -13"><span class='ocrx_word' id='word_1_807' title='bbox 690 5300 813 5339; x_wconf 88' lang='lat' dir='ltr'><strong>cum</strong></span> <span class='ocrx_word' id='word_1_808' title='bbox 836 5292 978 5338; x_wconf 91' lang='lat' dir='ltr'><strong>esset</strong></span> <span class='ocrx_word' id='word_1_809' title='bbox 997 5298 1062 5336; x_wconf 81' lang='lat' dir='ltr'><strong>ex</strong></span> <span class='ocrx_word' id='word_1_810' title='bbox 1085 5291 1276 5335; x_wconf 90' lang='lat' dir='ltr'><strong>natura</strong></span> <span class='ocrx_word' id='word_1_811' title='bbox 1297 5283 1634 5350; x_wconf 89' lang='lat' dir='ltr'><strong>impatibilis,</strong></span> <span class='ocrx_word' id='word_1_812' title='bbox 1656 5297 1818 5336; x_wconf 89' lang='lat' dir='ltr'><strong>carne</strong></span> <span class='ocrx_word' id='word_1_813' title='bbox 1835 5297 2050 5351; x_wconf 91' lang='lat' dir='ltr'><strong>passum</strong></span> <span class='ocrx_word' id='word_1_814' title='bbox 2073 5293 2265 5350; x_wconf 89' lang='lat' dir='ltr'><strong>sponte</strong></span> 
     </span>
    </p>
   </div>
   <div class='ocr_carea' id='block_1_103' title="bbox 696 5373 2262 5445">
    <p class='ocr_par' dir='ltr' id='par_1_103' title="bbox 696 5373 2262 5445">
     <span class='ocr_line' id='line_1_103' title="bbox 696 5373 2262 5445; baseline -0.002 -18"><span class='ocrx_word' id='word_1_815' title='bbox 696 5376 851 5445; x_wconf 77' lang='lat'><strong>137</strong></span> <span class='ocrx_word' id='word_1_816' title='bbox 878 5376 1059 5439; x_wconf 89' lang='lat' dir='ltr'><strong>fuisse,</strong></span> <span class='ocrx_word' id='word_1_817' title='bbox 1087 5376 1242 5429; x_wconf 87' lang='lat' dir='ltr'><strong>fidem</strong></span> <span class='ocrx_word' id='word_1_818' title='bbox 1269 5375 1425 5429; x_wconf 83' lang='lat' dir='ltr'><strong>faciet</strong></span> <span class='ocrx_word' id='word_1_819' title='bbox 1456 5377 1640 5428; x_wconf 87' lang='lat' dir='ltr'><strong>beatus</strong></span> <span class='ocrx_word' id='word_1_820' title='bbox 1664 5373 1860 5428; x_wconf 87' lang='lat' dir='ltr'><strong>Paulus</strong></span> <span class='ocrx_word' id='word_1_821' title='bbox 1883 5388 2002 5427; x_wconf 89' lang='lat' dir='ltr'><strong>cum</strong></span> <span class='ocrx_word' id='word_1_822' title='bbox 2032 5375 2222 5426; x_wconf 86' lang='lat' dir='ltr'><strong>scribit</strong></span> <span class='ocrx_word' id='word_1_823' title='bbox 2250 5392 2262 5424; x_wconf 91' lang='lat'><strong>:</strong></span> 
     </span>
    </p>
   </div>
   <div class='ocr_carea' id='block_1_104' title="bbox 698 5462 2265 5536">
    <p class='ocr_par' dir='ltr' id='par_1_104' title="bbox 698 5462 2265 5536">
     <span class='ocr_line' id='line_1_104' title="bbox 698 5462 2265 5536; baseline -0.001 -19"><span class='ocrx_word' id='word_1_824' title='bbox 698 5466 962 5520; x_wconf 67' lang='lat' dir='ltr'><strong>«Gratias</strong></span> <span class='ocrx_word' id='word_1_825' title='bbox 1011 5475 1229 5536; x_wconf 84' lang='lat' dir='ltr'><strong>agentes</strong></span> <span class='ocrx_word' id='word_1_826' title='bbox 1282 5466 1454 5530; x_wconf 87' lang='lat' dir='ltr'><strong>Patri,</strong></span> <span class='ocrx_word' id='word_1_827' title='bbox 1508 5465 1598 5533; x_wconf 92' lang='lat' dir='ltr'><strong>qui</strong></span> <span class='ocrx_word' id='word_1_828' title='bbox 1651 5480 1746 5518; x_wconf 89' lang='lat' dir='ltr'><strong>nos</strong></span> <span class='ocrx_word' id='word_1_829' title='bbox 1797 5464 1986 5533; x_wconf 81' lang='lat' dir='ltr'><strong>dignos</strong></span> <span class='ocrx_word' id='word_1_830' title='bbox 2037 5462 2160 5517; x_wconf 81' lang='lat' dir='ltr'><strong>fecit</strong></span> <span class='ocrx_word' id='word_1_831' title='bbox 2213 5463 2265 5516; x_wconf 92' lang='lat' dir='ltr'><strong>in</strong></span> 
     </span>
    </p>
   </div>
   <div class='ocr_carea' id='block_1_105' title="bbox 752 5643 1750 5706">
    <p class='ocr_par' dir='ltr' id='par_1_105' title="bbox 752 5643 1750 5706">
     <span class='ocr_line' id='line_1_105' title="bbox 752 5643 1750 5706; baseline -0.004 -6"><span class='ocrx_word' id='word_1_832' title='bbox 752 5647 796 5677; x_wconf 77' lang='grc'><strong>⁸⁸</strong></span> <span class='ocrx_word' id='word_1_833' title='bbox 832 5645 1019 5700; x_wconf 80' lang='lat' dir='ltr'><strong>Matth.</strong></span> <span class='ocrx_word' id='word_1_834' title='bbox 1054 5659 1218 5706; x_wconf 74' lang='lat' dir='ltr'><strong>xxvu,</strong></span> <span class='ocrx_word' id='word_1_835' title='bbox 1247 5645 1332 5697; x_wconf 68' lang='grc'><strong>46.</strong></span> <span class='ocrx_word' id='word_1_836' title='bbox 1411 5645 1455 5675; x_wconf 79' lang='grc' dir='ltr'>θ’</span> <span class='ocrx_word' id='word_1_837' title='bbox 1485 5643 1583 5698; x_wconf 84' lang='lat' dir='ltr'><strong>lsa.</strong></span> <span class='ocrx_word' id='word_1_838' title='bbox 1619 5662 1668 5706; x_wconf 87' lang='lat' dir='ltr'><strong>L,</strong></span> <span class='ocrx_word' id='word_1_839' title='bbox 1697 5645 1750 5696; x_wconf 79' lang='grc'><strong>3.</strong></span> 
     </span>
    </p>
   </div>
   <div class='ocr_carea' id='block_1_106' title="bbox 697 5714 1929 5783">
    <p class='ocr_par' dir='ltr' id='par_1_106' title="bbox 697 5714 1929 5783">
     <span class='ocr_line' id='line_1_106' title="bbox 697 5714 1929 5783; baseline -0.002 -15"><span class='ocrx_word' id='word_1_840' title='bbox 697 5715 784 5773; x_wconf 74' lang='grc'><strong>45,</strong></span> <span class='ocrx_word' id='word_1_841' title='bbox 862 5717 903 5745; x_wconf 75' lang='grc'><strong>⁸⁷</strong></span> <span class='ocrx_word' id='word_1_842' title='bbox 939 5716 1037 5768; x_wconf 74' lang='lat' dir='ltr'><strong>lsa.</strong></span> <span class='ocrx_word' id='word_1_843' title='bbox 1075 5730 1193 5768; x_wconf 63' lang='lat' dir='ltr'><strong>sm</strong></span> <span class='ocrx_word' id='word_1_844' title='bbox 1258 5719 1336 5768; x_wconf 78' lang='lat' dir='ltr'><strong>l9.</strong></span> <span class='ocrx_word' id='word_1_845' title='bbox 1414 5717 1456 5745; x_wconf 68' lang='grc'>⁸³</span> <span class='ocrx_word' id='word_1_846' title='bbox 1491 5717 1504 5770; x_wconf 95' lang='lat' dir='ltr'><strong>l</strong></span> <span class='ocrx_word' id='word_1_847' title='bbox 1540 5714 1680 5771; x_wconf 77' lang='lat' dir='ltr'><strong>Pctr.</strong></span> <span class='ocrx_word' id='word_1_848' title='bbox 1726 5732 1802 5783; x_wconf 88' lang='grc' dir='ltr'>ιιι,</span> <span class='ocrx_word' id='word_1_849' title='bbox 1850 5714 1929 5766; x_wconf 83' lang='lat' dir='ltr'><strong>I‘J.</strong></span> 
     </span>
    </p>
   </div>
   <div class='ocr_carea' id='block_1_107' title="bbox 1828 5642 2375 5706">
    <p class='ocr_par' dir='ltr' id='par_1_107' title="bbox 1828 5642 2375 5706">
     <span class='ocr_line' id='line_1_107' title="bbox 1828 5642 2375 5706; baseline 0.004 -12"><span class='ocrx_word' id='word_1_850' title='bbox 1828 5642 1872 5673; x_wconf 73' lang='grc'><strong>⁸³</strong></span> <span class='ocrx_word' id='word_1_851' title='bbox 1904 5642 2042 5694; x_wconf 79' lang='lat' dir='ltr'><strong>Psal.</strong></span> <span class='ocrx_word' id='word_1_852' title='bbox 2075 5659 2262 5706; x_wconf 70' lang='lat' dir='ltr'><strong>num,</strong></span> <span class='ocrx_word' id='word_1_853' title='bbox 2286 5644 2375 5696; x_wconf 65' lang='grc' dir='ltr'><strong>Ἢν.</strong></span> 
     </span>
    </p>
   </div>
   <div class='ocr_carea' id='block_1_108' title="bbox 2371 4549 3971 4620">
    <p class='ocr_par' dir='ltr' id='par_1_108' title="bbox 2371 4549 3971 4620">
     <span class='ocr_line' id='line_1_108' title="bbox 2371 4549 3971 4620; baseline -0.002 -17"><span class='ocrx_word' id='word_1_854' title='bbox 2371 4551 2551 4620; x_wconf 88' lang='grc' dir='ltr'>δείσῳ.</span> <span class='ocrx_word' id='word_1_855' title='bbox 2589 4569 2605 4601; x_wconf 88' lang='grc'><strong>›</strong></span> <span class='ocrx_word' id='word_1_856' title='bbox 2640 4552 2754 4603; x_wconf 73' lang='grc' dir='ltr'><strong>Οὐκ</strong></span> <span class='ocrx_word' id='word_1_857' title='bbox 2788 4549 3068 4618; x_wconf 63' lang='grc' dir='ltr'>ἐπέλαμψε</span> <span class='ocrx_word' id='word_1_858' title='bbox 3102 4553 3210 4611; x_wconf 84' lang='grc' dir='ltr'>τοῖς</span> <span class='ocrx_word' id='word_1_859' title='bbox 3237 4551 3292 4601; x_wconf 84' lang='grc' dir='ltr'>ὲν</span> <span class='ocrx_word' id='word_1_860' title='bbox 3328 4552 3522 4620; x_wconf 81' lang='grc' dir='ltr'>σκότῳ,</span> <span class='ocrx_word' id='word_1_861' title='bbox 3559 4551 3675 4619; x_wconf 85' lang='grc' dir='ltr'>μετ’</span> <span class='ocrx_word' id='word_1_862' title='bbox 3707 4549 3971 4615; x_wconf 78' lang='grc' dir='ltr'>ἐξουσίας</span> 
     </span>
    </p>
   </div>
   <div class='ocr_carea' id='block_1_109' title="bbox 2372 4641 3972 4712">
    <p class='ocr_par' dir='ltr' id='par_1_109' title="bbox 2372 4641 3972 4712">
     <span class='ocr_line' id='line_1_109' title="bbox 2372 4641 3972 4712; baseline 0.014 -36"><span class='ocrx_word' id='word_1_863' title='bbox 2372 4643 2658 4709; x_wconf 41' lang='grc' dir='ltr'><strong>ὲπιῆςωνῶν</strong></span> <span class='ocrx_word' id='word_1_864' title='bbox 2711 4641 2808 4706; x_wconf 81' lang='grc' dir='ltr'><strong>τὸ,</strong></span> <span class='ocrx_word' id='word_1_865' title='bbox 2863 4642 3341 4712; x_wconf 68' lang='grc' dir='ltr'>’Λνακαλύφθητε;</span> <span class='ocrx_word' id='word_1_866' title='bbox 3391 4642 3679 4694; x_wconf 84' lang='grc' dir='ltr'>Κεκένωκε</span> <span class='ocrx_word' id='word_1_867' title='bbox 3716 4642 3826 4711; x_wconf 80' lang='grc' dir='ltr'>γὰρ</span> <span class='ocrx_word' id='word_1_868' title='bbox 3868 4644 3972 4696; x_wconf 73' lang='grc' dir='ltr'>τὸν</span> 
     </span>
    </p>
   </div>
   <div class='ocr_carea' id='block_1_110' title="bbox 2373 4731 3974 4805">
    <p class='ocr_par' dir='ltr' id='par_1_110' title="bbox 2373 4731 3974 4805">
     <span class='ocr_line' id='line_1_110' title="bbox 2373 4731 3974 4805; baseline 0 -19"><span class='ocrx_word' id='word_1_869' title='bbox 2373 4735 2505 4805; x_wconf 70' lang='grc' dir='ltr'>ᾅδην</span> <span class='ocrx_word' id='word_1_870' title='bbox 2533 4734 2605 4796; x_wconf 80' lang='grc' dir='ltr'>ὡς</span> <span class='ocrx_word' id='word_1_871' title='bbox 2635 4733 2788 4795; x_wconf 79' lang='grc' dir='ltr'>Θεὸς,</span> <span class='ocrx_word' id='word_1_872' title='bbox 2824 4735 2916 4784; x_wconf 76' lang='grc' dir='ltr'>καὶ</span> <span class='ocrx_word' id='word_1_873' title='bbox 2947 4733 3161 4803; x_wconf 82' lang='grc' dir='ltr'>δεσμῶν</span> <span class='ocrx_word' id='word_1_874' title='bbox 3192 4735 3360 4802; x_wconf 84' lang='grc' dir='ltr'>ἀνῆκε</span> <span class='ocrx_word' id='word_1_875' title='bbox 3387 4733 3514 4793; x_wconf 70' lang='grc' dir='ltr'>τοὺς</span> <span class='ocrx_word' id='word_1_876' title='bbox 3547 4734 3602 4783; x_wconf 84' lang='grc' dir='ltr'><strong>ἐν</strong></span> <span class='ocrx_word' id='word_1_877' title='bbox 3635 4731 3782 4800; x_wconf 74' lang='grc' dir='ltr'>αὐτῷ</span> <span class='ocrx_word' id='word_1_878' title='bbox 3803 4748 3816 4760; x_wconf 88' lang='grc'><strong>·</strong></span> <span class='ocrx_word' id='word_1_879' title='bbox 3865 4736 3974 4786; x_wconf 75' lang='grc' dir='ltr'>καὶ</span> 
     </span>
    </p>
   </div>
   <div class='ocr_carea' id='block_1_111' title="bbox 2375 4821 3970 4895">
    <p class='ocr_par' dir='ltr' id='par_1_111' title="bbox 2375 4821 3970 4895">
     <span class='ocr_line' id='line_1_111' title="bbox 2375 4821 3970 4895; baseline -0.002 -18"><span class='ocrx_word' id='word_1_880' title='bbox 2375 4826 2539 4888; x_wconf 77' lang='grc' dir='ltr'>αὐτὸς</span> <span class='ocrx_word' id='word_1_881' title='bbox 2565 4822 2632 4895; x_wconf 75' lang='grc' dir='ltr'>ἦν</span> <span class='ocrx_word' id='word_1_882' title='bbox 2657 4825 2683 4875; x_wconf 84' lang='grc' dir='ltr'>ὁ</span> <span class='ocrx_word' id='word_1_883' title='bbox 2717 4826 2882 4877; x_wconf 73' lang='grc' dir='ltr'>πάλαι</span> <span class='ocrx_word' id='word_1_884' title='bbox 2915 4825 3051 4894; x_wconf 79' lang='grc' dir='ltr'>βοῶν</span> <span class='ocrx_word' id='word_1_885' title='bbox 3077 4827 3213 4895; x_wconf 77' lang='grc' dir='ltr'>πρὸς</span> <span class='ocrx_word' id='word_1_886' title='bbox 3245 4826 3333 4876; x_wconf 75' lang='grc' dir='ltr'>τὸν</span> <span class='ocrx_word' id='word_1_887' title='bbox 3355 4822 3798 4893; x_wconf 85' lang='grc' dir='ltr'>τληπαθέστατον</span> <span class='ocrx_word' id='word_1_888' title='bbox 3816 4821 3970 4875; x_wconf 76' lang='grc' dir='ltr'><strong>Ἰώδ-</strong></span> 
     </span>
    </p>
   </div>
   <div class='ocr_carea' id='block_1_112' title="bbox 2381 4915 3971 4988">
    <p class='ocr_par' dir='ltr' id='par_1_112' title="bbox 2381 4915 3971 4988">
     <span class='ocr_line' id='line_1_112' title="bbox 2381 4915 3971 4988; baseline -0.001 -18"><span class='ocrx_word' id='word_1_889' title='bbox 2381 4917 2610 4980; x_wconf 73' lang='grc' dir='ltr'>«ἾΙλθες</span> <span class='ocrx_word' id='word_1_890' title='bbox 2645 4919 2737 4970; x_wconf 72' lang='grc' dir='ltr'>ἐπὶ</span> <span class='ocrx_word' id='word_1_891' title='bbox 2763 4918 2940 4988; x_wconf 75' lang='grc' dir='ltr'>πηγὴν</span> <span class='ocrx_word' id='word_1_892' title='bbox 2975 4918 3271 4986; x_wconf 80' lang='grc' dir='ltr'>θαλάσσης,</span> <span class='ocrx_word' id='word_1_893' title='bbox 3303 4919 3359 4969; x_wconf 83' lang='grc' dir='ltr'><strong>ἐν</strong></span> <span class='ocrx_word' id='word_1_894' title='bbox 3392 4918 3446 4969; x_wconf 81' lang='grc' dir='ltr'>δὲ</span> <span class='ocrx_word' id='word_1_895' title='bbox 3485 4915 3686 4984; x_wconf 80' lang='grc' dir='ltr'>ἴχνεσιν</span> <span class='ocrx_word' id='word_1_896' title='bbox 3716 4915 3971 4969; x_wconf 71' lang='grc' dir='ltr'>ἀϐύσσου</span> 
     </span>
    </p>
   </div>
   <div class='ocr_carea' id='block_1_113' title="bbox 2375 5006 3970 5079">
    <p class='ocr_par' dir='ltr' id='par_1_113' title="bbox 2375 5006 3970 5079">
     <span class='ocr_line' id='line_1_113' title="bbox 2375 5006 3970 5079; baseline -0.001 -17"><span class='ocrx_word' id='word_1_897' title='bbox 2375 5009 2788 5079; x_wconf 83' lang='grc' dir='ltr'>περιεπάτησας</span> <span class='ocrx_word' id='word_1_898' title='bbox 2811 5027 2824 5073; x_wconf 88' lang='grc'>;</span> <span class='ocrx_word' id='word_1_899' title='bbox 2844 5008 3176 5075; x_wconf 82' lang='grc' dir='ltr'>Ἀνοίγονταί</span> <span class='ocrx_word' id='word_1_900' title='bbox 3216 5025 3294 5059; x_wconf 88' lang='grc' dir='ltr'><strong>σοι</strong></span> <span class='ocrx_word' id='word_1_901' title='bbox 3323 5008 3472 5076; x_wconf 71' lang='grc' dir='ltr'>φόϐῳ</span> <span class='ocrx_word' id='word_1_902' title='bbox 3501 5006 3666 5058; x_wconf 85' lang='grc' dir='ltr'>πύλαι</span> <span class='ocrx_word' id='word_1_903' title='bbox 3701 5007 3970 5072; x_wconf 79' lang='grc' dir='ltr'>θανάτου,</span> 
     </span>
    </p>
   </div>
   <div class='ocr_carea' id='block_1_114' title="bbox 2374 5098 3974 5172">
    <p class='ocr_par' dir='ltr' id='par_1_114' title="bbox 2374 5098 3974 5172">
     <span class='ocr_line' id='line_1_114' title="bbox 2374 5098 3974 5172; baseline -0.001 -19"><span class='ocrx_word' id='word_1_904' title='bbox 2374 5101 2612 5172; x_wconf 77' lang='grc' dir='ltr'>πυλωροὶ</span> <span class='ocrx_word' id='word_1_905' title='bbox 2643 5101 2696 5152; x_wconf 83' lang='grc' dir='ltr'>δὲ</span> <span class='ocrx_word' id='word_1_906' title='bbox 2729 5100 2853 5170; x_wconf 74' lang='grc' dir='ltr'>ᾅδου</span> <span class='ocrx_word' id='word_1_907' title='bbox 2889 5100 3088 5161; x_wconf 80' lang='grc' dir='ltr'>ἰδόντες</span> <span class='ocrx_word' id='word_1_908' title='bbox 3126 5117 3182 5152; x_wconf 89' lang='grc' dir='ltr'><strong>σε</strong></span> <span class='ocrx_word' id='word_1_909' title='bbox 3214 5098 3491 5170; x_wconf 77' lang='grc' dir='ltr'>ἔπτηξαν;</span> <span class='ocrx_word' id='word_1_910' title='bbox 3535 5118 3552 5150; x_wconf 76' lang='grc' dir='ltr'><strong>ι</strong></span> <span class='ocrx_word' id='word_1_911' title='bbox 3587 5098 3651 5150; x_wconf 86' lang='grc' dir='ltr'>Τί</span> <span class='ocrx_word' id='word_1_912' title='bbox 3681 5099 3867 5150; x_wconf 85' lang='grc' dir='ltr'>τοίνυν</span> <span class='ocrx_word' id='word_1_913' title='bbox 3897 5101 3974 5154; x_wconf 73' lang='grc' dir='ltr'>τὰ</span> 
     </span>
    </p>
   </div>
   <div class='ocr_carea' id='block_1_115' title="bbox 2375 5189 3974 5263">
    <p class='ocr_par' dir='ltr' id='par_1_115' title="bbox 2375 5189 3974 5263">
     <span class='ocr_line' id='line_1_115' title="bbox 2375 5189 3974 5263; baseline -0.001 -18"><span class='ocrx_word' id='word_1_914' title='bbox 2375 5195 2453 5245; x_wconf 80' lang='grc' dir='ltr'>ἔτι</span> <span class='ocrx_word' id='word_1_915' title='bbox 2486 5192 2594 5263; x_wconf 69' lang='grc' dir='ltr'><strong>[ἵσ.</strong></span> <span class='ocrx_word' id='word_1_916' title='bbox 2629 5192 2794 5262; x_wconf 67' lang='grc' dir='ltr'>οὕτω]</span> <span class='ocrx_word' id='word_1_917' title='bbox 2825 5192 3107 5262; x_wconf 82' lang='grc' dir='ltr'>θεοπρεπῆ</span> <span class='ocrx_word' id='word_1_918' title='bbox 3139 5191 3246 5243; x_wconf 81' lang='grc' dir='ltr'>τῶν</span> <span class='ocrx_word' id='word_1_919' title='bbox 3277 5191 3398 5244; x_wconf 76' lang='grc' dir='ltr'>καθ’</span> <span class='ocrx_word' id='word_1_920' title='bbox 3427 5193 3572 5260; x_wconf 77' lang='grc' dir='ltr'>ἡμᾶς</span> <span class='ocrx_word' id='word_1_921' title='bbox 3617 5189 3695 5241; x_wconf 69' lang='grc' dir='ltr'><strong>ἐν).</strong></span> <span class='ocrx_word' id='word_1_922' title='bbox 3741 5190 3836 5241; x_wconf 75' lang='grc' dir='ltr'>καὶ</span> <span class='ocrx_word' id='word_1_923' title='bbox 3866 5191 3974 5243; x_wconf 84' lang='grc' dir='ltr'>ἀν-</span> 
     </span>
    </p>
   </div>
   <div class='ocr_carea' id='block_1_116' title="bbox 2377 5284 3973 5356">
    <p class='ocr_par' dir='ltr' id='par_1_116' title="bbox 2377 5284 3973 5356">
     <span class='ocr_line' id='line_1_116' title="bbox 2377 5284 3973 5356; baseline -0.003 -18"><span class='ocrx_word' id='word_1_924' title='bbox 2377 5285 2577 5356; x_wconf 80' lang='grc' dir='ltr'>θρώπῳ</span> <span class='ocrx_word' id='word_1_925' title='bbox 2607 5285 2753 5354; x_wconf 73' lang='grc' dir='ltr'>μόνῳ</span> <span class='ocrx_word' id='word_1_926' title='bbox 2778 5287 3100 5355; x_wconf 79' lang='grc' dir='ltr'>προσνέμων</span> <span class='ocrx_word' id='word_1_927' title='bbox 3135 5285 3234 5337; x_wconf 83' lang='grc' dir='ltr'>οὐκ</span> <span class='ocrx_word' id='word_1_928' title='bbox 3259 5284 3517 5354; x_wconf 76' lang='grc' dir='ltr'>ἐρυθριᾷς</span> <span class='ocrx_word' id='word_1_929' title='bbox 3539 5301 3552 5348; x_wconf 87' lang='grc'>;</span> <span class='ocrx_word' id='word_1_930' title='bbox 3578 5285 3699 5335; x_wconf 75' lang='grc' dir='ltr'>Ὅτι</span> <span class='ocrx_word' id='word_1_931' title='bbox 3733 5284 3845 5353; x_wconf 66' lang='grc' dir='ltr'>γὶρ</span> <span class='ocrx_word' id='word_1_932' title='bbox 3870 5285 3973 5337; x_wconf 65' lang='grc' dir='ltr'><strong>αὐ-</strong></span> 
     </span>
    </p>
   </div>
   <div class='ocr_carea' id='block_1_117' title="bbox 2376 5375 3974 5448">
    <p class='ocr_par' dir='ltr' id='par_1_117' title="bbox 2376 5375 3974 5448">
     <span class='ocr_line' id='line_1_117' title="bbox 2376 5375 3974 5448; baseline -0.001 -19"><span class='ocrx_word' id='word_1_933' title='bbox 2376 5378 2464 5440; x_wconf 77' lang='grc' dir='ltr'>τὸς</span> <span class='ocrx_word' id='word_1_934' title='bbox 2497 5381 2523 5430; x_wconf 89' lang='lat'><strong>6</strong></span> <span class='ocrx_word' id='word_1_935' title='bbox 2561 5378 2650 5429; x_wconf 84' lang='grc' dir='ltr'><strong>τοῦ</strong></span> <span class='ocrx_word' id='word_1_936' title='bbox 2683 5378 2817 5430; x_wconf 81' lang='grc' dir='ltr'>Θεοῦ</span> <span class='ocrx_word' id='word_1_937' title='bbox 2845 5379 3035 5446; x_wconf 88' lang='grc' dir='ltr'>Λόγος,</span> <span class='ocrx_word' id='word_1_938' title='bbox 3075 5377 3289 5448; x_wconf 79' lang='grc' dir='ltr'>μορφὴν</span> <span class='ocrx_word' id='word_1_939' title='bbox 3315 5377 3500 5430; x_wconf 87' lang='grc' dir='ltr'>δούλου</span> <span class='ocrx_word' id='word_1_940' title='bbox 3533 5375 3736 5437; x_wconf 80' lang='grc' dir='ltr'>λαϐὼν,</span> <span class='ocrx_word' id='word_1_941' title='bbox 3763 5379 3974 5446; x_wconf 73' lang='grc' dir='ltr'>σαρκός</span> 
     </span>
    </p>
   </div>
   <div class='ocr_carea' id='block_1_118' title="bbox 2379 5467 3973 5538">
    <p class='ocr_par' dir='ltr' id='par_1_118' title="bbox 2379 5467 3973 5538">
     <span class='ocr_line' id='line_1_118' title="bbox 2379 5467 3973 5538; baseline 0.002 -20"><span class='ocrx_word' id='word_1_942' title='bbox 2379 5485 2433 5518; x_wconf 84' lang='grc' dir='ltr'><strong>τε</strong></span> <span class='ocrx_word' id='word_1_943' title='bbox 2467 5470 2557 5519; x_wconf 78' lang='grc' dir='ltr'>καὶ</span> <span class='ocrx_word' id='word_1_944' title='bbox 2589 5469 2816 5538; x_wconf 81' lang='grc' dir='ltr'>αἵματος</span> <span class='ocrx_word' id='word_1_945' title='bbox 2858 5468 3274 5537; x_wconf 78' lang='grc' dir='ltr'>κεκοινωνηκὼς</span> <span class='ocrx_word' id='word_1_946' title='bbox 3296 5509 3308 5531; x_wconf 96' lang='grc'><strong>,</strong></span> <span class='ocrx_word' id='word_1_947' title='bbox 3351 5469 3618 5538; x_wconf 80' lang='grc' dir='ltr'>ἠνέσχετο</span> <span class='ocrx_word' id='word_1_948' title='bbox 3653 5467 3752 5536; x_wconf 77' lang='grc' dir='ltr'>μὲν</span> <span class='ocrx_word' id='word_1_949' title='bbox 3781 5467 3973 5521; x_wconf 68' lang='grc' dir='ltr'>δοῦναι</span> 
     </span>
    </p>
   </div>
   <div class='ocr_carea' id='block_1_119' title="bbox 2455 5642 2881 5710">
    <p class='ocr_par' dir='ltr' id='par_1_119' title="bbox 2455 5642 2881 5710">
     <span class='ocr_line' id='line_1_119' title="bbox 2455 5642 2881 5710; baseline 0.007 -16"><span class='ocrx_word' id='word_1_950' title='bbox 2455 5643 2499 5672; x_wconf 62' lang='grc'><strong>⁸³</strong></span> <span class='ocrx_word' id='word_1_951' title='bbox 2526 5642 2683 5696; x_wconf 77' lang='lat' dir='ltr'><strong>llebr.</strong></span> <span class='ocrx_word' id='word_1_952' title='bbox 2723 5660 2797 5710; x_wconf 63' lang='grc' dir='ltr'><strong>ιι,</strong></span> <span class='ocrx_word' id='word_1_953' title='bbox 2830 5648 2881 5700; x_wconf 92' lang='lat'><strong>8.</strong></span> 
     </span>
    </p>
   </div>
   <div class='ocr_carea' id='block_1_120' title="bbox 2965 5643 3971 5713">
    <p class='ocr_par' dir='ltr' id='par_1_120' title="bbox 2965 5643 3971 5713">
     <span class='ocr_line' id='line_1_120' title="bbox 2965 5643 3971 5713; baseline -0.003 -14"><span class='ocrx_word' id='word_1_954' title='bbox 2965 5648 3008 5678; x_wconf 81' lang='grc'><strong>⁸⁵</strong></span> <span class='ocrx_word' id='word_1_955' title='bbox 3045 5645 3223 5701; x_wconf 76' lang='lat' dir='ltr'><strong>Calai.</strong></span> <span class='ocrx_word' id='word_1_956' title='bbox 3260 5661 3342 5713; x_wconf 88' lang='grc' dir='ltr'>ιιι,</span> <span class='ocrx_word' id='word_1_957' title='bbox 3379 5644 3468 5697; x_wconf 69' lang='lat' dir='ltr'><strong>2i.</strong></span> <span class='ocrx_word' id='word_1_958' title='bbox 3549 5645 3593 5674; x_wconf 71' lang='grc'><strong>⁸⁸</strong></span> <span class='ocrx_word' id='word_1_959' title='bbox 3631 5643 3762 5699; x_wconf 85' lang='lat' dir='ltr'><strong>Luc.</strong></span> <span class='ocrx_word' id='word_1_960' title='bbox 3808 5660 3971 5709; x_wconf 63' lang='grc' dir='ltr'>χχιιι,</span> 
     </span>
    </p>
   </div>
   <div class='ocr_carea' id='block_1_121' title="bbox 2009 5713 2743 5778">
    <p class='ocr_par' dir='ltr' id='par_1_121' title="bbox 2009 5713 2743 5778">
     <span class='ocr_line' id='line_1_121' title="bbox 2009 5713 2743 5778; baseline 0.027 -22"><span class='ocrx_word' id='word_1_961' title='bbox 2009 5713 2051 5741; x_wconf 68' lang='grc' dir='ltr'><strong>κί’</strong></span> <span class='ocrx_word' id='word_1_962' title='bbox 2083 5713 2182 5766; x_wconf 80' lang='lat' dir='ltr'><strong>Jub</strong></span> <span class='ocrx_word' id='word_1_963' title='bbox 2249 5728 2480 5776; x_wconf 72' lang='lat' dir='ltr'><strong>xxxvnt,</strong></span> <span class='ocrx_word' id='word_1_964' title='bbox 2528 5714 2612 5778; x_wconf 76' lang='grc'>17,</span> <span class='ocrx_word' id='word_1_965' title='bbox 2663 5715 2743 5770; x_wconf 69' lang='grc' dir='ltr'><strong>18η</strong></span> 
     </span>
    </p>
   </div>
  </div>
