4040 6428
107 347 200 403 9.37

1181 347 1551 406 ADVERSUS
1591 347 1997 407 NESTORIUM
2031 351 2158 410 LIB.
2196 353 2260 408 V.

3275 363 3378 419 258

103 468 177 537 τῷ
219 467 453 540 θανάτῳ
498 470 560 523 τὸ
606 471 742 524 ἴδιον
781 469 939 539 σῶμα
985 468 1052 521 δι’
1101 473 1271 542 ἡμᾶς,
1311 472 1402 525 καὶ
1435 470 1690 543 ὑπάρχωι.

1802 483 2011 543 partem
2053 474 2216 529 sortis
2250 481 2563 529 sanctorum
2601 473 2652 528 in
2678 472 2904 542 lumine,
2935 477 3024 543 qui
3058 479 3255 550 eripuit
3282 495 3380 537 nos

103 560 320 631 ἀπαθὴς
353 562 500 615 κατά
550 563 737 630 φύσιν,
788 561 952 632 σαρκὶ
984 562 1254 616 πέπονθεν
1295 563 1458 628 ἑκὼν,
1496 563 1701 617 πιστώο

102 666 251 702 σεται
289 651 530 720 γράφων
556 654 585 704 6
607 652 885 719 πάνσοφος
910 650 1146 714 Παῦλοςο
1181 671 1200 703 ι
1237 651 1702 723 Εὑχαριστοῦντες

99 739 171 808 τῷ
204 740 392 810 Πατρὶ
423 741 506 810 τῷ
550 741 880 795 ἱκανώσαντι
939 743 1084 811 ἡμᾶς
1121 743 1202 805 εἰς
1232 742 1330 812 τὴν
1372 742 1566 812 μερίδα
1603 743 1700 797 τοῦ

95 830 306 901 κλήρου
351 831 468 883 τῶν
500 832 672 900 ἁγίων
719 833 776 884 ὲν
809 831 886 900 τῷ
923 832 1084 900 φωτὶ,
1130 832 1190 894 ὃς
1239 833 1511 903 ἐρρύσατο
1554 835 1701 904 ἡμᾶς

97 923 160 974 ὲκ
183 922 293 999 τῇς
317 923 580 986 ἐξουσίας
608 922 706 975 τοῦ
740 923 986 985 σκότους,
1020 922 1113 974 καὶ
1143 923 1478 992 μετέστησεν
1502 925 1582 986 εἰς
1603 925 1700 993 τὴν

95 1012 388 1080 βασιλείαν
424 1013 520 1067 τοῦ
551 1012 682 1065 Υίοῦ
718 1013 819 1081 τῆς
867 1013 1088 1082 ἀγάπης
1119 1011 1307 1075 αὐτοῦ,
1341 1014 1399 1064 ὲν
1432 1005 1477 1080 ᾧ
1504 1013 1699 1084 ἔχομεν

94 1103 196 1173 τὴν
215 1103 642 1174 ἀπολύτρωσιν,
668 1105 770 1173 τὴν
793 1105 986 1172 ἄφεσιν
1014 1103 1121 1155 τῶν
1147 1102 1452 1173 ἁμαρτιῶν·
1474 1103 1532 1165 ὃς
1552 1105 1699 1156 ἐστιν

93 1196 260 1249 εἰκὼν
311 1196 413 1249 τοῦ
469 1196 609 1249 Θεοῦ
658 1196 754 1249 τοῦ
806 1196 1060 1267 ἀοράτου,
1121 1194 1468 1264 πρωτότοκος
1519 1195 1698 1262 πάσης

92 1290 334 1351 κτίσεως
356 1306 368 1319 ’
412 1290 498 1342 ὅτι
538 1291 597 1342 ὲν
625 1288 778 1358 αὐτῷ
817 1288 1043 1357 ἐκτίσθη
1082 1286 1152 1339 τὰ
1180 1286 1355 1339 πάντα
1384 1288 1442 1338 ὲν
1469 1289 1581 1349 τοῖς
1608 1287 1700 1339 οὐ-

95 1384 279 1450 ρανοῖς
323 1381 423 1432 καὶ
462 1381 558 1432 ἐπὶ
604 1381 704 1448 τῆς
747 1380 878 1450 γῆς,
911 1379 978 1432 τὰ
1011 1378 1180 1450 ὁρατά
1208 1379 1303 1430 καὶ
1347 1377 1417 1431 τὰ
1450 1377 1694 1448 ἀόρατα*

91 1473 201 1523 εἴτε
228 1472 458 1542 Θρόνοι,
489 1472 600 1524 εἴτε
631 1471 986 1541 κυριότητες,
1017 1470 1127 1522 εἴτε
1171 1469 1387 1538 Ἀρχαὶ,
1422 1469 1532 1521 εἴτε
1576 1468 1696 1532 Ἐξ-

88 1563 298 1627 ονσῐαι,
350 1563 420 1615 τὰ
469 1563 653 1617 πάντα
680 1562 747 1615 δι’
779 1561 944 1615 αὐτοῦ
974 1562 1068 1615 καὶ
1097 1561 1178 1623 εἰς
1221 1559 1384 1612 αὐτόν
1418 1559 1659 1612 ἔκτισται
1679 1577 1693 1590 ·

90 1655 182 1707 καὶ
219 1654 394 1716 αὐτός
424 1655 546 1706 ἐστι
585 1653 692 1722 πρὸ
723 1653 965 1716 πάντων,
996 1653 1092 1705 καὶ
1121 1650 1192 1704 τὰ
1224 1651 1406 1704 πάντα
1445 1651 1504 1702 ὲν
1548 1649 1698 1719 αὐτῷ

91 1745 403 1812 συνέστηκε
425 1760 440 1772 ο
477 1743 574 1795 καὶ
610 1743 772 1803 αὐτός
816 1742 964 1794 ἐστιν
991 1743 1024 1811 ἡ
1068 1739 1279 1809 κεφαλὴ
1311 1738 1406 1791 τοῦ
1444 1738 1694 1808 σώματος

1805 567 1871 620 de
1909 573 2177 635 potestate
2220 566 2588 630 tenebrarum,
2638 574 2693 622 et
2742 570 3016 624 transtulit
3057 571 3109 625 in
3158 588 3377 643 regnum

1803 657 1922 712 Filii
1952 658 2254 713 dilectionis
2279 673 2410 722 suae,
2435 660 2486 711 in
2511 673 2618 728 quo
2643 660 2905 717 habemus
2928 664 3379 733 redemptionem,

1803 749 2179 803 remissionem
2208 757 2588 819 peccatorum;
2619 751 2708 819 qui
2747 760 2832 805 est
2879 754 3057 822 imago
3092 753 3186 810 Dei
3232 756 3378 811 invi-

1803 840 1998 904 sibilis,
2033 841 2424 911 primogenitns
2471 843 2647 896 omnis
2677 853 2975 909 creaturae;
3011 846 3136 916 quia
3178 847 3230 901 in
3265 849 3380 916 ipso

1804 933 2022 985 condita
2052 942 2174 986 sunt
2203 932 2381 985 omnia
2425 933 2474 983 in
2508 932 2657 986 caelis
2693 939 2747 986 et
2781 933 2833 986 in
2867 941 3033 997 terra,
3065 934 3300 989 visibilia
3327 949 3383 990 et

1803 1021 2117 1085 invisibilia,
2174 1021 2291 1075 sive
2341 1020 2568 1085 Throni,
2625 1023 2738 1077 sive
2791 1023 3217 1090 Dominationes,
3269 1026 3383 1080 sive

1800 1111 2166 1180 Principatus,
2195 1113 2308 1166 sive
2338 1113 2662 1178 Potestates,
2702 1116 2883 1168 omnia
2916 1129 3012 1183 per
3035 1115 3209 1183 ipsum
3242 1126 3296 1170 et
3325 1117 3377 1172 in

1801 1203 1976 1270 ipsum
2014 1213 2197 1256 creata
2228 1216 2385 1266 sunt;
2423 1213 2476 1257 et
2519 1206 2631 1272 ipse
2660 1217 2744 1260 est
2785 1217 2911 1260 ante
2941 1209 3143 1270 omnia.
3176 1218 3229 1263 et
3259 1225 3379 1265 om-

1801 1294 1886 1345 nia
1943 1294 1998 1346 in
2057 1294 2177 1361 ipso
2214 1300 2500 1359 constant;
2549 1304 2604 1348 et
2646 1296 2763 1365 ipse
2805 1306 2887 1351 est
2938 1304 3102 1366 caput
3141 1301 3382 1369 corporis

1802 1384 2077 1449 Ecclesiae,
2107 1386 2196 1453 qui
2225 1393 2312 1440 est
2338 1386 2689 1455 principium,
2719 1388 3111 1457 primogenitus
3138 1405 3204 1444 ex
3236 1407 3383 1446 mor-

1801 1475 1946 1528 tuis?
1975 1486 2029 1529 ιιι
2058 1478 2125 1530 sit
2154 1476 2206 1528 in
2242 1477 2495 1530 omnibus
2543 1478 2658 1546 ipse
2689 1478 2982 1545 primatum
3035 1490 3224 1534 tenens
3247 1481 3314 1536 '°.
3353 1500 3374 1533 ι

1800 1565 1937 1620 Ecce
1958 1566 2068 1631 jam
2105 1568 2446 1635 apertissime
2469 1568 2558 1622 ille
2592 1568 2972 1639 mysteriorum
2999 1569 3091 1624 Dei
3126 1573 3382 1627 sacerdos

1799 1655 1948 1708 illum
1996 1655 2162 1709 Deum
2200 1655 2435 1710 Verbum
2481 1672 2577 1726 per
2625 1672 2784 1726 quem
2833 1659 3014 1712 omnia
3064 1669 3120 1714 et
3167 1661 3222 1715 in
3270 1676 3381 1731 quo

1799 1747 2001 1810 omnia,
2047 1747 2137 1815 qui
2192 1755 2275 1802 est
2337 1751 2518 1818 imago
2572 1747 2668 1803 Dei
2725 1749 3029 1816 invisibilis,
3081 1753 3230 1807 illum
3282 1768 3381 1822 per

87 1837 186 1903 τῆς
224 1833 598 1902 Ἑκκλησίας,
628 1833 688 1896 ὃς
716 1833 864 1884 ἐστιν
895 1832 1037 1902 ἀρχὴ
1059 1870 1077 1895 ,
1127 1829 1472 1901 πρωτότοκος
1496 1830 1561 1881 ὲκ
1588 1827 1690 1881 τῶν

1797 1851 1955 1904 quem
1993 1847 2051 1890 ut
2085 1849 2274 1892 essent
2315 1842 2578 1907 producta
2618 1849 2745 1894 sunt
2788 1851 2843 1896 et
2875 1857 2997 1911 quae
3049 1844 3099 1898 in
3140 1845 3293 1900 ccelis
3321 1854 3379 1899 et

88 1924 330 1992 νεκρῶν,
379 1923 474 1976 ῖνα
503 1923 731 1992 γένηται
766 1923 824 1974 ὲν
873 1923 1040 1974 πᾶσιν
1089 1920 1254 1981 αὐτὸς
1296 1918 1615 1990 πρωτεύων.
1667 1937 1685 1969 ι

98 2016 234 2068 Ἰδοὺ
284 2015 356 2084 δὴ
401 2015 501 2066 καὶ
539 2013 684 2083 μάλα
717 2012 905 2081 σαφῶς
950 2015 980 2065 6
1013 2012 1124 2064 τῶν
1167 2009 1334 2064 αὑτοῦ
1372 2009 1690 2080 μυστηρίων

85 2106 408 2178 ἱερουργδς,
447 2104 614 2158 αὑτὸν
640 2104 751 2172 ἔφη
788 2105 879 2156 τὸν
908 2104 975 2156 δι’
1007 2098 1066 2156 οὗ
1095 2102 1163 2154 τὰ
1197 2102 1393 2159 πάντα,
1429 2101 1525 2152 καὶ
1556 2103 1613 2152 ὲν
1647 2093 1691 2167 ᾧ

80 2204 153 2253 τά
184 2201 380 2253 πάντα
412 2197 551 2251 θεὸν
597 2197 791 2264 Λόγον,
821 2197 880 2258 ὃς
911 2197 1058 2248 ἐστιν
1086 2193 1251 2247 εἰκὼν
1298 2191 1392 2244 τοῦ
1422 2191 1558 2245 Θεοῦ
1596 2192 1689 2244 τοῦ

87 2289 360 2359 ἀοράτου,
397 2285 495 2339 τὸν
520 2285 592 2339 δι’
618 2277 679 2339 οὗ
708 2283 971 2355 παρήχθη
1016 2281 1150 2353 πρὸς
1174 2280 1420 2351 ὕπαρξιν
1449 2279 1519 2333 τά
1545 2297 1604 2332 τε
1634 2282 1690 2331 ὲν

82 2384 201 2443 τοῖς
233 2382 298 2432 οὐ
311 2380 524 2448 ρανοῖς,
563 2377 659 2430 καὶ
695 2376 766 2430 τά
797 2376 891 2427 ἐπὶ
915 2373 1017 2442 τῆς
1057 2373 1184 2442 γῆς,
1213 2373 1280 2425 τά
1309 2371 1482 2442 ὁρατά
1507 2387 1566 2423 τε
1596 2370 1690 2423 καὶ

85 2471 302 2538 ἀόρατα
324 2507 341 2530 ,
368 2468 466 2520 τὸν
509 2468 641 2519 ὄντα
673 2466 781 2536 πρὸ
811 2465 1055 2528 πάντων,
1091 2465 1149 2516 ὲν
1244 2462 1314 2517 τὰ
1347 2463 1524 2515 πάντα
1565 2478 1691 2513 συν-

86 2563 318 2631 έστηκε,
369 2558 619 2629 κεφαλὴν
644 2556 893 2610 δεδόσθαι
939 2558 1004 2626 τῇ
1049 2555 1366 2625 Ἐκκλησία,
1401 2554 1496 2606 καὶ
1529 2552 1691 2604 αὑτὸν

86 2644 228 2703 εἶναι
266 2649 628 2720 πρωτότοκον
660 2648 724 2699 ὲκ
748 2644 977 2717 νεκρῶν.
996 2644 1134 2697 Ἀλλ’
1162 2643 1330 2709 ἔστιν,
1365 2643 1494 2705 ἴσως
1520 2643 1685 2712 ἐρεῖς,

85 2742 231 2795 κατὰ
263 2741 438 2810 φύσιν
470 2741 606 2809 ζωὴ,
637 2741 665 2792 6
685 2740 748 2791 ἐκ
771 2738 908 2791 Θεοῦ
934 2736 1149 2808 Πατρὺς
1170 2735 1344 2802 Λόγος
1363 2750 1375 2762 ·
1404 2731 1520 2786 εἶτα
1551 2732 1687 2796 πῶς,

85 2833 116 2901 ἦ
149 2831 275 2884 τίνα
306 2831 378 2898 δὴ
407 2831 614 2895 τρόπον
646 2827 871 2898 τεθναίη
905 2829 938 2896 ἡ
970 2826 1120 2897 (uti);
1153 2825 1379 2888 Καλῶς·
1413 2823 1691 2892 ἀναγκαία

87 2926 182 2977 καὶ
217 2922 528 2990 ὲπωφελὴς
558 2924 591 2990 ἡ
623 2921 818 2983 πεῦσις
841 2937 855 2950 ·
885 2920 1082 2973 οὐκοῦν
1125 2920 1204 2982 εἰς
1228 2918 1328 2988 τὴν
1356 2917 1451 2970 τοῦ
1483 2932 1690 2987 μυστη-

87 3015 208 3082 ρίου
241 3013 488 3081 δύναμιν
520 3010 816 3081 χρησίμως
849 3010 1345 3079 παραλαμϐάνεται
1395 3010 1476 3072 τὸ,
1513 3009 1692 3079 σάρκα

81 3103 353 3172 γενέσθαι
386 3104 530 3156 νοεῖν
576 3117 635 3154 τε
661 3101 757 3154 καὶ
801 3098 1003 3165 λέγειν,
1035 3099 1128 3151 τὸν
1159 3098 1245 3151 ἀεί
1277 3115 1335 3150 τε
1367 3098 1563 3162 ζῶντα,
1597 3097 1692 3150 καὶ

1794 1942 1914 1995 qnte
1951 1929 2002 1980 in
2040 1936 2205 1993 terra,
2239 1929 2476 1983 visibilia
2510 1939 2564 1984 et
2613 1932 2928 1999 invisibilia,
2978 1933 3123 1987 illum
3152 1935 3246 2004 qui
3292 1944 3379 1990 est

1794 2026 1920 2071 ante
1966 2020 2171 2082 omnia,
2222 2018 2274 2072 in
2311 2033 2419 2088 quo
2469 2021 2651 2075 omnia
2704 2031 2976 2088 constant,
3027 2023 3202 2093 ipsum
3241 2025 3379 2080 dixit

1791 2121 1954 2179 caput
1983 2126 2104 2166 esse
2132 2112 2316 2165 datum
2351 2112 2628 2177 Ecclesiae,
2663 2124 2718 2167 et
2745 2115 2924 2183 ipsum
2954 2129 3077 2170 esse
3100 2116 3376 2189 primoge-

1793 2200 1963 2253 nitum
2011 2215 2076 2255 ex
2124 2203 2378 2257 mortuis.
2426 2204 2532 2258 Sed
2588 2205 2735 2259 dices
2791 2205 3022 2262 fortasse
3062 2223 3079 2261 :
3117 2208 3376 2264 Concedo

1793 2291 2042 2360 equidem
2074 2291 2205 2347 illud
2237 2308 2301 2347 ex
2325 2292 2436 2347 Deo
2469 2292 2631 2349 Patre
2659 2295 2898 2350 Verbum
2932 2312 3054 2353 esse
3086 2314 3153 2354 ex
3182 2309 3375 2353 natura

1792 2383 1992 2449 vitam;
2020 2383 2112 2438 sed
2139 2399 2244 2453 quo
2285 2385 2469 2445 modo.
2510 2399 2685 2454 quave
2717 2387 2929 2440 ratione
2960 2388 3066 2442 vita
3099 2389 3236 2444 mori
3268 2403 3368 2460 po-

1795 2474 1936 2527 tuit?
1962 2473 2251 2537 Praeclare,
2286 2478 2592 2532 necessaria
2640 2486 2694 2530 et
2735 2477 2980 2546 perutilis
3012 2488 3096 2534 est
3122 2483 3370 2549 quaestio.

1795 2563 1936 2633 Ergo
1984 2566 2051 2616 ad
2098 2566 2340 2636 mysterii
2388 2568 2493 2619 vim
2541 2566 2671 2620 illud
2725 2565 2929 2621 utiliter
2966 2571 3277 2636 assumitur,
3315 2581 3377 2626 ut

1793 2653 2160 2723 intelligamus
2211 2667 2374 2727 atque
2425 2659 2589 2712 etiam
2650 2657 2893 2712 dicamus
2935 2659 3110 2728 ipsum
3161 2676 3377 2731 semper

1792 2745 1981 2800 vivens
2023 2755 2079 2799 et
2115 2746 2394 2801 viviﬁcans
2440 2746 2532 2800 Dei
2572 2745 2808 2801 Verbum
2855 2761 3075 2802 carnem
3118 2763 3240 2803 esse
3291 2751 3377 2803 fa-

1794 2845 1964 2900 ctum,
1998 2836 2102 2890 boc
2129 2845 2228 2898 est,
2262 2851 2458 2906 corpus
2501 2837 2632 2891 illud
2660 2838 2805 2906 quod
2841 2847 3069 2892 mortem
3100 2839 3377 2908 suscipere

1795 2936 2003 2996 posset,
2038 2927 2319 2996 proprium
2352 2927 2454 2980 sibi
2497 2925 2717 2990 fecisse,
2751 2936 2810 2980 ut
2835 2928 3008 2997 ipsum
3041 2943 3257 2998 passum
3295 2930 3377 2981 in-

1795 3016 2092 3085 telligatur,
2142 3016 2268 3086 quia
2322 3018 2600 3086 proprium
2644 3017 2812 3086 ipsius
2852 3032 3072 3086 passum
3121 3027 3208 3073 est
3255 3034 3377 3075 cor-

1796 3121 1916 3176 pus.
1953 3107 2044 3161 Sic
2079 3122 2313 3176 namque
2359 3109 2532 3177 ipsum
2567 3108 2768 3161 factum
2800 3108 3068 3177 primitias
3108 3109 3380 3165 dormien-

83 3194 360 3260 ζωοποιὸν
389 3191 488 3245 τοῦ
521 3190 660 3244 Θεοῦ
709 3190 905 3257 Λόγον,
939 3189 1238 3251 τουτέστιν,
1285 3187 1416 3240 ἴδιον
1465 3191 1690 3259 ποιήσα-

1797 3200 1928 3252 tium
1958 3199 2212 3264 dicimus,
2243 3208 2300 3254 et
2324 3199 2744 3269 primogenitum
2777 3214 2842 3253 ex
2872 3200 3099 3254 mortuis
3126 3218 3138 3254 :
3167 3201 3380 3270 positus

86 3286 212 3340 σθαι
247 3285 421 3354 σῶμα
452 3282 517 3334 τὸ
547 3281 781 3335 θανάτου
828 3279 1098 3342 δεκτικὸν,
1152 3279 1239 3331 ἵνα
1284 3279 1470 3348 νοῆται
1499 3279 1691 3333 παθὼν

84 3380 272 3442 αὐτὸς,
308 3379 396 3429 ὅτι
437 3375 500 3427 τὸ
526 3376 659 3427 [διον
703 3373 869 3425 αὐτοῦ
919 3372 1157 3426 πέπονθε
1188 3371 1368 3440 σῶμα.
1397 3371 1551 3425 Οὕτω
1579 3373 1689 3442 γὰρ

83 3471 251 3522 αὑτὸν
283 3466 551 3536 γενέσθαι
603 3464 784 3533 φαμὲν
815 3463 1072 3532 ἀπαρχὴν
1098 3462 1208 3514 τῶν
1249 3463 1687 3532 κεκοιμημένων,

83 3561 184 3616 καὶ
231 3559 595 3630 πρωτότοκον
628 3558 693 3608 ὲκ
735 3553 965 3623 νεκρῶν.
1005 3553 1292 3606 Τεθεῖσθαι
1320 3554 1429 3623 γὰρ
1471 3555 1689 3622 λέγεται

86 3649 211 3720 μεθ’
249 3649 419 3719 ἡμῶν
452 3647 511 3699 ὲν
548 3645 797 3715 μνήματι
830 3643 919 3694 διὰ
948 3644 1044 3712 τῆς
1091 3642 1227 3704 ἰδίας
1267 3643 1470 3713 σαρκὸς
1518 3645 1547 3694 6
1593 3645 1688 3697 ἀν-

86 3743 244 3805 ιστάς
271 3739 408 3801 τοὺς
439 3738 693 3808 νεκροὺς,
722 3735 811 3787 ἵνα
839 3735 933 3786 καὶ
956 3735 1117 3803 ἡμεῖς
1147 3733 1565 3803 συνεγερθῶμεν
1590 3735 1688 3788 αὐ-

81 3836 159 3902 τῷ
181 3851 197 3864 ο
233 3831 448 3901 ταύτην
485 3829 597 3898 γὰρ
619 3829 756 3899 ἡμῖν
790 3825 1093 3895 ὲνεκαίνισιε
1131 3824 1228 3896 τὴν
1252 3824 1392 3891 ὁδὸν,
1426 3826 1518 3878 καὶ
1556 3826 1690 3881 rati-

82 3944 182 3996 της
227 3927 400 3977 ἕνεκα
444 3922 544 3990 τῆς
587 3919 768 3981 αἰτίας
814 3917 1214 3970 τεταπείνωκεν
1248 3917 1456 3979 ἑαυτὸν,
1500 3917 1689 3980 καθεὶς

83 4023 164 4081 εἰς
193 4018 464 4075 κένωσιν,
499 4012 596 4064 καὶ
625 4013 706 4072 εἰς
733 4008 1130 4078 ἀνθρωπότητα
1163 4009 1281 4076 μεθ’
1311 4007 1486 4077 ήμῶνο
1511 4007 1688 4059 καίτοι

83 4111 219 4172 Θεὸς
260 4108 341 4159 ὢν
399 4104 560 4172 φύσει
585 4143 599 4162 ,
641 4100 738 4154 καὶ
780 4101 846 4152 ἐκ
893 4099 1027 4152 Θεοῦ
1079 4101 1292 4169 Πατρός
1339 4099 1621 4170 πεφηνὼς,
1660 4101 1689 4150 6

83 4198 432 4267 Πονογενής.
481 4194 625 4246 Ἀλλ’
646 4192 817 4245 οἴεται
852 4192 971 4260 μὲν,
997 4191 1137 4244 κατά
1161 4191 1220 4243 τὸ
1248 4192 1414 4255 εἰκὸς,
1434 4193 1555 4254 τοὺς,
1588 4185 1686 4243 ὦδε

83 4293 237 4345 ταῦτ’
287 4290 442 4360 ἔχειν
495 4284 893 4354 ὑπειληφότας,
945 4284 1042 4336 καὶ
1104 4282 1319 4351 ἀληθῶς
1371 4283 1688 4347 δοξάζοντας

87 4379 504 4452 ἐμϐροντησίας
543 4378 623 4438 είς
656 4376 812 4445 λῆξιν
849 4375 948 4445 τῆς
975 4374 1236 4427 ἀνωτάτω
1265 4375 1510 4445 δραμεῖν·
1551 4393 1687 4446 σκη-

85 4477 367 4543 πτόμενος
401 4471 461 4523 δὲ
512 4466 796 4536 πανταχοῦ
841 4466 903 4518 τὸ
930 4467 1039 4518 δεῖν
1075 4466 1265 4533 ἀπαθῆ
1314 4467 1405 4517 τὸν
1453 4469 1517 4518 ὲκ
1550 4468 1686 4520 Θεοῦ

88 4566 308 4634 Πατρὸς
349 4560 516 4631 ἡμῶν
557 4556 943 4627 ὁμολογεῖσθαι
973 4556 1167 4623 Λόγον,
1197 4555 1471 4625 ἐξίστησιν
1500 4557 1685 4621 αὑτοῦ,

86 4659 183 4708 καὶ
207 4653 376 4706 τοῦτο
400 4653 486 4712 εἰς
516 4648 667 4702 ἀπαν
690 4689 703 4713 ,
732 4647 831 4717 τῆς
864 4647 1178 4716 οἰκονομίας
1208 4646 1301 4699 τὸν
1325 4649 1526 4717 τρόπον
1548 4665 1560 4678 ·
1589 4651 1688 4701 οὐκ

87 4749 230 4810 ἀξιοῖ
256 4747 317 4799 δὲ
345 4743 627 4812 ὦσπερ,ἢ
668 4741 909 4811 φρονεῖν,
951 4740 980 4809 ἢ
1031 4740 1237 4807 λέγειν,
1288 4741 1370 4791 ὅτι
1421 4740 1687 4792 πέπονθεν

87 4840 232 4906 ὑπὲρ
263 4838 451 4908 ἡμῶν,
488 4835 668 4889 καίτοι
720 4835 818 4900 τῆς
864 4832 1224 4885 θεοπνεύστου
1257 4833 1481 4903 Γραφῆς
1522 4836 1686 4904 σαρκὶ

1793 3303 2028 3359 namque
2073 3289 2353 3343 nobiscum
2401 3290 2454 3342 in
2505 3300 2858 3345 monumento
2898 3291 3097 3346 dicitur
3125 3306 3220 3360 per
3247 3305 3378 3362 pro-

1793 3381 1965 3446 priam
1999 3395 2246 3444 carnem,
2294 3381 2384 3449 qui
2417 3391 2662 3436 mortuos
2689 3383 2940 3446 suscitat,
2991 3391 3050 3435 ut
3077 3396 3177 3435 nos
3212 3383 3377 3438 etiam

1792 3470 1954 3523 simul
2011 3485 2135 3524 cum
2191 3473 2306 3539 ipso
2356 3473 2699 3526 excitemur:
2746 3474 2888 3527 hanc
2937 3487 3175 3542 namque
3223 3473 3380 3528 nobis

1793 3560 2073 3615 innovavit
2103 3564 2266 3627 viam,
2295 3573 2349 3617 et
2379 3563 2485 3618 hac
2516 3564 2582 3619 de
2617 3579 2782 3618 causa
2827 3564 3133 3619 bumiliavit
3171 3575 3374 3621 semet-

1793 3651 1992 3720 ipsum,
2027 3653 2093 3706 ad
2125 3653 2555 3710 exinanitionem
2585 3662 2638 3710 et
2668 3656 2734 3710 ad
2772 3655 3164 3709 humanitatem
3196 3656 3380 3712 nobis-

1794 3757 1913 3796 cum
1950 3758 2010 3798 se
2044 3744 2324 3811 dejiciens,
2359 3745 2608 3814 quamvis
2637 3745 2727 3800 ille
2776 3745 3098 3816 Unigenitus
3131 3745 3274 3803 Deus
3310 3760 3378 3800 ex

1793 3844 1985 3888 natura
2021 3844 2163 3889 esset
2197 3846 2251 3888 et
2279 3851 2343 3888 ex
2383 3835 2493 3888 Dco
2524 3834 2689 3889 Patre
2717 3845 2887 3891 ortus.
2928 3837 3034 3890 Sed
3089 3837 3192 3891 iste
3223 3847 3380 3906 putat

1795 3929 2050 3979 nimirum
2083 3941 2203 3990 eos,
2236 3927 2324 3994 qui
2362 3927 2478 3980 haec
2521 3929 2601 3980 ita
2637 3941 2696 3981 se
2735 3927 2938 3981 habere
2967 3927 3282 3982 existimant
3324 3938 3379 3982 et

1794 4030 1920 4071 vere
1949 4019 2216 4082 sentiunt,
2257 4019 2320 4070 ad
2354 4027 2658 4072 extremum
2691 4033 2918 4073 summa:
2946 4020 3231 4074 dementiae
3254 4033 3378 4088 per-

1794 4108 2006 4162 venisse
2049 4125 2062 4162 :
2107 4117 2161 4161 ct
2218 4109 2413 4177 ubique
2464 4117 2763 4176 prmtexens
2815 4118 3070 4178 oportere
3121 4110 3251 4164 illud
3306 4124 3374 4163 ex

1793 4200 1902 4252 Deo
1937 4197 2100 4254 Patre
2145 4199 2377 4254 Verbum
2430 4199 2730 4267 impatibile
2778 4200 3046 4263 conﬁteri,
3093 4199 3377 4269 dispensa-

1796 4290 1958 4344 tionis
1987 4291 2202 4345 modum
2237 4292 2302 4344 ab
2333 4305 2396 4343 eo
2427 4289 2628 4354 aufert,
2660 4300 2715 4345 et
2743 4291 2961 4359 quidem
2998 4290 3050 4344 in
3092 4299 3286 4355 totum,
3325 4301 3380 4344 et

1792 4383 2190 4450 quodammodo
2218 4381 2378 4452 138
2404 4382 2748 4451 dedignatur,
2778 4393 2871 4434 aut
2902 4383 3129 4443 sentire,
3164 4393 3258 4435 aut
3296 4384 3378 4435 di-

1722 4513 1763 4565 υ
1795 4488 1919 4526 cere
1962 4473 2090 4525 illud
2141 4488 2260 4525 esse
2308 4489 2403 4540 pro
2437 4475 2592 4526 nobis
2628 4487 2868 4541 passum,
2901 4474 3150 4540 quamvis
3202 4487 3375 4527 sacra:

1795 4563 2014 4617 Litterae
2067 4580 2234 4618 carne
2280 4580 2500 4633 passum
2549 4564 2754 4627 dicant,
2802 4565 2930 4618 licet
2980 4565 3278 4634 impatibile
3321 4575 3376 4617 et

1799 4656 2202 4724 incorporeum,
2252 4657 2376 4725 quia
2424 4671 2620 4724 corpus
2660 4672 2876 4724 passum
2921 4667 3006 4710 est
3044 4656 3211 4724 ipsius
3245 4669 3372 4724 pro-

1796 4748 1972 4814 prium
2027 4747 2237 4815 ipsique
2281 4747 2511 4800 unitum.
2547 4746 2688 4802 Dixit
2718 4757 2896 4802 autem
2925 4762 3115 4800 rursus
3145 4747 3197 4800 in
3232 4750 3374 4800 hunc

1797 4841 2010 4892 modum
2044 4857 2057 4892 :

86 4934 362 5003 λεγούσης
409 4933 629 4996 παθεῖν,
681 4931 779 4983 καὶ
806 4929 992 5000 ἀπαθῆ
1028 4930 1124 4983 καὶ
1154 4929 1465 4997 ἀσώματον,
1500 4930 1580 4982 ὅτι
1617 4931 1678 4982 τὸ
1719 4933 1846 4987 ἴδιον
1913 4935 2076 4988 αὑτοῦ
2113 4936 2204 4989 καὶ
2271 4935 2470 4988 ένωθὲν
2507 4934 2655 5006 αὑτῷ
2705 4934 2971 4988 πέπονθεν
3007 4935 3188 5006 σῶμα.
3226 4935 3371 5003 Ἕςρη

88 5032 144 5082 ἃ
170 5030 336 5082 πάλιν
369 5028 465 5080 ὡδί
493 5044 506 5056 ’

161 5120 178 5190 [
205 5121 306 5172 Διά
333 5119 496 5171 τοῦτο
530 5118 660 5190 περὶ
691 5116 788 5185 τῆς
813 5116 1090 5187 ἡμετέρας
1123 5116 1374 5185 ἀπαρχῆς
1399 5157 1414 5183 ,
1442 5116 1470 5166 6
1500 5116 1681 5185 μακά-

95 5231 204 5281 ριος
240 5213 454 5281 Πέτρος
505 5207 921 5276 καταγγέλλων,
955 5209 1050 5260 καὶ
1077 5207 1176 5277 τὴν
1205 5210 1269 5260 ὲκ
1301 5207 1399 5276 τῆς
1433 5207 1685 5276 θεότητος

93 5304 434 5374 ᾳαινομένης
486 5300 706 5369 φύσεως
751 5297 1109 5368 διηγούμενος
1149 5296 1375 5366 ὕψωσιν,
1418 5316 1433 5346 ι
1461 5297 1683 5361 Τοῦτον,

95 5399 277 5466 φησὶν,
309 5395 403 5448 τὸν
435 5391 646 5462 Ἰησοῦν
682 5391 986 5460 ἀνέστησεν
1018 5393 1044 5443 6
1071 5390 1223 5452 Θεός.
1264 5408 1280 5439 ι
1315 5390 1426 5441 Οὐκ
1448 5389 1682 5442 ἀπέθανε

93 5493 244 5555 Θεὸς,
289 5489 430 5542 ἀλλὰ
465 5487 795 5556 ⁹ἀνέστησεν.
830 5486 1026 5537 Ἄκουε
1057 5484 1165 5537 τῶν
1201 5483 1294 5537 τοῦ
1341 5485 1550 5554 Πέτρου
1589 5487 1684 5554 ῥη-

97 5587 314 5654 μάτων,
364 5580 750 5650 Ἀπολινάριε,
803 5577 967 5630 ἄκουε
1019 5576 1115 5627 σὺν
1154 5574 1554 5645 Ἀπολιναρίῳ,
1591 5577 1684 5626 καὶ

163 5765 208 5793 ρο
247 5761 460 5814 (ζηιοςς,
502 5774 537 5822 ι,
586 5755 753 5809 12-18
846 5752 887 5782 "
929 5751 1046 5803 Act.
1094 5762 1153 5817 il,
1183 5747 1271 5802 2L

1865 5115 2103 5168 Ms'ron.
2150 5112 2292 5184 [Ideo
2326 5115 2390 5167 de
2424 5114 2621 5167 nostris
2653 5112 2755 5166 illis
2785 5112 3037 5181 primitiis
3075 5129 3197 5169 cum
3242 5131 3367 5186 age-

1795 5216 1874 5259 ret
1906 5209 2094 5259 beatns
2133 5206 2346 5266 Petrus,
2384 5217 2436 5258 et
2481 5205 2861 5259 exaltationem
2906 5206 3130 5260 visibilis
3162 5219 3368 5265 natum

1792 5299 1841 5350 vi
1896 5298 2196 5351 divinitatis
2246 5296 2450 5352 factam
2505 5308 2809 5362 enarraret,
2877 5318 2893 5348 ι
2928 5298 3102 5365 llunc,
3166 5301 3364 5371 inquit,

1791 5388 1973 5443 Jesum
2015 5391 2298 5443 suscitavit
2327 5391 2562 5453 Deus“;
2603 5409 2619 5440 ι
2655 5405 2757 5442 non
2796 5401 3040 5444 mortuus
3080 5399 3162 5446 est
3202 5392 3364 5454 Deus.

1793 5482 1885 5536 sed
1928 5482 2227 5536 suscitavit.
2268 5480 2427 5547 Audi,
2461 5481 2782 5551 Apollinari,
2817 5479 2961 5536 Petri
3005 5485 3198 5549 verba;
3241 5485 3364 5538 audi

1793 5587 1915 5628 cum
1945 5573 2277 5643 Apollinario
2313 5576 2494 5640 etiam,
2531 5574 2646 5628 Ari.
2695 5592 2711 5623 ι
2745 5571 2917 5639 Hunc,
2959 5574 3152 5642 inquit,
3183 5573 3364 5629 Jesum
