4040 6440
81 345 160 389 ut
1155 351 1522 407 ΑΒΗ-3115ϋὸ
1562 353 1673 408 Νεε

1777 354 1964 410 »ΒΙυΜ
2010 355 2138 411 ιω.
2183 355 2246 407 ν.

3233 357 3342 411 ειε

89 447 475 516 ξηλαφηθέντα
495 450 704 520 χερσὶν,
721 452 874 506 οὐδὲν
892 453 1054 527 ἦττον
1071 459 1234 526 ἡμεῖς
1255 465 1671 534 σεσαρκωμένον

1779 468 1934 522 nibus
1966 476 2385 534 contrectatum,
2413 464 2765 525 nihilominus
2797 470 2927 528 illud
2958 484 3024 527 ex
3054 469 3161 526 Deo
3182 470 3343 527 Patre

87 535 304 606 νοοῦμεν
341 537 439 591 τὸν
485 540 549 590 ὲκ
581 538 717 592 Θεοῦ
752 542 966 614 Πατρὸς
995 547 1185 614 Λόγον,
1228 551 1324 603 ἕνα
1356 569 1416 605 τε
1448 555 1543 606 καὶ
1575 555 1667 608 τὸν

79 627 235 679 αὑτὸν
275 629 662 701 ὁμολογοῦμεν
707 633 854 688 Υξόν.
898 635 1155 704 ’Δόρατος
1201 641 1313 712 γὰρ
1361 645 1459 713 τὴν
1509 644 1669 713 φύσιν

84 718 367 789 ὑπάρχων,
398 721 631 789 γέγονεν
657 725 874 794 ὁρατὸς,
903 728 984 779 ὅτι
1017 729 1111 782 καὶ
1142 730 1273 785 ἴδιον
1314 729 1383 802 ἦν
1411 734 1576 788 αὐτοῦ
1609 736 1672 788 16

83 808 359 878 ἐρώμενον
413 811 597 881 σῶμα.
648 815 855 869 Ψάλλει
885 819 1014 885 γοῦν
1042 822 1069 872 6
1109 821 1251 885 θεῖος
1296 825 1428 893 ἡμῖν
1470 824 1666 879 Δαθέδ²

84 917 98 948 ι
134 895 196 950 ὐ
231 901 374 961 Θεὸς
400 903 664 972 ἐμφανῶς
696 907 838 976 ἥξει,
867 909 895 960 6
919 908 1050 971 Θεὸς
1075 912 1106 979 ἡ
1118 911 1254 981 μῶν,
1279 916 1372 966 καὶ
1402 915 1462 966 οὐ
1496 932 1672 986 παρα-

83 993 450 1059 σιωπήσεται.
480 1013 497 1044 ι
539 995 646 1046 Καὶ
683 997 788 1067 μὴν
824 999 919 1050 καὶ¹
951 1000 978 1050 6
1013 1003 1283 1072 μακάριος
1321 1005 1667 1077 Ἀδϐακούμ·

86 1101 100 1130 ι
131 1082 193 1134 Ὀ
217 1082 361 1146 Θεὸς
399 1084 468 1136 ὲκ
495 1084 712 1156 Θαιμάν
740 1087 880 1156 ἥξει,
909 1091 1001 1141 καὶ
1028 1095 1055 1143 6
1079 1092 1148 1143 Ἃ
1163 1109 1267 1159 (to;
1301 1094 1359 1157 ἐξ
1387 1095 1544 1166 ὅρους
1574 1113 1669 1150 κα-

81 1173 307 1225 τασκίου
337 1174 554 1238 δασέως
572 1193 584 1206 ο
601 1195 620 1228 ι
648 1174 818 1242 Οὗτος
847 1180 1107 1250 ὑπάρχων
1133 1185 1227 1236 καὶ
1247 1185 1482 1256 ἀναφὴς,
1503 1188 1672 1252 ἁπτὸς

80 1264 336 1330 γενέσθαι
369 1266 594 1335 λέγεται
621 1269 711 1322 διά
734 1272 794 1322 τὸ
821 1272 1017 1326 ὲνωθὲν
1044 1275 1192 1346 αὑτῷ
1240 1276 1398 1346 σῶμα
1421 1297 1431 1309 ·
1469 1280 1671 1349 γράφει

82 1354 208 1420 γοῦν
251 1357 282 1408 6
322 1355 588 1420 Λουκᾶς
626 1377 646 1410 ι
689 1359 1016 1435 Ἐπειδήπερ
1074 1365 1260 1417 πολλοὶ
1309 1368 1672 1439 ἐπεχείρησαν

81 1445 463 1513 ἀνατάξασθαι
497 1449 752 1520 διήγησιν
783 1453 911 1522 περὶ
944 1455 1053 1506 τῶν
1089 1457 1670 1532 πεπληροφορημένων

81 1537 211 1604 ἡμῖν
255 1539 640 1608 πραγμάτων,
671 1541 856 1604 καθὼς
891 1544 1196 1614 παρέδοσαν
1219 1550 1351 1617 ἡμῖν
1381 1552 1427 1602 οἱ
1454 1550 1549 1603 ἀπ’
1574 1552 1673 1623 ἀρ-

81 1626 178 1695 χῆς
215 1628 499 1684 αὐτόπται
542 1631 636 1683 καὶ
671 1631 941 1703 ὑπηρέται
974 1637 1254 1706 γενόμενοι
1288 1638 1381 1691 τοῦ
1422 1639 1580 1708 λόγου
1604 1656 1617 1669 ·
1644 1661 1663 1693 ι

81 1719 172 1772 καὶ
205 1720 354 1790 πρός
387 1737 456 1788 γε
491 1722 647 1776 τοῦτό
677 1741 841 1794 φησιν
879 1728 908 1779 6
944 1728 1104 1795 σοφὸς
1144 1730 1421 1802 Ἰωάννηςο
1462 1751 1480 1783 ι
1509 1734 1572 1785 '0
1601 1729 1670 1804 ἦν

1775 555 2007 610 Verbum
2030 557 2384 628 intelligimus
2410 559 2771 627 incarnatum,
2804 575 3083 630 unumque
3114 568 3167 616 et
3189 575 3343 616 eum-

1771 649 1891 704 dem
1933 649 2125 704 Filium
2182 651 2504 707 confitemur
2576 653 2710 709 Cum
2751 656 2894 709 enim
2947 668 3044 724 per
3095 664 3342 709 naturam

1770 749 1916 795 esset
1954 740 2257 808 invisibilis,
2305 742 2478 798 factus
2525 753 2608 799 est
2642 745 2887 810 visibilis,
2924 758 2988 799 eo
3032 746 3176 815 quod
3225 745 3345 798 visi-

1773 831 1880 886 bile
1915 832 2041 887 illud
2083 848 2278 902 corpus
2305 836 2578 904 proprium
2616 836 2734 904 ejus
2764 845 2902 892 eral.
2932 835 3118 906 Itaque
3154 836 3343 890 beatus

1773 919 1942 977 David
1984 925 2164 992 psallit
2195 943 2208 979 :
2244 942 2262 974 ι
2297 924 2434 980 Deus
2484 927 2766 982 manifeste
2809 928 3010 989 veniet,
3056 926 3194 980 Deus
3241 941 3340 979 no-

1773 1024 1904 1078 ster,
1945 1025 2001 1069 et
2037 1031 2142 1070 non
2177 1017 2351 1071 silebit
2379 1018 2426 1083 ³;
2460 1037 2477 1068 ι
2514 1029 2671 1087 atque
2703 1020 2865 1074 etiam
2920 1019 3108 1075 beatus
3163 1018 3342 1073 Haba-

1773 1119 1904 1158 cuc:
1929 1121 1947 1154 ι
1976 1105 2116 1158 Deus
2145 1106 2211 1158 de
2233 1105 2476 1160 Theman
2502 1109 2704 1172 veniet,
2734 1118 2785 1161 et
2812 1106 3043 1162 Sanctus
3076 1108 3140 1162 de
3163 1117 3343 1162 monte

1771 1197 2056 1260 umbroso,
2088 1195 2357 1250 condenso
2378 1197 2420 1250 ⁸.
2443 1214 2462 1248 ›
2509 1196 2607 1251 Hic
2634 1213 2755 1252 cum
2789 1207 2933 1253 esset
2959 1199 3120 1253 etiam
3149 1196 3342 1266 impal-

1774 1283 1987 1354 pabilis,
2033 1296 2252 1356 propter
2283 1287 2492 1341 unitum
2537 1287 2639 1342 sibi
2687 1303 2882 1358 corpus
2921 1287 3207 1358 palpabilis
3262 1286 3342 1342 fa-

1773 1387 1890 1430 ctus
1924 1390 2046 1432 esse
2087 1377 2304 1432 dicitur.
2339 1376 2512 1433 Lucas
2554 1388 2704 1433 certe
2757 1378 2988 1433 scribit:
3023 1395 3042 1430 ι
3075 1377 3340 1445 Quoniam

1773 1467 1986 1536 quidem
2045 1468 2195 1523 multi
2243 1470 2423 1524 conati
2475 1478 2602 1523 sunt
2661 1469 2920 1523 ordinare
2973 1469 3341 1523 narrationem

1772 1571 1892 1626 quae
1927 1555 1979 1609 in
2011 1557 2166 1611 nobis
2203 1559 2483 1626 completa:
2527 1567 2655 1612 sunt
2683 1573 2886 1623 rerum,
2928 1559 3073 1616 sicut
3102 1557 3344 1612 tradide-

1773 1657 1900 1700 runt
1935 1647 2088 1702 nobis
2121 1647 2211 1714 qui
2246 1649 2314 1703 ab
2345 1647 2499 1702 initio
2539 1648 2640 1717 ipsi
2674 1647 2951 1710 viderunt,
3005 1656 3060 1702 et
3110 1647 3343 1701 ministri

1775 1734 1992 1789 fuerunt
2033 1737 2297 1790 sermonis
2317 1736 2359 1792 ⁵.
2395 1755 2413 1788 ›
2467 1736 2662 1791 Adhaec
2713 1737 2785 1790 ait
2844 1737 3034 1790 beatus
3065 1733 3342 1788 Joannes:

79 1811 170 1862 ἀπ’
211 1811 424 1881 ἀρχῆς,
469 1813 498 1865 6
525 1814 868 1886 ἀκηκόαμεν,
896 1817 924 1870 6
958 1819 1286 1891 ἑωράκαμεν
1332 1826 1445 1887 τοῖς
1474 1823 1673 1894 ὀφθαλ-

1785 1843 1804 1876 σ
1836 1825 1987 1893 Quod
2033 1827 2131 1881 fuit
2178 1827 2246 1881 ab
2285 1827 2458 1892 initio,
2498 1830 2639 1896 quod
2666 1829 2990 1893 audivimus,
3023 1827 3167 1896 quod
3207 1826 3344 1880 vidi-

83 1905 199 1969 μοῖς
226 1904 422 1974 ήμῶν,
447 1904 478 1957 6
498 1905 864 1978 ἐθεασάμεθα,
895 1911 986 1963 καὶ
1011 1913 1067 1964 αἱ
1098 1915 1277 1984 χεῖρες
1297 1915 1450 1985 ἡμῶν
1477 1915 1678 1985 ἐψηλά-

80 2011 256 2063 φησαν
294 1997 434 2066 περὶ
469 1997 563 2050 τοῦ
595 1999 770 2067 Λόγου
799 2001 899 2070 τῆς
942 2001 1107 2073 ζωῆς,
1141 2007 1232 2058 καὶ
1260 2007 1292 2075 ἡ
1322 2005 1436 2077 ζωὴ
1483 2009 1676 2074 ἐφανε-

83 2085 250 2154 ρώθη,
285 2088 388 2140 καὶ
433 2088 766 2158 ἑωράκαμεν
802 2094 895 2145 καὶ
931 2097 1339 2167 μαρτυροῦμεν,
1371 2099 1466 2150 καὶ
1494 2099 1677 2166 ἀπαγ-

80 2175 350 2246 γέλλομεν
391 2177 526 2248 ὑμῖν
557 2178 657 2249 τὴν
689 2179 830 2250 ζωὴν
881 2183 980 2252 τὴν
1009 2183 1245 2249 αἰώνιον,
1279 2186 1403 2255 ἥτις
1441 2182 1509 2257 ἦν
1540 2187 1679 2258 πρὸς

81 2269 164 2320 τὸν
199 2271 432 2340 Πατέρα
480 2273 577 2324 καὶ
626 2271 943 2344 ἐφανερώθη
977 2276 1129 2345 ἡμῖν.
1160 2296 1180 2328 ι
1223 2277 1361 2329 Ἀλλ’
1387 2280 1436 2331 εί
1472 2279 1548 2350 μὴ
1581 2281 1676 2347 γέ-

80 2377 232 2423 γονεν
265 2362 448 2424 ἁπτός
478 2379 538 2414 τε
574 2365 667 2415 καὶ
700 2363 912 2434 ὁρατὸς,
949 2364 1023 2429 ὡς
1054 2365 1186 2420 ἴδιον
1219 2367 1359 2438 ἔχων
1383 2369 1446 2421 16
1476 2370 1675 2423 ὑποπτ-

82 2467 209 2503 πτον
234 2453 357 2522 ἁφῇ
387 2452 486 2504 καὶ
512 2453 701 2522 ὁράσει
733 2455 911 2525 σῶμα,
945 2456 1063 2520 πῶς
1088 2458 1356 2512 αὐτόπται
1383 2459 1476 2513 τοῦ
1504 2461 1676 2529 Λόγου

81 2541 375 2608 γεγόνασιν
393 2544 447 2595 οἱ
467 2543 732 2612 πάνσοφοι
756 2547 994 2615 μαθηταί
1015 2565 1029 2613 ;
1051 2547 1174 2612 Πῶς
1190 2549 1246 2601 δὲ
1261 2549 1353 2603 καὶ
1367 2549 1674 2618 τεθέανται,

81 2633 168 2685 καὶ
183 2632 526 2703 ψηλαφῆσαί
554 2651 686 2702 φασι
713 2635 804 2688 τὸν
824 2637 998 2705 Λόγον
1016 2638 1113 2707 τῆς
1131 2638 1299 2709 ζωῆς,
1316 2641 1436 2710 ἥτις
1453 2637 1520 2710 ἦν
1542 2642 1676 2710 πρὸς

81 2725 164 2776 τὸν
199 2724 454 2795 Πατέρα,
489 2728 585 2778 καὶ
617 2726 940 2799 ἐφανερώθη
976 2729 1137 2798 ἡμῖν;
1169 2729 1371 2782 Τοῦτον
1392 2726 1484 2784 οὖν
1515 2732 1678 2786 αὑτὸν

79 2813 166 2865 τὸν
185 2814 366 2866 ἁπτόν
387 2830 448 2866 τε
477 2815 574 2867 καὶ
603 2817 822 2881 ὁρατὸν,
838 2817 932 2870 τὸν
951 2816 1030 2887 τῷ
1061 2817 1203 2888 ξύλῳ
1228 2819 1673 2890 προσηλωμένον,

81 2905 296 2973 ἐπέγνω
349 2905 454 2974 μὲν
481 2906 508 2958 6
552 2904 774 2976 Θωμᾶς,
804 2907 1075 2976 ὡμολόγει
1109 2908 1166 2961 δὲ
1195 2911 1291 2962 καὶ
1324 2911 1469 2980 μάλα
1501 2909 1677 2982 ὀρθῶς

80 2997 212 3048 Θεὸν
260 2996 364 3049 καὶ
417 2994 647 3066 Κύριον.
699 2998 843 3067 Ἔφη
896 2997 1007 3069 γάρ
1058 2999 1250 3061 εὐθύς·
1290 3017 1309 3050 ι
1369 3000 1427 3052 '0
1472 3000 1677 3070 Κύριός

83 3104 181 3157 μου
211 3089 309 3142 καὶ
341 3090 372 3140 6
406 3087 545 3151 Θεός
564 3105 663 3158 μου
681 3102 727 3139 ἰ
752 3083 872 3140 εἶτα
904 3088 1040 3159 πρὸς
1059 3089 1220 3142 αὑτὸν
1239 3092 1266 3143 6
1287 3091 1490 3160 Κύριος
1519 3093 1550 3161 ἡ
1560 3091 1675 3160 μῶν

95 3179 303 3251 Ἰησοῦς
333 3179 582 3251 Χριστός
607 3195 622 3208 '
660 3197 679 3232 ι
709 3179 834 3231 Ὀτι
858 3177 1110 3250 ἑώρακάς
1141 3197 1237 3250 με,
1263 3181 1633 3244 πεπίστευκας
1657 3198 1671 3214 ο

85 3273 351 3344 μακάριοι
382 3275 434 3325 0!
476 3272 551 3342 μὴ
598 3270 929 3343 ἑωρακότες,
976 3271 1070 3324 καὶ
1117 3271 1530 3336 πιστεύσαντες.
1556 3291 1574 3324 ι
1610 3273 1674 3326 Τί

82 3367 506 3428 πιστεύσαντες,
539 3364 662 3417 εἰπέ
692 3381 781 3433 μοι
805 3381 817 3427 ;
846 3359 992 3434 Ἀρα
1010 3365 1108 3434 οὐχ
1135 3365 1217 3416 ὄτι
1238 3364 1371 3426 Θεὸς
1391 3363 1466 3416 ὣν
1491 3364 1672 3433 φύσει,

82 3458 165 3510 τὸν
199 3458 337 3509 ἴδιον
368 3458 437 3508 ὲκ
471 3454 683 3524 νεκρῶν
708 3455 975 3523 ἀνέστησε
1007 3454 1166 3519 ναόν;
1195 3453 1387 3508 Καίτοι
1423 3453 1538 3518 πῶς
1571 3457 1676 3524 ἁμ-

82 3547 305 3616 φῐλογον
357 3547 422 3599 τὸ
475 3545 712 3615 πρᾶγμά
744 3546 928 3608 ὲστιν;
965 3543 1102 3596 Ἀλλ’
1126 3547 1153 3597 6
1191 3545 1425 3616 χρηστὸς
1455 3545 1637 3598 οὑτοσὶ
1659 3585 1673 3609 ,

85 3639 373 3707 μονονουχὶ
439 3639 561 3700 ταῖς
615 3634 709 3689 τοῦ
772 3634 1017 3705 μαθητοῦ
1073 3637 1276 3704 φωναῖς
1332 3635 1676 3707 ἐπερυθριῶν

81 3732 400 3793 ἀσυνέτως,
429 3730 546 3798 Οὐχ
593 3728 935 3798 ὡμολόγησε,
982 3730 1168 3798 φησὶν,
1218 3728 1402 3794 αὐτὸν,
1449 3729 1530 3781 ὅτι
1582 3729 1676 3782 καὶ

83 3823 284 3891 Κύριος
334 3823 436 3874 καὶ
473 3819 607 3882 Θεός
658 3821 804 3872 ἐστιν
842 3821 870 3873 6
911 3818 1256 3890 πρωτότοκος
1308 3820 1372 3871 ὲκ
1426 3818 1672 3890 νεκρῶν·

83 3910 436 3981 παρατρέπει
479 3909 536 3960 δὲ
573 3907 773 3975 μᾶλλον
804 3908 896 3959 ἐπὶ
927 3906 988 3960 16
1021 3906 1170 3976 αὑτῴ
1207 3905 1397 3960 δοκοῦν
1440 3906 1536 3977 τὴν
1582 3905 1675 3959 τοῦ

82 4003 234 4070 λόγου
257 4003 522 4070 δύναμιν,
551 3999 646 4051 καί
677 4015 864 4067 φησιν,
889 4000 970 4050 ὅτι
997 3997 1087 4049 τὸν
1117 3996 1541 4066 παραδοξοποιὸν
1571 3998 1676 4050 ἐδο-

87 4097 288 4162 ξολόγει
311 4093 474 4153 Θεὺν,
503 4090 678 4157 λέγων
695 4106 740 4140 ἰ
761 4090 821 4140 '0
847 4088 1046 4158 Κύριός
1072 4105 1170 4158 μου
1201 4091 1292 4141 καὶ
1311 4090 1337 4140 6
1358 4089 1486 4152 Θεός
1516 4107 1669 4160 μου.»

85 4186 436 4258 Προσεπάγει
468 4182 527 4235 δὲ
572 4181 816 4244 τούτοις·
848 4181 921 4233 Ού
955 4182 1014 4233 τὸ
1040 4179 1364 4250 ψηλαφηθὲν
1407 4198 1677 4250 προσαγο-

87 4280 257 4349 ρεύων
287 4277 461 4330 Θεὸν·
496 4275 556 4327 ού
592 4274 702 4344 γάρ
745 4272 1058 4343 ψηλαφήσει
1105 4273 1308 4342 Θεότης
1340 4272 1674 4340 εὑρίσκεται.

96 4371 390 4440 Ἐπιτιμᾷς
429 4361 528 4419 οὖν
560 4363 636 4434 τῷ
702 4363 942 4434 μαθητῇ,
992 4363 1112 4416 εἰπέ
1164 4382 1294 4434 μοι,
1344 4364 1547 4434 Κύριον
1583 4364 1677 4417 καὶ

1778 1929 1899 1970 mus
1933 1916 2102 1969 oculis
2146 1918 2367 1982 nostris,
2409 1918 2551 1986 quod
2601 1919 2996 1985 perspeximus,
3049 1925 3103 1969 et
3153 1930 3346 1969 manus

1779 2015 1979 2061 nostra:
2006 2017 2476 2064 contrectavernnt
2515 2011 2580 2065 de
2610 2009 2790 2067 Verbo
2824 2012 2971 2074 vitae,
3004 2020 3058 2065 et
3088 2010 3198 2064 vita
3231 2023 3345 2062 ma-

1779 2095 2025 2151 nifestata
2053 2109 2156 2162 est,
2193 2105 2245 2152 et
2274 2099 2504 2154 vidimus
2531 2108 2586 2155 et
2627 2109 2910 2164 testamur,
2948 2108 3005 2155 et
3049 2099 3342 2153 annuntia—

1779 2201 1898 2241 mus
1927 2189 2079 2242 vobis
2103 2189 2267 2243 vitam
2313 2200 2594 2257 aeternam,
2623 2206 2745 2260 qua:
2773 2200 2892 2246 erat
2920 2192 3060 2259 apud
3101 2189 3342 2254 Patrem,

1777 2287 1832 2333 et
1879 2280 2132 2347 apparuit
2177 2279 2332 2334 nobis
2356 2281 2397 2333 ⁸.
2435 2299 2454 2332 ι
2511 2279 2638 2345 Sed,
2666 2281 2767 2335 nisi
2828 2279 3017 2335 fuisset
3070 2279 3346 2350 palpabilis

1778 2380 1941 2440 atque
1994 2371 2256 2438 visibilis,
2316 2381 2500 2442 utpote
2552 2387 2750 2442 corpus
2802 2375 3076 2441 proprium
3141 2373 3346 2426 habens

1780 2459 1942 2513 tactui
1987 2459 2233 2528 visuique
2268 2461 2594 2530 subjectum,
2641 2461 2912 2530 quomodo
2958 2459 3344 2528 sapientissimi

1779 2551 1854 2606 illi
1885 2551 2133 2620 discipuli
2178 2551 2437 2606 vidissent
2463 2551 2721 2616 Verbum,
2755 2549 3029 2620 quomodo
3076 2549 3239 2604 etiam
3287 2561 3347 2604 se

1777 2645 2113 2716 perspexisse
2150 2652 2206 2699 et
2252 2652 2620 2699 contrectasse
2650 2643 2895 2699 dicerent
2920 2642 3157 2699 Verbum
3191 2643 3342 2704 vita,

1776 2748 1897 2804 quae
1937 2743 2056 2788 erat
2097 2735 2238 2804 apud
2284 2733 2516 2798 Patrem,
2565 2743 2618 2790 et
2652 2735 2902 2804 apparuit
2949 2734 3151 2789 nobis?
3192 2731 3347 2788 Hunc

1778 2822 1941 2892 igitur
1973 2823 2146 2893 ipsum
2189 2824 2634 2878 contrectabilem
2679 2832 2842 2892 atque
2883 2823 3172 2886 visibilem,
3206 2824 3346 2878 hunc

1776 2913 1866 2983 qui
1893 2911 2036 2982 ligno
2061 2911 2280 2967 sufﬁxus
2305 2913 2501 2977 fuerat,
2533 2913 2769 2967 Thomas
2797 2914 3034 2982 agnovit,
3068 2927 3132 2967 ac
3154 2913 3344 2967 rectis-

1778 3003 1914 3057 sime
1970 3003 2134 3056 Deum
2195 3017 2254 3056 ac
2310 3001 2592 3056 Dominum
2642 3001 2913 3057 fatebatur
2955 3019 2969 3058 :
3015 3002 3155 3057 dixit
3202 3003 3344 3057 enim

1779 3091 2034 3146 continuo
2063 3088 2259 3161 :150
2289 3107 2306 3142 ι
2334 3091 2589 3144 Dominus
2615 3105 2786 3155 meus,
2811 3101 2865 3144 et
2889 3089 3029 3145 Deus
3053 3105 3203 3146 meus
3225 3092 3245 3122 ⁷
3272 3107 3286 3157 ;
3321 3109 3339 3142 ι

1778 3181 1972 3234 deinde
2014 3181 2080 3234 ad
2135 3182 2284 3235 illum
2321 3180 2580 3235 Dominus
2615 3190 2802 3236 noster
2846 3179 3005 3236 Jesus
3047 3181 3344 3237 Christus:

1783 3287 1802 3320 ι
1834 3269 1990 3334 Quia,
2039 3267 2233 3337 inquit,
2281 3260 2471 3322 vidisti
2529 3283 2636 3332 mc,
2698 3269 2977 3323 credidisti
3013 3287 3027 3322 :
3059 3269 3203 3323 beati
3252 3270 3344 3338 qui

1777 3377 1882 3414 non
1913 3360 2179 3425 viderunt,
2207 3370 2259 3414 et
2289 3359 2692 3414 crediderunt'.
2726 3379 2744 3412 ι
2770 3359 2933 3425 Quid,
2961 3374 3086 3430 rogo
3123 3369 3193 3424 te,
3225 3375 3346 3414 cre-

1778 3450 2065 3504 diderunt?
2096 3464 2273 3502 nonne
2305 3450 2468 3517 quod,
2498 3465 2620 3504 cum
2663 3450 2806 3503 Deus
2836 3459 2984 3504 esset
3015 3464 3082 3504 ex
3133 3460 3345 3516 natura,

1779 3541 2050 3610 proprium
2086 3542 2340 3608 templum
2390 3541 2648 3595 excitavit
2697 3557 2726 3593 a
2777 3543 3040 3596 mortuis?
3077 3543 3238 3613 Atqui
3284 3561 3346 3599 ea

1779 3648 1866 3686 res
1913 3633 2038 3701 quid
2087 3633 2451 3701 ambiguitatis
2506 3633 2708 3689 habet?
2763 3632 2868 3688 Sed
2915 3634 3003 3690 hic
3051 3636 3222 3690 bonus
3269 3638 3348 3690 vir

1779 3725 2160 3793 propemodum
2223 3723 2290 3777 de
2350 3723 2597 3794 discipuli
2651 3725 2877 3780 vocibus
2929 3726 3094 3781 stulte
3145 3729 3344 3780 erube—

1779 3830 1956 3877 sceus,
1992 3829 2099 3868 non
2123 3815 2404 3868 confessus
2433 3825 2538 3879 est,
2563 3816 2754 3884 inquit,
2791 3816 3075 3870 Dominum
3103 3826 3156 3871 et
3182 3816 3346 3870 Deum

1778 3921 1898 3961 esse
1931 3907 2076 3960 illum
2107 3894 2524 3976 primogenitum
2563 3921 2629 3960 ex
2667 3906 2930 3973 mortuis;
2968 3907 3060 3960 sed
3091 3908 3197 3960 vim
3228 3923 3353 3962 ser-

1779 3996 1952 4051 monis
1984 3998 2242 4063 pervertit
2277 3997 2340 4049 ad
2384 4010 2537 4049 suam
2584 3996 2918 4064 opinionem,
2957 4007 3008 4051 et
3050 3999 3147 4062 ait,
3181 3998 3346 4052 Deum

1777 4086 2175 4140 admirabilium
2221 4100 2442 4154 cperum
2478 4083 2785 4140 eﬂ'ectorcm
2832 4085 3190 4154 gloriﬁcasse,
3225 4103 3346 4142 curn

1778 4177 1915 4230 dixit
1944 4194 1958 4230 :
1992 4195 2010 4228 ι
2042 4175 2298 4231 Dominus
2327 4191 2499 4239 meus,
2529 4185 2583 4230 et
2613 4175 2755 4231 Deus
2797 4193 2970 4232 meus.
3003 4199 3021 4230 ι
3042 4178 3150 4232 His
3181 4180 3344 4234 etiam

1780 4267 1968 4336 adjicit
1997 4285 2010 4322 :
2042 4267 2158 4322 Non
2192 4268 2332 4336 quod
2369 4269 2808 4323 contrectabator
2847 4269 3122 4337 appellans
3156 4269 3346 4336 Deum,

1779 4376 1883 4416 non
1937 4359 2079 4414 enim
2126 4360 2560 4414 contrectatione
2608 4360 2863 4414 divinitas
2913 4361 3201 4414 invenitur.
3243 4363 3348 4414 Ac-

85 4463 213 4516 Θεδν
262 4457 596 4528 ὀνομάζοντι
625 4457 715 4509 τὸν
747 4455 1010 4525 Χριστόν;
1049 4454 1242 4508 Καίτοι
1273 4455 1508 4526 δέδειχεν
1546 4458 1673 4527 ἡμῖν

1779 4465 2004 4506 cusasnc
2032 4450 2372 4518 discipulum,
2420 4450 2506 4503 dic
2541 4450 2695 4516 mihi,
2740 4451 2881 4520 quod
2919 4450 3192 4506 Christum
3241 4451 3347 4506 Do-

87 4552 281 4622 ἀρτίως
308 4552 339 4602 6
373 4547 555 4615 λόγος,
601 4547 686 4598 ὅτι
716 4544 848 4607 Θεὸς
880 4543 954 4597 ὣν
991 4545 1132 4598 κατά
1169 4543 1328 4612 φύσιν
1372 4547 1398 4598 6
1438 4548 1677 4614 Μονογε-

87 4644 195 4712 γῆς,
223 4640 445 4709 ἀναφὴς
481 4639 574 4690 καὶ
605 4638 854 4706 ἀόρατος,
897 4635 1067 4699 ἁπτὸς
1097 4636 1289 4704 γέγονε
1331 4638 1423 4689 καὶ
1456 4637 1672 4707 ὁρατός.

89 4736 252 4788 Ὀταν
286 4734 346 4785 δὲ
381 4732 576 4800 λέγῃς·
609 4730 684 4781 Ού
715 4728 823 4798 γὰρ
853 4726 1162 4798 ψηλαφήσει
1205 4727 1406 4799 Θεότης
1427 4729 1676 4798 εὑρίσκε-

87 4842 189 4888 ται,
223 4825 393 4878 πάλιν
425 4822 606 4872 ἐκεῖνο
633 4816 896 4889 ἐροῦμενο
929 4817 993 4869 Τί
1027 4819 1423 4887 παρωσάμενος
1454 4819 1552 4887 τὴν
1597 4819 1676 4869 ol-

91 4917 368 4986 κονομίαν,
397 4913 476 4975 ὡς
508 4911 640 4980 περῖ¹
667 4910 878 4980 γυμνῆς
907 4909 1128 4979 διαλέγῃ
1158 4909 1443 4979 θεότητος;
1474 4911 1551 4972 εἰς
1581 4909 1676 4978 λή-

91 5009 182 5078 θην
221 5009 279 5061 δὲ
325 5005 522 5074 ὥσπερ
567 4999 870 5071 ἐληλακὼς,
910 5001 991 5052 ὅτι
1019 5000 1110 5052 καὶ
1141 4999 1428 5070 ὲσαρκώθη
1477 5001 1566 5052 καὶ
1597 5001 1677 5052 έν-

91 5099 448 5170 ηιιθρὼπησεν
476 5097 504 5148 6
525 5091 736 5162 ἀναφὴς
764 5092 858 5145 καὶ
884 5090 1193 5162 ἀσώματος,
1220 5091 1320 5144 οὐκ
1348 5091 1516 5162 ἀνέχῃ
1541 5090 1674 5144 Θεὸν

91 5185 462 5256 ὀνομαζούσης
489 5181 654 5237 αὐτὸν
684 5182 782 5252 τῆς
808 5181 1169 5234 θεοπνεύστου
1199 5181 1440 5251 Γραφῆς,
1472 5181 1561 5233 διά
1590 5199 1672 5235 τοι

93 5278 144 5328 1'0
178 5273 570 5345 éq/rﬁmpﬁsﬁat
601 5273 788 5344 σαρκὶ,
817 5266 994 5340 ὦφθαι
1026 5288 1084 5323 τε
1115 5271 1315 5341 ὁμοίως
1349 5273 1461 5335 τοῖς
1495 5272 1671 5339 ἁγίοις

92 5369 405 5430 ἀποστόλοις
429 5385 445 5431 ;
485 5365 626 5418 Ἀλλ’
653 5366 819 5435 ἡμεῖς
847 5380 929 5431 γε,
957 5356 1001 5415 ὢ
1018 5364 1137 5426 τᾶν,
1159 5362 1295 5432 ὁμοῦ
1321 5363 1397 5432 τῷ
1420 5363 1672 5434 μακαρίῳ

93 5459 274 5528 Θωμᾷ,
300 5458 394 5512 τὸν
419 5456 499 5528 τῷ
522 5455 668 5527 ξύλῳ
697 5453 1144 5524 προσηλωμένον,
1165 5453 1256 5506 τὸν
1278 5453 1670 5525 ψηλαφηθέντα

95 5553 292 5624 χερσὶν,
320 5550 646 5621 ἑωραμένον
679 5563 737 5600 τε
770 5548 881 5609 τοῖς
910 5545 1270 5610 ἀνθρωπίνοις
1292 5546 1523 5616 ὄμμασι,
1555 5547 1672 5608 ταῖς

158 5729 178 5759 ³
211 5728 352 5785 Psal.
391 5745 538 5794 xux,
565 5729 618 5782 5.
695 5729 718 5758 ⁵
760 5724 960 5780 Hahae.
1002 5740 1080 5792 lll,
1112 5725 1164 5779 3.
1245 5724 1264 5755 ⁸
1295 5722 1421 5784 Luc.
1460 5739 1497 5790 ι,
1537 5724 1585 5791 l,
1612 5727 1664 5779 2.

1783 4543 1985 4596 minum
2019 4556 2083 4595 ac
2110 4541 2276 4594 Deum
2309 4541 2582 4609 appellet?
2626 4544 2786 4610 Atqui
2820 4543 3067 4611 proximo
3100 4558 3350 4598 sermone

1781 4635 2206 4688 demonstratum
2259 4642 2372 4698 est,
2426 4633 2570 4686 illum
2619 4633 2987 4701 unigenitum,
3036 4650 3155 4688 cum
3207 4644 3352 4689 esset

1779 4726 2070 4780 secundum
2106 4736 2351 4778 naturam
2376 4724 2537 4787 Deus,
2572 4724 2929 4793 impalpabilis
2956 4735 3011 4778 et
3041 4725 3348 4790 invisibilis,

1779 4817 2097 4890 palpabilem
2129 4829 2250 4868 esse
2285 4813 2482 4868 factum
2531 4825 2584 4868 et
2616 4814 2899 4868 visibilem.
2937 4814 3070 4869 Cum
3111 4831 3239 4870 vero
3271 4817 3349 4870 di-

1785 4910 1863 4963 cis
1894 4928 1905 4960 :
1937 4906 2052 4961 Non
2087 4906 2232 4959 enim
2271 4905 2704 4958 contrectatione
2742 4905 3010 4958 Diviuitas
3054 4906 3347 4972 invenitur,

1782 4999 1910 5054 illud
1941 5013 1971 5052 e
2004 4996 2278 5051 contrario
2307 4995 2548 5050 dicemus
2579 5012 2589 5046 :
2624 4996 2784 5062 Quid,
2821 4997 3227 5064 dispensatione
3269 5012 3350 5053 re-

1775 5089 1944 5159 jecta,
1969 5097 2224 5156 tauquam
2248 5085 2313 5140 de
2344 5084 2486 5139 nuda
2511 5086 2796 5140 divinitate
2821 5085 3046 5140 disseris
3069 5124 3084 5149 ,
3120 5095 3173 5141 et
3196 5087 3353 5155 quasi

1780 5180 1976 5235 oblitus
2011 5189 2065 5234 et
2105 5178 2440 5232 incarnatum
2490 5176 2678 5243 fuisse,
2731 5185 2785 5230 et
2834 5177 3105 5231 hominem
3149 5177 3345 5232 factum

1779 5271 1928 5327 illum
1954 5270 2348 5339 impalpabilent
2380 5278 2433 5322 et
2460 5271 2857 5336 incorporeum,
2896 5284 3080 5324 sacras
3111 5269 3349 5324 Litteras

1782 5377 1888 5416 non
1919 5362 2154 5415 sustines
2185 5374 2303 5428 quae
2343 5359 2495 5412 illum
2531 5357 2696 5412 Deum
2742 5360 3033 5429 appellant,
3059 5371 3344 5429 propterea

1780 5454 1922 5524 quod
1953 5466 2115 5507 carne
2155 5452 2222 5505 sit
2250 5459 2635 5515 contrectatus,
2665 5460 2719 5505 et
2751 5452 2896 5505 visus
2937 5451 3007 5504 sit
3040 5451 3169 5504 item
3215 5466 3342 5506 san-

1782 5546 1883 5601 ctis
1913 5543 2205 5615 apostolis?
2239 5543 2342 5597 Sed
2396 5557 2512 5609 nos,
2557 5559 2590 5598 ο
2635 5543 2717 5596 vir
2745 5541 2979 5612 egregie,
3015 5543 3172 5597 simul
3215 5556 3336 5598 cum

1744 5728 1761 5754 °
1798 5722 1815 5776 l
1846 5722 1999 5779 Joan.
2035 5740 2071 5788 ι,
2135 5723 2184 5777 2.
2265 5725 2282 5755 "
2314 5722 2466 5778 Joan.
2499 5738 2585 5789 xx,
2620 5724 2708 5789 28,
2749 5723 2837 5778 29.
2913 5723 2932 5755 ⁸
2967 5721 3096 5776 ibid.
