4040 6448
633 349 740 402 245

1635 348 1693 401 S.
1734 342 2010 402 CYRILLI
2047 334 2518 393 ALEXANDRINI
2558 331 2879 388 ARCHIEP.

3781 323 3896 375 246

629 464 789 520 beato
822 464 1050 532 Thoma,
1098 467 1243 522 illum
1281 467 1428 539 ligno
1458 467 1733 532 sufﬁxum,
1768 467 1920 522 illum
1960 463 2208 517 manibus

2341 457 2464 528 ιι)τῴ
2510 456 2851 528 πρεπούσαις
2899 447 3198 518 εὐφημίαις
3231 442 3620 513 στεφανοῦντές
3666 455 3852 508 φαμεν
3879 453 3892 466 ·

630 564 1050 622 contrectatum,
1098 569 1561 630 conspectumque
1587 559 1841 616 humanis
1881 556 2075 618 oculis,
2122 551 2206 606 di-

630 645 753 713 gnis
773 645 1022 702 laudibus
1043 648 1376 706 honorantes
1400 651 1628 705 dicimus
1659 671 1670 704 :
1700 665 1720 699 ι
1745 647 2007 701 Dominus
2031 658 2204 709 meus,

630 742 687 788 et
710 733 852 790 Deus
883 752 1056 792 meus.
1092 758 1110 790 ι
1150 741 1226 794 Ac
1263 742 1305 795 si
1335 741 1606 810 quispiam
1637 741 1803 802 dicat,
1841 738 1933 791 Dei
1973 736 2206 790 Verbum

632 840 797 881 carne
827 829 1040 898 propria
1083 846 1326 900 passum,
1370 847 1493 886 eum
1531 832 1755 902 dignum
1790 845 1908 884 esse
1941 827 2208 898 approba-

633 916 803 983 tione,
835 927 891 972 et
918 934 946 972 a
981 935 1111 974 vero
1160 935 1322 976 sensu
1356 922 1578 976 minime
1631 921 1906 984 aberrare,
1959 933 2082 972 cum
2128 916 2208 971 sic

631 1019 849 1075 quoque
899 1008 1032 1063 illud
1079 1011 1340 1066 manserit
1390 1012 1710 1080 impatibile,
1757 1025 1968 1064 rursum
2017 1024 2084 1063 ex
2125 1008 2210 1064 his

631 1107 755 1162 quae
794 1096 906 1165 ipse
945 1098 1239 1168 scripsisti,
1273 1109 1366 1155 a‘ut
1405 1101 1587 1156 dixisti
1640 1102 1694 1156 in
1735 1099 1996 1155 Ecclesiis
2040 1112 2208 1154 cona-

630 1183 734 1238 hor
765 1189 1072 1243 ostendere.
1109 1188 1430 1246 Laudandus
1481 1206 1711 1261 namque
1757 1205 1944 1246 censes
1990 1201 2209 1246 sanctos

632 1273 823 1330 Patres
854 1288 1071 1334 nostros
1116 1280 1243 1334 olim
1290 1281 1343 1335 in
1381 1281 1560 1337 Niczea
1599 1283 1876 1349 collectos,
1908 1284 2084 1352 utqui
2121 1297 2210 1336 ac-

633 1378 881 1423 curatam
929 1379 985 1424 et
1029 1371 1268 1441 undique
1313 1374 1602 1442 expolitam
1631 1375 1779 1429 Fidei
1814 1375 2208 1430 confessionem

632 1459 934 1527 ediderint;
969 1465 1062 1516 sed
1093 1479 1197 1517 non
1224 1464 1298 1518 ita
1330 1477 1389 1519 ut
1420 1466 1496 1519 illi
1521 1467 1713 1531 sentis,
1745 1466 1967 1520 minime
1995 1484 2009 1520 :
2035 1479 2211 1535 neque

632 1549 817 1604 animo
845 1551 898 1605 in
920 1553 1167 1608 veritatis
1193 1554 1464 1625 dogmatis
1496 1555 1604 1611 ﬁxo
1626 1569 1772 1612 recte
1803 1557 2006 1627 ingredi
2035 1558 2209 1626 cupis,

639 1653 659 1685 ι
690 1640 784 1692 sed
831 1639 1110 1697 ciaudicas
1156 1646 1553 1712 quodammodo
1600 1647 1863 1702 ambabus
1904 1645 2212 1716 suffragini-

633 1728 758 1793 bus,
791 1748 810 1782 ι
867 1742 925 1785 ut
975 1745 1059 1789 est
1102 1737 1402 1805 scriptum’
1440 1749 1537 1793 :et
1587 1750 1748 1794 rectae
1793 1741 1892 1793 vim
1939 1749 2211 1793 amatores

636 1821 1012 1888 imprudenter
1077 1827 1415 1899 objurgans,
1494 1833 1636 1900 quod
1706 1832 1798 1884 tibi
1866 1832 1966 1900 ipsi
2035 1832 2212 1900 placet

641 1910 795 1982 14],
828 1922 1084 1984 tanquam
1129 1933 1318 1974 verum
1369 1922 1700 1988 conﬁrmas;
1732 1924 1840 1976 imo
1873 1938 2003 1977 vero
2039 1939 2106 1977 ne
2155 1925 2208 1978 iu

640 2003 704 2056 iis
737 1996 951 2071 qUidem
992 2022 1114 2077 quae
1151 2009 1360 2076 dixisti,
1392 2014 1818 2080 permanendum
1867 2022 2057 2080 putas;
2089 2029 2209 2068 nam

635 2094 855 2151 invenio
881 2107 934 2152 te
961 2101 1027 2153 de
1057 2103 1261 2156 sanctis
1290 2103 1538 2157 Patribus
1562 2105 1742 2159 dicere
1775 2127 1787 2160 :

707 2185 950 2243 Nes'ron.
1004 2188 1312 2262 [Quoniam
1347 2209 1476 2250 vero
1519 2195 1563 2248 si
1594 2197 1896 2259 dixissent,
1931 2196 2214 2252 Credimus

635 2279 690 2331 in
742 2295 906 2333 unum
963 2281 1129 2336 Deum
1185 2284 1454 2349 Verbum,
1490 2285 1728 2339 futurum
1785 2297 1900 2340 erat
1953 2297 2010 2341 ut
2067 2304 2213 2343 mors

635 2370 832 2424 diviuze
870 2382 1076 2427 naturae
1125 2374 1486 2439 tribueretur,
1527 2378 1644 2432 ideo
1698 2394 1893 2431 nomen
1939 2379 2215 2447 accipiunt

636 2475 928 2517 commune
953 2505 967 2529 ,
1010 2480 1240 2536 nempe,
1278 2467 1434 2524 Jesus
1469 2470 1747 2534 Christus,
1776 2480 1834 2524 ut
1859 2479 1913 2524 et
1944 2481 2214 2524 mortuum

635 2552 786 2607 illum
814 2554 1180 2624 signiﬁcarent
1204 2599 1220 2624 ,
1257 2561 1484 2614 etillum
1516 2576 1619 2615 non
1661 2570 1953 2616 mortuum.
1986 2561 2085 2616 llis
2119 2565 2217 2616 ad-

628 2645 748 2712 jicit
780 2661 798 2698 :
829 2647 1014 2718 itaque
1044 2651 1265 2718 perinde
1299 2667 1361 2707 ac
1379 2653 1423 2707 si
1454 2655 1573 2722 quis
1599 2654 1780 2710 dicat:
1815 2653 1909 2708 Ille
1939 2653 2100 2710 homo
2134 2666 2214 2711 est

638 2745 906 2804 mortuus,
953 2743 1204 2810 quamvis
1243 2745 1424 2798 anima
1481 2746 1552 2800 sit
1613 2746 1978 2813 immortalis;
2035 2755 2214 2801 tamen

635 2829 762 2897 quia
799 2844 994 2885 nomen
1030 2832 1167 2886 dixit
1214 2835 1358 2903 quod
1408 2836 1679 2904 signiﬁcat
1711 2836 1848 2890 duas
1879 2846 2135 2901 naturas,
2165 2849 2218 2892 et

638 2933 835 2989 corpus
864 2923 1006 2991 quod
1041 2925 1270 2978 moritur
1303 2939 1355 2981 et
1387 2929 1623 2981 animam
1677 2929 2065 2991 immortalem,
2099 2929 2218 2982 ideo

639 3008 772 3064 nihil
800 3019 883 3064 est
913 3013 1134 3081 periculi
1165 3015 1215 3068 in
1245 3029 1306 3069 ea
1332 3031 1462 3071 voce
1502 3035 1513 3068 :
1558 3027 1849 3086 utrumque
1881 3016 2024 3071 enim
2058 2993 2250 3070 voca:

2315 569 2332 600 ε
2356 550 2413 601 '0
2436 517 2648 615 ’Κύριός
2688 562 2788 614 μου
2823 542 2918 596 καὶ
2946 517 3138 602 ὁίΘεός
3175 554 3329 607 μου.»
3363 535 3484 587 ’Ότι
3513 532 3569 584 δὲ
3602 529 3704 583 κᾶν
3735 529 3787 580 εῐ
3808 544 3898 588 τις

2308 641 2454 708 λέγοι
2486 639 2650 708 σαρκὶ
2679 640 2745 707 τῇ
2776 635 2882 705 ἰδίᾳ
2917 632 3107 685 παθεῖν
3136 629 3227 681 τὸν
3255 626 3351 680 τοῦ
3387 624 3521 678 Θεοῦ
3554 622 3750 689 Λόγον,
3791 619 3899 669 οὐκ
3991 630 4040 647 ’λε

2309 736 2375 788 ἂν
2409 732 2729 804 ἀμοιρήσειε
2764 728 2856 780 τοῦ
2886 726 2979 779 καὶ
3013 720 3352 775 ἐπαινεῖσθαι
3383 718 3514 779 δεῖν,
3545 713 3641 767 καὶ
3671 711 3898 781 φρονεῖν

2311 801 2630 878 ἑλέσθαιτά
2663 818 2838 888 ἀληθῆ
2881 814 3181 887 (μεμένηκε
3216 809 3326 879 γὰρ
3373 809 3471 859 καὶ
3513 804 3686 864 οὕτως
3745 801 3899 852 ἀπα-

2312 916 2457 986 θὴς),
2492 885 2829 982 πειράσομαι
2860 885 3171 966 καταδεῖξαι
3200 899 3383 962 πάλιν,
3412 898 3470 963 ἐξ
3502 892 3577 988 ᾧν
3606 894 3902 988 γέγραφᾳς

2307 981 2491 1068 ari-cm.
2521 981 2688 1073 ήγὸυν
2717 998 2927 1069 εφηςὲν
2966 993 3338 1063 Ἐκκλησίαις-
3375 986 3629 1081 Ἐπαίνῖθυ
3657 984 3756 1081 μέν
3784 981 3901 1049 γὰρ
3993 981 4040 1081 Cl:

2311 1096 2482 1164 ἀξιοῖς
2521 1096 2646 1157 τοὺς
2674 1091 2863 1160 ἁγίους
2893 1087 3145 1158 Πατέρας
3183 1083 3364 1155 ἡμῶν,
3405 1081 3531 1141 τοὺς
3561 1077 3618 1129 έν
3647 1075 3713 1144 γέ
3747 1088 3903 1164 φημι

2309 1162 2376 1260 τῇ
2426 1186 2679 1242 Νικαέων
2737 1182 2880 1236 κατὰ
2939 1178 3167 1248 καιροὺς
3225 1168 3772 1240 συναγηγερμένους,
3823 1163 3904 1260 ως

2313 1254 2515 1352 ἀκριϐῆ
2541 1280 2634 1333 καὶ
2659 1272 3140 1346 τετορ[ν]ευμένην
3189 1267 3288 1337 τῆς
3324 1264 3559 1324 πίστεως
3605 1260 3748 1352 ἡμῖν
3795 1254 3905 1324 τὴν

2312 1347 2601 1443 ὁμολογίαν
2649 1364 2708 1421 εῦ
2759 1368 2902 1436 μάλα
2941 1360 3349 1430 πεποιημένους
3379 1373 3392 1386 ·
3433 1347 3907 1443 πεφρόνηκάςᾼγε
3995 1347 4026 1375 λυ

2315 1438 2423 1534 μὴν
2463 1463 2522 1515 οὐ
2553 1461 2623 1514 τὰ
2666 1457 2891 1511 ἐκείνων
2939 1453 3134 1506 ποθέν·
3168 1449 3292 1503 οὒτε
3330 1447 3437 1517 μὴν
3469 1441 3717 1537 τοῖς
3763 1438 3907 1537 ἀλη-

2314 1529 2464 1617 θείας
2513 1553 2781 1622 δόγμασιν
2819 1546 3100 1616 ἐνερείσας
3155 1541 3249 1594 τὸν
3311 1537 3458 1600 νοῦν,
3507 1533 3643 1605 όρθά
3691 1529 3910 1622 βαίνειν

2315 1644 2632 1713 ἐπιθυμεῖς,
2688 1660 2705 1692 ι
2741 1636 3000 1709 χωλεύεις
3042 1634 3099 1686 δὲ
3143 1631 3332 1699 ὥσπερ
3378 1625 3725 1696 ἀμφοτέραις
3759 1621 3910 1713 ,ταῖς
4038 1629 4040 1636 ·

2318 1710 2546 1805 ἰγνύαις,
2580 1752 2598 1784 ι
2638 1731 2778 1784 κατά
2807 1729 2867 1781 τὸ
2895 1721 3283 1797 γεγραμμένον
3302 1736 3315 1750 °
3341 1721 3454 1781 τοῖς
3482 1717 3578 1786 μὲν
3601 1714 3702 1783 τῆς
3744 1710 3914 1782 όρθό-
3990 1717 4040 1748 ζντ

2315 1845 2477 1897 τητος
2522 1824 2778 1895 ἐρασταῖς
2837 1817 3114 1878 ἀσυνέτως
3164 1811 3459 1880 ἐπιτιμῶν,
3505 1806 3914 1897 κρατύνων
4005 1811 4036 1842 'L

2319 1892 2426 1990 μην
2454 1919 2528 1980 ὡς
2556 1892 2754 1984 ἀληθὲς
2783 1911 2844 1964 τὸ
2875 1908 3024 1979 αὐτῷ
3069 1924 3151 1958 σοι
3183 1901 3406 1957 δοκοῦν·
3445 1899 3646 1990 μᾶλλον
3782 1892 3914 1946 οὐδὲ
3995 1904 4003 1930 ῖ

2315 1985 2393 2071 οἷς
2417 2006 2577 2069 αὐτὸς
2601 2005 2734 2073 ἔφης
2760 2001 3021 2071 ἐμμένειν
3046 1994 3240 2060 ἀξιῶν·
3264 1992 3504 2063 εὑρίσκω
3535 1987 3644 2059 γὰρ
3670 1985 3916 2053 λέγοντο.

2317 2097 2444 2166 περὶ
2471 2095 2578 2147 τῶν
2600 2093 2771 2153 ἁγίων
2795 2088 3080 2158 Πατέρων·
3754 2163 3765 2166 Δ

2387 2163 2642 2256 [Ἐπειδὴ
2692 2180 2801 2250 γὰρ
2852 2177 2960 2249 [ἵσ.
2991 2175 3064 2247 εί]
3099 2173 3403 2245 εἰρήκασιν,
3433 2171 3514 2222 ὅτι
3562 2163 3918 2234 Πιστεύομεν

2318 2279 2397 2340 είς
2427 2277 2522 2328 ἕνα
2544 2275 2676 2326 Θεὸν
2705 2273 2897 2338 Λόγον,
2928 2267 3151 2339 ἔμελλεν
3179 2268 3207 2318 6
3249 2263 3476 2324 θάνατος
3501 2261 3568 2330 τῇ
3603 2258 3726 2328 θείᾳ
3759 2256 3920 2322 λογί-
4003 2275 4006 2279 ·
4037 2284 4040 2308 ι

2319 2369 2508 2433 ζεσθαι
2534 2366 2716 2436 φύσει,
2739 2364 2909 2432 ὄνομα
2938 2361 3183 2428 δέχονται
3211 2354 3389 2408 κοινὸν
3419 2352 3500 2419 τὸ,
3529 2349 3770 2420 Χριστὸς
3805 2348 3920 2417 ’Ῑη-
3989 2363 3998 2371 ’λ

2321 2461 2469 2526 σοῦς,
2496 2461 2583 2513 ἵνα
2607 2458 2703 2511 καὶ
2734 2456 2824 2509 τὸν
2851 2451 3196 2508 ἀποθανόντα
3226 2447 3531 2517 σημάνωσι,
3565 2443 3656 2495 καὶ
3690 2441 3789 2492 τὸν
3837 2439 3920 2508 μὴ

2319 2552 2678 2609 ἀποθανόντα.
2698 2545 3067 2617 Προσεπάπει
3087 2542 3154 2595 δὲ
3170 2544 3404 2601 τούτοις
3422 2553 3434 2566 °
3465 2536 3626 2588 Ὥστε
3649 2531 3703 2585 εί
3721 2549 3812 2593 τις
3828 2530 3924 2582 λέ·
3992 2552 4040 2592 2,.

2319 2664 2426 2716 γοι,
2465 2646 2523 2699 Ὀ
2546 2644 2691 2697 δεῖνα
2711 2640 2995 2710 ἄνθρωπος
3026 2633 3286 2695 ἀπέθανε,
3317 2630 3496 2716 καίτοι
3525 2627 3559 2696 ἡ
3589 2624 3740 2694 ψυχὴ
3782 2622 3930 2676 ἀθά-
3995 2642 3998 2646 '

2321 2713 2477 2800 νατός
2522 2738 2690 2794 ἐστιν,
2730 2729 2845 2784 ἀλλ’
2870 2726 3057 2794 ἐπειδὴ
3089 2724 3149 2776 τὸ
3179 2722 3349 2789 ὄνομα
3384 2713 3504 2770 εἶπε
3535 2716 3596 2768 τὸ
3642 2715 3926 2784 σημαῖνον

2320 2827 2421 2889 τὰς
2444 2825 2536 2877 δύο
2565 2823 2778 2893 φύσεις,
2805 2818 2900 2871 καὶ
2929 2815 2991 2868 τὸ
3022 2813 3183 2883 σῶμα
3212 2812 3273 2864 τὸ
3296 2808 3657 2878 ἀποθνῆσκον,
3687 2805 3790 2857 καὶ
3992 2825 4040 2867 δέ

2320 2914 2499 2985 ψυχὴν
2531 2891 2629 2982 τῆν
2676 2908 2963 2968 ἀθάνατον,
2992 2903 3092 2956 οὐκ
3122 2900 3233 2970 ἔχει
3265 2898 3510 2952 κίνδυνον
3535 2897 3568 2964 ἡ
3597 2893 3752 2985 φωνή
3774 2908 3786 2920 ·
3827 2891 3930 2985 dvr-
4013 2947 4020 2954 _

2324 2981 2540 3077 θρωπος
2574 2981 2682 3072 γάρ
2728 2999 2977 3052 καλεῖται
3011 2993 3326 3062 ἀμφότερα,
3361 2988 3453 3040 καὶ
3492 2985 3554 3037 τὸ
3599 2982 3787 3077 σῶμα,
3815 2981 3932 3077 οιαὶ
3995 3016 4018 3036 _.

644 3110 729 3154 tur
774 3101 963 3168 homo,
1007 3113 1062 3158 et
1090 3119 1287 3174 corpus
1338 3114 1392 3160 et
1445 3108 1624 3161 anima
1667 3126 1681 3174 ;
1720 3109 1793 3161 ita
1847 3108 2014 3178 igitur
2065 3110 2221 3163 etiam

2341 3071 2373 3169 η
2390 3097 2536 3166 ψυχή
2561 3112 2574 3124 ο
2597 3093 2742 3145 οὕτω
2772 3089 2955 3142 τοίνυν
2988 3085 3083 3138 καὶ
3107 3084 3135 3136 6
3172 3081 3342 3152 μέγας
3371 3079 3575 3138 ἐκεῖνος
3617 3072 3784 3143 χορὸς
3812 3071 3933 3140 ἔφη
4015 3111 4035 3117 ..

641 3205 867 3262 magnus
891 3193 977 3250 ille
1012 3195 1209 3250 chorus
1235 3195 1302 3251 de
1332 3196 1549 3253 Christo
1583 3198 1739 3252 dixit.
1768 3197 1789 3269 ]

1273 3331 1422 3387 CAP.
1465 3331 1572 3386 VII.

713 3468 846 3523 Cum
902 3468 976 3523 illi
1040 3469 1316 3525 Christum
1377 3472 1560 3525 Jesum
1615 3471 1902 3538 dixerunt,
1935 3489 2036 3526 non
2089 3474 2225 3527 duos

645 3559 784 3614 lilios
823 3562 1049 3616 seorsim
1077 3599 1091 3624 ,
1121 3561 1211 3631 qui
1250 3576 1534 3616 commune
1570 3563 1833 3617 haberent
1865 3565 1967 3618 hoc
1998 3580 2216 3630 nomen,

644 3651 894 3706 Christus
921 3651 1080 3707 Jesus
1100 3691 1117 3718 ,
1146 3653 1238 3706 sed
1265 3653 1393 3707 illud
1424 3669 1488 3707 ex
1527 3653 1635 3708 Deo
1680 3655 1918 3709 Verbum
1953 3655 2224 3710 hominem

647 3743 848 3798 factum
877 3744 1244 3814 signiﬁcasse,
1280 3755 1704 3815 repugnaturnm
1742 3747 1834 3815 qui
1869 3748 2043 3816 sapiat
2081 3756 2229 3804 certe

646 3844 778 3903 puto
827 3834 1144 3888 neminem:
1174 3851 1237 3889 ac
1270 3847 1466 3904 praeter
1503 3851 1564 3890 ea
1608 3853 1727 3906 quae
1765 3837 1875 3906 jam
1911 3837 2051 3890 dicta
2081 3848 2227 3902 sunt,

645 3926 747 3980 hac
774 3925 838 3980 de
881 3941 938 3979 re
966 3926 1117 3994 plura
1143 3926 1320 3980 adhuc
1356 3925 1559 3981 referre
1596 3928 1758 3981 verba
1782 3969 1796 3992 ,
1828 3943 2225 3996 supervacuum

646 4017 738 4080 sit,
772 4016 986 4085 opinor.
1028 4015 1409 4072 Verumtamen
1473 4019 1516 4072 si
1565 4018 1629 4071 iis
1676 4033 1794 4086 quae
1845 4018 1983 4071 dicta
2044 4027 2170 4071 sunt
2201 4031 2230 4072 a

647 4109 838 4171 nobis,
897 4110 1209 4176 persuaderi
1270 4109 1362 4163 tibi
1421 4126 1524 4163 non
1587 4119 1762 4178 potest
1815 4119 1873 4164 ut
1935 4111 2225 4182 intelligas,

647 4199 862 4253 etiamsi
903 4199 1148 4255 dicamus
1201 4201 1375 4269 ipsum
1436 4203 1530 4256 Dei
1572 4201 1825 4266 Verbum,
1861 4213 2084 4273 propter
2133 4220 2231 4259 nos

647 4305 810 4344 carne
850 4305 1099 4359 passum,
1131 4289 1481 4345 nihilominus
1515 4291 1641 4345 illud
1673 4308 1700 4345 a
1733 4293 1888 4346 nobis
1939 4293 2231 4362 impatibile

649 4393 905 4450 tanquam
937 4379 1104 4435 Deum
1140 4382 1344 4437 servari
1373 4421 1387 4447 ,
1422 4381 1612 4436 saltem
1653 4381 1757 4436 tuis
1787 4383 2006 4437 vocibus
2032 4383 2231 4452 largire

2333 3189 2461 3258 περὶ
2494 3180 2779 3256 Χριστοῦ]

2931 3315 3184 3370 ΚΕΦΑΛ.
3223 3313 3260 3364 Ζ
3285 3351 3297 3364 .

2402 3468 2523 3520 Ὅτι
2574 3464 2671 3534 μὲν
2715 3457 2948 3529 Χριστὸν
3008 3451 3214 3522 Ἰησοῦν
3271 3447 3668 3516 ὀνομάσαντες,
3704 3439 3926 3534 οῦᾉδύο

2332 3561 2425 3613 καὶ
2453 3557 2556 3612 ἀνὰ
2577 3532 2761 3625 μέρος
2792 3549 2959 3610 υἱοὺς,
2999 3543 3185 3598 καινὸν
3216 3539 3439 3609 ἔχοντας
3477 3537 3648 3604 ὄνομα
3671 3532 3758 3597 τὸ,
3787 3532 3940 3625 ξριῖ

2334 3651 2455 3713 στδς
2493 3621 2722 3719 Ἰησοῦς,
2752 3636 3214 3712 ὲνηνθρωπηκότα
3237 3632 3294 3684 δὲ
3331 3629 3546 3719 μᾶλλον.
3559 3625 3652 3679 τὸν
3678 3621 3938 3719 ἔτι-Θεοῦ
3998 3663 4040 3697 _.:

2332 3708 2505 3808 Λόγον
2557 3708 3086 3802 κατασημαίνουσιν,
3138 3721 3414 3790 ἀνταίρειν
3494 3713 3649 3786 οἶμαι
3705 3713 3824 3765 τῶν
3873 3708 3937 3808 εὖ
4007 3774 4010 3776 ν

2335 3801 2675 3902 φρονούντων
2713 3801 2940 3878 οὖδέναο
2973 3817 3066 3870 καὶ
3097 3814 3178 3875 τὸ,
3221 3810 3299 3864 ἔτι
3348 3808 3592 3880 μακροὺς
3634 3803 3769 3871 περὶ
3806 3801 3942 3855 10'5-
4003 3849 4040 3880 __

2333 3897 2440 3976 των
2479 3922 2626 3992 ἡμᾶς
2668 3914 2984 3980 ἀντεξάγειν
3021 3909 3213 3975 λόγους
3245 3903 3380 3973 πρὸς
3409 3903 3523 3992 τοῖς
3559 3897 3943 3992 ἥδη-γεγενη-
3991 3928 4006 3950 ,.
4037 3947 4040 3950 ἠ

2339 3986 2538 4084 μένοις,
2572 4006 2826 4079 περιττὸν
2854 3998 3007 4071 οῖμαί
3039 4015 3163 4050 που.
3195 3994 3344 4063 Πλὴν
3377 3994 3425 4045 εί
3457 3991 3569 4053 τοῖς
3596 3986 3945 4084 πρὸςᾷἡμιῦν
4037 4041 4040 4044 ς

2335 4081 2435 4159 οὐκ
2471 4101 2742 4170 ἀναπείθη
2771 4097 2972 4163 λόγοις,
3005 4091 3081 4154 εἴς
3110 4107 3172 4159 γε
3214 4088 3274 4140 τὸ
3309 4085 3526 4140 ἑλέσθαι
3567 4082 3812 4152 φρονεῖν,
3855 4081 3947 4132 ὅτι

2337 4201 2442 4252 κᾶν
2486 4197 2734 4263 λέγωμεν
2782 4187 2948 4258 σαρκὶ
3001 4182 3333 4237 πεπονθέναι
3379 4178 3446 4231 δι’
3486 4177 3640 4246 ἡμᾶς
3688 4174 3785 4225 τὸν
3837 4171 3944 4225 τοῦ
3988 4200 4040 4242 χ,

2337 4289 2474 4345 Θεοῦ
2521 4287 2717 4354 Λόγον,
2766 4279 2954 4348 ἀπαθῆ
3001 4277 3095 4329 καὶ
3141 4274 3286 4327 οὕτω
3323 4269 3599 4341 τηροῦμεν
3648 4266 3820 4320 αὑτὸν
3865 4266 3948 4328 ὡς
4003 4307 4021 4333 τ

2339 4384 2504 4438 Θεόν·
2543 4380 2644 4432 κᾶν
2676 4375 2806 4445 γοῦν
2837 4375 2958 4435 ταῖς
2994 4367 3222 4421 σεαυτοῦ
3258 4362 3484 4436 χαρίζου
3517 4361 3746 4429 φωναῖς,
3781 4358 3848 4410 τὸ
3883 4353 3948 4410 εὖ

651 4483 709 4524 ut
745 4449 891 4528 recte
933 4472 1157 4543 prolatae
1195 4474 1503 4528 videantur.
1562 4472 1712 4528 Sicut
1745 4474 1888 4528 enim
1921 4475 2011 4544 qui
2053 4475 2221 4529 homi-

2344 4472 2681 4544 πεποιῆσθαι
2716 4467 2914 4520 δοκεῖν.
2942 4464 3157 4530 Ὥσπερ
3191 4459 3298 4527 γὰρ
3344 4459 3371 4509 ό
3402 4454 3687 4523 ἄνθρωπον
3736 4450 3948 4515 εἰπὼν,

650 4579 774 4616 nem
800 4563 972 4629 dixit,
1004 4564 1162 4618 simul
1197 4579 1319 4618 cum
1353 4578 1582 4631 corpore
1613 4564 1935 4633 signiﬁcavit
1968 4566 2230 4632 animam,

651 4656 902 4726 quamvis
931 4655 1047 4709 haec
1099 4665 1346 4709 naturam
1387 4657 1584 4710 habeat
1626 4657 1692 4710 ab
1725 4671 1789 4711 eo
1813 4658 2115 4725 diversam,
2161 4661 2234 4715 ita

655 4755 738 4814 ut,
764 4747 979 4803 etiamsi
1010 4762 1206 4812 corpus
1242 4748 1474 4802 fortasse
1523 4748 1754 4816 alicujus
1810 4761 2082 4806 mortuum
2115 4768 2236 4808 esse

656 4837 903 4901 dicatur,
939 4847 1085 4894 totus
1115 4839 1165 4891 id
1206 4838 1366 4892 homo
1412 4853 1603 4908 passus
1645 4855 1750 4893 non
1796 4843 2030 4896 absurde
2073 4843 2234 4899 intel-

653 4927 894 4995 ligatur,
925 4931 1170 4996 quamvis
1209 4930 1444 4982 animam
1502 4932 1699 4984 habeat
1752 4932 1890 4985 haud
1942 4936 2100 4989 morti
2144 4937 2241 4990 ob-

658 5022 877 5076 noxiam
917 5021 960 5054 ¹⁰
1000 5037 1016 5085 ;
1051 5021 1129 5075 sic
1175 5035 1233 5075 se
1283 5036 1368 5075 res
1414 5021 1575 5075 habet
1620 5024 1671 5076 in
1713 5024 1955 5077 omnium
1998 5035 2238 5080 nostrum

663 5109 944 5165 Salvatore
993 5109 1233 5165 Christo.
1285 5109 1418 5163 Nam
1468 5112 1591 5181 quia
1637 5111 1768 5165 illud
1812 5127 1878 5166 ex
1924 5111 2034 5166 Deo
2083 5113 2241 5168 Patre

664 5202 936 5266 Verbum,
983 5211 1041 5257 ut
1082 5217 1223 5270 saepe
1266 5202 1538 5266 diximus,
1593 5204 1863 5272 particeps
1919 5203 2019 5258 fuit
2061 5208 2240 5261 carnis

664 5307 719 5350 et
760 5296 1038 5366 sanguinis
1103 5295 1354 5350 similiter
1391 5311 1453 5349 ac
1495 5310 1592 5350 nos
1618 5335 1630 5359 ,
1665 5305 1720 5350 et
1755 5311 1951 5364 corpus
1999 5298 2126 5351 illud
2175 5315 2239 5353 ex

666 5398 856 5444 sancta
892 5386 1114 5457 Virgine
1145 5386 1248 5441 sibi
1283 5387 1558 5456 proprium
1597 5388 1760 5451 fecit,
1789 5397 1842 5442 et
1869 5391 1941 5443 ita
1983 5390 2122 5444 ﬁlius
2149 5390 2246 5445 ho-

670 5483 834 5535 minis
861 5489 944 5536 est
975 5480 1147 5533 l‘actus
1179 5496 1192 5543 ;
1226 5479 1328 5534 hac
1358 5480 1422 5534 de
1449 5494 1634 5543 causa,
1661 5489 1872 5534 mortua
1903 5481 2018 5548 ejus
2059 5498 2242 5548 carne,

667 5587 811 5629 vera:
867 5571 1013 5627 illius
1056 5570 1269 5625 unionis
1319 5571 1456 5626 ratio
1518 5572 1823 5641 passionem
1874 5574 1973 5644 ipsi
2038 5577 2243 5643 tribuit,

738 5753 759 5783 ’
796 5752 861 5807 ill
899 5750 1034 5822 Reg.
1077 5764 1232 5816 xvut,
1265 5751 1352 5804 2i.
1436 5752 1474 5783 ³ο
1506 5750 1666 5806 licbr.
1702 5767 1758 5816 ll,
1796 5752 1876 5806 15.

2347 4541 2688 4636 συνεσήγμανε
2723 4559 2800 4630 τῷ
2827 4555 3040 4626 σώματι
3074 4551 3166 4622 τὴν
3196 4548 3393 4618 ψυχὴν,
3424 4546 3600 4599 καίτοι
3628 4544 3732 4636 τὴν
3771 4541 3950 4636 φύσιο

2346 4663 2701 4732 ὑπάρχουσαν
2742 4648 3010 4722 ἑτεροφυᾶ
3048 4643 3178 4714 παρ’
3216 4640 3366 4701 αὐτὸ,
3413 4638 3516 4735 κάν
3545 4638 3593 4688 εί
3626 4635 3852 4735 λέγοιτο
3886 4635 3955 4686 τὸ
4007 4673 4016 4678 .

2344 4755 2439 4811 τοῦ
2486 4754 2656 4811 δεῖνος
2690 4745 2849 4814 σῶμα
2879 4740 3041 4810 τυχὸν
3086 4735 3400 4795 ἀποθανεῖν,
3444 4731 3582 4791 ὅλως
3630 4731 3793 4779 τοῦτο
3847 4744 3954 4778 πε-
4025 4778 4040 4810 ,ἶ

2350 4844 2560 4906 πονθὼς
2590 4842 2618 4894 6
2663 4837 2948 4905 ἄνθρωπος
2991 4829 3150 4883 νοοῖτ’
3189 4827 3254 4879 ἂν
3303 4823 3558 4884 εἰκότως,
3606 4818 3792 4871 καίτοι
3839 4818 3950 4870 θα-
4021 4867 4040 4897 ,τ

2351 4941 2514 4994 νάτου
2546 4935 2644 4988 οὑκ
2677 4931 2812 5001 ἔχων
2852 4923 3106 4992 δεκτικὴν
3146 4920 3244 4989 τὴν
3282 4916 3489 4985 ψυχήν·
3524 4912 3668 4965 οῦτω
3709 4911 3810 4962 καὶ
3853 4911 3955 4963 ἐπὶ
4005 4947 4040 4993 ς,

2349 5031 2445 5084 τοῦ
2480 5028 2696 5082 πάντων
2727 5018 2884 5092 ἡμῶν
2923 5015 3175 5084 Σωτῆρος
3212 5008 3470 5080 Χριστοῦ.
3508 5003 3728 5071 Ἐπειδὴ
3774 5001 3894 5073 γὰρ
3927 5004 3958 5054 ὁ
4007 5045 4009 5071 λ

2351 5125 2415 5175 ὲκ
2440 5119 2575 5174 Θεοῦ
2604 5113 2812 5184 Πατρός
2846 5109 3039 5176 Λόγος,
3067 5103 3211 5158 καθά
3253 5098 3573 5158 πλειστάκις
3604 5095 3954 5164 εἰρήκαμεν,
4019 5144 4022 5150 ι

2355 5213 2690 5284 μετέσχηκεν
2721 5207 2952 5274 αἵματος
2981 5200 3075 5252 καὶ
3105 5195 3306 5266 σαρκὸς
3336 5185 3741 5284 παραπλησίως
3763 5187 3957 5284 ,ημῖπη

2354 5275 2599 5369 Aegaea
2632 5300 2761 5352 ῖδιον
2797 5293 3093 5360 ἐποιήσατο
3123 5287 3181 5339 τὸ
3213 5287 3276 5338 ἐκ
3306 5283 3404 5352 τῆς
3438 5279 3599 5348 ἁγίας
3632 5275 3954 5345 Παρθένου,

2353 5367 2728 5465 κεγρημάτικέ
2778 5404 2836 5440 τε
2883 5383 3026 5437 οὕτω
3061 5379 3154 5434 καὶ
3204 5375 3316 5439 υἱὸς
3367 5368 3684 5442 ἀνθρώπου·
3731 5367 3958 5436 ταύτης

2352 5459 2662 5553 ἓνεκα-*τῆς
2711 5480 2892 5541 αἰτίας
2929 5469 3311 5541 ἀποθανούσης
3345 5463 3508 5520 αὐτοῦ
3558 5462 3656 5532 τῆς
3697 5459 3954 5553 σαρκὸς,

2357 5577 2503 5650 αὐτῷ
2537 5578 2632 5649 μὲν
2666 5575 2725 5629 τδ
2757 5572 2930 5635 milia;
2956 5573 2981 5624 ὁ
3016 5568 3114 5638 τῆς
3143 5560 3377 5634 ἀληθοῦς
3423 5558 3673 5626 ένότητος
3706 5552 3958 5607 ἀνάπτει
